  <div class='ocr_page' id='page_1' title='image "/cluster/home/n/w/nwhite01/storage/ocr_20150623/22/njp.32101077772497/368.png"; bbox 0 0 2089 3218; ppageno 0'>
   <div class='ocr_carea' id='block_1_1' title="bbox 226 149 276 177">
    <p class='ocr_par' dir='ltr' id='par_1_1' title="bbox 226 149 276 177">
     <span class='ocr_line' id='line_1_1' title="bbox 226 149 276 177; baseline 0.02 -1"><span class='ocrx_word' id='word_1_1' title='bbox 226 149 276 177; x_wconf 74' lang='lat'><strong>6.“</strong></span> 
     </span>
    </p>
   </div>
   <div class='ocr_carea' id='block_1_2' title="bbox 664 147 1396 177">
    <p class='ocr_par' dir='ltr' id='par_1_2' title="bbox 664 147 1396 177">
     <span class='ocr_line' id='line_1_2' title="bbox 664 147 1396 177; baseline 0 -1"><span class='ocrx_word' id='word_1_2' title='bbox 664 147 986 177; x_wconf 74' lang='lat' dir='ltr'><strong>DEMONSTR&#39;ATIONIS</strong></span> <span class='ocrx_word' id='word_1_3' title='bbox 1004 148 1232 176; x_wconf 64' lang='lat' dir='ltr'><strong>EVANGELICIE</strong></span> <span class='ocrx_word' id='word_1_4' title='bbox 1247 148 1311 176; x_wconf 83' lang='lat' dir='ltr'><strong>LIB.</strong></span> <span class='ocrx_word' id='word_1_5' title='bbox 1327 148 1396 177; x_wconf 79' lang='lat' dir='ltr'><strong>Vill.</strong></span> 
     </span>
    </p>
   </div>
   <div class='ocr_carea' id='block_1_3' title="bbox 1786 151 1837 179">
    <p class='ocr_par' dir='ltr' id='par_1_3' title="bbox 1786 151 1837 179">
     <span class='ocr_line' id='line_1_3' title="bbox 1786 151 1837 179; baseline 0.02 -1"><span class='ocrx_word' id='word_1_6' title='bbox 1786 151 1837 179; x_wconf 69' lang='grc' dir='ltr'>6ιὲ</span> 
     </span>
    </p>
   </div>
   <div class='ocr_carea' id='block_1_4' title="bbox 227 205 1001 243">
    <p class='ocr_par' dir='ltr' id='par_1_4' title="bbox 227 205 1001 243">
     <span class='ocr_line' id='line_1_4' title="bbox 227 205 1001 243; baseline 0 -10"><span class='ocrx_word' id='word_1_7' title='bbox 227 205 383 242; x_wconf 67' lang='grc' dir='ltr'>πολεμικόν.</span> <span class='ocrx_word' id='word_1_8' title='bbox 397 215 406 233; x_wconf 73' lang='grc' dir='ltr'><strong>ι</strong></span> <span class='ocrx_word' id='word_1_9' title='bbox 423 206 515 233; x_wconf 80' lang='grc' dir='ltr'>Ταῦτα</span> <span class='ocrx_word' id='word_1_10' title='bbox 530 207 584 242; x_wconf 82' lang='grc' dir='ltr'>γὰρ</span> <span class='ocrx_word' id='word_1_11' title='bbox 601 207 665 242; x_wconf 79' lang='grc' dir='ltr'>περὶ</span> <span class='ocrx_word' id='word_1_12' title='bbox 689 208 738 243; x_wconf 80' lang='grc' dir='ltr'>τῆς</span> <span class='ocrx_word' id='word_1_13' title='bbox 759 207 942 243; x_wconf 75' lang='grc' dir='ltr'><strong>καθαιρέσεως</strong></span> <span class='ocrx_word' id='word_1_14' title='bbox 958 208 1001 242; x_wconf 73' lang='grc' dir='ltr'>τῆς</span> 
     </span>
    </p>
   </div>
   <div class='ocr_carea' id='block_1_5' title="bbox 1046 205 1837 243">
    <p class='ocr_par' dir='ltr' id='par_1_5' title="bbox 1057 205 1837 242">
     <span class='ocr_line' id='line_1_5' title="bbox 1057 205 1837 242; baseline 0.004 -9"><span class='ocrx_word' id='word_1_15' title='bbox 1057 209 1085 233; x_wconf 88' lang='lat' dir='ltr'><strong>et</strong></span> <span class='ocrx_word' id='word_1_16' title='bbox 1101 206 1203 241; x_wconf 88' lang='lat' dir='ltr'><strong>pullum</strong></span> <span class='ocrx_word' id='word_1_17' title='bbox 1227 205 1429 234; x_wconf 80' lang='lat' dir='ltr'><strong>adolescentem</strong></span> <span class='ocrx_word' id='word_1_18' title='bbox 1445 216 1451 233; x_wconf 96' lang='lat'>:</span> <span class='ocrx_word' id='word_1_19' title='bbox 1466 210 1493 234; x_wconf 85' lang='lat' dir='ltr'><strong>et</strong></span> <span class='ocrx_word' id='word_1_20' title='bbox 1509 207 1636 242; x_wconf 85' lang='lat' dir='ltr'><strong>perdetur</strong></span> <span class='ocrx_word' id='word_1_21' title='bbox 1660 216 1741 236; x_wconf 86' lang='lat' dir='ltr'><strong>arcus</strong></span> <span class='ocrx_word' id='word_1_22' title='bbox 1757 209 1837 236; x_wconf 89' lang='lat' dir='ltr'><strong>belli-</strong></span> 
     </span>
    </p>
   </div>
   <div class='ocr_carea' id='block_1_6' title="bbox 226 250 1005 287">
    <p class='ocr_par' dir='ltr' id='par_1_6' title="bbox 226 250 1005 287">
     <span class='ocr_line' id='line_1_6' title="bbox 226 250 1005 287; baseline 0 -9"><span class='ocrx_word' id='word_1_23' title='bbox 226 251 367 287; x_wconf 79' lang='grc' dir='ltr'><strong>βασιλικῆς</strong></span> <span class='ocrx_word' id='word_1_24' title='bbox 391 250 469 284; x_wconf 78' lang='grc' dir='ltr'>ἀξίας</span> <span class='ocrx_word' id='word_1_25' title='bbox 493 251 540 278; x_wconf 83' lang='grc' dir='ltr'>τοῦ</span> <span class='ocrx_word' id='word_1_26' title='bbox 563 252 696 278; x_wconf 85' lang='grc' dir='ltr'><strong>Ἰουδαίων</strong></span> <span class='ocrx_word' id='word_1_27' title='bbox 716 251 808 284; x_wconf 74' lang='grc' dir='ltr'>ἔθνους</span> <span class='ocrx_word' id='word_1_28' title='bbox 834 252 1005 284; x_wconf 76' lang='grc' dir='ltr'>ὲθεσπίζετο,</span> 
     </span>
    </p>
   </div>
   <div class='ocr_carea' id='block_1_7' title="bbox 224 294 1003 334">
    <p class='ocr_par' dir='ltr' id='par_1_7' title="bbox 224 294 1003 334">
     <span class='ocr_line' id='line_1_7' title="bbox 224 294 1003 334; baseline 0 -11"><span class='ocrx_word' id='word_1_29' title='bbox 224 297 266 331; x_wconf 74' lang='grc' dir='ltr'><strong>ἐφ’</strong></span> <span class='ocrx_word' id='word_1_30' title='bbox 280 294 297 334; x_wconf 81' lang='grc' dir='ltr'>ᾖ</span> <span class='ocrx_word' id='word_1_31' title='bbox 312 296 392 324; x_wconf 87' lang='grc' dir='ltr'>πάλιν</span> <span class='ocrx_word' id='word_1_32' title='bbox 402 297 436 324; x_wconf 79' lang='grc' dir='ltr'><strong>τὰ</strong></span> <span class='ocrx_word' id='word_1_33' title='bbox 446 298 494 332; x_wconf 84' lang='grc' dir='ltr'>τῆς</span> <span class='ocrx_word' id='word_1_34' title='bbox 506 297 655 324; x_wconf 83' lang='grc' dir='ltr'>τῶν¹ὲθνῶν</span> <span class='ocrx_word' id='word_1_35' title='bbox 668 298 778 334; x_wconf 76' lang='grc' dir='ltr'><strong>εἰρήνης</strong></span> <span class='ocrx_word' id='word_1_36' title='bbox 792 297 1003 333; x_wconf 77' lang='grc' dir='ltr'>συμφώνωςτοῖς</span> 
     </span>
    </p>
   </div>
   <div class='ocr_carea' id='block_1_8' title="bbox 224 343 1006 379">
    <p class='ocr_par' dir='ltr' id='par_1_8' title="bbox 224 343 1006 379">
     <span class='ocr_line' id='line_1_8' title="bbox 224 343 1006 379; baseline 0.001 -9"><span class='ocrx_word' id='word_1_37' title='bbox 224 343 340 379; x_wconf 77' lang='grc' dir='ltr'><strong>πρόσθεν</strong></span> <span class='ocrx_word' id='word_1_38' title='bbox 363 343 565 379; x_wconf 83' lang='grc' dir='ltr'>ἀποδεδομένοις</span> <span class='ocrx_word' id='word_1_39' title='bbox 589 344 742 378; x_wconf 85' lang='grc' dir='ltr'>ὲπιλέγεται</span> <span class='ocrx_word' id='word_1_40' title='bbox 765 344 808 370; x_wconf 81' lang='grc' dir='ltr'><strong>διὰ</strong></span> <span class='ocrx_word' id='word_1_41' title='bbox 828 344 890 372; x_wconf 79' lang='grc' dir='ltr'>τοῦ·</span> <span class='ocrx_word' id='word_1_42' title='bbox 921 354 927 369; x_wconf 87' lang='grc' dir='ltr'><strong>ι</strong></span> <span class='ocrx_word' id='word_1_43' title='bbox 952 345 1006 371; x_wconf 76' lang='grc' dir='ltr'>Καὶ</span> 
     </span>
    </p>
   </div>
   <div class='ocr_carea' id='block_1_9' title="bbox 223 388 1004 426">
    <p class='ocr_par' dir='ltr' id='par_1_9' title="bbox 223 388 1004 426">
     <span class='ocr_line' id='line_1_9' title="bbox 223 388 1004 426; baseline 0 -10"><span class='ocrx_word' id='word_1_44' title='bbox 223 390 324 426; x_wconf 83' lang='grc' dir='ltr'>πλῆθος</span> <span class='ocrx_word' id='word_1_45' title='bbox 335 391 444 426; x_wconf 79' lang='grc' dir='ltr'>εἰρήνης</span> <span class='ocrx_word' id='word_1_46' title='bbox 460 390 489 422; x_wconf 76' lang='grc' dir='ltr'>ἐξ</span> <span class='ocrx_word' id='word_1_47' title='bbox 503 390 586 417; x_wconf 84' lang='grc' dir='ltr'>ὲθνῶν</span> <span class='ocrx_word' id='word_1_48' title='bbox 596 410 602 422; x_wconf 86' lang='grc'><strong>,</strong></span> <span class='ocrx_word' id='word_1_49' title='bbox 619 400 628 416; x_wconf 85' lang='grc'><strong>)</strong></span> <span class='ocrx_word' id='word_1_50' title='bbox 640 390 697 417; x_wconf 84' lang='grc' dir='ltr'>ἀνθ’</span> <span class='ocrx_word' id='word_1_51' title='bbox 709 388 739 418; x_wconf 71' lang='grc' dir='ltr'><strong>οὗ</strong></span> <span class='ocrx_word' id='word_1_52' title='bbox 758 392 771 417; x_wconf 85' lang='grc' dir='ltr'><strong>ὁ</strong></span> <span class='ocrx_word' id='word_1_53' title='bbox 791 390 904 422; x_wconf 77' lang='grc' dir='ltr'>Ἀκύλας</span> <span class='ocrx_word' id='word_1_54' title='bbox 921 391 967 417; x_wconf 73' lang='grc' dir='ltr'><strong>καὶ</strong></span> <span class='ocrx_word' id='word_1_55' title='bbox 980 391 1004 416; x_wconf 77' lang='grc' dir='ltr'>οἱ</span> 
     </span>
    </p>
   </div>
   <div class='ocr_carea' id='block_1_10' title="bbox 223 436 1005 473">
    <p class='ocr_par' dir='ltr' id='par_1_10' title="bbox 223 436 1005 473">
     <span class='ocr_line' id='line_1_10' title="bbox 223 436 1005 473; baseline 0.001 -11"><span class='ocrx_word' id='word_1_56' title='bbox 223 436 309 462; x_wconf 79' lang='grc' dir='ltr'>λοιποὶ</span> <span class='ocrx_word' id='word_1_57' title='bbox 328 437 495 471; x_wconf 69' lang='grc' dir='ltr'>’ἐρμηνευταὶ</span> <span class='ocrx_word' id='word_1_58' title='bbox 514 436 692 462; x_wconf 80' lang='grc' dir='ltr'>ὲκδεδώκασι·</span> <span class='ocrx_word' id='word_1_59' title='bbox 711 446 719 462; x_wconf 77' lang='grc' dir='ltr'><strong>ι</strong></span> <span class='ocrx_word' id='word_1_60' title='bbox 732 438 786 463; x_wconf 69' lang='grc' dir='ltr'><strong>Καὶ</strong></span> <span class='ocrx_word' id='word_1_61' title='bbox 805 437 914 472; x_wconf 85' lang='grc' dir='ltr'><strong>λαλήσει</strong></span> <span class='ocrx_word' id='word_1_62' title='bbox 930 437 1005 473; x_wconf 81' lang='grc' dir='ltr'>είρή-</span> 
     </span>
    </p>
   </div>
   <div class='ocr_carea' id='block_1_11' title="bbox 222 482 1004 518">
    <p class='ocr_par' dir='ltr' id='par_1_11' title="bbox 222 482 1004 518">
     <span class='ocr_line' id='line_1_11' title="bbox 222 482 1004 518; baseline 0.003 -11"><span class='ocrx_word' id='word_1_63' title='bbox 222 489 271 516; x_wconf 87' lang='grc' dir='ltr'><strong>νην</strong></span> <span class='ocrx_word' id='word_1_64' title='bbox 285 483 341 513; x_wconf 87' lang='grc' dir='ltr'>τοῖς</span> <span class='ocrx_word' id='word_1_65' title='bbox 352 482 481 514; x_wconf 73' lang='grc' dir='ltr'>ἐθνεσιν,›</span> <span class='ocrx_word' id='word_1_66' title='bbox 501 482 515 509; x_wconf 84' lang='grc' dir='ltr'><strong>ὃ</strong></span> <span class='ocrx_word' id='word_1_67' title='bbox 529 483 575 509; x_wconf 77' lang='grc' dir='ltr'>καὶ</span> <span class='ocrx_word' id='word_1_68' title='bbox 594 483 709 518; x_wconf 84' lang='grc' dir='ltr'>μάλιστα</span> <span class='ocrx_word' id='word_1_69' title='bbox 716 483 769 509; x_wconf 71' lang='grc' dir='ltr'>ἀπὺ</span> <span class='ocrx_word' id='word_1_70' title='bbox 786 484 836 518; x_wconf 81' lang='grc' dir='ltr'>τῆς</span> <span class='ocrx_word' id='word_1_71' title='bbox 850 483 1004 516; x_wconf 78' lang='grc' dir='ltr'><strong>Αὐγούστου</strong></span> 
     </span>
    </p>
   </div>
   <div class='ocr_carea' id='block_1_12' title="bbox 223 527 1002 564">
    <p class='ocr_par' dir='ltr' id='par_1_12' title="bbox 223 527 1002 564">
     <span class='ocr_line' id='line_1_12' title="bbox 223 527 1002 564; baseline 0.001 -10"><span class='ocrx_word' id='word_1_72' title='bbox 223 527 360 563; x_wconf 73' lang='grc' dir='ltr'><strong>βασιλείας</strong></span> <span class='ocrx_word' id='word_1_73' title='bbox 373 529 541 559; x_wconf 78' lang='grc' dir='ltr'><strong>συνίσταται,</strong></span> <span class='ocrx_word' id='word_1_74' title='bbox 553 529 600 554; x_wconf 74' lang='grc' dir='ltr'>καὶ</span> <span class='ocrx_word' id='word_1_75' title='bbox 615 529 682 564; x_wconf 78' lang='grc' dir='ltr'>πρὸς</span> <span class='ocrx_word' id='word_1_76' title='bbox 696 528 766 562; x_wconf 81' lang='grc' dir='ltr'>λέξιν</span> <span class='ocrx_word' id='word_1_77' title='bbox 779 529 1002 564; x_wconf 85' lang='grc' dir='ltr'>πεπληρωμένον,</span> 
     </span>
    </p>
   </div>
   <div class='ocr_carea' id='block_1_13' title="bbox 223 574 1002 610">
    <p class='ocr_par' dir='ltr' id='par_1_13' title="bbox 223 574 1002 610">
     <span class='ocr_line' id='line_1_13' title="bbox 223 574 1002 610; baseline 0 -10"><span class='ocrx_word' id='word_1_78' title='bbox 223 574 312 610; x_wconf 83' lang='grc' dir='ltr'>πάσης</span> <span class='ocrx_word' id='word_1_79' title='bbox 335 574 384 608; x_wconf 73' lang='grc' dir='ltr'>μὲν</span> <span class='ocrx_word' id='word_1_80' title='bbox 410 574 438 607; x_wconf 79' lang='grc' dir='ltr'><strong>ἐξ</strong></span> <span class='ocrx_word' id='word_1_81' title='bbox 466 575 569 601; x_wconf 75' lang='grc' dir='ltr'>ἐκείνου</span> <span class='ocrx_word' id='word_1_82' title='bbox 596 574 791 609; x_wconf 76' lang='grc' dir='ltr'>καταλυθείσης</span> <span class='ocrx_word' id='word_1_83' title='bbox 819 574 1002 610; x_wconf 84' lang='grc' dir='ltr'>πολυαρχΙας,</span> 
     </span>
    </p>
   </div>
   <div class='ocr_carea' id='block_1_14' title="bbox 221 619 1003 656">
    <p class='ocr_par' dir='ltr' id='par_1_14' title="bbox 221 619 1003 656">
     <span class='ocr_line' id='line_1_14' title="bbox 221 619 1003 656; baseline 0.003 -10"><span class='ocrx_word' id='word_1_84' title='bbox 221 621 331 656; x_wconf 74' lang='grc' dir='ltr'>εἰρήνης</span> <span class='ocrx_word' id='word_1_85' title='bbox 345 619 373 646; x_wconf 81' lang='grc' dir='ltr'>δὲ</span> <span class='ocrx_word' id='word_1_86' title='bbox 391 619 425 646; x_wconf 76' lang='grc' dir='ltr'>τὰ</span> <span class='ocrx_word' id='word_1_87' title='bbox 441 620 553 646; x_wconf 83' lang='grc' dir='ltr'>πλεῖστα</span> <span class='ocrx_word' id='word_1_88' title='bbox 569 622 618 655; x_wconf 86' lang='grc' dir='ltr'>τῆς</span> <span class='ocrx_word' id='word_1_89' title='bbox 642 621 802 655; x_wconf 83' lang='grc' dir='ltr'><strong>οἰκουμένης</strong></span> <span class='ocrx_word' id='word_1_90' title='bbox 825 621 886 656; x_wconf 80' lang='grc' dir='ltr'>έθνη</span> <span class='ocrx_word' id='word_1_91' title='bbox 911 621 1003 648; x_wconf 89' lang='grc' dir='ltr'>διαλα-</span> 
     </span>
    </p>
   </div>
   <div class='ocr_carea' id='block_1_15' title="bbox 222 665 1003 702">
    <p class='ocr_par' dir='ltr' id='par_1_15' title="bbox 222 665 1003 702">
     <span class='ocr_line' id='line_1_15' title="bbox 222 665 1003 702; baseline 0.003 -10"><span class='ocrx_word' id='word_1_92' title='bbox 222 665 330 701; x_wconf 57' lang='lat' dir='ltr'><strong>Cois-qq.</strong></span> <span class='ocrx_word' id='word_1_93' title='bbox 343 666 391 697; x_wconf 86' lang='grc' dir='ltr'>Τίς</span> <span class='ocrx_word' id='word_1_94' title='bbox 404 665 431 692; x_wconf 76' lang='grc' dir='ltr'>δὲ</span> <span class='ocrx_word' id='word_1_95' title='bbox 448 666 500 701; x_wconf 81' lang='grc' dir='ltr'>πρὸ</span> <span class='ocrx_word' id='word_1_96' title='bbox 511 666 564 692; x_wconf 81' lang='grc' dir='ltr'><strong>τῶν</strong></span> <span class='ocrx_word' id='word_1_97' title='bbox 588 665 745 701; x_wconf 80' lang='grc' dir='ltr'><strong>Ῥωμαϊκῶν</strong></span> <span class='ocrx_word' id='word_1_98' title='bbox 762 665 874 702; x_wconf 83' lang='grc' dir='ltr'>χρόνων,</span> <span class='ocrx_word' id='word_1_99' title='bbox 891 668 936 693; x_wconf 77' lang='grc' dir='ltr'><strong>ὲπὶ</strong></span> <span class='ocrx_word' id='word_1_100' title='bbox 950 668 1003 694; x_wconf 84' lang='grc' dir='ltr'><strong>τῶν</strong></span> 
     </span>
    </p>
   </div>
   <div class='ocr_carea' id='block_1_16' title="bbox 220 711 1003 747">
    <p class='ocr_par' dir='ltr' id='par_1_16' title="bbox 220 711 1003 747">
     <span class='ocr_line' id='line_1_16' title="bbox 220 711 1003 747; baseline 0.004 -10"><span class='ocrx_word' id='word_1_101' title='bbox 220 711 376 747; x_wconf 77' lang='grc' dir='ltr'><strong>Περσικῶν,</strong></span> <span class='ocrx_word' id='word_1_102' title='bbox 405 711 422 746; x_wconf 81' lang='grc' dir='ltr'><strong>ἢ</strong></span> <span class='ocrx_word' id='word_1_103' title='bbox 451 711 504 737; x_wconf 83' lang='grc' dir='ltr'><strong>τῶν</strong></span> <span class='ocrx_word' id='word_1_104' title='bbox 533 712 724 738; x_wconf 73' lang='grc' dir='ltr'><strong>Μακεδονικῶν</strong></span> <span class='ocrx_word' id='word_1_105' title='bbox 753 713 870 744; x_wconf 83' lang='grc' dir='ltr'>τοιοῦτος</span> <span class='ocrx_word' id='word_1_106' title='bbox 894 713 1003 747; x_wconf 81' lang='grc' dir='ltr'>γέγονεν</span> 
     </span>
    </p>
   </div>
   <div class='ocr_carea' id='block_1_17' title="bbox 225 757 1003 795">
    <p class='ocr_par' dir='ltr' id='par_1_17' title="bbox 225 757 1003 795">
     <span class='ocr_line' id='line_1_17' title="bbox 225 757 1003 795; baseline 0.003 -11"><span class='ocrx_word' id='word_1_107' title='bbox 225 758 356 784; x_wconf 74' lang='grc' dir='ltr'>Ἰουδαίων</span> <span class='ocrx_word' id='word_1_108' title='bbox 380 757 504 793; x_wconf 77' lang='grc' dir='ltr'>βασιλεὺς</span> <span class='ocrx_word' id='word_1_109' title='bbox 515 778 522 788; x_wconf 79' lang='grc'><strong>,</strong></span> <span class='ocrx_word' id='word_1_110' title='bbox 540 758 577 789; x_wconf 87' lang='grc' dir='ltr'>ὡς</span> <span class='ocrx_word' id='word_1_111' title='bbox 596 758 675 794; x_wconf 78' lang='grc' dir='ltr'>ἄρξαι</span> <span class='ocrx_word' id='word_1_112' title='bbox 703 758 782 785; x_wconf 79' lang='grc' dir='ltr'>αὐτὸν</span> <span class='ocrx_word' id='word_1_113' title='bbox 799 759 853 786; x_wconf 76' lang='grc' dir='ltr'>ἀπὸ</span> <span class='ocrx_word' id='word_1_114' title='bbox 867 759 1003 795; x_wconf 75' lang='grc' dir='ltr'>θαλάσσης</span> 
     </span>
    </p>
   </div>
   <div class='ocr_carea' id='block_1_18' title="bbox 219 803 1003 841">
    <p class='ocr_par' dir='ltr' id='par_1_18' title="bbox 219 803 1003 841">
     <span class='ocr_line' id='line_1_18' title="bbox 219 803 1003 841; baseline 0.003 -11"><span class='ocrx_word' id='word_1_115' title='bbox 219 803 271 835; x_wconf 76' lang='grc' dir='ltr'>ἓως</span> <span class='ocrx_word' id='word_1_116' title='bbox 287 803 433 839; x_wconf 84' lang='grc' dir='ltr'>θαλάσσης,</span> <span class='ocrx_word' id='word_1_117' title='bbox 453 804 498 830; x_wconf 77' lang='grc' dir='ltr'><strong>καὶ</strong></span> <span class='ocrx_word' id='word_1_118' title='bbox 520 805 573 830; x_wconf 80' lang='grc' dir='ltr'>ἀπὸ</span> <span class='ocrx_word' id='word_1_119' title='bbox 594 804 722 839; x_wconf 74' lang='grc' dir='ltr'>ποταμῶν</span> <span class='ocrx_word' id='word_1_120' title='bbox 740 804 792 836; x_wconf 73' lang='grc' dir='ltr'>ἕως</span> <span class='ocrx_word' id='word_1_121' title='bbox 816 806 941 840; x_wconf 81' lang='grc' dir='ltr'><strong>περάτων</strong></span> <span class='ocrx_word' id='word_1_122' title='bbox 953 808 1003 841; x_wconf 79' lang='grc' dir='ltr'>τῆς</span> 
     </span>
    </p>
   </div>
   <div class='ocr_carea' id='block_1_19' title="bbox 220 849 1003 887">
    <p class='ocr_par' dir='ltr' id='par_1_19' title="bbox 220 849 1003 887">
     <span class='ocr_line' id='line_1_19' title="bbox 220 849 1003 887; baseline 0.004 -12"><span class='ocrx_word' id='word_1_123' title='bbox 220 849 395 885; x_wconf 82' lang='grc' dir='ltr'>οἰκουμένης;</span> <span class='ocrx_word' id='word_1_124' title='bbox 411 849 494 876; x_wconf 84' lang='grc' dir='ltr'>Τοῦτο</span> <span class='ocrx_word' id='word_1_125' title='bbox 505 850 568 884; x_wconf 78' lang='grc' dir='ltr'>γοῦν</span> <span class='ocrx_word' id='word_1_126' title='bbox 584 850 719 885; x_wconf 81' lang='grc' dir='ltr'>ἐδήλωσαν</span> <span class='ocrx_word' id='word_1_127' title='bbox 735 851 759 876; x_wconf 80' lang='grc' dir='ltr'>οἱ</span> <span class='ocrx_word' id='word_1_128' title='bbox 773 850 860 877; x_wconf 82' lang='grc' dir='ltr'>λοιποὶ</span> <span class='ocrx_word' id='word_1_129' title='bbox 871 851 1003 887; x_wconf 81' lang='grc' dir='ltr'>ἑρμηνευ-</span> 
     </span>
    </p>
   </div>
   <div class='ocr_carea' id='block_1_20' title="bbox 219 895 1002 932">
    <p class='ocr_par' dir='ltr' id='par_1_20' title="bbox 219 895 1002 932">
     <span class='ocr_line' id='line_1_20' title="bbox 219 895 1002 932; baseline 0.003 -11"><span class='ocrx_word' id='word_1_130' title='bbox 219 895 273 921; x_wconf 84' lang='grc' dir='ltr'>ταί.</span> <span class='ocrx_word' id='word_1_131' title='bbox 287 895 316 922; x_wconf 89' lang='lat'><strong>&#39;0</strong></span> <span class='ocrx_word' id='word_1_132' title='bbox 342 895 407 929; x_wconf 83' lang='grc' dir='ltr'>γοῦν</span> <span class='ocrx_word' id='word_1_133' title='bbox 433 895 546 927; x_wconf 79' lang='grc' dir='ltr'>Ἀκύλας</span> <span class='ocrx_word' id='word_1_134' title='bbox 562 897 643 930; x_wconf 80' lang='grc' dir='ltr'>φησί·</span> <span class='ocrx_word' id='word_1_135' title='bbox 665 906 673 921; x_wconf 82' lang='grc' dir='ltr'><strong>ι</strong></span> <span class='ocrx_word' id='word_1_136' title='bbox 692 897 745 923; x_wconf 77' lang='grc' dir='ltr'><strong>Καὶ</strong></span> <span class='ocrx_word' id='word_1_137' title='bbox 761 896 871 932; x_wconf 78' lang='grc' dir='ltr'>λαλήσει</span> <span class='ocrx_word' id='word_1_138' title='bbox 891 898 1002 932; x_wconf 75' lang='grc' dir='ltr'><strong>εἰρήνην</strong></span> 
     </span>
    </p>
   </div>
   <div class='ocr_carea' id='block_1_21' title="bbox 219 940 1002 978">
    <p class='ocr_par' dir='ltr' id='par_1_21' title="bbox 219 940 1002 978">
     <span class='ocr_line' id='line_1_21' title="bbox 219 940 1002 978; baseline 0.004 -11"><span class='ocrx_word' id='word_1_139' title='bbox 219 942 275 973; x_wconf 79' lang='grc' dir='ltr'>τοῖς</span> <span class='ocrx_word' id='word_1_140' title='bbox 286 940 383 973; x_wconf 72' lang='grc' dir='ltr'>ἔθνεσι,</span> <span class='ocrx_word' id='word_1_141' title='bbox 400 941 472 977; x_wconf 77' lang='grc' dir='ltr'>καὶὴ</span> <span class='ocrx_word' id='word_1_142' title='bbox 488 942 595 975; x_wconf 75' lang='grc' dir='ltr'>ἐξουσία</span> <span class='ocrx_word' id='word_1_143' title='bbox 612 942 692 968; x_wconf 79' lang='grc' dir='ltr'>αὐτοῦ</span> <span class='ocrx_word' id='word_1_144' title='bbox 712 942 766 969; x_wconf 78' lang='grc' dir='ltr'><strong>ἀπὸ</strong></span> <span class='ocrx_word' id='word_1_145' title='bbox 784 943 920 978; x_wconf 83' lang='grc' dir='ltr'>θαλάσσης</span> <span class='ocrx_word' id='word_1_146' title='bbox 931 964 937 974; x_wconf 93' lang='grc'><strong>,</strong></span> <span class='ocrx_word' id='word_1_147' title='bbox 956 945 1002 970; x_wconf 70' lang='grc' dir='ltr'>καὶ</span> 
     </span>
    </p>
   </div>
   <div class='ocr_carea' id='block_1_22' title="bbox 220 987 1002 1025">
    <p class='ocr_par' dir='ltr' id='par_1_22' title="bbox 220 987 1002 1025">
     <span class='ocr_line' id='line_1_22' title="bbox 220 987 1002 1025; baseline 0.003 -11"><span class='ocrx_word' id='word_1_148' title='bbox 220 987 273 1014; x_wconf 69' lang='grc' dir='ltr'><strong>άπὸ</strong></span> <span class='ocrx_word' id='word_1_149' title='bbox 289 987 409 1023; x_wconf 86' lang='grc' dir='ltr'>ποταμοῦ</span> <span class='ocrx_word' id='word_1_150' title='bbox 423 988 475 1019; x_wconf 71' lang='grc' dir='ltr'>ἕως</span> <span class='ocrx_word' id='word_1_151' title='bbox 487 988 611 1024; x_wconf 81' lang='grc' dir='ltr'>περάτων</span> <span class='ocrx_word' id='word_1_152' title='bbox 627 990 676 1024; x_wconf 82' lang='grc' dir='ltr'>τῆς</span> <span class='ocrx_word' id='word_1_153' title='bbox 687 989 862 1025; x_wconf 81' lang='grc' dir='ltr'>οἰκουμένης·</span> <span class='ocrx_word' id='word_1_154' title='bbox 879 999 888 1014; x_wconf 79' lang='grc' dir='ltr'><strong><em>ι</em></strong></span> <span class='ocrx_word' id='word_1_155' title='bbox 903 987 925 1023; x_wconf 87' lang='grc' dir='ltr'>ᾧ</span> <span class='ocrx_word' id='word_1_156' title='bbox 943 999 1002 1016; x_wconf 88' lang='grc' dir='ltr'>συν-</span> 
     </span>
    </p>
   </div>
   <div class='ocr_carea' id='block_1_23' title="bbox 220 1033 1000 1071">
    <p class='ocr_par' dir='ltr' id='par_1_23' title="bbox 220 1033 1000 1071">
     <span class='ocr_line' id='line_1_23' title="bbox 220 1033 1000 1071; baseline 0.004 -11"><span class='ocrx_word' id='word_1_157' title='bbox 220 1034 276 1069; x_wconf 71' lang='grc' dir='ltr'>ᾴδει</span> <span class='ocrx_word' id='word_1_158' title='bbox 288 1035 334 1060; x_wconf 67' lang='grc' dir='ltr'>καὶ</span> <span class='ocrx_word' id='word_1_159' title='bbox 347 1034 376 1060; x_wconf 80' lang='grc' dir='ltr'>τὸ</span> <span class='ocrx_word' id='word_1_160' title='bbox 394 1034 421 1060; x_wconf 79' lang='grc' dir='ltr'><strong>ἐν</strong></span> <span class='ocrx_word' id='word_1_161' title='bbox 435 1033 624 1070; x_wconf 74' lang='grc' dir='ltr'>ἑϐδομηκοστῷ</span> <span class='ocrx_word' id='word_1_162' title='bbox 650 1034 749 1070; x_wconf 79' lang='grc' dir='ltr'>πρώτῳ</span> <span class='ocrx_word' id='word_1_163' title='bbox 762 1035 860 1071; x_wconf 79' lang='grc' dir='ltr'>ψαλμῷ</span> <span class='ocrx_word' id='word_1_164' title='bbox 878 1037 940 1071; x_wconf 80' lang='grc' dir='ltr'>περὶ</span> <span class='ocrx_word' id='word_1_165' title='bbox 954 1037 1000 1063; x_wconf 76' lang='grc' dir='ltr'><strong>τοῦ</strong></span> 
     </span>
    </p>
   </div>
   <div class='ocr_carea' id='block_1_24' title="bbox 219 1080 1001 1117">
    <p class='ocr_par' dir='ltr' id='par_1_24' title="bbox 219 1080 1001 1117">
     <span class='ocr_line' id='line_1_24' title="bbox 219 1080 1001 1117; baseline 0.004 -11"><span class='ocrx_word' id='word_1_166' title='bbox 219 1081 251 1106; x_wconf 76' lang='grc' dir='ltr'>ἐκ</span> <span class='ocrx_word' id='word_1_167' title='bbox 262 1081 417 1116; x_wconf 81' lang='grc' dir='ltr'>σπέρματος</span> <span class='ocrx_word' id='word_1_168' title='bbox 433 1080 585 1116; x_wconf 82' lang='grc' dir='ltr'>Σολομῶνος</span> <span class='ocrx_word' id='word_1_169' title='bbox 596 1082 791 1116; x_wconf 80' lang='grc' dir='ltr'>γεννησομένου</span> <span class='ocrx_word' id='word_1_170' title='bbox 807 1082 934 1117; x_wconf 82' lang='grc' dir='ltr'>Χριστοῦ,</span> <span class='ocrx_word' id='word_1_171' title='bbox 952 1080 1001 1109; x_wconf 84' lang='grc' dir='ltr'><strong>ὧδὲ</strong></span> 
     </span>
    </p>
   </div>
   <div class='ocr_carea' id='block_1_25' title="bbox 220 1126 1002 1163">
    <p class='ocr_par' dir='ltr' id='par_1_25' title="bbox 220 1126 1002 1163">
     <span class='ocr_line' id='line_1_25' title="bbox 220 1126 1002 1163; baseline 0.004 -11"><span class='ocrx_word' id='word_1_172' title='bbox 220 1134 257 1161; x_wconf 68' lang='grc' dir='ltr'><strong>πη</strong></span> <span class='ocrx_word' id='word_1_173' title='bbox 266 1126 417 1162; x_wconf 79' lang='grc' dir='ltr'>εἰρημένον·</span> <span class='ocrx_word' id='word_1_174' title='bbox 429 1136 437 1152; x_wconf 82' lang='grc' dir='ltr'><strong>ι</strong></span> <span class='ocrx_word' id='word_1_175' title='bbox 449 1127 583 1153; x_wconf 83' lang='grc' dir='ltr'>Ἀνατελεῑ</span> <span class='ocrx_word' id='word_1_176' title='bbox 593 1128 620 1153; x_wconf 84' lang='grc' dir='ltr'><strong>ὲν</strong></span> <span class='ocrx_word' id='word_1_177' title='bbox 627 1129 686 1159; x_wconf 84' lang='grc' dir='ltr'>ταῖς</span> <span class='ocrx_word' id='word_1_178' title='bbox 695 1127 810 1163; x_wconf 83' lang='grc' dir='ltr'>ἡμέραις</span> <span class='ocrx_word' id='word_1_179' title='bbox 817 1129 898 1155; x_wconf 81' lang='grc' dir='ltr'>αὑτοῦ</span> <span class='ocrx_word' id='word_1_180' title='bbox 906 1129 1002 1156; x_wconf 70' lang='grc' dir='ltr'>δικαιον</span> 
     </span>
    </p>
   </div>
   <div class='ocr_carea' id='block_1_26' title="bbox 220 1172 1002 1211">
    <p class='ocr_par' dir='ltr' id='par_1_26' title="bbox 220 1172 1002 1211">
     <span class='ocr_line' id='line_1_26' title="bbox 220 1172 1002 1211; baseline 0.004 -12"><span class='ocrx_word' id='word_1_181' title='bbox 220 1172 297 1211; x_wconf 65' lang='grc' dir='ltr'>συνη,</span> <span class='ocrx_word' id='word_1_182' title='bbox 307 1172 353 1199; x_wconf 77' lang='grc' dir='ltr'><strong>καὶ</strong></span> <span class='ocrx_word' id='word_1_183' title='bbox 362 1173 462 1207; x_wconf 80' lang='grc' dir='ltr'>πλῆθος</span> <span class='ocrx_word' id='word_1_184' title='bbox 470 1174 590 1209; x_wconf 85' lang='grc' dir='ltr'>είρήνης,</span> <span class='ocrx_word' id='word_1_185' title='bbox 598 1173 650 1204; x_wconf 80' lang='grc' dir='ltr'>ἓως</span> <span class='ocrx_word' id='word_1_186' title='bbox 659 1172 689 1200; x_wconf 76' lang='grc' dir='ltr'><strong>οὗ</strong></span> <span class='ocrx_word' id='word_1_187' title='bbox 699 1175 876 1210; x_wconf 83' lang='grc' dir='ltr'>ἁνταναιρεθῇ</span> <span class='ocrx_word' id='word_1_188' title='bbox 891 1177 907 1210; x_wconf 87' lang='grc' dir='ltr'>ἡ</span> <span class='ocrx_word' id='word_1_189' title='bbox 925 1176 1002 1211; x_wconf 70' lang='grc' dir='ltr'>σελήσ</span> 
     </span>
    </p>
   </div>
   <div class='ocr_carea' id='block_1_27' title="bbox 218 1210 1001 1256">
    <p class='ocr_par' dir='ltr' id='par_1_27' title="bbox 218 1210 1001 1256">
     <span class='ocr_line' id='line_1_27' title="bbox 218 1210 1001 1256; baseline 0.005 -12"><span class='ocrx_word' id='word_1_190' title='bbox 218 1210 262 1254; x_wconf 85' lang='grc' dir='ltr'><strong>νη,</strong></span> <span class='ocrx_word' id='word_1_191' title='bbox 269 1219 315 1245; x_wconf 74' lang='grc' dir='ltr'>καὶ</span> <span class='ocrx_word' id='word_1_192' title='bbox 323 1210 531 1254; x_wconf 84' lang='grc' dir='ltr'>κατακυριεύσει</span> <span class='ocrx_word' id='word_1_193' title='bbox 539 1219 592 1245; x_wconf 80' lang='grc' dir='ltr'><strong>ἀπὸ</strong></span> <span class='ocrx_word' id='word_1_194' title='bbox 602 1219 739 1255; x_wconf 79' lang='grc' dir='ltr'>Θαλάσσης</span> <span class='ocrx_word' id='word_1_195' title='bbox 748 1220 799 1251; x_wconf 76' lang='grc' dir='ltr'>ἕως</span> <span class='ocrx_word' id='word_1_196' title='bbox 808 1210 1001 1256; x_wconf 66' lang='grc' dir='ltr'>θαλάσσης,κῶ</span> 
     </span>
    </p>
   </div>
   <div class='ocr_carea' id='block_1_28' title="bbox 218 1264 1002 1301">
    <p class='ocr_par' dir='ltr' id='par_1_28' title="bbox 218 1264 1002 1301">
     <span class='ocr_line' id='line_1_28' title="bbox 218 1264 1002 1301; baseline 0.004 -11"><span class='ocrx_word' id='word_1_197' title='bbox 218 1264 271 1290; x_wconf 77' lang='grc' dir='ltr'><strong>ἀπὸ</strong></span> <span class='ocrx_word' id='word_1_198' title='bbox 285 1264 406 1300; x_wconf 80' lang='grc' dir='ltr'>ποταμοῦ</span> <span class='ocrx_word' id='word_1_199' title='bbox 427 1264 479 1296; x_wconf 76' lang='grc' dir='ltr'>ἕως</span> <span class='ocrx_word' id='word_1_200' title='bbox 494 1265 618 1300; x_wconf 78' lang='grc' dir='ltr'>περάτων</span> <span class='ocrx_word' id='word_1_201' title='bbox 628 1267 678 1300; x_wconf 83' lang='grc' dir='ltr'><strong>τῆς</strong></span> <span class='ocrx_word' id='word_1_202' title='bbox 692 1266 870 1301; x_wconf 72' lang='grc' dir='ltr'>οἰκουμένης·</span> <span class='ocrx_word' id='word_1_203' title='bbox 890 1277 898 1292; x_wconf 79' lang='grc' dir='ltr'><strong>ι</strong></span> <span class='ocrx_word' id='word_1_204' title='bbox 915 1267 1002 1294; x_wconf 80' lang='grc' dir='ltr'>ταῦτα</span> 
     </span>
    </p>
   </div>
   <div class='ocr_carea' id='block_1_29' title="bbox 219 1310 1001 1348">
    <p class='ocr_par' dir='ltr' id='par_1_29' title="bbox 219 1310 1001 1348">
     <span class='ocr_line' id='line_1_29' title="bbox 219 1310 1001 1348; baseline 0.005 -12"><span class='ocrx_word' id='word_1_205' title='bbox 219 1310 272 1346; x_wconf 80' lang='grc' dir='ltr'>γὰρ</span> <span class='ocrx_word' id='word_1_206' title='bbox 282 1310 399 1346; x_wconf 76' lang='grc' dir='ltr'>περὶτοῦ</span> <span class='ocrx_word' id='word_1_207' title='bbox 409 1311 467 1337; x_wconf 83' lang='grc' dir='ltr'>υἱοῦ</span> <span class='ocrx_word' id='word_1_208' title='bbox 476 1311 631 1346; x_wconf 87' lang='grc' dir='ltr'>Σολομῶνος</span> <span class='ocrx_word' id='word_1_209' title='bbox 645 1311 762 1346; x_wconf 80' lang='grc' dir='ltr'>ἐλέγετο,</span> <span class='ocrx_word' id='word_1_210' title='bbox 770 1312 846 1339; x_wconf 79' lang='grc' dir='ltr'>οὐδὲν</span> <span class='ocrx_word' id='word_1_211' title='bbox 854 1313 1001 1348; x_wconf 81' lang='grc' dir='ltr'>λειπόμενα</span> 
     </span>
    </p>
   </div>
   <div class='ocr_carea' id='block_1_30' title="bbox 219 1356 1000 1393">
    <p class='ocr_par' dir='ltr' id='par_1_30' title="bbox 219 1356 1000 1393">
     <span class='ocr_line' id='line_1_30' title="bbox 219 1356 1000 1393; baseline 0.004 -10"><span class='ocrx_word' id='word_1_212' title='bbox 219 1356 272 1383; x_wconf 81' lang='grc' dir='ltr'><strong>τῶν</strong></span> <span class='ocrx_word' id='word_1_213' title='bbox 286 1358 315 1383; x_wconf 79' lang='grc' dir='ltr'>ἑν</span> <span class='ocrx_word' id='word_1_214' title='bbox 330 1357 369 1393; x_wconf 85' lang='grc' dir='ltr'>τῷ</span> <span class='ocrx_word' id='word_1_215' title='bbox 385 1358 510 1393; x_wconf 77' lang='grc' dir='ltr'>προφήτῃ</span> <span class='ocrx_word' id='word_1_216' title='bbox 529 1358 690 1393; x_wconf 80' lang='grc' dir='ltr'>εἰρημένων.</span> <span class='ocrx_word' id='word_1_217' title='bbox 709 1359 771 1384; x_wconf 82' lang='grc' dir='ltr'><strong>Πότ¹</strong></span> <span class='ocrx_word' id='word_1_218' title='bbox 785 1357 831 1385; x_wconf 79' lang='grc' dir='ltr'>οὖν</span> <span class='ocrx_word' id='word_1_219' title='bbox 853 1360 938 1386; x_wconf 74' lang='grc' dir='ltr'>ταῦτα</span> <span class='ocrx_word' id='word_1_220' title='bbox 954 1360 1000 1386; x_wconf 74' lang='grc' dir='ltr'>καὶ</span> 
     </span>
    </p>
   </div>
   <div class='ocr_carea' id='block_1_31' title="bbox 219 1402 1001 1439">
    <p class='ocr_par' dir='ltr' id='par_1_31' title="bbox 219 1402 1001 1439">
     <span class='ocr_line' id='line_1_31' title="bbox 219 1402 1001 1439; baseline 0.001 -9"><span class='ocrx_word' id='word_1_221' title='bbox 219 1402 317 1439; x_wconf 77' lang='grc' dir='ltr'>πῶς,ῆ</span> <span class='ocrx_word' id='word_1_222' title='bbox 334 1403 402 1430; x_wconf 85' lang='grc' dir='ltr'>κατὰ</span> <span class='ocrx_word' id='word_1_223' title='bbox 427 1404 520 1434; x_wconf 84' lang='grc' dir='ltr'>ποίους</span> <span class='ocrx_word' id='word_1_224' title='bbox 540 1403 650 1438; x_wconf 79' lang='grc' dir='ltr'>χρόνους</span> <span class='ocrx_word' id='word_1_225' title='bbox 666 1404 785 1438; x_wconf 76' lang='grc' dir='ltr'>γέγονεν,</span> <span class='ocrx_word' id='word_1_226' title='bbox 803 1405 816 1430; x_wconf 76' lang='grc' dir='ltr'>ὁ</span> <span class='ocrx_word' id='word_1_227' title='bbox 843 1404 1001 1439; x_wconf 82' lang='grc' dir='ltr'>βουλόμενος</span> 
     </span>
    </p>
   </div>
   <div class='ocr_carea' id='block_1_32' title="bbox 219 1449 1000 1485">
    <p class='ocr_par' dir='ltr' id='par_1_32' title="bbox 219 1449 1000 1485">
     <span class='ocr_line' id='line_1_32' title="bbox 219 1449 1000 1485; baseline 0.001 -10"><span class='ocrx_word' id='word_1_228' title='bbox 219 1449 440 1485; x_wconf 70' lang='grc' dir='ltr'>ὲρμηνευέτωσῆ</span> <span class='ocrx_word' id='word_1_229' title='bbox 464 1449 528 1475; x_wconf 83' lang='grc' dir='ltr'>πότε</span> <span class='ocrx_word' id='word_1_230' title='bbox 552 1449 644 1475; x_wconf 83' lang='grc' dir='ltr'>ἄλλοτε</span> <span class='ocrx_word' id='word_1_231' title='bbox 672 1450 739 1484; x_wconf 80' lang='grc' dir='ltr'>μετὰ</span> <span class='ocrx_word' id='word_1_232' title='bbox 767 1450 815 1485; x_wconf 76' lang='grc' dir='ltr'>τὴν</span> <span class='ocrx_word' id='word_1_233' title='bbox 839 1450 892 1476; x_wconf 76' lang='grc' dir='ltr'>ὑπὸ</span> <span class='ocrx_word' id='word_1_234' title='bbox 915 1451 1000 1477; x_wconf 80' lang='grc' dir='ltr'>Βαϐυ-</span> 
     </span>
    </p>
   </div>
   <div class='ocr_carea' id='block_1_33' title="bbox 218 1494 1000 1531">
    <p class='ocr_par' dir='ltr' id='par_1_33' title="bbox 218 1494 1000 1531">
     <span class='ocr_line' id='line_1_33' title="bbox 218 1494 1000 1531; baseline 0.004 -11"><span class='ocrx_word' id='word_1_235' title='bbox 218 1494 322 1526; x_wconf 88' lang='grc' dir='ltr'>λωνίοις</span> <span class='ocrx_word' id='word_1_236' title='bbox 350 1494 503 1530; x_wconf 75' lang='grc' dir='ltr'>πολιορκίαν</span> <span class='ocrx_word' id='word_1_237' title='bbox 525 1495 648 1530; x_wconf 75' lang='grc' dir='ltr'>δεύτερον</span> <span class='ocrx_word' id='word_1_238' title='bbox 668 1496 830 1531; x_wconf 81' lang='grc' dir='ltr'>ἐμπρησμὸν</span> <span class='ocrx_word' id='word_1_239' title='bbox 857 1496 1000 1531; x_wconf 83' lang='grc' dir='ltr'>ὑπέμεινεν</span> 
     </span>
    </p>
   </div>
   <div class='ocr_carea' id='block_1_34' title="bbox 1018 885 1038 911">
    <p class='ocr_par' dir='ltr' id='par_1_34' title="bbox 1018 885 1038 911">
     <span class='ocr_line' id='line_1_34' title="bbox 1018 885 1038 911; baseline 0 0"><span class='ocrx_word' id='word_1_240' title='bbox 1018 885 1038 911; x_wconf 87' lang='grc' dir='ltr'>Β</span> 
     </span>
    </p>
   </div>
   <div class='ocr_carea' id='block_1_35' title="bbox 1055 251 1834 289">
    <p class='ocr_par' dir='ltr' id='par_1_35' title="bbox 1055 251 1834 289">
     <span class='ocr_line' id='line_1_35' title="bbox 1055 251 1834 289; baseline 0.005 -10"><span class='ocrx_word' id='word_1_241' title='bbox 1055 259 1115 279; x_wconf 87' lang='lat' dir='ltr'><strong>cus.</strong></span> <span class='ocrx_word' id='word_1_242' title='bbox 1134 262 1143 277; x_wconf 75' lang='grc' dir='ltr'><strong>ι</strong></span> <span class='ocrx_word' id='word_1_243' title='bbox 1160 252 1244 287; x_wconf 60' lang='lat' dir='ltr'><strong>ﬁlo</strong></span> <span class='ocrx_word' id='word_1_244' title='bbox 1255 251 1319 279; x_wconf 65' lang='lat' dir='ltr'><strong>Haac</strong></span> <span class='ocrx_word' id='word_1_245' title='bbox 1335 252 1369 280; x_wconf 86' lang='lat' dir='ltr'><strong>de</strong></span> <span class='ocrx_word' id='word_1_246' title='bbox 1384 252 1528 281; x_wconf 78' lang='lat' dir='ltr'><strong>eversione</strong></span> <span class='ocrx_word' id='word_1_247' title='bbox 1541 254 1620 289; x_wconf 59' lang='lat' dir='ltr'><strong>regis</strong></span> <span class='ocrx_word' id='word_1_248' title='bbox 1634 254 1775 289; x_wconf 73' lang='lat' dir='ltr'><strong>dignitatis</strong></span> <span class='ocrx_word' id='word_1_249' title='bbox 1789 255 1834 283; x_wconf 81' lang='lat' dir='ltr'><strong>Ju-</strong></span> 
     </span>
    </p>
   </div>
   <div class='ocr_carea' id='block_1_36' title="bbox 1055 297 1837 334">
    <p class='ocr_par' dir='ltr' id='par_1_36' title="bbox 1055 297 1837 334">
     <span class='ocr_line' id='line_1_36' title="bbox 1055 297 1837 334; baseline 0.006 -10"><span class='ocrx_word' id='word_1_250' title='bbox 1055 297 1140 325; x_wconf 79' lang='lat' dir='ltr'><strong>daicze</strong></span> <span class='ocrx_word' id='word_1_251' title='bbox 1153 298 1243 333; x_wconf 75' lang='lat' dir='ltr'><strong>gentis</strong></span> <span class='ocrx_word' id='word_1_252' title='bbox 1259 299 1387 334; x_wconf 64' lang='lat' dir='ltr'><strong>praedicta</strong></span> <span class='ocrx_word' id='word_1_253' title='bbox 1402 303 1485 332; x_wconf 88' lang='lat' dir='ltr'><strong>sunt,</strong></span> <span class='ocrx_word' id='word_1_254' title='bbox 1502 306 1555 334; x_wconf 90' lang='lat' dir='ltr'><strong>qua</strong></span> <span class='ocrx_word' id='word_1_255' title='bbox 1572 300 1700 334; x_wconf 56' lang='lat' dir='ltr'><strong>praedicta</strong></span> <span class='ocrx_word' id='word_1_256' title='bbox 1715 302 1837 329; x_wconf 84' lang='lat' dir='ltr'><strong>eversio-</strong></span> 
     </span>
    </p>
   </div>
   <div class='ocr_carea' id='block_1_37' title="bbox 1055 345 1832 381">
    <p class='ocr_par' dir='ltr' id='par_1_37' title="bbox 1055 345 1832 381">
     <span class='ocr_line' id='line_1_37' title="bbox 1055 345 1832 381; baseline 0.005 -11"><span class='ocrx_word' id='word_1_257' title='bbox 1055 351 1088 371; x_wconf 77' lang='lat' dir='ltr'><strong>ne</strong></span> <span class='ocrx_word' id='word_1_258' title='bbox 1099 363 1106 376; x_wconf 92' lang='lat'><strong>,</strong></span> <span class='ocrx_word' id='word_1_259' title='bbox 1126 352 1222 372; x_wconf 89' lang='lat' dir='ltr'><strong>rursus</strong></span> <span class='ocrx_word' id='word_1_260' title='bbox 1239 352 1271 371; x_wconf 84' lang='lat' dir='ltr'><strong>ea</strong></span> <span class='ocrx_word' id='word_1_261' title='bbox 1285 352 1345 379; x_wconf 70' lang='lat' dir='ltr'><strong>quae</strong></span> <span class='ocrx_word' id='word_1_262' title='bbox 1361 345 1394 372; x_wconf 87' lang='lat' dir='ltr'><strong>ad</strong></span> <span class='ocrx_word' id='word_1_263' title='bbox 1413 352 1506 380; x_wconf 84' lang='lat' dir='ltr'><strong>pacem</strong></span> <span class='ocrx_word' id='word_1_264' title='bbox 1531 346 1652 380; x_wconf 86' lang='lat' dir='ltr'><strong>gentium</strong></span> <span class='ocrx_word' id='word_1_265' title='bbox 1676 347 1832 381; x_wconf 85' lang='lat' dir='ltr'><strong>pertinent,</strong></span> 
     </span>
    </p>
   </div>
   <div class='ocr_carea' id='block_1_38' title="bbox 1054 391 1835 427">
    <p class='ocr_par' dir='ltr' id='par_1_38' title="bbox 1054 391 1835 427">
     <span class='ocr_line' id='line_1_38' title="bbox 1054 391 1835 427; baseline 0.006 -12"><span class='ocrx_word' id='word_1_266' title='bbox 1054 395 1240 418; x_wconf 78' lang='lat' dir='ltr'><strong>consentanea</strong></span> <span class='ocrx_word' id='word_1_267' title='bbox 1257 391 1289 418; x_wconf 92' lang='lat' dir='ltr'><strong>iis</strong></span> <span class='ocrx_word' id='word_1_268' title='bbox 1310 398 1371 425; x_wconf 73' lang='lat' dir='ltr'><strong>quae</strong></span> <span class='ocrx_word' id='word_1_269' title='bbox 1392 391 1469 426; x_wconf 91' lang='lat' dir='ltr'><strong>prius</strong></span> <span class='ocrx_word' id='word_1_270' title='bbox 1489 391 1612 426; x_wconf 76' lang='lat' dir='ltr'><strong>expasita</strong></span> <span class='ocrx_word' id='word_1_271' title='bbox 1634 396 1716 424; x_wconf 89' lang='lat' dir='ltr'><strong>sunt,</strong></span> <span class='ocrx_word' id='word_1_272' title='bbox 1734 392 1835 427; x_wconf 84' lang='lat' dir='ltr'><strong>adjun-</strong></span> 
     </span>
    </p>
   </div>
   <div class='ocr_carea' id='block_1_39' title="bbox 1055 436 1836 473">
    <p class='ocr_par' dir='ltr' id='par_1_39' title="bbox 1055 436 1836 473">
     <span class='ocr_line' id='line_1_39' title="bbox 1055 436 1836 473; baseline 0.005 -12"><span class='ocrx_word' id='word_1_273' title='bbox 1055 439 1156 470; x_wconf 79' lang='lat' dir='ltr'><strong>guntur</strong></span> <span class='ocrx_word' id='word_1_274' title='bbox 1173 436 1225 462; x_wconf 90' lang='lat' dir='ltr'><strong>hoc</strong></span> <span class='ocrx_word' id='word_1_275' title='bbox 1240 436 1321 463; x_wconf 91' lang='lat' dir='ltr'><strong>modo</strong></span> <span class='ocrx_word' id='word_1_276' title='bbox 1338 446 1343 463; x_wconf 96' lang='lat'>:</span> <span class='ocrx_word' id='word_1_277' title='bbox 1364 445 1373 461; x_wconf 89' lang='grc'><strong>‹</strong></span> <span class='ocrx_word' id='word_1_278' title='bbox 1393 436 1424 462; x_wconf 88' lang='lat' dir='ltr'><strong>Et</strong></span> <span class='ocrx_word' id='word_1_279' title='bbox 1447 437 1614 463; x_wconf 75' lang='lat' dir='ltr'><strong>aliundantia</strong></span> <span class='ocrx_word' id='word_1_280' title='bbox 1632 438 1706 472; x_wconf 85' lang='lat' dir='ltr'><strong>pacis</strong></span> <span class='ocrx_word' id='word_1_281' title='bbox 1723 446 1755 464; x_wconf 85' lang='lat' dir='ltr'><strong>ex</strong></span> <span class='ocrx_word' id='word_1_282' title='bbox 1770 445 1836 473; x_wconf 75' lang='lat' dir='ltr'><strong>gen-</strong></span> 
     </span>
    </p>
   </div>
   <div class='ocr_carea' id='block_1_40' title="bbox 1054 481 1836 517">
    <p class='ocr_par' dir='ltr' id='par_1_40' title="bbox 1054 481 1836 517">
     <span class='ocr_line' id='line_1_40' title="bbox 1054 481 1836 517; baseline 0.006 -10"><span class='ocrx_word' id='word_1_283' title='bbox 1054 481 1128 508; x_wconf 88' lang='lat' dir='ltr'><strong>tibus</strong></span> <span class='ocrx_word' id='word_1_284' title='bbox 1139 502 1146 514; x_wconf 92' lang='lat'><strong>,</strong></span> <span class='ocrx_word' id='word_1_285' title='bbox 1164 491 1173 507; x_wconf 86' lang='grc'><strong>›</strong></span> <span class='ocrx_word' id='word_1_286' title='bbox 1191 489 1240 516; x_wconf 92' lang='lat' dir='ltr'><strong>pro</strong></span> <span class='ocrx_word' id='word_1_287' title='bbox 1254 489 1308 516; x_wconf 89' lang='lat' dir='ltr'><strong>quo</strong></span> <span class='ocrx_word' id='word_1_288' title='bbox 1323 482 1420 516; x_wconf 87' lang='lat' dir='ltr'><strong>Aquila</strong></span> <span class='ocrx_word' id='word_1_289' title='bbox 1437 487 1464 509; x_wconf 87' lang='lat' dir='ltr'><strong>et</strong></span> <span class='ocrx_word' id='word_1_290' title='bbox 1481 483 1579 517; x_wconf 79' lang='lat' dir='ltr'><strong>reliqui</strong></span> <span class='ocrx_word' id='word_1_291' title='bbox 1598 483 1760 516; x_wconf 78' lang='lat' dir='ltr'><strong>interpretes</strong></span> <span class='ocrx_word' id='word_1_292' title='bbox 1775 485 1836 512; x_wconf 89' lang='lat' dir='ltr'><strong>red-</strong></span> 
     </span>
    </p>
   </div>
   <div class='ocr_carea' id='block_1_41' title="bbox 1054 526 1836 565">
    <p class='ocr_par' dir='ltr' id='par_1_41' title="bbox 1054 526 1836 565">
     <span class='ocr_line' id='line_1_41' title="bbox 1054 526 1836 565; baseline 0.006 -12"><span class='ocrx_word' id='word_1_293' title='bbox 1054 526 1181 554; x_wconf 83' lang='lat' dir='ltr'><strong>diderunt</strong></span> <span class='ocrx_word' id='word_1_294' title='bbox 1196 537 1202 554; x_wconf 84' lang='lat'><strong>:</strong></span> <span class='ocrx_word' id='word_1_295' title='bbox 1221 536 1231 552; x_wconf 86' lang='grc'><strong><em>‹</em></strong></span> <span class='ocrx_word' id='word_1_296' title='bbox 1246 527 1280 554; x_wconf 84' lang='lat' dir='ltr'><strong>Et</strong></span> <span class='ocrx_word' id='word_1_297' title='bbox 1310 528 1436 562; x_wconf 85' lang='lat' dir='ltr'><strong>loquetur</strong></span> <span class='ocrx_word' id='word_1_298' title='bbox 1465 536 1559 562; x_wconf 78' lang='lat' dir='ltr'><strong>pacem</strong></span> <span class='ocrx_word' id='word_1_299' title='bbox 1582 529 1722 564; x_wconf 80' lang='lat' dir='ltr'><strong>gentibus,</strong></span> <span class='ocrx_word' id='word_1_300' title='bbox 1740 539 1749 556; x_wconf 84' lang='grc'><strong>›</strong></span> <span class='ocrx_word' id='word_1_301' title='bbox 1764 530 1836 565; x_wconf 90' lang='lat' dir='ltr'><strong>quod</strong></span> 
     </span>
    </p>
   </div>
   <div class='ocr_carea' id='block_1_42' title="bbox 1054 572 1834 609">
    <p class='ocr_par' dir='ltr' id='par_1_42' title="bbox 1054 572 1834 609">
     <span class='ocr_line' id='line_1_42' title="bbox 1054 572 1834 609; baseline 0.005 -10"><span class='ocrx_word' id='word_1_302' title='bbox 1054 572 1162 607; x_wconf 85' lang='lat' dir='ltr'><strong>quidem</strong></span> <span class='ocrx_word' id='word_1_303' title='bbox 1178 574 1295 601; x_wconf 83' lang='lat' dir='ltr'><strong>maxime</strong></span> <span class='ocrx_word' id='word_1_304' title='bbox 1308 574 1342 602; x_wconf 89' lang='lat' dir='ltr'><strong>ab</strong></span> <span class='ocrx_word' id='word_1_305' title='bbox 1359 573 1474 608; x_wconf 78' lang='lat' dir='ltr'><strong>Augusti</strong></span> <span class='ocrx_word' id='word_1_306' title='bbox 1492 574 1605 609; x_wconf 90' lang='lat' dir='ltr'><strong>imperio</strong></span> <span class='ocrx_word' id='word_1_307' title='bbox 1622 580 1729 603; x_wconf 79' lang='lat' dir='ltr'><strong>eunstat</strong></span> <span class='ocrx_word' id='word_1_308' title='bbox 1745 577 1785 604; x_wconf 89' lang='lat' dir='ltr'><strong>vel</strong></span> <span class='ocrx_word' id='word_1_309' title='bbox 1802 577 1834 603; x_wconf 89' lang='lat' dir='ltr'><strong>ad</strong></span> 
     </span>
    </p>
   </div>
   <div class='ocr_carea' id='block_1_43' title="bbox 1059 620 1835 657">
    <p class='ocr_par' dir='ltr' id='par_1_43' title="bbox 1059 620 1835 657">
     <span class='ocr_line' id='line_1_43' title="bbox 1059 620 1835 657; baseline 0.004 -10"><span class='ocrx_word' id='word_1_310' title='bbox 1059 620 1171 647; x_wconf 77' lang='lat' dir='ltr'><strong>verbum</strong></span> <span class='ocrx_word' id='word_1_311' title='bbox 1193 628 1254 648; x_wconf 83' lang='lat' dir='ltr'><strong>esse</strong></span> <span class='ocrx_word' id='word_1_312' title='bbox 1272 621 1452 655; x_wconf 88' lang='lat' dir='ltr'><strong>completum,</strong></span> <span class='ocrx_word' id='word_1_313' title='bbox 1469 629 1530 648; x_wconf 90' lang='lat' dir='ltr'><strong>eum</strong></span> <span class='ocrx_word' id='word_1_314' title='bbox 1550 629 1582 647; x_wconf 84' lang='lat' dir='ltr'><strong>ex</strong></span> <span class='ocrx_word' id='word_1_315' title='bbox 1603 622 1650 647; x_wconf 87' lang='lat' dir='ltr'><strong>illo</strong></span> <span class='ocrx_word' id='word_1_316' title='bbox 1668 623 1758 650; x_wconf 90' lang='lat' dir='ltr'><strong>omnis</strong></span> <span class='ocrx_word' id='word_1_317' title='bbox 1773 624 1835 657; x_wconf 94' lang='lat' dir='ltr'><strong>qui-</strong></span> 
     </span>
    </p>
   </div>
   <div class='ocr_carea' id='block_1_44' title="bbox 1053 665 1834 701">
    <p class='ocr_par' dir='ltr' id='par_1_44' title="bbox 1053 665 1834 701">
     <span class='ocr_line' id='line_1_44' title="bbox 1053 665 1834 701; baseline 0.003 -9"><span class='ocrx_word' id='word_1_318' title='bbox 1053 665 1113 692; x_wconf 90' lang='lat' dir='ltr'><strong>dem</strong></span> <span class='ocrx_word' id='word_1_319' title='bbox 1142 665 1293 700; x_wconf 85' lang='lat' dir='ltr'><strong>principum</strong></span> <span class='ocrx_word' id='word_1_320' title='bbox 1314 666 1462 692; x_wconf 85' lang='lat' dir='ltr'><strong>multitudo</strong></span> <span class='ocrx_word' id='word_1_321' title='bbox 1486 665 1657 700; x_wconf 79' lang='lat' dir='ltr'><strong>disperierit,</strong></span> <span class='ocrx_word' id='word_1_322' title='bbox 1677 674 1729 701; x_wconf 76' lang='lat' dir='ltr'><strong>pax</strong></span> <span class='ocrx_word' id='word_1_323' title='bbox 1745 672 1834 694; x_wconf 87' lang='lat' dir='ltr'><strong>autem</strong></span> 
     </span>
    </p>
   </div>
   <div class='ocr_carea' id='block_1_45' title="bbox 1053 710 1835 748">
    <p class='ocr_par' dir='ltr' id='par_1_45' title="bbox 1053 710 1835 748">
     <span class='ocr_line' id='line_1_45' title="bbox 1053 710 1835 748; baseline 0.005 -12"><span class='ocrx_word' id='word_1_324' title='bbox 1053 710 1186 745; x_wconf 86' lang='lat' dir='ltr'><strong>plurimas</strong></span> <span class='ocrx_word' id='word_1_325' title='bbox 1210 712 1285 739; x_wconf 83' lang='lat' dir='ltr'><strong>orbis</strong></span> <span class='ocrx_word' id='word_1_326' title='bbox 1308 715 1404 746; x_wconf 79' lang='lat' dir='ltr'><strong>gentes</strong></span> <span class='ocrx_word' id='word_1_327' title='bbox 1423 711 1563 745; x_wconf 81' lang='lat' dir='ltr'><strong>complexa</strong></span> <span class='ocrx_word' id='word_1_328' title='bbox 1587 712 1631 738; x_wconf 86' lang='lat' dir='ltr'><strong>sit.</strong></span> <span class='ocrx_word' id='word_1_329' title='bbox 1660 712 1728 745; x_wconf 84' lang='lat' dir='ltr'><strong>Quis</strong></span> <span class='ocrx_word' id='word_1_330' title='bbox 1754 721 1835 748; x_wconf 89' lang='lat' dir='ltr'><strong>porro</strong></span> 
     </span>
    </p>
   </div>
   <div class='ocr_carea' id='block_1_46' title="bbox 1054 755 1836 791">
    <p class='ocr_par' dir='ltr' id='par_1_46' title="bbox 1054 755 1836 791">
     <span class='ocr_line' id='line_1_46' title="bbox 1054 755 1836 791; baseline 0.004 -9"><span class='ocrx_word' id='word_1_331' title='bbox 1054 760 1116 783; x_wconf 84' lang='lat' dir='ltr'><strong>ante</strong></span> <span class='ocrx_word' id='word_1_332' title='bbox 1133 755 1256 783; x_wconf 77' lang='lat' dir='ltr'><strong>Romana</strong></span> <span class='ocrx_word' id='word_1_333' title='bbox 1278 761 1399 791; x_wconf 87' lang='lat' dir='ltr'><strong>tempora</strong></span> <span class='ocrx_word' id='word_1_334' title='bbox 1415 757 1457 783; x_wconf 79' lang='lat' dir='ltr'><strong>vel</strong></span> <span class='ocrx_word' id='word_1_335' title='bbox 1478 756 1588 785; x_wconf 88' lang='lat' dir='ltr'><strong>Persico</strong></span> <span class='ocrx_word' id='word_1_336' title='bbox 1605 759 1645 785; x_wconf 69' lang='lat' dir='ltr'><strong>vel</strong></span> <span class='ocrx_word' id='word_1_337' title='bbox 1663 759 1836 787; x_wconf 80' lang='lat' dir='ltr'><strong>Macedonico</strong></span> 
     </span>
    </p>
   </div>
   <div class='ocr_carea' id='block_1_47' title="bbox 1054 802 1836 837">
    <p class='ocr_par' dir='ltr' id='par_1_47' title="bbox 1054 802 1836 837">
     <span class='ocr_line' id='line_1_47' title="bbox 1054 802 1836 837; baseline 0.004 -8"><span class='ocrx_word' id='word_1_338' title='bbox 1054 805 1144 829; x_wconf 86' lang='lat' dir='ltr'><strong>stante</strong></span> <span class='ocrx_word' id='word_1_339' title='bbox 1156 802 1284 837; x_wconf 88' lang='lat' dir='ltr'><strong>imperio,</strong></span> <span class='ocrx_word' id='word_1_340' title='bbox 1300 803 1360 830; x_wconf 89' lang='lat' dir='ltr'><strong>talis</strong></span> <span class='ocrx_word' id='word_1_341' title='bbox 1372 803 1477 830; x_wconf 81' lang='lat' dir='ltr'><strong>exstitit</strong></span> <span class='ocrx_word' id='word_1_342' title='bbox 1491 811 1537 830; x_wconf 83' lang='lat' dir='ltr'><strong>rex</strong></span> <span class='ocrx_word' id='word_1_343' title='bbox 1553 803 1706 831; x_wconf 60' lang='lat' dir='ltr'><strong>Iudaeorum</strong></span> <span class='ocrx_word' id='word_1_344' title='bbox 1717 824 1725 836; x_wconf 84' lang='lat'><strong>,</strong></span> <span class='ocrx_word' id='word_1_345' title='bbox 1742 810 1771 832; x_wconf 92' lang='lat' dir='ltr'><strong>ut</strong></span> <span class='ocrx_word' id='word_1_346' title='bbox 1787 805 1836 832; x_wconf 90' lang='lat' dir='ltr'><strong>do-</strong></span> 
     </span>
    </p>
   </div>
   <div class='ocr_carea' id='block_1_48' title="bbox 1053 848 1835 884">
    <p class='ocr_par' dir='ltr' id='par_1_48' title="bbox 1053 848 1835 884">
     <span class='ocr_line' id='line_1_48' title="bbox 1053 848 1835 884; baseline 0.005 -10"><span class='ocrx_word' id='word_1_347' title='bbox 1053 848 1173 876; x_wconf 89' lang='lat' dir='ltr'><strong>minatus</strong></span> <span class='ocrx_word' id='word_1_348' title='bbox 1189 849 1224 875; x_wconf 88' lang='lat' dir='ltr'><strong>sit</strong></span> <span class='ocrx_word' id='word_1_349' title='bbox 1239 857 1253 875; x_wconf 93' lang='lat' dir='ltr'><strong>a</strong></span> <span class='ocrx_word' id='word_1_350' title='bbox 1268 849 1336 876; x_wconf 90' lang='lat' dir='ltr'><strong>mari</strong></span> <span class='ocrx_word' id='word_1_351' title='bbox 1352 858 1438 884; x_wconf 87' lang='lat' dir='ltr'><strong>usque</strong></span> <span class='ocrx_word' id='word_1_352' title='bbox 1453 850 1485 876; x_wconf 91' lang='lat' dir='ltr'><strong>ad</strong></span> <span class='ocrx_word' id='word_1_353' title='bbox 1500 857 1591 882; x_wconf 79' lang='lat' dir='ltr'><strong>mare,</strong></span> <span class='ocrx_word' id='word_1_354' title='bbox 1608 855 1635 878; x_wconf 90' lang='lat' dir='ltr'><strong>et</strong></span> <span class='ocrx_word' id='word_1_355' title='bbox 1649 859 1662 876; x_wconf 87' lang='lat' dir='ltr'><strong>:l</strong></span> <span class='ocrx_word' id='word_1_356' title='bbox 1678 851 1835 878; x_wconf 85' lang='lat' dir='ltr'><strong>ﬂuminibus</strong></span> 
     </span>
    </p>
   </div>
   <div class='ocr_carea' id='block_1_49' title="bbox 1055 894 1834 933">
    <p class='ocr_par' dir='ltr' id='par_1_49' title="bbox 1055 894 1834 933">
     <span class='ocr_line' id='line_1_49' title="bbox 1055 894 1834 933; baseline 0.006 -13"><span class='ocrx_word' id='word_1_357' title='bbox 1055 901 1142 928; x_wconf 88' lang='lat' dir='ltr'><strong>usque</strong></span> <span class='ocrx_word' id='word_1_358' title='bbox 1159 894 1192 922; x_wconf 87' lang='lat' dir='ltr'><strong>ad</strong></span> <span class='ocrx_word' id='word_1_359' title='bbox 1209 896 1341 922; x_wconf 79' lang='lat' dir='ltr'><strong>terminos</strong></span> <span class='ocrx_word' id='word_1_360' title='bbox 1355 897 1430 923; x_wconf 87' lang='lat' dir='ltr'><strong>orbis</strong></span> <span class='ocrx_word' id='word_1_361' title='bbox 1448 897 1551 923; x_wconf 77' lang='lat' dir='ltr'><strong>terrae?</strong></span> <span class='ocrx_word' id='word_1_362' title='bbox 1569 897 1661 932; x_wconf 81' lang='lat' dir='ltr'><strong>itaque</strong></span> <span class='ocrx_word' id='word_1_363' title='bbox 1677 897 1728 925; x_wconf 88' lang='lat' dir='ltr'><strong>hoc</strong></span> <span class='ocrx_word' id='word_1_364' title='bbox 1747 898 1834 933; x_wconf 78' lang='lat' dir='ltr'><strong>signi-</strong></span> 
     </span>
    </p>
   </div>
   <div class='ocr_carea' id='block_1_50' title="bbox 1054 939 1833 977">
    <p class='ocr_par' dir='ltr' id='par_1_50' title="bbox 1054 939 1833 977">
     <span class='ocr_line' id='line_1_50' title="bbox 1054 939 1833 977; baseline 0.008 -12"><span class='ocrx_word' id='word_1_365' title='bbox 1054 939 1168 966; x_wconf 82' lang='lat' dir='ltr'><strong>ﬁcarunt</strong></span> <span class='ocrx_word' id='word_1_366' title='bbox 1190 941 1287 975; x_wconf 85' lang='lat' dir='ltr'><strong>reliqui</strong></span> <span class='ocrx_word' id='word_1_367' title='bbox 1311 941 1481 976; x_wconf 82' lang='lat' dir='ltr'><strong>interpretes.</strong></span> <span class='ocrx_word' id='word_1_368' title='bbox 1506 943 1603 977; x_wconf 91' lang='lat' dir='ltr'><strong>Aquila</strong></span> <span class='ocrx_word' id='word_1_369' title='bbox 1627 944 1698 970; x_wconf 91' lang='lat' dir='ltr'><strong>enim</strong></span> <span class='ocrx_word' id='word_1_370' title='bbox 1717 944 1757 971; x_wconf 90' lang='lat' dir='ltr'><strong>sic</strong></span> <span class='ocrx_word' id='word_1_371' title='bbox 1773 944 1833 972; x_wconf 84' lang='lat' dir='ltr'><strong>ait;</strong></span> 
     </span>
    </p>
   </div>
   <div class='ocr_carea' id='block_1_51' title="bbox 1056 986 1834 1024">
    <p class='ocr_par' dir='ltr' id='par_1_51' title="bbox 1056 986 1834 1024">
     <span class='ocr_line' id='line_1_51' title="bbox 1056 986 1834 1024; baseline 0.008 -13"><span class='ocrx_word' id='word_1_372' title='bbox 1056 994 1065 1010; x_wconf 80' lang='grc' dir='ltr'><strong>ι</strong></span> <span class='ocrx_word' id='word_1_373' title='bbox 1085 986 1116 1012; x_wconf 79' lang='lat' dir='ltr'><strong>Et</strong></span> <span class='ocrx_word' id='word_1_374' title='bbox 1138 986 1263 1020; x_wconf 79' lang='lat' dir='ltr'><strong>loquetur</strong></span> <span class='ocrx_word' id='word_1_375' title='bbox 1282 995 1374 1021; x_wconf 85' lang='lat' dir='ltr'><strong>pacem</strong></span> <span class='ocrx_word' id='word_1_376' title='bbox 1390 989 1533 1023; x_wconf 76' lang='lat' dir='ltr'><strong>gentibus,</strong></span> <span class='ocrx_word' id='word_1_377' title='bbox 1549 993 1576 1016; x_wconf 88' lang='lat' dir='ltr'><strong>et</strong></span> <span class='ocrx_word' id='word_1_378' title='bbox 1601 994 1722 1023; x_wconf 89' lang='lat' dir='ltr'><strong>potestas</strong></span> <span class='ocrx_word' id='word_1_379' title='bbox 1737 990 1797 1024; x_wconf 89' lang='lat' dir='ltr'><strong>ejus</strong></span> <span class='ocrx_word' id='word_1_380' title='bbox 1820 997 1834 1016; x_wconf 85' lang='lat' dir='ltr'><strong>a</strong></span> 
     </span>
    </p>
   </div>
   <div class='ocr_carea' id='block_1_52' title="bbox 1053 1031 1835 1071">
    <p class='ocr_par' dir='ltr' id='par_1_52' title="bbox 1053 1031 1835 1071">
     <span class='ocr_line' id='line_1_52' title="bbox 1053 1031 1835 1071; baseline 0.008 -14"><span class='ocrx_word' id='word_1_381' title='bbox 1053 1031 1121 1057; x_wconf 90' lang='lat' dir='ltr'><strong>mari</strong></span> <span class='ocrx_word' id='word_1_382' title='bbox 1144 1039 1232 1066; x_wconf 87' lang='lat' dir='ltr'><strong>usque</strong></span> <span class='ocrx_word' id='word_1_383' title='bbox 1251 1033 1285 1059; x_wconf 90' lang='lat' dir='ltr'><strong>ad</strong></span> <span class='ocrx_word' id='word_1_384' title='bbox 1308 1041 1399 1066; x_wconf 83' lang='lat' dir='ltr'><strong>mare.</strong></span> <span class='ocrx_word' id='word_1_385' title='bbox 1423 1038 1450 1061; x_wconf 82' lang='lat' dir='ltr'><strong>et</strong></span> <span class='ocrx_word' id='word_1_386' title='bbox 1472 1042 1486 1061; x_wconf 87' lang='lat' dir='ltr'><strong>a</strong></span> <span class='ocrx_word' id='word_1_387' title='bbox 1509 1034 1668 1063; x_wconf 86' lang='lat' dir='ltr'><strong>ﬂuminibus</strong></span> <span class='ocrx_word' id='word_1_388' title='bbox 1690 1044 1778 1071; x_wconf 89' lang='lat' dir='ltr'><strong>usque</strong></span> <span class='ocrx_word' id='word_1_389' title='bbox 1801 1037 1835 1063; x_wconf 83' lang='lat' dir='ltr'><strong>ad</strong></span> 
     </span>
    </p>
   </div>
   <div class='ocr_carea' id='block_1_53' title="bbox 1053 1077 1835 1109">
    <p class='ocr_par' dir='ltr' id='par_1_53' title="bbox 1053 1077 1835 1109">
     <span class='ocr_line' id='line_1_53' title="bbox 1053 1077 1835 1109; baseline 0.009 -7"><span class='ocrx_word' id='word_1_390' title='bbox 1053 1077 1185 1105; x_wconf 84' lang='lat' dir='ltr'><strong>terminos</strong></span> <span class='ocrx_word' id='word_1_391' title='bbox 1200 1077 1275 1104; x_wconf 86' lang='lat' dir='ltr'><strong>orbis</strong></span> <span class='ocrx_word' id='word_1_392' title='bbox 1296 1082 1383 1105; x_wconf 66' lang='lat' dir='ltr'><strong>terrm.</strong></span> <span class='ocrx_word' id='word_1_393' title='bbox 1401 1089 1410 1105; x_wconf 75' lang='grc' dir='ltr'><strong>ι</strong></span> <span class='ocrx_word' id='word_1_394' title='bbox 1426 1080 1475 1107; x_wconf 87' lang='lat' dir='ltr'><strong>Cui</strong></span> <span class='ocrx_word' id='word_1_395' title='bbox 1498 1082 1648 1108; x_wconf 84' lang='lat' dir='ltr'><strong>concordat</strong></span> <span class='ocrx_word' id='word_1_396' title='bbox 1670 1083 1750 1108; x_wconf 83' lang='lat' dir='ltr'><strong>etiam</strong></span> <span class='ocrx_word' id='word_1_397' title='bbox 1769 1082 1835 1109; x_wconf 85' lang='lat' dir='ltr'><strong>illud</strong></span> 
     </span>
    </p>
   </div>
   <div class='ocr_carea' id='block_1_54' title="bbox 1052 1123 1835 1162">
    <p class='ocr_par' dir='ltr' id='par_1_54' title="bbox 1052 1123 1835 1162">
     <span class='ocr_line' id='line_1_54' title="bbox 1052 1123 1835 1162; baseline 0.006 -14"><span class='ocrx_word' id='word_1_398' title='bbox 1052 1123 1124 1156; x_wconf 91' lang='lat' dir='ltr'><strong>quod</strong></span> <span class='ocrx_word' id='word_1_399' title='bbox 1145 1123 1171 1149; x_wconf 94' lang='lat' dir='ltr'><strong>in</strong></span> <span class='ocrx_word' id='word_1_400' title='bbox 1193 1130 1256 1149; x_wconf 80' lang='lat' dir='ltr'><strong>Lxxt</strong></span> <span class='ocrx_word' id='word_1_401' title='bbox 1278 1124 1382 1158; x_wconf 82' lang='lat' dir='ltr'><strong>psalmo</strong></span> <span class='ocrx_word' id='word_1_402' title='bbox 1399 1125 1432 1151; x_wconf 86' lang='lat' dir='ltr'><strong>de</strong></span> <span class='ocrx_word' id='word_1_403' title='bbox 1446 1124 1556 1153; x_wconf 87' lang='lat' dir='ltr'><strong>Christo</strong></span> <span class='ocrx_word' id='word_1_404' title='bbox 1571 1127 1688 1158; x_wconf 79' lang='lat' dir='ltr'><strong>canitur.</strong></span> <span class='ocrx_word' id='word_1_405' title='bbox 1706 1127 1752 1162; x_wconf 87' lang='lat' dir='ltr'><strong>qui</strong></span> <span class='ocrx_word' id='word_1_406' title='bbox 1776 1133 1835 1154; x_wconf 87' lang='lat' dir='ltr'><strong>erat</strong></span> 
     </span>
    </p>
   </div>
   <div class='ocr_carea' id='block_1_55' title="bbox 1051 1168 1834 1207">
    <p class='ocr_par' dir='ltr' id='par_1_55' title="bbox 1051 1168 1834 1207">
     <span class='ocr_line' id='line_1_55' title="bbox 1051 1168 1834 1207; baseline 0.009 -12"><span class='ocrx_word' id='word_1_407' title='bbox 1051 1168 1085 1195; x_wconf 86' lang='lat' dir='ltr'><strong>de</strong></span> <span class='ocrx_word' id='word_1_408' title='bbox 1103 1169 1207 1196; x_wconf 85' lang='lat' dir='ltr'><strong>semine</strong></span> <span class='ocrx_word' id='word_1_409' title='bbox 1229 1168 1385 1197; x_wconf 88' lang='lat' dir='ltr'><strong>Salomonis</strong></span> <span class='ocrx_word' id='word_1_410' title='bbox 1409 1171 1549 1203; x_wconf 88' lang='lat' dir='ltr'><strong>oriturus,</strong></span> <span class='ocrx_word' id='word_1_411' title='bbox 1575 1173 1646 1207; x_wconf 90' lang='lat' dir='ltr'><strong>quod</strong></span> <span class='ocrx_word' id='word_1_412' title='bbox 1673 1174 1781 1207; x_wconf 86' lang='lat' dir='ltr'><strong>quidem</strong></span> <span class='ocrx_word' id='word_1_413' title='bbox 1807 1176 1834 1202; x_wconf 90' lang='lat' dir='ltr'><strong>in</strong></span> 
     </span>
    </p>
   </div>
   <div class='ocr_carea' id='block_1_56' title="bbox 1052 1214 1835 1256">
    <p class='ocr_par' dir='ltr' id='par_1_56' title="bbox 1052 1214 1835 1256">
     <span class='ocr_line' id='line_1_56' title="bbox 1052 1214 1835 1256; baseline 0.01 -16"><span class='ocrx_word' id='word_1_414' title='bbox 1052 1214 1124 1241; x_wconf 91' lang='lat' dir='ltr'><strong>hunc</strong></span> <span class='ocrx_word' id='word_1_415' title='bbox 1140 1215 1250 1242; x_wconf 88' lang='lat' dir='ltr'><strong>modum</strong></span> <span class='ocrx_word' id='word_1_416' title='bbox 1275 1223 1304 1242; x_wconf 85' lang='lat' dir='ltr'><strong>se</strong></span> <span class='ocrx_word' id='word_1_417' title='bbox 1320 1215 1423 1243; x_wconf 87' lang='lat' dir='ltr'><strong>habet:</strong></span> <span class='ocrx_word' id='word_1_418' title='bbox 1441 1226 1451 1242; x_wconf 82' lang='grc' dir='ltr'><strong>ι</strong></span> <span class='ocrx_word' id='word_1_419' title='bbox 1473 1217 1582 1244; x_wconf 87' lang='lat' dir='ltr'><strong>Orietur</strong></span> <span class='ocrx_word' id='word_1_420' title='bbox 1604 1219 1631 1245; x_wconf 92' lang='lat' dir='ltr'><strong>in</strong></span> <span class='ocrx_word' id='word_1_421' title='bbox 1652 1219 1747 1247; x_wconf 81' lang='lat' dir='ltr'><strong>diebus</strong></span> <span class='ocrx_word' id='word_1_422' title='bbox 1776 1221 1835 1256; x_wconf 87' lang='lat' dir='ltr'><strong>ejus</strong></span> 
     </span>
    </p>
   </div>
   <div class='ocr_carea' id='block_1_57' title="bbox 1049 1261 1834 1298">
    <p class='ocr_par' dir='ltr' id='par_1_57' title="bbox 1049 1261 1834 1298">
     <span class='ocr_line' id='line_1_57' title="bbox 1049 1261 1834 1298; baseline 0.009 -11"><span class='ocrx_word' id='word_1_423' title='bbox 1049 1261 1172 1295; x_wconf 85' lang='lat' dir='ltr'><strong>justitia,</strong></span> <span class='ocrx_word' id='word_1_424' title='bbox 1188 1265 1215 1288; x_wconf 89' lang='lat' dir='ltr'><strong>et</strong></span> <span class='ocrx_word' id='word_1_425' title='bbox 1229 1261 1394 1289; x_wconf 86' lang='lat' dir='ltr'><strong>abundantia</strong></span> <span class='ocrx_word' id='word_1_426' title='bbox 1409 1263 1582 1297; x_wconf 69' lang='lat' dir='ltr'><strong>pacisdonec</strong></span> <span class='ocrx_word' id='word_1_427' title='bbox 1600 1265 1741 1292; x_wconf 67' lang='lat' dir='ltr'><strong>nuli-ratur</strong></span> <span class='ocrx_word' id='word_1_428' title='bbox 1760 1267 1834 1298; x_wconf 85' lang='lat' dir='ltr'><strong>luna,</strong></span> 
     </span>
    </p>
   </div>
   <div class='ocr_carea' id='block_1_58' title="bbox 1051 1306 1836 1342">
    <p class='ocr_par' dir='ltr' id='par_1_58' title="bbox 1051 1306 1836 1342">
     <span class='ocr_line' id='line_1_58' title="bbox 1051 1306 1836 1342; baseline 0.01 -10"><span class='ocrx_word' id='word_1_429' title='bbox 1051 1311 1078 1333; x_wconf 90' lang='lat' dir='ltr'><strong>et</strong></span> <span class='ocrx_word' id='word_1_430' title='bbox 1093 1306 1280 1334; x_wconf 85' lang='lat' dir='ltr'><strong>dominabitur</strong></span> <span class='ocrx_word' id='word_1_431' title='bbox 1294 1315 1309 1334; x_wconf 86' lang='lat' dir='ltr'><strong>a</strong></span> <span class='ocrx_word' id='word_1_432' title='bbox 1327 1309 1395 1339; x_wconf 80' lang='lat' dir='ltr'><strong>mari</strong></span> <span class='ocrx_word' id='word_1_433' title='bbox 1414 1316 1501 1342; x_wconf 87' lang='lat' dir='ltr'><strong>nsque</strong></span> <span class='ocrx_word' id='word_1_434' title='bbox 1526 1309 1559 1336; x_wconf 89' lang='lat' dir='ltr'><strong>ad</strong></span> <span class='ocrx_word' id='word_1_435' title='bbox 1584 1318 1675 1338; x_wconf 85' lang='lat' dir='ltr'><strong>mare.</strong></span> <span class='ocrx_word' id='word_1_436' title='bbox 1699 1316 1726 1338; x_wconf 84' lang='lat' dir='ltr'><strong>ct</strong></span> <span class='ocrx_word' id='word_1_437' title='bbox 1747 1320 1762 1338; x_wconf 89' lang='lat' dir='ltr'><strong>a</strong></span> <span class='ocrx_word' id='word_1_438' title='bbox 1785 1313 1836 1340; x_wconf 85' lang='lat' dir='ltr'><strong>Ilu—</strong></span> 
     </span>
    </p>
   </div>
   <div class='ocr_carea' id='block_1_59' title="bbox 1052 1354 1834 1389">
    <p class='ocr_par' dir='ltr' id='par_1_59' title="bbox 1052 1354 1834 1389">
     <span class='ocr_line' id='line_1_59' title="bbox 1052 1354 1834 1389; baseline 0.008 -9"><span class='ocrx_word' id='word_1_439' title='bbox 1052 1354 1126 1381; x_wconf 89' lang='lat' dir='ltr'><strong>mine</strong></span> <span class='ocrx_word' id='word_1_440' title='bbox 1141 1362 1228 1389; x_wconf 83' lang='lat' dir='ltr'><strong>usque</strong></span> <span class='ocrx_word' id='word_1_441' title='bbox 1242 1355 1276 1382; x_wconf 87' lang='lat' dir='ltr'><strong>ad</strong></span> <span class='ocrx_word' id='word_1_442' title='bbox 1291 1356 1423 1383; x_wconf 88' lang='lat' dir='ltr'><strong>terminos</strong></span> <span class='ocrx_word' id='word_1_443' title='bbox 1436 1357 1511 1385; x_wconf 87' lang='lat' dir='ltr'><strong>orbis</strong></span> <span class='ocrx_word' id='word_1_444' title='bbox 1527 1361 1607 1386; x_wconf 79' lang='lat' dir='ltr'><strong>terra:</strong></span> <span class='ocrx_word' id='word_1_445' title='bbox 1621 1359 1640 1386; x_wconf 89' lang='grc'><strong>⁷.</strong></span> <span class='ocrx_word' id='word_1_446' title='bbox 1662 1368 1671 1383; x_wconf 69' lang='grc' dir='ltr'><strong>ι</strong></span> <span class='ocrx_word' id='word_1_447' title='bbox 1686 1358 1747 1386; x_wconf 70' lang='lat' dir='ltr'><strong>llmc</strong></span> <span class='ocrx_word' id='word_1_448' title='bbox 1762 1360 1834 1387; x_wconf 87' lang='lat' dir='ltr'><strong>enim</strong></span> 
     </span>
    </p>
   </div>
   <div class='ocr_carea' id='block_1_60' title="bbox 1051 1401 1878 1439">
    <p class='ocr_par' dir='ltr' id='par_1_60' title="bbox 1051 1401 1878 1439">
     <span class='ocr_line' id='line_1_60' title="bbox 1051 1401 1878 1439; baseline 0.007 -12"><span class='ocrx_word' id='word_1_449' title='bbox 1051 1401 1084 1428; x_wconf 92' lang='lat' dir='ltr'><strong>de</strong></span> <span class='ocrx_word' id='word_1_450' title='bbox 1107 1401 1162 1428; x_wconf 84' lang='lat' dir='ltr'><strong>tilio</strong></span> <span class='ocrx_word' id='word_1_451' title='bbox 1185 1401 1340 1430; x_wconf 85' lang='lat' dir='ltr'><strong>Salomonis</strong></span> <span class='ocrx_word' id='word_1_452' title='bbox 1361 1403 1434 1430; x_wconf 84' lang='lat' dir='ltr'><strong>dicta</strong></span> <span class='ocrx_word' id='word_1_453' title='bbox 1457 1408 1522 1431; x_wconf 91' lang='lat' dir='ltr'><strong>sunt</strong></span> <span class='ocrx_word' id='word_1_454' title='bbox 1542 1412 1602 1439; x_wconf 73' lang='lat' dir='ltr'><strong>qua:</strong></span> <span class='ocrx_word' id='word_1_455' title='bbox 1620 1405 1686 1431; x_wconf 86' lang='lat' dir='ltr'><strong>nihil</strong></span> <span class='ocrx_word' id='word_1_456' title='bbox 1705 1405 1835 1433; x_wconf 80' lang='lat' dir='ltr'><strong>dili‘erun:</strong></span> <span class='ocrx_word' id='word_1_457' title='bbox 1875 1423 1878 1428; x_wconf 86' lang='lat'><strong><em>-</em></strong></span> 
     </span>
    </p>
   </div>
   <div class='ocr_carea' id='block_1_61' title="bbox 1051 1447 1832 1486">
    <p class='ocr_par' dir='ltr' id='par_1_61' title="bbox 1051 1447 1832 1486">
     <span class='ocr_line' id='line_1_61' title="bbox 1051 1447 1832 1486; baseline 0.006 -12"><span class='ocrx_word' id='word_1_458' title='bbox 1051 1447 1085 1474; x_wconf 87' lang='lat' dir='ltr'><strong>ab</strong></span> <span class='ocrx_word' id='word_1_459' title='bbox 1112 1448 1163 1480; x_wconf 85' lang='lat' dir='ltr'><strong>iis,</strong></span> <span class='ocrx_word' id='word_1_460' title='bbox 1188 1456 1249 1483; x_wconf 67' lang='lat' dir='ltr'><strong>qua:</strong></span> <span class='ocrx_word' id='word_1_461' title='bbox 1274 1449 1346 1484; x_wconf 87' lang='lat' dir='ltr'><strong>apud</strong></span> <span class='ocrx_word' id='word_1_462' title='bbox 1372 1448 1536 1484; x_wconf 80' lang='lat' dir='ltr'><strong>Prophetam</strong></span> <span class='ocrx_word' id='word_1_463' title='bbox 1561 1452 1699 1486; x_wconf 78' lang='lat' dir='ltr'><strong>leguntur.</strong></span> <span class='ocrx_word' id='word_1_464' title='bbox 1717 1451 1832 1484; x_wconf 87' lang='lat' dir='ltr'><strong>Quando</strong></span> 
     </span>
    </p>
   </div>
   <div class='ocr_carea' id='block_1_62' title="bbox 1051 1493 1836 1531">
    <p class='ocr_par' dir='ltr' id='par_1_62' title="bbox 1051 1493 1836 1531">
     <span class='ocr_line' id='line_1_62' title="bbox 1051 1493 1836 1531; baseline 0.008 -12"><span class='ocrx_word' id='word_1_465' title='bbox 1051 1493 1134 1528; x_wconf 77' lang='lat' dir='ltr'><strong>igitur</strong></span> <span class='ocrx_word' id='word_1_466' title='bbox 1148 1494 1220 1527; x_wconf 54' lang='lat' dir='ltr'><strong>haec,</strong></span> <span class='ocrx_word' id='word_1_467' title='bbox 1237 1494 1278 1521; x_wconf 89' lang='lat' dir='ltr'><strong>vel</strong></span> <span class='ocrx_word' id='word_1_468' title='bbox 1292 1495 1443 1529; x_wconf 85' lang='lat' dir='ltr'><strong>quomodo,</strong></span> <span class='ocrx_word' id='word_1_469' title='bbox 1460 1500 1506 1522; x_wconf 88' lang='lat' dir='ltr'><strong>aut</strong></span> <span class='ocrx_word' id='word_1_470' title='bbox 1522 1497 1622 1531; x_wconf 83' lang='lat' dir='ltr'><strong>quibus</strong></span> <span class='ocrx_word' id='word_1_471' title='bbox 1640 1498 1750 1525; x_wconf 82' lang='lat' dir='ltr'><strong>tandem</strong></span> <span class='ocrx_word' id='word_1_472' title='bbox 1767 1502 1836 1525; x_wconf 87' lang='lat' dir='ltr'><strong>tem-</strong></span> 
     </span>
    </p>
   </div>
   <div class='ocr_carea' id='block_1_63' title="bbox 223 1539 1001 1582">
    <p class='ocr_par' dir='ltr' id='par_1_63' title="bbox 223 1539 1000 1576">
     <span class='ocr_line' id='line_1_63' title="bbox 223 1539 1000 1576; baseline 0.004 -11"><span class='ocrx_word' id='word_1_473' title='bbox 223 1539 408 1575; x_wconf 78' lang='grc' dir='ltr'>Ἰερουσαλὴμ,</span> <span class='ocrx_word' id='word_1_474' title='bbox 422 1540 468 1566; x_wconf 80' lang='grc' dir='ltr'>καὶ</span> <span class='ocrx_word' id='word_1_475' title='bbox 484 1540 497 1566; x_wconf 87' lang='grc' dir='ltr'>ὁ</span> <span class='ocrx_word' id='word_1_476' title='bbox 516 1540 543 1565; x_wconf 84' lang='grc' dir='ltr'>ὲν</span> <span class='ocrx_word' id='word_1_477' title='bbox 560 1540 628 1575; x_wconf 87' lang='grc' dir='ltr'><strong>αὺτῇ</strong></span> <span class='ocrx_word' id='word_1_478' title='bbox 644 1540 796 1576; x_wconf 78' lang='grc' dir='ltr'>κατεῤῥίφη</span> <span class='ocrx_word' id='word_1_479' title='bbox 815 1540 890 1572; x_wconf 84' lang='grc' dir='ltr'>νεώς.</span> <span class='ocrx_word' id='word_1_480' title='bbox 909 1542 940 1567; x_wconf 80' lang='lat'><strong>‘0</strong></span> <span class='ocrx_word' id='word_1_481' title='bbox 955 1543 1000 1568; x_wconf 78' lang='grc' dir='ltr'>καὶ</span> 
     </span>
    </p>
   </div>
   <div class='ocr_carea' id='block_1_64' title="bbox 1046 1539 1834 1582">
    <p class='ocr_par' dir='ltr' id='par_1_64' title="bbox 1052 1539 1834 1577">
     <span class='ocr_line' id='line_1_64' title="bbox 1052 1539 1834 1577; baseline 0.006 -11"><span class='ocrx_word' id='word_1_482' title='bbox 1052 1539 1164 1573; x_wconf 89' lang='lat' dir='ltr'><strong>poribus</strong></span> <span class='ocrx_word' id='word_1_483' title='bbox 1179 1540 1351 1571; x_wconf 81' lang='lat' dir='ltr'><strong>exstiterint,</strong></span> <span class='ocrx_word' id='word_1_484' title='bbox 1371 1541 1393 1567; x_wconf 92' lang='lat' dir='ltr'><strong>si</strong></span> <span class='ocrx_word' id='word_1_485' title='bbox 1413 1541 1475 1576; x_wconf 84' lang='lat' dir='ltr'><strong>quis</strong></span> <span class='ocrx_word' id='word_1_486' title='bbox 1496 1547 1537 1569; x_wconf 89' lang='lat' dir='ltr'><strong>est</strong></span> <span class='ocrx_word' id='word_1_487' title='bbox 1558 1543 1603 1577; x_wconf 85' lang='lat' dir='ltr'><strong>qui</strong></span> <span class='ocrx_word' id='word_1_488' title='bbox 1625 1544 1726 1577; x_wconf 87' lang='lat' dir='ltr'><strong>possit,</strong></span> <span class='ocrx_word' id='word_1_489' title='bbox 1748 1544 1834 1571; x_wconf 85' lang='lat' dir='ltr'><strong>inter-</strong></span> 
     </span>
    </p>
   </div>
   <div class='ocr_carea' id='block_1_65' title="bbox 217 1585 998 1623">
    <p class='ocr_par' dir='ltr' id='par_1_65' title="bbox 217 1585 998 1623">
     <span class='ocr_line' id='line_1_65' title="bbox 217 1585 998 1623; baseline 0.003 -12"><span class='ocrx_word' id='word_1_490' title='bbox 217 1585 282 1612; x_wconf 69' lang='grc' dir='ltr'>αὐτὸ</span> <span class='ocrx_word' id='word_1_491' title='bbox 293 1585 384 1621; x_wconf 83' lang='grc' dir='ltr'>θαῦμα</span> <span class='ocrx_word' id='word_1_492' title='bbox 401 1585 471 1621; x_wconf 86' lang='grc' dir='ltr'>μέγα</span> <span class='ocrx_word' id='word_1_493' title='bbox 485 1585 552 1620; x_wconf 77' lang='grc' dir='ltr'>ἔχει,</span> <span class='ocrx_word' id='word_1_494' title='bbox 562 1585 598 1617; x_wconf 83' lang='grc' dir='ltr'>ὡς</span> <span class='ocrx_word' id='word_1_495' title='bbox 609 1586 716 1621; x_wconf 75' lang='grc' dir='ltr'>ᾐνίξατο</span> <span class='ocrx_word' id='word_1_496' title='bbox 729 1586 743 1612; x_wconf 76' lang='grc' dir='ltr'>ὁ</span> <span class='ocrx_word' id='word_1_497' title='bbox 754 1588 895 1623; x_wconf 75' lang='grc' dir='ltr'>προφήτης</span> <span class='ocrx_word' id='word_1_498' title='bbox 905 1587 998 1613; x_wconf 77' lang='grc' dir='ltr'>εἰπών·</span> 
     </span>
    </p>
   </div>
   <div class='ocr_carea' id='block_1_66' title="bbox 219 1631 1000 1668">
    <p class='ocr_par' dir='ltr' id='par_1_66' title="bbox 219 1631 1000 1668">
     <span class='ocr_line' id='line_1_66' title="bbox 219 1631 1000 1668; baseline 0.001 -10"><span class='ocrx_word' id='word_1_499' title='bbox 219 1640 230 1658; x_wconf 75' lang='grc' dir='ltr'>ι</span> <span class='ocrx_word' id='word_1_500' title='bbox 242 1631 385 1664; x_wconf 76' lang='grc' dir='ltr'>Διάνοιξον,</span> <span class='ocrx_word' id='word_1_501' title='bbox 394 1632 408 1658; x_wconf 75' lang='grc' dir='ltr'>ὁ</span> <span class='ocrx_word' id='word_1_502' title='bbox 418 1631 541 1664; x_wconf 84' lang='grc' dir='ltr'>Λίϐανος,</span> <span class='ocrx_word' id='word_1_503' title='bbox 553 1631 602 1663; x_wconf 79' lang='grc' dir='ltr'><strong>τὰς</strong></span> <span class='ocrx_word' id='word_1_504' title='bbox 611 1631 693 1666; x_wconf 81' lang='grc' dir='ltr'>Θύρας</span> <span class='ocrx_word' id='word_1_505' title='bbox 704 1641 761 1663; x_wconf 89' lang='grc' dir='ltr'>σου,</span> <span class='ocrx_word' id='word_1_506' title='bbox 769 1633 815 1658; x_wconf 70' lang='lat' dir='ltr'><strong>xui.</strong></span> <span class='ocrx_word' id='word_1_507' title='bbox 823 1634 1000 1668; x_wconf 77' lang='grc' dir='ltr'>καταφαγέτω</span> 
     </span>
    </p>
   </div>
   <div class='ocr_carea' id='block_1_67' title="bbox 218 1677 1000 1714">
    <p class='ocr_par' dir='ltr' id='par_1_67' title="bbox 218 1677 1000 1714">
     <span class='ocr_line' id='line_1_67' title="bbox 218 1677 1000 1714; baseline 0.001 -10"><span class='ocrx_word' id='word_1_508' title='bbox 218 1677 273 1714; x_wconf 74' lang='grc' dir='ltr'>πῦρ</span> <span class='ocrx_word' id='word_1_509' title='bbox 284 1678 333 1709; x_wconf 85' lang='grc' dir='ltr'><strong>τὰς</strong></span> <span class='ocrx_word' id='word_1_510' title='bbox 350 1678 461 1713; x_wconf 81' lang='grc' dir='ltr'>κέδρους</span> <span class='ocrx_word' id='word_1_511' title='bbox 476 1686 531 1704; x_wconf 83' lang='grc' dir='ltr'>σου.</span> <span class='ocrx_word' id='word_1_512' title='bbox 552 1687 561 1703; x_wconf 84' lang='grc'><strong>›</strong></span> <span class='ocrx_word' id='word_1_513' title='bbox 582 1678 694 1704; x_wconf 81' lang='grc' dir='ltr'>Λίϐανον</span> <span class='ocrx_word' id='word_1_514' title='bbox 709 1679 762 1714; x_wconf 79' lang='grc' dir='ltr'>γὰρ</span> <span class='ocrx_word' id='word_1_515' title='bbox 778 1679 806 1704; x_wconf 79' lang='grc' dir='ltr'><strong>ἐν</strong></span> <span class='ocrx_word' id='word_1_516' title='bbox 821 1678 925 1710; x_wconf 80' lang='grc' dir='ltr'>τούτοις</span> <span class='ocrx_word' id='word_1_517' title='bbox 939 1688 1000 1706; x_wconf 83' lang='grc' dir='ltr'>συν-</span> 
     </span>
    </p>
   </div>
   <div class='ocr_carea' id='block_1_68' title="bbox 218 1723 1000 1761">
    <p class='ocr_par' dir='ltr' id='par_1_68' title="bbox 218 1723 1000 1761">
     <span class='ocr_line' id='line_1_68' title="bbox 218 1723 1000 1761; baseline 0.003 -11"><span class='ocrx_word' id='word_1_518' title='bbox 218 1723 290 1760; x_wconf 83' lang='grc' dir='ltr'>ήθως</span> <span class='ocrx_word' id='word_1_519' title='bbox 307 1724 372 1750; x_wconf 76' lang='grc' dir='ltr'>αὐτὸ</span> <span class='ocrx_word' id='word_1_520' title='bbox 387 1724 416 1750; x_wconf 76' lang='grc' dir='ltr'><strong>τδ</strong></span> <span class='ocrx_word' id='word_1_521' title='bbox 442 1724 513 1759; x_wconf 71' lang='grc' dir='ltr'>ἱερὸν</span> <span class='ocrx_word' id='word_1_522' title='bbox 537 1724 680 1759; x_wconf 69' lang='grc' dir='ltr'>ὀνομάζειθ</span> <span class='ocrx_word' id='word_1_523' title='bbox 701 1725 761 1751; x_wconf 71' lang='grc' dir='ltr'>ἐπεὶ</span> <span class='ocrx_word' id='word_1_524' title='bbox 783 1726 830 1751; x_wconf 73' lang='grc' dir='ltr'>καὶ</span> <span class='ocrx_word' id='word_1_525' title='bbox 852 1726 884 1751; x_wconf 80' lang='grc' dir='ltr'>δι’</span> <span class='ocrx_word' id='word_1_526' title='bbox 902 1727 1000 1761; x_wconf 77' lang='grc' dir='ltr'>ἐτέρων</span> 
     </span>
    </p>
   </div>
   <div class='ocr_carea' id='block_1_69' title="bbox 218 1769 1001 1806">
    <p class='ocr_par' dir='ltr' id='par_1_69' title="bbox 218 1769 1001 1806">
     <span class='ocr_line' id='line_1_69' title="bbox 218 1769 1001 1806; baseline 0.001 -10"><span class='ocrx_word' id='word_1_527' title='bbox 218 1770 388 1806; x_wconf 79' lang='grc' dir='ltr'>προφητειῶν</span> <span class='ocrx_word' id='word_1_528' title='bbox 404 1769 590 1796; x_wconf 81' lang='grc' dir='ltr'>ἀποδέδεικται</span> <span class='ocrx_word' id='word_1_529' title='bbox 603 1769 716 1801; x_wconf 85' lang='grc' dir='ltr'>Λίϐανος</span> <span class='ocrx_word' id='word_1_530' title='bbox 731 1770 810 1802; x_wconf 77' lang='grc' dir='ltr'>αὐτὸς</span> <span class='ocrx_word' id='word_1_531' title='bbox 825 1771 838 1796; x_wconf 82' lang='grc' dir='ltr'>ὁ</span> <span class='ocrx_word' id='word_1_532' title='bbox 859 1771 926 1802; x_wconf 82' lang='grc' dir='ltr'>νεὼς</span> <span class='ocrx_word' id='word_1_533' title='bbox 942 1772 1001 1797; x_wconf 78' lang='grc' dir='ltr'>ἐπι-</span> 
     </span>
    </p>
   </div>
   <div class='ocr_carea' id='block_1_70' title="bbox 218 1814 1000 1850">
    <p class='ocr_par' dir='ltr' id='par_1_70' title="bbox 218 1814 1000 1850">
     <span class='ocr_line' id='line_1_70' title="bbox 218 1814 1000 1850; baseline 0.001 -8"><span class='ocrx_word' id='word_1_534' title='bbox 218 1815 393 1850; x_wconf 77' lang='grc' dir='ltr'>κεκλημένος.</span> <span class='ocrx_word' id='word_1_535' title='bbox 419 1814 504 1841; x_wconf 86' lang='grc' dir='ltr'>Τοῦτο</span> <span class='ocrx_word' id='word_1_536' title='bbox 525 1815 553 1841; x_wconf 81' lang='grc' dir='ltr'>δὲ</span> <span class='ocrx_word' id='word_1_537' title='bbox 573 1815 620 1841; x_wconf 78' lang='grc' dir='ltr'>καὶ</span> <span class='ocrx_word' id='word_1_538' title='bbox 642 1815 720 1841; x_wconf 72' lang='grc' dir='ltr'>αὐτοὶ</span> <span class='ocrx_word' id='word_1_539' title='bbox 747 1816 840 1847; x_wconf 84' lang='grc' dir='ltr'>παῖδες</span> <span class='ocrx_word' id='word_1_540' title='bbox 869 1816 1000 1843; x_wconf 81' lang='grc' dir='ltr'>Ἰουδαίων</span> 
     </span>
    </p>
   </div>
   <div class='ocr_carea' id='block_1_71' title="bbox 217 1860 1000 1897">
    <p class='ocr_par' dir='ltr' id='par_1_71' title="bbox 217 1860 1000 1897">
     <span class='ocr_line' id='line_1_71' title="bbox 217 1860 1000 1897; baseline -0.001 -10"><span class='ocrx_word' id='word_1_541' title='bbox 217 1861 300 1887; x_wconf 80' lang='grc' dir='ltr'>εἰσέτι</span> <span class='ocrx_word' id='word_1_542' title='bbox 324 1860 371 1887; x_wconf 77' lang='grc' dir='ltr'>νῦν</span> <span class='ocrx_word' id='word_1_543' title='bbox 396 1860 588 1896; x_wconf 75' lang='grc' dir='ltr'><strong>ὁμολογοῦσιν⁸</strong></span> <span class='ocrx_word' id='word_1_544' title='bbox 607 1861 667 1886; x_wconf 77' lang='grc' dir='ltr'>ἐπεὶ</span> <span class='ocrx_word' id='word_1_545' title='bbox 690 1861 737 1886; x_wconf 75' lang='grc' dir='ltr'>καὶ</span> <span class='ocrx_word' id='word_1_546' title='bbox 760 1861 871 1891; x_wconf 79' lang='grc' dir='ltr'>Ἡσαΐας</span> <span class='ocrx_word' id='word_1_547' title='bbox 894 1862 1000 1897; x_wconf 61' lang='grc' dir='ltr'>ἐμφερῆ</span> 
     </span>
    </p>
   </div>
   <div class='ocr_carea' id='block_1_72' title="bbox 217 1906 999 1942">
    <p class='ocr_par' dir='ltr' id='par_1_72' title="bbox 217 1906 999 1942">
     <span class='ocr_line' id='line_1_72' title="bbox 217 1906 999 1942; baseline 0 -9"><span class='ocrx_word' id='word_1_548' title='bbox 217 1906 255 1942; x_wconf 76' lang='grc' dir='ltr'>τῷ</span> <span class='ocrx_word' id='word_1_549' title='bbox 271 1907 338 1942; x_wconf 80' lang='grc' dir='ltr'>μετὰ</span> <span class='ocrx_word' id='word_1_550' title='bbox 360 1908 453 1942; x_wconf 79' lang='grc' dir='ltr'>χεῖρας</span> <span class='ocrx_word' id='word_1_551' title='bbox 476 1907 602 1942; x_wconf 80' lang='grc' dir='ltr'>προφήτῃ</span> <span class='ocrx_word' id='word_1_552' title='bbox 617 1906 750 1938; x_wconf 81' lang='grc' dir='ltr'>θεσπίζων</span> <span class='ocrx_word' id='word_1_553' title='bbox 772 1906 886 1942; x_wconf 74' lang='grc' dir='ltr'>ἔφησεν·</span> <span class='ocrx_word' id='word_1_554' title='bbox 904 1917 912 1932; x_wconf 83' lang='grc' dir='ltr'><strong>ι</strong></span> <span class='ocrx_word' id='word_1_555' title='bbox 936 1907 999 1933; x_wconf 78' lang='grc' dir='ltr'>Ἰδοὺ</span> 
     </span>
    </p>
   </div>
   <div class='ocr_carea' id='block_1_73' title="bbox 217 1950 1001 1987">
    <p class='ocr_par' dir='ltr' id='par_1_73' title="bbox 217 1950 1001 1987">
     <span class='ocr_line' id='line_1_73' title="bbox 217 1950 1001 1987; baseline 0.001 -10"><span class='ocrx_word' id='word_1_556' title='bbox 217 1951 319 1987; x_wconf 78' lang='grc' dir='ltr'>Κύριος</span> <span class='ocrx_word' id='word_1_557' title='bbox 348 1951 458 1977; x_wconf 77' lang='grc' dir='ltr'>Σαϐαὼθ</span> <span class='ocrx_word' id='word_1_558' title='bbox 489 1950 666 1985; x_wconf 77' lang='grc' dir='ltr'>συνταράσσει</span> <span class='ocrx_word' id='word_1_559' title='bbox 690 1951 753 1982; x_wconf 79' lang='grc' dir='ltr'>τοὺς</span> <span class='ocrx_word' id='word_1_560' title='bbox 784 1950 904 1984; x_wconf 79' lang='grc' dir='ltr'>ἐνδόξους</span> <span class='ocrx_word' id='word_1_561' title='bbox 932 1952 1001 1986; x_wconf 78' lang='grc' dir='ltr'>μετὰ</span> 
     </span>
    </p>
   </div>
   <div class='ocr_carea' id='block_1_74' title="bbox 219 1997 1000 2033">
    <p class='ocr_par' dir='ltr' id='par_1_74' title="bbox 219 1997 1000 2033">
     <span class='ocr_line' id='line_1_74' title="bbox 219 1997 1000 2033; baseline -0.001 -9"><span class='ocrx_word' id='word_1_562' title='bbox 219 1997 325 2033; x_wconf 82' lang='grc' dir='ltr'>ισχύος,</span> <span class='ocrx_word' id='word_1_563' title='bbox 346 1998 393 2024; x_wconf 77' lang='grc' dir='ltr'>καὶ</span> <span class='ocrx_word' id='word_1_564' title='bbox 409 1999 433 2024; x_wconf 85' lang='grc' dir='ltr'>οἰ</span> <span class='ocrx_word' id='word_1_565' title='bbox 450 1997 545 2033; x_wconf 67' lang='grc' dir='ltr'>ὑψηλοὶ</span> <span class='ocrx_word' id='word_1_566' title='bbox 559 1998 592 2032; x_wconf 82' lang='grc' dir='ltr'>τῇ</span> <span class='ocrx_word' id='word_1_567' title='bbox 621 1997 697 2033; x_wconf 74' lang='grc' dir='ltr'>ὕϐρει</span> <span class='ocrx_word' id='word_1_568' title='bbox 715 1997 945 2033; x_wconf 79' lang='grc' dir='ltr'>συντριϐήσονται.</span> <span class='ocrx_word' id='word_1_569' title='bbox 972 1998 1000 2023; x_wconf 82' lang='lat'><strong>’0</strong></span> 
     </span>
    </p>
   </div>
   <div class='ocr_carea' id='block_1_75' title="bbox 216 2042 1000 2078">
    <p class='ocr_par' dir='ltr' id='par_1_75' title="bbox 216 2042 1000 2078">
     <span class='ocr_line' id='line_1_75' title="bbox 216 2042 1000 2078; baseline -0.001 -8"><span class='ocrx_word' id='word_1_570' title='bbox 216 2043 244 2070; x_wconf 77' lang='grc' dir='ltr'>δὲ</span> <span class='ocrx_word' id='word_1_571' title='bbox 259 2043 372 2075; x_wconf 80' lang='grc' dir='ltr'>Λίϐανος</span> <span class='ocrx_word' id='word_1_572' title='bbox 384 2044 431 2070; x_wconf 81' lang='grc' dir='ltr'>σὺν</span> <span class='ocrx_word' id='word_1_573' title='bbox 443 2044 499 2074; x_wconf 89' lang='grc' dir='ltr'>τοῖς</span> <span class='ocrx_word' id='word_1_574' title='bbox 515 2042 625 2078; x_wconf 50' lang='grc' dir='ltr'><strong>ὺῂλοῖς</strong></span> <span class='ocrx_word' id='word_1_575' title='bbox 636 2044 767 2075; x_wconf 82' lang='grc' dir='ltr'>πεσεῖται,</span> <span class='ocrx_word' id='word_1_576' title='bbox 778 2043 824 2069; x_wconf 80' lang='grc' dir='ltr'>καὶ</span> <span class='ocrx_word' id='word_1_577' title='bbox 832 2043 1000 2074; x_wconf 77' lang='grc' dir='ltr'>ἐξελεύσεται</span> 
     </span>
    </p>
   </div>
   <div class='ocr_carea' id='block_1_76' title="bbox 220 2089 1000 2126">
    <p class='ocr_par' dir='ltr' id='par_1_76' title="bbox 220 2089 1000 2126">
     <span class='ocr_line' id='line_1_76' title="bbox 220 2089 1000 2126; baseline 0 -10"><span class='ocrx_word' id='word_1_578' title='bbox 220 2089 315 2126; x_wconf 81' lang='grc' dir='ltr'>ῥάϐδος</span> <span class='ocrx_word' id='word_1_579' title='bbox 330 2090 364 2116; x_wconf 86' lang='grc' dir='ltr'>ὲκ</span> <span class='ocrx_word' id='word_1_580' title='bbox 377 2091 425 2125; x_wconf 83' lang='grc' dir='ltr'>τῆς</span> <span class='ocrx_word' id='word_1_581' title='bbox 437 2089 514 2125; x_wconf 77' lang='grc' dir='ltr'>ῥίζης</span> <span class='ocrx_word' id='word_1_582' title='bbox 534 2089 642 2120; x_wconf 72' lang='grc' dir='ltr'>Ἰεσσαὶ,</span> <span class='ocrx_word' id='word_1_583' title='bbox 655 2090 701 2115; x_wconf 71' lang='grc' dir='ltr'>καὶ</span> <span class='ocrx_word' id='word_1_584' title='bbox 723 2089 801 2120; x_wconf 81' lang='grc' dir='ltr'>ἄνθος</span> <span class='ocrx_word' id='word_1_585' title='bbox 816 2091 847 2116; x_wconf 71' lang='grc' dir='ltr'>ἐκ</span> <span class='ocrx_word' id='word_1_586' title='bbox 859 2090 909 2124; x_wconf 74' lang='grc' dir='ltr'>τῆς</span> <span class='ocrx_word' id='word_1_587' title='bbox 924 2090 1000 2125; x_wconf 72' lang='grc' dir='ltr'>ῥίζης</span> 
     </span>
    </p>
   </div>
   <div class='ocr_carea' id='block_1_77' title="bbox 218 2135 999 2172">
    <p class='ocr_par' dir='ltr' id='par_1_77' title="bbox 218 2135 999 2172">
     <span class='ocr_line' id='line_1_77' title="bbox 218 2135 999 2172; baseline -0.001 -9"><span class='ocrx_word' id='word_1_588' title='bbox 218 2135 393 2172; x_wconf 83' lang='grc' dir='ltr'>ἀναϐήσεται,</span> <span class='ocrx_word' id='word_1_589' title='bbox 405 2136 451 2163; x_wconf 71' lang='grc' dir='ltr'><strong>καὶ</strong></span> <span class='ocrx_word' id='word_1_590' title='bbox 463 2135 683 2162; x_wconf 80' lang='grc' dir='ltr'>ἐπαναπαύσεται</span> <span class='ocrx_word' id='word_1_591' title='bbox 694 2136 736 2162; x_wconf 77' lang='grc' dir='ltr'><strong>ἐπ’</strong></span> <span class='ocrx_word' id='word_1_592' title='bbox 746 2135 824 2161; x_wconf 82' lang='grc' dir='ltr'>αὑτὸν</span> <span class='ocrx_word' id='word_1_593' title='bbox 837 2136 943 2171; x_wconf 78' lang='grc' dir='ltr'>πνεῦμα</span> <span class='ocrx_word' id='word_1_594' title='bbox 953 2136 999 2162; x_wconf 76' lang='grc' dir='ltr'>τοῦ</span> 
     </span>
    </p>
   </div>
   <div class='ocr_carea' id='block_1_78' title="bbox 218 2180 998 2217">
    <p class='ocr_par' dir='ltr' id='par_1_78' title="bbox 218 2180 998 2217">
     <span class='ocr_line' id='line_1_78' title="bbox 218 2180 998 2217; baseline -0.003 -8"><span class='ocrx_word' id='word_1_595' title='bbox 218 2183 285 2209; x_wconf 81' lang='grc' dir='ltr'>θεοῦ</span> <span class='ocrx_word' id='word_1_596' title='bbox 297 2191 320 2209; x_wconf 78' lang='grc' dir='ltr'><strong>ἰ</strong></span> <span class='ocrx_word' id='word_1_597' title='bbox 334 2180 498 2216; x_wconf 74' lang='grc' dir='ltr'>οἷςὲπιλέγει</span> <span class='ocrx_word' id='word_1_598' title='bbox 508 2191 514 2197; x_wconf 90' lang='grc'><strong>·</strong></span> <span class='ocrx_word' id='word_1_599' title='bbox 534 2193 542 2208; x_wconf 79' lang='grc' dir='ltr'><strong>ι</strong></span> <span class='ocrx_word' id='word_1_600' title='bbox 557 2183 611 2209; x_wconf 65' lang='grc' dir='ltr'><strong>Καὶ</strong></span> <span class='ocrx_word' id='word_1_601' title='bbox 625 2182 698 2208; x_wconf 78' lang='grc' dir='ltr'>ἔσται</span> <span class='ocrx_word' id='word_1_602' title='bbox 712 2184 728 2217; x_wconf 82' lang='grc' dir='ltr'>ἡ</span> <span class='ocrx_word' id='word_1_603' title='bbox 751 2183 812 2217; x_wconf 79' lang='grc' dir='ltr'>ῥίζα</span> <span class='ocrx_word' id='word_1_604' title='bbox 826 2182 873 2208; x_wconf 82' lang='grc' dir='ltr'>τοῦ</span> <span class='ocrx_word' id='word_1_605' title='bbox 891 2182 998 2214; x_wconf 72' lang='grc' dir='ltr'>Ἰεσσαὶ,</span> 
     </span>
    </p>
   </div>
   <div class='ocr_carea' id='block_1_79' title="bbox 219 2227 998 2264">
    <p class='ocr_par' dir='ltr' id='par_1_79' title="bbox 219 2227 998 2264">
     <span class='ocr_line' id='line_1_79' title="bbox 219 2227 998 2264; baseline -0.001 -9"><span class='ocrx_word' id='word_1_606' title='bbox 219 2229 264 2255; x_wconf 80' lang='grc' dir='ltr'>καὶ</span> <span class='ocrx_word' id='word_1_607' title='bbox 286 2230 300 2255; x_wconf 85' lang='grc' dir='ltr'>ὁ</span> <span class='ocrx_word' id='word_1_608' title='bbox 327 2228 505 2264; x_wconf 80' lang='grc' dir='ltr'>ἀνιστάμενος</span> <span class='ocrx_word' id='word_1_609' title='bbox 521 2228 612 2264; x_wconf 78' lang='grc' dir='ltr'>ἄρχειν</span> <span class='ocrx_word' id='word_1_610' title='bbox 639 2228 742 2260; x_wconf 71' lang='grc' dir='ltr'>ἐθνῶν,</span> <span class='ocrx_word' id='word_1_611' title='bbox 772 2230 814 2254; x_wconf 81' lang='grc' dir='ltr'><strong>ἐπ’</strong></span> <span class='ocrx_word' id='word_1_612' title='bbox 838 2227 910 2263; x_wconf 75' lang='grc' dir='ltr'><strong>αὺτῷ</strong></span> <span class='ocrx_word' id='word_1_613' title='bbox 937 2228 998 2264; x_wconf 70' lang='grc' dir='ltr'>ἔθνη</span> 
     </span>
    </p>
   </div>
   <div class='ocr_carea' id='block_1_80' title="bbox 218 2274 1001 2310">
    <p class='ocr_par' dir='ltr' id='par_1_80' title="bbox 218 2274 1001 2310">
     <span class='ocr_line' id='line_1_80' title="bbox 218 2274 1001 2310; baseline -0.001 -9"><span class='ocrx_word' id='word_1_614' title='bbox 218 2274 348 2301; x_wconf 76' lang='grc' dir='ltr'>ζςλπιοῦσι.</span> <span class='ocrx_word' id='word_1_615' title='bbox 362 2284 371 2299; x_wconf 73' lang='grc' dir='ltr'><strong><em>ι</em></strong></span> <span class='ocrx_word' id='word_1_616' title='bbox 388 2274 443 2301; x_wconf 78' lang='grc' dir='ltr'><strong>Καὶ</strong></span> <span class='ocrx_word' id='word_1_617' title='bbox 459 2274 573 2301; x_wconf 76' lang='grc' dir='ltr'>ἐνταῦθα</span> <span class='ocrx_word' id='word_1_618' title='bbox 593 2275 646 2310; x_wconf 74' lang='grc' dir='ltr'>γὰρ</span> <span class='ocrx_word' id='word_1_619' title='bbox 664 2274 731 2310; x_wconf 79' lang='grc' dir='ltr'>ὁμοῦ</span> <span class='ocrx_word' id='word_1_620' title='bbox 745 2275 778 2310; x_wconf 80' lang='grc' dir='ltr'><strong>τῇ</strong></span> <span class='ocrx_word' id='word_1_621' title='bbox 796 2275 828 2300; x_wconf 79' lang='grc' dir='ltr'>ἐκ</span> <span class='ocrx_word' id='word_1_622' title='bbox 845 2275 1001 2310; x_wconf 78' lang='grc' dir='ltr'>σπέρματος</span> 
     </span>
    </p>
   </div>
   <div class='ocr_carea' id='block_1_81' title="bbox 224 2319 1000 2355">
    <p class='ocr_par' dir='ltr' id='par_1_81' title="bbox 224 2319 1000 2355">
     <span class='ocr_line' id='line_1_81' title="bbox 224 2319 1000 2355; baseline -0.003 -8"><span class='ocrx_word' id='word_1_623' title='bbox 224 2321 320 2348; x_wconf 77' lang='grc' dir='ltr'><strong>Ἰεσσαῖ⁸</strong></span> <span class='ocrx_word' id='word_1_624' title='bbox 333 2320 379 2347; x_wconf 74' lang='grc' dir='ltr'>καὶ</span> <span class='ocrx_word' id='word_1_625' title='bbox 388 2320 468 2346; x_wconf 65' lang='grc' dir='ltr'>Δαϐὶδ</span> <span class='ocrx_word' id='word_1_626' title='bbox 480 2321 584 2354; x_wconf 82' lang='grc' dir='ltr'>γενέσει</span> <span class='ocrx_word' id='word_1_627' title='bbox 593 2320 638 2346; x_wconf 77' lang='grc' dir='ltr'>τοῦ</span> <span class='ocrx_word' id='word_1_628' title='bbox 656 2319 785 2355; x_wconf 77' lang='grc' dir='ltr'>Χριστοῦ,</span> <span class='ocrx_word' id='word_1_629' title='bbox 804 2319 919 2345; x_wconf 77' lang='grc' dir='ltr'>Λιϐάνου</span> <span class='ocrx_word' id='word_1_630' title='bbox 934 2319 1000 2345; x_wconf 79' lang='grc' dir='ltr'>καθ-</span> 
     </span>
    </p>
   </div>
   <div class='ocr_carea' id='block_1_82' title="bbox 218 2365 994 2401">
    <p class='ocr_par' dir='ltr' id='par_1_82' title="bbox 218 2365 994 2401">
     <span class='ocr_line' id='line_1_82' title="bbox 218 2365 994 2401; baseline -0.003 -9"><span class='ocrx_word' id='word_1_631' title='bbox 218 2366 320 2401; x_wconf 83' lang='grc' dir='ltr'>αίρεσις</span> <span class='ocrx_word' id='word_1_632' title='bbox 342 2367 389 2392; x_wconf 72' lang='grc' dir='ltr'>καὶ</span> <span class='ocrx_word' id='word_1_633' title='bbox 405 2365 490 2392; x_wconf 75' lang='grc' dir='ltr'>ἐθνῶν</span> <span class='ocrx_word' id='word_1_634' title='bbox 504 2366 600 2401; x_wconf 82' lang='grc' dir='ltr'>κλῆσις</span> <span class='ocrx_word' id='word_1_635' title='bbox 617 2366 758 2400; x_wconf 78' lang='grc' dir='ltr'>συνῆπται.</span> <span class='ocrx_word' id='word_1_636' title='bbox 776 2365 889 2391; x_wconf 81' lang='grc' dir='ltr'>Λίϐανον</span> <span class='ocrx_word' id='word_1_637' title='bbox 902 2365 931 2391; x_wconf 77' lang='grc' dir='ltr'>δὲ</span> <span class='ocrx_word' id='word_1_638' title='bbox 945 2365 994 2399; x_wconf 86' lang='grc' dir='ltr'><strong>τὴν</strong></span> 
     </span>
    </p>
   </div>
   <div class='ocr_carea' id='block_1_83' title="bbox 223 2409 1000 2446">
    <p class='ocr_par' dir='ltr' id='par_1_83' title="bbox 223 2409 1000 2446">
     <span class='ocr_line' id='line_1_83' title="bbox 223 2409 1000 2446; baseline 0 -10"><span class='ocrx_word' id='word_1_639' title='bbox 223 2409 401 2446; x_wconf 81' lang='grc' dir='ltr'>Ἰερουσαλὴμ</span> <span class='ocrx_word' id='word_1_640' title='bbox 426 2410 571 2446; x_wconf 74' lang='grc' dir='ltr'>διαρρήδην</span> <span class='ocrx_word' id='word_1_641' title='bbox 596 2411 609 2436; x_wconf 82' lang='grc' dir='ltr'>ὁ</span> <span class='ocrx_word' id='word_1_642' title='bbox 636 2411 682 2436; x_wconf 74' lang='grc' dir='ltr'>καὶ</span> <span class='ocrx_word' id='word_1_643' title='bbox 713 2410 841 2445; x_wconf 77' lang='grc' dir='ltr'>Ἰεζεκιὴλ</span> <span class='ocrx_word' id='word_1_644' title='bbox 876 2411 1000 2445; x_wconf 84' lang='grc' dir='ltr'>σημαίνει</span> 
     </span>
    </p>
   </div>
   <div class='ocr_carea' id='block_1_84' title="bbox 216 2456 1001 2492">
    <p class='ocr_par' dir='ltr' id='par_1_84' title="bbox 216 2456 1001 2492">
     <span class='ocr_line' id='line_1_84' title="bbox 216 2456 1001 2492; baseline -0.003 -8"><span class='ocrx_word' id='word_1_645' title='bbox 216 2456 319 2491; x_wconf 80' lang='grc' dir='ltr'>λέγων·</span> <span class='ocrx_word' id='word_1_646' title='bbox 342 2465 352 2482; x_wconf 81' lang='grc' dir='ltr'><strong>ι</strong></span> <span class='ocrx_word' id='word_1_647' title='bbox 375 2457 404 2482; x_wconf 87' lang='lat'><strong>&#39;0</strong></span> <span class='ocrx_word' id='word_1_648' title='bbox 425 2457 503 2488; x_wconf 77' lang='grc' dir='ltr'>ἀετὸς</span> <span class='ocrx_word' id='word_1_649' title='bbox 517 2458 531 2483; x_wconf 87' lang='grc' dir='ltr'><strong>ὁ</strong></span> <span class='ocrx_word' id='word_1_650' title='bbox 549 2456 648 2491; x_wconf 87' lang='grc' dir='ltr'>μέγας,</span> <span class='ocrx_word' id='word_1_651' title='bbox 669 2457 683 2482; x_wconf 86' lang='grc' dir='ltr'><strong>ὁ</strong></span> <span class='ocrx_word' id='word_1_652' title='bbox 709 2456 963 2492; x_wconf 81' lang='grc' dir='ltr'>μεγαλοπτέρυγος,</span> <span class='ocrx_word' id='word_1_653' title='bbox 988 2458 1001 2482; x_wconf 82' lang='grc' dir='ltr'>ὁ</span> 
     </span>
    </p>
   </div>
   <div class='ocr_carea' id='block_1_85' title="bbox 217 2501 1000 2538">
    <p class='ocr_par' dir='ltr' id='par_1_85' title="bbox 217 2501 1000 2538">
     <span class='ocr_line' id='line_1_85' title="bbox 217 2501 1000 2538; baseline 0 -9"><span class='ocrx_word' id='word_1_654' title='bbox 217 2501 286 2538; x_wconf 72' lang='grc' dir='ltr'>ἔχων</span> <span class='ocrx_word' id='word_1_655' title='bbox 300 2502 330 2529; x_wconf 78' lang='grc' dir='ltr'><strong>τὸ</strong></span> <span class='ocrx_word' id='word_1_656' title='bbox 343 2503 440 2538; x_wconf 81' lang='grc' dir='ltr'>ἥγημα</span> <span class='ocrx_word' id='word_1_657' title='bbox 459 2502 588 2529; x_wconf 68' lang='grc' dir='ltr'>εἰσελθεῖν</span> <span class='ocrx_word' id='word_1_658' title='bbox 607 2503 647 2533; x_wconf 84' lang='grc' dir='ltr'><strong>είς</strong></span> <span class='ocrx_word' id='word_1_659' title='bbox 664 2502 709 2528; x_wconf 77' lang='grc' dir='ltr'>τὸν</span> <span class='ocrx_word' id='word_1_660' title='bbox 730 2502 861 2533; x_wconf 84' lang='grc' dir='ltr'>Λίϐανον,</span> <span class='ocrx_word' id='word_1_661' title='bbox 881 2502 926 2528; x_wconf 62' lang='grc' dir='ltr'>καὶ</span> <span class='ocrx_word' id='word_1_662' title='bbox 948 2503 1000 2529; x_wconf 84' lang='grc' dir='ltr'><strong>ἀπ-</strong></span> 
     </span>
    </p>
   </div>
   <div class='ocr_carea' id='block_1_86' title="bbox 220 2547 999 2585">
    <p class='ocr_par' dir='ltr' id='par_1_86' title="bbox 220 2547 999 2585">
     <span class='ocr_line' id='line_1_86' title="bbox 220 2547 999 2585; baseline -0.003 -10"><span class='ocrx_word' id='word_1_663' title='bbox 220 2549 312 2585; x_wconf 83' lang='grc' dir='ltr'>ἐκρισε</span> <span class='ocrx_word' id='word_1_664' title='bbox 328 2548 362 2575; x_wconf 84' lang='grc' dir='ltr'><strong>τὰ</strong></span> <span class='ocrx_word' id='word_1_665' title='bbox 379 2548 471 2575; x_wconf 82' lang='grc' dir='ltr'>ἁπαλὰ</span> <span class='ocrx_word' id='word_1_666' title='bbox 486 2549 534 2584; x_wconf 76' lang='grc' dir='ltr'>τῆς</span> <span class='ocrx_word' id='word_1_667' title='bbox 549 2549 655 2584; x_wconf 76' lang='grc' dir='ltr'>κέῖρου.</span> <span class='ocrx_word' id='word_1_668' title='bbox 676 2558 684 2573; x_wconf 75' lang='grc' dir='ltr'><strong>ι</strong></span> <span class='ocrx_word' id='word_1_669' title='bbox 699 2547 791 2575; x_wconf 80' lang='grc' dir='ltr'>Ταῦτα</span> <span class='ocrx_word' id='word_1_670' title='bbox 809 2548 874 2582; x_wconf 76' lang='grc' dir='ltr'>γοῦν</span> <span class='ocrx_word' id='word_1_671' title='bbox 890 2548 904 2573; x_wconf 74' lang='grc' dir='ltr'>ὁ</span> <span class='ocrx_word' id='word_1_672' title='bbox 920 2547 999 2579; x_wconf 76' lang='grc' dir='ltr'>αὐτὸς</span> 
     </span>
    </p>
   </div>
   <div class='ocr_carea' id='block_1_87' title="bbox 218 2593 999 2630">
    <p class='ocr_par' dir='ltr' id='par_1_87' title="bbox 218 2593 999 2630">
     <span class='ocr_line' id='line_1_87' title="bbox 218 2593 999 2630; baseline -0.003 -9"><span class='ocrx_word' id='word_1_673' title='bbox 218 2595 280 2630; x_wconf 71' lang='grc' dir='ltr'><strong>ἑξῆς</strong></span> <span class='ocrx_word' id='word_1_674' title='bbox 299 2595 436 2629; x_wconf 81' lang='grc' dir='ltr'>διασαφῶν</span> <span class='ocrx_word' id='word_1_675' title='bbox 451 2594 586 2629; x_wconf 78' lang='grc' dir='ltr'>ἐπιλέγει·</span> <span class='ocrx_word' id='word_1_676' title='bbox 604 2604 612 2619; x_wconf 84' lang='grc' dir='ltr'><strong>ι</strong></span> <span class='ocrx_word' id='word_1_677' title='bbox 626 2595 682 2620; x_wconf 73' lang='grc' dir='ltr'>Ὅτ*</span> <span class='ocrx_word' id='word_1_678' title='bbox 700 2594 732 2620; x_wconf 87' lang='grc' dir='ltr'><strong>ἂν</strong></span> <span class='ocrx_word' id='word_1_679' title='bbox 754 2594 817 2629; x_wconf 76' lang='grc' dir='ltr'>ἔλθῃ</span> <span class='ocrx_word' id='word_1_680' title='bbox 833 2593 999 2628; x_wconf 80' lang='grc' dir='ltr'>Ναϐουχοδο-</span> 
     </span>
    </p>
   </div>
   <div class='ocr_carea' id='block_1_88' title="bbox 217 2639 999 2677">
    <p class='ocr_par' dir='ltr' id='par_1_88' title="bbox 217 2639 999 2677">
     <span class='ocr_line' id='line_1_88' title="bbox 217 2639 999 2677; baseline -0.004 -9"><span class='ocrx_word' id='word_1_681' title='bbox 217 2642 296 2677; x_wconf 78' lang='grc' dir='ltr'>νόσορ</span> <span class='ocrx_word' id='word_1_682' title='bbox 320 2641 366 2667; x_wconf 70' lang='grc' dir='ltr'><strong>ἐπὶ</strong></span> <span class='ocrx_word' id='word_1_683' title='bbox 393 2640 588 2676; x_wconf 77' lang='grc' dir='ltr'>Ἰερουσαλὴμ,</span> <span class='ocrx_word' id='word_1_684' title='bbox 616 2640 662 2666; x_wconf 70' lang='grc' dir='ltr'><strong>καὶ</strong></span> <span class='ocrx_word' id='word_1_685' title='bbox 694 2639 764 2676; x_wconf 77' lang='grc' dir='ltr'>λάϐῃ</span> <span class='ocrx_word' id='word_1_686' title='bbox 775 2640 838 2671; x_wconf 77' lang='grc' dir='ltr'>τοὺς</span> <span class='ocrx_word' id='word_1_687' title='bbox 867 2639 999 2675; x_wconf 76' lang='grc' dir='ltr'>ἄρχοντας</span> 
     </span>
    </p>
   </div>
   <div class='ocr_carea' id='block_1_89' title="bbox 217 2685 999 2722">
    <p class='ocr_par' dir='ltr' id='par_1_89' title="bbox 217 2685 999 2722">
     <span class='ocr_line' id='line_1_89' title="bbox 217 2685 999 2722; baseline -0.005 -8"><span class='ocrx_word' id='word_1_688' title='bbox 217 2687 311 2722; x_wconf 79' lang='grc' dir='ltr'>αὐτῆς,</span> <span class='ocrx_word' id='word_1_689' title='bbox 325 2697 334 2712; x_wconf 84' lang='grc'><strong>›</strong></span> <span class='ocrx_word' id='word_1_690' title='bbox 355 2687 451 2713; x_wconf 77' lang='grc' dir='ltr'>καὶτὰ</span> <span class='ocrx_word' id='word_1_691' title='bbox 473 2686 545 2721; x_wconf 77' lang='grc' dir='ltr'><strong>ἑξῆς.</strong></span> <span class='ocrx_word' id='word_1_692' title='bbox 571 2685 649 2711; x_wconf 77' lang='grc' dir='ltr'>Ἀλλὰ</span> <span class='ocrx_word' id='word_1_693' title='bbox 667 2685 752 2711; x_wconf 73' lang='grc' dir='ltr'>ταῦτα</span> <span class='ocrx_word' id='word_1_694' title='bbox 770 2686 820 2720; x_wconf 77' lang='grc' dir='ltr'>μὲν</span> <span class='ocrx_word' id='word_1_695' title='bbox 837 2686 850 2712; x_wconf 85' lang='grc' dir='ltr'><strong>ὁ</strong></span> <span class='ocrx_word' id='word_1_696' title='bbox 872 2685 999 2720; x_wconf 80' lang='grc' dir='ltr'>Ἰεζεκιὴλ</span> 
     </span>
    </p>
   </div>
   <div class='ocr_carea' id='block_1_90' title="bbox 219 2730 998 2768">
    <p class='ocr_par' dir='ltr' id='par_1_90' title="bbox 219 2730 998 2768">
     <span class='ocr_line' id='line_1_90' title="bbox 219 2730 998 2768; baseline -0.003 -10"><span class='ocrx_word' id='word_1_697' title='bbox 219 2733 282 2768; x_wconf 74' lang='grc' dir='ltr'>περὶ</span> <span class='ocrx_word' id='word_1_698' title='bbox 296 2732 346 2767; x_wconf 83' lang='grc' dir='ltr'>τῆς</span> <span class='ocrx_word' id='word_1_699' title='bbox 363 2732 473 2768; x_wconf 80' lang='grc' dir='ltr'>πρώτης</span> <span class='ocrx_word' id='word_1_700' title='bbox 490 2731 583 2767; x_wconf 80' lang='grc' dir='ltr'>ἐδήλου</span> <span class='ocrx_word' id='word_1_701' title='bbox 601 2730 767 2765; x_wconf 80' lang='grc' dir='ltr'>πολιορκίας,</span> <span class='ocrx_word' id='word_1_702' title='bbox 787 2730 844 2765; x_wconf 82' lang='grc' dir='ltr'>μεθ’</span> <span class='ocrx_word' id='word_1_703' title='bbox 859 2730 892 2765; x_wconf 80' lang='grc' dir='ltr'>ἢν</span> <span class='ocrx_word' id='word_1_704' title='bbox 912 2731 925 2756; x_wconf 76' lang='grc' dir='ltr'><strong>ὁ</strong></span> <span class='ocrx_word' id='word_1_705' title='bbox 945 2732 998 2756; x_wconf 86' lang='grc' dir='ltr'><strong>Ζα-</strong></span> 
     </span>
    </p>
   </div>
   <div class='ocr_carea' id='block_1_91' title="bbox 218 2775 998 2814">
    <p class='ocr_par' dir='ltr' id='par_1_91' title="bbox 218 2775 998 2814">
     <span class='ocr_line' id='line_1_91' title="bbox 218 2775 998 2814; baseline -0.004 -9"><span class='ocrx_word' id='word_1_706' title='bbox 218 2778 313 2814; x_wconf 79' lang='grc' dir='ltr'>χαρίας</span> <span class='ocrx_word' id='word_1_707' title='bbox 330 2779 452 2814; x_wconf 71' lang='grc' dir='ltr'>περὶτῆς</span> <span class='ocrx_word' id='word_1_708' title='bbox 467 2778 594 2813; x_wconf 78' lang='grc' dir='ltr'>δευτέρας</span> <span class='ocrx_word' id='word_1_709' title='bbox 612 2775 743 2808; x_wconf 81' lang='grc' dir='ltr'>θεσπίζει.</span> <span class='ocrx_word' id='word_1_710' title='bbox 756 2775 823 2801; x_wconf 83' lang='grc' dir='ltr'>Πότε</span> <span class='ocrx_word' id='word_1_711' title='bbox 840 2775 915 2807; x_wconf 77' lang='grc' dir='ltr'>οὗτος</span> <span class='ocrx_word' id='word_1_712' title='bbox 931 2777 998 2811; x_wconf 81' lang='grc' dir='ltr'>μετὰ</span> 
     </span>
    </p>
   </div>
   <div class='ocr_carea' id='block_1_92' title="bbox 254 2866 1009 2900">
    <p class='ocr_par' dir='ltr' id='par_1_92' title="bbox 254 2866 1009 2900">
     <span class='ocr_line' id='line_1_92' title="bbox 254 2866 1009 2900; baseline -0.004 -5"><span class='ocrx_word' id='word_1_713' title='bbox 254 2869 263 2883; x_wconf 83' lang='grc'>⁷</span> <span class='ocrx_word' id='word_1_714' title='bbox 283 2868 354 2895; x_wconf 83' lang='lat' dir='ltr'><strong>Psal.</strong></span> <span class='ocrx_word' id='word_1_715' title='bbox 373 2876 452 2900; x_wconf 75' lang='lat' dir='ltr'><strong>Lxxt,</strong></span> <span class='ocrx_word' id='word_1_716' title='bbox 470 2867 496 2899; x_wconf 86' lang='lat'><strong>7,</strong></span> <span class='ocrx_word' id='word_1_717' title='bbox 517 2868 543 2895; x_wconf 87' lang='lat'>8.</span> <span class='ocrx_word' id='word_1_718' title='bbox 585 2868 595 2882; x_wconf 80' lang='grc'><strong><em>³</em></strong></span> <span class='ocrx_word' id='word_1_719' title='bbox 616 2867 666 2894; x_wconf 86' lang='lat' dir='ltr'><strong>lsa.</strong></span> <span class='ocrx_word' id='word_1_720' title='bbox 684 2875 727 2897; x_wconf 79' lang='lat' dir='ltr'><strong>xi,</strong></span> <span class='ocrx_word' id='word_1_721' title='bbox 748 2866 814 2899; x_wconf 77' lang='grc'><strong>1,⁶2.</strong></span> <span class='ocrx_word' id='word_1_722' title='bbox 854 2868 863 2882; x_wconf 81' lang='grc'><strong>⁹</strong></span> <span class='ocrx_word' id='word_1_723' title='bbox 886 2866 948 2893; x_wconf 80' lang='lat' dir='ltr'><strong>ibid.</strong></span> <span class='ocrx_word' id='word_1_724' title='bbox 969 2866 1009 2893; x_wconf 81' lang='grc'><strong>10.</strong></span> 
     </span>
    </p>
   </div>
   <div class='ocr_carea' id='block_1_93' title="bbox 1051 1587 1834 1625">
    <p class='ocr_par' dir='ltr' id='par_1_93' title="bbox 1051 1587 1834 1625">
     <span class='ocr_line' id='line_1_93' title="bbox 1051 1587 1834 1625; baseline 0.008 -14"><span class='ocrx_word' id='word_1_725' title='bbox 1051 1589 1183 1619; x_wconf 86' lang='lat' dir='ltr'><strong>pretetur.</strong></span> <span class='ocrx_word' id='word_1_726' title='bbox 1204 1588 1257 1612; x_wconf 82' lang='lat' dir='ltr'><strong>Aut</strong></span> <span class='ocrx_word' id='word_1_727' title='bbox 1273 1593 1392 1620; x_wconf 85' lang='lat' dir='ltr'><strong>quonam</strong></span> <span class='ocrx_word' id='word_1_728' title='bbox 1420 1587 1473 1614; x_wconf 88' lang='lat' dir='ltr'><strong>alio</strong></span> <span class='ocrx_word' id='word_1_729' title='bbox 1496 1592 1616 1622; x_wconf 84' lang='lat' dir='ltr'><strong>tempore</strong></span> <span class='ocrx_word' id='word_1_730' title='bbox 1635 1593 1696 1624; x_wconf 89' lang='lat' dir='ltr'><strong>post</strong></span> <span class='ocrx_word' id='word_1_731' title='bbox 1719 1590 1834 1625; x_wconf 77' lang='lat' dir='ltr'><strong>Babylo-</strong></span> 
     </span>
    </p>
   </div>
   <div class='ocr_carea' id='block_1_94' title="bbox 1051 1631 1833 1668">
    <p class='ocr_par' dir='ltr' id='par_1_94' title="bbox 1051 1631 1833 1668">
     <span class='ocr_line' id='line_1_94' title="bbox 1051 1631 1833 1668; baseline 0.009 -11"><span class='ocrx_word' id='word_1_732' title='bbox 1051 1631 1140 1657; x_wconf 86' lang='lat' dir='ltr'><strong>nicam</strong></span> <span class='ocrx_word' id='word_1_733' title='bbox 1155 1632 1324 1659; x_wconf 86' lang='lat' dir='ltr'><strong>obsidionem</strong></span> <span class='ocrx_word' id='word_1_734' title='bbox 1334 1652 1341 1664; x_wconf 84' lang='lat'><strong>,</strong></span> <span class='ocrx_word' id='word_1_735' title='bbox 1356 1633 1469 1660; x_wconf 87' lang='lat' dir='ltr'><strong>alterum</strong></span> <span class='ocrx_word' id='word_1_736' title='bbox 1485 1642 1613 1668; x_wconf 87' lang='lat' dir='ltr'><strong>perpessa</strong></span> <span class='ocrx_word' id='word_1_737' title='bbox 1628 1635 1664 1662; x_wconf 88' lang='lat' dir='ltr'><strong>sit</strong></span> <span class='ocrx_word' id='word_1_738' title='bbox 1675 1636 1833 1664; x_wconf 88' lang='lat' dir='ltr'><strong>incendium</strong></span> 
     </span>
    </p>
   </div>
   <div class='ocr_carea' id='block_1_95' title="bbox 1050 1675 1835 1717">
    <p class='ocr_par' dir='ltr' id='par_1_95' title="bbox 1050 1675 1835 1717">
     <span class='ocr_line' id='line_1_95' title="bbox 1050 1675 1835 1717; baseline 0.009 -15"><span class='ocrx_word' id='word_1_739' title='bbox 1050 1675 1218 1708; x_wconf 84' lang='lat' dir='ltr'><strong>Jerusalem,</strong></span> <span class='ocrx_word' id='word_1_740' title='bbox 1243 1681 1269 1704; x_wconf 86' lang='lat' dir='ltr'><strong>et</strong></span> <span class='ocrx_word' id='word_1_741' title='bbox 1291 1678 1363 1713; x_wconf 90' lang='lat' dir='ltr'><strong>quod</strong></span> <span class='ocrx_word' id='word_1_742' title='bbox 1386 1678 1413 1704; x_wconf 93' lang='lat' dir='ltr'><strong>in</strong></span> <span class='ocrx_word' id='word_1_743' title='bbox 1436 1679 1492 1714; x_wconf 83' lang='lat' dir='ltr'><strong>ipsa</strong></span> <span class='ocrx_word' id='word_1_744' title='bbox 1513 1681 1644 1715; x_wconf 88' lang='lat' dir='ltr'><strong>templum</strong></span> <span class='ocrx_word' id='word_1_745' title='bbox 1667 1687 1742 1715; x_wconf 87' lang='lat' dir='ltr'><strong>erat,</strong></span> <span class='ocrx_word' id='word_1_746' title='bbox 1759 1683 1835 1717; x_wconf 64' lang='lat' dir='ltr'><strong>dejc«</strong></span> 
     </span>
    </p>
   </div>
   <div class='ocr_carea' id='block_1_96' title="bbox 1051 1723 1836 1761">
    <p class='ocr_par' dir='ltr' id='par_1_96' title="bbox 1051 1723 1836 1761">
     <span class='ocr_line' id='line_1_96' title="bbox 1051 1723 1836 1761; baseline 0.009 -12"><span class='ocrx_word' id='word_1_747' title='bbox 1051 1727 1124 1749; x_wconf 90' lang='lat' dir='ltr'><strong>ctum</strong></span> <span class='ocrx_word' id='word_1_748' title='bbox 1141 1724 1187 1751; x_wconf 85' lang='lat' dir='ltr'><strong>sit.</strong></span> <span class='ocrx_word' id='word_1_749' title='bbox 1201 1723 1278 1756; x_wconf 85' lang='lat' dir='ltr'><strong>Quod</strong></span> <span class='ocrx_word' id='word_1_750' title='bbox 1294 1725 1374 1751; x_wconf 89' lang='lat' dir='ltr'><strong>etiam</strong></span> <span class='ocrx_word' id='word_1_751' title='bbox 1389 1725 1476 1760; x_wconf 88' lang='lat' dir='ltr'><strong>ipsum</strong></span> <span class='ocrx_word' id='word_1_752' title='bbox 1490 1733 1615 1761; x_wconf 78' lang='lat' dir='ltr'><strong>magnam</strong></span> <span class='ocrx_word' id='word_1_753' title='bbox 1629 1727 1706 1754; x_wconf 74' lang='lat' dir='ltr'><strong>ali‘crt</strong></span> <span class='ocrx_word' id='word_1_754' title='bbox 1718 1728 1836 1756; x_wconf 83' lang='lat' dir='ltr'><strong>admira-</strong></span> 
     </span>
    </p>
   </div>
   <div class='ocr_carea' id='block_1_97' title="bbox 1051 1769 1831 1808">
    <p class='ocr_par' dir='ltr' id='par_1_97' title="bbox 1051 1769 1831 1808">
     <span class='ocr_line' id='line_1_97' title="bbox 1051 1769 1831 1808; baseline 0.009 -13"><span class='ocrx_word' id='word_1_755' title='bbox 1051 1769 1151 1796; x_wconf 84' lang='lat' dir='ltr'><strong>tionem</strong></span> <span class='ocrx_word' id='word_1_756' title='bbox 1163 1791 1169 1802; x_wconf 95' lang='lat'><strong>,</strong></span> <span class='ocrx_word' id='word_1_757' title='bbox 1188 1771 1415 1804; x_wconf 85' lang='lat' dir='ltr'><strong>quemadmodum</strong></span> <span class='ocrx_word' id='word_1_758' title='bbox 1431 1772 1560 1806; x_wconf 83' lang='lat' dir='ltr'><strong>propheta</strong></span> <span class='ocrx_word' id='word_1_759' title='bbox 1580 1773 1605 1800; x_wconf 89' lang='lat' dir='ltr'><strong>id</strong></span> <span class='ocrx_word' id='word_1_760' title='bbox 1621 1773 1813 1808; x_wconf 81' lang='lat' dir='ltr'><strong>signiﬁcaverit</strong></span> <span class='ocrx_word' id='word_1_761' title='bbox 1824 1795 1831 1806; x_wconf 85' lang='lat'>.</span> 
     </span>
    </p>
   </div>
   <div class='ocr_carea' id='block_1_98' title="bbox 1051 1815 1834 1852">
    <p class='ocr_par' dir='ltr' id='par_1_98' title="bbox 1051 1815 1834 1852">
     <span class='ocr_line' id='line_1_98' title="bbox 1051 1815 1834 1852; baseline 0.008 -11"><span class='ocrx_word' id='word_1_762' title='bbox 1051 1815 1144 1842; x_wconf 84' lang='lat' dir='ltr'><strong>dicens</strong></span> <span class='ocrx_word' id='word_1_763' title='bbox 1160 1825 1166 1842; x_wconf 90' lang='lat'>:</span> <span class='ocrx_word' id='word_1_764' title='bbox 1182 1825 1191 1841; x_wconf 79' lang='grc' dir='ltr'><strong>ι</strong></span> <span class='ocrx_word' id='word_1_765' title='bbox 1204 1816 1302 1851; x_wconf 81' lang='lat' dir='ltr'><strong>Aperi,</strong></span> <span class='ocrx_word' id='word_1_766' title='bbox 1319 1816 1438 1849; x_wconf 87' lang='lat' dir='ltr'><strong>Libane,</strong></span> <span class='ocrx_word' id='word_1_767' title='bbox 1457 1821 1549 1852; x_wconf 85' lang='lat' dir='ltr'><strong>portas</strong></span> <span class='ocrx_word' id='word_1_768' title='bbox 1565 1822 1644 1849; x_wconf 87' lang='lat' dir='ltr'><strong>tuas.</strong></span> <span class='ocrx_word' id='word_1_769' title='bbox 1663 1823 1690 1847; x_wconf 82' lang='lat' dir='ltr'><strong>et</strong></span> <span class='ocrx_word' id='word_1_770' title='bbox 1711 1821 1834 1848; x_wconf 80' lang='lat' dir='ltr'><strong>comedat</strong></span> 
     </span>
    </p>
   </div>
   <div class='ocr_carea' id='block_1_99' title="bbox 1051 1861 1833 1896">
    <p class='ocr_par' dir='ltr' id='par_1_99' title="bbox 1051 1861 1833 1896">
     <span class='ocr_line' id='line_1_99' title="bbox 1051 1861 1833 1896; baseline 0.009 -9"><span class='ocrx_word' id='word_1_771' title='bbox 1051 1861 1121 1896; x_wconf 79' lang='lat' dir='ltr'><strong>ignis</strong></span> <span class='ocrx_word' id='word_1_772' title='bbox 1136 1861 1232 1888; x_wconf 89' lang='lat' dir='ltr'><strong>cedros</strong></span> <span class='ocrx_word' id='word_1_773' title='bbox 1258 1865 1328 1888; x_wconf 88' lang='lat' dir='ltr'><strong>luas.</strong></span> <span class='ocrx_word' id='word_1_774' title='bbox 1348 1871 1357 1888; x_wconf 78' lang='grc' dir='ltr'><strong>ι</strong></span> <span class='ocrx_word' id='word_1_775' title='bbox 1373 1862 1439 1889; x_wconf 84' lang='lat' dir='ltr'><strong>Nam</strong></span> <span class='ocrx_word' id='word_1_776' title='bbox 1467 1862 1598 1890; x_wconf 86' lang='lat' dir='ltr'><strong>Libanum</strong></span> <span class='ocrx_word' id='word_1_777' title='bbox 1625 1865 1652 1891; x_wconf 90' lang='lat' dir='ltr'><strong>in</strong></span> <span class='ocrx_word' id='word_1_778' title='bbox 1676 1866 1719 1893; x_wconf 89' lang='lat' dir='ltr'><strong>his</strong></span> <span class='ocrx_word' id='word_1_779' title='bbox 1744 1867 1833 1894; x_wconf 81' lang='lat' dir='ltr'><strong>verbis</strong></span> 
     </span>
    </p>
   </div>
   <div class='ocr_carea' id='block_1_100' title="bbox 1050 1908 1833 1944">
    <p class='ocr_par' dir='ltr' id='par_1_100' title="bbox 1050 1908 1833 1944">
     <span class='ocr_line' id='line_1_100' title="bbox 1050 1908 1833 1944; baseline 0.009 -11"><span class='ocrx_word' id='word_1_780' title='bbox 1050 1915 1127 1934; x_wconf 87' lang='lat' dir='ltr'><strong>more</strong></span> <span class='ocrx_word' id='word_1_781' title='bbox 1139 1915 1189 1934; x_wconf 91' lang='lat' dir='ltr'><strong>suo</strong></span> <span class='ocrx_word' id='word_1_782' title='bbox 1200 1908 1329 1942; x_wconf 82' lang='lat' dir='ltr'><strong>templum</strong></span> <span class='ocrx_word' id='word_1_783' title='bbox 1341 1908 1429 1943; x_wconf 88' lang='lat' dir='ltr'><strong>ipsum</strong></span> <span class='ocrx_word' id='word_1_784' title='bbox 1441 1909 1580 1935; x_wconf 89' lang='lat' dir='ltr'><strong>nominat:</strong></span> <span class='ocrx_word' id='word_1_785' title='bbox 1595 1911 1722 1944; x_wconf 88' lang='lat' dir='ltr'><strong>quoniam</strong></span> <span class='ocrx_word' id='word_1_786' title='bbox 1733 1911 1760 1938; x_wconf 88' lang='lat' dir='ltr'><strong>in</strong></span> <span class='ocrx_word' id='word_1_787' title='bbox 1773 1913 1833 1940; x_wconf 86' lang='lat' dir='ltr'><strong>aliis</strong></span> 
     </span>
    </p>
   </div>
   <div class='ocr_carea' id='block_1_101' title="bbox 1051 1953 1832 1991">
    <p class='ocr_par' dir='ltr' id='par_1_101' title="bbox 1051 1953 1832 1991">
     <span class='ocr_line' id='line_1_101' title="bbox 1051 1953 1832 1991; baseline 0.006 -13"><span class='ocrx_word' id='word_1_788' title='bbox 1051 1959 1161 1987; x_wconf 89' lang='lat' dir='ltr'><strong>quoque</strong></span> <span class='ocrx_word' id='word_1_789' title='bbox 1185 1953 1336 1987; x_wconf 88' lang='lat' dir='ltr'><strong>prophetiis</strong></span> <span class='ocrx_word' id='word_1_790' title='bbox 1358 1957 1498 1981; x_wconf 90' lang='lat' dir='ltr'><strong>ostensum</strong></span> <span class='ocrx_word' id='word_1_791' title='bbox 1515 1958 1574 1986; x_wconf 81' lang='lat' dir='ltr'><strong>est,</strong></span> <span class='ocrx_word' id='word_1_792' title='bbox 1594 1954 1726 1982; x_wconf 87' lang='lat' dir='ltr'><strong>Libanum</strong></span> <span class='ocrx_word' id='word_1_793' title='bbox 1745 1957 1832 1991; x_wconf 88' lang='lat' dir='ltr'><strong>ipsum</strong></span> 
     </span>
    </p>
   </div>
   <div class='ocr_carea' id='block_1_102' title="bbox 1051 1998 1833 2035">
    <p class='ocr_par' dir='ltr' id='par_1_102' title="bbox 1051 1998 1833 2035">
     <span class='ocr_line' id='line_1_102' title="bbox 1051 1998 1833 2035; baseline 0.006 -11"><span class='ocrx_word' id='word_1_794' title='bbox 1051 1999 1182 2033; x_wconf 75' lang='lat' dir='ltr'><strong>templum</strong></span> <span class='ocrx_word' id='word_1_795' title='bbox 1197 1999 1299 2026; x_wconf 87' lang='lat' dir='ltr'><strong>vocari.</strong></span> <span class='ocrx_word' id='word_1_796' title='bbox 1315 1998 1343 2025; x_wconf 88' lang='lat' dir='ltr'><strong>Id</strong></span> <span class='ocrx_word' id='word_1_797' title='bbox 1359 2003 1448 2026; x_wconf 91' lang='lat' dir='ltr'><strong>autem</strong></span> <span class='ocrx_word' id='word_1_798' title='bbox 1461 1999 1512 2034; x_wconf 87' lang='lat' dir='ltr'><strong>ipsi</strong></span> <span class='ocrx_word' id='word_1_799' title='bbox 1527 2008 1635 2035; x_wconf 87' lang='lat' dir='ltr'><strong>quoque</strong></span> <span class='ocrx_word' id='word_1_800' title='bbox 1645 2000 1730 2029; x_wconf 74' lang='lat' dir='ltr'><strong>Judzci</strong></span> <span class='ocrx_word' id='word_1_801' title='bbox 1746 2002 1833 2029; x_wconf 87' lang='lat' dir='ltr'><strong>adhuc</strong></span> 
     </span>
    </p>
   </div>
   <div class='ocr_carea' id='block_1_103' title="bbox 1051 2044 1831 2083">
    <p class='ocr_par' dir='ltr' id='par_1_103' title="bbox 1051 2044 1831 2083">
     <span class='ocr_line' id='line_1_103' title="bbox 1051 2044 1831 2083; baseline 0.006 -13"><span class='ocrx_word' id='word_1_802' title='bbox 1051 2044 1226 2075; x_wconf 82' lang='lat' dir='ltr'><strong>conﬁtentur,</strong></span> <span class='ocrx_word' id='word_1_803' title='bbox 1252 2044 1472 2079; x_wconf 89' lang='lat' dir='ltr'><strong>quandoquidem</strong></span> <span class='ocrx_word' id='word_1_804' title='bbox 1488 2045 1573 2074; x_wconf 88' lang='lat' dir='ltr'><strong>Isaias</strong></span> <span class='ocrx_word' id='word_1_805' title='bbox 1589 2047 1653 2074; x_wconf 89' lang='lat' dir='ltr'><strong>hnlc</strong></span> <span class='ocrx_word' id='word_1_806' title='bbox 1675 2048 1831 2083; x_wconf 59' lang='lat' dir='ltr'><strong>prophetae,</strong></span> 
     </span>
    </p>
   </div>
   <div class='ocr_carea' id='block_1_104' title="bbox 1051 2090 1834 2125">
    <p class='ocr_par' dir='ltr' id='par_1_104' title="bbox 1051 2090 1834 2125">
     <span class='ocr_line' id='line_1_104' title="bbox 1051 2090 1834 2125; baseline 0.005 -9"><span class='ocrx_word' id='word_1_807' title='bbox 1051 2090 1096 2125; x_wconf 91' lang='lat' dir='ltr'><strong>qui</strong></span> <span class='ocrx_word' id='word_1_808' title='bbox 1112 2095 1338 2121; x_wconf 85' lang='lat' dir='ltr'><strong>nunctractatur,</strong></span> <span class='ocrx_word' id='word_1_809' title='bbox 1355 2090 1455 2117; x_wconf 89' lang='lat' dir='ltr'><strong>similia</strong></span> <span class='ocrx_word' id='word_1_810' title='bbox 1462 2099 1562 2119; x_wconf 78' lang='lat' dir='ltr'><strong>canens</strong></span> <span class='ocrx_word' id='word_1_811' title='bbox 1577 2092 1646 2119; x_wconf 83' lang='lat' dir='ltr'><strong>dixit</strong></span> <span class='ocrx_word' id='word_1_812' title='bbox 1658 2103 1665 2120; x_wconf 90' lang='lat'><strong>:</strong></span> <span class='ocrx_word' id='word_1_813' title='bbox 1677 2102 1686 2118; x_wconf 87' lang='grc'><strong><em>‹</em></strong></span> <span class='ocrx_word' id='word_1_814' title='bbox 1699 2092 1768 2120; x_wconf 86' lang='lat' dir='ltr'><strong>Ecce</strong></span> <span class='ocrx_word' id='word_1_815' title='bbox 1781 2093 1834 2120; x_wconf 78' lang='grc' dir='ltr'><strong>Ι)οα</strong></span> 
     </span>
    </p>
   </div>
   <div class='ocr_carea' id='block_1_105' title="bbox 1050 2136 1832 2173">
    <p class='ocr_par' dir='ltr' id='par_1_105' title="bbox 1050 2136 1832 2173">
     <span class='ocr_line' id='line_1_105' title="bbox 1050 2136 1832 2173; baseline 0.005 -10"><span class='ocrx_word' id='word_1_816' title='bbox 1050 2137 1141 2163; x_wconf 84' lang='lat' dir='ltr'><strong>minus</strong></span> <span class='ocrx_word' id='word_1_817' title='bbox 1158 2136 1277 2163; x_wconf 83' lang='lat' dir='ltr'><strong>Sabaoth</strong></span> <span class='ocrx_word' id='word_1_818' title='bbox 1293 2137 1468 2164; x_wconf 92' lang='lat' dir='ltr'><strong>conturbabit</strong></span> <span class='ocrx_word' id='word_1_819' title='bbox 1481 2138 1616 2173; x_wconf 74' lang='lat' dir='ltr'><strong>gloriosos</strong></span> <span class='ocrx_word' id='word_1_820' title='bbox 1632 2146 1694 2166; x_wconf 90' lang='lat' dir='ltr'><strong>cum</strong></span> <span class='ocrx_word' id='word_1_821' title='bbox 1716 2139 1832 2171; x_wconf 89' lang='lat' dir='ltr'><strong>robore,</strong></span> 
     </span>
    </p>
   </div>
   <div class='ocr_carea' id='block_1_106' title="bbox 1050 2182 1831 2212">
    <p class='ocr_par' dir='ltr' id='par_1_106' title="bbox 1050 2182 1831 2212">
     <span class='ocr_line' id='line_1_106' title="bbox 1050 2182 1831 2212; baseline 0 -2"><span class='ocrx_word' id='word_1_822' title='bbox 1050 2186 1078 2210; x_wconf 85' lang='lat' dir='ltr'><strong>et</strong></span> <span class='ocrx_word' id='word_1_823' title='bbox 1098 2182 1197 2210; x_wconf 84' lang='lat' dir='ltr'><strong>excelsi</strong></span> <span class='ocrx_word' id='word_1_824' title='bbox 1225 2183 1388 2209; x_wconf 82' lang='lat' dir='ltr'><strong>contumelia</strong></span> <span class='ocrx_word' id='word_1_825' title='bbox 1406 2186 1593 2211; x_wconf 87' lang='lat' dir='ltr'><strong>conterentur.</strong></span> <span class='ocrx_word' id='word_1_826' title='bbox 1610 2183 1729 2211; x_wconf 89' lang='lat' dir='ltr'><strong>Libanus</strong></span> <span class='ocrx_word' id='word_1_827' title='bbox 1743 2188 1831 2212; x_wconf 86' lang='lat' dir='ltr'><strong>autem</strong></span> 
     </span>
    </p>
   </div>
   <div class='ocr_carea' id='block_1_107' title="bbox 1017 2222 1835 2264">
    <p class='ocr_par' dir='ltr' id='par_1_107' title="bbox 1017 2222 1835 2264">
     <span class='ocr_line' id='line_1_107' title="bbox 1017 2222 1835 2264; baseline 0.002 -9"><span class='ocrx_word' id='word_1_828' title='bbox 1017 2222 1036 2248; x_wconf 79' lang='grc' dir='ltr'><strong>ι)</strong></span> <span class='ocrx_word' id='word_1_829' title='bbox 1052 2236 1113 2255; x_wconf 89' lang='lat' dir='ltr'><strong>cum</strong></span> <span class='ocrx_word' id='word_1_830' title='bbox 1132 2229 1248 2256; x_wconf 80' lang='lat' dir='ltr'><strong>excelsis</strong></span> <span class='ocrx_word' id='word_1_831' title='bbox 1268 2229 1363 2260; x_wconf 82' lang='lat' dir='ltr'><strong>cadet,</strong></span> <span class='ocrx_word' id='word_1_832' title='bbox 1386 2232 1412 2255; x_wconf 90' lang='lat' dir='ltr'><strong>et</strong></span> <span class='ocrx_word' id='word_1_833' title='bbox 1432 2229 1585 2263; x_wconf 74' lang='lat' dir='ltr'><strong>egredietur</strong></span> <span class='ocrx_word' id='word_1_834' title='bbox 1602 2230 1676 2264; x_wconf 82' lang='lat' dir='ltr'><strong>virga</strong></span> <span class='ocrx_word' id='word_1_835' title='bbox 1693 2230 1726 2257; x_wconf 88' lang='lat' dir='ltr'><strong>de</strong></span> <span class='ocrx_word' id='word_1_836' title='bbox 1741 2230 1835 2258; x_wconf 84' lang='lat' dir='ltr'><strong>radice</strong></span> 
     </span>
    </p>
   </div>
   <div class='ocr_carea' id='block_1_108' title="bbox 1047 2274 1835 2311">
    <p class='ocr_par' dir='ltr' id='par_1_108' title="bbox 1047 2274 1835 2311">
     <span class='ocr_line' id='line_1_108' title="bbox 1047 2274 1835 2311; baseline 0 -9"><span class='ocrx_word' id='word_1_837' title='bbox 1047 2274 1134 2307; x_wconf 82' lang='lat' dir='ltr'><strong>Jesse,</strong></span> <span class='ocrx_word' id='word_1_838' title='bbox 1146 2278 1173 2302; x_wconf 88' lang='lat' dir='ltr'><strong>et</strong></span> <span class='ocrx_word' id='word_1_839' title='bbox 1184 2274 1234 2302; x_wconf 85' lang='lat' dir='ltr'><strong>llos</strong></span> <span class='ocrx_word' id='word_1_840' title='bbox 1248 2274 1280 2301; x_wconf 89' lang='lat' dir='ltr'><strong>de</strong></span> <span class='ocrx_word' id='word_1_841' title='bbox 1296 2274 1388 2301; x_wconf 84' lang='lat' dir='ltr'><strong>radice</strong></span> <span class='ocrx_word' id='word_1_842' title='bbox 1399 2275 1538 2306; x_wconf 80' lang='lat' dir='ltr'><strong>ascendet,</strong></span> <span class='ocrx_word' id='word_1_843' title='bbox 1550 2280 1577 2303; x_wconf 79' lang='lat' dir='ltr'><strong>et</strong></span> <span class='ocrx_word' id='word_1_844' title='bbox 1588 2277 1741 2310; x_wconf 85' lang='lat' dir='ltr'><strong>requiescet</strong></span> <span class='ocrx_word' id='word_1_845' title='bbox 1752 2284 1835 2311; x_wconf 79' lang='lat' dir='ltr'><strong>super</strong></span> 
     </span>
    </p>
   </div>
   <div class='ocr_carea' id='block_1_109' title="bbox 1048 2319 1834 2355">
    <p class='ocr_par' dir='ltr' id='par_1_109' title="bbox 1048 2319 1834 2355">
     <span class='ocr_line' id='line_1_109' title="bbox 1048 2319 1834 2355; baseline 0 -8"><span class='ocrx_word' id='word_1_846' title='bbox 1048 2328 1109 2347; x_wconf 78' lang='lat' dir='ltr'><strong>eum</strong></span> <span class='ocrx_word' id='word_1_847' title='bbox 1122 2321 1236 2355; x_wconf 89' lang='lat' dir='ltr'><strong>spiritus</strong></span> <span class='ocrx_word' id='word_1_848' title='bbox 1251 2320 1297 2347; x_wconf 86' lang='lat' dir='ltr'><strong>Dei</strong></span> <span class='ocrx_word' id='word_1_849' title='bbox 1309 2320 1330 2353; x_wconf 80' lang='grc'><strong>⁸;</strong></span> <span class='ocrx_word' id='word_1_850' title='bbox 1344 2330 1352 2346; x_wconf 78' lang='grc' dir='ltr'><strong>ι</strong></span> <span class='ocrx_word' id='word_1_851' title='bbox 1363 2319 1464 2354; x_wconf 90' lang='lat' dir='ltr'><strong>quibus</strong></span> <span class='ocrx_word' id='word_1_852' title='bbox 1474 2320 1595 2355; x_wconf 83' lang='lat' dir='ltr'><strong>adjungit</strong></span> <span class='ocrx_word' id='word_1_853' title='bbox 1609 2331 1615 2347; x_wconf 89' lang='lat'><strong>:</strong></span> <span class='ocrx_word' id='word_1_854' title='bbox 1627 2330 1635 2346; x_wconf 82' lang='grc' dir='ltr'><strong>ι</strong></span> <span class='ocrx_word' id='word_1_855' title='bbox 1648 2320 1677 2347; x_wconf 88' lang='lat' dir='ltr'><strong>Et</strong></span> <span class='ocrx_word' id='word_1_856' title='bbox 1689 2321 1740 2348; x_wconf 86' lang='lat' dir='ltr'><strong>erit</strong></span> <span class='ocrx_word' id='word_1_857' title='bbox 1754 2321 1834 2347; x_wconf 74' lang='lat' dir='ltr'><strong>radix</strong></span> 
     </span>
    </p>
   </div>
   <div class='ocr_carea' id='block_1_110' title="bbox 1047 2366 1832 2401">
    <p class='ocr_par' dir='ltr' id='par_1_110' title="bbox 1047 2366 1832 2401">
     <span class='ocr_line' id='line_1_110' title="bbox 1047 2366 1832 2401; baseline -0.003 -7"><span class='ocrx_word' id='word_1_858' title='bbox 1047 2366 1144 2398; x_wconf 82' lang='lat' dir='ltr'><strong>Jesse,</strong></span> <span class='ocrx_word' id='word_1_859' title='bbox 1165 2370 1194 2393; x_wconf 89' lang='lat' dir='ltr'><strong>et</strong></span> <span class='ocrx_word' id='word_1_860' title='bbox 1214 2366 1259 2400; x_wconf 89' lang='lat' dir='ltr'><strong>qui</strong></span> <span class='ocrx_word' id='word_1_861' title='bbox 1285 2367 1373 2401; x_wconf 78' lang='lat' dir='ltr'><strong>surgit</strong></span> <span class='ocrx_word' id='word_1_862' title='bbox 1394 2370 1422 2393; x_wconf 92' lang='lat' dir='ltr'><strong>ut</strong></span> <span class='ocrx_word' id='word_1_863' title='bbox 1445 2366 1556 2401; x_wconf 87' lang='lat' dir='ltr'><strong>imperet</strong></span> <span class='ocrx_word' id='word_1_864' title='bbox 1572 2367 1712 2401; x_wconf 78' lang='lat' dir='ltr'><strong>gentibus,</strong></span> <span class='ocrx_word' id='word_1_865' title='bbox 1729 2366 1755 2392; x_wconf 92' lang='lat' dir='ltr'><strong>in</strong></span> <span class='ocrx_word' id='word_1_866' title='bbox 1773 2366 1832 2401; x_wconf 88' lang='lat' dir='ltr'><strong>ipso</strong></span> 
     </span>
    </p>
   </div>
   <div class='ocr_carea' id='block_1_111' title="bbox 1047 2412 1831 2448">
    <p class='ocr_par' dir='ltr' id='par_1_111' title="bbox 1047 2412 1831 2448">
     <span class='ocr_line' id='line_1_111' title="bbox 1047 2412 1831 2448; baseline 0 -9"><span class='ocrx_word' id='word_1_867' title='bbox 1047 2412 1126 2448; x_wconf 66' lang='grc'><strong>41],</strong></span> <span class='ocrx_word' id='word_1_868' title='bbox 1139 2416 1234 2447; x_wconf 76' lang='lat' dir='ltr'><strong>gentes</strong></span> <span class='ocrx_word' id='word_1_869' title='bbox 1250 2413 1427 2447; x_wconf 68' lang='lat' dir='ltr'><strong>sperabunt”.</strong></span> <span class='ocrx_word' id='word_1_870' title='bbox 1444 2422 1453 2438; x_wconf 75' lang='grc' dir='ltr'><strong>ι</strong></span> <span class='ocrx_word' id='word_1_871' title='bbox 1473 2412 1577 2439; x_wconf 88' lang='lat' dir='ltr'><strong>Etenim</strong></span> <span class='ocrx_word' id='word_1_872' title='bbox 1595 2413 1639 2439; x_wconf 90' lang='lat' dir='ltr'><strong>hic</strong></span> <span class='ocrx_word' id='word_1_873' title='bbox 1654 2420 1761 2447; x_wconf 89' lang='lat' dir='ltr'><strong>quoque</strong></span> <span class='ocrx_word' id='word_1_874' title='bbox 1779 2421 1831 2439; x_wconf 88' lang='lat' dir='ltr'><strong>una</strong></span> 
     </span>
    </p>
   </div>
   <div class='ocr_carea' id='block_1_112' title="bbox 1049 2455 1831 2488">
    <p class='ocr_par' dir='ltr' id='par_1_112' title="bbox 1049 2455 1831 2488">
     <span class='ocr_line' id='line_1_112' title="bbox 1049 2455 1831 2488; baseline -0.003 -4"><span class='ocrx_word' id='word_1_875' title='bbox 1049 2465 1110 2484; x_wconf 94' lang='lat' dir='ltr'><strong>cum</strong></span> <span class='ocrx_word' id='word_1_876' title='bbox 1127 2460 1187 2483; x_wconf 92' lang='lat' dir='ltr'><strong>ortu</strong></span> <span class='ocrx_word' id='word_1_877' title='bbox 1202 2456 1303 2484; x_wconf 87' lang='lat' dir='ltr'><strong>Christi</strong></span> <span class='ocrx_word' id='word_1_878' title='bbox 1317 2456 1350 2484; x_wconf 91' lang='lat' dir='ltr'><strong>de</strong></span> <span class='ocrx_word' id='word_1_879' title='bbox 1370 2457 1474 2484; x_wconf 89' lang='lat' dir='ltr'><strong>semine</strong></span> <span class='ocrx_word' id='word_1_880' title='bbox 1488 2455 1566 2484; x_wconf 86' lang='lat' dir='ltr'><strong>Jesse</strong></span> <span class='ocrx_word' id='word_1_881' title='bbox 1580 2461 1607 2483; x_wconf 89' lang='lat' dir='ltr'><strong>et</strong></span> <span class='ocrx_word' id='word_1_882' title='bbox 1622 2455 1719 2488; x_wconf 82' lang='lat' dir='ltr'><strong>David,</strong></span> <span class='ocrx_word' id='word_1_883' title='bbox 1736 2455 1831 2483; x_wconf 82' lang='lat' dir='ltr'><strong>Libani</strong></span> 
     </span>
    </p>
   </div>
   <div class='ocr_carea' id='block_1_113' title="bbox 1051 2501 1830 2537">
    <p class='ocr_par' dir='ltr' id='par_1_113' title="bbox 1051 2501 1830 2537">
     <span class='ocr_line' id='line_1_113' title="bbox 1051 2501 1830 2537; baseline -0.003 -7"><span class='ocrx_word' id='word_1_884' title='bbox 1051 2502 1157 2530; x_wconf 85' lang='lat' dir='ltr'><strong>eversio</strong></span> <span class='ocrx_word' id='word_1_885' title='bbox 1172 2505 1199 2529; x_wconf 85' lang='lat' dir='ltr'><strong>et</strong></span> <span class='ocrx_word' id='word_1_886' title='bbox 1214 2503 1334 2537; x_wconf 80' lang='lat' dir='ltr'><strong>gentium</strong></span> <span class='ocrx_word' id='word_1_887' title='bbox 1350 2503 1456 2529; x_wconf 75' lang='lat' dir='ltr'><strong>vocatio</strong></span> <span class='ocrx_word' id='word_1_888' title='bbox 1469 2501 1616 2536; x_wconf 82' lang='lat' dir='ltr'><strong>conjuncta</strong></span> <span class='ocrx_word' id='word_1_889' title='bbox 1630 2505 1682 2529; x_wconf 72' lang='lat' dir='ltr'><strong>est.</strong></span> <span class='ocrx_word' id='word_1_890' title='bbox 1699 2501 1830 2529; x_wconf 83' lang='lat' dir='ltr'><strong>Libanum</strong></span> 
     </span>
    </p>
   </div>
   <div class='ocr_carea' id='block_1_114' title="bbox 1052 2546 1832 2582">
    <p class='ocr_par' dir='ltr' id='par_1_114' title="bbox 1052 2546 1832 2582">
     <span class='ocr_line' id='line_1_114' title="bbox 1052 2546 1832 2582; baseline -0.001 -8"><span class='ocrx_word' id='word_1_891' title='bbox 1052 2553 1142 2575; x_wconf 90' lang='lat' dir='ltr'><strong>autem</strong></span> <span class='ocrx_word' id='word_1_892' title='bbox 1163 2548 1248 2582; x_wconf 71' lang='lat' dir='ltr'><strong>ipsam</strong></span> <span class='ocrx_word' id='word_1_893' title='bbox 1272 2546 1423 2575; x_wconf 86' lang='lat' dir='ltr'><strong>Jerusalem</strong></span> <span class='ocrx_word' id='word_1_894' title='bbox 1447 2547 1581 2581; x_wconf 77' lang='lat' dir='ltr'><strong>intelligi,</strong></span> <span class='ocrx_word' id='word_1_895' title='bbox 1606 2546 1732 2574; x_wconf 81' lang='lat' dir='ltr'><strong>Ezechiel</strong></span> <span class='ocrx_word' id='word_1_896' title='bbox 1753 2547 1832 2582; x_wconf 85' lang='lat' dir='ltr'><strong>plane</strong></span> 
     </span>
    </p>
   </div>
   <div class='ocr_carea' id='block_1_115' title="bbox 1052 2592 1830 2628">
    <p class='ocr_par' dir='ltr' id='par_1_115' title="bbox 1052 2592 1830 2628">
     <span class='ocr_line' id='line_1_115' title="bbox 1052 2592 1830 2628; baseline -0.003 -8"><span class='ocrx_word' id='word_1_897' title='bbox 1052 2594 1187 2628; x_wconf 76' lang='lat' dir='ltr'><strong>signiﬁcat</strong></span> <span class='ocrx_word' id='word_1_898' title='bbox 1200 2593 1244 2620; x_wconf 86' lang='lat' dir='ltr'><strong>his</strong></span> <span class='ocrx_word' id='word_1_899' title='bbox 1265 2593 1375 2620; x_wconf 82' lang='lat' dir='ltr'><strong>verbis:</strong></span> <span class='ocrx_word' id='word_1_900' title='bbox 1394 2603 1403 2618; x_wconf 79' lang='grc' dir='ltr'><strong>ι</strong></span> <span class='ocrx_word' id='word_1_901' title='bbox 1419 2592 1517 2627; x_wconf 84' lang='lat' dir='ltr'><strong>Aquila</strong></span> <span class='ocrx_word' id='word_1_902' title='bbox 1536 2592 1648 2627; x_wconf 79' lang='lat' dir='ltr'><strong>grandis</strong></span> <span class='ocrx_word' id='word_1_903' title='bbox 1672 2599 1830 2627; x_wconf 81' lang='lat' dir='ltr'><strong>magnarum</strong></span> 
     </span>
    </p>
   </div>
   <div class='ocr_carea' id='block_1_116' title="bbox 1051 2638 1831 2674">
    <p class='ocr_par' dir='ltr' id='par_1_116' title="bbox 1051 2638 1831 2674">
     <span class='ocr_line' id='line_1_116' title="bbox 1051 2638 1831 2674; baseline -0.003 -8"><span class='ocrx_word' id='word_1_904' title='bbox 1051 2641 1166 2673; x_wconf 82' lang='lat' dir='ltr'><strong>alarum,</strong></span> <span class='ocrx_word' id='word_1_905' title='bbox 1179 2647 1238 2674; x_wconf 68' lang='lat' dir='ltr'><strong>quae</strong></span> <span class='ocrx_word' id='word_1_906' title='bbox 1251 2639 1331 2666; x_wconf 88' lang='lat' dir='ltr'><strong>habet</strong></span> <span class='ocrx_word' id='word_1_907' title='bbox 1349 2641 1541 2666; x_wconf 85' lang='lat' dir='ltr'><strong>auctoritatem</strong></span> <span class='ocrx_word' id='word_1_908' title='bbox 1558 2638 1729 2674; x_wconf 80' lang='lat' dir='ltr'><strong>ingrediendi</strong></span> <span class='ocrx_word' id='word_1_909' title='bbox 1747 2638 1773 2664; x_wconf 90' lang='lat' dir='ltr'><strong>in</strong></span> <span class='ocrx_word' id='word_1_910' title='bbox 1788 2638 1831 2664; x_wconf 89' lang='lat' dir='ltr'><strong>Li-</strong></span> 
     </span>
    </p>
   </div>
   <div class='ocr_carea' id='block_1_117' title="bbox 1049 2683 1832 2717">
    <p class='ocr_par' dir='ltr' id='par_1_117' title="bbox 1049 2683 1832 2717">
     <span class='ocr_line' id='line_1_117' title="bbox 1049 2683 1832 2717; baseline -0.003 -6"><span class='ocrx_word' id='word_1_911' title='bbox 1049 2685 1161 2715; x_wconf 89' lang='lat' dir='ltr'><strong>banum.</strong></span> <span class='ocrx_word' id='word_1_912' title='bbox 1181 2688 1208 2711; x_wconf 91' lang='lat' dir='ltr'><strong>et</strong></span> <span class='ocrx_word' id='word_1_913' title='bbox 1227 2684 1325 2711; x_wconf 87' lang='lat' dir='ltr'><strong>evulsit</strong></span> <span class='ocrx_word' id='word_1_914' title='bbox 1350 2688 1443 2711; x_wconf 89' lang='lat' dir='ltr'><strong>tenera</strong></span> <span class='ocrx_word' id='word_1_915' title='bbox 1465 2684 1538 2711; x_wconf 86' lang='lat' dir='ltr'><strong>cedri</strong></span> <span class='ocrx_word' id='word_1_916' title='bbox 1553 2684 1585 2711; x_wconf 82' lang='lat'><strong>‘°.</strong></span> <span class='ocrx_word' id='word_1_917' title='bbox 1605 2693 1614 2709; x_wconf 73' lang='grc' dir='ltr'>ι</span> <span class='ocrx_word' id='word_1_918' title='bbox 1634 2683 1667 2710; x_wconf 88' lang='lat' dir='ltr'><strong>Et</strong></span> <span class='ocrx_word' id='word_1_919' title='bbox 1691 2683 1747 2710; x_wconf 65' lang='lat' dir='ltr'><strong>haec</strong></span> <span class='ocrx_word' id='word_1_920' title='bbox 1773 2683 1832 2717; x_wconf 76' lang='lat' dir='ltr'><strong>ipsa</strong></span> 
     </span>
    </p>
   </div>
   <div class='ocr_carea' id='block_1_118' title="bbox 1049 2728 1833 2765">
    <p class='ocr_par' dir='ltr' id='par_1_118' title="bbox 1049 2728 1833 2765">
     <span class='ocr_line' id='line_1_118' title="bbox 1049 2728 1833 2765; baseline 0 -9"><span class='ocrx_word' id='word_1_921' title='bbox 1049 2730 1177 2765; x_wconf 90' lang='lat' dir='ltr'><strong>deinceps</strong></span> <span class='ocrx_word' id='word_1_922' title='bbox 1187 2730 1337 2765; x_wconf 76' lang='lat' dir='ltr'><strong>explanans</strong></span> <span class='ocrx_word' id='word_1_923' title='bbox 1348 2729 1417 2757; x_wconf 90' lang='lat' dir='ltr'><strong>idem</strong></span> <span class='ocrx_word' id='word_1_924' title='bbox 1432 2730 1572 2765; x_wconf 87' lang='lat' dir='ltr'><strong>propheta,</strong></span> <span class='ocrx_word' id='word_1_925' title='bbox 1587 2729 1710 2765; x_wconf 77' lang='lat' dir='ltr'><strong>adjungit</strong></span> <span class='ocrx_word' id='word_1_926' title='bbox 1721 2738 1728 2756; x_wconf 92' lang='lat'>:</span> <span class='ocrx_word' id='word_1_927' title='bbox 1740 2738 1750 2755; x_wconf 79' lang='grc' dir='ltr'><strong>ι</strong></span> <span class='ocrx_word' id='word_1_928' title='bbox 1763 2728 1833 2756; x_wconf 91' lang='lat' dir='ltr'><strong>Cum</strong></span> 
     </span>
    </p>
   </div>
   <div class='ocr_carea' id='block_1_119' title="bbox 1052 2775 1831 2810">
    <p class='ocr_par' dir='ltr' id='par_1_119' title="bbox 1052 2775 1831 2810">
     <span class='ocr_line' id='line_1_119' title="bbox 1052 2775 1831 2810; baseline -0.003 -6"><span class='ocrx_word' id='word_1_929' title='bbox 1052 2777 1158 2804; x_wconf 82' lang='lat' dir='ltr'><strong>venerit</strong></span> <span class='ocrx_word' id='word_1_930' title='bbox 1173 2776 1428 2803; x_wconf 76' lang='lat' dir='ltr'><strong>Nabuchodonosor</strong></span> <span class='ocrx_word' id='word_1_931' title='bbox 1454 2776 1481 2803; x_wconf 93' lang='lat' dir='ltr'><strong>in</strong></span> <span class='ocrx_word' id='word_1_932' title='bbox 1498 2775 1661 2808; x_wconf 79' lang='lat' dir='ltr'><strong>Jerusalem,</strong></span> <span class='ocrx_word' id='word_1_933' title='bbox 1677 2779 1704 2803; x_wconf 76' lang='lat' dir='ltr'><strong>et</strong></span> <span class='ocrx_word' id='word_1_934' title='bbox 1721 2783 1831 2810; x_wconf 76' lang='lat' dir='ltr'><strong>accepe-</strong></span> 
     </span>
    </p>
   </div>
   <div class='ocr_carea' id='block_1_120' title="bbox 1051 2865 1321 2898">
    <p class='ocr_par' dir='ltr' id='par_1_120' title="bbox 1051 2865 1321 2898">
     <span class='ocr_line' id='line_1_120' title="bbox 1051 2865 1321 2898; baseline 0.004 -7"><span class='ocrx_word' id='word_1_935' title='bbox 1051 2867 1070 2881; x_wconf 85' lang='grc'><strong>¹⁰</strong></span> <span class='ocrx_word' id='word_1_936' title='bbox 1092 2866 1188 2892; x_wconf 67' lang='lat' dir='ltr'><strong>lin-rh.</strong></span> <span class='ocrx_word' id='word_1_937' title='bbox 1207 2873 1278 2898; x_wconf 75' lang='lat' dir='ltr'><strong>xvn,</strong></span> <span class='ocrx_word' id='word_1_938' title='bbox 1296 2865 1321 2892; x_wconf 81' lang='lat'><strong>5.</strong></span> 
     </span>
    </p>
   </div>
  </div>
