2089 3218
283 166 337 194 643

599 165 735 194 EUSEBH
752 165 994 195 CESARIENSIS
1010 165 1088 195 OPP.
1107 165 1199 194 PARS
1217 166 1250 194 ll.
1269 182 1305 187 —
1319 165 1571 195 APOLOGETICA.

1855 166 1909 195 σιι

283 225 321 252 rit
335 224 463 260 princeps
481 224 582 259 eius",
599 233 609 250 ›
625 229 652 251 ει
662 232 723 259 qua
740 229 903 260 sequuntur.
924 225 1057 253 Caeterum

1107 254 1108 258 η
1121 226 1184 258 τοὺς
1193 225 1327 262 Ζαχαρίου
1339 226 1452 262 χρόνους
1463 225 1510 251 ἐπὶ
1524 225 1574 260 τῆς
1586 224 1751 252 Μακεδόνων
1768 223 1907 260 βασιλείας

284 270 523 305 Ezechielquidem
535 270 591 296 haec
601 268 635 296 de
641 270 730 304 prima
741 269 897 298 Jerusalem
924 271 1070 298 obsidione

282 317 408 352 praedixit
423 326 429 344 :
444 320 507 351 post
525 316 604 350 cujus
624 315 776 343 obsidionis
798 321 905 352 tempus
922 317 1070 345 Zacharias

283 363 318 390 de
338 362 459 389 secunda
479 362 592 389 divinat.
614 362 728 395 Quando
752 363 835 398 igitur
855 367 917 398 pest
932 363 1070 391 Zacliarire

283 414 414 443 tempora,
431 408 482 435 sub
500 408 614 444 imperio
627 408 804 436 Macedonum
820 409 952 444 templum
975 410 1069 437 incen-

283 462 342 480 sum
362 454 422 481 est?
438 458 513 481 certe
534 462 686 489 nunquam.
710 455 850 489 Siquidem
867 460 930 490 post
953 455 1068 491 Babylo-

282 499 389 527 niorum
406 500 646 535 depopulationem
668 505 750 536 atque
775 502 941 534 incendium,
965 502 1066 529 nullam

282 546 352 581 ignis
360 549 472 573 alteram
483 547 661 574 vastationem
669 555 789 582 unquam
802 555 930 583 perpessa
941 553 982 575 est
990 548 1066 580 urbs,

280 591 333 617 nisi
346 591 398 618 sub
414 590 583 626 Vespasiano
595 599 627 619 ac
642 591 704 619 Tito
717 592 902 620 Romanorum
919 594 1067 629 imperato-

279 637 364 667 ribus,
382 637 417 664 ob
440 645 521 672 quam
539 645 606 665 sane
628 639 812 666 vastationem
835 648 933 667 rursus
948 641 1066 668 obscure

277 686 304 709 et
320 690 369 717 per
386 682 486 718 ﬁguras
505 691 564 713 eos.
581 684 628 718 qui
651 685 716 711 olim
737 686 810 719 genti
834 685 1015 720 imperabant,
1031 687 1065 713 ad

277 728 479 764 deplorationes
492 733 519 757 e1.
530 730 651 757 lamenta
666 730 763 758 invitat
777 732 930 765 oraculum,
948 731 1043 760 dicens
1057 741 1063 758 :

279 784 288 799 ι
307 773 397 802 Ululet
419 775 517 810 pinus,
534 776 663 810 quoniam
681 777 781 804 cecidit
801 777 917 810 cedrus,
935 778 1064 812 quoniam

276 827 441 856 magnopere
460 821 596 856 magniﬁci
616 821 706 849 alliicli
720 826 784 849 sunt
799 830 806 848 :
824 823 936 855 ululate,
947 831 1065 858 quercus

277 867 452 900 Basanitidis,
463 868 594 903 quoniam
610 869 760 896 convulsus
768 861 816 897 est
824 870 910 897 saltus
925 860 1060 901 consitus,

1120 273 1284 310 ἐμπρησμὸν
1296 273 1442 309 ὑπέμεινεν
1459 273 1474 298 6
1487 271 1570 304 νεώς;
1586 271 1644 297 ἀλλ’
1656 271 1707 297 οὐκ
1722 270 1794 298 εστιν
1807 267 1916 297 είπεῐν.¹

1119 318 1197 345 Μετὰ
1215 318 1271 353 γὰρ
1295 318 1344 354 τὴν
1366 318 1419 344 ὑπὸ
1445 317 1623 344 Βαῆυλωνίων
1649 317 1827 352 πυρπόλησιν,
1849 315 1906 342 οὐδ’

1119 363 1212 389 ἄλλοτε
1235 363 1363 399 δευτέραν
1390 363 1406 398 ἢ
1426 363 1497 389 κατὰ
1528 363 1605 389 Ἰῒτον
1628 363 1675 389 καὶ
1703 359 1913 390 οὺεσπασιανδν’

1124 410 1266 445 Ῥωμαίων
1294 410 1511 445 αὐτοκράτορας,
1533 410 1583 444 τὴν
1602 409 1645 435 διὰ
1668 410 1754 443 πυρὸς
1776 409 1905 445 ὑπέμειη

1119 454 1231 490 ιρθορὰν,
1240 454 1282 489 ἐφ’
1322 455 1404 481 πάλιν
1417 454 1461 481 διὰ
1472 454 1631 489 αἰνίγματος
1644 454 1707 485 τοὺς
1718 453 1802 480 πάλαι
1814 455 1906 489 ἄρχον-

1117 508 1166 530 τας
1178 499 1225 526 τοῦ
1242 499 1334 531 ἔθνους
1348 500 1395 526 ἐπὶ
1408 499 1522 535 θρήνους
1535 500 1582 526 καὶ
1593 499 1764 535 ὀλοφυρμοὺς
1775 500 1905 527 ἀνακαλεῖ

1118 546 1229 580 φάσκων
1247 547 1262 572 6
1272 546 1365 580 λόγος·
1384 555 1393 571 ι
1412 546 1578 579 ὀλολυεάτω
1591 546 1683 578 πίτυς,
1694 546 1761 573 διότι
1775 547 1904 574 πέπτωκε

1117 592 1231 628 κέδρος,
1260 593 1301 619 ὃτι
1328 593 1453 628 μεγάλως
1481 593 1642 628 μεγιστᾶνες
1668 593 1902 629 ἐταλαιπώρησαν.

1123 638 1290 671 ’ολολύξατε,
1307 639 1386 674 δρύες
1397 639 1446 674 τῆς
1462 639 1644 671 Βασανίτιδος,
1664 639 1706 665 ὃτι
1725 639 1902 676 κατεσπάσθη

1116 685 1131 710 ὁ
1141 684 1241 720 δρυμὸς
1255 685 1270 711 6
1290 684 1429 720 σύμφυτος
1438 693 1444 699 ·
1457 684 1533 719 φωνὴ
1554 684 1725 720 θρηνούντων
1750 684 1904 720 ποιμένων,

1116 730 1156 756 ὃτι
1180 729 1419 766 τεταλαιπώρηκεν
1444 730 1460 765 ἡ
1485 729 1662 764 μεγαλωσύνη
1686 730 1785 757 αὐτῶν.
1807 739 1816 755 ι
1837 729 1903 756 Τότε

1115 775 1180 810 γοῦν
1194 777 1241 802 καὶ
1257 776 1368 810 γέγονεν
1380 777 1396 811 ἡ
1413 775 1590 812 Ἰερουσαλὴμ
1600 776 1638 807 ὡς
1654 775 1779 811 πρόθυρα
1794 774 1904 802 σαλευό·

1117 832 1184 858 μενα
1201 824 1268 849 πᾶσι
1284 824 1339 854 τοῖς
1354 822 1428 854 λαοῖς
1441 822 1543 857 κύκλῳ,
1561 823 1607 848 καὶ
1623 822 1651 848 ἐν
1665 823 1698 856 τῇ
1725 821 1839 857 Ἰουδαίᾳ
1858 821 1905 855 γό-

1115 878 1177 903 γονε
1201 869 1324 905 περιοχὴ,
1341 869 1356 895 ὅ
1377 877 1407 894 τε
1429 868 1621 904 νενομισμένος
1641 867 1732 900 αὐτοῖς
1755 867 1833 901 ἅγιος
1855 867 1901 893 καὶ

275 922 327 941 vox
347 913 553 941 lamentantium
577 917 730 949 pastorum,
753 915 883 950 quoniam
905 915 1002 943 aﬂlicta
1018 921 1057 944 esl

1113 915 1184 950 ἱερὸς
1195 914 1288 948 τόπος,
1298 914 1382 941 εἰσέτι
1396 914 1444 940 καὶ
1455 915 1575 949 σήμερον
1591 913 1664 945 λίθος
1675 912 1804 948 τυγχάνει
1816 920 1901 939 κατα-

275 959 481 994 magniﬁcentia
497 968 603 988 eorum.
625 970 635 986 ι
654 959 732 988 Tunc
747 969 814 989 sane
837 960 909 988 facta
925 967 967 989 est
983 962 1062 989 Jeru-

274 1004 357 1032 salem
374 1005 452 1040 quasi
470 1006 603 1033 vestibula
618 1014 680 1040 quae
695 1007 857 1041 quatiuntur
871 1007 999 1036 omnibus
1012 1016 1059 1043 po-

274 1049 345 1083 pulis
357 1049 383 1076 in
399 1050 527 1082 circuitu,
543 1054 569 1077 et
584 1050 612 1077 in
627 1049 720 1078 Iudam
733 1050 806 1078 facta
821 1055 863 1079 est
877 1053 991 1080 munitio
1006 1061 1063 1080 am—

273 1095 360 1128 biens,
376 1099 403 1123 et
423 1096 458 1123 ab
483 1096 525 1123 eis
547 1101 743 1125 sacrosanctus
767 1091 939 1126 existimatus
966 1099 1060 1131 locus,

273 1149 358 1176 usque
386 1141 414 1169 in
429 1141 592 1170 hodiernum
611 1144 683 1172 diem
708 1143 778 1178 lapis
795 1144 914 1176 exsistit,
932 1145 979 1179 qui
995 1153 1061 1172 con-

271 1187 398 1214 calcatur
411 1188 445 1214 ab
469 1189 599 1216 omnibus
615 1189 757 1224 gentibus,
771 1192 799 1216 et
812 1189 970 1224 quicunque
985 1190 1060 1217 illum

271 1224 415 1260 conculcat
431 1233 549 1261 illudens
561 1234 700 1267 illudetur,
716 1235 787 1262 sicut
807 1235 947 1270 prophetia
962 1236 1061 1270 praedi—

271 1283 357 1305 serat.
374 1277 444 1312 Quin
463 1279 545 1306 etiam
564 1283 708 1315 propterea
724 1279 797 1315 quod
813 1281 852 1306 illi
868 1280 994 1313 Domino,
1013 1281 1060 1316 qui

271 1323 329 1350 haec
344 1324 492 1357 cecinerat,
503 1325 715 1357 insultaverunt,
731 1333 785 1352 non
802 1325 901 1353 defecit
912 1334 959 1354 eos
973 1334 1061 1362 neqpe

271 1369 406 1404 planctus,
421 1377 509 1404 neque
519 1370 619 1402 luctus,
635 1379 724 1406 neque
735 1371 903 1399 lamentatio.
916 1371 1059 1408 Nunquam

229 1425 235 1433 -
271 1414 355 1450 igitur
375 1415 444 1442 alias
465 1415 519 1443 nisi
540 1420 602 1451 post
627 1416 780 1444 Salvatoris
802 1418 889 1444 nostri
914 1417 1058 1445 adventum

271 1469 358 1496 usque
379 1461 414 1488 ad
428 1461 499 1489 hanc
515 1466 716 1498 tempestatem,
734 1470 830 1490 omnes
852 1464 940 1491 tribus
953 1463 1060 1492 Iudaeo-

271 1515 331 1534 rum
366 1507 514 1543 quidquam
543 1509 737 1537 lamentatione
767 1511 913 1545 planctuve
945 1511 1057 1546 dignum

270 1560 358 1587 passae
373 1555 448 1585 sunt,
465 1558 574 1588 propter
589 1554 695 1589 plagam
710 1562 771 1590 qua:
790 1555 864 1590 ipsos
876 1555 930 1583 Deo
943 1555 1057 1584 feriente
1069 1579 1090 1607 ϐ

269 1599 488 1633 deprehenderit,
500 1607 533 1626 ex
548 1607 601 1634 qua
616 1600 698 1627 etiam
712 1601 834 1635 ipsorum
849 1605 937 1629 mater
957 1602 1055 1631 civitas

268 1645 390 1673 externis
403 1645 530 1680 gentibus
547 1645 647 1672 tradita
657 1652 710 1678 est,
728 1652 755 1673 et
770 1648 900 1682 templum
917 1656 1043 1676 eversum

269 1691 470 1726 sull'ossumque
493 1695 546 1724 est,
569 1691 676 1726 ipsique
700 1692 734 1720 de
755 1693 866 1728 propria
885 1694 995 1729 regione
1013 1702 1057 1722 ex-

269 1735 340 1770 pulsi
351 1739 426 1768 sunt,
441 1736 552 1763 interra
568 1736 659 1764 hostili
672 1737 792 1765 inimicis
807 1739 968 1767 servientes.
981 1739 1056 1772 Quas

267 1782 304 1809 ob
319 1790 375 1816 res,
397 1782 488 1810 omnis
508 1782 629 1817 ipsorum
644 1783 753 1815 domus,
769 1785 914 1820 omnisque
933 1785 1054 1820 ipsorum

268 1827 359 1855 anima
375 1828 402 1855 in
418 1828 491 1855 hunc
507 1836 595 1863 usque
609 1828 681 1856 diem
697 1829 940 1858 lamentationibus
956 1830 1054 1858 alllicta

266 1877 318 1900 est.
338 1874 510 1908 Quapropter
536 1873 667 1909 propheta
690 1875 731 1902 sic
753 1875 791 1901 ait
809 1883 817 1901 :
842 1885 851 1901 ι
871 1875 905 1902 Ει
926 1877 1055 1911 plangent

267 1919 381 1953 singulae
394 1919 482 1946 tribus
493 1927 540 1954 per
546 1920 652 1954 seipsas
660 1930 665 1946 ε
674 1919 756 1956 412
765 1921 852 1949 tribus
861 1921 958 1950 domus
969 1922 1053 1950 David

267 1970 403 1995 seorsum,
419 1968 446 1990 et
467 1964 595 1991 mulieres
614 1973 709 1991 eorum
733 1973 857 1993 seorsum
868 1968 900 1999 ¹¹,
919 1977 928 1994 ›
947 1973 973 1995 et
993 1977 1054 2003 quae

267 2012 428 2043 sequuntur.
445 2008 499 2036 Sed
520 2010 567 2044 qui
582 2010 690 2037 tandem
705 2015 767 2045 post
782 2011 919 2041 Zacharim
930 2017 1053 2049 tempora

267 2054 352 2081 secuti
366 2059 431 2082 sunt
442 2055 513 2089 dies,
527 2056 555 2082 in
569 2056 670 2090 quibus
685 2057 772 2092 spolia
793 2057 945 2086 Jerusalem
964 2060 1052 2088 divisa

266 2100 350 2127 sunt?
369 2105 396 2128 et
415 2106 510 2136 gentes
533 2103 667 2130 universa:
691 2103 726 2130 ad
749 2103 849 2130 bellum
875 2109 971 2132 contra
991 2114 1051 2134 eam

264 2146 417 2173 coiverint?
440 2151 465 2175 et
481 2148 580 2175 civitas
597 2152 675 2183 capta
695 2148 741 2181 sit,
759 2153 786 2176 et
807 2149 905 2178 domus
927 2151 1049 2186 direpta,

264 2196 291 2218 ct
308 2192 436 2220 mulieres
450 2194 561 2229 pollutae
577 2199 660 2229 atque
675 2195 701 2222 in
717 2195 876 2222 servitutem
891 2197 1011 2224 abactae?
1023 2203 1050 2226 et

262 2237 374 2271 quando
393 2238 476 2265 simul
497 2239 548 2266 sub
563 2239 634 2267 idem
654 2244 762 2275 tempus
777 2239 907 2269 Dominus
923 2243 1049 2277 gentibus

260 2281 413 2310 Jerusalem
427 2285 654 2319 oppugnantibus
684 2285 860 2318 subveniens,
881 2289 1050 2321 comparavit

262 2335 293 2355 se
307 2327 340 2355 all
356 2329 478 2363 praelium
498 2337 560 2357 cum
577 2330 649 2358 illis?
665 2334 712 2356 aut
726 2331 837 2365 quando
851 2336 983 2361 steterunt
1001 2341 1050 2368 pe-

260 2374 310 2402 des
325 2375 386 2409 ejus
411 2375 439 2402 in
456 2380 549 2404 monte
565 2377 724 2405 Ulivarum?
746 2381 794 2404 aut
818 2378 928 2412 quando
944 2380 1050 2407 exstitit

262 2420 395 2449 Dominus
404 2421 431 2448 in
451 2420 552 2458 Regem
568 2431 616 2457 per
633 2424 789 2452 universam
804 2424 1048 2461 terram?ipseque

261 2473 332 2493 unus
354 2465 487 2495 Dominus
514 2468 586 2503 apud
611 2476 706 2498 omnes
732 2469 877 2498 homines?
898 2474 926 2497 et
948 2479 1047 2498 nomen

258 2512 319 2546 ejus
335 2513 459 2542 ambiens
469 2515 623 2542 universam
636 2520 736 2543 terram
747 2520 775 2545 et
786 2516 960 2544 solitudinem
969 2518 980 2545 ?
989 2518 1046 2545 hzec

259 2557 330 2584 enim
346 2565 484 2594 nunquam
500 2560 643 2596 quisquam
659 2565 737 2588 antea
752 2561 785 2588 ad
803 2568 882 2587 suum
896 2560 975 2588 linem
988 2568 1047 2596 per;

258 2602 340 2629 ducta
354 2602 542 2632 demonstrare
564 2606 675 2640 poterit.
691 2607 743 2633 nisi
765 2605 950 2634 Romanorum
977 2609 1046 2633 tem-

258 2647 381 2682 poribus,
401 2650 501 2684 quibus
522 2656 584 2685 post
608 2651 803 2688 Babylonicum
818 2652 987 2685 incendium,
1006 2653 1045 2680 al-

259 2696 318 2721 tero
342 2702 438 2723 rursus
459 2696 585 2724 incendio
602 2698 723 2732 ipsorum
752 2699 882 2734 templum
904 2702 1043 2725 vastatum

256 2742 310 2772 est,
329 2745 355 2768 et
369 2741 465 2770 civitas
478 2750 511 2769 ex
523 2743 569 2770 illo
585 2744 617 2771 ad
635 2745 706 2772 hunc
723 2753 810 2780 usque
825 2747 896 2773 diem
907 2744 944 2772 ab
954 2748 1044 2772 exter-

258 2783 302 2811 nis
315 2787 440 2819 gentibus
450 2787 565 2815 habitari
578 2790 740 2817 ostenditur.
753 2789 813 2823 Quo
827 2795 950 2827 tempore
961 2791 1041 2817 etiam

294 2873 314 2889 ¹¹
343 2873 442 2903 Ezech.
462 2884 529 2909 xvu,
545 2875 588 2904 1‘2.
629 2877 650 2892 "
671 2877 786 2905 Zachar.
804 2886 863 2911 xu,
883 2876 979 2906 12-M-

1113 961 1282 996 πατούμενος
1296 962 1362 987 πᾶσι
1375 962 1432 991 τοῖς
1447 959 1547 991 ἔθνεσι,
1567 960 1614 986 καὶ
1628 960 1682 991 πᾶς
1703 960 1718 986 6
1737 958 1901 986 κατα-πατῶν

1113 1007 1196 1042 αὐτὴν
1211 1007 1352 1042 ὲμπαίζων
1376 1006 1556 1042 ὲμπαίξεται,
1579 1005 1733 1038 ἀκολούθως
1746 1007 1779 1041 τῇ
1796 1013 1901 1040 προφη-

1112 1054 1182 1090 τείᾳ.
1204 1053 1284 1080 ’Λλλὰ
1306 1053 1353 1080 καὶ
1369 1053 1428 1080 ἀνθ’
1449 1049 1487 1078 ὧν
1511 1053 1723 1088 κατωρχήσαντο
1743 1051 1790 1078 τοῦ
1814 1050 1900 1078 ταῦτα

1112 1100 1289 1131 θεσπίσαντος
1307 1100 1421 1135 Κυρίου,
1437 1099 1466 1126 οὺ
1481 1098 1649 1125 διαλέλοιπεν
1669 1098 1767 1129 αὐτοὺς
1786 1096 1900 1129 κοπετδς

1112 1147 1159 1173 καὶ
1172 1146 1289 1182 ὀδυρμὸς
1304 1146 1351 1172 καὶ
1367 1145 1474 1181 θρῆνος.
1499 1145 1536 1171 Οὐ
1562 1144 1671 1172 πώποτε
1690 1143 1755 1178 γοῦν
1774 1143 1867 1170 ἄλλοτε
1881 1142 1898 1178 ἢ

1113 1191 1181 1227 μετὰ
1197 1192 1246 1228 τὴν
1258 1191 1305 1218 τοῦ
1322 1191 1448 1227 animo;
1461 1191 1538 1226 ἡμῶν
1550 1191 1712 1226 παρουσίαν,
1728 1190 1775 1216 καὶ
1794 1190 1834 1221 είς
1852 1189 1898 1216 τὸν

1112 1237 1171 1264 καθ’
1193 1238 1267 1273 ἡμᾶς
1290 1237 1403 1272 χρόνον,
1428 1237 1514 1263 πᾶσαι
1534 1237 1562 1263 αί
1585 1236 1667 1271 φυλαὶ
1685 1235 1733 1262 τοῦ
1765 1234 1899 1262 Ἰουδαίων

1111 1283 1203 1315 ἔθνους
1218 1283 1324 1319 θρήνων
1341 1284 1387 1310 καὶ
1404 1282 1527 1309 κοπετῶν
1543 1277 1606 1315 ἇξξια
1622 1281 1773 1308 πεπόνθασι
1791 1280 1834 1307 διὰ
1847 1280 1898 1316 τὴν

1111 1329 1316 1356 καταλαϐοῦσαν
1332 1329 1431 1360 αὐτοὺς
1446 1329 1479 1355 ὲκ
1492 1328 1560 1354 Θεοῦ
1575 1327 1691 1363 πληγὴν,
1707 1327 1752 1362 ὑφ’
1767 1325 1801 1363 ἧς
1819 1326 1866 1354 καὶ
1878 1326 1897 1362 ἦ

1111 1375 1275 1411 μητρόπολις
1289 1374 1377 1402 αὐτῶν
1389 1374 1547 1408 ἀλλοφύλοις
1560 1373 1664 1400 ἔθνεσιν
1671 1372 1791 1408 ἐξεδόθη,
1804 1372 1853 1399 καὶ
1865 1371 1898 1398 τὸ

1111 1419 1182 1455 ἱερὸν
1200 1419 1369 1455 κατεσκάᾳη,
1387 1418 1462 1445 αὐτοί
1475 1427 1506 1444 τε
1519 1419 1570 1453 τῆς
1594 1417 1662 1449 ιδίας
1683 1418 1774 1453 χώρας
1793 1416 1897 1452 ἀπελή-

1109 1465 1199 1496 λαντο,
1210 1465 1239 1491 ὲν
1254 1466 1287 1500 τῇ
1307 1464 1424 1500 πολεμίᾳ
1438 1463 1545 1499 ἐχθροῖς
1558 1462 1728 1494 δουλεύοντες
1739 1471 1746 1477 ·
1763 1459 1800 1489 ὧν
1815 1462 1897 1488 ἕνεκα

1109 1513 1163 1543 πᾶς
1177 1511 1192 1538 ό
1204 1508 1277 1543 οἶκος
1287 1510 1387 1542 αὐτῶν,
1403 1511 1450 1537 καὶ
1467 1510 1542 1536 πᾶσα
1552 1508 1624 1545 ψυχὴ
1642 1508 1731 1535 αὐτῶν
1745 1508 1829 1534 είσέτι
1848 1507 1896 1535 καὶ

1109 1558 1228 1594 σήμερον
1248 1557 1355 1593 θρήνοις
1374 1556 1567 1592 ὑποϐέϐληται.
1589 1555 1635 1581 Διό
1653 1563 1734 1590 φησιν
1757 1555 1776 1590 ἠ
1789 1562 1895 1590 προφη-

1106 1604 1183 1631 τεία·
1205 1613 1214 1629 ι
1235 1604 1290 1630 Καὶ
1305 1603 1416 1638 κόψεται
1431 1602 1502 1638 φυλὴ
1520 1601 1590 1629 κατὰ
1610 1601 1707 1637 φυλὴν,
1729 1600 1798 1636 φυλὴ
1819 1600 1896 1627 etnon

1106 1650 1188 1677 Δαὸὶδ
1198 1650 1258 1677 καθ’
1270 1650 1380 1685 ἑαυτὴν,
1392 1649 1439 1676 καὶ
1451 1650 1581 1684 γυναῖκες
1591 1647 1681 1675 αὐτῶν
1694 1647 1756 1674 καθ’
1765 1647 1892 1678 ἑαυτάς»

1106 1696 1153 1722 καὶ
1178 1695 1214 1722 τὰ
1241 1694 1346 1726 τούτοις
1366 1695 1497 1729 ἑπόμενα.
1514 1694 1596 1720 Ποῖαι
1618 1693 1648 1720 δὲ
1670 1693 1740 1729 μετὰ
1763 1693 1827 1724 τοὺς
1846 1692 1894 1719 τοῦ

1105 1738 1240 1774 Ζαχαρίου
1262 1738 1373 1773 χρόνους
1390 1738 1533 1772 γεγόνασιν
1553 1737 1665 1774 ἡμέραι,
1691 1737 1720 1764 ὲν
1738 1734 1782 1768 αἷς
1803 1736 1894 1773 διεμε-

1107 1783 1184 1819 ρίσθη
1204 1783 1238 1809 τὰ
1261 1783 1347 1810 σκῦλα
1370 1784 1420 1818 τῆς
1447 1783 1633 1819 Ἰερουσαλὴμ,
1651 1782 1700 1809 καὶ
1725 1781 1892 1817 ὲπισυνήχθη

1105 1829 1194 1855 πάντα
1216 1828 1251 1855 τὰ
1271 1829 1333 1864 ἔθνη
1351 1829 1394 1855 ἐπ’
1414 1828 1499 1864 αὐτὴν
1518 1829 1558 1860 είς
1585 1828 1716 1863 πόλεμον,
1741 1827 1799 1863 ἦλω
1821 1836 1851 1854 τε
1875 1829 1892 1863 ἠ

1105 1874 1192 1906 πόλις,
1214 1875 1261 1901 καὶ
1280 1875 1471 1911 διηρπάγησαν
1487 1875 1515 1902 αἱ
1531 1875 1632 1906 οἰκίαι,
1650 1875 1697 1901 κα)⁸
1716 1874 1745 1901 al
1765 1875 1893 1909 γυναῖκες

1104 1921 1299 1957 ἐμολύνθησαν,
1322 1920 1486 1957 ἀπήχθησάν
1498 1929 1529 1947 τε
1550 1921 1590 1952 είς
1605 1919 1792 1955 αίχμαλωσίαν
1803 1939 1811 1951 ,
1824 1919 1891 1955 ὁμοῦ

1103 1976 1133 1994 τε
1141 1967 1188 1994 καὶ
1201 1967 1272 1994 κατὰ
1287 1967 1317 1994 τὸ
1330 1967 1396 1994 αὐτὸ
1409 1968 1422 1994 6
1438 1967 1552 2003 Κύριος,
1565 1967 1716 2002 συμμαχῶν
1735 1967 1791 1998 τοῖς
1803 1965 1891 1992 ιθνεσι

1102 2014 1159 2044 τοῖς
1188 2013 1237 2049 τὴν
1268 2012 1444 2048 Ἰερουσαλὴμ
1474 2012 1641 2048 πολεμοῦσι,
1668 2012 1838 2048 παρετάξατο
1861 2012 1891 2038 ὲν

1103 2059 1211 2091 αὑτοίς;
1228 2059 1245 2094 ἢ
1262 2058 1326 2085 πότε
1342 2058 1458 2094 ἔστησαν
1475 2058 1500 2084 οἱ
1520 2058 1599 2090 πόδες
1619 2058 1701 2085 αὑτοῦ
1720 2059 1766 2085 ἐπὶ
1782 2058 1813 2085 τὺ
1828 2058 1890 2094 ὅρος

1102 2105 1155 2131 τῶν
1174 2105 1306 2137 Ἐλαιῶν;
1323 2104 1340 2140 ἢ
1354 2104 1419 2131 πότε
1432 2104 1527 2139 γέγονε
1543 2105 1647 2140 Κύριος
1663 2105 1703 2136 εἰς
1720 2103 1831 2140 βασιλέα
1842 2103 1890 2130 ἐπὶ

1102 2152 1191 2178 πᾶσαν
1218 2151 1268 2186 τὴν
1284 2151 1346 2186 γῆν,
1369 2150 1451 2182 αὑτός
1471 2159 1501 2177 τε
1528 2149 1568 2182 εἷς
1593 2151 1694 2186 Κύριος
1715 2150 1762 2178 ἐπὶ
1784 2150 1890 2181 πάντας

1101 2195 1270 2232 ἀνθρώπους,
1287 2197 1335 2223 καὶ
1355 2196 1386 2223 τὸ
1408 2197 1495 2232 όνομα
1520 2196 1603 2223 αὑτοῦ
1631 2195 1781 2231 ὲγκυκλοῦν
1798 2196 1888 2222 πᾶσαν

1101 2243 1150 2277 τὴν
1166 2243 1218 2277 γῆν
1234 2242 1281 2268 καὶ
1293 2242 1343 2277 τὴν
1363 2241 1465 2278 ἔρημον
1476 2250 1484 2274 ;
1495 2241 1582 2269 ταῦτα
1592 2241 1647 2278 γὰρ
1659 2241 1713 2268 οὐδ’
1730 2241 1824 2268 ἄλλοτέ
1843 2243 1889 2268 πθ

1100 2288 1232 2323 πρότερον
1244 2287 1300 2323 ἔχοι
1311 2287 1344 2314 ἄν
1354 2296 1396 2318 τις
1406 2288 1446 2318 είς
1458 2287 1544 2323 πέρας
1553 2287 1637 2320 δεῖξαι
1648 2287 1773 2322 ἀχθέντα,
1785 2286 1804 2322 ἢ
1816 2285 1887 2313 κατὰ

1098 2334 1160 2365 τοὺς
1184 2333 1325 2368 Ῥωμαίων
1347 2333 1470 2369 χρόνους,
1491 2332 1552 2359 καθ’
1577 2332 1624 2364 οὓς
1647 2330 1812 2367 ἐμπρησμὸν
1836 2330 1888 2357 ὑπο

1097 2379 1188 2415 έμεινε
1204 2379 1341 2415 δεύτερον,
1357 2378 1427 2414 μετὰ
1441 2379 1487 2405 τὸν
1508 2378 1561 2404 ὑπὸ
1575 2377 1752 2404 Βαϐυλωνίων
1763 2396 1771 2409 ,
1785 2377 1800 2402 6
1817 2377 1886 2408 νεὼς

1097 2425 1221 2460 αὐτᾶννή
1238 2433 1268 2451 τε
1283 2424 1360 2456 πόλις
1374 2424 1404 2456 ἐξ
1415 2425 1520 2451 ἐκείνου
1532 2425 1579 2451 καὶ
1590 2424 1630 2455 εἰς
1642 2422 1722 2459 δεῦρο
1740 2422 1794 2449 ὑπό
1808 2421 1887 2449 ἁλλο-

1096 2471 1186 2506 φύλων
1205 2471 1288 2499 ἐθνῶν
1314 2471 1528 2498 κωτοικισθεῖσαι
1551 2470 1705 2497 δείκνυται·
1730 2469 1773 2496 ὅτε
1799 2469 1845 2496 καὶ
1868 2467 1885 2494 (α

1097 2517 1198 2551 Κύριος
1211 2516 1290 2553 ἡμῶν
1309 2516 1412 2552 Ἰησοῦς
1425 2518 1439 2543 6
1452 2515 1569 2552 Χριστὸς
1581 2515 1628 2542 τοῦ
1639 2514 1706 2542 Θεοῦ
1719 2514 1768 2546 τὰς
1781 2513 1885 2544 οἰκείας

1096 2564 1212 2589 ἐποιεῖτο
1234 2562 1374 2598 διατριϐὰς
1397 2563 1444 2589 ἐπὶ
1464 2562 1513 2590 τοῦ
1534 2562 1662 2592 ὲλαιῶνος
1683 2559 1731 2587 τοῦ
1756 2559 1885 2595 ἄντικρυς

1096 2608 1146 2642 τῆς
1163 2608 1339 2644 Ἰερουσαλὴμ
1353 2608 1444 2644 ὅρους,
1463 2607 1650 2643 πληρουμένου
1672 2605 1719 2632 τοῦ
1735 2604 1884 2640 φάσκοντος

1095 2654 1175 2687 λόγου
1186 2662 1192 2668 -
1210 2663 1219 2679 ι
1229 2654 1284 2681 Καὶ
1299 2654 1444 2687 στήσονται
1459 2654 1484 2680 οἱ
1503 2653 1582 2685 πόδες
1598 2651 1680 2679 αὐτοῦ
1701 2651 1748 2678 ἐπὶ
1767 2650 1798 2678 τὸ
1820 2649 1884 2686 ὅρος

1095 2698 1149 2725 τῶν
1169 2697 1283 2725 Ἐλαιῶν
1294 2698 1324 2724 τὸ
1334 2698 1477 2724 κατέναντι
1494 2696 1687 2732 Ἰερουσαλήμ·
1707 2704 1716 2721 ι
1739 2694 1812 2721 τοῦτ’
1824 2693 1883 2719 ἐστι

1095 2744 1142 2770 τοῦ
1158 2744 1298 2776 θεοσεϐοῦς
1309 2744 1505 2779 πολιτεύματος
1515 2742 1575 2770 καθ’
1592 2742 1656 2777 ὅλης
1669 2741 1718 2777 τῆς
1731 2738 1882 2776 ἀνθρώπων

1095 2790 1255 2825 οίκουμένης
1268 2789 1532 2825 ἀνοικοδομηθέντος,
1547 2787 1635 2814 πάντα
1657 2786 1692 2813 τὰ
1715 2785 1789 2821 ἔθνη,
1810 2782 1882 2812 κατὰ
