2089 3218
205 149 257 177 645

664 147 990 178 DEMONSTRATIONIS
1009 148 1238 177 EVANGELICIE
1257 147 1323 176 LIB.
1344 148 1411 176 Vill.

1782 150 1834 180 6&6

205 209 254 243 τὴν
282 208 464 244 προφητείαν,
480 208 529 244 τὴν
553 208 648 244 ἑορτὴν
674 209 722 244 τῆς
749 209 938 244 Σκηνοπηγίας
964 209 992 236 ἐν

1045 209 1176 237 Dominus
1205 213 1300 237 noster
1335 208 1416 237 Jesus
1446 208 1573 237 Christus
1597 208 1646 238 Dei
1675 211 1779 238 versari
1805 211 1833 238 in

207 254 285 281 παντὶ
302 254 377 289 τόπῳ
400 255 439 290 τῷ
467 255 525 290 Θεῷ
545 255 599 281 τῶν
627 255 773 290 προφητῶν
795 255 991 291 πανηγυρίζει,

205 300 348 334 Αἰγύπτιοί
363 309 403 333 τε,
418 301 446 334 ἐξ
459 301 564 327 ἐκείνου
578 301 622 327 τὸν
637 301 691 327 τῶν
707 301 773 327 ὅλων
789 301 854 328 Θεὸν
866 301 992 334 ἐπιγνόν-

203 354 266 378 τες,
290 346 341 378 τὰς
357 347 460 381 σκηνὰς
486 344 579 373 αὐτῶν
603 347 644 380 ἐφ’
670 347 788 380 ἑκάστης
815 346 918 378 πόλεως
945 347 992 374 καὶ

203 392 296 428 χώρας
311 391 506 427 κατεπήξαντο.
522 390 584 418 Εἶεν
600 392 623 418 δ’
642 391 674 418 ἂν
687 389 766 418 αὗται
780 392 806 419 αἰ
823 392 894 419 κατὰ
911 392 992 419 τόπον

210 438 367 474 Ἐκκλησίαι
381 438 428 464 τοῦ
442 437 569 473 Χριστοῦ.
584 438 691 470 Ταύτας
706 437 760 473 γὰρ
774 438 841 465 πολὺ
853 438 993 473 κρείττους

204 483 258 510 τῶν
283 483 358 519 παρὰ
387 484 499 510 Μωῡσεῖ
523 479 630 518 σκηνῶν
655 485 671 518 ἡ
695 484 741 510 τοῦ
767 484 892 519 Σωτῆρος
915 484 992 519 ἡμῶν

211 528 298 564 Ἰησοῦ
320 528 437 564 Χριστοῦ
458 528 569 564 δύναμις
589 528 649 554 καθ’
670 528 733 564 ὅλης
755 529 923 565 συνεπήξατο
942 529 993 564 τῆς

205 574 355 610 ἀνθρώπων
377 575 552 610 οἰκουμένης,
573 575 613 606 εἰς
627 574 727 614 τὺγπᾶν
749 575 826 608 γένος
842 575 992 611 ἀνθρώπων

206 620 252 647 καὶ
276 621 365 647 πάντα
385 620 420 647 τὰ
448 620 529 655 ἔθνη,
548 621 739 657 Σκηνοπηγίας
765 621 860 656 ἑορτὴν
882 621 920 656 τῷ
946 621 993 647 ἐπὶ

205 667 313 694 πάντων
324 667 382 702 Θεῷ
398 667 541 693 ἐπιτελεῖν.
553 667 616 693 Ὅτε
626 667 714 693 τοίνυν
728 667 775 693 καὶ
786 667 872 693 ταῦτα
881 667 916 693 τὰ
925 668 992 703 πρό-

206 714 288 741 παλαι
302 715 356 745 τοῖς
373 714 460 740 ἔθνεσι
472 714 732 749 προαναφωνηθέντα
744 713 803 740 καθ’
813 715 885 749 ἡμᾶς
895 714 993 746 αὐτοὺς

205 759 312 794 ὁρῶμεν
331 759 381 795 τὴν
394 758 504 785 ἔκϐασιν
523 759 702 796 ἀπειληφότα,
725 760 758 786 τά
781 768 810 785 τε
831 759 877 785 τοῦ
895 759 991 795 ορήνου

205 805 253 831 καὶ
277 805 324 831 τοῦ
341 804 457 831 κοπετοῦ
476 807 537 837 ταῖς
557 805 653 840 φυλαῖς
672 805 719 832 τοῦ
743 805 878 832 Ἰουδαίων
901 805 993 837 ἔθνους

204 851 461 886 ⁴ιιροκεκηρυγμένα,
476 851 510 878 τά
521 860 551 877 τε
565 852 616 887 τῆς
631 852 827 888 πυρπολήσεως
840 851 886 878 τοῦ
906 852 990 886 ἱεροῦ,

1044 255 1143 283 oliveto
1155 257 1308 289 consuevit,
1321 255 1395 290 quod
1409 259 1451 283 cst
1479 255 1507 283 iu
1533 260 1625 283 monte
1640 259 1736 284 contra
1752 255 1833 284 Jeru-

1044 302 1140 332 salem,
1156 302 1375 337 complctumque
1390 304 1432 328 est
1449 301 1592 328 oraculum
1608 301 1682 336 quod
1698 302 1754 328 ait:
1772 311 1781 327 ι
1801 301 1832 328 Et

1043 347 1154 375 stabunt
1163 347 1245 382 pedes
1262 347 1322 382 ejus
1336 347 1363 374 iu
1379 351 1471 374 monte
1485 345 1637 380 Olivarum,
1653 347 1699 382 qui
1715 351 1757 375 est
1767 355 1830 375 con-

1042 395 1084 418 tra
1103 391 1267 425 Jerusalem,
1286 401 1296 418 ι
1313 392 1365 420 hoc
1385 397 1428 420 est
1455 393 1585 428 religioso
1602 392 1703 427 pioque
1724 393 1832 421 vivendi

1044 437 1169 465 instituto
1191 446 1240 473 per
1265 438 1358 466 orbem
1387 441 1523 466 terrarum
1553 439 1664 466 condito
1684 443 1711 467 et
1730 444 1830 474 erecto,

1044 491 1139 512 omnes
1161 484 1312 512 secundum
1328 485 1510 520 prophetiam,
1526 485 1598 513 diem
1615 485 1713 513 festum
1730 485 1830 514 Taber-

1044 531 1208 558 naculorum
1248 531 1428 558 celebrabunt
1466 531 1522 559 Deo
1558 532 1769 566 prophetarum,
1805 536 1833 559 et

1044 577 1164 613 {Egyptii
1176 586 1210 605 ex
1225 577 1272 605 illo
1284 577 1368 605 Deum
1384 577 1504 605 universi
1515 581 1695 612 agnoscentes
1711 578 1834 605 taberna-

1044 623 1104 650 cula
1116 631 1165 650 sua
1180 623 1207 650 in
1220 623 1336 658 singulis
1353 623 1511 650 civitatibus
1524 628 1551 650 et
1565 623 1724 658 regionibus
1736 623 1830 657 ﬁgent.

1044 667 1091 695 Ha:
1106 676 1188 704 porro
1205 669 1262 696 sint
1272 669 1376 696 Christi
1393 669 1419 695 in
1438 669 1513 696 omni
1531 669 1592 696 loco
1607 670 1727 697 condita:
1736 669 1833 697 Eccle-

1044 715 1101 742 siae.
1119 714 1174 742 Has
1189 715 1261 742 enim
1273 715 1359 741 multo
1376 707 1579 749 praestantiores
1602 714 1729 743 Mosaicis
1741 715 1832 743 taber—

1043 761 1150 788 naculis
1168 761 1317 788 Salvatoris
1330 762 1417 788 nostri
1440 760 1504 788 Jesu
1526 761 1628 788 Christi
1656 761 1786 796 potentia,
1803 760 1832 789 in

1043 807 1117 834 omni
1135 806 1170 833 ab
1186 806 1343 834 hominibus
1361 807 1482 835 habitata
1498 807 1563 834 orbe
1585 815 1633 842 per
1646 815 1726 835 omne
1744 808 1833 835 homi—

1044 860 1109 879 num
1127 859 1222 887 genus,
1238 860 1286 887 per
1300 859 1396 880 omnes
1410 857 1505 887 gentes
1521 853 1589 885 ﬁxit,
1612 856 1642 880 ut
1664 852 1719 880 Deo
1738 853 1832 880 omnia

205 885 252 924 καὶ
267 898 316 932 τῆς
332 885 449 933 ἐσχάτης
469 897 559 924 αὐτῶν
573 885 690 933 ἐρημίας
703 917 710 929 ,
728 885 830 933 ὁμοίως
846 898 892 924 καὶ
907 885 993 924 ταῦτα

1045 898 1096 926 sub
1107 885 1138 926 se
1152 885 1261 925 habenti
1287 885 1426 925 celebrent
1438 898 1508 925 diem
1535 898 1633 926 festum
1658 898 1832 927 Tabernacu-

205 945 264 975 ταῖς
278 945 460 980 προρρήσεσιν
471 944 554 970 εἰσέτι
573 944 620 970 καὶ
631 944 750 979 σήμερον
762 943 910 979 ὀφθαλμοῖς
927 943 993 970 05w-

206 991 293 1027 ρετ-παι
303 998 309 1004 ·
327 990 353 1016 τί
363 989 484 1016 λείπεται
501 990 548 1016 ἐπὶ
558 990 663 1021 τούτοις
676 990 692 1024 ἢ
706 990 752 1016 καὶ
764 991 809 1016 τὸν
826 990 993 1024 προφητευό-

207 1043 287 1071 μενον
297 1035 414 1063 Βασιλέα
429 1035 474 1062 τὸν
490 1035 605 1071 Χριστὸν
618 1034 664 1061 τοῦ
681 1035 748 1061 Θεοῦ
760 1035 917 1070 ἐληλυθέναι
929 1037 994 1071 ὁμο-

207 1081 313 1116 λογεῖν,
340 1081 395 1109 τῶν
423 1082 493 1109 κατὰ
517 1083 567 1118 τὴν
593 1082 743 1117 παρουσίαν
768 1081 850 1108 αὑτοῦ
875 1082 994 1117 σημείων

206 1127 249 1161 ἐφ’
279 1126 386 1163 ἑκάστῳ
409 1127 464 1154 τῶν
494 1127 646 1163 εἰρημένων
672 1127 774 1163 ἐναργῆ
805 1127 854 1163 τὴν
884 1127 994 1153 ἕκῧασιν

205 1171 345 1207 εἰληφέναι
362 1172 594 1208 ἀποδεδειγμένων
605 1181 611 1205 ;

1047 945 1147 972 lorum.
1161 944 1275 978 Quando
1288 945 1370 980 igitur
1380 945 1436 972 haec
1449 945 1570 980 qumjam
1586 945 1632 972 diu
1649 945 1774 980 gentibus
1788 945 1833 973 de-

1044 991 1169 1018 nuntiata
1181 991 1302 1022 fuerunt,
1314 991 1416 1018 nostris
1425 991 1592 1026 temporibus
1598 991 1722 1018 videmus
1730 991 1831 1018 exitum

1045 1038 1140 1064 sortita
1157 1045 1230 1069 esse,
1252 1042 1279 1065 et
1300 1045 1360 1073 quae
1383 1038 1416 1065 de
1437 1038 1556 1065 lamento
1576 1042 1602 1065 et
1627 1037 1737 1072 planctu
1757 1041 1834 1065 tanto

1045 1087 1109 1110 ante
1125 1083 1159 1110 ad
1180 1082 1310 1111 Judaicas
1336 1084 1425 1111 tribus
1439 1083 1573 1111 divinitus
1596 1083 1743 1110 inclamata
1757 1087 1832 1116 sunt,

1047 1137 1161 1164 quaeque
1181 1129 1215 1157 dc
1238 1129 1392 1157 vastatione
1413 1129 1596 1164 incendioque
1625 1129 1728 1164 templi,
1744 1133 1831 1157 extre-

1047 1173 1273 1208 maqueipsorum
1283 1174 1430 1201 solitudine
1441 1174 1581 1209 praedicta.
1591 1181 1622 1201 ea
1630 1174 1688 1208 ipsa
1697 1181 1833 1209 nusquam

207 1220 242 1246 ab
256 1220 374 1247 oraculis
390 1220 573 1255 discrepantia
588 1228 674 1255 usque
688 1220 722 1247 ad
737 1220 899 1247 hodiernum
916 1219 986 1247 dicm
1006 1220 1047 1248 vel
1069 1220 1157 1248 oculis
1185 1228 1333 1255 possumus
1353 1221 1453 1248 intueri
1467 1229 1474 1254 ;
1487 1220 1567 1256 413
1582 1220 1647 1255 quid
1658 1220 1776 1255 amplius,
1789 1228 1836 1248 Iu-

207 1270 307 1301 pcrest,
320 1266 373 1294 nisi
386 1270 415 1293 ut
426 1265 536 1301 Regem,
553 1267 586 1294 de
598 1274 653 1301 quo
668 1267 807 1302 propheta
827 1267 985 1302 loquuntur,
1006 1275 1070 1294 cum
1103 1267 1150 1302 qui
1176 1266 1303 1295 Christus
1323 1267 1371 1294 Dci
1393 1271 1445 1298 est,
1473 1267 1581 1295 venisse
1607 1265 1762 1294 fateamur?
1772 1274 1834 1294 cum

207 1314 299 1348 utique
320 1313 394 1340 illius
413 1312 544 1340 adventus
569 1313 647 1348 signa
670 1313 698 1340 in
720 1313 845 1349 singulis,
868 1321 928 1348 qua:
950 1313 984 1340 de
1003 1314 1048 1341 illo
1074 1313 1146 1340 dicta
1161 1317 1235 1346 sunt,
1260 1314 1413 1342 evidentem
1431 1313 1536 1342 exitum
1554 1314 1693 1350 accepisse
1714 1314 1771 1349 jam
1787 1313 1836 1342 de—

208 1360 462 1388 monstraverimus.

213 1415 279 1442 Ἇπό
295 1415 348 1442 τοῦ
367 1416 540 1442 Ἡσαΐου-ν
550 1416 660 1451 Σημεῖα
678 1418 794 1451 χρόνων
808 1416 862 1451 τῆς
873 1417 926 1443 τοῦ
942 1418 996 1443 Κιν-

237 1450 305 1485 ρίου
318 1452 486 1487 παρουσίας
495 1460 501 1466 ⁸
512 1450 682 1486 Αἰγυπτίων
692 1453 854 1487 ἐπίγνωσις
871 1452 923 1478 τοῦ
937 1452 995 1478 τῶν

242 1486 400 1520 προφητῶν
413 1487 535 1521 Κυρίου.

245 1553 255 1569 ι
276 1544 339 1570 Ἰδοὺ
356 1543 457 1580 Κύριος
480 1543 596 1580 κάθηται
613 1544 659 1570 ἐπὶ
676 1544 790 1580 νεφέλης
804 1545 925 1581 κούφης,
946 1545 993 1571 καί

207 1589 267 1624 ἥξει
284 1590 323 1621 εἰς
334 1589 470 1623 Αἴγυπτον
480 1610 488 1623 ,
502 1589 549 1616 καὶ
564 1589 736 1626 σεισθήσεται
757 1590 932 1626 χειροποίητα
945 1591 993 1617 Αἰ-

208 1635 312 1669 γύπτου
327 1635 380 1661 ἀπὸ
398 1634 544 1671 προσώπου
565 1635 663 1668 αὑτοῦ,
682 1636 729 1662 καὶ
752 1637 769 1671 ἡ
792 1636 890 1671 καρδία
906 1636 995 1662 αὐτῶν

209 1680 389 1716 ἡττηθήσεται
415 1682 443 1707 ὲν
465 1681 572 1713 αὐτοῖς,
595 1681 642 1708 καὶ
662 1681 891 1717 ὲπεγερθήσονται
913 1682 995 1716 Αἰγύ-

208 1735 283 1754 πτιοι
297 1727 340 1753 ἐπ’
353 1727 533 1761 Αἰγυπτίους,
556 1727 603 1753 καί.
624 1727 772 1763 πολεμήσει
793 1727 935 1763 ἄνθρωπος
949 1727 995 1754 τὸν

208 1772 321 1808 ἀδελφὸν
336 1773 433 1805 αὑτοῦ,
456 1772 503 1799 καὶ
524 1772 667 1808 ἄνθρωπος
689 1773 734 1800 τὸν
760 1773 873 1809 πλησίον
895 1774 994 1800 αὐτοῦ·

209 1819 439 1856 ὲπεγερθησονται
453 1819 530 1851 πόλις
548 1820 595 1845 ἐπὶ
615 1819 707 1850 πόλιν,
724 1820 772 1846 καὶ
790 1820 872 1854 νόμος
889 1821 935 1847 ἐπὶ
953 1820 997 1846 νό-

211 1873 271 1900 μον,
283 1865 330 1892 καὶ
341 1864 542 1900 ταραχθήσεται
557 1864 586 1890 τὸ
604 1864 712 1900 πνεῦμα
727 1864 780 1891 τῶν
799 1865 954 1899 Αἰγυπτίων
967 1866 996 1892 ὲν

209 1911 318 1943 αὐτοῖς,
332 1911 379 1937 καί
392 1911 442 1946 τὴν
458 1910 554 1945 βουλὴν
573 1910 663 1937 αὐτῶν
682 1910 862 1942 διασκεδάσω,
880 1911 926 1937 καὶ
946 1912 996 1937 ἐπ-

208 1957 376 1992 ιρωτήσουσι
389 1957 453 1989 τοὺς
461 1956 538 1989 θεοὺς
550 1957 638 1984 αὐτῶν
650 1977 656 1989 ,
675 1957 722 1983 καὶ
736 1957 770 1983 τὰ
784 1957 928 1992 ἀγάλματα
949 1949 997 1983 αύ-

209 2002 279 2034 τῶν,
293 2003 339 2029 καὶ
356 2004 418 2035 τοὺς
438 1999 683 2040 ἐγγαστριμύθους,
699 2004 746 2030 καὶ
761 2003 825 2035 τοὺς
839 2005 870 2030 ἐκ
884 2004 932 2039 τῆς
946 2004 997 2040 γῆς

211 2049 365 2084 φωνοῦντας
375 2058 381 2065 ·
403 2059 412 2075 ι
428 2050 475 2076 καὶ
488 2050 551 2085 ἑξῆς
567 2051 637 2087 μετὰ
660 2050 772 2076 πλεῖστα
783 2050 815 2076 δι’
829 2051 996 2085 αἰνιγμάτων

210 2094 357 2131 εἰρημένα,
374 2095 545 2130 ἐπιλέγεται·
563 2105 573 2122 ‹
594 2097 639 2123 Ἐν
653 2097 687 2132 τῇ
705 2096 797 2132 ἡμέρᾳ
814 2095 906 2132 ἐκείνῃ
920 2095 996 2123 ἔσται

210 2141 401 2178 Θυσιαστήριον
411 2141 450 2177 τῷ
464 2142 558 2178 Κυρίῳ
568 2143 597 2168 ὲν
608 2141 684 2178 χώρᾳ
697 2141 899 2176 Αἰγύπτου,καὶ
912 2142 996 2178 στήλη

210 2187 277 2222 πρὸς
292 2187 323 2214 τὸ
336 2187 409 2223 ὄριον
422 2187 506 2223 αὐτῆς
518 2187 557 2223 τῷ
567 2188 673 2224 Κυρίῳ,
682 2188 730 2215 καὶ
745 2187 820 2214 ἔσται
832 2190 873 2219 εἰς
885 2190 996 2224 σημεῖον

210 2234 249 2265 εἰς
265 2233 309 2260 τὸν
322 2234 409 2260 αἰῶνα
425 2234 462 2269 τῷ
475 2235 569 2271 Κυρίῳ
583 2235 612 2261 ὲν
625 2235 702 2271 χώρᾳ
716 2236 853 2270 Αἰγύπτου
864 2255 870 2267 ,
896 2236 936 2262 ὅτι
952 2244 997 2262 κε-
1013 2254 1034 2281 D

210 2279 354 2315 κράξονται
378 2281 445 2317 πρὸς
458 2281 559 2317 Κύριον
573 2282 617 2308 διὰ
632 2283 696 2314 τοὺς
721 2282 860 2313 θλίϐοντας
879 2282 993 2314 αὐτοὺς,

211 2325 257 2353 καὶ
273 2326 416 2353 ἀποστελεῖ
439 2327 531 2359 αὐτοῖς
553 2327 656 2363 Κύριος
676 2327 837 2364 ἄνθρωπον,
858 2327 888 2359 ὃς
914 2327 995 2354 σώσει

211 2373 326 2406 αὐτοὺς,
343 2373 444 2410 κρίνων
469 2373 549 2400 σώσει
572 2374 685 2407 αὐτοὺς,
712 2375 759 2400 καί
779 2374 898 2408 γνωστὸς
919 2373 994 2400 ἔσται

210 2418 311 2455 Κύριος
330 2421 387 2452 τοῖς
399 2420 571 2454 Αἰγυπτίοις,
587 2421 635 2447 καὶ
650 2420 799 2455 γνώσονται
813 2421 838 2447 οἰ
852 2419 995 2454 Αἰγύπτιοι

209 2464 310 2500 Κύριον
322 2466 367 2492 τὸν
381 2466 446 2493 Θεὸν
460 2467 488 2493 ὲν
506 2468 539 2502 τῇ
556 2467 647 2502 ἡμέρᾳ
664 2467 763 2503 ἐκείνῃ,
779 2467 826 2493 καὶ
839 2467 1007 2501 ποιήσονται,

210 2509 305 2543 θυσίας
317 2531 324 2543 ,
338 2511 385 2538 καὶ
401 2511 523 2545 εὔξονται
537 2513 619 2548 εὐχὰς
636 2512 674 2547 τῷ
693 2513 788 2548 Κυρίῳ
798 2533 805 2545 ,
823 2512 870 2538 καὶ
890 2511 996 2539 ἀποδώ-

211 2565 296 2583 σουσι.
315 2567 323 2583 ι
339 2558 394 2584 Καὶ
408 2557 494 2584 ταῦτα
510 2558 690 2594 προλαϐόντες
707 2559 739 2584 ἐκ
753 2558 852 2594 μέρους
868 2558 996 2593 διεσαφή-

211 2611 307 2637 σαμεν.
321 2604 353 2630 Εἰ
373 2604 421 2639 μὲν
437 2601 482 2630 οὖν
502 2603 549 2638 μὴ,
566 2604 628 2634 τοὺς
640 2603 782 2638 πατρῴους
795 2603 872 2634 θεοὺς
884 2603 996 2629 καταλι-

211 2649 307 2682 πόντες
316 2649 469 2684 Αἰγύπτιοι,
483 2649 543 2676 καθ’
556 2650 629 2684 ἡμᾶς
644 2649 742 2680 αὐτοὺς
753 2648 868 2684 ὁρῶνται
879 2649 925 2675 τὸν
940 2648 995 2674 τῶν

211 2694 358 2731 προφητῶν
377 2695 442 2722 Θεὸν
459 2695 682 2730 ἐπικαλούμενον
700 2695 724 2720 εί
742 2694 778 2730 μὴ
794 2694 854 2720 καθ’
869 2694 931 2729 ὅλης
945 2695 994 2729 τῆς

214 2741 362 2776 Αἰγύπτου,
378 2742 449 2769 κατὰ
463 2742 551 2769 πάντα
567 2742 648 2768 τόπον
673 2741 720 2768 καὶ
734 2741 810 2767 πόλιν
834 2740 881 2767 καὶ
904 2740 996 2776 χώραν

213 2788 393 2824 ἁνεγήγερται
408 2788 597 2823 θυσιαστήριον
612 2787 650 2816 τῶ
662 2787 736 2822 παρὰ
753 2787 843 2821 μόνοις
861 2786 995 2823 Ἑϐραίοις

249 2876 272 2894 ⁸³
293 2877 345 2904 lsa.
364 2884 428 2909 nx,
445 2876 503 2904 1-5,
542 2877 565 2892 ¹⁸
583 2876 649 2905 ibid.
669 2877 762 2906 19-21.

1050 1416 1089 1443 Ab
1108 1415 1195 1444 Isaia.
1217 1431 1252 1435 —
1275 1415 1357 1450 Signa
1386 1420 1530 1449 temporum
1551 1415 1676 1443 adventus
1701 1416 1807 1445 Domini
1823 1426 1834 1446 .'

1120 1451 1307 1487 Egyptiorum
1323 1452 1423 1486 agnitio
1439 1451 1545 1478 Domini
1567 1452 1761 1486 prophetarum.

1083 1549 1093 1566 ι
1108 1539 1178 1568 Ecce
1195 1539 1325 1567 Dominus
1341 1539 1416 1567 sedet
1439 1546 1521 1574 super
1535 1538 1608 1566 nube
1624 1539 1687 1572 levi,
1703 1543 1729 1567 et
1745 1541 1834 1568 veniet

1007 1579 1028 1606 (ἶ
1046 1586 1073 1613 in
1088 1585 1246 1621 Egyptum,
1261 1589 1288 1613 et
1303 1585 1548 1612 commovebuntur
1557 1585 1714 1612 manufacta
1725 1586 1834 1622 Egypti

1047 1640 1062 1659 a
1080 1632 1150 1660 facie
1163 1632 1234 1667 ejus,
1251 1636 1278 1659 et
1293 1639 1341 1659 cor
1355 1639 1450 1659 eorum
1464 1632 1590 1658 vincetur
1606 1631 1633 1658 in
1651 1631 1727 1666 ipsis,
1744 1636 1771 1660 et
1788 1640 1836 1661 ex-

1046 1678 1206 1705 citabuntur
1228 1677 1349 1712 Egyptii
1374 1681 1470 1704 contra
1497 1675 1660 1711 Egyptios,
1682 1680 1709 1703 et
1733 1677 1834 1704 bellum

1046 1727 1122 1759 geret
1139 1724 1221 1751 homo
1242 1727 1340 1750 contra
1354 1722 1466 1749 fratrem
1494 1730 1585 1753 suum,
1601 1727 1628 1748 et
1644 1722 1724 1748 homo
1738 1725 1833 1749 contra

1047 1770 1200 1805 proximum
1217 1777 1296 1797 suum
1313 1779 1319 1796 :
1337 1769 1503 1796 excitabitur
1525 1769 1622 1796 civitas
1643 1769 1671 1795 in
1686 1768 1833 1802 civitatem,

1046 1820 1074 1845 et
1089 1817 1132 1844 lex
1144 1818 1171 1843 in
1192 1816 1289 1850 legem,
1306 1819 1332 1842 et
1348 1815 1504 1842 turbabitur
1519 1815 1632 1850 spiritus
1643 1814 1833 1849 [Egyptiorum

1047 1864 1074 1890 in
1091 1863 1170 1897 ipsis,
1185 1865 1212 1889 et
1230 1861 1374 1888 consilium
1390 1868 1484 1888 eorum
1499 1861 1653 1895 dissipabo,
1676 1864 1703 1888 et
1718 1859 1835 1887 interro-

1046 1908 1148 1944 gabunt
1165 1907 1230 1934 deos
1246 1914 1311 1934 suos
1324 1911 1350 1934 et
1367 1907 1515 1934 simulacra
1532 1913 1592 1936 sua.
1606 1911 1632 1933 et
1644 1906 1793 1942 Pythones,
1808 1911 1835 1933 et

1047 1963 1094 1982 eos
1108 1955 1154 1990 qui
1176 1955 1210 1982 de
1232 1958 1305 1981 terra
1326 1960 1421 1980 vocem
1443 1952 1615 1980 emittunt".
1633 1963 1641 1978 1
1659 1952 1691 1979 Et
1707 1952 1835 1987 deinceps

1048 2005 1110 2036 post
1125 2001 1240 2035 plurima
1266 2007 1326 2035 qua:
1341 1999 1455 2034 ﬁgurate
1479 2003 1504 2026 et
1526 1999 1644 2026 obscure
1664 1999 1736 2027 dicta
1759 2003 1834 2031 sunt,

1048 2047 1204 2082 adjungitur
1217 2056 1224 2073 :
1243 2055 1252 2071 ε
1269 2045 1297 2072 in
1312 2045 1356 2072 die
1372 2045 1417 2071 illa
1430 2045 1483 2071 erit
1498 2045 1584 2072 altare
1599 2043 1713 2071 Domino
1725 2045 1752 2070 in
1763 2050 1835 2071 terra

1047 2093 1168 2129 IEgypti,
1183 2096 1210 2121 et
1230 2092 1325 2119 titulus
1346 2091 1425 2125 juxta
1450 2091 1599 2118 terminum
1621 2091 1682 2126 ejus
1695 2090 1834 2118 Domino:

1048 2146 1076 2168 et
1097 2141 1149 2168 erit
1172 2140 1200 2166 in
1227 2139 1336 2174 signum
1361 2139 1389 2164 in
1418 2143 1549 2165 aeternum
1577 2137 1692 2165 Domino
1714 2137 1742 2164 in
1763 2142 1836 2164 terra

1048 2187 1169 2223 Egypti,
1189 2186 1318 2221 quoniam
1340 2185 1499 2212 clamabunt
1514 2185 1548 2212 ad
1567 2184 1710 2212 Dominum
1726 2187 1836 2219 propter

1049 2234 1197 2269 aﬂligentes
1214 2240 1252 2262 se.
1269 2235 1296 2259 et
1309 2231 1399 2258 mittet
1412 2231 1455 2258 eis
1470 2231 1600 2258 Dominus
1622 2230 1771 2260 hominem.
1788 2229 1834 2264 qui

1049 2279 1165 2307 salvabit
1180 2285 1238 2308 eos,
1257 2276 1384 2311 judicans
1401 2275 1517 2303 salvabit
1530 2282 1588 2307 eos,
1605 2278 1632 2301 et
1643 2275 1770 2308 cognitus
1783 2273 1836 2301 erit

1049 2325 1181 2360 Dominus
1201 2323 1347 2358 Aigyptiis,
1369 2326 1395 2350 et
1420 2325 1586 2357 cognoscent
1604 2320 1724 2356 Egyptii
1747 2319 1836 2346 Domi-

1049 2380 1114 2399 num
1133 2371 1217 2398 Deum
1232 2370 1259 2396 in
1270 2370 1314 2396 die
1329 2369 1385 2400 illa,
1400 2372 1427 2396 et
1443 2367 1544 2395 facient
1558 2366 1701 2398 sacriﬁcia,
1717 2369 1744 2392 et
1753 2372 1835 2392 vove-

1048 2418 1116 2445 bunt
1131 2420 1192 2444 vota
1209 2416 1333 2447 Domino,
1349 2419 1376 2442 et
1392 2415 1504 2443 reddent
1512 2415 1543 2440 ιι.
1561 2425 1570 2440 ι
1586 2414 1649 2441 llrec
1663 2419 1713 2440 nos
1726 2411 1835 2447 quidem

1050 2469 1128 2491 antea
1144 2470 1252 2497 quoque
1266 2462 1420 2494 citavimus,
1436 2465 1463 2488 ct
1475 2461 1501 2487 in
1515 2464 1591 2496 parte
1604 2459 1700 2487 saltem
1712 2457 1834 2492 planiora

1048 2510 1217 2538 reddidimus
1233 2519 1239 2537 :
1257 2508 1331 2544 quod
1349 2509 1371 2536 si
1385 2517 1439 2535 non
1455 2507 1551 2543 patriis
1565 2506 1618 2534 diis
1638 2505 1739 2532 relictis
1755 2503 1836 2539 [Egy-

1049 2556 1121 2590 ptios
1136 2555 1187 2581 hoc
1197 2554 1256 2589 ipso
1270 2558 1392 2589 tempore
1408 2554 1532 2581 videmus
1544 2552 1737 2587 prophetarum
1751 2549 1837 2577 Deum

1048 2602 1223 2633 invocantes;
1242 2600 1264 2627 si
1288 2608 1336 2635 per
1360 2599 1516 2627 universam
1542 2598 1688 2633 Aigyptum
1712 2596 1740 2623 in
1760 2596 1838 2622 omni

1048 2648 1119 2679 loco,
1137 2651 1165 2674 et
1178 2646 1298 2678 civitate,
1319 2649 1346 2672 et
1359 2645 1479 2680 regione,
1496 2645 1581 2671 altare
1596 2643 1634 2670 illi
1646 2643 1700 2670 Deo
1714 2646 1839 2670 erectum

1049 2700 1104 2720 non
1117 2696 1169 2725 est,
1186 2693 1232 2727 qui
1246 2691 1318 2727 apud
1344 2692 1417 2719 solos
1430 2690 1558 2718 Hebrmos
1575 2689 1702 2716 laudibus
1717 2688 1840 2715 celebra-

1049 2743 1104 2772 tur,
1120 2738 1144 2766 si
1161 2738 1314 2766 manufacta
1332 2737 1441 2773 Egypti
1455 2741 1589 2764 commota
1600 2743 1654 2763 non
1665 2738 1740 2767 sunt,
1755 2731 1841 2769 414

1050 2790 1077 2814 ct
1088 2786 1236 2813 daemonica
1254 2786 1295 2814 vis
1311 2792 1371 2821 qua
1393 2785 1496 2812 circum
1519 2784 1563 2810 illa
1587 2782 1760 2813 vorsabatur,
1782 2787 1835 2807 nou
