2099 3217
292 160 342 187 ϐΠ

607 159 741 187 EUSEBll
759 159 998 187 CESARIENSIS
1017 158 1092 186 OPP.
1109 158 1198 186 PARS
1218 159 1283 186 l|.—
1298 160 1548 190 APOLOGETICA.

1848 163 1900 191 658

291 218 400 250 defecit,
417 222 547 252 vetusque
571 217 759 253 .Egyptiorum
786 219 943 252 superstitio
963 226 997 246 ex
1011 219 1071 245 ani-
1086 220 1096 246 ἐ

1100 232 1106 246 ι
1120 217 1319 252 θεολογουμένῳ
1334 217 1408 253 Θεῷ·
1435 220 1459 245 εἰ
1477 218 1514 254 μὴ
1528 218 1662 245 σέσεισται
1676 219 1709 245 τὰ
1728 220 1902 255 χειροποίητα

292 261 347 291 mis
357 271 451 291 eorum
468 261 574 291 sublata
594 270 647 289 non
662 267 726 295 est;
747 266 885 298 prmterea,
901 263 924 290 si
943 270 992 298 per
1013 264 1070 290 sin-

292 309 369 344 gulas
381 311 503 336 civitates
516 312 543 334 et
557 316 605 342 per
619 309 740 343 singulas
758 309 864 347 domos,
881 309 978 335 bellum
1001 309 1070 336 inte+

291 355 391 382 stinum
415 355 484 388 apud
510 353 652 389 [Egyptios
674 362 729 381 non
755 358 912 389 grassatur.
934 354 998 381 dum
1023 354 1067 381 alii

291 401 398 436 quidem
414 399 555 427 Dominum
570 403 597 427 et
608 400 710 427 cultum
729 399 775 426 Dei
789 400 979 434 prophetarum
996 400 1069 426 acci-

290 447 378 481 piunt,
392 453 569 479 erroremque
582 453 636 479 quo
651 445 685 472 ab
704 445 783 472 initio
799 444 867 473 deos
882 445 981 473 multos
993 446 1068 473 cole.

290 492 364 524 bant,
383 496 552 524 aversantur,
570 492 613 518 alii
640 499 704 518 vero
721 496 863 526 propterea
878 492 950 526 quod
972 493 1067 527 patriis

290 538 378 564 adhuc
392 538 469 564 malis
484 537 572 564 affecti
589 538 621 564 iis
636 538 785 568 adhaerent.
797 546 845 565 eos
865 538 909 572 qui
924 538 1067 565 Dominum

289 584 451 618 acceperint,
467 588 637 618 oppugnant,
655 584 677 610 si
704 591 757 610 non
780 584 859 611 hodie
875 592 980 619 quoque
1003 585 1067 610 dum

288 636 352 657 suos
367 628 432 656 deos
452 637 554 663 suaque
584 630 741 660 simulacra,
761 638 864 665 eosque
883 631 928 665 qui
947 631 980 657 de
994 635 1066 658 terra

287 682 368 702 voces
385 675 521 707 emittunt,
538 679 565 702 et
592 675 728 710 Pythones
748 684 845 711 rogare
861 680 1005 708 conantur,
1022 677 1066 703 in-

288 718 387 746 fectum
404 722 484 754 atque
500 719 579 746 inane
603 720 634 745 ad
657 724 755 746 cuncta
780 720 836 747 haec
853 720 1004 755 perfugium
1019 729 1067 748 ex-

287 764 440 799 periuntur,
464 768 606 799 propterea
630 766 701 799 quod
723 773 775 792 non
799 766 915 800 amplius
932 770 960 792 ut
987 769 1065 792 antea

287 809 379 836 itidem
391 809 444 835 vim
456 816 532 835 suam
548 816 674 835 exercere
688 809 824 835 daemones
835 813 958 843 possunt;
973 809 995 835 si
1012 816 1065 835 non

287 853 413 881 universa
429 854 484 880 hate
504 854 590 888 reipsa
615 855 693 881 linem
720 862 798 881 suum
827 855 963 882 invertisse
973 860 1065 882 osten-

285 899 411 926 duntur:
428 907 493 927 sane
518 900 637 927 nondum
662 901 805 935 quisquam
831 901 895 927 mihi
920 901 1066 928 arbitretur

287 945 472 980 propheticum
499 954 560 973 esse
591 946 755 980 completum
785 947 943 977 oraculum,
979 955 1065 981 neque

287 990 429 1018 Dominum
453 991 526 1017 illum
552 992 654 1026 ipsum,
678 999 758 1025 quem
784 992 921 1026 prophetae
947 998 1063 1024 canunt,

285 1036 356 1071 apud
372 1036 496 1063 homines
511 1037 620 1064 vixisse.
637 1036 665 1063 Si
681 1045 744 1063 vero
767 1045 795 1063 re
815 1037 884 1072 ipsa.
897 1046 956 1072 quae
975 1038 1064 1065 verbis

286 1081 365 1117 longe
383 1086 426 1109 est
448 1082 608 1114 evidentior,
628 1083 673 1114 qui
697 1082 841 1117 Egyptum
866 1083 988 1110 incolunt
1006 1091 1065 1110 cer-

285 1132 387 1155 nuntur
410 1128 530 1159 interim,
549 1135 612 1162 pars
632 1127 741 1162 quidem
762 1128 954 1162 prophetarum
981 1128 1063 1158 Deum

284 1174 439 1210 agnovisse,
452 1177 479 1200 et
495 1178 604 1208 propter
617 1174 691 1200 illum
708 1175 809 1208 patrios
823 1175 888 1201 deos
910 1175 1062 1209 reliquisse,

284 1219 330 1246 alii
347 1227 412 1247 vero
434 1222 530 1246 contra
553 1219 603 1245 hos
625 1219 773 1246 seditiones
789 1220 899 1247 assidue
914 1221 1062 1252 concitare,

285 1267 312 1292 et
327 1264 373 1291 alii
386 1263 452 1291 deos
467 1272 542 1295 suos,
563 1271 666 1298 suaque
681 1264 836 1297 simulacra,
854 1272 955 1299 eosque
968 1266 1014 1300 qui
1031 1266 1065 1293 de

285 1315 358 1337 terra
372 1317 452 1337 voces
466 1309 603 1340 emittunt,
620 1309 777 1337 invocantes
800 1310 866 1336 nihil
882 1318 962 1345 posse
980 1311 1064 1345 proﬁ-

285 1361 358 1385 cere,
371 1353 416 1380 alii
437 1353 551 1380 Domino
576 1354 767 1388 prophetarum
791 1355 817 1381 in
845 1355 917 1381 omni
937 1354 1063 1390 [Egyptia

285 1400 404 1436 regione,
420 1399 504 1426 altare
519 1407 566 1433 per
582 1400 703 1434 singulas
719 1400 848 1427 ecclesias
870 1401 1000 1431 erexisse.
1021 1402 1063 1427 in-

285 1453 337 1481 que
360 1445 550 1473 aﬂlictionibus
572 1450 599 1472 et
617 1445 668 1472 sibi
690 1445 797 1473 infestis
819 1447 1061 1479 insectationibus,

286 1500 339 1519 non
356 1491 472 1526 amplius
486 1491 590 1518 belluas
604 1499 691 1526 neque
707 1492 812 1526 reptilia
833 1496 911 1519 terrae
926 1493 1001 1524 deos,
1016 1501 1063 1520 ne-

283 1546 337 1573 que
351 1541 470 1573 agrestes
482 1537 552 1565 feras
566 1542 592 1565 et
605 1538 682 1564 bruta
697 1538 833 1569 animalia,
849 1544 988 1573 parentum
1000 1548 1064 1566 sno-
1076 1558 1096 1586 Ο

284 1592 344 1612 rum
361 1584 457 1617 instar,
474 1583 519 1611 sed
534 1591 688 1618 supremum
710 1583 792 1611 Deum
808 1584 944 1615 invocare.
958 1586 1061 1612 solum-

283 1638 336 1665 que
349 1637 422 1661 eum,
437 1629 550 1664 ejusque
579 1630 701 1656 timorem
726 1630 752 1656 in
769 1630 826 1656 suis
844 1630 981 1658 mentibus
997 1639 1062 1657 con-

282 1679 390 1711 ceptum
407 1679 509 1707 tenere,
534 1682 685 1709 vovereque
705 1675 792 1701 eidem
810 1679 883 1707 vota,
899 1684 953 1702 non
972 1681 1061 1703 autem

282 1722 450 1750 dmnonibus
471 1725 500 1748 ut
518 1722 604 1756 prius.
621 1726 647 1748 et
670 1730 729 1755 qua:
752 1722 801 1755 ipsi
824 1721 878 1748 Deo
900 1723 1062 1749 conveniant

283 1767 416 1802 promissa
431 1767 544 1794 reddere
559 1776 566 1794 :
583 1774 631 1793 cur
651 1774 705 1792 non
729 1766 861 1800 sequitur,
884 1770 913 1793 ut
930 1767 1062 1793 fateamur

281 1813 364 1841 etiam
377 1820 420 1844 ea,
436 1820 497 1847 qua:
513 1812 587 1847 ipsos
599 1816 712 1840 eventus
727 1816 930 1839 antecesserunt
950 1813 976 1839 in
992 1820 1061 1847 opus

280 1859 337 1894 iam
358 1859 537 1894 processisse,
559 1866 608 1885 nec
629 1857 718 1884 futura
739 1859 854 1893 amplius
870 1859 895 1885 in
910 1864 1058 1893 posterum,

282 1905 331 1933 sed
353 1904 381 1931 in
405 1905 569 1939 pratteritum
593 1904 712 1931 abiisse?
731 1903 816 1931 Porro
844 1905 901 1939 ipsa
923 1905 978 1932 lucc
997 1908 1060 1931 sunt

282 1949 369 1985 ipsius
387 1949 490 1976 Domini
506 1949 539 1975 ad
555 1948 695 1984 Egyptios
709 1949 771 1976 olim
790 1949 908 1981 futurus,
930 1958 984 1976 non
1002 1951 1060 1977 sine

280 2003 396 2031 corpore
412 1995 553 2027 adventus,
569 1995 616 2022 sed
631 2003 677 2029 per
692 1994 790 2022 nubem
810 1995 906 2026 levem,
923 2003 953 2022 ac
969 1995 1059 2030 potius

281 2048 330 2076 per
345 2040 553 2068 crassitudinem
570 2040 676 2075 agilem.
694 2039 739 2067 Sic
756 2040 827 2067 enim
846 2039 994 2068 Hebraicus
1011 2041 1059 2068 ha-

281 2086 327 2115 bet
338 2090 493 2118 contextus,
509 2086 572 2113 dum
591 2086 663 2113 illius
680 2094 839 2121 corpOrcum
855 2087 998 2114 adventum
1010 2088 1059 2114 ob-

281 2139 361 2160 scure
386 2131 531 2167 significat.
559 2131 676 2158 Proinde
702 2131 773 2158 hunc
801 2132 888 2166 ipsum
916 2140 1058 2167 progressa

281 2178 389 2213 longius
421 2178 525 2209 oratio,
557 2177 693 2204 hominem
733 2176 899 2204 Salvatorem
935 2180 1056 2210 vocavit,

1120 261 1268 295 Αἰγύπτου,
1279 263 1329 297 τῆς
1346 263 1410 298 περὶ
1420 263 1489 290 αὑτά
1502 264 1660 300 δαιμονικῆς
1676 264 1816 299 δυνάμεως
1829 265 1902 292 ὲκλε-

1120 306 1242 347 λοιπυίας
1250 328 1258 337 .
1272 307 1319 334 καὶ
1332 308 1380 343 τῆς
1393 309 1510 341 παλαιᾶς
1520 310 1726 346 δεισιδαιμονίας
1737 310 1769 337 ὲκ
1781 311 1831 346 τῆς
1847 311 1901 338 τῶν

1119 353 1272 386 Αἰγυπτίων
1286 353 1376 389 ψυχῆς
1395 354 1541 390 ἀρθείσης·
1556 356 1602 382 καὶ
1616 356 1656 382 ἔτι
1671 356 1738 392 πρὸς
1757 356 1862 389 τούτοις
1877 358 1901 384 εί

1121 399 1158 434 μὴ
1174 399 1233 426 καθ’
1249 399 1366 434 ἑκάστην
1382 400 1458 426 πόλιν
1473 402 1520 427 καὶ
1531 401 1592 427 καθ’
1609 402 1723 428 ἕκαστον
1735 400 1808 428 οἶκον
1822 403 1901 430 πόλε-

1121 453 1170 479 μος
1186 444 1317 480 ἐμφύλιος
1337 447 1394 477 τοῖς
1414 446 1573 480 Αἰγυπτίοις
1589 447 1762 479 συνίσταται,
1781 448 1835 474 τῶν
1851 449 1900 484 μὲν

1118 492 1162 518 τὸν
1186 492 1286 527 Κύριον
1308 493 1354 518 καὶ
1376 492 1405 518 τὸ
1428 493 1508 524 σέϐας
1523 493 1570 519 τοῦ
1591 494 1657 520 Θεοῦ
1678 493 1732 520 τῶν
1754 495 1916 529 προφητῶν,

1118 536 1343 571 ἀποδεξαμένων,
1372 538 1418 563 καὶ
1439 539 1665 573 ἀποστραφέντων
1687 540 1736 575 τὴν
1753 539 1782 571 ἐξ
1803 540 1899 572 αἰῶνος

1119 581 1246 608 πολύθεον
1263 583 1365 619 πλάνην
1379 603 1386 614 ,
1411 584 1464 609 τῶν
1480 584 1508 609 δὲ
1521 604 1528 612 ,

1118 629 1331 663 προστετηκέναι
1356 631 1464 660 κακοῖς,
1484 630 1545 660 τοὶ).³
1563 629 1606 656 τὸν
1623 630 1723 665 Κύριον
1747 631 1899 666 παραδεξα-

1550 584 1594 610 διὰ
1606 584 1635 610 το
1651 587 1705 616 τοῖς
1722 586 1843 621 πατρίοις
1859 586 1898 612 ἔτι

1120 673 1214 707 μένους
1226 675 1411 709 πολεμούντων
1422 684 1428 690 ·
1447 677 1469 702 εἰ
1489 676 1525 711 μὴ
1541 676 1623 702 εἰσέτι
1641 676 1687 702 καὶ
1701 677 1779 712 δεῦρο
1795 679 1897 712 ἐπερωε

1117 719 1165 753 τᾷν
1183 719 1345 755 πειρώμενοι
1359 722 1420 752 τοὺς
1435 722 1537 747 ἑαυτῶν
1550 721 1626 753 θεοὺς
1639 723 1685 748 καὶ
1697 723 1730 749 τὰ
1743 724 1895 758 ἀγάλματα,

1117 765 1162 790 καὶ
1176 765 1238 796 τοὺς
1254 767 1285 791 ὲκ
1300 766 1350 800 τῆς
1364 767 1414 801 γῆς
1430 767 1583 801 φωνοῦντας
1593 787 1600 798 ,
1619 768 1664 794 καὶ
1680 769 1740 799 τοὺς
1755 770 1897 804 ἐγγαστρι-

1118 809 1226 844 μύθους,
1238 811 1319 846 ἀτελῆ
1332 813 1377 838 καὶ
1391 813 1528 846 ἄπρακτον
1541 814 1589 848 τὴν
1603 814 1648 839 ἐπὶ
1663 813 1723 839 τάδε
1740 814 1896 849 καταξυγὴν

1117 855 1252 882 ποιοῦνται
1265 876 1271 886 ,
1285 856 1329 882 διὰ
1346 857 1375 883 τὸ
1390 858 1485 892 μηκέθ’
1499 859 1599 893 ὁμοίως
1616 859 1735 893 ἐνεργεῖν
1748 859 1875 886 δύνασθαι
1889 879 1895 889 ,

1082 892 1102 918 Β
1116 899 1209 935 ὥσπερ
1225 901 1253 926 τὸ
1267 902 1329 935 πρὶν
1343 921 1349 931 ,
1365 903 1427 934 τοὺς
1442 903 1587 938 δαίμονας·
1605 905 1628 930 εἰ
1652 903 1688 938 μὴ
1709 904 1796 929 πάντα
1812 904 1896 930 ταῦτα

1116 945 1205 980 ἔργοις
1219 946 1307 978 αὐτοῖς
1322 947 1396 978 τέλος
1418 948 1547 983 εἰληφότα
1561 948 1712 978 δείκνυται,
1731 949 1766 983 μή
1788 948 1830 974 πώ
1852 957 1896 983 μοι

1116 991 1249 1025 νομίζοιτο
1269 995 1299 1018 τὸ
1320 993 1489 1028 προφητικὸν·
1501 994 1694 1029 πεπληρῶσθαι
1711 994 1814 1028 λόγιον,
1831 995 1897 1029 μηδὲ

1115 1036 1160 1063 τὸν
1173 1037 1363 1073 θεσπιζόμενον
1378 1040 1478 1074 Κύριον
1491 1040 1715 1075 ἐπιδεδημηκέναι
1731 1040 1769 1075 τῷ
1784 1041 1832 1075 βίῳ
1843 1041 1895 1066 τῶν

1115 1083 1272 1119 ἀνθρώπων.
1288 1085 1318 1110 Εἰ
1330 1085 1357 1111 δὲ
1371 1085 1461 1116 αὐτοῖς
1473 1085 1562 1120 ἔργοις
1578 1086 1646 1112 κατά
1664 1087 1728 1113 πολὺ
1741 1087 1794 1112 τῶν
1808 1087 1895 1120 λόγων

1115 1130 1318 1166 ἐναργεστέρως
1335 1132 1416 1158 είσέτι
1434 1132 1512 1167 δεῦρο
1530 1132 1692 1166 θεωροῦνται
1707 1134 1730 1158 οἱ
1747 1133 1796 1168 τὴν
1813 1133 1896 1166 Λίγυ-

1115 1184 1180 1201 πτον
1197 1176 1342 1207 οἰκοῦντες,
1357 1177 1380 1202 οἱ
1399 1177 1447 1212 μὲν
1464 1177 1509 1203 τὸν
1526 1177 1591 1203 Θεὸν
1611 1177 1664 1204 τῶν
1680 1178 1826 1213 προφητῶν
1847 1179 1895 1204 ἐπ-

1115 1223 1271 1256 εγνωκότες,
1287 1223 1333 1249 καὶ
1344 1224 1377 1250 δι’
1389 1224 1467 1251 αὑτὸν
1482 1225 1543 1256 τοὺς
1562 1225 1690 1259 πατρίους
1706 1224 1895 1252 κτταλελοιπο-

1114 1276 1159 1299 τες
1172 1267 1258 1300 θεοὺς,
1270 1270 1293 1295 οἱ
1308 1269 1335 1295 δὲ
1353 1269 1419 1304 πρὸς
1431 1269 1543 1301 τούτους
1561 1270 1758 1302 στασιαστικῶς
1772 1271 1892 1305 ἔχοντες·

1115 1313 1198 1340 κοιὶοὶ
1219 1314 1266 1349 μὲν
1280 1315 1340 1346 τοὺς
1360 1315 1436 1346 θεοὺς
1453 1315 1541 1341 αὐτῶν
1557 1316 1638 1342 εἰσέτι
1656 1316 1702 1342 νῦν
1716 1316 1894 1352 ἐπικαλούμε-

1114 1367 1152 1384 νοι
1165 1360 1211 1385 καὶ
1224 1359 1256 1385 τὰ
1266 1360 1420 1394 ἀγάλματα,
1433 1361 1478 1387 καὶ
1490 1362 1552 1392 τους
1563 1363 1594 1388 ἐκ
1606 1362 1654 1396 τῆς
1668 1362 1719 1396 γῆς
1730 1363 1892 1396 φωνοῦντας,

1116 1404 1197 1439 μηδὲν
1211 1414 1239 1431 τε
1256 1406 1374 1441 ἐνεργεῖν
1390 1407 1553 1442 δυναμένους
1566 1427 1572 1437 ,
1588 1409 1612 1433 οἱ
1627 1408 1655 1434 δὲ
1676 1408 1713 1443 τῷ
1729 1409 1823 1444 Κυρίῳ
1840 1409 1892 1435 τῶν

1115 1452 1257 1485 προφητῶν
1269 1452 1297 1478 ὲν
1311 1452 1384 1487 πάσῃ
1401 1454 1432 1487 τῇ
1445 1453 1599 1486 Αἰγυπτίων
1612 1453 1687 1489 χώρα
1704 1454 1893 1490 θυσιαστήριον

1114 1496 1173 1521 καθ’
1197 1497 1312 1533 ἑκάστην
1335 1498 1480 1533 ἐκκλησίαν
1514 1500 1728 1535 συστησάμενοι,
1743 1500 1771 1527 ἓν
1791 1509 1821 1527 τε
1833 1502 1892 1533 ’ταῖς

1114 1541 1217 1576 θλίψεσι
1243 1544 1289 1569 καὶ
1310 1546 1365 1575 τοῖς
1389 1546 1448 1570 κατ’
1474 1545 1561 1571 αὐτῶν
1587 1546 1715 1581 διωγμοῖς
1741 1546 1831 1573 οὐκέτι
1859 1548 1893 1574 τὰ

1114 1587 1233 1614 κνώδαλα
1243 1611 1249 1619 ,
1267 1589 1326 1615 οὐδὲ
1341 1589 1374 1615 τὰ
1394 1590 1496 1626 ἑρπετὰ
1510 1591 1559 1625 τῆς
1574 1592 1624 1626 γῆς
1635 1611 1641 1621 ,
1666 1592 1703 1623 ti);
1725 1590 1800 1624 θεοὺς
1811 1613 1818 1624 ,
1834 1593 1892 1619 οὐδὲ

1112 1634 1173 1665 τοὺς
1192 1635 1302 1669 ἀγρίους
1314 1635 1401 1671 θῆρας
1418 1638 1464 1663 καὶ
1478 1637 1511 1663 τὰ
1528 1638 1612 1671 ἄλογα
1631 1638 1687 1669 ζῶα
1700 1659 1707 1670 ,
1722 1639 1822 1673 ὁμοίως
1837 1641 1892 1670 τοῖς

1111 1680 1200 1706 αὐτῶν
1217 1681 1348 1716 πατράσι,
1363 1681 1430 1708 ἀλλὰ
1451 1682 1496 1708 τὸν
1518 1683 1562 1708 ἐπὶ
1579 1683 1686 1709 πάντων
1708 1683 1772 1709 Θεὸν
1795 1684 1891 1711 ἐπικα-

1111 1725 1252 1760 λούμενοι,
1272 1727 1318 1753 καὶ
1342 1728 1420 1762 μόνον
1438 1728 1517 1754 αὑτὸν
1535 1729 1581 1754 καὶ
1597 1729 1642 1754 τὸν
1665 1729 1748 1755 αὑτοῦ
1764 1729 1845 1763 φοϐον
1863 1731 1891 1756 ὲν

1110 1772 1170 1802 ταῖς
1188 1772 1275 1798 αὐτῶν
1292 1772 1420 1805 διανοίαις
1433 1774 1633 1808 κατειληφότες,
1645 1775 1786 1810 εὐχόμενοι
1798 1784 1828 1801 τε
1843 1776 1891 1802 αὒ-

1110 1816 1148 1852 τῷ
1166 1817 1256 1852 εὐχὰς,
1270 1818 1326 1844 ἀλλ’
1343 1819 1432 1845 οὐκέτι
1447 1821 1502 1851 τοῖς
1514 1820 1636 1855 δαίμοσι,
1659 1821 1706 1847 καὶ
1724 1821 1891 1853 ἀποδιδόντες

1110 1862 1158 1894 τὰς
1175 1863 1334 1898 θεοπρεπεῑς
1349 1864 1523 1898 ἐπαγγελίας,
1535 1865 1594 1898 πῶς
1607 1866 1655 1901 οὐχ
1671 1866 1764 1892 ἕπεται
1779 1875 1891 1901 συνομο⁴

1109 1908 1197 1942 λογεῖν
1223 1909 1268 1934 καὶ
1293 1909 1326 1935 τὰ
1350 1909 1402 1944 πρὸ
1424 1910 1478 1936 τῶν
1499 1911 1723 1946 ἀποτελεσμάτων
1749 1913 1787 1943 εἰς
1812 1912 1891 1948 ἔργον

1109 1954 1158 1989 ἤδη
1175 1955 1360 1989 κεχωρηκέναι
1373 1964 1380 1986 ;
1394 1953 1427 1990 ἦν
1441 1956 1469 1982 δὲ
1487 1956 1586 1989 ταῦτα,
1604 1957 1650 1983 τοῦ
1671 1958 1771 1993 Κυρίου
1787 1966 1890 1993 παρου-

1110 1999 1154 2025 σία
1173 2000 1212 2031 εἱς
1228 1999 1364 2033 Αἴγυπτον
1379 2001 1428 2026 οὐκ
1444 2000 1588 2036 ἀσώματος
1603 2002 1805 2039 ἁποὸησομένη,
1822 2002 1889 2029 ἀλλὰ

1109 2044 1152 2071 διὰ
1173 2045 1286 2080 νεφέλης
1305 2046 1423 2081 κούφης,
1437 2046 1453 2081 ἢ
1469 2048 1515 2073 καὶ
1531 2047 1630 2081 μᾶλλον
1648 2048 1691 2074 διὰ
1707 2048 1810 2083 πάχους
1828 2048 1890 2075 ἐλα-

1110 2090 1186 2125 φροῦ.
1199 2091 1275 2117 Οὕτω
1287 2092 1340 2127 γὰρ
1357 2092 1387 2118 τὸ
1401 2092 1541 2128 Ἑϐραῖκὸν
1557 2094 1685 2129 περιέχει,
1697 2094 1746 2130 τὴν
1760 2094 1889 2130 ἔνσαρκον

1109 2136 1190 2163 αὐτοῦ
1215 2138 1364 2172 παρουσίαν
1380 2139 1572 2174 αἰνιττόμενον.
1591 2140 1690 2166 Τοῦτον
1707 2141 1735 2167 δὲ
1749 2139 1794 2168 οὖν
1807 2141 1889 2168 αὑτὸν

1109 2182 1210 2218 προῖὼν
1223 2183 1288 2218 ἑξῆς
1307 2185 1321 2210 ὁ
1338 2184 1415 2218 λόγος
1430 2185 1570 2219 ἄνθρωπον
1591 2186 1704 2221 Σωτῆρα
1717 2187 1868 2214 ἀπεκάλεσε
1879 2208 1886 2218 .

280 2222 361 2259 ‘15
369 2223 411 2251 his
421 2223 510 2250 verbis
524 2232 530 2250 :
549 2232 557 2248 ι
576 2222 608 2249 Ει
621 2223 707 2250 mittet
716 2223 755 2250 eis
764 2222 894 2250 Dominus
910 2224 1055 2255 hominem,
1074 2233 1095 2262 ο

1110 2229 1213 2264 φήσας·
1235 2240 1243 2255 ι
1263 2230 1317 2256 Καὶ
1332 2230 1475 2257 ἀποστελεῖ
1494 2232 1584 2263 αὐτοῖς
1607 2232 1707 2268 Κύριος
1734 2233 1886 2268 ἄνθρωπον,

280 2269 327 2304 qui
341 2268 455 2296 salvabit
473 2276 530 2296 eos.
546 2277 555 2294 ι
570 2268 636 2294 Nam
654 2268 698 2294 hic
712 2275 806 2296 rursus
828 2269 853 2295 in
870 2269 1002 2297 Hebraico
1017 2271 1057 2298 si:

278 2319 322 2343 est
339 2324 346 2342 :
365 2323 374 2340 ι
393 2313 427 2340 Et
445 2317 533 2341 mittet
548 2314 587 2341 eis
605 2313 733 2341 Dominus
746 2313 923 2346 Salvatorem,
938 2316 984 2350 qui
1002 2317 1056 2343 sal-

280 2360 353 2388 vabit
366 2367 425 2387 eos.
442 2369 450 2385 ι
468 2358 532 2392 Quae
557 2367 617 2386 cum
637 2359 704 2387 adeo
718 2359 869 2386 evidentem
886 2360 1055 2388 demonstra-

279 2406 379 2433 tionem
394 2405 549 2437 exhibeant,
563 2405 679 2432 arbitror
688 2405 767 2432 etiam
781 2406 945 2438 constitisse,
958 2407 1056 2441 quibus

278 2452 446 2486 temporibus
469 2459 500 2478 ea
519 2451 608 2478 futura
622 2456 794 2483 canerentur,
811 2460 871 2486 quae
895 2453 928 2479 ad
950 2452 1054 2481 Domini

278 2497 423 2525 adventum
434 2497 468 2524 ad
480 2497 602 2524 homines
616 2497 794 2531 pertinebant.
810 2497 871 2525 Haec
884 2507 950 2526 sane
961 2501 1055 2534 paucis

279 2545 382 2572 nnobis
392 2544 504 2572 collecta
522 2549 595 2576 sunt,
609 2545 642 2572 de
659 2545 825 2580 temporibus
844 2546 942 2579 quibus
960 2545 1053 2573 Domi—

278 2595 331 2615 nus
347 2587 398 2614 fuit
412 2590 445 2616 ad
470 2589 592 2617 homines
618 2593 757 2616 venturus.
783 2590 863 2616 Plura
891 2595 980 2617 autem
1006 2599 1054 2626 per

279 2633 364 2661 otium
379 2634 513 2669 quispiam
527 2636 661 2668 inveniet,
675 2635 697 2663 si
714 2635 832 2670 reliquas
846 2636 909 2663 item
928 2637 1054 2672 Scriptu—

280 2686 325 2706 ras
335 2681 508 2714 percurrerit.
523 2680 576 2708 Nos
591 2686 680 2708 autem
701 2682 743 2710 his
754 2683 873 2709 contenti
889 2691 948 2718 quae
961 2683 1054 2711 hacte-

279 2731 331 2752 nus
344 2724 415 2752 dicta
429 2726 564 2760 sunt,jam
576 2735 647 2754 nunc
658 2728 776 2763 reliquas
790 2736 896 2763 quoque
912 2729 1053 2764 aggredia-

280 2779 340 2798 mur
358 2772 520 2806 prophetias.
537 2774 626 2805 Quare
642 2781 701 2807 qua:
718 2774 750 2800 ab
772 2774 817 2800 illo
839 2774 909 2801 inter
928 2775 1052 2802 homines

280 2823 331 2842 suo
349 2817 442 2843 ordine
462 2822 524 2844 sunt
544 2818 729 2844 administrata
742 2839 749 2849 ,
767 2827 797 2845 ex
819 2819 917 2846 divinis
933 2821 1050 2847 oraculis

280 2861 448 2897 colligamus.

1106 2275 1136 2306 ὃς
1150 2274 1230 2301 σώσει
1245 2275 1352 2307 αὐτούς.
1369 2286 1377 2301 ι
1399 2276 1482 2302 Πάλιν
1497 2277 1561 2310 γοῦν
1579 2278 1716 2304 κάνταῦθα
1732 2279 1762 2304 τὸ
1783 2278 1890 2315 Ἐϐραῖ-

1109 2319 1164 2352 κδν,
1183 2330 1191 2345 ι
1206 2321 1261 2347 Καὶ
1278 2321 1422 2347 ἀποστελεῖ
1435 2322 1524 2353 αὐτοῖς
1538 2321 1639 2358 Κύριος
1656 2324 1783 2358 Σωτῆρα,
1793 2323 1823 2355 ὃς
1840 2324 1888 2350 σώ-

1109 2375 1149 2393 σει
1164 2367 1276 2398 αὖτοὺς,
1292 2377 1301 2393 ›
1321 2367 1386 2402 ἔχει.
1402 2365 1450 2394 Ὧν
1464 2368 1550 2400 οὕτως
1563 2369 1665 2404 ἐναργῆ
1684 2370 1733 2406 τὴν
1751 2370 1888 2403 ἀπόδειξιν

1107 2414 1310 2449 παρεχομένων,
1326 2415 1444 2450 ἡγοῦμαι
1459 2416 1506 2441 καὶ
1521 2416 1583 2446 τοὺς
1597 2415 1710 2451 χρόνους
1725 2417 1821 2451 σαφεῖς
1840 2425 1887 2450 γε-

1106 2460 1222 2494 γονέναι,
1240 2461 1299 2487 καθ’
1312 2460 1358 2492 οὓς
1375 2461 1409 2487 τὰ
1422 2461 1471 2495 τῆς
1489 2462 1529 2492 εἰς
1545 2461 1704 2496 ἀνθρώπους
1718 2462 1764 2488 τοῦ
1782 2463 1885 2498 Κυρίου

1107 2506 1256 2540 παρουσίας
1273 2505 1437 2538 ἐθεσπίζετο.
1455 2507 1578 2533 Τοσαῦτα
1590 2506 1633 2533 διὰ
1650 2507 1772 2543 βραχέων
1789 2508 1835 2535 καὶ
1851 2509 1886 2535 τὰ

1107 2550 1169 2584 περὶ
1192 2550 1245 2576 τῶν
1270 2551 1372 2585 χρόνων
1398 2552 1446 2585 τῆς
1471 2551 1517 2578 τοῦ
1540 2552 1640 2587 Κυρίου
1662 2554 1703 2584 εἰς
1725 2553 1885 2588 ἀνθρώπους

1106 2596 1217 2629 φανείας
1230 2596 1359 2630 συνῆκται
1369 2605 1374 2610 ·
1384 2596 1492 2622 πλείονα
1503 2597 1523 2622 δ’
1538 2597 1569 2623 ἄν
1580 2606 1620 2628 τις
1631 2598 1676 2623 ἐπὶ
1691 2598 1786 2633 σχολῆς
1798 2598 1883 2634 εὖροι.

1106 2641 1151 2667 καὶ
1173 2641 1222 2672 τὰς
1243 2641 1338 2672 λοιπὰς
1359 2642 1504 2677 ἐκπεριιών
1519 2643 1639 2678 Γραφάς.
1657 2643 1751 2678 Ἡμεῖς
1766 2652 1798 2678 γε
1814 2645 1882 2680 μὴν,

1105 2687 1159 2717 τοῖς
1181 2686 1332 2721 εἰρημένοις
1352 2687 1545 2722 ἀρκεσθέντες,
1564 2688 1675 2723 μέτιμεν
1695 2689 1744 2724 ἥδη
1770 2689 1817 2715 καὶ
1837 2690 1884 2716 ἐπὶ

1104 2730 1152 2762 τὰς
1172 2731 1266 2763 λοιπὰς
1282 2733 1446 2768 προφητείας
1457 2754 1464 2765 ,
1481 2733 1512 2759 δι’
1529 2730 1566 2760 ὧν
1582 2734 1616 2760 τὰ
1630 2734 1838 2770 οἰκονομηθέντα
1853 2737 1884 2763 ἐν

1105 2776 1255 2812 ἀνθρώποις
1275 2778 1426 2810 ἀκολούθως
1445 2779 1519 2814 αὐτῷ
1538 2780 1569 2806 ὲκ
1585 2779 1636 2806 τῶν
1657 2781 1736 2808 θείων
1758 2782 1884 2819 προρρή-

1106 2831 1172 2848 σεων
1189 2823 1268 2849 ἀναλε
1272 2823 1298 2855 ξό
1303 2833 1333 2858 με
1338 2824 1349 2849 θ
1354 2833 1380 2850 α.
