2099 3217
305 164 353 191 εει
621 161 753 190 EUSEBll
773 158 1011 188 GzESARlENSlS
1031 157 1107 186 OPPA.
1124 157 1223 186 PARS.
1242 158 1274 185 ll.
1287 173 1321 179 —
1341 157 1592 187 APOLOGETICA.
1875 163 1926 192 σεε

303 229 414 255 eventu,
427 223 618 251 declarabitur.
637 222 705 250 Cum
727 221 809 257 igitur
827 220 945 255 primum
963 218 1067 246 omniin

1118 241 1123 250 _
1136 218 1185 253 τῆς
1195 218 1329 252 γενέσεως
1344 217 1426 244 αὐτοῦ
1438 238 1446 249 ,
1460 218 1554 252 γένους
1566 227 1596 245 τε
1609 219 1655 246 καὶ
1668 220 1763 254 φυλῆς,
1780 220 1826 246 καὶ
1844 220 1926 256 σπέρ-

304 277 348 301 ea,
366 277 426 304 quae
442 270 474 296 ad
491 270 563 296 illius
585 274 612 296 et
629 271 730 299 ortum,
747 270 774 294 et
785 273 882 301 genus.
895 270 921 292 et
933 265 1044 296 tribum,
1062 273 1067 291 ι

1141 273 1224 300 ματος
1236 263 1424 291 ἀποδέδεικται
1439 283 1446 296 ,
1461 264 1527 300 φέρε
1542 264 1575 291 τὰ
1596 266 1660 301 περὶ
1674 266 1720 293 τοῦ
1736 267 1866 301 φανέντος
1883 268 1926 294 ἐπὶ

304 323 396 342 semen
414 315 561 350 pertinent,
576 313 763 341 demonstrata
787 313 852 343 sint.
867 319 940 338 nunc
952 311 1008 345 jam
1023 311 1067 346 qni

1139 313 1171 346 τῇ
1185 311 1290 345 γενέσει
1303 310 1386 338 αὑτοῦ
1401 311 1460 337 νέου
1473 311 1545 343 τινὸς
1557 312 1603 338 καὶ
1617 312 1766 345 ξενίζοντος
1776 314 1852 349 παρά
1865 314 1927 347 τοὶς

302 361 336 388 de
353 361 441 388 sidere
456 361 502 387 illo
517 361 552 386 sit
567 359 723 387 dicendurm.
739 358 812 394 quod
827 365 928 384 novum
951 361 978 384 et
995 357 1063 384 insol

1141 358 1267 393 συνήθεις
1290 358 1404 394 ἀστέρος
1417 356 1578 392 θεασώμεθα
1590 367 1596 374 ·
1611 360 1671 386 ἐπεὶ
1687 359 1735 386 καὶ
1750 360 1828 387 τοῦτο
1844 361 1926 387 παλαι

302 411 359 434 tum
373 411 472 442 praiter
485 411 617 434 consueta
634 411 661 433 et
676 406 756 433 nobis
770 405 878 440 cognita
895 404 985 431 sidera
1000 404 1027 430 in
1045 411 1067 430 οι

1139 405 1270 441 πρότερον
1287 405 1319 430 ἐκ
1343 404 1456 440 μακρῶν
1480 404 1582 432 ἄνωθεν
1600 406 1703 441 χρόνων
1724 408 1800 442 παρά
1817 408 1928 434 Μωῦσεί

284 468 287 470 >
301 458 332 480 ιιι
347 454 421 481 illius
435 453 559 486 emicuit,
574 460 668 488 quaaso
699 452 927 487 contemplemur.
953 450 1021 477 Nam
1037 450 1067 477 hc

1141 449 1276 485 βοώμενον
1291 449 1385 476 τοῦτον
1401 450 1539 486 ἱστόρηται
1553 450 1598 477 τὸν
1612 451 1721 486 τρόπον.

301 502 509 537 ἱρευηῃιυοῳιο
517 501 679 536 jampridem
697 501 731 528 ab
745 499 866 534 antiquis
877 506 964 534 usque
974 503 1001 526 et
1013 498 1109 534 primis
1120 498 1291 534 temporibus
1306 497 1378 532 apud
1389 497 1490 526 Mosem
1503 498 1669 526 ceiebratum
1687 499 1836 532 invenitur,
1848 504 1927 535 atque

302 549 329 576 in
344 548 417 576 hunc
430 549 540 576 modum
557 547 723 582 expositum.

301 610 321 636 Α
342 609 477 636 Numeris.
488 623 523 628 —
535 608 572 635 De
586 609 663 635 rebus
678 607 820 634 secundum
835 607 979 634 humanam
992 605 1024 633 ab
1040 605 1067 643 ill

1148 604 1214 631 Ἀπὸ
1224 603 1282 630 τῶν
1289 602 1435 643 Ἀρ-ιθμεῦν.
1446 618 1480 623 —
1488 602 1556 643 II_epi
1563 603 1622 643 τῶις
1629 604 1704 633 κατὰ
1714 606 1771 639 τὴν
1782 608 1921 643 ένανθρὼ.

335 650 497 677 assumptum
518 650 643 670 naturam
661 643 790 679 gerendis,
811 647 835 670 et
851 643 882 669 de
896 642 974 669 uella
989 642 1067 676 quiti

1177 648 1273 679 πησιν
1304 639 1397 679 αὐτῷ
1423 639 1688 679 ξραχᾲησομένωζ,
1719 642 1768 669 καὶ
1790 645 1855 678 περ)
1871 639 1926 672 ἰεῦ

336 686 395 710 ortu
411 673 561 707 Saluatoris
575 673 671 706 nostri'
677 673 810 713 apparuit.
994 673 1000 676 ⁷

1175 674 1322 709 φανέντος
1336 674 1385 700 ἐπὶ
1404 673 1441 708 τῇ
1458 673 1573 710 γενέσει
1596 675 1730 710 Σωτῆρος
1748 673 1926 712 ὴμῶνῖὰστέ-

1171 719 1227 744 ρος
1229 730 1236 737 ι

334 765 423 793 Moses
437 767 464 793 in
481 765 608 794 Numeri:
621 766 654 794 de
669 767 756 798 stella,
773 774 834 801 qure
843 767 869 793 in
886 770 947 793 ortu
964 765 1067 794 Salvatc

1174 767 1307 802 Μωῡσῆς,
1326 767 1355 794 ὲν
1376 765 1527 801 Ἀριθμοῗς.
1545 768 1607 802 περὶ
1617 767 1664 794 τοῦ
1689 768 1817 802 φανέντος
1829 770 1875 797 ἐπὶ
1892 773 1924 807 τῇ

296 812 337 839 ris
352 812 438 839 nostri
457 812 513 840 visa
531 817 583 844 est.
596 812 653 840 hrec
680 813 718 840 ait
735 821 742 840 :
764 822 773 838 ι
794 811 866 839 Dixit
882 811 993 839 Balaam
1012 812 1067 839 [iliu

1138 813 1298 848 γενέσειτοῦ
1313 812 1439 847 Σωτῆρος
1455 812 1533 847 ἡμῶν
1544 813 1656 849 ἀστέρος
1665 814 1730 848 φησί
1740 823 1746 829 ·
1767 825 1775 840 ι
1791 816 1860 852 Φησὶ
1874 817 1926 843 Ba-

298 857 378 890 Beor,
393 858 463 885 dixit
490 859 572 886 homo
591 860 637 894 qui
665 866 728 886 vere
753 858 836 890 videt,
851 859 897 894 qui
910 858 987 885 audit
1001 858 1067 885 vcrb

1118 869 1123 892 ι
1138 860 1212 895 λαάμ
1227 860 1282 891 υἱὸς
1294 858 1381 894 Βεὼρ,
1391 858 1473 894 φησιν
1489 859 1502 884 ὁ
1517 858 1658 894 ἄνθρωπος
1672 859 1827 895 ὑάληθινῶς
1842 862 1923 898 ὀρῶν,

294 902 356 936 Dei,
369 905 416 939 qui
432 904 508 931 novit
532 904 674 932 scientiam
694 904 839 937 Altissimi,
851 909 878 932 et
889 905 936 939 qui
951 905 1067 932 visione:

1136 905 1242 933 ἀκούων
1252 905 1329 941 λόγια
1337 904 1415 938 Θεοῦ,
1424 906 1604 941 ἐπιστάμενος
1613 907 1767 944 ἐπιστήμην
1784 909 1924 943 Ὑψίστου,

295 950 345 978 Dei
362 951 439 983 vidit,
453 950 481 977 in
508 958 606 978 somno
632 951 719 985 aperti
749 951 820 978 oculi
843 950 904 985 ejus
923 950 1067 978 :osteudar

1136 953 1182 979 καὶ
1195 953 1288 988 ὅρασιν
1302 952 1350 979 τοῦ
1365 953 1432 979 Θεοῦ
1451 951 1522 985 ίδὼν,
1534 953 1562 979 ὲν
1577 952 1653 988 ὕπνῳ
1668 954 1924 991 ἀποκεκαλυμμένοι

296 996 346 1028 illi,
361 995 409 1023 sed
424 1004 479 1023 non
496 1004 570 1023 nunc
589 1006 595 1023 :
615 997 724 1024 beatum
739 996 813 1028 dico,
831 996 879 1023 sed
904 1004 957 1023 non
987 1004 1067 1032 appro

1136 999 1160 1024 οί
1174 997 1307 1033 ὀφθαλμοὶ
1326 997 1423 1024 αὐτοῦ’
1435 997 1514 1030 δείξω
1531 997 1614 1033 αὐτῷ,
1629 998 1675 1024 καὶ
1689 999 1749 1034 οὐχ).
1764 999 1822 1031 νῦν,
1836 1009 1925 1035 μακα-

295 1043 410 1078 pinquat
427 1051 434 1069 Ζ
449 1043 555 1069 orietur
576 1042 655 1070 stella
669 1051 703 1070 ex
719 1041 814 1074 Jacob,
831 1046 859 1070 et
881 1046 975 1077 surget
1003 1043 1066 1069 hom

1137 1044 1213 1080 ρίζω,
1229 1045 1276 1070 καὶ
1290 1043 1340 1070 οὐκ
1364 1043 1479 1078 ἐγγίζει.
1503 1043 1639 1070 Ἀνατελεῖ
1657 1045 1755 1080 ἄστρον
1768 1045 1796 1078 ἐξ
1816 1046 1923 1080 Ἰακὼϐ,

295 1096 329 1115 cx
344 1088 437 1120 Israel,
447 1093 473 1115 et
485 1088 591 1123 franget
604 1088 733 1116 ductores
751 1087 840 1120 Moab,
856 1093 883 1115 et
896 1088 1019 1123 captivos
1034 1089 1067 1115 du

1136 1090 1183 1117 καὶ
1196 1090 1377 1124 ἀναστήσεται
1400 1089 1541 1126 ἄνθρωπος
1563 1089 1593 1123 ἐξ
1614 1090 1731 1126 Ἰσραὴλ,
1751 1092 1797 1118 καὶ
1810 1091 1925 1128 θραύσει

295 1136 338 1160 cet
355 1141 450 1161 omnes
468 1133 539 1161 ﬁlios
555 1133 631 1166 Setb,
644 1138 670 1161 et
698 1134 750 1162 erit
776 1134 862 1161 Edom
892 1133 1046 1167 hazreditas,
1058 1149 1067 1162 ι

1135 1136 1197 1167 τοὺς
1212 1135 1350 1171 ἀρχηγοὺς
1364 1134 1461 1166 Μωίιὸ,
1473 1134 1520 1161 καὶ
1535 1134 1713 1169 προνομεύσει
1725 1135 1830 1167 πάντας
1847 1135 1923 1167 υἱοὺς

295 1180 346 1206 erit
357 1179 501 1208 lnureditas
521 1179 592 1208 Esau
608 1181 737 1208 inimicus
749 1180 818 1215 ejus,
831 1185 858 1208 et
875 1179 957 1208 Israel
972 1180 1039 1208 fecit
1056 1181 1064 1208 i

1135 1181 1199 1217 Σήθ.
1216 1181 1270 1208 Καὶ
1288 1180 1362 1207 ἔσται
1383 1179 1470 1216 Έδὼμ
1480 1179 1655 1215 κληρονομία,
1673 1180 1718 1206 καὶ
1730 1180 1806 1207 ἔσται
1826 1181 1924 1217 κληρο-

294 1225 403 1258 robore,
419 1231 445 1254 et
457 1226 624 1253 excitabitur
637 1234 671 1253 ex
689 1225 784 1258 Iacob,
805 1230 831 1254 ct
845 1226 940 1262 perdet
950 1235 1024 1259 eum,
1037 1235 1067 1262 qr

1135 1227 1216 1262 νομία
1251 1225 1335 1252 Ἦσαῦ
1357 1227 1371 1252 ὁ
1392 1225 1487 1261 ἐχθρὸς
1501 1224 1594 1256 αὑτοῦ,
1610 1225 1658 1251 καὶ
1677 1225 1784 1261 Ἰσραὴλ
1796 1226 1923 1261 ἐποίησεν

295 1276 425 1298 servatur
444 1271 478 1299 de
491 1272 602 1300 civitate
616 1273 648 1302 ιδ.
672 1281 680 1298 ι
701 1271 758 1299 Hoc
778 1273 908 1300 vaticinio
933 1279 1067 1302 commota

1135 1273 1164 1299 ὲν
1180 1272 1260 1308 ἰσχύϊ,
1287 1273 1334 1300 καὶ
1357 1273 1566 1309 ὲξεγερθήσεται
1587 1273 1616 1305 ἐξ
1639 1273 1745 1305 Ἰακὼϐ,
1767 1275 1814 1300 καὶ
1828 1273 1925 1300 ἀπολεῖ

295 1318 334 1343 ait
350 1325 526 1346 successores
542 1318 651 1345 Balaam
670 1317 793 1353 (idenim
808 1319 944 1347 incolume
962 1320 1067 1348 exstitis

1135 1319 1287 1354 σωζόμενον
1303 1319 1336 1346 ὲκ
1349 1319 1461 1350 πόλεως.
1483 1329 1493 1346 ›
1519 1319 1579 1346 Ἐπὶ
1595 1319 1679 1354 ταύτῃ
1693 1319 1758 1354 φησὶ
1770 1321 1802 1355 τῇ
1818 1328 1924 1355 προφη·

295 1371 325 1390 se
346 1363 447 1394 adhuc.
465 1367 494 1390 ut
522 1371 572 1398 par
601 1367 655 1394 est.
684 1363 755 1398 apud
783 1364 856 1396 illos,
872 1371 934 1391 cum
957 1364 986 1391 in
1013 1365 1065 1392 coal

1134 1366 1193 1401 τείᾳ
1217 1365 1376 1401 κινηθέντας
1399 1366 1461 1397 τοὺς
1485 1365 1620 1401 διαδόχους
1642 1365 1766 1400 Βαλαάμ.
1783 1365 1922 1393 Σεσῶσθαι

293 1408 416 1443 ignotum
445 1409 582 1444 quoddam
609 1409 686 1436 sidus
712 1414 810 1444 praeter
836 1410 944 1445 cognita
964 1410 1067 1438 nobisc

1134 1410 1189 1446 γὰρ
1201 1410 1294 1446 αὐτὴν,
1311 1410 1349 1442 ὠς
1369 1412 1414 1438 καὶ
1435 1409 1469 1445 ἦν
1487 1411 1568 1444 είκδς,
1587 1412 1652 1446 παρ’
1669 1411 1770 1442 αὐτοῖς.
1789 1411 1922 1446 Ὀπηνίκα

293 1459 437 1488 consueta,
456 1463 540 1490 supra
564 1456 710 1489 verticem,
727 1460 757 1483 ut
782 1457 823 1484 sic
846 1456 972 1488 dixerim,
995 1461 1023 1484 et
1049 1464 1064 1483 a

1135 1457 1253 1484 συνεῖδον
1266 1457 1295 1483 ὲν
1303 1456 1408 1493 οὖρανῷ
1422 1456 1561 1489 ξενίζοντά
1568 1464 1627 1483 τινα
1640 1457 1714 1493 παρὰ
1724 1456 1787 1490 τοὺς
1797 1457 1922 1493 συνήθεις

294 1502 520 1537 perpendiculum
544 1505 624 1529 terra:
638 1501 738 1530 ludam:
758 1504 936 1531 constitutum
958 1505 1067 1539 inspexe

1134 1503 1246 1540 ἀστέρα,
1269 1503 1340 1530 κατὰ
1364 1502 1494 1539 κορυφῆς,
1519 1503 1557 1535 ὡς
1578 1503 1610 1530 ἂν
1635 1503 1706 1530 εἴποι
1720 1512 1771 1535 τις,
1787 1502 1921 1530 καὶκατὰ

293 1549 369 1582 runt)
396 1547 543 1576 festinasse
569 1553 598 1575 ut
623 1549 650 1576 in
676 1548 848 1577 Palaestinam
873 1555 973 1578 terram
998 1549 1067 1586 ιιι

1133 1548 1246 1576 κάθετον
1273 1549 1323 1584 τῆς
1353 1548 1481 1580 Ἰουδαίας
1497 1548 1702 1585 ὲστηριγμένον,
1731 1549 1848 1584 σπουδὴν
1872 1558 1922 1576 πε-

293 1594 479 1628 pervenirent,
493 1599 578 1629 utque
605 1594 814 1623 sciscitarentur
830 1596 864 1623 de
892 1604 955 1631 rege
970 1597 1016 1631 qui
1033 1604 1065 1631 pe

1133 1595 1260 1630 ποιῆσθαι
1272 1596 1318 1622 ἐπὶ
1336 1594 1384 1630 τὴν
1399 1594 1583 1621 Παλαιστινῶν
1604 1595 1753 1630 ἀφικέσθαι
1770 1594 1833 1630 γῆν,
1848 1596 1921 1622 ἱστο-

293 1647 352 1667 eam
365 1641 472 1668 stellam
487 1649 569 1676 quam
587 1641 639 1676 ipsi
652 1641 786 1674 viderant,
803 1642 1019 1677 signiﬁcabatur.
1037 1641 1065 1669 Fi

1132 1641 1192 1676 ρίας
1222 1640 1304 1666 ἕνεκα
1325 1639 1372 1666 τοῦ
1386 1639 1430 1666 διὰ
1449 1640 1578 1674 φανέντος
1592 1640 1706 1676 ἀστέρος
1721 1640 1920 1677 σημαινομένου

293 1687 355 1714 dem
375 1687 418 1715 bis
437 1687 503 1715 facit
525 1688 692 1723 evangelista
718 1687 872 1720 Mattheus,
891 1688 934 1716 his
963 1688 1055 1716 verbis

1131 1686 1271 1721 βασιλέως.
1281 1687 1423 1722 Μαρτυρεῖ
1436 1685 1539 1718 τούτοις
1551 1687 1565 1713 ὁ
1577 1687 1771 1722 εὐαγγελιστὴς
1781 1688 1920 1721 Ματθαίος

295 1744 304 1760 ι
319 1733 388 1762 Cum
411 1739 501 1762 autem
523 1734 604 1762 Jesus
623 1740 705 1762 natus
722 1739 794 1763 esset
809 1736 836 1762 in
861 1735 1017 1763 Bethlebem
1031 1734 1067 1762 .Iu

1129 1733 1215 1767 λέγων
1227 1742 1234 1748 ·
1258 1743 1266 1759 ι
1281 1730 1335 1760 Τοῦ
1348 1733 1376 1759 δὲ
1397 1733 1482 1768 Ἰησοῦ
1499 1733 1672 1769 γεννηθέντος
1687 1735 1715 1760 ἐν
1730 1733 1854 1769 Βηθλεὲμ
1868 1734 1920 1769 τῆς

290 1782 354 1809 daeze
370 1781 398 1808 in
411 1781 508 1809 diebus
531 1780 647 1809 llerodis
665 1781 824 1817 regis,ccce
842 1779 911 1817 Magi
923 1782 958 1809 ab
968 1781 1067 1809 Orient.

1136 1779 1263 1812 Ἰουδαίας
1286 1781 1315 1806 ὲν
1344 1780 1461 1815 ἡμέραις
1493 1779 1611 1814 Ἡρώδου
1635 1780 1682 1806 τοῦ
1700 1780 1842 1816 βασιλέως,
1862 1781 1917 1808 ἰδοὺ

291 1833 424 1856 venerunt
440 1828 467 1855 in
484 1827 646 1861 Jerusalem,
669 1828 792 1856 dicentes
807 1838 813 1854 :
833 1827 885 1855 Ubi
901 1832 953 1862 est,
968 1829 1013 1863 qui
1029 1836 1063 1855 na

1130 1828 1212 1861 μάγοι
1234 1827 1289 1853 ἀπὸ
1318 1826 1453 1853 ἀνατολῶν
1467 1826 1647 1862 παρεγένοντο
1667 1827 1707 1858 εἰς
1729 1827 1917 1864 Ἰερουσαλὴμ,

289 1880 335 1902 tus
355 1879 397 1902 est
414 1883 460 1902 rex
475 1874 652 1902 Iudaeorum?
672 1874 795 1902 Vidimus
810 1874 882 1902 enim
899 1874 1003 1902 stellam
1017 1874 1067 1908 eju:

1128 1873 1269 1907 λέγοντες·
1287 1872 1342 1900 Ποῦ
1361 1874 1434 1900 ἐστιν
1460 1875 1475 1900 ὁ
1496 1873 1601 1909 τεχθεὶς
1624 1874 1748 1909 βασιλεὺς
1768 1874 1823 1900 τῶν
1849 1875 1930 1901 Ἰουη·

291 1922 318 1947 in
338 1919 460 1952 Oriente,
477 1924 504 1948 et
521 1920 646 1947 venimus
659 1920 774 1947 adorare
789 1928 853 1947 eum
870 1920 901 1952 ⁸⁷,
920 1929 930 1946 ι
946 1927 1000 1954 quo
1011 1925 1067 1946 tem

1127 1919 1226 1951 δαίων;
1241 1919 1345 1954 εἴδομεν
1358 1919 1413 1954 γὰρ
1425 1919 1506 1945 αὑτοῦ
1522 1919 1566 1946 τὸν
1580 1919 1682 1956 ἀστέρα
1697 1921 1726 1946 ὲν
1739 1921 1772 1956 τῇ
1786 1920 1915 1956 ἀνατολῇ,

290 1974 354 2001 pore
371 1966 452 1993 iidem
471 1966 548 1994 missi
572 1966 600 1993 in
615 1965 772 1994 Betlilebcm
796 1966 932 1998 abierunt,
947 1975 956 1991 ι
972 1971 999 1993 et
1013 1973 1067 1993 eCCt

1127 1965 1174 1992 καὶ
1187 1965 1304 2001 ἤλθομεν
1318 1965 1503 2001 προσκυνῆσαι
1516 1965 1588 2000 αὑτῷ
1597 1974 1604 1980 ·
1625 1975 1633 1991 ι
1644 1966 1688 1993 ὅτε
1709 1967 1756 1993 καὶ
1766 1975 1914 2002 παραπεμ-

289 2020 386 2039 rursus
403 2012 498 2040 eadem
516 2012 593 2040 stella
617 2019 698 2047 quam
715 2013 839 2040 viderant
855 2012 882 2039 in
892 2011 1014 2043 Oriente,
1027 2019 1067 2038 an-

1126 2012 1239 2046 φθέντες
1247 2013 1286 2044 εἷς
1299 2012 1422 2047 Βηθλεὲμ
1436 2012 1633 2048 ἐπορεύθησαν,
1648 2023 1656 2038 ι
1670 2013 1716 2039 καὶ
1731 2013 1784 2040 ἰδοὺ
1803 2012 1884 2040 πάλιν
1899 2014 1915 2039 ό

287 2059 431 2086 tecedebat
440 2066 499 2091 eos,
509 2059 597 2086 donec
612 2059 725 2086 veniens
747 2062 832 2086 staret
853 2066 935 2093 supra
951 2058 996 2085 ubi
1016 2064 1067 2085 erai

1125 2057 1205 2089 αὐτὸς
1214 2058 1311 2094 ἀστὴρ,
1323 2058 1352 2084 ὃν
1366 2055 1434 2084 εἶδον
1444 2058 1472 2084 ὲν
1486 2059 1518 2093 τῇ
1531 2057 1657 2093 ἀνατολῇ,
1669 2058 1788 2094 προῆγεν
1800 2058 1912 2091 αὐτοὺς,

287 2111 364 2139 puer.
381 2103 511 2132 Videntcs
535 2109 625 2132 autem
640 2104 748 2131 stellam
774 2103 861 2138 gavisi
884 2106 948 2130 sunt
975 2102 1067 2138 gaudic

1125 2105 1176 2136 ἓως
1192 2103 1277 2130 ἐλθὼν
1296 2103 1396 2140 ἐστάθη
1411 2105 1502 2131 ἐπάνω
1518 2102 1548 2131 οὗ
1567 2102 1600 2140 ἦν
1616 2104 1647 2131 τὸ
1662 2104 1776 2132 παιδίον.
1801 2104 1914 2137 Ἰδόντες

287 2159 385 2187 magno
399 2152 489 2186 valde,
504 2157 531 2180 et
548 2153 665 2188 ingressi
681 2152 803 2182 domum,
825 2150 953 2178 viderunt
973 2158 1067 2185 pueru-

1123 2151 1151 2177 δὲ
1163 2151 1209 2177 τὸν
1222 2150 1323 2186 ἀστέρα
1340 2151 1476 2186 ἐχάρησαν
1498 2150 1584 2186 χαρὰν
1602 2150 1721 2185 μεγάλην
1735 2150 1848 2186 σφόδρα,
1863 2151 1913 2178 καὶ

285 2200 341 2226 lum
364 2207 427 2226 cum
443 2198 527 2226 Maria
556 2203 644 2226 matre
659 2199 731 2233 ejus,
747 2201 774 2224 ct
789 2197 1000 2232 procumbentes
1024 2196 1067 2223 ad-

1124 2195 1289 2227 εἰσελθόντες
1302 2196 1341 2227 ei;
1352 2195 1400 2231 τὴν
1411 2195 1508 2226 οἰκίαν,
1522 2193 1590 2222 εἶδον
1605 2195 1636 2221 τὸ
1647 2195 1750 2222 παιδίον
1767 2195 1836 2230 μετὰ
1851 2196 1913 2222 Μα-

283 2250 431 2273 oraverunt
452 2253 514 2273 eum
532 2245 564 2273 ¹⁸.
586 2244 745 2272 illactenus
769 2243 878 2279 quidem
897 2242 1067 2279 Evangelium

1127 2242 1186 2277 ρίας
1198 2241 1247 2277 τῆς
1267 2241 1368 2277 μητρὸς
1392 2240 1484 2269 αὐτοῦ.
1501 2241 1548 2267 καὶ
1563 2241 1689 2272 πεσόντες
1702 2240 1911 2276 προσεκύνησαν

283 2297 421 2320 sanctum.
434 2294 468 2319 At
484 2300 548 2320 vero
569 2292 656 2327 ipsius
672 2291 823 2326 prophetia:
845 2289 987 2317 oraculum
1005 2289 1067 2324 quid

1123 2287 1208 2322 αὐτῷ.
1223 2298 1232 2313 ι
1249 2287 1340 2314 Ταῦτα
1357 2287 1404 2323 μὲν
1419 2287 1449 2313 τὸ
1466 2287 1535 2324 ἱερὸν
1553 2287 1716 2321 Εὐαγγέλιον
1726 2295 1733 2302 ⁵
1743 2287 1758 2313 ὁ
1770 2286 1797 2313 δέ
1810 2295 1842 2321 γε
1859 2287 1912 2322 τῆς

282 2340 320 2366 ait
336 2339 446 2366 tandem
462 2337 521 2365 fore
532 2342 579 2365 aut
593 2337 620 2364 in
636 2338 711 2364 illius
727 2337 789 2364 novi
804 2335 903 2364 sideris
915 2335 1067 2369 eruptione,

1124 2333 1291 2369 προφητείας
1319 2332 1395 2367 λόγος
1422 2333 1468 2358 ἐπὶ
1483 2334 1515 2368 τῇ
1535 2332 1581 2359 τοῦ
1596 2332 1707 2368 ἀστέρος
1726 2332 1845 2368 ἐπιτολῇ,
1861 2333 1911 2359 καὶ

281 2389 329 2412 aut
348 2386 375 2412 in
392 2384 544 2412 Salvatoris
558 2385 646 2412 nostri
657 2383 724 2411 Jesu
737 2383 842 2410 Christi
865 2385 939 2414 ortu,
958 2381 1067 2416 dignum

1123 2381 1155 2415 τῇ
1182 2378 1229 2405 τοῦ
1259 2378 1382 2414 Σωτῆρος
1395 2377 1473 2413 ἡμῶν
1492 2377 1579 2413 Ἰησοῦ
1595 2377 1713 2412 Χριστοῦ
1728 2378 1833 2412 γενέσει
1847 2378 1910 2405 τίνα

279 2431 353 2464 quod
379 2429 583 2465 cognoscatur?
609 2437 706 2464 nempe
732 2428 893 2455 fractionem
924 2427 1067 2454 ductorum

1123 2424 1205 2460 φησιν
1230 2423 1350 2456 ἔσεσθαι,
1373 2423 1488 2450 συνιδεῖν
1520 2422 1613 2456 ἄξιον⁸
1635 2422 1754 2458 Θραῦσιν
1778 2423 1911 2458 ἀρχηγῶν

281 2475 369 2509 Moab,
385 2480 413 2504 et
425 2476 605 2512 direptionem
622 2476 739 2503 ﬁliorum
766 2474 842 2506 Setli,
861 2478 991 2509 prteterea
1006 2473 1067 2501 reli-

1121 2468 1220 2499 Μωάϐ,
1231 2469 1278 2495 καὶ
1294 2468 1432 2504 προνομὴν
1459 2467 1524 2494 υἱῶν
1542 2466 1607 2502 Σὴθ,
1623 2467 1670 2493 καὶ
1683 2466 1737 2493 τῶν
1753 2475 1784 2501 γε
1807 2467 1912 2494 λοιπῶν

278 2530 396 2557 quorum
419 2511 539 2550 Iudaicae
558 2522 647 2558 gentis
664 2522 784 2549 hostium
810 2520 1005 2552 limrcditatem,
1021 2521 1067 2555 qni

1120 2515 1166 2542 τοῦ
1203 2515 1336 2542 Ἰουδαίων
1360 2513 1453 2545 ἔθνους
1471 2513 1608 2548 πολεμίων
1621 2512 1817 2548 κληρονομίαν·
1835 2511 1911 2540 οὗτοι

278 2569 388 2604 quidem
405 2570 498 2597 hostes
513 2573 592 2596 erant
603 2569 689 2596 Edom
705 2573 733 2596 et
751 2567 832 2596 Esau.
848 2566 1067 2602 Caeterum,quid

1120 2562 1148 2588 δὲ
1162 2559 1230 2597 ἦσαν
1250 2560 1340 2596 Ἐὂὼμ
1354 2560 1401 2586 καὶ
1422 2559 1517 2586 Ἠσαῦ.
1533 2559 1566 2585 Τί
1580 2558 1608 2585 δὲ
1617 2558 1726 2594 ᾐνίξατο
1736 2558 1780 2585 διὰ
1793 2558 1909 2591 τούτων,

1120 2609 1136 2644 ἢ
1149 2608 1192 2635 διὰ
1208 2607 1257 2644 μὲν
1273 2607 1326 2633 τῶν
1340 2606 1468 2642 ἀρχηγῶν
1488 2605 1574 2632 Μωὰὸ
1585 2606 1634 2640 τὴν
1650 2605 1703 2631 τῶν
1723 2605 1845 2641 ἀοράτων
1859 2605 1910 2641 ἀρ-

1119 2660 1220 2690 χοντων
1244 2653 1412 2690 καθαίρεσιν,
1436 2651 1525 2680 αὐτῶν
1547 2651 1578 2687 δὴ
1593 2651 1647 2677 τῶν
1663 2651 1746 2678 πάλαι
1760 2652 1834 2687 παρά
1851 2654 1909 2683 τοίς

1121 2700 1276 2731 Μωαὸίταις
1290 2698 1504 2734 θεολογουμένων
1515 2697 1664 2732 δαιμόνων;
1680 2696 1738 2723 ἀλλ’
1746 2697 1795 2731 οὐχ
1805 2696 1908 2732 ἐτέρων

1118 2746 1242 2782 ἐμνήσθη
1253 2745 1297 2772 διὰ
1311 2745 1360 2781 τὴν
1378 2743 1598 2778 είδωλολατρείαν
1613 2742 1658 2769 τοῦ
1676 2742 1784 2778 Ἰσραὴλ
1799 2741 1848 2776 τὴν
1862 2742 1910 2769 ἐπὶ

1118 2792 1168 2828 τῆς
1177 2792 1279 2828 ἐρήμου
1288 2790 1448 2826 γενομένην,
1468 2790 1512 2816 ὅτε
1532 2788 1660 2823 ἐτελέσθη
1670 2788 1684 2814 ὁ
1697 2787 1762 2819 λαὸς
1773 2787 1812 2823 τῷ
1827 2787 1911 2814 fu}.-

279 2615 352 2641 aliud
379 2615 488 2642 tandem
513 2615 678 2650 signiﬁcavit
702 2615 745 2642 his
772 2614 879 2646 verbis,
904 2620 985 2649 quam
1019 2620 1068 2648 per

278 2659 406 2688 ductores
432 2659 520 2693 Moab,
544 2660 721 2688 invisibilium
740 2659 859 2686 hostium
884 2658 1066 2689 eversionem,

278 2705 410 2739 ipsorum,
424 2707 547 2742 inquam,
560 2707 726 2738 da‘monum,
739 2706 785 2741 qui
799 2706 863 2733 olim
880 2705 952 2740 apud
965 2704 1067 2731 Moabi-

278 2754 321 2777 tas
337 2751 449 2778 deorum
470 2753 531 2779 loco
544 2753 721 2780 l‘erebantur?
743 2753 824 2788 Atqui
851 2751 968 2778 aliorum
987 2757 1067 2777 men-

279 2797 379 2824 tionem
392 2805 445 2824 nou
455 2798 526 2831 fecit,
538 2803 650 2834 propter
658 2799 869 2827 simulacrorum
880 2796 967 2832 ipsius
982 2796 1066 2823 Israel

314 2876 337 2891 ³⁸
357 2874 434 2901 Num.
456 2883 527 2906 Inv,
540 2876 631 2903 l5-i9.
673 2877 692 2892 "’
714 2876 809 2904 Matth.
827 2884 859 2909 ιι,
875 2876 900 2906 Ι.
916 2875 944 2902 ‘2.
985 2873 1006 2890 "
1027 2872 1093 2900 ibid.
1108 2872 1144 2899 9-
1159 2869 1202 2898 ιι.
