2099 3217
191 209 244 237 655

638 206 963 235 DEMONSTRATIONIS
988 204 1216 233 EVANGELICE
1242 205 1307 233 LlB.
1317 204 1363 233 IX.

1759 206 1813 236 654

192 265 293 301 φεγὼρ’
305 264 408 299 δαίμων
423 263 450 291 δὲ
460 262 494 300 ἦν
513 262 588 296 οὗτος
603 265 640 294 ὡς
654 264 713 296 θεὸς
729 265 804 300 παρὰ
820 264 859 300 τῷ
874 264 976 299 βασιλεῖ

1026 263 1141 295 cultum,
1152 270 1207 298 quo
1221 263 1248 290 in
1258 262 1368 291 deserto
1382 247 1448 291 usus
1460 266 1513 295 est,
1520 270 1575 298 quo
1590 267 1711 299 tempore
1727 272 1814 301 popu-

189 310 276 339 Μωὰϐ
302 310 342 346 τῷ
365 310 456 337 Βαλὰκ
482 310 646 346 τιμώμενος.
669 311 745 338 Ἐπεὶ
766 308 812 337 οὖν
826 310 950 345 νενίκητο
964 310 979 336 ὁ

195 356 303 393 Ἰσραὴλ
331 356 402 383 κατὰ
426 356 505 383 τοῦτο
526 356 572 383 τοῦ
589 355 687 392 καιροῦ
706 356 773 392 πρδς
785 356 838 383 τῶν
854 356 978 391 ἀοράτων

188 403 327 439 ἀρχόντων
343 402 388 429 τοῦ
401 402 498 433 Μωὰό,
513 402 584 437 λέγω
595 403 623 430 δὲ
637 402 691 429 τῶν
713 402 789 439 παρὰ
799 404 855 435 τοῖς
871 402 979 429 Μωαδί-

188 456 249 479 ταις
260 447 460 483 νενομισμένων
484 448 552 475 θεῶν
564 457 570 463 ·
592 448 832 484 (είδωλολάτρησαν
850 447 915 482 γοῦν
929 448 978 475 καὶ

190 494 396 530 προσεκύνησαν
417 496 474 526 τοῖς
495 494 639 528 γλυπτοῖς,
662 495 699 526 ὣς
730 495 842 530 φησινὴ
865 495 975 530 Γραφή-

192 550 201 565 ‹
217 541 271 567 Καὶ
284 540 461 575 ὲτελὲσθησαν
475 541 513 576 τῷ
530 541 699 577 Βεελφεγὼρ,
715 551 724 567 ι
745 541 848 576 δαίμων
859 541 886 567 δὲ
900 539 978 573 οὗτος

188 587 242 613 τῶν
263 586 416 613 Μωαϐιτῶν
444 585 495 622 ἦν,
514 587 558 613 ὅτε
582 587 629 613 καὶ
652 587 848 622 ὲξεπόρνευσαν
868 588 907 618 εἰς
927 587 977 618 τὰς

189 632 388 666 Μωαϐίτιδας)
414 632 525 664 εἰκότως
554 633 584 659 τὸ
605 632 698 668 μέλλον
710 633 818 659 ἔσεσθαί
837 642 911 664 ποτε,
929 633 975 659 καὶ

188 677 237 713 τὴν
253 678 293 708 είς
307 677 459 704 τούναντίον
477 677 530 703 τῶν
545 677 714 713 πραγμάτων
741 677 891 712 μεταϐολὴν
906 676 977 703 κατὰ

189 723 283 758 καιρὸν
294 723 307 749 6
322 722 433 757 Βαλαὰμ
444 721 579 754 θεσπίζει,
590 722 675 756 λέγων
686 731 692 737 ·
705 732 713 747 ι
735 722 870 748 Ἀνατελεί
878 722 976 758 ἄστρον

188 768 217 801 ἐξ
242 768 347 800 Ἰακὼϐ,
365 769 412 795 καὶ
438 769 618 804 ἀναστήσεται
634 768 774 804 ἄνθρωπος
796 767 826 800 ἐξ
850 767 972 803 Ίσραήλ⁴

188 814 235 840 καὶ
261 813 370 849 θραύσει
396 814 532 850 ἡγεμόνας
564 813 660 840 Mde.
682 823 691 840 ι
714 814 786 840 Ὧσεὶ
809 814 974 849 σαφέστερον

188 859 275 893 ἔλεγε,
288 860 350 891 τοὺς
370 859 628 895 μεγαλαυχήσαντας
642 859 711 886 κατὰ
727 859 773 886 τοῦ
797 859 903 895 Ἰσραὴλ
918 860 976 886 δαί-

189 915 271 941 μονας
282 905 336 932 τῶν
349 906 501 933 Μωαϐιτῶν
513 906 558 932 ἐπὶ
572 907 604 940 τῇ
622 906 726 939 γενέσει
742 904 788 931 τοῦ
808 914 974 940 προφητεύο-

189 950 280 986 μένου,
302 949 413 986 θραῦσίν
440 958 504 976 ποτε
528 950 574 976 καὶ
587 949 688 975 πτῶσιν
704 948 816 975 παθεῖν·
833 945 870 975 ὧν
889 948 972 983 θραυ-

188 995 314 1026 σθέντων,
327 995 390 1026 τοὺς
403 995 477 1027 υἱοὺς
493 994 558 1030 Σὴθ,
571 994 618 1020 καὶ
638 993 736 1029 Ἐδὼμ,
751 993 798 1019 καὶ
818 992 913 1024 Ἠσαῦ,
926 993 973 1019 καὶ

187 1040 222 1068 τὰ
238 1041 318 1067 λοιπὰ
331 1040 405 1076 ἔθνη,
421 1040 439 1067 ἃ
461 1040 504 1067 διὰ
528 1039 628 1066 τούτων
650 1038 828 1074 σημαίνεσθαι
840 1038 970 1074 ἡγοῦμαι,

187 1087 221 1113 τὰ
236 1086 318 1114 πάλαι
336 1085 589 1120 καταδεδουλωμένα
603 1086 636 1120 τῇ
651 1085 793 1119 δαιμονικῇ
808 1084 906 1120 πλάνῃ,
923 1092 971 1119 με-

180 1130 336 1158 “τα6αλόντα
361 1131 412 1166 τῆς
433 1131 640 1166 δεισιδαιμονίας
651 1151 658 1162 ,
683 1131 770 1157 οἰκεῖα
782 1130 828 1157 τοῦ
844 1130 970 1161 θεσπιζο-

189 1176 269 1212 μένου
293 1176 463 1212 γενήσεσθαι.
481 1186 490 1202 ί
516 1177 570 1203 Καὶ
591 1176 676 1208 ἔσται,
696 1176 749 1211 γάρ
772 1185 864 1211 φησιν,
883 1174 971 1211 Ἐδὼμ

187 1221 361 1258 κληρονομία,
388 1222 434 1248 καὶ
457 1221 532 1247 ἔσται
562 1221 727 1256 κληρονομία
745 1221 829 1248 Ἡσαῦ
844 1222 858 1248 6
875 1221 970 1256 ἐχθρὸς

186 1268 280 1295 αὐτοῦ.
307 1277 317 1294 ι
342 1268 373 1295 οε
396 1267 450 1304 γὰρ
478 1268 559 1294 πάλαι
583 1267 674 1304 ἐχθροὶ
691 1267 737 1294 τοῦ
765 1267 832 1294 Θεοῦ
855 1268 901 1295 καὶ
923 1268 969 1294 τοῦ

193 1312 317 1349 Ἰσραὴλ,
339 1313 420 1348 φησὶ,
458 1313 618 1348 γενήσονται
642 1313 808 1348 κληρονομία
832 1313 878 1340 τοῦ
905 1323 971 1349 προ-

185 1359 377 1395 φητευομένου.
403 1359 489 1391 Αὐτὸς
502 1359 555 1395 γὰρ
571 1357 605 1395 ἦν
624 1356 646 1393 ᾧ
660 1359 752 1395 εἴρητο
763 1360 831 1395 πρὸς
845 1360 890 1386 τοῦ
903 1360 969 1387 Θεοῦ

185 1404 233 1431 καὶ
244 1404 350 1440 Πατρδς
376 1404 457 1431 αὑτοῦ
469 1413 476 1420 ’
497 1414 506 1429 ι
530 1405 646 1439 Αῐτησαι
664 1405 728 1440 παρ’
739 1405 817 1440 ἐμοῦ,
830 1405 877 1431 καὶ
892 1405 969 1432 δώσω

186 1459 227 1478 σοι
242 1450 304 1486 ἔθνη
326 1450 375 1486 τὴν
397 1450 577 1486 κληρονομίαν
589 1458 645 1477 σου’
667 1460 676 1476 ι
699 1447 736 1477 ὧν
748 1452 787 1482 είς
811 1451 856 1477 τὸν
871 1451 970 1487 κλῆρον

184 1497 237 1524 τῶν
251 1497 336 1531 ἁγίων
354 1496 554 1532 μεταστάντων,
576 1496 706 1523 τάναντία
728 1496 766 1532 τῷ
789 1497 895 1533 Ἰσραὴλ
909 1498 969 1524 ἔσε-

185 1542 246 1569 σθαι
260 1541 392 1574 Θεσπίζει.
414 1543 482 1578 Φησὶ
502 1542 580 1577 γοῦν·
608 1551 617 1567 ι
636 1543 688 1569 Καὶ
715 1542 822 1578 Ἰσραὴλ
844 1543 969 1579 ἐποίησεν

183 1589 213 1615 ὲν
230 1588 311 1624 ἰσχύϊ.
331 1598 340 1614 ι
358 1589 394 1615 Τὸ
410 1588 449 1620 δὲ,
465 1588 591 1624 ἐποίησεν
606 1589 634 1615 ὲν
651 1588 723 1623 ἰσχύϊ
736 1589 785 1624 τὴν
799 1589 905 1616 πάντων
923 1598 970 1625 με·
983 1608 1004 1637 C

183 1634 279 1670 γίστην
295 1633 436 1660 ἀσέϐειαν·
463 1634 503 1660 διὸ
524 1634 730 1670 ἐξεγεροήσεται
747 1635 793 1661 ἀπ’
816 1635 905 1661 αὐτῶν
921 1636 967 1662 καὶ

183 1680 402 1716 ὲξαναστήσεται.
432 1680 477 1712 Τίς
504 1678 608 1715 οὗτοςῆ
625 1681 639 1706 6
664 1680 898 1716 προφητευόμενος
920 1681 966 1707 τοῦ

183 1726 250 1753 Θεοῦ
267 1727 363 1760 Λόγος,
376 1726 405 1758 ὃς
420 1727 466 1753 καὶ
489 1726 612 1753 ἀπώλεσε
633 1727 782 1761 σωζόμενον
800 1727 831 1753 ἐκ
848 1727 966 1761 πόλεως

181 1770 258 1807 οἶμαι
282 1772 311 1799 δὲ
341 1773 390 1808 τὴν
412 1773 587 1808 Ἰερουσαλὴμ
603 1772 776 1804 αἰνίττεσθαι,
793 1772 821 1806 ἐξ
837 1770 870 1808 ἧς
885 1772 967 1799 ὤλετο

183 1819 237 1850 πᾶς
254 1817 414 1853 σωζόμενος,
430 1819 446 1854 ἢ
459 1819 505 1845 καὶ
521 1818 551 1844 τὸ
574 1819 627 1845 πᾶν
644 1818 690 1844 τοῦ
705 1818 797 1850 ἔθνους
812 1819 900 1845 αὐτῶν
917 1828 966 1845 πο-

182 1863 306 1899 λίτευμα,
323 1864 415 1891 Ταῦτα
437 1864 464 1891 δὲ
482 1865 542 1891 ὁποι
563 1864 656 1896 τέλους
671 1864 775 1899 ἔτυχεν,
790 1864 856 1900 ὁμοῦ
871 1866 903 1901 τῇ
919 1865 965 1891 τοῦ

181 1909 307 1945 Σωτῆρος
320 1909 399 1945 ἡμῶν
410 1911 449 1941 εἰς
461 1909 619 1945 ἀνθρώπους
635 1910 827 1945 ἐκλάμψειτῶν
839 1911 888 1946 μὲν
902 1912 965 1946 πρὶν

180 1955 380 1991 ﬂaminiam-ev
390 1955 474 1982 ἐθνῶν
486 1956 525 1987 εἰς
539 1955 584 1982 τὸν
601 1955 690 1982 αὐτῶν
704 1956 892 1991 μεταστάντων
899 1957 965 1992 κλῆ-

181 2009 238 2036 ρον,
253 2001 300 2027 τοῦ
315 2001 343 2027 δὲ
375 2001 507 2027 Ἰουδαίων
533 2002 624 2033 ἔθνους
641 2002 687 2028 καὶ
707 2002 756 2037 τῆς
776 2003 965 2038 μητροπόλεως

180 2047 270 2074 αὐτῶν
297 2047 467 2074 πεπονθότων
494 2049 572 2074 ὁποῖα
601 2047 781 2079 οὐδεπώποτε,
798 2048 829 2074 οὐ
852 2049 963 2084 μακρῶν

179 2091 233 2119 δεῖν
248 2090 324 2127 οἶμαι
338 2092 432 2126 λόγων.
457 2092 536 2118 Ἀλλὰ
549 2092 583 2119 τὰ
600 2093 648 2128 μὲν
662 2093 711 2127 τῆς
733 2093 900 2128 συμφωνίας,
915 2095 964 2129 τῆς

178 2146 211 2164 τε
237 2139 407 2174 προφητικῆς
433 2139 618 2174 προρρήσεως,
643 2139 689 2164 καὶ
713 2139 761 2173 τῆς
784 2139 962 2175 εὐαγγελικῆς

180 2184 403 2220 συμπεράνσεως,
435 2181 485 2210 ὧδέ
510 2192 566 2215 πως
597 2184 681 2218 ἐχέτω
697 2184 782 2215 τέλος.
802 2185 834 2210 Τί
849 2185 870 2211 δ’
885 2183 918 2221 ἦν
932 2186 962 2211 τὸ

179 2229 264 2257 αἴτιον
285 2230 335 2265 τῆς
353 2230 526 2265 ὲπιλάμψεως
546 2230 592 2257 τοῦ
607 2231 735 2265 φανέντος
749 2231 872 2267 ἀστέρος,
899 2241 961 2258 συν-

1029 311 1072 339 lus
1097 310 1220 338 initiatus
1246 314 1289 338 est
1312 309 1488 345 Bcelpbegor.
1509 309 1575 336 Erat
1602 318 1683 346 porro
1698 310 1742 339 hic
1756 311 1813 339 dte-

1029 364 1104 389 mon,
1127 356 1173 391 qui
1192 360 1221 383 ut
1245 356 1313 383 deus
1331 363 1346 382 a
1360 363 1424 391 rege
1444 355 1523 383 Moab
1538 355 1597 390 ipso
1613 356 1693 384 Balac
1703 357 1813 385 coleba-

1029 405 1084 430 tur.
1101 402 1233 435 Quoniam
1249 402 1332 437 igitur
1342 402 1430 429 victus
1442 404 1484 429 est
1497 401 1580 429 Israel
1595 402 1642 430 illo
1655 406 1778 439 tempore
1796 412 1812 431 a

1028 448 1200 483 principibus
1224 446 1303 474 Moab
1317 447 1406 474 visum
1422 447 1625 483 eﬂ‘ugieutibus,
1641 448 1703 476 dico
1719 452 1813 477 autem

1029 493 1062 519 ab
1087 492 1121 520 iis
1142 493 1187 527 qui
1202 492 1273 526 apud
1290 492 1420 519 Moabitas
1434 500 1483 527 pro
1494 493 1547 520 diis
1560 493 1721 520 colebantur
1735 494 1814 529 (sane
1838 509 1842 512 -

1028 539 1131 565 idcirco
1160 543 1186 566 et
1211 539 1356 565 simulacra
1390 539 1550 571 coluerunt,
1577 544 1604 566 et
1630 540 1813 569 adoraverunt

1029 584 1177 619 sculptilia,
1189 589 1217 611 ut
1232 584 1269 610 ait
1284 584 1423 618 Sr'riptura
1441 595 1447 612 :
1464 595 1473 610 ‹
1493 585 1525 612 Ει
1543 586 1640 612 initiati
1655 591 1719 614 sunt
1734 587 1813 615 Beel-

1027 630 1172 664 pbegor'“.
1199 639 1207 655 ι
1236 630 1281 664 qui
1317 629 1486 664 Buelpliegor
1513 631 1617 659 daemon
1653 638 1712 660 erat
1740 634 1812 668 apud

1028 674 1170 707 Moabitas,
1188 682 1242 709 quo
1260 679 1381 710 tempore
1400 675 1481 702 iidem
1502 684 1563 703 cum
1588 677 1697 706 feminis
1714 678 1812 706 Moabi-

1027 725 1114 748 tarum
1135 721 1258 748 fornicati
1273 722 1359 753 sunt),
1377 722 1474 748 merito
1492 723 1564 757 quod
1579 723 1643 750 olim
1665 729 1722 752 erat
1738 725 1812 752 futti-

1026 774 1098 797 ruIn,
1115 774 1205 793 rerum
1223 767 1317 801 utique
1345 767 1372 793 in
1397 767 1564 795 contrarium
1587 769 1765 797 mutationem
1783 771 1810 798 in

1025 815 1147 846 tempore
1163 812 1267 839 divinat
1291 812 1412 844 Balaam,
1428 813 1545 841 dicens:
1568 823 1577 839 (
1598 814 1708 842 Orietur
1732 818 1810 844 stella

1025 865 1058 884 ex
1072 857 1167 889 Jacob,
1181 862 1207 885 et
1223 862 1316 893 surget
1334 858 1415 885 homo
1431 867 1463 886 ex
1480 858 1573 887 Israel.
1589 859 1622 887 Et
1637 860 1743 897 franget
1760 863 1811 890 du-

1025 911 1072 930 ces
1087 903 1175 930 Moab.
1188 913 1196 928 I
1209 903 1350 939 Tanquam
1366 904 1389 931 si
1399 904 1571 933 manifestius
1580 906 1693 938 diceret,
1707 907 1810 935 Moabi-

1024 953 1112 976 tarum
1122 950 1259 977 daemonas
1267 950 1313 984 qui
1321 958 1392 977 nunc
1401 950 1532 979 adversus
1539 951 1736 987 lsraelgloriati
1745 958 1810 982 sunt

1024 995 1051 1022 in
1061 1000 1121 1023 ortu
1139 996 1198 1030 ejus
1212 996 1246 1023 de
1254 1003 1309 1031 quo
1321 996 1379 1031 ipse
1388 996 1563 1028 vaticinatur.
1576 998 1736 1027 fraetionem
1748 1005 1810 1027 tan-

1023 1041 1083 1067 dem
1107 1046 1133 1068 et
1154 1042 1260 1069 ruinam
1284 1050 1413 1077 passuros
1439 1052 1445 1070 ι
1478 1044 1579 1078 quibus
1603 1043 1707 1078 fractis,
1738 1046 1808 1075 filios

1021 1086 1103 1122 419
1119 1087 1194 1120 Seth,
1209 1091 1235 1115 et
1255 1088 1350 1121 Edom,
1367 1094 1399 1116 ει-
1410 1088 1493 1121 Esau,
1510 1094 1537 1116 et
1561 1090 1681 1126 reliquas
1701 1097 1808 1127 gentes.

1022 1141 1090 1167 quas
1116 1133 1158 1160 his
1182 1133 1338 1161 nominibus
1360 1135 1508 1169 significari
1533 1136 1668 1169 arbitror,
1693 1141 1722 1165 ut
1741 1139 1808 1166 olim

1024 1178 1173 1206 darmonico
1187 1181 1273 1207 errori
1297 1180 1412 1207 addictm
1427 1185 1515 1214 erant,
1533 1183 1573 1210 sic
1593 1183 1694 1218 rejecta
1709 1191 1807 1220 super-

1022 1225 1143 1257 stitione,
1162 1225 1307 1254 familiares
1323 1226 1396 1255 illius
1412 1227 1530 1260 futuras,
1550 1230 1597 1264 qui
1614 1234 1747 1258 venturus
1758 1239 1808 1258 ca-

1022 1271 1105 1298 nitur.
1126 1281 1135 1296 ι
1155 1271 1188 1298 Et
1213 1273 1274 1304 erit,
1301 1273 1399 1308 inquit,
1421 1273 1504 1301 Edom
1526 1274 1688 1309 haereditas,
1708 1282 1735 1305 et
1754 1278 1808 1305 erit

1022 1316 1165 1344 lnereditas
1188 1316 1260 1345 Esau
1285 1318 1413 1346 inimicus
1438 1319 1508 1354 ejus;
1530 1330 1539 1345 ›
1560 1325 1676 1353 veteres,
1704 1323 1804 1357 inquit,

1021 1361 1113 1389 hostes
1131 1361 1179 1388 Dei
1201 1366 1281 1396 atque
1306 1362 1390 1390 lsrael
1406 1367 1486 1390 erunt
1505 1364 1652 1394 haereditas
1672 1366 1741 1401 ejus.
1757 1368 1804 1402 qui

1020 1409 1128 1435 canitur
1141 1409 1260 1442 futurus;
1277 1409 1334 1444 ipse
1347 1410 1418 1437 enim
1433 1415 1475 1438 est
1487 1411 1531 1438 cui
1547 1411 1649 1439 dictum
1660 1417 1703 1440 cst
1719 1421 1735 1440 a
1750 1413 1806 1442 Deo

1020 1458 1046 1481 ct
1062 1454 1140 1482 Patre
1159 1462 1210 1482 suo
1226 1464 1232 1482 ε
1252 1465 1261 1480 ι
1280 1454 1390 1482 Postula
1405 1462 1422 1483 a
1439 1464 1491 1490 me,
1508 1461 1535 1484 et
1549 1457 1620 1485 dabo
1643 1458 1692 1486 tibi
1710 1464 1804 1494 gentes

1021 1500 1203 1528 lizereditatem
1221 1505 1294 1528 tuam
1304 1501 1336 1528 ²⁰.
1360 1511 1369 1527 ι
1385 1502 1450 1534 Qum
1461 1510 1523 1530 cum
1536 1503 1564 1530 in
1575 1508 1675 1532 sortem
1694 1510 1805 1534 sancto-

1021 1554 1080 1574 rum
1098 1547 1266 1578 transierint,
1284 1548 1420 1575 contraria
1442 1549 1493 1583 ipsi
1510 1548 1591 1577 Israel
1609 1549 1668 1577 fore
1688 1551 1803 1580 divinat.

1021 1593 1065 1618 Ait
1080 1593 1163 1627 igitur
1177 1602 1184 1619 :
1204 1602 1213 1618 ‹
1233 1592 1267 1619 Ει
1281 1593 1364 1620 Israel
1379 1593 1443 1620 fecit
1453 1594 1480 1620 in
1492 1595 1601 1627 robore,
1616 1604 1625 1621 ι
1639 1595 1704 1623 fecit
1713 1602 1804 1625 autem

1021 1638 1048 1664 in
1072 1639 1169 1665 robore
1193 1639 1314 1666 omnium
1341 1640 1488 1666 maximum
1513 1641 1619 1674 scelus;
1639 1647 1805 1678 quapropter

1030 1684 1194 1711 excitabitur
1224 1689 1250 1712 et
1274 1689 1411 1720 exsurget.
1446 1685 1512 1719 Quis
1548 1688 1657 1715 tandem
1679 1689 1731 1716 iste
1749 1689 1805 1718 nisi

1020 1729 1044 1756 is
1058 1729 1132 1764 quia
1149 1730 1288 1765 prophetis
1315 1731 1422 1758 canitur
1451 1731 1497 1759 Dei
1518 1732 1647 1764 Verbum.
1661 1734 1706 1769 qui
1721 1735 1803 1762 etiam

1021 1776 1136 1809 perdidit
1149 1784 1210 1803 eum
1228 1777 1273 1811 qui
1289 1781 1413 1804 servatur
1429 1785 1462 1804 ex
1477 1778 1606 1805 civitate?
1622 1778 1727 1812 Quibus
1742 1789 1803 1808 ver-

1019 1820 1061 1848 bis
1089 1821 1174 1855 ipsam
1205 1820 1354 1848 Jerusalem
1379 1822 1529 1857 significari
1556 1824 1683 1855 arbitror,
1701 1832 1734 1852 ex
1747 1834 1801 1860 qua

1019 1865 1096 1899 periit
1105 1865 1192 1892 omnis
1206 1865 1361 1900 quicunque
1375 1871 1513 1900 superstes
1529 1868 1628 1896 mansit
1643 1873 1708 1896 :aut
1720 1870 1800 1897 etiam

1018 1917 1097 1937 omne
1120 1910 1180 1943 ejus
1208 1911 1296 1945 gentis
1326 1910 1404 1938 civile
1434 1911 1600 1940 institutum.
1625 1912 1687 1941 Haec
1710 1919 1801 1942 autem

1018 1963 1161 1990 quetunam
1178 1956 1279 1982 exitum
1296 1956 1391 1983 sortita
1406 1956 1472 1987 sint.
1488 1965 1549 1984 cum
1567 1962 1661 1993 gentes
1674 1960 1751 1994 prius
1763 1961 1804 1989 si-

1017 2001 1138 2028 mulacra
1154 2001 1273 2029 colentes
1293 2010 1347 2029 una
1367 2010 1429 2029 cum
1455 2003 1605 2032 Salvatoris
1627 2010 1713 2033 nostri
1731 2007 1802 2034 inter

1017 2048 1141 2075 homines
1156 2052 1263 2079 exortu,
1281 2049 1308 2075 in
1328 2049 1435 2076 illorum
1454 2054 1554 2077 sortem
1573 2052 1713 2079 translata:
1733 2053 1800 2086 sint,

1015 2093 1128 2121 Judaiea
1144 2101 1207 2120 vero
1225 2102 1300 2129 gens,
1317 2099 1343 2122 et
1365 2094 1519 2122 Judaaorum
1542 2100 1630 2124 mater
1651 2097 1747 2126 civitas
1767 2107 1800 2126 ea

1015 2147 1150 2175 perpessae
1170 2141 1225 2166 sint
1248 2148 1307 2174 quae
1327 2148 1466 2175 nunquam
1490 2145 1580 2175 antea,
1605 2151 1659 2170 non
1684 2144 1801 2180 longiori

1015 2186 1133 2212 arbitror
1159 2186 1281 2213 oratione
1301 2186 1421 2221 indigere
1445 2191 1475 2213 ut
1490 2189 1611 2222 apertius
1627 2191 1800 2218 ostendatur.

1014 2232 1139 2258 Attamen
1154 2239 1215 2266 qua:
1231 2232 1263 2259 ad
1281 2239 1444 2259 consensum
1461 2234 1597 2267 pertinent
1609 2238 1666 2262 tum
1679 2236 1799 2271 prophe-

180 2276 245 2303 ιδεῖν
254 2276 337 2309 ἄξιον.
346 2278 393 2308 Εἰς
410 2277 511 2312 σημεῖὰ
527 2285 607 2312 φησιν
618 2278 632 2303 ὁ
644 2278 772 2313 Μωῦσῆς,
787 2279 835 2305 καὶ
852 2279 891 2310 είς
903 2287 961 2304 και-
977 2288 980 2314 ]

1016 2277 1073 2304 lic-4e
1085 2278 1277 2312 przedictionis,
1290 2283 1347 2306 tum
1366 2281 1527 2316 evangeliczc
1542 2283 1797 2316 consummationis,

180 2323 243 2358 ροὺς
255 2322 386 2349 τεθεῖσθαι
409 2323 471 2354 τοὺς
498 2323 601 2354 πάντας
616 2323 644 2349 ἐν
663 2323 702 2358 τῷ
725 2323 892 2359 στερεώματι
908 2324 959 2351 ὑπὸ

177 2364 225 2394 τοῦ
236 2367 303 2395 Θεσῦ
317 2368 447 2404 ἀστέραςε
465 2367 536 2400 ξένος
550 2368 577 2394 δὲ
592 2366 637 2394 οὖν
654 2369 699 2395 καὶ
710 2369 741 2396 οὑ
758 2369 885 2405 συνήθης,
899 2370 959 2397 οὐδὲ

176 2413 232 2440 τῶν
252 2413 356 2440 πολλῶν
373 2414 420 2440 καὶ
439 2414 583 2449 γνωρίμων
599 2412 648 2446 εἷς.
664 2414 732 2442 ἀλλά
747 2423 789 2447 τις
807 2415 898 2447 καινὸς
914 2415 960 2442 καὶ

176 2459 235 2491 νέος
248 2459 337 2496 ἀστὴρ
354 2460 494 2493 ἐπιφανεὶς
510 2459 549 2494 τῷ
567 2460 626 2496 βίῳ,
638 2461 749 2495 σημεῖον
763 2460 837 2493 ξένου
851 2461 959 2496 φωστῆ-

178 2513 223 2540 ρος
235 2504 330 2540 ἐδήλου
352 2504 577 2540 καταλάμψαντος
594 2505 632 2540 τῷ
651 2506 731 2532 παντὶ
762 2506 866 2542 κόσμῳ,
884 2507 912 2539 ὃς
925 2505 958 2542 ἦν

173 2552 190 2578 6
203 2551 322 2588 Χριστὸς
348 2551 396 2578 τοῦ
414 2551 492 2581 Θεοῦ.
516 2551 602 2586 μέγας
617 2552 664 2578 καὶ
679 2551 740 2583 νέος
754 2552 851 2588 ἀστὴρ,
865 2550 896 2579 οὗ
909 2552 959 2588 τὴν

173 2597 267 2624 είκόνα
286 2596 456 2632 συμϐολικῶς
477 2598 492 2624 ό
510 2597 603 2631 φανεὶς
621 2597 680 2623 τότε
701 2599 756 2629 τοῖς
788 2598 884 2634 μάγοις
908 2600 957 2625 ἐπ-

172 2642 296 2678 εφέρετο.
319 2642 427 2678 Ἐπειδὴ
437 2642 492 2679 γὰρ
508 2642 567 2669 καθ’
587 2642 651 2678 ὅλης
672 2643 721 2678 τῆς
744 2644 821 2679 {apag
836 2644 882 2671 καὶ
899 2644 956 2671 θεο-

172 2688 305 2716 πνεύστσυ
318 2689 429 2726 Γραφῆς
446 2691 462 2716 ὁ
480 2689 680 2725 προηγούμενος
695 2689 745 2724 τῆς
759 2690 879 2722 διανοίας
895 2699 956 2717 no-

172 2735 223 2766 πὸς
240 2734 430 2771 μυστικώτερα
449 2736 495 2762 καὶ
511 2735 571 2762 θεῖα
587 2734 711 2770 βούλεται
727 2735 874 2768 παιδεύειν,
888 2737 957 2772 μετὰ

170 2778 218 2807 τώ
241 2780 290 2807 καὶ
314 2780 364 2816 τὴν
389 2780 532 2816 πρόχειρον
554 2781 674 2808 διάνοιαν
686 2780 820 2813 σώζεσθαι
830 2782 858 2808 ἐν
879 2781 955 2818 μέρει

171 2826 316 2862 impacti):
330 2826 540 2862 πεπραγμένων,
561 2827 672 2858 eludant;
688 2827 734 2853 καὶ
748 2828 764 2863 ἡ
779 2826 846 2862 μετὰ
861 2829 953 2864 χεῖρας

205 2916 228 2933 ⁸³
246 2914 321 2944 Psal.
336 2922 384 2950 αν,
400 2916 446 2945 28.
485 2915 507 2934 ’θ
526 2916 600 2946 Psab
615 2925 635 2945 ιι
646 2937 653 2951 ,
669 2916 696 2946 8.

1012 2324 1094 2350 talem
1114 2332 1180 2351 sane
1198 2324 1438 2354 habeantexitum.
1456 2326 1590 2355 Cteterum
1612 2336 1672 2363 qua:
1688 2329 1798 2356 tandem

1013 2377 1096 2397 causa
1110 2370 1215 2397 exstitit
1229 2376 1339 2405 propter
1351 2379 1432 2406 quam
1444 2373 1521 2400 stella
1536 2381 1596 2408 qua:
1607 2379 1663 2401 tum
1675 2375 1732 2402 visa
1744 2379 1796 2407 est,

1013 2414 1143 2447 illuxerit,
1159 2423 1219 2450 qua:
1235 2416 1343 2451 quidem
1356 2425 1438 2446 causa
1455 2420 1639 2454 contemplatu
1656 2420 1737 2456 digna
1749 2415 1812 2448 sit?

1012 2460 1102 2489 Moses
1112 2461 1221 2496 quidem
1233 2464 1260 2489 in
1275 2464 1352 2499 s‘gna
1365 2465 1402 2491 ait
1413 2470 1439 2492 et
1452 2470 1573 2500 tempora
1583 2466 1609 2493 in
1625 2466 1797 2495 firmamento

1013 2514 1028 2533 a
1046 2507 1099 2534 Deo
1113 2508 1201 2542 posita
1216 2508 1300 2536 fuisse
1317 2510 1406 2538 sidera
1419 2511 1563 2544 universa;
1582 2517 1609 2538 at
1621 2520 1686 2540 vero
1702 2512 1753 2540 hoc
1768 2518 1796 2541 et

1011 2554 1183 2588 peregrinum
1208 2559 1236 2582 et
1251 2555 1402 2586 insolitum.
1419 2565 1507 2592 neque
1520 2557 1590 2584 idem
1609 2565 1641 2584 ex
1659 2558 1751 2585 multis
1768 2563 1796 2586 et

1010 2599 1127 2634 cognitis
1143 2607 1239 2632 unum,
1258 2601 1305 2628 sed
1322 2609 1421 2629 novum
1448 2604 1539 2638 potius
1556 2603 1691 2637 quoddam
1707 2611 1795 2639 neque

1010 2649 1088 2672 antea
1102 2646 1190 2673 visum
1206 2646 1293 2677 sidus,
1308 2647 1381 2682 quod
1396 2648 1458 2674 vita:
1474 2647 1614 2674 hominum
1636 2649 1735 2679 illuxnt.
1750 2657 1789 2677 re-

1009 2692 1097 2719 centis
1118 2692 1260 2727 cujusdam
1281 2693 1423 2721 luminaris
1448 2694 1572 2729 signum,
1588 2696 1660 2729 quod
1684 2696 1792 2723 univer-

1009 2744 1069 2764 sum
1087 2737 1219 2764 mundum
1237 2738 1396 2770 illustraret,
1418 2738 1555 2765 indicabat
1569 2747 1575 2763 :
1592 2738 1665 2772 quod
1681 2738 1791 2773 quidem

1008 2783 1143 2811 luminare
1163 2783 1290 2812 Christus
1311 2783 1357 2812 Dei
1386 2789 1456 2817 erat,
1473 2784 1569 2821 ingens
1591 2784 1658 2812 illud
1675 2793 1792 2812 novum-

1006 2837 1059 2865 que
1073 2829 1159 2864 sidus,
1184 2830 1262 2865 cujus
1277 2830 1421 2866 imaginem
1436 2839 1468 2859 ex
1486 2831 1690 2867 comparatione
1704 2838 1737 2860 ac
1752 2830 1794 2860 si-
