2099 3217
294 195 345 224 655

612 194 746 223 EUSEBil
765 193 1007 222 CIESARIENSIS
1028 193 1104 221 OPP.
1126 193 1230 223 PARS.
1252 194 1284 223 ll.
1296 210 1331 215 -—
1347 195 1595 225 APOLOGETICA.

1879 198 1931 227 6"C

293 253 447 282 militudine
461 254 589 289 quadam,
601 254 666 280 illud
678 254 750 289 quod
767 258 832 280 tunc
844 253 930 288 magis
944 253 1081 288 apparuit,

1138 253 1292 289 πρόρρησις
1305 252 1456 289 ἐπληροῦτο
1474 254 1542 290 πρὸς
1551 254 1623 288 λέξιν
1639 253 1687 280 ἐπὶ
1700 255 1733 290 τῇ
1746 254 1792 281 τοῦ
1810 263 1931 292 προανα-

282 301 436 328 referebat.
458 299 525 327 Cum
552 299 623 326 enim
646 307 694 334 per
722 303 806 326 totam
829 302 1034 326 sacrosanctam
1057 303 1084 326 et

283 355 307 373 ~a
319 347 411 374 divino
431 345 535 381 Spiritu
548 345 677 372 traditam
694 345 879 380 Scripturam,
899 345 921 371 si
945 345 1007 379 quis
1024 351 1085 371 eam

293 392 451 419 adsensum
470 391 673 425 interpretetur,
697 385 815 426 primum
838 391 874 418 sit
898 390 1082 425 propositum,

293 440 322 462 ut
338 436 450 471 mystica
465 435 588 470 quaedam
611 435 759 470 divinaque
781 435 890 466 doceat,
916 438 1026 462 servato
1041 437 1085 460 ta-

291 490 354 509 men
368 482 465 509 saltem
477 482 505 508 in
520 485 598 516 parte
613 482 695 508 etiam
712 481 817 516 vulgari
829 485 977 516 apertoque
1002 487 1085 507 sensu

292 536 387 556 eorum
403 535 464 563 qua:
485 527 616 555 historice
632 531 708 562 gesta
725 531 790 555 sunt
805 537 810 553 :
826 527 926 554 merito
947 526 999 553 hoc
1016 533 1086 561 quo-

291 583 345 610 que
358 575 430 609 quod
446 582 518 601 nunc
537 578 670 601 tractatur
687 574 840 606 oraculum,
858 575 886 600 in
899 573 959 608 ejus
975 573 1083 603 sideris.

293 621 435 656 prophetia
455 620 528 655 quod
547 621 573 647 in
590 626 650 647 ortu
672 619 823 646 Salvatoris
839 619 926 646 nostri
950 619 1084 645 oriturum

293 665 523 697 denuntiabatur,
547 666 629 693 etiam
653 666 685 692 ad
707 665 818 692 verbum
842 665 1005 700 completum
1032 668 1084 691 est.

291 711 374 748 αρε)
388 711 531 739 Exsistunt
554 711 665 747 quidem
689 711 751 737 aliis
775 718 884 745 quoque
910 710 1039 745 gloriosis
1058 713 1086 736 et

292 759 447 786 illustribus
462 758 529 786 viris
543 758 715 785 insolitarum
731 757 871 784 stellarum
889 756 976 791 ignes,
994 759 1023 782 ut
1039 763 1086 782 ca-

293 814 352 833 rum
370 813 430 840 qua:
453 812 469 833 a
484 805 649 840 quibusdam
666 804 773 831 crinita:
785 807 929 834 vocantur,
947 803 1010 830 item
1025 810 1086 837 qua:

293 851 389 880 trabis.
412 855 458 878 aut
476 858 537 885 quae
550 850 640 877 barbae
660 849 865 877 similitudinem
884 848 1015 879 ferentes,
1032 848 1086 874 uti-

292 906 346 933 que
363 898 444 924 etiam
461 896 642 932 quarumdam
663 895 779 922 aliarum
801 895 844 923 his
865 894 1007 926 similium,
1026 901 1086 928 quae

1138 299 1307 335 φωνηθέντος
1335 300 1449 336 ἀστέρος
1471 300 1518 326 ἐπὶ
1542 302 1575 336 τῇ
1601 300 1705 335 γενέσει
1729 300 1776 327 τοῦ
1803 302 1930 338 Σωτῆρος

1137 345 1214 381 ἡμῶν
1235 346 1399 382 προφητείᾳ.
1426 345 1566 380 Γίγνονται
1589 346 1639 382 μὲν
1652 344 1698 374 οὗν
1709 347 1757 374 καὶ
1772 347 1815 382 ἐφ’
1830 348 1931 385 ἑτέρων

1136 391 1264 424 ἐπιδόξων
1283 392 1329 418 καὶ
1355 391 1493 426 ἐπιφανῶν
1509 392 1612 428 ἀνδρῶν
1632 392 1787 426 ξενιζόντων
1807 393 1931 429 ἀστέρων

1136 437 1295 472 ἐκλάμψεις,
1310 435 1365 464 οἷον
1377 437 1431 463 τῶν
1439 437 1613 475 καλουμένων
1628 438 1704 473 παρὰ
1719 446 1773 464 τισι
1790 439 1930 474 κομητῶν,

1136 484 1152 518 ἢ
1183 483 1305 515 δοκίδων,
1332 483 1349 519 ἦ
1375 482 1535 518 πωγωνιῶν,
1558 484 1575 518 ἦ
1600 492 1680 510 τινων
1698 483 1800 520 ἑτέρων
1825 484 1932 518 τούτοις

1137 529 1347 563 παραπλησίων,
1372 528 1420 555 ἐπὶ
1452 528 1579 564 μεγάλοις
1609 529 1768 564 πράγμασιν
1797 530 1828 562 ἐξ
1853 530 1931 563 Εθους

1137 575 1371 610 ἀναξαινομένων.
1406 575 1485 601 Ἀλλὰ
1509 575 1535 601 τί
1551 575 1606 610 γὰρ
1622 577 1745 611 κρεῖττον
1756 576 1772 612 ἢ
1785 576 1875 612 μεῖζον
1891 575 1931 612 τῷ

1136 619 1218 645 παντὶ
1235 619 1329 654 κόσμῳ
1352 619 1450 653 γένοιτ’
1465 619 1497 646 ἄν
1519 628 1585 646 ποτε
1597 620 1613 655 ἦ
1625 620 1654 646 τὸ
1666 621 1709 647 διὰ
1727 621 1860 658 σωτηρίου
1875 623 1932 648 ἑπι-

1137 665 1249 699 φανείας
1259 666 1341 692 πᾶσιν
1357 665 1481 701 ὑπάρξαν
1501 665 1655 702 ἀνθρώποις
1666 666 1757 703 νοερὸν
1775 668 1843 702 φῶς,
1853 668 1931 695 εὐσε-

1138 710 1212 742 ‘aia;
1240 711 1288 738 καὶ
1311 711 1476 745 θεογνωσίας
1502 711 1618 747 ἀληθοῦς
1634 713 1784 748 κατάληψιν
1807 713 1930 748 λογικῶς

1136 757 1235 791 ψυχαῖς
1248 756 1424 791 νομιζόμενον
1437 764 1443 788 ;
1465 751 1495 782 οὗ
1515 757 1546 791 δὴ
1562 757 1642 793 χάριν
1656 757 1687 784 τὺ
1700 758 1770 793 μέγα
1786 760 1898 793 σημεῖον
1915 759 1930 785 6

1137 803 1279 837 προφανὴς
1299 802 1393 838 ἐδήλου
1425 802 1522 838 ἀστὴρ,
1546 803 1631 838 μέγαν
1658 805 1705 830 καὶ
1724 803 1783 830 νέον
1799 804 1932 840 φωστῆρα

1137 848 1329 884 ἑπιλάμψαντα
1342 848 1381 884 τῷ
1396 849 1477 875 παντὶ
1503 848 1598 884 κόσμῳ
1616 849 1662 875 τὸν
1674 849 1789 885 Χριστον
1798 849 1845 876 τοῦ
1861 849 1930 876 Θεοῦ

1137 895 1220 921 πᾶσιν
1249 895 1443 930 αἰνιττόμενος.
1466 894 1546 921 Κατὰ
1576 895 1606 921 τὸ
1621 895 1687 922 αὐτὸ
1702 895 1759 931 δὲή
1777 895 1931 931 προφητεία

292 944 398 979 magnis
421 942 628 970 imminentibus
652 941 735 968 rebus
755 941 844 968 solent
868 940 1012 968 exsistere.
1044 940 1078 966 At

1137 939 1279 975 ἄνθρωπον
1299 939 1368 974 ὁμοῦ
1386 939 1433 965 καὶ
1456 939 1558 975 ἀστέρα
1581 939 1704 972 θεσπίζει
1719 940 1752 968 δι’
1769 937 1808 967 ὦν
1827 949 1928 977 φησιν’

294 990 368 1017 enim
384 988 449 1024 quid
470 987 578 1015 tandem
603 993 649 1014 aut
659 986 837 1014 excellentius
857 989 904 1012 aut
926 985 1015 1019 majus
1035 984 1085 1011 toti

292 1035 394 1062 mundo
412 1041 532 1069 unquam
554 1033 710 1068 contigerit,
736 1040 816 1067 quam
832 1032 905 1067 quod
923 1039 971 1066 per
986 1032 1086 1058 saluta-

293 1088 350 1108 rem
368 1080 513 1108 adventum
531 1079 659 1106 omnibus
682 1078 772 1104 illuxit
795 1078 958 1104 mortalibus
985 1077 1086 1104 intelli-

292 1127 389 1160 gentia:
405 1126 507 1158 lumen,
524 1124 597 1160 quod
617 1129 645 1151 et
666 1123 776 1158 pietatis
794 1127 821 1151 et
841 1131 912 1150 vera;
937 1122 1085 1158 agnitionis

292 1171 339 1198 Dei
356 1171 556 1207 perceptionem
573 1170 672 1197 animis
692 1169 873 1197 rationalibus
885 1169 990 1200 attulit,
1003 1169 1085 1203 cujus

291 1216 391 1251 gratia,
404 1216 501 1252 ingens
516 1215 626 1251 signum
642 1214 679 1246 id,
696 1215 730 1242 de
744 1222 800 1250 quo
817 1217 896 1241 antea
913 1214 1016 1241 dictum
1031 1217 1084 1246 est,

292 1261 431 1289 iudicabat
453 1261 541 1293 sidus,
564 1261 629 1289 dum
654 1262 751 1296 ingens
777 1265 803 1288 ct
823 1267 924 1287 novum
950 1260 1086 1287 luminare

292 1308 366 1342 quod
383 1312 472 1334 totum
493 1307 641 1334 illustravit
664 1307 807 1338 mundum,
827 1305 968 1333 Christum
992 1305 1086 1340 utique

292 1354 341 1381 Dei
352 1353 480 1381 omnibus
492 1353 639 1389 significat?
653 1352 756 1380 Eodem
774 1359 838 1379 vero
857 1351 916 1378 loco
931 1351 1084 1386 prophetia,

292 1403 320 1427 et
334 1399 471 1426 hominem
490 1403 517 1426 ct
542 1399 619 1427 sidus
634 1398 755 1426 futurum
779 1397 895 1430 divinat,
912 1397 955 1424 bis
967 1397 1059 1424 verbis
1077 1406 1084 1424 :

295 1452 306 1469 ι
329 1443 475 1470 Exorietur
493 1443 572 1470 stella
585 1450 620 1470 ex
637 1441 734 1475 Jacob,
746 1447 774 1469 et
790 1445 884 1477 surget
901 1442 985 1469 homo
997 1450 1030 1469 ex
1047 1442 1086 1469 ls-

292 1491 360 1524 rael,
377 1500 386 1517 ι
405 1495 499 1526 utpote
517 1498 578 1525 qua
593 1493 620 1518 et
641 1490 754 1517 cmleste
773 1489 909 1516 luminare
920 1488 1006 1516 Deum
1017 1487 1084 1516 Ver-

293 1537 358 1564 bum
371 1545 431 1565 esse
446 1537 592 1573 signiﬁcet,
605 1541 632 1564 et
649 1540 740 1563 tamen
751 1535 876 1563 eumdem
891 1535 1030 1562 hominem
1042 1542 1087 1570 ap-

292 1585 384 1619 pellet.
401 1583 482 1611 Varie
505 1591 587 1620 porro
614 1583 691 1610 illum
711 1582 773 1610 aliis
799 1589 908 1617 quoque
928 1582 956 1609 in
976 1582 1044 1609 locis
1060 1586 1086 1609 et

1139 995 1147 1010 ι
1166 985 1302 1012 Ἀνατελεῐ
1312 985 1410 1021 ἄστρον
1419 985 1449 1017 ἐξ
1462 985 1570 1018 Ἰακὼϐ,
1579 987 1626 1013 καὶ.
1636 987 1818 1022 ἀναστήσεται
1828 987 1931 1024 ἅνθρω-

1136 1040 1186 1064 πος
1207 1031 1236 1065 ἐξ
1263 1031 1389 1068 Ἰσραήλ·
1410 1041 1419 1057 ι
1444 1032 1490 1058 τὸν
1516 1032 1564 1068 μὲν
1592 1033 1716 1068 οὐράνιον
1732 1033 1864 1070 φωστῆρα
1883 1034 1930 1062 τὸν

1136 1077 1200 1104 Θεὸν
1232 1077 1318 1112 Λόγον
1348 1075 1432 1110 εἶναι,
1454 1078 1501 1104 τὸν
1523 1078 1606 1105 αὐτὸν
1620 1079 1648 1104 δὲ
1669 1078 1811 1115 ἄνθρωπον
1831 1081 1932 1116 ὀνομά-

1136 1124 1229 1157 ζουσα.
1248 1124 1389 1160 Διαιρόρως
1407 1125 1436 1152 δὲ
1460 1124 1540 1152 αὐτὸν
1561 1125 1608 1152 καὶ
1631 1126 1659 1151 ὲν
1681 1126 1784 1162 ἑτέροις
1797 1127 1930 1164 ἀνατολὴν

1135 1171 1214 1206 ἐμοῦ,
1229 1172 1276 1198 καὶ
1292 1171 1358 1206 φῶς,
1382 1172 1429 1197 καὶ
1446 1171 1519 1206 ἣλιον
1545 1171 1718 1207 δικαιοσύνης
1732 1172 1875 1205 ἀποκαλεῖ,
1892 1174 1931 1206 ὡς

1136 1218 1164 1243 ἐν
1178 1219 1235 1249 τοίς
1246 1217 1364 1253 πρώτοις
1382 1217 1573 1252 ἀπεδείξαμεν.
1599 1216 1666 1244 Εἶτα
1685 1218 1714 1244 τὸ
1731 1218 1781 1254 μὲν
1794 1218 1930 1255 θειότερον

1137 1262 1228 1295 αὑτοῦ,
1245 1263 1291 1289 {ita
1311 1262 1427 1297 φωτίζον
1450 1262 1541 1290 πάντα
1564 1263 1708 1298 ἄνθρωπον
1728 1264 1874 1300 ἐρχόμενον
1890 1267 1930 1297 εἰς

1136 1310 1180 1336 τον
1195 1309 1307 1344 κόσμον,
1324 1308 1363 1343 τῷ
1374 1309 1423 1344 τῆς
1436 1308 1569 1343 ἀνατολῆς
1580 1309 1734 1344 ὲπεφήμισε
1751 1311 1930 1346 προσρήματι
1949 1319 1952 1322 λ

1137 1356 1240 1391 φήσαςο
1256 1363 1265 1380 ι
1291 1354 1427 1380 Ἀνατελεῖ
1448 1354 1547 1390 ἄστρον
1572 1353 1602 1386 ἐξ
1624 1354 1737 1381 Ἰακώ6’
1757 1365 1766 1380 ι
1781 1355 1826 1382 τὸν
1838 1355 1867 1382 δὲ
1881 1356 1930 1384 ἄν-

1137 1400 1244 1435 θρωπον
1272 1400 1317 1426 διὰ
1341 1400 1371 1426 τὸ
1397 1399 1502 1435 συμϐὰν
1536 1400 1600 1435 περὶ
1623 1400 1705 1427 αὐτὸν
1730 1401 1825 1433 πάθος,
1842 1401 1881 1433 ὼς
1896 1401 1931 1429 ἃν

1137 1446 1311 1478 πεπτωκότα,
1338 1446 1537 1482 ἀναστήσεσθαι
1563 1445 1695 1478 θεσπίζει,
1714 1447 1813 1482 ὁμοίως
1827 1444 1868 1479 οἷς
1882 1447 1930 1474 καὶ

1143 1492 1258 1524 Ἡσαΐας
1283 1493 1347 1529 περὶ
1370 1492 1453 1519 αὑτοῦ
1480 1501 1546 1528 φησι
1559 1500 1566 1508 ·
1585 1502 1595 1518 1
1614 1493 1670 1519 Καὶ
1684 1493 1759 1519 ἔσται
1776 1494 1793 1529 ἡ
1807 1492 1869 1529 ῥίζα
1881 1492 1929 1520 τοῦ

1143 1538 1252 1570 Ἰεσσαὶ,
1271 1539 1318 1565 καὶ
1343 1539 1357 1564 6
1373 1538 1552 1573 ἀνιστάμενος
1575 1537 1669 1573 ἄρχειν
1687 1537 1782 1570 ἐθνῶν,
1799 1538 1842 1564 ἐπ’
1854 1538 1928 1574 αὐτῷ

1137 1583 1200 1619 ἔθνη
1225 1583 1358 1610 ἐλπιοῦσι.
1378 1593 1387 1609 ι
1405 1583 1461 1610 Καὶ
1482 1583 1566 1618 σαφές
1584 1591 1616 1617 γε
1637 1583 1697 1610 τίνα
1711 1583 1811 1618 τρόπον
1824 1583 1854 1610 τὸ
1869 1583 1928 1618 φῶς

292 1635 383 1658 ortum
399 1630 492 1663 simul,
510 1634 537 1657 ct
557 1630 648 1657 lumen
671 1633 698 1656 et
720 1629 804 1656 solem
818 1627 933 1663 justitite
948 1632 1038 1660 vocat,
1054 1632 1084 1655 ut

1136 1629 1181 1656 τοῦ
1197 1629 1323 1665 Σωτῆρος
1350 1629 1427 1664 ἡμῶν
1454 1631 1486 1656 ὲκ
1497 1629 1544 1656 τοῦ
1567 1629 1663 1656 Ἰακὼϐ
1687 1629 1839 1662 ὰνατεῐλαν,
1855 1630 1927 1657 τοῦτ’

292 1680 320 1705 iu
339 1677 478 1712 prioribus
490 1676 569 1704 libris
584 1675 767 1704 ostendimus.
784 1674 919 1702 Caeterum
932 1673 1006 1708 quod
1024 1674 1086 1708 qui-

291 1724 354 1752 dem
371 1725 398 1751 in
415 1724 460 1750 illo
475 1723 596 1751 divinius
613 1726 666 1754 est,
683 1725 813 1756 tanquam
824 1721 851 1748 id
866 1719 938 1756 quod
952 1719 1086 1747 illuminet

292 1777 400 1797 onmem
418 1769 556 1797 hominem
572 1769 725 1796 venientem
752 1768 779 1794 in
794 1768 867 1794 hunc
884 1765 1028 1799 mundum,
1041 1774 1083 1793 or-

293 1822 338 1844 tus
354 1816 489 1843 vocabulo
503 1815 662 1847 celebravit,
680 1815 707 1842 in
723 1814 798 1841 hunc
823 1813 933 1840 modum
953 1822 959 1840 :
978 1821 986 1837 t
1008 1811 1086 1839 Orie-

294 1868 339 1889 tur
349 1862 427 1889 stella
440 1869 473 1888 ex
483 1860 578 1889 Jacob.
590 1870 599 1887 ι
609 1859 751 1887 Hominem
763 1867 829 1887 vero
839 1858 963 1886 eumdem
976 1863 1087 1893 propter

296 1909 468 1936 afllietionem
491 1916 524 1935 ac
551 1911 666 1934 mortem
694 1914 776 1942 quam
805 1905 927 1942 pertulit,
954 1909 1085 1940 tanquam

293 1962 355 1981 eum
369 1954 416 1989 qui
432 1954 580 1984 ceciderat,
598 1958 787 1981 surrecturum
805 1951 920 1983 divinat,
934 1950 1036 1986 quibus
1048 1950 1086 1977 si-

294 2000 367 2026 milia
383 1999 417 2026 de
433 1998 528 2026 eodem
544 1998 629 2026 Isaias
643 1998 717 2026 canit
732 2007 738 2024 :
759 2006 768 2022 ι
786 1996 819 2023 Et
835 1995 888 2023 erit
904 1996 980 2023 radix
997 1994 1084 2027 Jesse,

293 2050 320 2071 rt
339 2045 386 2080 qui
408 2045 497 2079 surgit
518 2049 547 2071 ut
572 2044 687 2079 imperet
710 2042 838 2078 gentibus
856 2049 863 2068 :
881 2041 909 2068 in
934 2048 966 2069 eo
991 2045 1085 2076 gentes

292 2091 482 2126 sperabunt“.
503 2100 513 2116 ι
531 2090 563 2118 Et
577 2090 752 2117 manifestum
767 2089 877 2124 quidem
895 2092 948 2119 est,
966 2095 1086 2122 quonam

293 2137 375 2164 modo
395 2136 547 2164 Salvatoris
562 2136 648 2164 nostri
677 2135 769 2163 lumen
787 2135 822 2162 de
842 2134 927 2162 Jarob
949 2138 1084 2166 exortum,

290 2184 346 2210 'hoc
379 2187 423 2210 est
441 2182 475 2210 de
499 2182 614 2210 Judaico
640 2182 751 2218 populo,
767 2188 822 2209 non
847 2181 899 2216 ipsi
915 2179 1000 2208 Jaeob
1014 2180 1086 2207 umle

293 2229 446 2264 profectum
472 2233 529 2262 est,
562 2229 609 2257 sed
636 2228 765 2256 omnibus
798 2227 926 2263 gentibus
953 2227 1084 2254 illuxerit.

293 2277 350 2304 lloc
363 2284 430 2303 vero
447 2284 509 2303 eum
530 2283 564 2304 ex
580 2275 641 2303 aliis
657 2275 784 2310 plurimis
806 2273 956 2309 prophetiis
980 2273 1086 2300 discere

292 2332 450 2359 possumus,
466 2328 596 2358 tauquam
610 2321 644 2349 ad
656 2322 744 2356 ipsum
758 2321 897 2348 Christum
910 2319 1065 2346 dicentibus
1077 2329 1083 2346 :

294 2381 302 2397 ‹
324 2371 393 2398 Ecre
411 2370 491 2406 posui
508 2375 533 2397 te
548 2370 576 2396 in
593 2368 799 2396 Testamentum
816 2366 936 2402 generis,
951 2366 977 2392 in
994 2366 1085 2394 lumen

289 2417 456 2451 gentium",
472 2425 480 2441 I
496 2422 552 2443 tum
565 2419 646 2442 etiam
655 2422 687 2441 ex
698 2414 785 2448 ipsius
797 2412 905 2439 Balaam
912 2411 1013 2445 verbis,
1026 2419 1086 2447 qua:

290 2465 332 2490 sic
346 2463 448 2490 habent
465 2472 471 2489 ε
491 2471 500 2487 ‹
521 2460 682 2497 Egredietur
696 2460 730 2487 de
745 2459 849 2487 semine
868 2459 928 2493 ejus
949 2458 1041 2490 homo,
1057 2461 1085 2485 et

291 2509 476 2536 dominabitur
492 2508 617 2543 gentibus
635 2506 727 2533 multis
739 2506 771 2531 “.
791 2515 801 2531 ι
820 2505 902 2540 Atqui
917 2504 951 2532 de
965 2511 1083 2539 quonam

292 2555 345 2581 alio
372 2555 477 2582 semine
503 2561 584 2589 quam
603 2553 637 2580 de
655 2552 748 2584 Israel,
775 2555 804 2578 ut
828 2550 907 2577 facile
922 2553 1030 2577 constat
1051 2556 1084 2577 ex

292 2601 381 2636 ipsius
410 2601 543 2628 orationis
569 2598 718 2627 contextu?
744 2597 863 2625 Proinde
885 2597 941 2631 jam
961 2596 1083 2632 gentium

293 2647 434 2674 dominatu
451 2650 564 2682 accepto
589 2645 741 2673 Salvatoris
767 2643 855 2671 nostri
869 2642 1000 2675 Verbum,
1021 2650 1082 2669 cum

293 2693 351 2726 ipsa
365 2692 507 2728 prophetia
521 2691 706 2721 concordans,
727 2698 822 2718 onmes
838 2696 1010 2725 quascunque
1029 2688 1083 2716 illis

293 2738 430 2772 quondam
447 2738 629 2773 imperabant,
643 2737 795 2765 invisibiles
810 2740 837 2763 et
849 2735 1019 2770 perniciosas
1033 2741 1081 2769 po-

295 2787 406 2810 testates
419 2784 529 2814 delevit.
555 2791 662 2811 necnon
678 2783 830 2818 spiritualia
857 2781 966 2808 malitias
991 2784 1082 2807 cater-

1137 1676 1210 1703 ἔστιν
1222 1676 1276 1702 ἀπὸ
1291 1675 1337 1702 τοῦ
1353 1677 1386 1702 ἐκ
1405 1677 1556 1712 περιτομῆς
1568 1676 1644 1708 λαοῦ,
1662 1677 1727 1703 πᾶσι
1744 1678 1799 1708 τοῖς
1814 1676 1930 1709 ἔθνεσιν,

1136 1723 1191 1750 ἀλλ’
1206 1723 1266 1758 οὐχὶ
1277 1722 1317 1758 τῷ
1348 1721 1456 1754 Ἰακὼϐ,
1474 1722 1535 1749 ὅθεν
1559 1723 1605 1749 καὶ
1618 1722 1763 1759 προῆλθεν,
1780 1722 1927 1758 ἐξέλαμψε.

1137 1768 1221 1795 Τοῦτο
1245 1769 1274 1795 δὲ
1294 1769 1342 1795 καὶ
1361 1769 1413 1795 ἀπὸ
1428 1769 1562 1795 πλείστων
1584 1769 1685 1805 ἑτέρων
1704 1769 1833 1805 πάρεστιν
1853 1769 1932 1796 ἐκλα-

1137 1815 1194 1841 ϐεῖν
1211 1815 1392 1850 προφητειῶν,
1403 1815 1440 1846 ὡς
1452 1814 1519 1850 πρὸς
1535 1815 1615 1842 αὐτὸν
1629 1815 1790 1849 φασκουσῶν
1804 1815 1850 1842 τὸν
1865 1815 1932 1850 Χρι-

1138 1861 1212 1887 στόν·
1237 1872 1246 1886 ι
1270 1861 1335 1888 Ἰδοὺ
1364 1861 1475 1888 τέθεικά
1500 1870 1529 1888 σε
1554 1862 1594 1893 εἰς
1612 1861 1749 1898 Διαθήκην
1770 1862 1875 1896 γένους,
1890 1862 1931 1893 εἰς

1138 1907 1195 1942 φῶς
1218 1907 1321 1934 ἐθνῶν
1343 1918 1352 1933 ι
1371 1908 1401 1934 οὐ
1416 1907 1467 1943 μὴν
1491 1907 1558 1934 ἀλλὰ
1575 1908 1621 1934 καὶ
1635 1909 1666 1934 ἐκ
1686 1907 1740 1934 τῶν
1753 1908 1800 1934 τοῦ
1815 1907 1931 1943 Βαλαὰμ

1136 1953 1233 1988 λόγων,
1245 1953 1277 1979 δι’
1294 1950 1331 1980 ὧν
1343 1962 1440 1989 φησιν’
1461 1963 1470 1979 ι
1495 1953 1680 1988 Ἐξελεύσεται
1697 1954 1728 1980 ἐκ
1744 1953 1790 1981 τοῦ
1805 1954 1932 1989 cappa-

1136 2007 1181 2030 τος
1195 1998 1276 2025 αὑτοῦ
1293 1998 1446 2034 ἅνθρωπος,
1461 1997 1508 2024 καὶ
1523 1997 1662 2034 κυριεύσει
1677 1997 1761 2024 ἐθνῶν
1781 1997 1897 2025 πολλῶν.
1917 2007 1929 2024 ι

1137 2042 1214 2074 Τίνος
1228 2043 1256 2068 δὲ
1269 2043 1301 2068 ὲκ
1319 2042 1475 2077 σπέρματος
1488 2043 1504 2077 ἢ
1519 2042 1565 2068 τοῦ
1587 2043 1704 2078 Ἰσραὴλ,
1719 2043 1783 2078 ὡςὴ
1799 2043 1925 2079 σύμφρα-

1138 2096 1178 2119 σις
1194 2087 1366 2123 παρέστησε;
1382 2087 1429 2114 καὶ
1441 2087 1474 2122 δὴ
1489 2087 1636 2122 κυριεύσας
1651 2087 1735 2114 ἐθνῶν
1747 2089 1762 2114 ὁ
1775 2087 1822 2114 τοῦ
1835 2087 1931 2122 Σωτῆ-

1138 2143 1183 2170 ρος
1194 2133 1270 2169 ἡμῶν
1292 2133 1388 2168 Λόγος,
1410 2133 1548 2168 ἀρχούσας
1570 2133 1704 2168 ἀοράτους
1725 2133 1772 2159 καὶ
1790 2132 1931 2169 μοχθηρὰς

1136 2181 1263 2216 δυνάμεις
1275 2180 1393 2212 καθεῖλε,
1402 2181 1448 2208 καὶ
1459 2181 1492 2207 τὰ
1503 2180 1675 2217 πνευματικὰ
1684 2181 1733 2215 τῆς
1745 2181 1889 2217 πονηρίας,
1899 2181 1931 2207 τό

1136 2235 1166 2252 τε
1184 2228 1278 2260 στῖφος
1295 2226 1325 2252 τὸ
1345 2226 1510 2262 δαιμονικὸν,
1532 2226 1670 2262 ἀρχηγοὺς
1689 2226 1787 2259 λίωὰὸ,
1805 2226 1853 2253 καὶ
1863 2226 1930 2262 Σὴθ,

1138 2273 1184 2299 καὶ
1218 2272 1316 2308 Ἐδὼμ,
1337 2272 1384 2298 καὶ
1416 2272 1502 2299 Ἠσαῦ
1528 2271 1729 2308 τροπικώτερον
1742 2273 1771 2299 ὲν
1784 2273 1840 2304 τοῖς
1860 2272 1930 2308 μετὰ

1101 2303 1124 2331 D
1138 2319 1232 2354 χεῖρας
1246 2303 1437 2354 ὠνομασμένα.
1465 2303 1590 2353 Ἀσαεέῶς
1605 2318 1633 2344 δὲ
1650 2303 1776 2353 κεὶμενον
1787 2303 1930 2354 παρέ-τοϊς

1146 2364 1344 2400 Ἑϐδομήκοντα
1372 2364 1412 2396 τὸ,
1434 2374 1443 2389 ε
1463 2363 1547 2396 Δείξω
1559 2363 1645 2399 αὐτῷ,
1663 2364 1709 2390 καὶ
1726 2364 1786 2399 οὐχ).
1796 2363 1854 2395 νῦν,
1873 2372 1927 2399 μα-

1139 2410 1256 2446 καρίζω,
1274 2411 1321 2437 καὶ
1334 2411 1384 2437 οὐκ
1399 2409 1512 2444 ἐγγίζει,
1532 2420 1540 2436 ι
1561 2410 1727 2445 σαφέστερον
1748 2411 1761 2436 6
1777 2410 1826 2445 μὲν
1849 2409 1930 2436 Ἀκύ-

1136 2458 1185 2489 λας
1208 2457 1338 2490 ἐξέδωκεν
1352 2466 1358 2472 ·
1374 2467 1382 2482 ι
1403 2457 1521 2492 Ὄψομαι
1539 2457 1621 2484 αὑτὸν
1635 2475 1643 2488 ,
1669 2457 1716 2483 καὶ
1733 2457 1764 2483 οὐ
1785 2456 1844 2489 νῦν⁹
1862 2464 1931 2492 προ-

1140 2502 1242 2536 σκοπῶ,
1260 2502 1317 2529 ἀλλ’
1333 2503 1382 2529 οὐκ
1395 2502 1476 2537 ἐγγύς
1489 2511 1496 2518 ·
1512 2511 1520 2528 ›
1536 2503 1550 2529 ὁ
1561 2502 1587 2528 δὲ
1601 2502 1748 2538 Σύμμαχος
1758 2502 1930 2538 λευκότερον,

1139 2551 1243 2586 φήσας·
1263 2559 1272 2575 t
1299 2550 1369 2586 Ὀρῶ
1391 2549 1483 2581 αὑτὸν,
1508 2549 1626 2576 ἀλλὀὐκ
1647 2549 1739 2583 ἐγγύς.
1757 2558 1766 2574 ι
1783 2548 1931 2583 Λέγοιτοᾶ

1138 2598 1171 2624 ἂν
1184 2596 1269 2624 ταῦτα
1284 2597 1337 2623 ὑπὸ
1360 2596 1406 2622 τοῦ
1422 2595 1546 2631 Βαλαὰμ,
1559 2595 1596 2627 ὼς
1613 2598 1728 2632 μακροῖς
1741 2595 1854 2632 ὕστερον
1871 2596 1930 2631 μετ’

1138 2643 1218 2670 αὐτὸν
1233 2643 1338 2678 χρόνοις
1363 2640 1515 2677 μελλόντων
1538 2641 1794 2677 ὲπιτελεσθήσεσθαι
1812 2641 1866 2668 τῶν
1881 2641 1931 2677 δη-

1137 2688 1290 2723 λουμένων·
1303 2686 1372 2722 μετὰ
1389 2686 1454 2720 γοῦν
1469 2685 1646 2721 δισχιλιοστὺν
1666 2685 1725 2716 ἔτος
1741 2685 1790 2720 τῆς
1805 2685 1930 2721 προρρή-

1138 2742 1206 2765 σεως
1221 2732 1373 2768 ἐπληροῦτο
1400 2731 1498 2764 ταῦτα,
1521 2731 1569 2757 ἐπὶ
1579 2731 1630 2766 τῆς
1643 2731 1691 2758 τοῦ
1710 2731 1837 2767 Σωτῆρος
1850 2730 1930 2766 ἡμῶν

1136 2781 1176 2811 εἰς
1188 2779 1236 2806 ἀνθ
1241 2778 1348 2814 ρώπους
1358 2777 1436 2812 ἑπιδη
1441 2777 1514 2813 μίας.

294 2838 410 2865 ramque
429 2831 618 2862 dremonicam,
636 2838 697 2865 qure
726 2830 855 2857 ductores
876 2827 965 2860 Moab,
982 2831 1009 2854 et
1032 2826 1109 2858 Setb,
1121 2831 1147 2853 et
1165 2825 1261 2857 Edoni,
1277 2829 1303 2852 et
1322 2824 1401 2859 [‘21
1422 2823 1505 2855 Esau,
1518 2823 1660 2859 ﬁguratius
1676 2824 1703 2850 in
1724 2823 1757 2850 iis
1771 2830 1831 2858 quae
1855 2828 1929 2848 nunc

295 2881 457 2907 tractamus,
481 2877 656 2903 dcmuninata
679 2881 752 2903 Sllltl.
768 2877 836 2903 Cum
855 2880 943 2902 autem
972 2873 1042 2908 apud
1064 2872 1133 2899 LXX
1144 2873 1290 2900 obscurius
1316 2872 1434 2906 positum
1457 2870 1492 2898 sit
1511 2870 1601 2898 illud:
1622 2879 1630 2895 ι
1645 2869 1791 2898 Ostendam
1817 2868 1868 2901 illi,
1879 2868 1928 2896 sed

329 2935 350 2950 "
372 2933 422 2961 lsu.
443 2942 485 2964 xl,
507 2934 548 2961 ll).
588 2935 608 2949 η
630 2934 669 2961 lsa

703 2942 772 2964 uti,
790 2934 817 2962 ὓ.
855 2934 876 2949 ’³
898 2932 976 2959 Num.
996 2940 1076 2961 νυν,
1095 2931 1136 2958 l9.
