2099 3217
1785 179 1842 206 εδει

203 184 258 212 657
643 181 971 210 DEMONSTRATIONIS
988 179 1218 210 EVANGELICE
1246 180 1308 208 LIB.
1331 179 1366 207 IX

205 251 260 270 nun
282 250 366 275 nunc,
387 242 495 270 beatum
514 242 586 274 dico,
604 242 650 270 sed
675 250 730 269 non
752 243 963 278 appropinquat,
988 252 997 268 ι
1012 241 1084 269 idem
1106 240 1173 268 illud
1201 241 1323 276 apertius
1349 238 1445 274 Aquila
1480 238 1583 266 edidit:
1599 247 1608 263 ι
1627 237 1730 264 Videbo
1761 237 1837 264 illum

206 291 256 319 sed
286 299 342 319 non
363 299 450 324 nunc,
468 290 605 326 prospicio
631 291 718 323 illum,
747 291 794 319 sed
819 299 873 319 non
899 299 994 327 prope.
1010 301 1020 317 ι
1040 290 1222 326 Symmachus
1249 294 1352 321 autem,
1381 288 1525 316 candidius
1545 297 1551 314 ε
1574 296 1582 313 ι
1603 286 1698 317 Video.
1727 287 1837 321 inquit,

203 337 291 370 illum,
308 338 356 366 scd
377 346 433 365 non
449 346 543 374 prope.
559 348 568 365 ι
587 338 645 366 Dici
671 347 734 366 vero
754 339 811 366 haec
836 339 964 367 videntur
981 347 995 366 a
1011 337 1132 372 Balaam,
1148 344 1278 373 tanquam
1303 337 1391 373 longis
1415 336 1544 371 deinceps
1567 339 1629 370 post
1652 335 1741 370 ipsum
1766 339 1836 361 tem-

202 384 314 419 poribus
341 384 506 419 perﬁcienda
529 388 621 412 essent
647 393 689 417 ea,
709 394 770 420 qure
797 387 832 413 ab
861 386 922 422 ipso
947 387 1137 414 canebantur:
1154 393 1217 413 nam
1238 384 1346 412 duobus
1373 384 1493 411 millibus
1526 390 1661 410 annorum
1684 385 1746 417 post
1770 382 1836 409 illud

201 433 361 460 vaticinium
375 433 509 467 completa
534 438 597 460 sunt
614 433 682 466 hare,
707 441 761 469 quo
788 434 915 462 videlicet
935 439 1058 470 tempore
1089 434 1216 461 Salvator
1243 437 1338 460 noster
1361 439 1423 459 cum
1450 431 1607 459 hominibus
1628 434 1754 459 versatus
1784 435 1835 457 est.

205 491 277 536 Ἀξιὸ
292 492 346 536 τοῦ
367 493 497 536 Ἠσαίου.
514 509 548 536 ῖ-
571 494 618 536 99
685 495 801 536 Κύριος.
829 495 946 536 ἐπιῖὰς⁸
960 504 975 521 ο

1032 494 1087 526 ,Αὺ
1116 494 1208 521 Esaia.
1237 508 1286 536 .-—'
1302 493 1528 536 QuemadmIqtiurn
1556 492 1837 533 Dominusjnsistens

234 527 400 562 ἀνείληφεν
419 528 453 559 ἐξ
473 529 559 563 ἁγίας
573 527 890 563 Πιιρῦἐνοιῖσώμιιτος,
908 527 992 563 ἥξειν

232 563 277 595 εἰς
289 564 442 597 Αἴγυπτον
458 564 558 597 ῥητῶς
575 573 606 591 τε
626 565 674 591 καὶ
691 566 765 591 κατὰ
778 563 914 592 διάνοιαν
928 566 991 592 ἐθε-

233 597 363 629 σπίζετο,
389 598 473 625 πᾶσά
501 608 532 625 τε
558 599 607 625 ἐπὶ
629 599 684 633 τῆς
714 601 883 633 παρουσίας
899 601 991 628 αὐτοῦ

234 633 499 667 καθαιρεθήσεσθαι
514 633 572 660 τῶν
583 635 678 662 ἐθνῶν
694 635 921 670 δεισιδαιμονία.

235 698 246 715 «
270 687 336 716 ’1δοῦ
355 689 458 726 Κύριος
479 690 596 725 κάθηται
619 691 665 717 ἐπὶ
681 691 796 727 νεφέλης
816 691 930 727 κούφης,
946 692 992 718 καὶ

195 733 255 769 ἥξει
270 735 310 766 εἰς
325 734 463 768 Αἴγυπτον
474 743 480 749 '
498 735 546 761 καὶ
564 735 734 771 σεισοήσεται
757 736 791 763 τὰ
813 737 991 773 χειροποίητα

195 779 333 815 Αἰγύπτου
347 780 400 807 ἀπὺ
417 780 564 816 προσώπου
580 781 673 814 αὐτοῦ,
689 783 735 809 καὶ
753 783 769 818 ἡ
787 783 884 818 καρδία
902 783 991 809 αὐτῶν

194 825 378 862 ὴττηθήσεται
390 828 418 853 ἐν
437 827 537 859 αὺτοῖς.
555 838 564 853 ›
580 828 617 854 Τὸ
629 828 651 855 δ’
669 829 756 855 αἴτιον
769 829 816 856 τοῦ
831 829 876 856 τὸν
887 829 990 864 Κύριον

193 872 270 908 ἥξειν
285 873 325 904 εἰς
336 873 470 910 Αἴγυπτον
488 873 673 907 θεσπίζεσθαι,
686 875 745 902 τόδε
767 875 812 912 μοι
825 874 894 903 εἶναι
906 876 987 902 δοκεῖ.

195 916 302 954 Πρῶτοι
315 920 364 955 μὲν
382 920 490 947 πάντων
504 921 647 954 Αἰγύπτιοι
663 922 712 957 τῆς
725 921 857 949 πολυθέου
871 924 918 950 καὶ
934 923 990 950 δαι-

195 965 309 1001 μονικῆς
330 965 434 1000 πλάνης
460 966 633 1002 ἀπάρξασθαι
653 967 788 1002 λέγονται,
801 970 847 995 καὶ
863 971 919 1001 τοῖς
933 969 988 996 λοι-

193 1012 255 1042 ποῖς
273 1011 355 1038 πᾶσιν
375 1010 529 1047 ἀνθρώποις
544 1012 625 1039 αἴτιοι
646 1015 810 1050 καταστῆναι
826 1015 989 1051 δεισιδαιμο-

193 1055 264 1088 νίας,
279 1056 349 1083 ἀλλὰ
364 1057 412 1084 καὶ
435 1057 543 1085 πάντων
566 1058 665 1093 μᾶλλον
682 1059 746 1096 περὶ
766 1060 815 1092 τὰς
831 1060 989 1097 δαιμονικὰς

193 1102 335 1137 ἐνεργείας
365 1111 395 1129 τε
421 1103 468 1130 καὶ
492 1105 666 1139 περιεργείας
701 1106 885 1141 ὴσχολῆσθαι·
916 1106 988 1135 οὗτοι

191 1147 222 1175 δὲ
250 1148 298 1175 καὶ
327 1148 380 1175 ὑπὸ
404 1149 454 1184 τῆς
481 1149 573 1176 ἐνθέου
604 1151 716 1186 Γραφῆς
735 1152 828 1188 ἐχθροὶ
853 1153 899 1180 τοῦ
923 1154 987 1180 λαοῦ

191 1194 239 1221 τοῦ
273 1194 341 1221 Θεοῦ
367 1195 470 1222 ἄνωθεν
505 1197 551 1223 καὶ
583 1197 613 1229 ἐξ
647 1197 736 1233 ἀρχῆς
768 1199 906 1233 γεγονέναι
937 1209 985 1236 με-

193 1239 396 1276 μαρτύρηνται·
421 1242 469 1268 καὶ
493 1242 507 1269 ὃ
527 1251 558 1276 γε
582 1243 696 1275 παλαιὸς
736 1244 824 1271 αὐτῶν
860 1245 985 1280 βασιλεὺς

190 1285 329 1321 ὁμολογῶν
349 1285 387 1322 μὴ
405 1287 504 1314 εἰδέναι
527 1287 573 1314 τὸν
594 1288 697 1324 Κύριον
708 1289 926 1325 ἀναγέγραπται,
940 1291 984 1317 ὅτε

189 1328 223 1367 δὴ
234 1330 370 1367 ἔφασκεν·
389 1341 399 1358 ι
419 1332 477 1360 Οὐκ
488 1331 546 1359 οἶδα
562 1333 608 1359 τὸν
624 1333 737 1369 Κύριον,
754 1334 858 1361 καὶτὸν
877 1335 984 1371 Ἰσραὴλ

189 1377 240 1406 οὐκ
258 1377 438 1412 ἐξαποστελῶ.
450 1389 459 1404 ι
470 1379 506 1406 Τὸ
519 1379 552 1415 δὴ
569 1378 615 1406 οὖν
631 1379 702 1415 μέγα
716 1380 806 1416 θαῦμα
827 1381 876 1417 τῆς
891 1382 982 1409 ἐνθέου

189 1423 378 1461 τοῦπΧριστοῠ
400 1425 542 1460 δυνάμεως
569 1426 746 1461 παραστῆσαι
779 1426 941 1463 βουλόμενος
969 1429 983 1455 ὁ

189 1469 278 1506 λόγος,
297 1470 420 1503 θεσπίζει
433 1471 480 1498 τοῦ
496 1472 599 1508 Κυρίου
611 1472 660 1508 τὴν
677 1474 716 1504 εἰς
729 1473 865 1508 Αἴγυπτον
882 1474 981 1509 ἄφιξιν,

189 1517 232 1553 ἐφ’
249 1515 266 1555 ᾖ
284 1518 435 1554 μεταϐολὴν
457 1519 488 1545 οὗ
518 1519 568 1555 τὴν
593 1518 728 1554 τυχοῦσαν
751 1520 806 1546 τῶν
830 1521 982 1555 Αἰγυπτίων

189 1562 297 1590 ἔσεσθαι
313 1563 488 1599 προφητεύει,
507 1564 593 1599 λέγων
618 1564 697 1600 ἑξῆς
719 1574 728 1590 ι
755 1566 981 1600 Καὶ”γνώσονται

188 1609 214 1635 οἱ
227 1609 371 1644 Αἰγύπτιοι
389 1610 436 1637 τὸν
454 1610 567 1646 Κύριον,
583 1621 592 1637 ι
609 1612 633 1638 οἱ
642 1612 707 1647 πρὶν
727 1612 764 1647 μὴ
777 1613 877 1645 ειδότες
888 1614 979 1645 αὑτὸν,

191 1662 201 1680 ι
217 1655 265 1681 καὶ
273 1654 394 1687 εὔξονται
405 1655 445 1690 τῷ
456 1655 550 1690 Κυρίῳ
558 1655 666 1691 εὐχὰς,ι
682 1656 727 1682 καὶ
736 1656 771 1682 τὰ
778 1657 881 1689 τούτοις
893 1667 981 1694 παρα-

187 1700 298 1736 πλήσια.
336 1701 476 1737 Ἀνωτέρω
493 1701 542 1736 μὲν
558 1697 604 1728 οὖν
619 1702 648 1727 ἐν
672 1702 711 1737 τῷ
727 1703 781 1737 πρὸ
805 1703 900 1730 τούτου
933 1712 979 1730 κε-

187 1746 294 1782 φαλαίῳ
323 1747 489 1783 κληρονομία
516 1747 563 1774 τοῦ
589 1747 786 1784 θεσπιζομένου
819 1749 908 1784 Ἐδὼμ.
934 1750 979 1776 καὶ

191 1791 279 1820 Ἠσαῦ
291 1793 409 1828 ἐλέγετο,
424 1793 478 1820 τῶν
493 1794 640 1830 ἀλλοτρίων
664 1795 770 1830 Ἰσραὴλ
787 1795 858 1822 οὕτω
880 1805 980 1832 σημαι-

185 1837 325 1873 νομένων*
342 1837 458 1865 ἐνταῦθα
477 1838 505 1865 δὲ
520 1840 536 1875 ἡ
555 1839 700 1873 Αἴγυπτος,
717 1839 780 1871 λαὸς
793 1841 844 1867 οὐκ
858 1841 910 1873 ἔτι,
924 1841 978 1868 τῶν

185 1883 313 1915 εἰδώλων,
326 1883 383 1910 ἀλλ’
397 1884 479 1911 αὑτοῦ
493 1884 540 1911 τοῦ
554 1885 630 1920 παρὰ
643 1886 699 1917 τοῖς
722 1884 856 1917 Ἰουδαίων
873 1888 979 1923 προφή-

184 1937 246 1961 ταις
273 1928 482 1966 θεολογουμένου
512 1931 615 1966 Κυρίου
641 1931 810 1964 θεσπίζεται.
843 1933 930 1969 ’Ἂπερ
953 1935 978 1960 εἰ

185 1975 236 2011 μὲν
263 1976 300 2011 μὴ
323 1975 383 2011 ὄψει
408 1976 608 2012 συντελούμενα
621 1977 773 2013 θεωρεῖται,
788 1979 837 2005 οὐκ
853 1979 926 2006 ἐστιν
941 1981 978 2006 εξ-

184 2022 246 2048 πεῖν
269 2021 318 2058 τὴν
344 2022 540 2058 θεσπιζομένην
566 2024 658 2058 ἄφιξιν
675 2024 722 2051 τοῦ
748 2024 850 2061 Κυρίου
869 2026 909 2057 εἰς
928 2026 977 2061 τὴν

171 2065 321 2102 ΔΑἴγυπτον
342 2068 482 2103 γεγονέναι
493 2077 499 2084 ·
514 2070 538 2095 εἰ
558 2069 585 2096 δὲ
600 2070 670 2106 ὑπὲρ
685 2071 773 2097 πάντα
791 2070 868 2105 λόγον
882 2073 897 2106 ὴ
911 2071 976 2107 ἁλή-

183 2113 244 2141 θεια
253 2116 387 2150 μαρτυρεῖ
399 2116 454 2147 τοῖς
468 2115 620 2151 πράγμασι,
636 2117 682 2143 καὶ
695 2118 752 2148 τοῖς
768 2117 977 2152 ἀγνωμονεστάο

182 2168 239 2192 τοις
251 2160 375 2197 ἐναργῶς
391 2161 525 2188 δείκνυσιν
548 2163 646 2194 αὐτοὺς
666 2164 840 2198 Αἰγυπτίους,
856 2164 905 2199 τῆς
926 2165 976 2199 μὲν

183 2206 213 2239 ὲξ
228 2207 325 2238 αιῶνος
348 2208 588 2242 πατροπαραδότου
609 2208 819 2245 δεισιδαιμονίας
836 2210 975 2245 ἀνακεχω-

184 2253 310 2288 ρηκότας,
322 2253 510 2286 οὶκειωθέντας
523 2254 551 2281 δὲ
563 2255 602 2290 τῷ
614 2255 672 2290 Θεῷ
684 2255 739 2282 τῶν
752 2255 839 2282 ταῦτα
854 2264 974 2292 προανα-

182 2297 364 2332 φωνησάντων
383 2299 540 2334 προφητῶν,
560 2300 607 2326 καὶ
623 2300 716 2327 τοῦτον
736 2301 815 2335 μόνον
836 2300 972 2333 σέϐοντας,

181 2343 229 2370 καὶ
247 2343 338 2370 πάντα
363 2343 478 2371 θάνατον
500 2345 708 2381 ἀσπαζομένους
720 2347 790 2382 ὑπὲρ
806 2346 856 2382 τῆς
871 2348 911 2378 εἰς
925 2347 973 2374 αὐ-

179 2389 226 2416 τὸν
239 2390 393 2422 εὐσεῆείας·
409 2390 468 2426 ὥρα
486 2391 522 2427 μὴ
536 2391 623 2424 ἄλλως
637 2393 723 2420 ταῦτα
739 2393 880 2428 γεγονέναι
907 2402 970 2420 συν-

179 2434 321 2470 ομολογεῖν
334 2435 350 2471 ἦ
362 2435 409 2462 τοῦ
423 2436 524 2472 Κυρίου
538 2437 698 2473 ἐληλυθότος
710 2440 748 2470 εἰς
761 2438 897 2473 Αἴγυπτον
904 2440 970 2466 ἁκο-

179 2479 283 2513 λούθως
348 2483 515 2519 προκειμένῃ
532 2485 693 2520 προρρήσει.
710 2485 788 2512 Ἔστι
800 2486 850 2520 μὲν
865 2484 911 2512 οὖν
924 2487 971 2513 καὶ

1083 530 1150 556 illud
1175 529 1244 564 quod
1269 529 1301 555 de
1324 533 1417 555 sancta
1443 528 1548 563 Virgine
1571 528 1714 562 assumpsit
1731 535 1836 564 corpus,

1080 563 1202 592 venturus
1228 566 1255 591 in
1285 564 1430 598 [Egyptian
1459 569 1482 590 ct
1513 563 1654 590 secundum
1688 563 1782 593 verba.
1799 568 1837 598 ret

1079 600 1220 627 scczunlnm
1230 597 1383 626 sententiam
1395 600 1536 633 pra'aiclua
1544 604 1592 629 est.
1600 599 1734 634 omnisque
1742 599 1769 625 in
1779 597 1836 633 ejus

1080 636 1190 662 adventu
1203 634 1340 662 evertenda
1351 635 1466 669 gentium
1477 635 1637 668 superstitio.

1081 702 1089 718 ι
1104 692 1174 719 Ecce
1194 693 1324 720 Dominus
1340 692 1416 719 sedet
1437 699 1519 726 super
1534 692 1605 719 nube
1623 691 1686 723 levi,
1706 696 1733 719 et
1746 691 1836 719 veniet

1043 738 1070 764 in
1080 737 1226 773 JEgyptum
1239 747 1245 764 ι
1258 741 1284 763 et
1300 736 1547 763 commovebuntur
1558 735 1712 762 manul‘acta
1724 734 1834 770 Egypti

1042 792 1057 811 a
1085 784 1154 812 facie
1180 783 1250 818 ejus,
1277 787 1305 810 et
1319 790 1366 810 cor
1381 789 1477 809 eorum
1497 782 1622 809 vincetur
1638 782 1664 808 in
1682 782 1748 816 ipsis
1765 781 1799 807 “.
1822 791 1831 807 ι

1041 829 1131 858 Causa
1151 837 1235 865 porro
1261 836 1311 857 cur
1326 828 1457 856 Dominus
1478 828 1514 855 ita
1542 828 1568 854 in
1584 827 1731 863 (Egyptum
1749 827 1834 855 desti-

1041 878 1122 902 netur
1136 879 1279 906 venturus,
1304 875 1362 902 hac
1386 873 1452 900 mihi
1475 880 1536 901 esse
1556 873 1673 900 videtur.
1695 873 1776 900 Primi
1797 874 1835 901 si-

1041 921 1149 956 quidem
1163 921 1286 948 omnium
1294 920 1413 956 Aigyptii
1424 919 1512 947 errori
1527 919 1634 947 colendi
1650 920 1750 947 mullos
1766 919 1834 947 deos

1040 975 1073 994 ac
1085 967 1225 994 daemonas
1241 967 1349 994 initium
1369 966 1477 994 dedisse
1501 966 1640 998 dicuntur,
1669 969 1696 993 et.
1721 966 1832 1001 reliquis

1041 1013 1176 1040 universis
1193 1012 1356 1040 mortalibus
1373 1012 1576 1048 superstitionis
1598 1017 1724 1040 auctores
1747 1013 1832 1040 exsti-

1040 1059 1118 1092 tisse,
1131 1059 1197 1095 quiu
1215 1059 1298 1086 etiam
1318 1059 1441 1087 omnium
1457 1060 1572 1087 aliorum
1592 1059 1718 1091 maxime,
1732 1059 1831 1086 daemo-

1040 1105 1110 1132 nicis
1139 1105 1347 1140 operationibus
1374 1109 1400 1133 et
1431 1105 1639 1133 curiositatibus
1665 1105 1828 1132 studuisse:

1039 1151 1120 1178 iidem
1140 1156 1271 1186 prazterea
1289 1151 1411 1186 ab~ipsa
1439 1151 1581 1187 Scriptura
1606 1151 1697 1178 divina
1736 1151 1830 1179 hostes

1039 1197 1132 1232 populi
1153 1197 1198 1225 Dei
1217 1197 1301 1225 fuisse
1315 1197 1501 1232 perhibentur.
1513 1197 1566 1224 Sed
1580 1197 1709 1232 antiquus
1719 1205 1829 1232 quoque

1039 1244 1160 1278 ipsorum
1178 1252 1224 1272 rex
1243 1244 1320 1284 fateri
1345 1252 1374 1271 se
1391 1251 1445 1271 non
1462 1252 1542 1272 nosse
1555 1243 1712 1277 Dominum,
1738 1244 1826 1279 palam

1037 1289 1192 1325 descriptus
1205 1294 1257 1323 cst,
1268 1290 1332 1318 dum
1347 1291 1387 1318 sic
1403 1290 1442 1317 ait
1463 1300 1469 1318 :
1488 1300 1498 1316 ι
1521 1290 1580 1318 Non
1592 1293 1654 1318 novi
1669 1291 1824 1324 Dominum,

1037 1340 1064 1363 et
1089 1335 1172 1364 Israel
1196 1345 1250 1364 non
1274 1337 1396 1364 emittam
1420 1338 1452 1364 ’⁵.
1470 1347 1479 1363 ι
1497 1337 1568 1372 Ergo
1583 1337 1677 1372 ingens
1692 1337 1828 1372 quoddam

1037 1382 1135 1410 divina:
1154 1382 1258 1410 Christi
1279 1384 1388 1411 virtutis
1400 1405 1403 1407 .
1415 1383 1577 1410 miraculum
1601 1383 1730 1410 exhibere
1749 1383 1828 1410 nobis

1036 1429 1131 1456 volens
1150 1428 1308 1464 prophetica
1323 1430 1422 1460 oratio,
1436 1428 1542 1456 Domini
1556 1429 1582 1456 itt
1596 1428 1743 1464 A‘ngptum
1755 1429 1828 1456 canit

1037 1475 1194 1507 adventum,
1203 1475 1344 1511 4228111)
1358 1483 1439 1510 quem
1451 1483 1505 1502 non
1518 1475 1602 1502 levem
1618 1474 1735 1502 futuram
1743 1474 1828 1510 Λίμν-

1035 1522 1156 1556 ptiorum
1173 1522 1364 1553 mutationem,
1378 1521 1482 1548 divinat
1497 1521 1626 1556 deinceps
1643 1521 1683 1549 sic
1705 1521 1798 1549 dicens
1818 1531 1824 1548 :

1037 1577 1048 1594 ‹
1067 1567 1099 1595 Et
1114 1573 1281 1603 cognoscent
1295 1568 1415 1604 [Egyptii
1433 1568 1589 1600 Dominum,
1612 1577 1622 1594 ι
1639 1568 1685 1603 qui
1700 1567 1826 1595 videlicet

1035 1622 1089 1642 non
1113 1615 1315 1649 cognoscebant
1336 1615 1411 1641 illum
1428 1615 1515 1649 prius,
1536 1624 1545 1639 ι
1569 1618 1595 1642 et
1622 1614 1756 1641 vovcbunt
1770 1613 1825 1640 Do-

1034 1661 1108 1688 mino
1124 1665 1185 1689 vota
1198 1661 1232 1693 ",
1250 1671 1259 1687 ι
1277 1665 1303 1688 οι
1323 1669 1384 1696 qua:
1406 1661 1449 1688 his
1465 1661 1565 1688 similia
1589 1664 1751 1695 sequuntur.
1771 1659 1825 1687 Su-

1035 1707 1134 1741 periori
1149 1707 1259 1742 quidem
1282 1707 1408 1742 proximo
1422 1707 1511 1741 capite
1526 1706 1670 1734 liaareditas
1684 1706 1759 1741 ejus,
1776 1707 1823 1741 qui

1034 1756 1165 1780 venturus
1180 1753 1298 1784 canitur,
1316 1753 1400 1780 Edom
1414 1757 1440 1780 et
1456 1752 1527 1780 Esau
1542 1752 1694 1783 dicebatur,
1721 1752 1823 1787 quippe

1032 1805 1094 1825 cum
1109 1798 1188 1825 alieni
1209 1800 1242 1825 ab
1260 1798 1342 1826 lsrael
1358 1805 1391 1825 eo
1415 1799 1495 1826 modo
1517 1799 1737 1834 signiﬁcarentur
1753 1807 1759 1825 :
1778 1798 1823 1825 hic

1033 1852 1096 1871 vero
1119 1849 1146 1871 et
1172 1844 1307 1880 Egyptus
1321 1849 1347 1872 et
1373 1844 1482 1880 JEgypli
1497 1845 1624 1880 populus,
1637 1853 1692 1872 non
1709 1845 1823 1872 simula»

1031 1898 1140 1918 crorum
1159 1891 1277 1925 amplius
1305 1891 1413 1918 futurus
1441 1892 1559 1924 canitur,
1578 1892 1625 1919 sed
1638 1892 1698 1927 ejus
1714 1892 1821 1920 Domlni

1030 1936 1076 1970 qui
1097 1936 1168 1970 apud
1185 1935 1343 1963 Judteorum
1357 1936 1505 1971 prophetas
1519 1944 1568 1972 pro
1583 1936 1636 1965 Deo
1652 1937 1817 1964 celebratur.

1029 1981 1095 2014 Quae
1107 1981 1129 2008 si
1142 1981 1229 2009 oculis
1244 1983 1377 2016 completa
1392 1990 1446 2010 non
1465 1987 1627 2016 cernuntur,
1644 1991 1677 2010 ne
1695 1984 1820 2012 dicamus

1029 2035 1096 2055 sane
1107 2027 1253 2055 adventum
1275 2028 1350 2055 illum
1369 2028 1486 2061 Domini,
1502 2030 1548 2064 qui
1571 2029 1599 2056 in
1616 2029 1762 2065 [Emptum
1777 2030 1820 2057 fu-

1030 2079 1107 2103 turus
1136 2075 1304 2110 prtedicitur,
1337 2075 1421 2103 fuisse
1454 2076 1554 2104 adhuc.
1591 2075 1644 2103 Sed
1677 2077 1700 2104 si
1735 2084 1819 2112 supra

1028 2128 1136 2147 omnem
1163 2121 1306 2153 rationem,
1336 2121 1417 2148 rebus
1445 2121 1523 2148 ﬁdem
1541 2121 1600 2156 ipsa
1618 2122 1719 2149 veritas
1743 2121 1817 2153 facit,

1028 2169 1109 2200 atque
1124 2166 1205 2193 etiam
1226 2167 1382 2194 rudissimis
1401 2171 1428 2193 et
1453 2175 1535 2194 sensu
1558 2168 1632 2194 omni
1660 2168 1818 2196 carentibus

1027 2212 1167 2239 evidenter
1180 2213 1310 2244 ostendit,
1340 2214 1413 2247 ipsos
1432 2212 1576 2248 [Egyptios
1590 2214 1624 2240 ab
1638 2222 1669 2241 ea
1683 2215 1817 2249 supersti-

1027 2259 1100 2285 tione
1120 2259 1279 2290 recessisse,
1298 2267 1379 2293 quam
1395 2267 1482 2294 usque
1501 2260 1535 2287 ab
1556 2260 1636 2288 initio
1658 2267 1672 2287 a
1691 2261 1816 2296 patribus

1027 2305 1085 2331 suis
1113 2309 1292 2340 acceperant,
1324 2306 1419 2341 illique
1447 2306 1502 2334 Deo
1533 2306 1691 2338 adhaesisse,
1720 2307 1766 2342 qui
1801 2314 1817 2335 ιι

1026 2349 1167 2385 prophetis
1183 2351 1240 2378 haec
1255 2351 1313 2385 ipsa
1328 2351 1514 2379 divinantibus
1529 2352 1715 2384 rolebatur,et
1731 2360 1816 2379 unum

1025 2395 1098 2422 hunc
1114 2396 1222 2424 interim
1237 2398 1337 2429 colere,
1352 2405 1439 2432 neque
1457 2398 1539 2425 ullam
1557 2403 1670 2426 mortem
1687 2406 1815 2426 recusare

1025 2450 1075 2478 pro
1092 2443 1166 2470 cultu
1193 2447 1220 2471 et
1240 2445 1340 2478 pietate
1368 2453 1431 2480 erga
1448 2445 1543 2472 illum:
1567 2445 1633 2480 quid
1659 2445 1734 2473 aliud
1758 2445 1813 2481 jam

1026 2493 1161 2523 superest,
1175 2490 1230 2517 nisi
1257 2494 1285 2517 ut
1313 2490 1448 2519 fateamur
1472 2499 1525 2518 non
1544 2492 1622 2519 aliter
1649 2491 1700 2519 ista
1725 2493 1815 2519 conti-

179 2525 267 2558 ἆλλως
279 2526 325 2553 τὸν
338 2527 417 2562 λόγον
430 2529 595 2557 αἰνίττεσθαι
611 2531 751 2566 τροπικῶς
764 2531 810 2558 τὸν
831 2531 970 2568 περίγειον

1032 2534 1106 2569 tisse,
1126 2542 1206 2570 quam
1224 2543 1272 2570 per
1294 2535 1402 2564 Domini
1430 2537 1457 2563 in
1484 2535 1630 2571 [Egyptum
1654 2537 1812 2568 adventum.

179 2571 292 2608 κόσμον,
312 2574 352 2606 εἰς
373 2574 402 2600 ὃν
423 2575 436 2600 ὁ
459 2575 537 2609 λόγος
559 2577 725 2612 προφητεύει
740 2577 786 2604 τὸν
802 2577 904 2613 Κύριον
926 2579 972 2606 ἐπὶ

179 2619 295 2655 νεφέλης
317 2620 422 2656 κούφης
444 2621 530 2656 ⁴ἥξειν,
553 2622 626 2649 οὕτω
650 2623 694 2650 τὸν
715 2625 747 2650 ἐκ
770 2623 910 2659 Παρθένου
925 2625 972 2651 καὶ

177 2663 338 2701 Πνεύματος
356 2667 434 2701 ἁγίου
454 2667 589 2703 ληφθέντα
601 2669 675 2704 αὐτῷ
694 2670 837 2706 ἄνθρωπον
856 2670 972 2698 αἰνιττό-

179 2717 258 2745 μενος
269 2718 276 2728 '
291 2712 467 2748 χειροποίητα
480 2713 507 2740 δὲ
520 2714 658 2748 Αἰγύπτου
669 2715 859 2751 σεισθήσεσθαι
870 2715 904 2743 τὰ
914 2716 968 2743 τῶν

175 2755 262 2784 ἐθνῶν
285 2756 378 2790 ξόανα,
393 2760 439 2786 καὶ
462 2760 527 2792 τοὺς
551 2761 579 2787 ὲν
600 2761 691 2793 αὐτοῖς
712 2761 853 2797 δαίμονας,
876 2762 914 2795 ὡς
933 2761 967 2790 αὖ

176 2802 258 2829 πάλιν
283 2804 450 2838 Αἰγυπτιους
476 2806 650 2842 ἡττωμένους
675 2807 779 2841 πάντας
803 2809 866 2841 τοὺς
885 2809 968 2838 πάλαι

174 2847 308 2884 πρότερον
342 2851 406 2886 περὶ
438 2851 487 2888 τὴν
523 2852 744 2890 εἶδωλολατρῑέαν
772 2855 969 2891 ἐπτοημένους.

210 2926 232 2942 ’⁵
252 2926 304 2955 lsa.
322 2936 386 2962 xu,
408 2930 431 2957 l.
473 2931 495 2947 "
515 2931 600 2959 Exod.
618 2940 650 2965 ν,
668 2933 691 2959 2.
732 2934 753 2949 “‘
775 2933 841 2961 ibid.
858 2934 902 2961 21.

1024 2580 1096 2607 sicut
1111 2581 1271 2608 vaticinium
1288 2582 1412 2617 proxime
1438 2583 1593 2618 expositum
1622 2582 1815 2618 signiﬁcabat?

1024 2625 1056 2652 Et
1068 2626 1135 2652 nihil
1145 2627 1254 2661 quidem
1267 2627 1380 2663 impedit
1391 2628 1470 2655 aliter
1480 2637 1589 2664 quoque
1603 2629 1674 2656 idem
1689 2630 1814 2664 accipere

1021 2671 1174 2703 oraculum,
1184 2677 1213 2699 ut
1227 2672 1354 2701 videlicet
1369 2673 1482 2707 ﬁgurate
1495 2677 1633 2701 terrenum
1649 2674 1721 2701 hunc
1736 2682 1814 2701 mun-

1021 2717 1085 2744 dum
1099 2718 1235 2753 signiﬁcet
1249 2728 1256 2746 :
1268 2719 1296 2746 in
1308 2727 1389 2754 quem
1400 2719 1481 2746 verba
1502 2720 1561 2755 ipsa
1572 2719 1717 2748 Dominum
1730 2728 1813 2756 super

1022 2764 1094 2791 nube
1105 2764 1156 2792 levi
1172 2770 1316 2793 venturum
1333 2766 1515 2793 vaticincntur
1531 2775 1538 2793 ε
1555 2766 1656 2801 quippe
1679 2774 1741 2802 qua:
1759 2765 1812 2793 hoc

1023 2810 1104 2838 modo
1117 2807 1254 2840 hominem
1272 2813 1306 2839 ab
1321 2812 1368 2839 illo
1385 2813 1418 2840 de
1436 2812 1547 2848 Virgine
1560 2817 1588 2840 et
1603 2813 1705 2849 Spiritu
1716 2818 1811 2841 sancto

1024 2862 1206 2894 assumptum,
1233 2858 1346 2895 intelligi
1380 2859 1473 2888 velint.
1505 2859 1585 2888 Manu
1620 2864 1710 2888 autem
1738 2859 1810 2886 facta
