2099 3217
299 195 354 227 659

619 191 754 221 EL‘SEBII
770 189 1010 219 CACSARIENSIS
1029 189 1105 217 ΟΡΡ.
1127 188 1226 216 PARS.
1247 187 1324 215 11.-
1342 185 1592 214 APOLOGETICA.

1877 182 1930 210 660

299 252 410 289 Δίεςμί
427 253 633 283 commovenda,
659 251 717 286 ipsa
734 250 854 286 gentium
881 248 1028 276 simulacra
1039 267 1047 279 ,
1061 251 1082 274 et

1139 246 1213 281 Πλὴν
1229 245 1296 272 ἀλλὰ
1307 244 1353 272 καὶ
1369 244 1532 279 σωματικῶς
1543 243 1588 270 τοῦ
1607 243 1733 279 Σωτῆρος
1749 243 1827 279 ἡμῶν
1842 244 1922 270 ὲπεισ

299 299 328 326 in
346 299 398 325 illis
412 298 565 326 habitantes
577 297 725 328 datmonas,
744 296 814 323 sicut
828 302 925 322 rursus
943 293 1085 329 Egyptios

298 345 397 376 victos,
415 352 511 372 omnes
536 343 674 379 prioribus
689 343 752 370 olim
770 341 939 376 temporibus
963 339 1086 366 colendis

299 389 454 417 simulacris
469 388 602 416 addictos.
622 388 747 414 Attamen
763 395 824 414 cmn
851 386 932 414 etiam
950 386 1008 420 ipso
1024 392 1087 412 cor-

298 443 364 470 pore
380 433 506 462 Salvator
520 438 613 461 noster
636 435 663 461 in
691 438 792 460 terram
809 431 965 468 Egyptian)
990 435 1085 459 vectus

298 481 343 510 sit.
358 488 413 515 quo
426 484 548 516 tempore
561 480 674 507 oraculo
692 479 811 506 monitus
836 478 936 513 Joscph
954 477 1084 508 surrexit,

297 526 465 562 Mariamque
480 535 532 554 una
556 534 617 553 cum
644 527 758 561 puerulo
777 525 897 560 accepit',
916 529 943 551 et
957 531 1018 550 cum
1035 531 1084 550 oc-

297 573 370 600 culta
394 581 443 600 sua
456 573 557 600 virtute
571 577 652 607 atque
666 571 783 599 eﬂicacia
809 571 836 598 in
854 570 999 606 Egyptum
1024 576 1086 604 per-

296 619 381 650 venit,
408 619 542 654 malignas
568 618 605 646 ibi
635 617 711 652 prius
739 617 896 644 habitantes
925 618 1084 650 potestates,

295 673 350 692 non
362 665 535 692 mediocriter
548 668 699 692 commotas
709 663 793 690 fuisse
806 670 855 697 par
866 665 952 692 est,et
967 661 1086 687 maxime

295 720 357 739 cun
383 716 477 746 postea
506 719 553 746 per
581 711 654 738 illius
685 709 838 737 doctrinam
868 706 1084 735 innumerabiles

295 765 401 789 eorum,
418 757 464 793 qui
486 757 633 792 Aigyplum
651 756 774 784 incolunt
799 758 967 785 conventus,
991 753 1025 781 ab
1040 761 1085 779 er-

296 811 358 831 rore
375 811 407 830 ac
426 803 522 831 fraude
543 803 697 830 daemonum
718 801 896 831 recedentes.
914 800 996 827 etiam
1011 807 1084 826 nunc

1140 292 1314 329 κομισθέντος
1350 293 1381 327 τῇ
1407 291 1563 326 Αὲγυπτίων
1592 290 1679 326 χώρᾳ,
1702 291 1757 322 ὅτε,
1781 290 1851 317 κατὰ
1883 290 1930 316 τὸν

1139 339 1272 375 χρησμὸν,
1293 337 1410 369 ἀναστὰς
1432 339 1447 364 ὁ
1472 337 1569 372 Ἰωσὴφ
1593 336 1729 372 παρέλαϐε
1744 335 1792 371 τὴν
1813 336 1931 372 Μαριὰμ

1139 387 1187 412 καὶ
1203 385 1233 412 τὸ
1253 384 1369 415 παιδίον,
1386 384 1433 411 καὶ
1455 382 1537 419 ἦλθεν
1560 384 1600 415 εἰς
1619 383 1766 417 Αἴγυπτον,
1781 383 1930 418 ἀπορῥήτῳ

1137 432 1250 468 δυνάμει
1278 431 1326 458 καὶ
1349 430 1473 466 ἐνεργείᾳ
1495 430 1544 461 τὰς
1556 428 1650 456 αὐτόθι
1671 428 1701 455 τὸ
1723 428 1787 464 πρὶν
1803 428 1931 461 οἰκούσας

1138 478 1259 512 πονηρὰς
1280 477 1409 513 δυνάμεις
1427 477 1500 508 εἰκὸς
1521 476 1552 502 οὑ
1569 475 1675 511 μικρῶς
1693 475 1864 510 κεκινῆσθαι,
1882 474 1932 501 καὶ

1137 524 1254 559 μάλιστα
1281 524 1325 550 ὅτε
1341 523 1448 558 Bait-J1;
1475 523 1621 558 μετέπειτα
1644 520 1817 551 διδασκαλίας
1845 518 1929 547 αξιτοῦ

1138 569 1221 605 μυρία
1239 569 1328 604 πλήθη
1342 569 1396 595 τῶν
1421 569 1469 604 τὴν
1488 568 1624 602 Αἴγυπτον
1639 567 1795 596 οἰκούντων.
1811 566 1861 601 τῆς
1875 565 1929 592 τῶν

1135 616 1270 651 δαιμόνων
1297 616 1470 649 ἁποῳυγόντα
1496 615 1666 650 πλανήσεως,
1683 614 1723 640 ἔτι
1746 614 1793 640 καὶ
1815 613 1862 639 νῦν
1882 613 1929 639 τδν

1136 661 1191 687 τῶν
1202 661 1270 687 ὅλων
1291 661 1417 696 ὁμολογεῖ
1434 660 1513 695 μόνον
1536 660 1633 686 εἰδέναι
1647 659 1723 686 Θεόν.
1738 659 1778 685 Τὰ
1794 659 1816 685 δ’
1831 659 1859 684 ὲν
1873 659 1931 689 τοῖς

1138 707 1201 741 ἑξῆς
1225 708 1415 743 ἐπιλεγόμενα,
1442 706 1628 742 αἰνιγματώδη
1655 707 1730 737 ὄντα,
1753 705 1873 737 πλείονός
1897 714 1928 731 τε

1136 753 1251 789 δεόμενα
1278 754 1479 790 πραγματείας,
1500 754 1544 780 ἐπ’
1556 753 1659 785 οἰκείας
1675 753 1770 788 σχολῆς
1794 752 1929 788 ἑρμηνεύ-

1139 808 1230 836 σομεν.

296 856 380 876 υιιυηι
397 849 516 876 universi
533 848 616 876 Deum
640 857 669 876 se
688 856 770 876 nosse
786 845 1032 881 fateantur.jﬁ.23
1056 845 1122 878 Quae
1141 854 1206 874 vero
1235 847 1365 883 deinceps
1388 852 1549 884 sequuntur,
1571 855 1633 875 cum
1655 845 1864 875 obscurioribus
1896 842 1930 870 ﬁ-

295 895 372 929 guris
392 895 521 929 implicita
534 895 598 928 sint,
619 903 745 930 curreque
763 902 795 921 ac
818 894 964 929 diligentia:
994 892 1108 927 majoris
1128 893 1278 929 indigeant,
1309 894 1378 923 alias
1400 903 1542 927 seorsum,
1568 902 1630 922 cum
1651 902 1698 930 per
1716 894 1801 921 otium
1824 892 1927 927 licebit,

295 941 546 975 interpretabimur.

296 1010 316 1036 A
339 1009 475 1037 Numeris.
497 1025 533 1030 —
555 1010 783 1042 Quemadmodum
807 1010 930 1038 Christus
952 1009 979 1036 in
999 1007 1082 1043 {Egy-

1144 1008 1213 1035 ’Λπὸ
1232 1008 1290 1036 τῶν
1312 1009 1503 1044 Ἀριθμῶν.-
1516 1009 1564 1042 ’.Ως
1585 1011 1601 1036 ὁ
1626 1008 1752 1043 Χριστύς
1774 1009 1818 1041 εἰς
1839 1008 1929 1043 Αἴγυ-

329 1052 404 1115 y/Jmm
418 1049 554 1078 venturus,
574 1051 652 1080 atque
673 1046 747 1073 illinc
768 1054 920 1073 reversurus
942 1044 1086 1080 prwdictus

344 1082 422 1108 uerit.

344 1082 422 1108 uerit.

335 1146 344 1163 ι
361 1137 435 1165 Dixit
451 1137 561 1164 Balaam
586 1138 657 1165 tilias
673 1138 742 1166 Beor
760 1147 766 1165 :
784 1138 852 1166 dixit
867 1138 948 1166 homo
964 1137 1009 1173 qui
1024 1144 1087 1165 vere

294 1184 380 1216 videt,
397 1183 466 1210 dixit
488 1184 535 1218 qui
551 1184 627 1211 audit
640 1184 752 1212 oracula
771 1184 859 1216 fortis,
883 1184 930 1219 qui
952 1183 1085 1211 visionem

295 1229 343 1257 Dei
377 1229 463 1262 vidit,
492 1230 519 1257 in
549 1238 645 1258 somno
679 1231 766 1266 aperti
792 1231 863 1258 oculi
896 1231 973 1265 ejus.
1003 1237 1084 1265 quam

295 1276 416 1311 pulchra:
427 1277 525 1304 domus
542 1281 594 1304 tuae
605 1276 708 1310 Jacob,
725 1278 899 1305 tabernacula
921 1281 967 1304 tua
989 1276 1084 1308 Israel,

296 1325 326 1348 ut
341 1322 427 1350 saltus
438 1322 571 1355 umbrosi,
585 1327 612 1350 et
625 1324 706 1358 quasi
722 1324 817 1351 hortus
832 1324 912 1358 juxta
923 1323 1045 1355 ﬂumina,
1059 1326 1086 1350 ct

295 1369 375 1402 quasi
393 1368 567 1396 tabernacula
582 1377 643 1404 qua:
664 1369 721 1396 ﬁxit
737 1369 879 1402 Dominus,
892 1370 971 1404 quasi
985 1369 1085 1396 cedrus

293 1414 371 1448 juxta
388 1421 484 1449 aquas.
500 1414 662 1450 Egredietur
682 1416 764 1443 homo
789 1417 823 1444 de
847 1417 951 1444 semine
974 1417 1086 1451 ejus,et

295 1459 482 1487 dominabitur
506 1461 633 1495 gentibus
663 1462 773 1495 multis,
801 1466 829 1489 et
851 1463 1000 1490 extolletur
1027 1461 1085 1498 (ὶοε

294 1514 420 1541 regnum,
447 1510 474 1535 et
497 1508 640 1543 augebitur
663 1517 776 1544 regnum
801 1509 872 1544 ejus.
907 1508 979 1538 Deus
1006 1509 1085 1537 duxit

294 1552 374 1580 illum
397 1561 430 1580 ex
456 1552 584 1589 Egypto.
612 1555 690 1589 quasi
719 1555 805 1590 gloria
822 1555 1005 1583 rhinocerotis
1033 1556 1082 1584 illi.

299 1597 447 1626 Devorabit
460 1603 554 1634 gentes
567 1599 742 1627 inimicorum
759 1607 883 1634 suorum,
907 1605 934 1628 et
951 1602 1085 1629 crassitu-

293 1644 373 1672 dines
387 1652 482 1672 eorum
495 1646 659 1678 attenuabit,
675 1649 702 1674 et
725 1647 826 1680 jaculis
849 1647 908 1675 suis
925 1647 1003 1676 feriet
1027 1649 1082 1676 ini-

1172 1053 1249 1071 πῖον
1270 1044 1366 1078 ἥξειν,
1395 1044 1533 1072 κάκεῖθεν
1553 1044 1810 1071 ἐπανελεύσεσθαι
1826 1044 1927 1078 προεί-

1167 1089 1252 1114 ρητο.

1172 1149 1186 1162 α
1202 1139 1270 1173 Φησὶ
1294 1138 1408 1173 Βαλαὰμ
1433 1137 1489 1169 υἱὸς
1505 1137 1594 1172 Βεὼρ’
1619 1136 1699 1171 φησὶν
1721 1136 1735 1162 ὁ
1751 1135 1894 1171 ἄνθρωπος
1914 1135 1929 1161 ὀ

1136 1183 1271 1219 ἀληθινῶς
1294 1183 1374 1219 ὁρῶν,
1394 1184 1476 1218 φησιν
1495 1183 1601 1209 ἀκούων
1623 1182 1699 1216 λόγια
1719 1181 1840 1216 ἰσχυροῦ,
1853 1181 1928 1212 ὅστις

1136 1231 1230 1266 ὅρασιν
1258 1230 1326 1256 Θεοῦ
1352 1229 1437 1262 εἶδεν,
1461 1231 1489 1256 ὲν
1519 1230 1594 1262 ὕπνῳ
1618 1227 1876 1262 ἀποκεκαλυμμένοι
1901 1227 1927 1253 οἱ

1136 1277 1269 1312 ὀφθαλμοὶ
1295 1277 1388 1309 αὑτοῦ,
1409 1277 1447 1308 ὡς
1471 1276 1547 1303 καλοὶ
1562 1277 1586 1302 οἱ
1609 1273 1678 1302 οἶκοί
1693 1284 1750 1307 σου,
1772 1273 1880 1306 Ἰακὼϐ,
1897 1274 1926 1300 αἶ

1137 1324 1234 1359 σκηναί
1258 1332 1315 1355 σου,
1340 1323 1458 1360 Ἰσραὴλ,
1481 1323 1547 1349 ὡσεὶ
1571 1322 1655 1349 νάπαι
1684 1320 1855 1354 σκιάζουσαι,
1879 1321 1927 1348 καὶ

1135 1371 1173 1402 ὡς
1197 1370 1360 1405 παράδεισος
1389 1371 1435 1396 ἐπὶ
1461 1369 1602 1405 ποταμῶν,
1617 1369 1663 1396 καὶ
1680 1368 1746 1395 ὡσεὶ
1772 1368 1879 1403 σκηναὶ,
1894 1366 1928 1399 ἃς

1135 1416 1219 1452 ἔπηξε
1237 1417 1348 1453 Κύριος,
1361 1417 1426 1443 ὡσεὶ
1438 1417 1527 1453 κέδροι
1545 1417 1609 1452 παρ’
1627 1415 1720 1443 ὕδατα.
1743 1414 1927 1447 Ἐξελεύσεται

1135 1463 1278 1498 ἄνθρωπος
1306 1464 1338 1490 ὲκ
1363 1462 1410 1489 τοῦ
1435 1462 1591 1498 σπέρματος
1606 1461 1702 1494 αὑτοῦ,
1720 1462 1767 1490 καί
1787 1461 1927 1496 κυριεύσει

1135 1509 1219 1536 ἐθνῶν
1236 1509 1353 1542 πολλῶν,
1370 1509 1416 1536 καὶ
1439 1509 1612 1544 ὑψωθήσεται
1627 1509 1644 1544 ή
1659 1507 1719 1543 Γὼγ
1737 1507 1869 1543 βασιλεία,
1879 1507 1928 1534 καὶ

1134 1556 1317 1592 αὐξηθήσεται
1331 1557 1348 1591 ἡ
1366 1556 1488 1591 βασιλεία
1509 1555 1602 1582 αὐτοῦ.
1619 1555 1686 1587 Θεὸς
1712 1555 1852 1590 ὡδήγησεν
1878 1554 1928 1580 αὺ-

1133 1603 1179 1630 τὺν
1196 1603 1226 1635 ἐξ
1242 1602 1390 1637 Αἰγύπτου,
1406 1602 1444 1634 ὡς
1458 1602 1522 1635 δόξα
1541 1601 1725 1637 μονοκὲρωτος
1749 1600 1834 1635 αὐτῷ.
1849 1599 1928 1626 Ἐδε‹

1133 1658 1178 1676 ται
1195 1649 1257 1684 ἔθνη
1275 1648 1380 1684 ἐχθρῶν
1396 1648 1489 1680 αὑτοῦ,
1509 1648 1555 1674 καὶ
1573 1647 1607 1674 τὰ
1628 1647 1703 1682 πάχη
1728 1646 1818 1673 αὐτῶν
1840 1647 1926 1682 ἐκμυ-

294 1690 407 1718 micum.
421 1690 566 1720 Accubans
580 1692 683 1727 quievit
695 1695 724 1719 ut
736 1693 788 1724 leo,
801 1696 827 1720 et
841 1696 871 1720 ut
887 1694 1005 1726 catulus,
1022 1694 1082 1729 quis

1136 1695 1197 1726 λιεί,
1214 1695 1261 1721 καὶ
1284 1695 1344 1726 ταῖς
1370 1693 1470 1729 βολίσιν
1486 1692 1569 1721 αὐτοῦ
1599 1692 1792 1725 κατατοξεὺσει
1817 1691 1926 1727 ἐχθρόν.

293 1735 425 1764 excitabit
450 1737 547 1764 illum?
567 1738 612 1773 qui
636 1737 799 1766 benedicunt
824 1738 885 1770 tibi,
912 1739 979 1774 ipsis
1000 1739 1083 1767 bene-

293 1781 396 1809 dictum
407 1786 461 1814 est,
473 1787 498 1811 ct
513 1783 559 1818 qui
571 1784 738 1812 maledicunt
753 1785 810 1819 tibi,
827 1785 894 1820 ipsis
909 1786 1082 1813 maledictum

293 1831 336 1855 est
354 1829 387 1855 "’.
399 1838 408 1854 ›
421 1828 554 1864 Superius
571 1838 620 1865 per
632 1838 692 1858 eam
705 1831 875 1866 prophetiam
890 1839 949 1867 quae
960 1832 1083 1867 proxime

293 1877 418 1911 exposita
443 1880 497 1907 est.
524 1877 588 1904 dum
613 1877 766 1909 oraculum,
781 1882 927 1905 venturum
952 1879 980 1905 in
997 1878 1084 1914 Egy-

293 1926 370 1957 ptum
399 1921 544 1949 Dominum
568 1921 699 1954 aﬂirmat,
727 1918 877 1951 Salvatoris
905 1924 992 1951 nostri
1017 1923 1082 1951 Jesu

293 1968 394 1995 Chriin
421 1967 611 2004 migrationem
636 1977 689 1996 una
704 1977 765 1996 cum
789 1970 946 2004 parentibus
973 1970 1030 1997 suis
1055 1970 1082 1997 in

293 2012 442 2049 {Egyptum
471 2014 508 2041 illi
528 2014 581 2049 ipsi
612 2014 730 2042 futuram
753 2015 901 2043 indicabat.
920 2015 969 2043 Hic
991 2021 1081 2044 autem

292 2059 411 2086 reditum
427 2059 462 2087 ab
473 2059 600 2095 Egypto,
614 2065 643 2088 ut
655 2060 722 2088 ordo
732 2062 862 2096 postulat,
877 2070 931 2096 quo
944 2061 971 2089 in
982 2066 1081 2089 terram

293 2104 377 2133 Israel
392 2113 446 2132 una
462 2113 526 2133 cum
558 2106 717 2140 parentibus
729 2115 857 2136 reversus
870 2112 923 2138 est.
940 2108 1014 2135 canit
1039 2107 1082 2136 his

292 2152 403 2180 verbis:
425 2162 434 2178 ‹
451 2151 522 2180 Deus
535 2152 612 2180 duxit
624 2153 698 2180 illum
713 2154 747 2181 ab
762 2154 890 2190 Egypto.
913 2165 921 2181 ι
939 2155 1020 2183 Solus
1034 2163 1082 2182 au-

292 2200 347 2224 tem
362 2197 466 2225 exstitit
487 2197 612 2226 Salvator
629 2203 656 2227 et
674 2198 804 2228 Dominus
822 2207 914 2228 noster
929 2200 1019 2232 Jesns,
1035 2201 1082 2235 qui

291 2242 420 2271 Christus
438 2248 480 2271 est
495 2243 552 2276 Dei,
571 2252 661 2280 neque
681 2246 751 2274 alius
768 2250 909 2281 prmterea
922 2247 1080 2282 quisquam.

290 2298 324 2319 ex
347 2292 451 2319 semine
468 2292 561 2325 Israel,
579 2297 606 2319 ct
629 2291 742 2320 Judaica
758 2298 837 2328 gente
854 2295 1010 2329 protectus,
1035 2296 1081 2330 qui

1135 1739 1318 1771 Κατακλιθεὶς
1339 1739 1512 1767 ἀνεπαύσατο
1531 1739 1569 1771 ὡς
1581 1738 1658 1770 λέων,
1674 1740 1722 1766 καὶ
1736 1739 1773 1770 ὼς
1789 1737 1926 1773 σκύμνος·

1134 1788 1176 1819 τίς
1193 1788 1284 1823 ἐγερεῖ
1307 1786 1406 1820 αὑτόν;
1421 1788 1445 1813 οί
1459 1786 1633 1821 εὐλογοῦντες
1645 1795 1673 1812 σε
1691 1785 1860 1821 εὐλόγηνται,
1878 1785 1926 1812 καὶ

1134 1835 1159 1861 οἱ
1174 1832 1363 1869 καταρώμενοι
1378 1841 1408 1860 σε
1426 1834 1635 1868 κεκατήρανται.
1652 1841 1661 1858 ι
1672 1831 1813 1866 Ἀνωτὲρω
1824 1830 1869 1857 διὰ
1876 1830 1927 1865 τῆς

1135 1881 1359 1917 προτεταγμένης
1385 1879 1552 1916 προφητείας
1580 1879 1669 1914 φήσας
1695 1879 1710 1905 ὁ
1732 1877 1855 1914 χρησμὸς
1879 1877 1926 1904 τὸν

1134 1928 1236 1964 Κύριον
1250 1928 1325 1963 ἥξειν
1342 1928 1383 1958 εἰς
1402 1927 1549 1960 Αἴγυπτον,
1566 1925 1660 1960 ἐδήλου
1675 1924 1723 1959 τὴν
1735 1923 1781 1950 τοῦ
1800 1923 1926 1958 Σωτῆρος

1135 1975 1213 2010 ἡμῶν
1236 1974 1324 2009 Ἰησοῦ
1342 1972 1460 2009 Χριστοῦ
1476 1971 1646 2008 διακυμιδὴν,
1660 1971 1709 2006 τὴν
1729 1970 1787 2006 ἅμα
1809 1971 1865 2002 τοῖς
1881 1977 1926 2004 γοο

1134 2021 1226 2048 νεῦσιν
1249 2021 1289 2051 εἰς
1303 2020 1441 2054 Αἴγυπτον
1463 2019 1536 2054 αὐτῷ
1551 2018 1751 2054 γενησομένην·
1769 2018 1797 2042 ἐν
1821 2016 1929 2047 τούτοις

1133 2068 1162 2094 δὲ
1178 2068 1227 2103 τὴν
1245 2067 1372 2094 ἐπάνοδον
1389 2067 1452 2102 ἑξῆς
1474 2067 1521 2093 καὶ
1538 2065 1690 2096 ἀκολούθως
1710 2064 1758 2099 τὴν
1781 2063 1828 2092 ἀπ’
1841 2062 1926 2097 Αἰγύ-

1134 2122 1212 2144 πτου,
1226 2115 1258 2150 ἣν
1273 2114 1331 2148 ἅμα
1352 2113 1407 2144 ’τοῖς
1427 2111 1551 2146 γονεῦσιν
1567 2112 1607 2144 είς
1619 2111 1668 2146 τὴν
1683 2111 1734 2145 γῆν
1749 2109 1796 2136 τοῦ
1816 2108 1926 2144 Ἰσραὴλ

1134 2161 1290 2196 ἐποιήσατο,
1306 2158 1428 2192 θεσπίζει
1445 2159 1547 2193 λέγων·
1569 2168 1578 2184 ί
1605 2158 1670 2189 Θεὸς
1688 2157 1829 2192 ὡδήγησεν
1844 2155 1926 2182 αὺτδν

1134 2207 1163 2240 ἐξ
1185 2206 1332 2240 Αἰγύπτου.
1355 2215 1364 2231 ι
1383 2205 1471 2236 Μόνος
1496 2204 1524 2230 δὲ
1547 2201 1581 2239 ἦν
1610 2204 1624 2229 ὁ
1643 2202 1738 2238 Σωτὴρ
1759 2203 1806 2229 καὶ
1823 2202 1927 2237 Κύριος

1133 2254 1212 2289 ἡμῶν
1233 2251 1337 2286 Ἰησοῦς
1357 2252 1370 2278 ὁ
1391 2251 1508 2287 Χριστος
1524 2249 1571 2277 τοῦ
1593 2249 1671 2280 Θεοῦ,
1686 2249 1732 2276 καὶ
1751 2249 1811 2275 οὐδὲ
1835 2248 1925 2280 ἄλλος,

1134 2302 1147 2327 ὁ
1161 2301 1193 2326 ὲκ
1207 2298 1254 2325 τοῦ
1270 2298 1426 2333 σπέρματος
1441 2294 1668 2331 Ὶσραὴλ,κα“ιτοῦ
1689 2294 1822 2321 Ἰουδαίων
1832 2293 1926 2325 ἔθνους

290 2336 384 2364 multis
400 2337 558 2365 dominatus
586 2338 621 2365 sit
639 2338 781 2372 gentibus,
797 2342 826 2365 ut
851 2339 955 2374 absque
971 2340 1081 2367 haesita-

1134 2345 1283 2382 προελθὼν,
1310 2344 1356 2371 καὶ
1373 2342 1478 2370 πολλῶν
1500 2341 1718 2377 κατακυριεύσας
1736 2340 1829 2370 ἐθνῶν,
1854 2339 1925 2366 ὥστε

289 2381 364 2409 tione
382 2382 460 2409 fateri
478 2391 592 2410 necesse
607 2384 653 2417 sit,
670 2392 792 2419 prtescns
807 2385 964 2413 vaticinium
983 2386 1010 2413 in
1034 2387 1082 2414 illo

289 2428 392 2455 exitum
423 2437 503 2456 suum
519 2429 667 2462 invenisse,
683 2434 776 2466 utpote
791 2432 862 2466 quod
888 2432 976 2467 palam
991 2441 1080 2460 enun-

289 2474 350 2506 tiet,
363 2475 397 2502 de
410 2474 524 2504 Iudaica
538 2482 616 2511 gente
631 2484 807 2512 egressurum
825 2479 968 2513 quemdam
989 2479 1080 2506 homi-

288 2529 351 2550 nem
369 2521 451 2558 424
468 2526 495 2550 et
517 2523 720 2551 dominaturum
737 2525 863 2560 gentibus
892 2526 986 2554 multis
1004 2536 1010 2553 :
1033 2529 1080 2553 aut

289 2568 380 2602 quivis
405 2568 471 2595 mihi
487 2569 572 2604 dicat,
599 2574 690 2598 utrum
715 2570 814 2599 habeat
827 2579 860 2599 ex
877 2572 911 2600 iis
932 2573 978 2608 qui
1005 2573 1078 2608 apud

289 2613 419 2642 Hebraeos
449 2623 569 2650 unquam
603 2616 724 2645 illustres
755 2617 858 2646 fuerint
885 2619 968 2646 alium
997 2628 1078 2655 quem

289 2660 420 2695 proferat,
446 2661 492 2696 qui
519 2662 667 2690 multarum
692 2663 813 2699 gentium
838 2665 1007 2692 dominatum
1033 2673 1080 2693 ac-

289 2707 401 2740 ceperit.
418 2707 499 2743 Atqui
510 2716 590 2737 nemo
605 2717 724 2745 unquam
737 2710 809 2738 istud
820 2711 930 2744 dixerit,
951 2712 1078 2747 quoniam

289 2759 324 2779 ne
344 2752 446 2780 factum
467 2754 576 2789 quidem
597 2760 648 2783 est.
667 2757 701 2783 At
727 2765 791 2785 vero
812 2758 839 2785 in
864 2757 1006 2786 Salvatore
1030 2767 1078 2787 no-

290 2802 360 2831 stro,
372 2801 479 2829 etiamsi
492 2810 542 2830 nos
556 2803 622 2830 nihil
638 2804 775 2837 dicamus,
801 2805 858 2840 ipsa
877 2797 966 2833 tamen
979 2806 1080 2834 nihilo-

288 2846 381 2875 minus
396 2849 496 2876 veritas
515 2849 654 2882 clamabit,
670 2856 696 2878 et
721 2851 894 2880 vehementer
918 2852 1079 2880 vociferabi-

321 2926 345 2946 '"
364 2924 447 2958 Num.
481 2933 562 2961 xxiv,
580 2927 640 2956 5-9.

1130 2391 1323 2428 ἀναμφιλόγως
1335 2388 1523 2425 ὁμολογεῖσθαι
1540 2388 1627 2423 πέρας
1643 2387 1714 2423 ἔχειν
1731 2387 1773 2413 ἐπ’
1786 2385 1862 2420 αὐτῷ
1879 2386 1927 2412 καὶ

1129 2441 1178 2476 τὴν
1207 2437 1349 2473 παροῦσαν
1375 2435 1527 2472 πρόρρησιν
1562 2434 1710 2470 διαρρήδην
1738 2432 1925 2468 ἐκφωνοῦσαν,

1129 2486 1171 2513 ὄτι
1185 2484 1218 2520 δὴ
1236 2484 1269 2510 ἐκ
1282 2482 1329 2510 τοῦ
1339 2482 1470 2510 Ἰουδαίων
1480 2482 1573 2513 ἔθνους
1589 2480 1758 2513 ἐξελεύσεταί
1771 2489 1812 2512 τις
1822 2479 1927 2514 ἂνθρω-

1130 2541 1189 2564 πος,
1215 2531 1263 2557 καὶ
1284 2529 1422 2565 κυριειῑσει
1441 2528 1525 2554 ἐθνῶν
1543 2527 1664 2554 πολλῶν·
1685 2527 1700 2562 ἢ
1716 2526 1818 2560 λεγέτω
1833 2526 1925 2560 ἁβου-

1132 2577 1254 2612 λόμενος,
1269 2577 1293 2602 εἰ
1320 2575 1375 2610 ἔχοι
1408 2574 1485 2602 ἄλλον
1511 2574 1642 2608 συστῆσαι
1661 2573 1715 2600 τῶν
1734 2572 1842 2599 πώποτε
1859 2572 1926 2607 παρ’

1139 2623 1273 2658 Ἑϐραίοις
1303 2621 1426 2655 ἐνδόξων,
1457 2621 1560 2648 πολλῶν
1587 2620 1671 2647 ἐθνῶν
1698 2619 1834 2655 ἄρξαντα·
1868 2617 1926 2644 ἀλλ’

1132 2669 1182 2695 οὐκ
1206 2669 1239 2695 ἂν
1273 2667 1345 2694 εἴποι
1373 2676 1425 2698 τις,
1457 2666 1498 2693 ὅτι
1527 2666 1594 2702 μηδὲ
1617 2666 1737 2700 γέγονεν.
1762 2666 1823 2692 Ἐπὶ
1843 2665 1872 2692 δέ
1894 2674 1927 2700 γε

1133 2714 1180 2741 τοῦ
1197 2714 1323 2749 Σωτῆρος
1338 2713 1417 2749 ἡμῶν
1431 2713 1463 2740 ἂν
1481 2714 1527 2740 καὶ
1549 2714 1629 2748 ἡμεῖς
1647 2713 1684 2748 μὴ
1708 2711 1841 2747 λέγωμεν,
1856 2712 1925 2747 αὐτή

1133 2769 1166 2794 γε
1182 2762 1198 2796 ἡ
1212 2760 1326 2794 ἀλήθεια
1342 2759 1434 2796 βοήσει
1450 2759 1497 2787 καὶ
1520 2759 1590 2794 μέγα
1606 2759 1779 2795 κεκράξεται,
1796 2758 1926 2794 ἄντικρυς

1134 2805 1304 2840 παριστῶσα,
1321 2806 1394 2838 ὅπως
1419 2807 1435 2841 ἡ
1459 2805 1549 2837 ἔνθεος
1570 2805 1652 2832 αὐτοῦ
1676 2804 1801 2839 δύναμις,
1817 2804 1861 2831 διὰ
1877 2802 1926 2831 τοῦ

1133 2852 1332 2888 ἀναληφθέντος
1348 2853 1422 2890 αὐτῷ
1441 2854 1474 2881 ὲκ
1496 2852 1652 2890 σπέρματος
1673 2851 1780 2888 Ἰσραὴλ
1794 2851 1841 2878 τοῦ
1854 2850 1926 2879 κατὰ
