2099 3217
663 168 993 198 υΕΜΟΝδτΒΑΤΙΟΝΙΕ
1012 167 1241 197 EVANGELICE
1276 166 1341 196 LIB.
1361 167 1415 195 ιχ..

1777 169 1830 196 om

214 226 303 260 σάρκα
319 224 460 261 ἀνθρώπου
472 226 624 263 ἐκυρίευσε,
638 234 685 255 και
701 228 785 255 εισετι
798 227 845 255 νῦν
859 227 996 263 κυριεύσει

1021 230 1102 259 ttur,
1127 226 1284 262 planissime
1319 225 1459 257 indicans.
1487 224 1714 261 quemadmodum
1739 226 1830 254 divina

212 273 297 300 ὲθνῶν
324 272 439 300 πολλῶν.
468 272 553 305 Αὐτὸς
576 273 629 309 ἄρα
652 270 730 306 οὗτος
758 275 860 307 ἐκεῖνος
886 272 930 310 ἦν,
951 275 998 301 καὶ

212 318 266 346 οὐδ’
280 318 368 351 ἄλλος,
382 318 412 346 ὃν
426 320 443 355 ἡ
458 319 608 356 προφητεία
620 321 816 357 προηγόρευσε,
833 320 894 349 καθ’
908 321 938 348 ὃν
952 321 999 348 καὶ

212 367 229 402 ἡ
240 365 302 400 Γὼγ
313 365 407 401 ὑψώθη
419 365 550 401 βασιλεία,
560 366 609 402 τῆς
620 367 738 403 Χριστοῦ
747 367 886 403 δυνάμεως
900 376 998 396 συναυ-

213 410 320 446 ξούσης.
347 411 447 438 Τοῦτον
470 411 492 439 δ’
515 412 632 440 ὲνταῦθά
653 421 735 448 φησιν
759 413 924 441 αἰνίττεσθαι
937 414 998 441 καθ’

218 457 359 493 Ἐϐραίους
375 457 421 484 τὸν
437 458 537 493 τρόπον
549 459 599 494 τὴν
613 458 668 486 τῶν
688 460 830 494 Ῥωμαίων
851 459 997 494 βασιλειαν,

211 500 229 540 ᾖ
251 504 298 530 καὶ
320 503 519 539 συνήκμασενὴ
537 504 654 540 Χριστοῦ
673 505 838 532 διδασκαλία.
855 506 998 541 Μέμνηται

227 548 239 574 ὲ
251 547 299 574 τοῦ
315 547 376 582 Γὼγ
389 549 435 575 καὶ
447 550 461 575 ὁ
475 551 616 585 προφήτης
630 549 768 587 Ὶεζεκιὴλ,
782 551 900 586 ἄρχοντα
920 550 997 582 Ῥὼς,

211 593 304 628 Μοτὺχ
327 593 373 619 καὶ
393 593 477 620 Θοὸὲλ
500 594 655 629 ὀνομάζων·
678 595 720 621 διὰ
742 595 792 630 μὲν
810 594 932 626 τοῦῬὼς
949 594 998 630 τὴν

217 638 369 674 Ῥωμαίων,
385 638 424 671 ὡς
450 639 532 672 ἔοικε,
554 639 629 665 πόλιν
652 640 849 676 αἰνιττόμενος,
866 641 927 666 ἐπεὶ
952 641 998 667 καὶ

211 685 282 720 ἀρχὴ
307 685 354 712 καὶ
376 685 480 721 κεφαλὴ
494 686 564 712 κατὰ
579 685 627 721 τὴν
639 686 779 721 Ἑϐραίων
795 686 884 722 φωνὴν
896 686 940 713 διὰ
952 686 997 713 τοῦ

216 730 284 762 Ῥὼς
297 730 437 765 δηλοῦται·
453 731 497 758 διὰ
513 731 540 757 δὲ
556 731 602 758 τοῦ
617 731 709 766 illosz
721 732 770 767 τὴν
780 732 897 763 Μυσίαν,
909 732 955 758 καὶ
965 732 998 758 τὰ

211 775 290 811 πέριξ
313 776 414 811 ταύτης
434 776 507 812 ἔθνη,
522 777 571 803 ὅσα
586 776 632 803 νῦν
651 778 738 803 οἰκεῖα
760 777 901 813 Ῥωμαίων
924 778 995 804 ἐστί·

209 821 254 851 διὰ
279 822 307 849 δὲ
323 822 370 849 τοῦ
391 822 475 849 Θοϐὲλ
496 823 545 858 τὴν
574 823 703 859 Ἰϐηρίαν,
717 822 787 849 οὕτω
805 832 862 855 πως
880 823 934 850 ἀπὸ
954 823 998 850 τοῦ

210 867 294 897 Θοεὲλ
311 868 450 902 γεγονέναι
477 869 588 902 φάσκων
611 869 760 904 Θοϐεήλους
784 870 847 901 τοὺς
872 869 996 905 Ἴϐηρας·

209 911 247 942 ὧν
273 915 400 942 ἁπάντων
422 915 538 950 ἄρχοντα
557 915 602 941 τὸν
628 914 687 949 Γὼγ
704 915 892 950 ὑψωθήσεσθαί
916 924 997 951 φησιν
1014 910 1034 939 Β

210 959 256 987 ἐπὶ
270 959 319 995 τῆς
333 959 379 986 τοῦ
395 960 632 995 προφητευομὲνου
657 961 774 995 Χριστοῦ
797 961 956 996 παρουσίας,
968 962 996 988 ὃν

208 1007 224 1035 ὁ
239 1007 305 1038 Θεὸς
325 1006 464 1042 ὡδήγησεν
490 1006 519 1039 ἐξ
540 1007 687 1040 Αἰγύπτου,
701 1008 746 1034 ὅτε
770 1008 841 1034 κατὰ
858 1008 902 1034 τὸν
920 1009 996 1035 Ματ-

210 1053 295 1085 θαῖον,
310 1051 530 1084 ἐπιϐουλεύοντος
547 1053 592 1079 τοῦ
616 1053 734 1089 Ἡρώδου
752 1054 826 1080 παιδὶ
842 1054 898 1080 ὗντι
912 1054 994 1090 αὐτῷ,

209 1098 404 1135 χρηματισθεὶς
419 1098 433 1124 ὁ
452 1098 551 1134 Ἰωσὴφ
569 1098 704 1134 παρέλαϐε
724 1099 754 1125 τὸ
767 1100 871 1126 παιδίον
894 1100 939 1126 καὶ
948 1100 996 1136 τὴν

211 1145 316 1180 μητέρα
334 1144 427 1178 αὑτοῦ,
442 1145 489 1170 καὶ
502 1144 652 1180 ἐπανῆλθεν
667 1145 706 1176 εὶς
723 1144 774 1179 γῆν
794 1146 912 1181 Ἰσραήλ.
928 1146 996 1179 Δόξα

209 1191 238 1218 δὲ
265 1192 451 1227 μονοκέρωτος
474 1191 547 1226 αὑτῷ
562 1190 601 1226 τῷ
616 1191 725 1226 Χριστῷ
747 1193 847 1228 παρῆν,
863 1193 906 1219 διὰ
923 1194 953 1220 τὸ
968 1195 997 1220 ἐν

209 1238 284 1274 αὑτῷ
307 1237 482 1273 εὐδοκηκὲναι
504 1238 665 1272 κατοικῆσαι
683 1239 735 1265 πᾶν
753 1239 783 1265 τὸ
800 1239 935 1275 πλήρωμα
947 1241 997 1275 τῆς

209 1284 344 1320 θεάτητος,
365 1284 435 1311 κατὰ
448 1284 494 1311 τὸν
518 1284 589 1320 ἱερὸν
610 1284 779 1312 ’Λπόστολον.
792 1286 891 1322 Διόπερ
904 1287 941 1319 ὡς
956 1288 999 1314 κέ-

211 1339 260 1366 ρας
281 1330 499 1366 ἐπιγραφόμενος
521 1330 566 1357 τὸν
580 1331 635 1357 τῶν
659 1331 727 1358 ὅλων
745 1332 811 1358 Θεὸν
825 1333 871 1359 καὶ
888 1333 997 1369 Πατέρα

209 1376 302 1408 αὐτοῦ,
321 1376 474 1412 μονόκερως
489 1377 535 1403 καὶ
549 1378 577 1403 ὲν
593 1377 699 1412 ἑτέραις
709 1378 827 1413 Γραφαῖς
840 1378 995 1415 ὠνομάσθη.

215 1422 244 1450 '0
258 1423 280 1449 δ’
295 1422 375 1454 αὐτὸς
388 1423 436 1450 τοῦ
449 1422 516 1449 Θεοῦ
530 1423 615 1457 Λόγος
628 1424 683 1454 τοῖς
699 1425 803 1459 νοητοῖς
820 1425 866 1451 καὶ
880 1425 997 1459 λογικοῖς

209 1468 291 1496 αὑτοῦ
304 1468 393 1504 βέλεσι
402 1469 448 1495 τὸν
460 1469 556 1504 ἐχθρὸν
571 1469 617 1495 καὶ
628 1469 814 1505 ἀντικείμενον
829 1471 903 1506 αὐτῴ
913 1471 998 1498 διάϐο-

209 1514 264 1548 λον,
274 1515 363 1547 πάσας
374 1523 403 1541 τε
418 1514 467 1546 τὰς
480 1515 547 1549 ἀμφ’
562 1515 643 1541 αὑτὸν
656 1515 788 1549 ἀοράτους
809 1516 855 1543 καὶ
877 1516 997 1552 πονηρὰς

210 1561 346 1597 δννάμεις,
364 1562 408 1588 διὰ
426 1562 578 1597 κρείττονος
593 1561 639 1588 καὶ
663 1562 841 1597 ἀκαταμάχου
857 1562 997 1598 δυνάμεως

210 1607 425 1643 ἧλαυνεν,εῐσέτι
440 1616 469 1634 τε
486 1607 534 1633 νῦν
552 1607 672 1644 κυριεύει
691 1607 775 1634 ἐθνῶν
791 1608 904 1641 πολλῶν,
915 1605 951 1635 ὧν
962 1609 996 1635 τὰ

211 1654 284 1689 πάχη
293 1654 338 1680 καὶ
347 1653 376 1679 τὸ
384 1653 509 1689 φρόνημα
515 1654 563 1689 τῆς
572 1653 671 1689 σαρκὸς
680 1653 826 1686 λεπτύνων,
834 1654 879 1680 ἐπὶ
885 1654 934 1690 τὴν
943 1663 998 1681 στε-

210 1698 259 1734 νὴν
267 1699 326 1725 ὁδον
336 1698 386 1733 τῆς
400 1698 508 1725 αἰωνίου
523 1698 595 1733 ζωῆς
607 1698 775 1733 ἐπιτηδείους
787 1698 996 1731 κατασκευάζει.

218 1744 297 1771 Ἀλλὰ
311 1744 358 1771 καὶ
370 1745 542 1777 κατακλιθεὶς
556 1745 635 1776 αὐτὸς
649 1742 726 1776 οὗτος
741 1745 755 1771 ὁ
768 1745 796 1778 ἐξ
815 1746 921 1781 Ἰσραὴλ
937 1755 999 1782 προ-

211 1790 295 1817 ελθὼν
319 1791 471 1827 ἅνθρωπος,
497 1792 511 1818 ὁ
534 1791 751 1826 κατακυριεύσας
777 1791 859 1818 ἐθνῶν
883 1793 997 1825 πολλῶν,

214 1847 223 1862 ε
238 1837 419 1871 ἀνεπαύσατο,
455 1839 546 1873 φησὶν,
567 1839 605 1870 ὡς
636 1838 714 1870 λέων,
731 1848 739 1863 r
754 1838 824 1865 οὕτω
851 1839 937 1874 δηλῶν
965 1839 998 1874 ἢν

211 1883 352 1916 ἀνεδέξατο
368 1884 531 1918 οἰκονομίαν,
550 1884 609 1910 καθ’
624 1884 657 1920 ἢν
681 1884 775 1920 ὥσπερ
798 1893 838 1916 τις
862 1884 998 1919 βασιλικὸς

210 1929 258 1955 καὶ
273 1928 422 1965 θαρραλέος
444 1929 495 1965 θὴρ
519 1930 700 1962 ἀνεπαύσατο,
722 1931 833 1965 μηδενὸς
850 1931 932 1958 αὑτοῦ
948 1932 999 1968 τὴν

211 1976 298 2011 ἀρχὴν
312 1977 359 2003 κα)¹
374 1976 423 2012 τὴν
441 1975 578 2010 βασιλείαν
598 1976 816 2012 μεταστήσασθαι
829 1977 977 2013 δυναμένου
990 1987 997 1993 ⁸

212 2022 312 2053 πάντες
329 2030 358 2048 τε
379 2023 404 2048 οἱ
421 2022 465 2048 τὸν
487 2022 604 2057 Χριστὸν
620 2022 802 2056 εὐλογώντες,
820 2023 891 2059 λόγῳ
907 2033 936 2050 τε
953 2025 1000 2051 καὶ

213 2067 263 2103 βίῳ
276 2068 453 2103 σεμνύνοντες
469 2068 518 2103 τὴν
534 2069 632 2104 ἀρετὴν
655 2069 701 2095 τοῦ
720 2069 889 2103 διδασκάλου,
903 2070 952 2105 τῆς
968 2072 1000 2097 ἐκ

211 2113 279 2141 Θεοῦ
298 2113 490 2149 μετειλήφασιν
504 2114 638 2148 εὐλογίας,
657 2113 783 2146 αὔξοντες
802 2115 936 2151 ὁσημέραι
953 2117 999 2142 καὶ

211 2160 403 2195 πληθύνοντες,
421 2158 492 2185 κατὰ
502 2159 542 2191 τὸ,
561 2169 570 2185 ‹
582 2159 743 2193 Λὺξάνεσθε,
758 2161 804 2187 καὶ
821 2160 997 2196 πληθύνεσθε,

212 2205 260 2232 καὶ
287 2203 448 2240 πληρώσατε
475 2203 523 2239 τὴν
547 2204 609 2239 γῆν,
626 2215 635 2229 ι
653 2205 832 2241 ἀληθέστερον
856 2206 999 2233 ὲπάὑτῶν

1049 273 1122 301 illius
1136 274 1223 301 virtus
1238 281 1286 308 per
1299 273 1386 304 illum.
1400 273 1446 308 qui
1458 273 1492 300 ab
1506 273 1565 308 ipso
1583 273 1617 300 de
1631 274 1734 301 semine
1748 273 1830 301 Israel

1048 319 1155 347 ratione
1171 320 1294 355 corporis
1309 324 1466 354 assumptus
1477 323 1529 352 est,
1546 319 1681 346 hominem
1693 318 1832 347 dominata

1048 369 1099 397 est,
1112 369 1192 400 atque
1204 365 1286 392 etiam
1309 372 1382 393 nunc
1404 364 1561 392 dominatur
1580 365 1706 400 gentibus
1727 365 1833 394 multis.

1048 411 1099 439 Hic
1113 411 1195 447 igitur
1209 412 1254 439 ille
1269 412 1327 447 ipse
1337 415 1406 445 erat,
1421 419 1475 438 non
1487 412 1558 439 alius
1579 412 1724 447 quispiam,
1751 420 1832 447 quem

1048 458 1189 493 prophetia
1213 458 1394 493 praedixerat,
1415 458 1495 492 cujus
1522 462 1644 494 tempore
1666 458 1748 486 etiam
1774 458 1832 493 εἷος

1049 512 1161 539 regnum
1178 504 1204 531 in
1221 504 1336 532 sublime
1366 505 1511 532 adauctum
1534 509 1591 534 est.
1610 512 1671 531 cum
1693 512 1726 531 eo
1751 505 1830 532 simul

1048 549 1149 576 Christi
1169 550 1268 577 virtute
1292 557 1323 577 ac
1348 551 1467 585 potentia
1493 555 1644 578 crescente.
1662 549 1718 577 Hoc
1743 555 1830 577 autem

1049 595 1129 623 modo
1139 594 1405 623 aiuntitomanorum
1418 603 1529 630 regnum
1546 596 1694 623 secundum
1704 596 1832 624 Hebraeos

1049 641 1209 676 signiﬁcari,
1225 650 1286 669 cum
1310 650 1364 677 quo
1380 642 1462 670 simul
1475 642 1576 669 Christi
1602 643 1726 670 doctrina
1748 643 1832 671 robur

1049 691 1129 723 atque
1157 689 1353 716 incrementum
1376 689 1491 723 accepit.
1518 688 1637 716 Meminit
1663 693 1753 716 autem
1775 689 1832 725 Gog

1048 737 1131 764 etiam
1164 735 1294 771 propheta
1323 734 1466 767 Ezechiel,
1491 735 1555 762 dum
1582 735 1731 771 principem
1765 735 1832 769 nos,

1049 782 1159 809 Mosoch
1175 785 1201 808 ct
1215 781 1317 808 Tbobcl
1332 781 1469 812 nominat.
1495 781 1541 808 ubi
1563 789 1611 816 per
1633 782 1698 809 illud
1722 782 1831 816 quidem

1048 828 1114 859 Ros,
1131 827 1329 859 Romanorum,
1345 831 1374 854 ut
1389 835 1438 862 par
1451 831 1504 858 est.
1522 827 1659 854 civitatem
1677 828 1830 862 signiﬁcat:

1049 874 1270 910 quandoquidem
1295 874 1462 909 principatus
1488 878 1515 900 et
1531 878 1612 909 caput
1625 881 1657 901 ea
1680 881 1745 900 voce
1760 874 1831 908 apud

1049 920 1178 949 Hebraeos
1194 920 1364 954 intelligitur;
1390 926 1438 953 per
1454 918 1564 946 Mosoch
1595 923 1683 946 autem
1707 919 1830 953 Mysiam,

1047 966 1108 994 etei
1126 966 1255 993 finitimas
1271 970 1376 1001 gentes,
1388 972 1557 1000 qua‘cunque
1572 972 1644 992 nunc
1667 965 1717 991 sul)
1733 964 1832 992 Roma-

1048 1022 1143 1041 norum
1166 1014 1278 1048 imperio
1300 1017 1374 1046 sunt,
1397 1018 1424 1041 et
1446 1021 1494 1048 per
1509 1011 1623 1043 Thobel,
1640 1012 1753 1040 lberiam
1784 1012 1832 1039 Jo-

1047 1060 1148 1095 seplms
1173 1060 1318 1095 intelligit,
1340 1059 1386 1094 qui
1410 1066 1426 1086 a
1453 1058 1555 1087 Thobel
1570 1058 1636 1085 dicit
1659 1058 1746 1086 factos
1770 1065 1832 1087 esse

1047 1105 1209 1137 Thobeclos,
1224 1105 1270 1141 qui
1301 1104 1392 1131 Iberos
1428 1103 1569 1135 dicuntur,
1588 1104 1688 1139 quibus
1703 1103 1832 1132 omnibus

1048 1152 1225 1186 imperantem
1247 1150 1305 1186 θος
1321 1151 1349 1177 in
1371 1150 1487 1178 sublime
1510 1150 1697 1185 adaugendum
1714 1150 1762 1180 ait.
1780 1150 1832 1177 sub

1047 1197 1106 1232 ejus
1121 1197 1222 1224 Christi
1238 1196 1271 1224 de
1284 1204 1339 1231 quo
1351 1196 1491 1231 propheta:
1510 1196 1659 1231 loquuntur
1675 1195 1830 1229 adventum,

1047 1251 1127 1278 quem
1144 1243 1214 1270 Deus
1232 1242 1309 1269 duxit
1320 1250 1352 1269 ex
1371 1241 1560 1277 Egypto,quo
1575 1245 1708 1276 tempore.
1720 1245 1749 1268 ut
1760 1242 1830 1277 apud

1048 1287 1201 1314 Mattlizcum
1218 1287 1396 1322 legitur.dum
1409 1287 1460 1322 ipsi
1478 1286 1568 1313 adhuc
1583 1294 1667 1321 puero
1687 1286 1833 1314 insidiatur

1048 1333 1178 1363 Herodes.
1200 1332 1299 1367 Joseph
1316 1336 1427 1367 accepto
1444 1332 1555 1359 oraculo
1566 1352 1573 1363 ,
1588 1332 1693 1366 accepit
1718 1340 1831 1366 puerqu

1047 1386 1073 1407 et
1097 1384 1208 1406 matrem
1226 1379 1295 1413 ejus,
1308 1383 1334 1406 ct
1351 1386 1478 1405 reversus
1503 1382 1545 1405 est
1572 1378 1598 1404 in
1615 1381 1715 1404 terram
1738 1377 1832 1405 Israel.

1048 1425 1240 1453 Rhinocerotis
1275 1433 1339 1452 vero
1375 1425 1462 1460 gloria
1496 1424 1546 1459 ipsi
1587 1423 1696 1451 Christo
1724 1423 1832 1456 adfuit,

1048 1476 1189 1508 propterea
1213 1471 1284 1507 quod
1314 1471 1447 1506 placuerit
1473 1471 1500 1497 in
1520 1478 1552 1497 eo
1575 1470 1697 1498 habitare
1725 1477 1833 1497 omnem

1048 1518 1241 1554 plenitudinem
1266 1517 1428 1550 divinitatis,
1445 1520 1474 1543 ut
1489 1517 1527 1543 ait
1548 1521 1660 1543 sanctus
1675 1515 1833 1550 Apostolus.

1049 1565 1220 1599 Quapropter
1238 1562 1303 1590 dum
1319 1562 1402 1589 veluti
1425 1569 1510 1589 cornu
1533 1562 1586 1590 sibi
1611 1561 1732 1589 universi
1749 1560 1833 1587 Deum

1021 1604 1032 1614 ¹
1049 1610 1157 1637 Patrem
1174 1609 1297 1641 ascribit,
1310 1609 1392 1635 etiam
1406 1608 1546 1635 unicornis
1561 1607 1588 1634 in
1600 1606 1659 1633 aliis
1671 1606 1834 1641 quibusdam

1051 1656 1202 1691 Scripturis
1216 1659 1259 1682 est
1273 1654 1437 1682 nominatus.
1460 1653 1534 1680 idem
1550 1660 1632 1687 porro
1651 1652 1699 1679 Dei
1718 1650 1833 1680 Verbum

1049 1701 1264 1737 intelligibilibus
1288 1700 1522 1734 rationalibusque
1551 1699 1609 1727 suis
1629 1698 1752 1733 sagittis,
1782 1698 1836 1724 ini-

1051 1748 1151 1775 micum
1176 1747 1283 1782 sibique
1306 1746 1494 1773 adversantem
1520 1745 1669 1776 diabolum,
1687 1751 1836 1777 omnesque

1050 1794 1125 1821 circa
1148 1793 1224 1820 illum
1246 1797 1388 1820 versantes
1406 1791 1559 1818 invistbiles
1581 1794 1608 1817 et
1633 1790 1766 1824 malignas
1787 1797 1836 1824 pc-

1051 1843 1174 1871 testates,
1190 1839 1374 1875 prmstantiori
1400 1846 1448 1866 sua
1470 1843 1497 1866 ct
1517 1836 1722 1872 inexpugnabili
1738 1837 1836 1863 virtute

1051 1886 1180 1919 conﬁxit,
1208 1891 1289 1921 atque
1318 1886 1399 1913 etiam
1428 1893 1502 1913 nunc
1530 1885 1656 1920 gentibus
1679 1883 1772 1911 multis
1787 1883 1836 1910 do-

1052 1932 1188 1964 minatur,
1216 1939 1332 1966 quarum
1358 1930 1555 1958 crassitudines
1582 1934 1610 1956 et
1645 1929 1744 1956 fastum
1775 1936 1836 1956 cor-

1052 1986 1140 2013 pore:e
1178 1985 1275 2005 massae
1314 1981 1465 2004 extenuans
1501 1976 1535 2003 ad
1575 1978 1719 2010 angustam
1756 1979 1835 2002 reter-

1051 2033 1093 2052 nte
1111 2025 1172 2052 vitae
1204 2024 1275 2051 viam
1307 2023 1511 2059 ingrediendam
1546 2022 1658 2050 idoneas
1686 2025 1835 2056 comparat.

1051 2071 1132 2107 425
1153 2070 1205 2097 Sed
1222 2070 1302 2097 etiam
1318 2069 1480 2097 recumbens
1502 2068 1573 2096 idem
1590 2068 1634 2095 hic
1653 2067 1734 2094 homo
1745 2075 1778 2094 ex
1799 2066 1837 2094 ls-

1052 2118 1107 2145 rael
1126 2116 1274 2152 proicctus,
1293 2115 1338 2150 qui
1355 2115 1447 2142 multis
1463 2115 1621 2141 dominatus
1640 2116 1683 2140 est
1699 2112 1836 2148 gentibus.

1055 2172 1065 2188 ι
1083 2162 1195 2197 quievit,
1215 2162 1313 2196 inquit,
1331 2164 1360 2187 ut
1375 2161 1427 2192 leo,
1448 2169 1456 2186 ι
1476 2159 1575 2195 quibus
1588 2158 1678 2186 verbis
1695 2165 1776 2192 quam
1794 2157 1838 2184 ille

1054 2209 1203 2243 assumpsit
1228 2208 1479 2244 dispensationem,
1512 2208 1657 2242 signiﬁcat,
1688 2205 1838 2234 secundum

212 2252 260 2278 καὶ
275 2251 505 2289 θεοπρεπέστερον
521 2255 569 2289 τῆς
582 2254 658 2287 θείας
687 2255 884 2291 ὲκτελουμένης
900 2256 1001 2291 φωνῆς.

1021 2257 1041 2284 D
1055 2262 1136 2288 quam
1151 2253 1228 2289 quasi
1242 2254 1353 2288 quidam
1371 2254 1492 2289 regulus,
1504 2258 1531 2281 ct
1545 2253 1623 2288 quasi
1642 2252 1697 2280 fera
1715 2251 1838 2287 quadam

218 2298 261 2331 Ὠς
274 2299 389 2334 ἔμπαλιν
402 2301 425 2327 οἱ
438 2301 493 2327 ἀπὸ
506 2301 615 2337 πρώτης
627 2303 675 2338 τῆς
691 2302 750 2329 κατ’
762 2302 844 2329 αὑτοῦ
855 2303 1000 2338 ἐπιϐουλῆς

212 2344 295 2371 εἰσέτι
308 2346 355 2372 καὶ
365 2345 412 2373 νῦν
425 2347 504 2373 αὑτὸν
518 2348 546 2373 ὲν
559 2349 615 2379 τοῖς
628 2348 717 2374 αὑτῶν
732 2349 879 2384 συνεδρίοις
892 2348 1001 2386 ἀρώμε-

211 2398 262 2421 νοι,
277 2391 327 2426 τὴν
339 2392 370 2418 ὲκ
390 2392 457 2418 Θεοῦ
470 2394 590 2428 κατάραν
607 2394 635 2427 ἐξ
651 2395 753 2420 ἐκείνου
766 2396 813 2422 καὶ
828 2396 909 2422 εἰσέτι
923 2396 1000 2431 δεῦρο

213 2435 274 2462 καθ’
287 2436 392 2463 ἑαυτῶν
417 2439 615 2466 ἐπεσπάσαντο.
632 2440 677 2466 Διὸ
700 2441 746 2467 καὶ
766 2441 815 2476 τὴν
839 2441 954 2477 ἐσχάτην
970 2442 999 2468 οὐ

214 2481 295 2516 μόνον
312 2483 362 2518 τῆς
376 2483 522 2518 βασιλείας,
540 2485 607 2511 ἀλλὰ
619 2485 664 2512 καὶ
681 2485 727 2512 τοῦ
741 2486 824 2513 πάλαι
837 2488 1001 2522 σεμνοτάτου

212 2528 303 2555 αὐτῶν
316 2530 486 2565 ἁγιάσματος
502 2532 618 2567 ἐρημίαν
635 2541 664 2558 τε
680 2533 727 2560 καὶ
742 2533 843 2568 φθορὰν
856 2534 885 2560 οὐ
901 2535 1002 2561 παύον⁹

212 2582 258 2601 ται
274 2575 422 2611 ὀφθαλμοῖς
435 2577 658 2612 ὁρῶντες.”¹Αξιον
669 2579 696 2605 δὲ
707 2579 868 2614 παραθεῖναι
883 2581 937 2611 τοῖς
954 2588 1002 2615 με-

211 2619 246 2647 τὰ
262 2623 355 2656 χεῖρας
377 2622 426 2657 τὴν
450 2623 518 2658 πρὸς
538 2624 583 2650 τὸν
603 2624 700 2651 Ἰούδαν
718 2625 765 2651 τοῦ
788 2624 883 2651 Ἰακὼὸ
900 2634 1004 2661 προφη-

211 2666 298 2699 τείαν,
314 2668 346 2703 ἣν
369 2669 415 2694 καὶ
439 2669 522 2705 αὐτὴν
544 2670 727 2705 ἐναργέστατα
747 2672 786 2702 εἰς
807 2671 852 2697 τὸν
869 2672 1001 2708 ἡμέτερον

212 2713 327 2749 Σωτῆρα
351 2714 516 2750 ἐφαρμόζειν
540 2718 816 2752 προπαρεστήσαμεν,
836 2717 948 2743 συνιδεῖν
972 2727 1002 2745 τε

211 2759 263 2794 τὴν
277 2760 307 2787 ἐν
321 2760 461 2796 ἑκατέροις
482 2762 650 2797 συμφωνίαν.
660 2763 703 2794 Ὠς
721 2763 775 2799 γὰρ
788 2763 906 2790 ἐνταῦθα
926 2765 1002 2800 εἴρη-

212 2812 258 2831 ται
269 2813 276 2820 ο
297 2815 305 2831 ι
317 2806 499 2840 Ἐξελεύσεται
512 2808 653 2845 ἄνθρωπος
673 2808 704 2836 ἐκ
719 2808 766 2835 τοῦ
784 2809 939 2844 σπέρματος
954 2810 1002 2837 αὺ-

251 2896 274 2916 "
293 2896 361 2926 Gen.
378 2905 406 2931 ι,
420 2898 466 2929 28.

1054 2300 1185 2327 audacior
1199 2301 1382 2335 quievit,dum
1398 2301 1470 2327 illitis
1482 2300 1660 2335 principatum
1679 2306 1710 2326 ac
1726 2306 1838 2333 regnum

1055 2355 1164 2374 movere
1177 2347 1237 2374 loco
1249 2355 1329 2374 nemo
1340 2351 1382 2374 cst
1397 2347 1442 2382 qui
1459 2346 1557 2381 possit.
1573 2345 1676 2373 Omnes
1690 2348 1779 2371 autem
1791 2343 1838 2378 qui

1054 2394 1165 2421 Christo
1190 2394 1281 2421 favent
1307 2402 1339 2420 ac
1370 2393 1554 2424 benedicunt,
1579 2396 1606 2418 ct
1632 2395 1689 2417 tum
1716 2389 1840 2417 oratione

1055 2446 1111 2467 tum
1129 2441 1182 2467 vita
1201 2440 1293 2467 virtuti
1312 2439 1486 2474 prwccptoris
1506 2438 1609 2465 addunt
1623 2437 1725 2463 cultum
1747 2439 1774 2462 ct
1796 2443 1839 2462 re-

1054 2487 1212 2518 verentiam,
1227 2486 1326 2512 favoris
1343 2484 1594 2517 benedictionisquc
1610 2482 1709 2509 divina:
1718 2480 1838 2507 vicissim

1055 2532 1202 2566 participes
1228 2531 1302 2563 iacti,
1333 2534 1484 2566 augescunt
1507 2527 1628 2564 quotidie
1653 2534 1684 2553 ac
1710 2525 1840 2560 niultipli~

1055 2584 1164 2609 cantur,
1178 2581 1271 2611 utpote
1283 2585 1343 2604 cum
1364 2578 1391 2604 in
1409 2576 1476 2611 ipsis
1489 2575 1581 2602 divina
1594 2574 1639 2600 illa
1654 2580 1705 2599 vox
1720 2581 1727 2599 :
1747 2581 1756 2597 ι
1772 2572 1840 2598 Cre-

1056 2624 1123 2652 scite
1139 2629 1166 2650 ct
1180 2622 1397 2657 multiplicamini
1414 2627 1440 2649 et
1451 2621 1551 2656 replete
1561 2623 1660 2647 terram
1677 2618 1709 2649 ²⁸,
1727 2627 1735 2644 r
1751 2622 1778 2644 et
1796 2624 1842 2643 ve-

1055 2670 1112 2698 rius
1127 2674 1153 2698 et
1164 2669 1219 2696 Deo
1235 2668 1441 2696 convcnientius
1456 2667 1534 2694 ﬁnem
1547 2674 1627 2693 suum
1640 2666 1839 2698 consequatur:

1055 2717 1127 2744 sicut
1151 2715 1318 2748 econtrario,
1339 2715 1386 2750 qui
1403 2722 1418 2741 a
1433 2714 1521 2749 prima
1534 2713 1666 2740 adversus
1683 2712 1759 2738 illum
1772 2718 1840 2738 con—

1056 2764 1206 2798 spiratione
1219 2763 1301 2790 etiam
1318 2769 1392 2789 nunc
1418 2762 1446 2788 in
1461 2761 1519 2788 suis
1534 2760 1610 2788 illum
1627 2759 1749 2787 consiliis
1762 2766 1842 2786 exse-

1057 2813 1181 2842 crantur,
1199 2809 1246 2837 Dei
1262 2809 1290 2836 in
1320 2809 1424 2844 seipsos
1449 2807 1665 2836 exsecrationem
1689 2812 1722 2833 ex
1752 2804 1798 2831 illo
1812 2803 1841 2831 in
