2099 3217
175 188 227 216 (:65

609 186 936 216 DEMONSTRATIONIS
959 178 1195 214 ενΑΝαεωειε
1211 186 1273 214 LIB.
1305 187 1352 215 IX.

1743 193 1795 221 666

174 246 303 283 κονομίας
315 247 361 274 ἐπὶ
378 246 473 283 καιροῦ
487 247 533 274 τοῦ
545 249 727 284 προσήκοντος
738 246 793 274 τῶν
804 247 854 282 τῆς
864 246 942 281 θεὸτη

995 253 1071 275 ,τυιη
1087 246 1159 273 enim
1187 246 1385 280 pmstantioris
1412 247 1555 281 cujusdam
1583 248 1795 284 dispensationis

173 301 218 324 τος
233 292 408 327 ἀπάρξασθαι
419 292 573 328 θαυμάτων,
624 300 656 327 γε
670 293 713 320 διὰ
729 292 828 323 παντὸς
840 291 886 318 τοῦ
901 291 958 326 βίου

172 339 202 365 τὸ
228 339 314 374 πρᾶον
335 338 382 365 καὶ
402 338 560 371 ἀνεξίκακον
584 339 801 376 μεμαρτύρηται,
824 338 958 373 προχείρῳ

174 384 224 419 μὲν
238 385 278 416 εἰς
293 384 343 416 τὰς
363 384 486 417 εὐποιίας
503 386 549 412 καὶ
568 385 617 417 τὰς
634 385 725 417 κοινὰς
740 384 897 420 εὐεργεσίας
910 392 957 418 γε-

172 430 286 465 νομένῳ,
307 430 408 466 μηδένα
428 431 456 457 δὲ
477 431 531 458 τῶν
553 432 591 467 μὴ
615 432 766 459 ἀκουόντων
785 432 955 467 ἀμυνομένῳ,

173 478 240 513 μηδὲ
265 477 308 503 ὅτε
329 477 366 509 ὡς
391 478 525 513 πρόϐατον
549 479 594 504 ἐπὶ
618 478 724 513 σφαγὴν
745 478 835 512 ἤγετο,
852 479 899 504 καὶ
920 478 956 509 ὡς

172 523 256 558 ἀμνὸς
269 524 387 550 ἐναντίον
408 524 453 550 τοῦ
471 525 604 560 κείροντος
615 525 730 558 ἄφωνος.
747 523 808 554 Πῶς
824 522 869 550 οὖν
883 524 956 556 εἰκος

170 567 204 605 ἦν
217 569 262 596 τὸν
279 570 397 596 τοιοῦτον
409 571 462 596 δεῖν
479 571 507 596 ἐν
525 571 623 605 παιδίῳ
645 570 680 605 μὴ
704 571 764 605 οὐχὶ
779 571 955 606 ὑποχωρῆσαι

170 616 202 650 τῇ
220 615 266 642 τοῦ
287 615 405 652 Ἡρώδου
421 617 514 652 κακία,
528 613 550 650 ᾧ
567 618 612 643 καὶ
625 618 652 642 ἐν
668 617 744 651 ἀνδρὶ
759 616 788 642 τὸ
805 617 954 651 ἀναχωρεῖν

170 663 216 688 καὶ
232 663 442 698 τοὺςπονηροῦς
457 663 589 689 ἐκκλίνειν
609 662 825 698 μεμαρτύρηται,
842 662 955 697 ἐπικρύ-

169 708 282 734 πτεσθαί
306 717 334 734 τε
356 709 401 734 καὶ
425 709 587 743 ὑποερεύγειν
603 709 648 735 τὸν
667 709 711 734 ἐπὶ
727 711 785 740 ταῖς
805 708 953 744 παραδοξο-

169 754 270 786 ποιίαις
281 753 403 786 ἐπαινονς
427 755 542 790 παρῄνει
562 756 627 789 γοῦν
644 757 699 787 τοῖς
716 756 760 782 ὑπ’
777 755 857 782 αὑτοῦ
873 755 953 790 θερα-

168 799 326 834 πευομένοις
341 800 432 835 μηδενὶ
447 800 544 834 λέγειν.
563 801 593 826 ΕΞ
606 801 627 827 δ’
639 802 684 827 ἐπὶ
694 801 738 827 τὸν
753 801 816 827 λαὸν
826 802 875 836 τὴν
889 809 954 834 προ-

168 844 280 878 φητείαν
296 845 424 880 ἁναιρὲροι
441 854 492 877 τις,
509 846 618 880 φάσκων
637 847 698 881 περὶ
721 845 766 872 τοῦ
781 847 812 871 ὲκ
830 846 953 881 σπέρμα-

166 898 212 921 τος
236 890 282 916 τοῦ
300 890 407 926 Ἰσραὴλ
431 891 494 918 λαοῦ
520 891 651 927 εἰρῆσθαι,
668 892 840 927 ἐπιστησάτω
855 893 886 927 τῇ
904 891 950 917 τοῦ

1009 300 1041 319 ac
1051 292 1192 322 sapientia:
1210 292 1273 324 fuit,
1288 300 1338 320 suo
1356 296 1438 328 atque
1452 295 1658 323 accommodato
1672 300 1795 332 tempore

1008 338 1214 371 miraculorum,
1231 347 1292 374 quae
1317 339 1351 367 ad
1379 340 1549 368 divinitatem
1579 342 1724 376 pertinent.
1744 339 1801 371 ini-'

1008 383 1074 410 tium
1090 383 1180 411 facere
1190 391 1252 411 eum
1267 384 1312 411 cui
1339 384 1366 411 in
1384 388 1441 412 tota
1456 385 1511 412 vita
1526 388 1747 416 mansuetudinis
1766 393 1794 416 et

1007 429 1157 456 clementiae
1179 429 1364 457 testimonium
1395 430 1531 459 redditum
1560 436 1613 465 est,
1634 434 1736 469 quique
1760 436 1793 463 ad

1008 476 1228 509 promerendum,
1246 480 1326 510 atque
1353 476 1386 503 ad
1405 479 1561 505 communia
1576 479 1662 506 oilicia
1677 480 1794 515 fungen-

1007 521 1041 547 da
1057 529 1208 555 propensus
1222 521 1336 552 exstitit.
1350 529 1400 548 nec
1427 522 1545 557 aliquem
1563 532 1683 558 unquam
1699 533 1792 552 eorum

1006 566 1053 601 qui
1066 574 1118 593 non
1133 567 1183 601 ipsi
1201 568 1435 598 auscultavcrunt.
1450 569 1524 596 ultus
1535 574 1588 601 est,
1605 578 1639 598 ne
1654 575 1719 599 tunc
1732 573 1794 607 qui-

1006 612 1066 638 dem
1080 619 1142 638 cum
1159 616 1188 639 ut
1204 613 1263 640 ovis
1287 614 1320 640 ad
1340 615 1506 642 occisionem
1534 615 1695 649 ducebatur,
1712 621 1793 652 atque

1005 662 1034 683 ut
1048 666 1135 692 agnus
1150 666 1242 685 coram
1264 660 1395 687 tondente
1411 668 1440 687 se
1454 681 1460 691 .
1478 662 1695 690 obmutescebat.
1710 663 1791 699 427

1005 703 1055 735 Qui
1067 708 1167 734 anteiit,
1178 712 1282 739 qumso,
1292 706 1476 739 convenisset,
1489 715 1561 739 eum,
1577 708 1622 742 qui
1643 709 1705 735 talis
1720 714 1790 738 erat.

1004 755 1117 782 puerum
1134 749 1223 776 adhuc
1240 749 1358 777 Herodis
1370 751 1479 779 malitiae
1498 760 1553 779 non
1569 754 1730 786 concedere,
1746 757 1792 783 cui

1003 794 1083 820 etiam
1100 794 1133 820 ad
1150 795 1255 821 virilem
1286 798 1392 823 aetatem
1424 797 1558 831 profecto,
1583 799 1752 827 concedendi
1765 805 1792 827 et.

1003 839 1135 874 malignos
1162 840 1329 872 declinandi,
1347 843 1535 870 testimonium
1564 844 1701 873 redditum
1728 847 1793 873 est?

1003 884 1103 919 quique
1128 890 1156 912 et
1185 894 1214 913 se
1245 888 1395 919 occultare,
1414 892 1440 915 et
1456 889 1483 915 in
1510 890 1653 918 miraculis
1678 892 1791 922 edendis

166 935 245 969 λόγου
263 936 414 972 ἀκολουθίᾳ,
431 937 516 964 ταῦτα
539 938 646 964 ἔσεσθαι
666 938 775 974 encas-1:1
792 938 859 973 μετὰ
873 938 904 963 τὸ
917 938 945 964 si

1007 930 1113 958 laudem
1126 931 1244 966 etTugcre
1259 935 1525 961 consuercrit?nam
1542 944 1611 971 quos
1623 937 1680 971 ipse
1697 946 1777 966 curas
1790 957 1792 959 -

167 983 227 1007 πεῖν
241 982 277 1013 ὡς
292 983 358 1018 πρὸς
376 983 460 1018 αὐτὴν
481 984 529 1018 τὴν
549 984 740 1019 Ἰερουσαλήμ·
763 994 771 1009 ι
787 985 841 1010 Καὶ
857 983 953 1016 ἐξανα-

166 1028 292 1063 στήσεται
306 1028 425 1055 ἀπώλεια
439 1029 467 1055 ἐν
483 1029 521 1064 τῷ
536 1029 591 1064 λαῷ
608 1038 664 1060 σου,
680 1030 727 1056 καὶ
743 1030 829 1056 πάντα
847 1038 953 1065 περιτε-

163 1074 322 1108 τειχισμένα
335 1082 381 1100 σου
389 1075 537 1109 οἰχήσεται.
554 1084 562 1099 ›
578 1075 631 1101 Καὶ
647 1075 727 1110 ἆπερ,
741 1075 832 1110 φησὶν,
843 1076 856 1101 ὁ
871 1074 953 1100 τοιόσ-

162 1118 190 1144 δε
204 1119 295 1154 ἄρχων
310 1120 425 1146 πέπονθε
442 1120 512 1147 κατὰ
538 1121 583 1147 τὸν
610 1120 756 1147 ἐπελθόντα
776 1120 849 1155 αὐτῷ
872 1120 952 1146 πόλε-

165 1172 225 1199 μον,
242 1166 270 1191 ὲν
291 1162 313 1199 ᾧ
330 1166 433 1201 μητέρα
454 1167 499 1192 ἐπὶ
524 1166 629 1197 τέκνοις
647 1166 790 1201 ὴδέιιριεαν,
806 1166 840 1192 τὰ
863 1174 952 1201 παρα-

162 1211 265 1246 πλήσια
275 1213 320 1238 καὶ
331 1213 393 1247 ὑμῖν
407 1213 498 1244 αὐτοῖς
512 1216 614 1248 ποιήσω
630 1212 672 1239 διὰ
689 1213 737 1244 τὰς
749 1212 845 1244 κακίας
862 1213 948 1248 ὑμῶν.

169 1257 247 1291 Ὑμῖν
269 1257 297 1284 δὲ
321 1257 375 1283 τίσι
398 1257 414 1293 ἥ
437 1260 493 1289 τοῖς
518 1258 696 1293 καλουμένοις
719 1258 908 1294 Ἰσραηλίταις,
925 1258 949 1284 οἳ

160 1303 209 1329 καὶ
228 1303 397 1339 ἀπερῤίςρητε
413 1303 461 1330 σὺν
479 1303 517 1338 τῷ
534 1304 638 1338 βασιλεῖ
653 1304 745 1339 opm;
763 1304 806 1329 τὸν
829 1303 949 1339 Ἡρώδην

160 1347 344 1383 αἰνιττόμενος
354 1356 360 1362 ”
373 1349 419 1374 καὶ
440 1348 525 1374 ταῦτα
540 1356 570 1382 γε
593 1348 681 1375 πάντα
693 1348 853 1380 πεπόνθατε,
867 1349 949 1375 (διότι

160 1394 235 1425 παῖς,
251 1403 260 1418 ι
281 1394 373 1429 φησιν,
395 1404 403 1419 ι
416 1394 532 1429 Ἰσραὴλ,
553 1394 600 1420 καὶ
625 1394 678 1427 ἐγὼ
700 1394 832 1430 ἠγάπησα
856 1394 948 1426 αὑτὸν,

159 1441 208 1467 καὶ
231 1440 260 1474 ἐξ
275 1440 413 1474 Αἰγύπτου
438 1441 554 1468 ἐκάλεσα
577 1441 622 1467 τὸν
638 1441 700 1467 Υἱόν
717 1450 777 1476 μου.
794 1451 802 1466 ι
819 1441 880 1473 Πῶς
894 1442 948 1478 γὰρ

157 1484 215 1513 οἶόν
229 1495 258 1514 τε
275 1487 347 1514 κατὰ
361 1487 390 1514 τὸ
402 1487 467 1513 αὐτὸ
486 1489 546 1519 τοῖς,
564 1487 654 1519 αὐτοῖς
671 1488 883 1523 ἐπιμέμφεσθαι,
901 1489 948 1515 καὶ

158 1533 240 1560 πάλιν
258 1534 321 1565 τοὺς
343 1533 441 1564 αὐτοὺς
464 1534 583 1559 ἐπαινεῖν
594 1541 600 1565 ;
610 1533 679 1559 Ἀλλ’
693 1531 727 1568 ἦν
742 1534 756 1559 ὁ
769 1533 870 1569 ἀληθὴς
886 1533 949 1565 νοῦς

157 1579 261 1615 ταύτην
275 1579 343 1615 ἔχων
357 1579 483 1616 θεωρίαν.
493 1580 601 1615 Ἰσραὴλ
611 1580 664 1615 γὰρ
675 1580 689 1606 ὁ
700 1580 816 1615 Χριστὸς
827 1580 873 1607 καὶ
885 1580 946 1607 καθ’

157 1626 255 1662 ἑτέρας
278 1626 456 1662 ἀνηγόρευται
481 1625 658 1662 προφητείας,
676 1625 817 1661 ιῦσπεροῦν
836 1626 883 1652 καὶ
901 1626 947 1652 ἐπὶ

154 1670 206 1705 τῆς
223 1670 372 1706 παρούσης.
383 1671 490 1706 Ἐπειδὴ
515 1671 602 1698 τοίνυν
617 1668 703 1703 οὗτος,
719 1672 810 1707 φησὶν,
829 1671 947 1707 ὑπήκοὸς

156 1725 202 1751 μοι
213 1717 365 1752 γενόμενος,
378 1718 484 1753 μορφὴν
495 1717 587 1744 δούλου
604 1718 709 1752 εἴληφε,
721 1719 768 1745 καὶ
779 1718 874 1753 γέγονε
884 1726 948 1745 παι-

153 1763 209 1789 δίον
223 1763 364 1798 ἀγαπητὸν
382 1764 453 1799 ἐμοὶ,
472 1765 562 1791 πᾶσαν
577 1764 625 1800 τὴν
641 1765 709 1800 ἐμὴν
724 1765 867 1797 ἐκτελέσας
884 1765 946 1800 βου-

152 1809 213 1844 λὴν,
230 1809 275 1837 διὰ
296 1810 374 1837 τοῦτο
397 1811 476 1839 αὑτὸν
494 1811 543 1846 μὲν
566 1811 619 1837 ἀπὸ
633 1812 680 1846 τῆς
696 1811 844 1845 Αἰγύπτου,
860 1812 900 1843 εἰς
913 1812 946 1847 ἣν

152 1855 367 1892 ὲνανθρωπήσας
377 1857 567 1892 κατελήλυθεν,
578 1857 648 1884 οὕτω
661 1857 824 1892 δηλουμένου
840 1857 886 1884 τοῦ
898 1866 946 1884 πε-

153 1901 257 1936 ριγείου
268 1902 361 1934 τόπου,
374 1902 390 1938 ἢ
405 1904 453 1929 καὶ
503 1903 587 1938 αὐτῆς
599 1904 648 1938 τῆς
664 1903 809 1939 προχείρου
825 1902 868 1930 οἷα
883 1905 946 1939 γνή-

154 1955 212 1972 σιον
226 1947 273 1974 καὶ
289 1948 429 1984 ἀγαπητὸν
443 1949 504 1975 Υἰὸν
517 1949 724 1985 ἀνεκαλεσὰμην
734 1958 740 1964 '
753 1950 822 1984 ὑμᾶς
833 1950 869 1981 δὲ,
881 1950 943 1982 τοὺς

153 1992 221 2024 πρὸς
235 1992 282 2025 οὒς
298 1995 312 2020 ὁ
328 1994 414 2028 λόγος,
435 1995 482 2021 σὺν
505 1996 551 2022 καὶ
566 1997 598 2031 τῇ
615 1995 737 2032 ὑμετέρᾳ
751 1995 873 2031 βασιλείᾳ
886 1996 944 2022 ὄλε-

151 2038 216 2073 θρος
243 2040 289 2066 καὶ
309 2040 431 2067 ἀπώλεια
454 2042 652 2077 παραλήψεται.
668 2042 759 2068 Ταῦτα
782 2042 829 2077 μὲν
844 2043 860 2077 ἡ
875 2050 942 2077 προ-

151 2085 269 2119 φητεία’
291 2087 420 2122 πρόδηλον
444 2087 470 2113 δὲ
492 2088 565 2119 ὅπως
592 2088 645 2114 ἀπὸ
670 2087 723 2114 τῶν
745 2087 791 2114 τοῦ
819 2088 942 2123 Σωτῆρος

150 2132 231 2167 ἡμῶν
239 2133 343 2168 χρόνων
359 2134 583 2170 πολιορκηθείσης
599 2135 649 2168 τῆς
671 2134 858 2169 Ἰερουσαλὴμ,
869 2134 939 2161 καθ-

151 2178 237 2214 ῃρέοη
255 2180 301 2206 καὶ
324 2181 362 2211 εἰς
386 2180 416 2206 τὸ
439 2181 568 2212 παντελὲς
585 2181 722 2216 ἀπερρίφη
740 2182 756 2216 ἠ
784 2181 863 2216 μέχρι
881 2180 941 2207 τότε

151 2227 275 2252 συστᾶσα
285 2226 332 2252 τοῦ
349 2226 482 2252 Ἰουδαίων
497 2226 588 2258 ἔθνους
602 2227 747 2261 αὑτονομὶα
758 2235 786 2253 τε
799 2227 846 2253 καὶ
859 2227 938 2262 ἀρχή.

150 2271 224 2306 Πλὴν
236 2271 304 2298 ἀλλὰ
315 2272 404 2307 τρίτον
421 2272 469 2307 ’ἤδη
484 2272 518 2298 τὰ
534 2272 598 2307 περὶ
613 2273 661 2307 τῆς
676 2269 813 2307 Αἰγύπτου
832 2273 878 2299 καὶ
892 2273 940 2308 τῆς
957 2291 978 2318 D

150 2317 244 2343 αὐτόθι
262 2317 379 2352 ἀφίξεως
393 2317 474 2344 αὑτοῦ
490 2319 718 2354 προπεῳήτευται.
735 2319 766 2345 Εἰ
778 2319 805 2344 δέ
818 2328 859 2350 τις
873 2318 941 2345 αὐτὰ

151 2363 283 2398 μηδαμῶς
300 2363 465 2399 ἐρραρμᾶζειν
482 2364 526 2390 ἐπὶ
545 2364 588 2390 τὸν
606 2364 739 2399 ἡμέτερον
756 2364 828 2397 λέγοι
850 2363 942 2398 Σωτῆ-

150 2416 196 2443 pst,
213 2408 280 2435 ἀλλὰ
303 2409 347 2435 τά¹
359 2417 390 2443 γε
415 2409 463 2443 τῆς
480 2409 525 2435 τοῦ
541 2408 678 2435 Ματθαίου
696 2409 873 2444 παραθέσεως
888 2409 942 2436 ἀπὸ

150 2454 200 2489 τῆς
225 2454 300 2490 παρὰ
324 2455 433 2481 Μωῦσεῐ
456 2455 607 2490 μαρτυρίας
630 2454 703 2489 αὐτῷ
719 2455 940 2490 παρειλημμένα,

152 2500 184 2534 ἣν
198 2500 245 2526 καὶ
260 2500 359 2535 ἀρτίως
374 2500 578 2536 διεληλύθαμεν,
592 2501 632 2531 τὸ,
656 2510 664 2525 ι
677 2501 704 2526 Ὀ
717 2500 782 2531 Θεὸς
800 2501 941 2536 ὡδήγησεν

152 2545 232 2573 αὑτὸν
249 2546 277 2579 ἐξ
294 2546 441 2581 Αἰγύπτου,
454 2557 462 2572 ι
480 2547 670 2582 διηγούμενοι·
685 2547 745 2572 ἐπεὶ
762 2546 822 2581 μηδ’
837 2547 940 2578 αὐτὸςό

150 2591 343 2627 εὐαγγελιστὴς
354 2592 407 2619 ἀπὸ
421 2593 469 2628 τῆς
482 2592 527 2619 τοῦ
543 2592 620 2627 Ὠσηὲ
635 2593 803 2627 προφητείας
812 2592 938 2626 εἰλῆφθαι

149 2638 224 2673 αὐτῷ
242 2638 272 2665 τὸ
286 2638 375 2672 λόγιον
391 2638 501 2675 ἔφησεν,
518 2639 555 2669 ὡς
570 2638 709 2670 δύνασθαι,
723 2639 771 2666 καὶ
788 2638 868 2664 πόθεν
884 2639 940 2665 ἐπι-

148 2682 328 2719 ζητήσαντας,
342 2685 430 2720 εὑρεῖν
455 2684 520 2710 αὐτὸ
542 2685 683 2719 κείμενον·
710 2685 770 2711 ὅθεν
797 2684 870 2716 εἰκὸς
893 2684 937 2711 τὸν

147 2729 342 2766 εὐαγγελιστὴν
356 2730 519 2766 πεποιῆσθαι
534 2730 616 2757 αὺτοῦ
633 2730 681 2765 τὴν
700 2729 817 2757 ἔκθεσιν.

1005 981 1056 1008 set,
1075 977 1109 1005 iis
1124 978 1274 1012 imperabat
1294 984 1322 1006 ut
1337 981 1436 1007 nemini
1450 981 1581 1010 dicerent.
1596 983 1674 1016 Quod
1690 985 1713 1012 si
1730 986 1791 1020 quis

1005 1023 1173 1057 prophetiam
1192 1024 1262 1051 hanc
1277 1025 1309 1052 ad
1324 1027 1452 1060 populum
1468 1027 1579 1057 referat.
1589 1028 1718 1064 dicatque
1734 1030 1792 1058 haec

1003 1068 1036 1095 de
1053 1069 1152 1103 populo
1166 1077 1198 1096 ex
1217 1071 1322 1098 semine
1346 1071 1429 1099 Israel
1455 1074 1572 1101 oriundo
1586 1075 1658 1102 dicta
1678 1084 1750 1110 esse,
1768 1077 1791 1105 is

1003 1115 1124 1141 attendat
1140 1115 1285 1143 Verborum
1309 1118 1432 1145 ordinem
1459 1119 1486 1145 in
1502 1121 1603 1154 quibus
1623 1121 1680 1148 hate
1699 1122 1791 1151 futura

1002 1159 1141 1191 dicuntur,
1152 1166 1296 1196 postquam
1314 1164 1415 1190 dictum
1439 1169 1481 1192 est
1495 1166 1573 1200 quasi
1590 1166 1621 1193 ad
1642 1167 1730 1202 ipsum
1745 1168 1791 1197 Je-

1003 1207 1134 1238 rusalem,
1154 1216 1162 1231 ι
1182 1212 1208 1233 et
1223 1213 1353 1244 exsurget
1377 1211 1495 1245 perditio
1518 1212 1545 1239 in
1563 1214 1663 1248 populo
1687 1218 1744 1247 tuo.
1762 1219 1790 1243 et

1001 1252 1091 1277 omnia
1121 1253 1224 1279 munita
1255 1258 1300 1281 tua
1332 1256 1480 1290 peribunt;
1512 1268 1520 1284 ι
1540 1262 1567 1285 et
1593 1267 1653 1293 qua:
1679 1261 1789 1294 quidem

1000 1297 1128 1332 princeps
1146 1306 1242 1333 passus
1263 1304 1304 1327 est
1325 1301 1351 1327 in
1370 1301 1451 1334 bello,
1469 1303 1496 1330 in
1514 1311 1566 1338 quo
1579 1310 1691 1342 matrem
1708 1314 1791 1341 super

1001 1343 1074 1374 illis,
1094 1348 1173 1371 terra:
1198 1346 1351 1379 alliserunt,
1371 1348 1465 1376 eadem
1485 1350 1560 1378 vobis
1584 1359 1694 1386 quoque
1722 1352 1790 1387 ipsis

1000 1389 1097 1416 iaciam
1116 1396 1226 1426 propter
1245 1394 1365 1420 malitias
1389 1400 1506 1423 vestras.
1526 1395 1610 1424 Vobis
1632 1405 1714 1432 porro
1728 1398 1790 1433 qui-

998 1434 1050 1462 bus
1078 1436 1188 1463 tandem
1212 1438 1284 1469 aliis,
1316 1439 1370 1466 nisi
1398 1441 1445 1475 qui
1475 1442 1612 1469 vncamini
1641 1443 1790 1471 Israelita“?

998 1482 1101 1516 quique
1112 1483 1193 1510 etiam
1210 1485 1305 1519 rejecti
1318 1486 1386 1513 estis
1397 1494 1458 1513 cum
1476 1495 1540 1523 rege
1554 1489 1663 1516 vestro?
1676 1490 1721 1517 ubi
1736 1490 1790 1517 He-

999 1527 1090 1554 rodem
1117 1529 1265 1558 obscurius
1293 1530 1421 1559 indicat:
1449 1536 1476 1559 et
1503 1532 1560 1560 htec
1593 1535 1685 1562 omnia
1714 1536 1789 1570 passi

998 1574 1075 1605 estis,
1093 1583 1102 1599 σ
1124 1576 1253 1610 quoniam
1265 1585 1342 1612 puer,
1358 1578 1456 1613 inquit.
1470 1584 1512 1606 est
1527 1579 1609 1607 lsracl
1623 1600 1629 1611 ,
1642 1585 1668 1608 et
1682 1589 1732 1616 ego
1746 1582 1789 1609 di-

960 1608 981 1636 C
998 1618 1050 1645 lexi
1066 1627 1128 1646 eutn
1150 1625 1199 1647 :et
1217 1622 1250 1648 de
1273 1621 1392 1657 Egyplo
1417 1624 1511 1650 vocavi
1541 1624 1625 1651 lilium
1654 1633 1755 1654 meum.
1774 1636 1785 1653 ›

999 1664 1050 1697 Qui
1065 1666 1136 1692 enim
1154 1667 1210 1694 ﬁeri
1234 1673 1333 1702 potest,
1347 1674 1375 1696 ut
1390 1671 1484 1696 eodem
1508 1670 1535 1697 in
1556 1671 1617 1698 loco
1634 1672 1744 1699 eosdem
1760 1677 1787 1700 et

999 1716 1110 1739 accuset
1120 1716 1145 1739 et
1163 1713 1270 1740 laudet?
1284 1714 1330 1742 scd
1348 1723 1428 1742 verus
1443 1723 1542 1743 sensus
1558 1721 1600 1744 est
1616 1717 1649 1750 is,
1661 1718 1788 1753 quiltanc

998 1756 1078 1785 habet
1093 1760 1363 1794 contemplationem.
1380 1760 1463 1788 lsrael
1480 1763 1551 1789 enim
1564 1763 1591 1789 in
1606 1763 1658 1790 alia
1673 1765 1788 1799 prophe-

999 1803 1034 1829 tia
1051 1804 1142 1832 dictus
1158 1810 1200 1832 cst
1214 1805 1352 1839 Christus,
1375 1808 1603 1841 quemadmodum
1617 1809 1644 1836 in
1655 1809 1706 1836 ltac
1716 1818 1786 1845 quo-

997 1857 1049 1883 que
1065 1858 1146 1884 quam
1175 1860 1249 1879 nunc
1278 1856 1437 1880 tractaturus.
1463 1854 1598 1886 Quoniam
1623 1855 1705 1889 igitur
1728 1856 1784 1888 hic,

997 1894 1096 1929 inquit,
1114 1895 1244 1923 obediens
1259 1897 1324 1924 mihi
1339 1898 1439 1928 factus,
1452 1899 1566 1926 fortnam
1577 1901 1648 1928 servi
1668 1902 1784 1937 accepit,

956 1951 959 1955 λ
995 1946 1022 1968 et
1039 1941 1127 1968 factus
1141 1946 1183 1969 est
1199 1950 1266 1977 puer
1290 1944 1356 1970 mihi
1380 1944 1505 1977 dilectus,
1522 1946 1586 1973 dum
1605 1947 1696 1973 omnia
1712 1955 1786 1982 quae-

995 1996 1104 2022 cunque
1124 1988 1185 2015 volo
1207 1988 1298 2021 edicit,
1316 1989 1419 2017 idcirco
1446 1991 1523 2018 illum
1550 2000 1584 2019 ex
1606 1992 1735 2028 Egypto,
1751 1994 1785 2021 ad

995 2043 1075 2069 quam
1094 2035 1212 2062 hominis
1228 2035 1317 2063 forma
1336 2041 1479 2072 assumpta
1506 2038 1657 2071 descendit,
1674 2039 1738 2066 dum
1753 2048 1786 2068 ea

995 2090 1061 2108 voce
1077 2086 1203 2110 terrenus
1219 2084 1298 2111 locus
1315 2083 1495 2118 signiﬁcatur,
1513 2089 1560 2111 aut
1579 2086 1662 2113 etiam
1683 2094 1713 2114 ex
1739 2087 1785 2113 illa

994 2128 1144 2163 vulgatiore
1160 2133 1290 2164 tanquam
1303 2131 1454 2165 legitimum
1480 2130 1666 2167 dilectumque
1682 2131 1783 2159 Filium

993 2175 1103 2201 evocavi
1119 2184 1125 2201 :
1139 2183 1187 2203 ros
1207 2179 1296 2202 autem
1313 2176 1387 2211 ipsos
1403 2177 1436 2204 ad
1461 2184 1530 2211 quos
1550 2185 1640 2205 sermo
1664 2178 1785 2206 directus

992 2225 1044 2252 est,
1064 2229 1118 2248 una
1147 2230 1209 2248 cum
1237 2230 1321 2258 regno
1350 2228 1442 2251 vestro
1471 2224 1597 2253 interitus
1622 2231 1648 2253 et
1670 2226 1785 2260 perditio

993 2268 1216 2303 comprehendet.
1239 2269 1303 2297 nam
1320 2270 1429 2304 quidem
1448 2271 1507 2305 ipsa
1533 2272 1675 2307 prophetia
1690 2283 1696 2300 :
1712 2281 1781 2300 con-

993 2319 1048 2340 stat
1070 2318 1160 2342 autem
1179 2316 1408 2349 quemadmodum
1433 2321 1494 2351 post
1525 2316 1677 2346 Salvatoris
1692 2320 1780 2347 nostri

991 2364 1125 2394 tempora,
1141 2369 1202 2387 cum
1221 2361 1335 2388 obsessa
1363 2361 1460 2388 {uisset
1489 2369 1521 2388 ac
1541 2366 1647 2389 vastata
1669 2362 1782 2390 Jerusao

991 2407 1053 2438 lem,
1066 2407 1190 2433 sublatus
1202 2411 1254 2438 est,
1271 2411 1297 2434 et
1311 2407 1343 2433 ad
1359 2412 1507 2435 extremam
1535 2409 1683 2442 perniciem
1711 2409 1781 2443 reje-

990 2457 1062 2484 ctns,
1084 2453 1130 2487 qui
1147 2461 1234 2488 usque
1249 2455 1281 2480 ad
1299 2454 1364 2480 illud
1390 2458 1498 2489 tempus
1522 2459 1635 2482 steterat
1659 2454 1780 2482 Judaicas

989 2499 1078 2533 gentis
1099 2499 1186 2534 legum
1218 2508 1285 2526 usus
1311 2500 1456 2535 omnisque
1472 2500 1652 2535 principatus.
1665 2500 1780 2528 Verum-

992 2550 1082 2572 tamen
1112 2546 1167 2580 jam
1192 2547 1285 2578 tertio,
1310 2554 1370 2581 qum
1389 2546 1422 2573 ad
1450 2546 1597 2581 {Egyptum
1629 2547 1777 2581 pertinent,

991 2600 1106 2626 quaeque
1123 2592 1155 2618 ad
1173 2592 1225 2619 iter
1239 2592 1310 2627 quod
1330 2593 1358 2620 in
1377 2593 1449 2619 illam
1468 2596 1510 2620 est
1527 2592 1780 2624 factunydivinitus

991 2639 1119 2672 praedicta
1140 2642 1226 2666 sunt:
1243 2639 1315 2673 quod
1333 2640 1355 2666 si
1371 2639 1432 2674 quis
1457 2639 1532 2666 nullo
1556 2640 1636 2667 modo
1661 2640 1781 2667 fateatur

990 2693 1023 2711 ea
1043 2690 1138 2713 nostro
1162 2684 1299 2712 Salvatori
1315 2686 1472 2716 convenire,
1487 2689 1514 2711 at
1540 2686 1635 2712 saltem
1656 2693 1719 2713 cum
1745 2694 1778 2715 ea

991 2730 1132 2758 Mattlneus
1148 2732 1315 2766 apposuerit,
1335 2731 1368 2758 de
1383 2731 1541 2758 testimonio
1559 2731 1632 2766 quod
1649 2736 1690 2758 est
1705 2732 1778 2767 apud

150 2775 250 2803 Musem
267 2777 301 2804 ab
323 2777 371 2804 illo
388 2781 509 2812 accepta,
527 2785 560 2804 ne
571 2780 659 2811 neget,
683 2777 756 2812 quod
782 2776 864 2811 paulo
894 2781 955 2804 ante
974 2777 1163 2810 tractavimus,
1185 2777 1248 2804 dum
1259 2778 1324 2804 illud
1335 2778 1418 2813 428
1436 2787 1442 2805 :
1463 2778 1549 2806 «Deus
1563 2778 1640 2805 duxit
1655 2778 1731 2806 illum
1743 2787 1776 2807 ex

147 2821 277 2857 Aigypto,
301 2833 311 2848 ›
327 2830 498 2853 enarrcmns,
515 2822 625 2857 quando
643 2829 677 2849 ne
700 2821 759 2856 ipse
778 2820 887 2856 quidem
898 2821 1076 2855 evangelista,
1092 2830 1121 2849 se
1133 2822 1167 2849 ab
1183 2823 1270 2857 ipsius
1294 2821 1371 2849 Osca:
1387 2822 1528 2858 prophetia
1550 2824 1691 2850 oraculum
1728 2832 1775 2851 ac—

148 2868 254 2903 cepisse
269 2868 410 2898 indicavit.
433 2872 462 2895 ut
486 2869 666 2902 undecunque
681 2871 835 2902 qtnerentcs
861 2868 966 2903 possint
986 2868 1024 2895 illi
1041 2867 1196 2903 ubicunque
1218 2869 1335 2904 positum
1352 2870 1398 2902 sit,
1424 2870 1546 2898 invenire
1565 2879 1572 2897 :
1592 2870 1628 2897 ibi
1650 2870 1774 2900 videlicet

148 2913 219 2942 unde
231 2922 280 2949 par
293 2919 335 2943 est
346 2914 538 2949 evangelistam
554 2913 618 2942 illud
635 2913 793 2949 protulisse.
