2099 3217
316 181 367 211 θϐτ

352 240 392 266 Ab
409 239 495 267 Isaia.
512 254 545 260 -—
564 239 603 267 De
627 239 742 280 Joannis
760 240 788 267 iu
813 241 917 268 deserto
942 240 1075 276 pra’dica-

672 280 752 302 H0119.

353 343 363 359 ι
382 332 440 359 Vox
450 332 592 359 clamantis
601 332 628 359 in
641 331 766 359 deserto:
778 331 878 359 Parate
890 333 961 359 viam
975 332 1103 361 Domini:

317 383 404 405 rectus
422 377 502 403 facile
517 376 629 404 semitas
645 376 715 410 ejus.
730 377 826 404 Omnis
843 378 921 404 vallis
938 378 1104 413 implebitur,

315 429 341 450 ct
354 424 444 450 o.uuis
458 431 536 450 mons
546 423 660 450 etcollis
671 423 863 450 humiliabitur
879 433 886 450 :
903 428 930 450 et
945 429 1024 451 erunt
1043 433 1105 459 pra-

314 478 346 496 va
360 470 385 496 iu
397 474 510 500 rectam,
524 472 551 496 et
565 477 669 503 aspera:
682 469 708 496 in
724 469 783 496 vias
797 469 891 504 planas
910 479 916 496 :
931 475 958 497 ct
969 470 1104 498 videbitur

314 516 400 550 gloria
420 515 537 543 Domini.
557 515 587 542 lit
602 515 705 542 videbit
722 516 812 542 omnis
827 523 892 542 caro
907 516 1028 543 salutare
1045 516 1102 548 Dei,

313 562 443 597 quoniam
466 561 598 588 Dominus
612 562 719 588 locutus
734 561 815 588 est“.
833 571 841 586 ι
857 561 913 588 Hoc
930 569 1038 596 quoque
1057 570 1104 588 va-

314 608 437 636 licinium
455 608 600 642 oportebat
631 607 683 634 sub
710 606 861 634 Salvatoris
883 608 971 634 nostri
996 612 1103 642 tempus

313 662 393 681 suum
410 653 490 680 ﬁnem
516 654 684 688 contingere.
703 653 852 686 Quocirca,
872 657 901 680 ut
914 653 986 688 apud
1001 652 1101 680 Lucam

312 700 506 734 evangelistam
525 700 658 734 scriptum
669 703 724 731 est.
748 709 757 724 ι
778 700 807 726 ln
825 707 898 726 anno
913 701 1011 735 quinto
1027 700 1103 728 deci-

312 754 357 773 tno
372 746 479 781 Imperii
493 745 595 773 Tiberii
611 746 739 778 (Izesaris,
756 750 920 780 procurante
944 745 1042 773 Pontio
1057 745 1102 773 Pi-

312 790 506 822 latoJudzeam.
520 802 529 817 μ
540 792 701 826 exterisque
712 792 908 826 imperantibus
920 792 1036 827 quicum
1050 793 1102 820 hoc

312 841 556 868 connutncrantur,
579 845 588 862 ι
608 837 709 864 factum
724 841 766 864 est
781 837 893 864 verbum
907 837 953 864 Dei
968 838 1001 864 ad
1017 837 1101 865 Joan-

311 891 373 910 nem
395 883 536 910 Zacburia:
552 883 647 916 lilium,
669 883 695 910 in
712 883 830 910 deserto.
855 883 888 910 Et
902 890 964 910 cum
981 884 1100 911 venisset

622 179 757 208 EUSEBII
779 179 1020 208 CASSARIENSIS
1040 180 1116 208 OPP.
1147 179 1247 207 PARS.
1271 178 1345 207 il.-
1363 177 1612 206 APOLOGETICA.

1123 243 1147 270 A
1167 239 1232 267 Ἄπι)
1247 239 1301 267 τοῦ
1321 239 1453 267 Ἡσαΐου.
1467 253 1501 259 ——
1516 239 1584 273 Περὶ
1599 237 1652 265 τοῦ
1667 236 1741 264 κατὰ
1759 234 1817 268 τὴν
1835 234 1946 268 ἔρημον

1894 175 1945 201 668

1384 273 1519 302 Ἰωάννου
1533 274 1728 308 κηρὺῃλατος.

1196 331 1296 367 «Φωνὴ
1314 330 1429 366 βοῶντος
1456 331 1483 356 ἐν
1508 332 1540 366 τῇ
1567 331 1676 366 ἐρήμῳ·
1700 327 1876 363 Ἑτοιμάσατε
1896 326 1945 361 τήν

1157 377 1216 405 ὁδὸν
1232 377 1336 412 Κυρίου
1345 385 1352 391 ·
1369 375 1475 408 εὐθείας
1485 377 1586 402 ποιεῖτε
1598 376 1646 407 τὰς
1659 374 1768 410 τρίϐους
1781 372 1873 400 tat-32:5.
1889 372 1945 398 Ili-

1159 431 1192 448 σα
1210 422 1317 458 φάραγξ
1335 421 1552 457 πληρωθήσεται,
1569 421 1615 447 καὶ
1640 421 1693 447 πᾶν
1707 419 1767 455 ἦρος
1784 419 1831 445 καὶ
1852 418 1944 453 βουνὸς

1156 469 1408 504 ταπεινωθήσεται·
1427 469 1474 499 καὶ
1496 468 1571 494 ἔσται
1594 468 1628 494 τὰ
1652 467 1744 493 σκολιὰ
1761 467 1800 498 εἰς
1824 465 1942 498 εὐθεῖαν,

1157 515 1204 541 καὶ
1216 516 1243 541 ai
1260 516 1383 550 τραχεῖαι
1398 515 1438 546 είς
1453 514 1529 545 ὀδοὺς
1543 513 1632 545 λείας*
1646 513 1693 539 καὶ
1707 512 1853 547 ὀφθήσεται
1869 514 1886 547 ή
1900 512 1943 539 ὁὸ-

1157 561 1190 595 ξα
1207 562 1320 596 Κυρίου.
1340 561 1394 587 Καὶ
1407 560 1501 594 ἕψεται
1525 560 1598 586 πᾶσα
1620 558 1687 594 σὰρξ
1701 559 1731 585 τὸ
1749 559 1880 594 σωτήριον
1895 558 1943 585 τοῦ

1156 607 1234 638 Θεοῦ,
1250 608 1290 634 ὅτι
1306 607 1406 642 Κύριος
1415 605 1650 641 ἐλάλησεν.ι”Ι-Ξδει
1665 606 1711 631 καὶ
1721 604 1821 638 ταύτην
1836 603 1941 630 ἐπὶτῶν

1155 655 1257 690 χρόνων
1283 653 1329 680 τοῦ
1353 653 1477 688 Σωτῆρος
1502 652 1579 687 ἡμῶν
1602 652 1648 678 ἐπὶ
1671 651 1756 687 πέρας
1781 651 1868 677 ἐλθεῖν
1892 651 1941 686 τὴν

1155 701 1314 736 πρόρρησιν.
1333 700 1432 735 Διόπερ
1453 699 1523 726 κατὰ
1546 699 1592 726 τὸν
1613 698 1807 734 εὐαγγελιστῇν
1823 699 1941 730 Λουκίν,

1157 756 1166 772 ‹
1179 747 1222 773 Ἐν
1244 746 1298 773 ἔτει
1326 745 1558 780 πεντεκαιδεκάτῳ
1653 745 1800 779 ἡγεμονίας
1815 744 1878 770 Τιῦε
1884 743 1940 780 ρίου

1154 793 1302 828 Καίσαῳς,
1318 791 1543 826 ἐπιτροπεύοντος
1556 790 1667 816 Ποντίου
1684 790 1801 816 Πιλάτου
1815 791 1864 824 τῆς
1876 791 1942 816 Ἰου-

1153 839 1238 870 δαίας,
1251 850 1260 864 ι
1273 839 1320 865 καὶ
1338 838 1391 865 τῶν
1402 838 1489 873 τούτῳ
1515 837 1785 873 συναριθμουμένων,
1801 847 1810 861 ‹
1831 837 1940 870 ἐγένετο

1154 884 1230 919 ῥῆμα
1240 883 1306 909 Θεοῦ
1327 884 1372 909 ἐπὶ
1393 882 1517 917 Ἰωάννην
1533 882 1578 909 τὸν
1592 881 1638 908 τοῦ
1654 881 1786 916 Ζαχαρίου
1801 881 1856 908 υίὺν
1868 882 1895 907 ἐν
1908 882 1939 916 τῇ

312 929 338 955 in
353 936 460 956 onmem
475 933 587 961 terram,
603 937 664 964 qua:
677 933 719 956 est
741 929 845 956 circum
861 929 1017 963 Iordanem,
1032 939 1095 966 pra}.

1151 931 1245 965 ἐρήμῳ
1255 939 1261 944 ·
1279 930 1308 961 ὃς
1324 929 1408 956 ἐλθὼν
1422 931 1463 960 εἰς
1477 929 1568 955 πᾶσαν
1583 929 1632 964 τήν
1649 929 1801 964 περίχωρον
1814 927 1860 954 τοῦ
1875 927 1940 962 Ἰορ-

311 974 411 1002 dicavit
424 976 559 1010 baptisma
579 977 747 1011 pmnitentia:
757 977 784 1003 in
798 977 987 1004 remissionem
1002 986 1100 1012 pecua-

312 1025 400 1048 lorum
412 1021 444 1048 ³³.
460 1031 469 1047 ι
488 1021 569 1049 Hisce
583 1026 674 1049 autem
691 1023 856 1057 evangelista
872 1022 966 1057 adjicit
977 1024 1101 1051 testimo-

310 1068 396 1097 nium.
408 1067 523 1096 dicens:
541 1077 550 1092 ί
566 1067 643 1095 Sicut
658 1068 791 1102 scriptum
807 1072 849 1095 est
865 1069 891 1095 in
909 1069 978 1095 libro
993 1077 1099 1096 sermo-

309 1120 375 1140 num
388 1112 465 1141 lsaite
480 1113 619 1148 propheta:
636 1123 643 1140 :
660 1113 718 1141 ‘lox
737 1114 882 1142 clamantis
912 1115 939 1141 in
963 1115 1072 1143 deserto
1091 1126 1096 1142 :

308 1159 407 1187 Pal-ate
419 1161 491 1187 viam
517 1160 625 1187 Domini
641 1161 663 1176 “
677 1181 685 1194 ,
703 1170 713 1186 ›
735 1164 762 1187 et
778 1169 838 1195 qua:
848 1166 1010 1195 sequuntur.
1028 1161 1098 1195 Quid

308 1207 392 1242 igitur
408 1207 516 1234 tondent
532 1207 607 1234 aliud
625 1207 761 1234 clamabat
776 1206 890 1234 Joannis
908 1209 953 1234 illa
967 1209 993 1235 in
1009 1209 1100 1236 deser-

307 1256 337 1280 to
352 1253 506 1288 przcdicans
519 1261 570 1280 vox
588 1253 622 1280 ad
647 1254 741 1281 turbas
768 1258 912 1286 exeuntes,
939 1258 968 1280 ut
984 1255 1018 1281 ab
1039 1255 1098 1289 ipso

307 1299 527 1334 baptizarentur,
548 1305 678 1335 tanquam
702 1299 736 1327 ad
760 1301 867 1335 reptilia
887 1300 1000 1331 deserti,
1016 1309 1097 1336 quam

308 1343 475 1370 conveniens
501 1344 792 1379 accmnmmlatuntque
817 1345 904 1372 illud:
928 1354 938 1371 ‹
969 1345 1098 1372 Germiua

307 1386 550 1422 viperarum,quis
567 1389 689 1416 ostendit
717 1389 795 1416 vobis
818 1389 913 1424 fugere
938 1397 952 1416 a
981 1395 1096 1417 ventura

306 1431 348 1460 ira
365 1433 407 1460 "’1'
423 1443 432 1459 ι
457 1433 490 1460 Et
507 1442 603 1461 rursus
618 1435 683 1461 dum
703 1442 802 1470 pravas
823 1435 929 1462 animas
948 1435 974 1462 in
995 1440 1096 1468 rectas,

307 1483 334 1506 et
350 1486 462 1514 asperas
479 1480 506 1506 in
526 1481 584 1507 vias
596 1481 690 1515 planas
710 1485 829 1516 reparat,
843 1482 952 1509 dicebat
973 1481 1068 1510 iisdem
1088 1492 1094 1509 :

309 1533 320 1550 α
340 1523 434 1552 Facite
449 1525 539 1563 igitur.
556 1525 664 1553 fructus
685 1526 782 1561 dignos
799 1528 966 1562 pmnitcntim
979 1527 1012 1554 ³⁵.
1035 1537 1044 1553 ι
1063 1527 1096 1554 Et

306 1568 365 1597 hate
395 1571 501 1598 scilicet
531 1571 750 1606 complebantur,
784 1573 848 1599 dmn
880 1572 1000 1599 Joannes
1024 1581 1094 1608 prae-

305 1619 419 1653 parabat
434 1627 482 1646 eos
508 1619 555 1654 qui
579 1618 663 1646 visuri
689 1624 768 1646 erant
785 1620 900 1655 gloriam
929 1619 1048 1652 Domini,
1067 1624 1095 1648 et

304 1665 377 1698 quod
409 1670 523 1692 vocatur
556 1665 676 1692 salutare
708 1665 774 1699 Dei,
807 1666 879 1701 quod
905 1666 1016 1701 quidem
1050 1666 1094 1693 ni-

303 1709 344 1737 hil
362 1710 434 1737 aliud
463 1715 522 1744 est,
544 1719 626 1747 quam
656 1711 785 1740 Christus
803 1732 810 1743 .
842 1713 914 1740 sicut
942 1713 1034 1740 verbis
1061 1713 1094 1739 il-

303 1756 338 1784 lis
372 1757 535 1784 testificatur
562 1767 568 1784 :
599 1766 609 1784 ι
642 1757 699 1792 Ego
723 1758 834 1794 quidem
865 1766 915 1785 vos
946 1766 1016 1794 aqua
1045 1758 1092 1785 ba-

303 1802 377 1838 ptizo
407 1811 413 1830 :
443 1803 517 1830 venit
541 1806 631 1830 autem
664 1802 762 1830 fortior
779 1811 822 1831 me
843 1806 906 1839 post
927 1811 987 1836 me,
1010 1802 1093 1840 429

302 1849 382 1883 cujus
402 1855 456 1875 non
478 1856 539 1876 sutn
558 1848 658 1884 dignus
682 1849 868 1877 calceamcnta
895 1853 1013 1884 gestare.
1033 1849 1093 1884 ipse

303 1902 352 1922 vos
370 1895 517 1930 baptizabit
539 1896 566 1922 in
591 1895 693 1930 Spiritu
719 1899 815 1923 sancto
840 1900 867 1923 et
882 1897 944 1931 igne
961 1896 993 1923 ".
1011 1906 1020 1921 ι
1039 1896 1091 1928 Qui

306 1941 388 1968 etiam
415 1949 477 1967 cum
507 1940 600 1968 Iesum
633 1942 746 1969 vidisset
769 1942 931 1974 venientem,
956 1942 1088 1969 exclama-

303 1987 341 2013 vit
366 1997 372 2014 :
395 1996 405 2010 ι
430 1986 500 2014 Ecce
519 1987 614 2023 Agnus
627 1987 672 2014 Dei
687 1988 732 2023 qui
746 1987 817 2014 tollit
828 1992 970 2023 peccatuut
985 1988 1089 2015 mundi.

303 2031 354 2059 llic
376 2035 428 2064 esi,
445 2032 480 2060 de
496 2041 550 2068 quo
566 2041 616 2068 ego
633 2033 691 2060 dixi
708 2043 714 2061 :
728 2033 850 2062 Post'mc
874 2035 948 2061 venit
974 2034 1027 2065 vir,
1044 2035 1091 2069 qui

303 2082 366 2105 ante
382 2086 425 2106 tne
443 2078 532 2107 factus
550 2085 593 2108 est
603 2080 636 2106 ⁸ο.
653 2090 662 2106 ι
677 2080 756 2114 Quod
772 2088 837 2108 vero
857 2080 927 2108 idem
952 2085 1024 2108 esset
1046 2089 1091 2108 sa-

302 2125 389 2152 lutare
403 2124 460 2154 Dei.
477 2125 588 2153 Simeon
603 2134 712 2161 quoque
732 2126 895 2154 testiﬁcatus
915 2130 966 2158 cst.
981 2128 1027 2162 qui
1045 2135 1091 2154 ac-

301 2175 381 2206 cepto
397 2171 424 2199 in
448 2172 527 2199 ulnas
550 2180 636 2207 puero
653 2172 729 2204 Iesu,
745 2173 813 2200 dixit
829 2183 835 2200 :
851 2182 860 2198 ‹
877 2172 954 2200 Nunc
974 2173 1089 2201 dimittis

301 2223 410 2243 servum
428 2221 514 2248 tuum,
533 2216 656 2249 Domine,
674 2219 824 2245 secundum
837 2219 948 2246 verbum
958 2223 1046 2250 tuum.
1061 2220 1088 2246 in

301 2269 378 2297 paCe.
391 2261 461 2296 Quia
474 2263 602 2290 viderunt
617 2264 689 2290 oculi
706 2264 758 2291 mei
775 2264 894 2291 salutare
909 2268 997 2296 tuum,
1014 2265 1087 2299 quod

1151 975 1242 1006 δάνον,
1271 976 1405 1010 ἐκήρυσσε
1433 974 1572 1009 βάπτισμα
1605 974 1748 1009 μετανοίας
1776 974 1816 1005 εἰς
1843 973 1938 1007 ἆξεσιν

1152 1021 1304 1057 ἁμαρτιῶν.
1321 1033 1329 1047 ι
1347 1021 1459 1052 Τούτοις
1479 1020 1501 1046 δ’
1520 1018 1565 1047 οὖν
1581 1020 1595 1045 ὁ
1608 1019 1802 1054 εὖαγγελιστής
1824 1020 1938 1054 ἐπιμαρ-

1149 1069 1226 1102 τυρεῖ
1251 1067 1356 1101 λέγων’
1377 1076 1386 1092 ‹
1402 1065 1499 1098 Καθὼς
1521 1066 1675 1100 γέγραπται
1699 1066 1726 1091 ἐν
1747 1065 1828 1100 βίϐλῳ
1852 1065 1938 1099 λόγων

1155 1114 1264 1141 Ἡσαΐου
1277 1114 1323 1140 τοῦ
1339 1114 1477 1149 προφήτου
1488 1121 1495 1127 ·
1515 1112 1592 1148 Φωνὴ
1622 1112 1735 1147 βοῶντος
1745 1112 1774 1137 ἐν
1784 1113 1817 1147 τῇ
1831 1112 1936 1147 ἐρήμῳ·

1156 1160 1334 1193 Ἑτοιμάσατε
1350 1159 1399 1194 τὴν
1416 1159 1474 1185 ἁδὺν
1486 1157 1588 1194 Κυρίου
1599 1168 1606 1174 π
1619 1167 1628 1182 ι
1647 1157 1694 1184 καὶ
1713 1157 1747 1183 τὰ
1762 1157 1833 1192 ἑξῆς.
1853 1157 1886 1183 Τί
1905 1157 1937 1193 δὴ

1149 1203 1195 1232 οῦν
1212 1205 1275 1231 ἐϐόα
1297 1206 1313 1240 ή
1337 1205 1381 1231 διὰ
1404 1204 1450 1230 τοῦ
1475 1204 1597 1230 Ἰωάννου
1614 1203 1688 1238 φωνὴ
1702 1203 1748 1229 ἐπὶ
1770 1203 1820 1238 τῆς
1833 1203 1936 1238 ἐρήμου

1149 1250 1322 1286 κηρύσσουσα
1338 1250 1354 1284 ἦ
1371 1251 1427 1281 τοῖς
1450 1249 1676 1284 ἐκπορευομένοις
1690 1249 1778 1284 ὀχλοις
1792 1248 1938 1284 βαπτισθῆ-

1147 1304 1191 1322 ναι
1209 1297 1253 1322 ὑπ’
1266 1295 1359 1328 αὑτοῦ,
1377 1295 1414 1327 ὡς
1429 1296 1552 1331 ἑρπετοῖς
1568 1296 1670 1331 ἐρήμου
1693 1295 1882 1330 τυγχάνουσιν,
1899 1297 1937 1322 cl-

1148 1342 1229 1374 κείως
1243 1343 1275 1377 τῇ
1292 1342 1460 1378 προφητείᾳ·
1479 1351 1488 1368 ι
1503 1341 1663 1376 Γεννήματα
1677 1341 1798 1376 ἐχιδνῶν,
1814 1341 1856 1372 τίς
1872 1341 1939 1367 ὑπέ-

1147 1388 1232 1420 δειξεν
1246 1389 1309 1423 ὑμῖν
1321 1389 1414 1422 φυγεῖν
1426 1388 1479 1414 ἀπὸ
1492 1387 1542 1422 τῆς
1553 1387 1702 1422 μελλούσης
1712 1388 1812 1424 ὁργῆς;
1827 1396 1837 1412 ι
1853 1387 1936 1414 Πάλιν

1149 1442 1179 1460 τε
1189 1431 1222 1460 αὖ
1234 1434 1283 1466 τὰς
1294 1433 1404 1465 σκολιὰς
1413 1432 1499 1468 ψυχὰς
1511 1434 1550 1464 είς
1560 1433 1675 1464 εὐθείας,
1685 1433 1732 1459 καὶ
1746 1433 1794 1464 τὰς
1808 1433 1935 1469 τραχείας

1147 1481 1187 1512 εἰς
1203 1480 1279 1511 ὁδοὺς
1296 1480 1370 1511 λείας
1385 1479 1626 1515 μετασκευάζουσα
1640 1479 1743 1513 ἔφασκε
1756 1481 1814 1510 τοῖς
1827 1479 1919 1511 αὺτοῖς
1928 1487 1936 1494 ·

1150 1529 1309 1564 (Ποιήσατε
1334 1527 1380 1555 οὖν
1412 1529 1535 1564 καρποὺς
1562 1528 1652 1561 ἀξίους
1677 1528 1726 1563 τῆς
1752 1529 1905 1564 μετανοίας.
1923 1539 1932 1555 ι

1146 1575 1201 1601 Καὶ
1237 1574 1324 1601 ταῦτά
1354 1583 1386 1609 γε
1422 1575 1588 1601 συνετελεῖτο
1626 1575 1936 1611 προπαρασκευάζοντος

1108 1610 1128 1638 C
1151 1621 1274 1648 Ἰωάννου
1299 1621 1363 1653 τοὺς
1386 1621 1533 1657 ὀψομένους
1556 1621 1604 1657 τὴν
1627 1621 1703 1654 ὁόξαν
1720 1621 1832 1658 Κυρίου,
1845 1621 1934 1649 καὶτὸ

1143 1667 1310 1703 καλούμενον
1327 1669 1460 1704 σωτήριον
1475 1667 1523 1694 τοῦ
1544 1667 1622 1700 Θεοῦ,
1634 1668 1684 1694 οὐκ
1706 1668 1784 1695 ἄλλον
1805 1668 1869 1695 ὄντα
1885 1667 1933 1695 τοῦ

1143 1713 1271 1748 Χριστοῦ,
1291 1713 1329 1745 ὡς
1347 1714 1497 1750 ἐμαρτύρει
1523 1713 1625 1748 λέγων·
1647 1723 1657 1739 ι
1682 1713 1753 1748 Ἐγὼ
1779 1713 1829 1749 μὲν
1859 1714 1932 1749 ὑμᾶς

1143 1759 1218 1786 ὕδατι
1228 1759 1365 1794 βαπτίζω·
1382 1760 1490 1795 ἔρχεται
1505 1760 1534 1786 δὲ
1555 1761 1569 1786 ὁ
1588 1760 1761 1796 ἰσχυρότερός
1776 1769 1826 1796 μου
1844 1761 1932 1787 ὀπίσω

1145 1813 1210 1841 μου·
1235 1803 1265 1833 οὗ
1286 1806 1336 1833 οὐκ
1359 1806 1417 1841 εἰμὶ
1441 1805 1514 1838 ἄξιος
1556 1805 1590 1833 τὰ
1635 1807 1796 1842 ὑποδήματα
1832 1807 1933 1842 βαστά-

1143 1860 1198 1883 σαι,
1227 1852 1307 1884 αὐτὸς
1334 1852 1405 1887 ὑμᾶς
1429 1851 1552 1886 βαπτίσει
1580 1853 1609 1878 ὲν
1631 1852 1769 1887 Πνεύματι
1792 1853 1862 1888 ἁγίῳ
1881 1853 1933 1880 καὶ

1142 1897 1217 1932 πυρί.
1252 1906 1261 1922 ›
1283 1898 1330 1928 ’ος
1343 1897 1390 1924 καὶ
1405 1897 1466 1924 ἰδὼν
1481 1898 1526 1924 τὸν
1546 1897 1650 1932 Ἰησοῦν
1666 1898 1811 1934 ἐρχόμενον
1827 1897 1933 1932 ἀνετριῦ-

1141 1951 1221 1977 νησεν
1233 1951 1240 1957 ⁸
1261 1952 1270 1968 ι
1292 1943 1339 1970 ’ἰδὲ
1365 1944 1380 1970 ὸ
1399 1943 1492 1978 Ἀμνὸς
1506 1943 1552 1970 τοῦ
1576 1944 1642 1970 Θεοῦ
1661 1945 1675 1970 ὁ
1691 1943 1774 1980 αἴρων
1796 1944 1932 1980 ἁμαρτίαν

1141 1987 1187 2014 τοῦ
1214 1988 1328 2023 κόσμου.
1371 1985 1455 2021 οὗτός
1481 1991 1539 2016 ἐστι
1555 1989 1617 2024 περὶ
1633 1986 1664 2015 οὗ
1683 1987 1773 2015 εἷπον·
1804 1999 1813 2014 ι
1826 1989 1930 2015 Ὀπίσω

1143 2042 1193 2068 μου
1221 2033 1331 2069 ἔρχεται
1359 2033 1446 2070 ἀνὴρ,
1476 2034 1506 2066 ὃς
1535 2034 1686 2070 ἔμπροσθέν
1715 2043 1765 2069 μου
1801 2035 1929 2069 γέγονε.»

1141 2080 1192 2106 Τὸν
1217 2080 1298 2106 αὐτὸν
1324 2081 1352 2106 δὲ
1376 2079 1445 2108 εἶναι
1473 2081 1504 2108 τὸ
1529 2082 1661 2116 σωτήριον
1687 2081 1733 2107 τοῦ
1753 2081 1820 2108 Θεοῦ
1846 2081 1894 2107 καὶ
1916 2082 1931 2108 ὁ

1141 2125 1252 2161 Συμεὼν
1281 2127 1472 2162 ἐμαρτύρησεν
1487 2148 1494 2160 ,
1511 2127 1541 2159 ὃς
1563 2127 1652 2153 λαϐὼν
1682 2127 1728 2153 ἐπὶ
1755 2129 1815 2158 ταῖς
1842 2127 1930 2161 ἀγκά-

1139 2173 1198 2204 λαις
1226 2173 1324 2209 βρέφος
1350 2173 1415 2200 ὄντα
1433 2173 1478 2200 τὸν
1512 2173 1630 2209 Ἰησοῦν,
1661 2173 1729 2208 ἔφη’
1753 2183 1762 2198 ι
1781 2172 1838 2199 Νῦν
1862 2174 1930 2200 ἁπο-

1139 2219 1212 2251 λύεις
1234 2220 1277 2245 τὸν
1297 2219 1387 2245 δοῦλον
1401 2228 1447 2246 σου
1457 2238 1464 2250 ,
1477 2219 1598 2246 Δέσποτα
1608 2239 1615 2250 ,
1643 2220 1712 2246 κατὰ
1723 2219 1754 2246 τὸ
1776 2219 1853 2255 ῥῆμά
1870 2228 1929 2251 σου,

1140 2266 1169 2291 ἐν
1192 2266 1296 2301 εἰρήνῃ.
1331 2266 1391 2292 ’Ότι
1410 2263 1480 2292 εἶδον
1504 2266 1528 2292 οἱ
1555 2265 1687 2300 ὀφθαλμοί
1713 2273 1764 2300 μου
1788 2265 1818 2292 τὺ
1844 2265 1930 2300 σωτή-

300 2309 402 2344 pzirasti
418 2313 481 2336 ante
501 2309 596 2336 faciem
614 2310 735 2336 omnium
755 2310 928 2344 populorum,
944 2310 1035 2338 lumen
1052 2311 1085 2338 ad

1141 2312 1196 2347 ριόν
1224 2320 1287 2343 σου,
1319 2311 1334 2338 ὃ
1353 2312 1506 2347 ἡτοίμασας
1538 2311 1608 2338 κατὰ
1643 2311 1786 2346 πρόσωπον
1819 2311 1929 2338 πάντων

299 2355 494 2383 reveialionem
512 2355 634 2390 gentium
646 2356 681 2382 “.
699 2366 708 2381 ι
730 2355 836 2388 Quibus
849 2356 932 2382 etiam
955 2356 1087 2392 propheta

297 2402 447 2434 consentit,
462 2402 527 2429 dum
548 2403 585 2428 ait
599 2411 605 2428 :
621 2411 630 2427 ι
648 2401 679 2428 Et
697 2402 798 2429 videbit
821 2402 910 2429 omnis
927 2410 992 2430 caro
1012 2404 1087 2430 salu-

298 2452 356 2476 tare
371 2448 426 2476 Dei.
445 2457 454 2474 ›
473 2447 541 2475 Illud
563 2449 646 2480 enim,
667 2457 676 2474 ‹
691 2449 779 2476 omnis
804 2456 879 2480 caro,
899 2459 907 2474 ι
927 2457 975 2484 pro
998 2449 1087 2477 omni-

297 2496 348 2523 bus
364 2495 492 2529 gentibus
513 2495 618 2522 dicttttu
639 2499 690 2522 est.
717 2495 751 2522 Ut
773 2498 865 2522 autem
881 2495 1086 2524 demonstretur

296 2542 434 2576 quomodo
459 2542 516 2569 Itznc
537 2550 618 2570 suum
641 2542 721 2570 finem
743 2542 919 2577 contigerint,
943 2546 970 2570 et
991 2547 1085 2577 gentes

296 2586 436 2614 C‘zristum
455 2587 502 2614 Dei
515 2588 687 2623 agnoverint.
703 2588 797 2616 multis
810 2596 865 2615 non
882 2596 952 2623 opus
965 2593 1007 2615 est
1025 2597 1085 2616 vcr-

296 2632 339 2660 bis
356 2643 362 2660 :
380 2637 406 2660 et
423 2642 484 2668 qme
497 2634 606 2668 quidem
621 2635 654 2661 ad
669 2635 780 2662 verbum
795 2635 884 2662 solent
900 2635 1082 2669 considerari,

297 2679 324 2706 in
341 2680 413 2707 hunc.
445 2681 579 2716 completa
605 2686 669 2709 sunt
692 2682 816 2710 modum.
845 2682 978 2710 therum
1006 2682 1082 2717 quid,

297 2732 399 2759 quaeso.
422 2726 473 2753 fuit
487 2727 514 2754 in
539 2735 632 2759 causa.
654 2733 684 2755 ut
699 2736 752 2755 non
769 2728 797 2755 in
813 2728 929 2756 urbibus
951 2736 1040 2763 neque
1056 2728 1081 2754 in

297 2770 355 2804 ipsa
372 2771 534 2804 Jerusalem,
553 2774 600 2801 sed
615 2774 643 2801 in
658 2773 777 2804 deserto.
790 2773 911 2801 Joannes
925 2779 1082 2809 suggestum

296 2815 349 2843 sibi
372 2817 405 2844 ad
429 2818 630 2852 prmdieandum
655 2819 785 2855 elegerit?
810 2820 845 2847 ad
871 2820 922 2848 hoc
945 2820 1082 2858 quispiam

332 2873 354 2888 "
371 2873 423 2902 lsa.
440 2883 491 2904 XL.
508 2875 569 2903 5-5.
608 2876 630 2893 "
651 2876 716 2904 Luc.
735 2887 782 2906 ut.
815 2878 871 2906 1-5.
911 2879 933 2894 ³⁵
952 2879 1020 2906 ibid.
1039 2878 1064 2906 4.

297 2907 342 2942 19.
356 2909 400 2938 30.

608 2876 630 2893 "
651 2876 716 2904 Luc.
735 2887 782 2910 tu,
815 2878 871 2906 1-5.

443 2911 462 2925 δ’
485 2910 552 2939 Luc.
573 2919 610 2945 ti,
626 2912 724 2942 29—52.

1105 2878 1125 2894 "
1146 2877 1211 2905 ibid.
1231 2877 1256 2905 ἰ-
1297 2877 1319 2893 ³⁸

1141 2357 1196 2384 τῶν
1228 2357 1320 2389 λαῶν,
1363 2357 1420 2391 φῶς
1457 2358 1498 2388 εἰς
1538 2357 1707 2391 ἀποκάλυψιν
1736 2356 1839 2383 ἐθνῶν
1863 2367 1871 2382 ι
1887 2354 1929 2388 οἷς

1141 2403 1247 2439 συνᾴδει
1277 2403 1324 2429 καὶ
1353 2403 1368 2429 ὸ
1396 2403 1538 2438 προφήτης
1576 2402 1680 2429 εἰπών·
1712 2411 1721 2427 ‹
1741 2402 1795 2428 Καὶ
1833 2401 1928 2436 ὄψεται

1140 2451 1214 2477 πᾶσα
1250 2449 1318 2485 σὰρξ
1351 2449 1381 2476 τὺ
1414 2451 1544 2484 σωτήριον
1570 2448 1618 2475 τοῦ
1652 2447 1755 2474 Θεοῦ.»
1809 2447 1845 2473 Τὸ
1873 2448 1927 2483 γὰρ

1142 2506 1151 2523 ‹
1178 2497 1253 2523 πᾶσα
1291 2495 1377 2531 σὰρξ,
1405 2505 1415 2521 ι
1452 2495 1512 2521 ἀντὶ
1561 2495 1669 2521 πάντων
1719 2494 1825 2529 εἴρηται
1872 2493 1928 2519 τῶν

1139 2542 1234 2570 ἐθνῶν.
1261 2542 1354 2574 Ὅπως
1390 2541 1418 2568 δὲ
1449 2541 1535 2567 ταῦτα
1571 2541 1662 2570 τέλους
1695 2539 1793 2575 ἔτυχε,
1822 2539 1869 2566 καὶ
1893 2539 1928 2566 τὰ

1139 2589 1201 2624 ἔθνη
1226 2588 1272 2614 τὸν
1290 2587 1407 2624 Χριστὸν
1435 2586 1542 2621 ἐπέγνω
1567 2586 1614 2613 τοῦ
1639 2585 1724 2618 Θεοῦ,
1754 2585 1868 2621 μακρῶν
1896 2586 1927 2612 οὗ

1137 2635 1178 2661 δεῖ
1199 2635 1295 2668 λόγων.
1330 2634 1384 2660 Καὶ
1415 2633 1447 2660 τὰ
1483 2633 1532 2668 μὲν
1560 2632 1629 2668 ῥητὰ
1658 2632 1749 2659 τοῦτον
1775 2632 1929 2667 ἐπληροῦτο

1137 2680 1182 2707 τὸν
1216 2680 1325 2716 τρόπον.
1369 2678 1401 2705 Τί
1421 2679 1443 2705 δ’
1456 2676 1490 2714 ἦν
1511 2678 1541 2705 τὸ
1565 2678 1650 2704 αἴτιον
1673 2677 1720 2703 τοῦ
1744 2677 1781 2712 μὴ
1799 2677 1828 2702 ἐν
1845 2677 1927 2703 7.615-

1138 2734 1184 2759 σι,
1228 2725 1289 2761 μηδ’
1313 2724 1356 2751 ἐπ’
1382 2724 1465 2760 αὐτῆς
1487 2723 1536 2758 τῆς
1567 2721 1764 2758 Ἰερουσαλήμ,
1799 2721 1857 2748 ἀλλ’
1881 2721 1928 2747 ἐπὶ

1137 2773 1187 2808 τῆς
1224 2773 1327 2808 ἐρήμου
1367 2771 1492 2806 Ἰωάννην
1523 2768 1690 2805 παρελθόντα
1716 2767 1878 2803 κηρύττεινς
1912 2768 1927 2793 ό

1139 2818 1188 2854 μέν
1213 2827 1254 2850 τις
1287 2818 1370 2853 φήσαι
1395 2817 1429 2844 ἂν
1456 2817 1496 2848 εἰς
1525 2814 1720 2850 ἀποπλήρωσιν
1743 2813 1793 2848 τ’ής
1816 2821 1926 2849 προφη-

1353 2876 1418 2904 ibid.
1437 2876 1462 2903 8.
1503 2875 1524 2892 "
1546 2873 1612 2907 ibid,
1641 2872 1684 2901 16.
1736 2872 1757 2888 ⁵⁸
1777 2870 1858 2901 Joan.
1890 2879 1920 2907 1,
