2099 3217
202 169 255 198 663

637 158 968 198 DEMONSTRATIOMS
987 168 1219 197 EVANGELICE
1245 169 1311 198 LIB.
1331 169 1378 198 ῙΧ.

1777 170 1831 198 ϐἳο

200 231 276 263 τείας
307 230 387 257 τοῦτο
411 230 492 257 αὑτὸν
515 231 714 266 πεποιηκέναι’
749 230 807 258 ἀλλ’
837 232 854 258 ὁ
874 230 973 267 ἀκριΰὴ

1023 252 1027 261 λ
1042 229 1158 258 fortasse
1173 230 1355 265 responderit,
1372 230 1448 257 illum
1463 230 1515 258 hoc
1530 229 1629 258 fecisse
1645 235 1674 258 ut
1686 231 1828 266 prophetia

201 277 302 308 εὐθέως
325 276 478 310 ἐξετάζων,
510 276 579 312 αὑτὴ
603 276 631 303 δὲ
658 278 675 312 ἡ
700 277 853 313 προφητεία
875 277 900 304 τί
928 276 987 303 ποτ’

200 322 253 358 ἄρα
278 323 420 358 σημαίνειν
447 322 594 357 βουλομένη
615 322 665 358 τὴν
686 322 787 358 ἔρημον
812 323 858 350 καὶ
877 323 912 349 τὰ
927 323 986 349 κατ’

199 366 284 401 αὐτὴν
307 366 420 401 ἐδήλου,
446 366 596 394 πεύσεται·
623 367 690 403 πρὸς
714 368 744 394 ὃν
769 370 908 403 φήσομεν,
945 368 986 394 ὃτι

199 412 246 438 καὶ
276 412 355 438 τοῦτο
377 413 489 447 σημεῖον
519 411 552 448 ἦν
577 413 762 449 καθαιρέσεως
782 413 831 448 τῆς
856 414 987 449 Ἰερουσα-

198 457 273 494 λὴμ,
311 459 358 484 καὶ
383 458 429 484 τοῦ
454 459 522 493 πρὸς
551 459 618 494 αὐτῇ
645 459 859 495 θυσιαστηρίου,
885 460 933 495 τῆς
956 468 986 485 τε

197 504 269 531 κατὰ
304 504 349 531 τὸν
373 504 513 536 Μωῦσέως
540 505 617 540 νόμον
635 505 782 541 λατρείας,
811 505 853 532 ὅτε
890 505 985 540 μηκέτ’

196 550 286 582 αὐτοῖς
309 550 353 577 διὰ
376 549 430 577 τῶν
455 551 525 577 κατὰ
549 551 630 586 νόμον
656 551 755 577 θυσιῶν
784 551 818 577 τὰ
843 551 892 586 τῆς
919 551 986 585 ἀφέ-

197 605 266 629 σεως
295 597 348 623 τῶν
375 597 516 632 ἁμαρτιῶν
542 597 733 633 προύξενεῖτο,
758 597 826 624 ἀλλὰ
851 598 894 624 διὰ
919 598 986 624 καθ-

196 645 302 680 ὰρτεως
352 644 465 681 λουτροῦ
504 646 551 672 ἐπὶ
585 646 634 681 τῆς
670 645 754 672 πάλαι
794 645 902 680 διψάδος
939 646 984 672 καὶ

196 691 319 726 ἐρήμου,
358 691 430 726 λέγω
456 691 484 718 δὲ
518 692 567 727 τῆς
596 692 650 718 τῶν
676 691 760 719 ὲθνῶν
800 692 982 728 Ἐκκλησίας,

194 738 429 774 παραδιδομένου,
457 739 485 765 ἐν
558 738 605 765 καὶ
627 739 644 774 ἡ
670 738 825 774 προιρητικὴ
850 739 981 774 γενομένη

194 784 269 820 φωνὴ
300 784 453 820 ἑτοιμάζειν
477 784 693 820 παρακελεύεται
712 784 760 820 τὴν
784 784 841 811 ὁδὸν
867 784 981 820 Κυρίου,

192 831 243 862 τὰς
279 831 327 866 μὲν
362 831 438 858 κάτω
472 839 523 857 που
551 832 590 863 εἰς
623 831 703 865 βάθος
736 831 851 863 κακίας,
887 831 924 862 ὡς
954 832 983 858 ἐν

192 877 314 912 φάραγγι
351 877 480 912 κειμένας
511 876 599 912 ψυχὰς
624 876 845 913 ἐπαρθήσεσθαι,
883 877 917 903 τὰ
954 876 982 904 δὲ

192 923 278 949 πάλαι
305 922 440 959 ὑψώματα
463 923 512 958 τῆς
547 923 744 959 Ἰερουσαλὴμ,

191 969 277 1005 αὐτῆς
303 970 441 1006 ἀρχόντων
468 979 498 996 τε
524 970 570 997 καὶ
599 970 749 1005 βασιλέων,
778 970 828 1006 ὅρη
853 970 899 996 καὶ
921 970 981 1005 βου-

190 1016 253 1047 νοὺς
278 1015 465 1051 ὀνομαζόμενα
478 1035 485 1048 ,
525 1015 775 1051 ταπεινωθήσεσθαι
795 1015 959 1048 θεσπίζουσα
972 1024 979 1031 ’

190 1058 228 1088 ὧν
255 1061 501 1092 ἐπιτελεσθέντων,
538 1061 622 1097 φησί·
649 1070 658 1086 ι
676 1062 755 1088 Πᾶσα
791 1061 860 1097 σὰρξ
886 1061 979 1096 ὄψεται

189 1108 220 1135 τὸ
246 1108 379 1143 σωτήριον
405 1107 452 1134 τοῦ
488 1107 566 1134 Θεοῦ.
594 1117 603 1132 ι
641 1107 725 1142 Δῆλον
749 1107 771 1134 δ’
800 1108 842 1134 ὅτι
865 1109 939 1134 πᾶσα
962 1109 978 1143 ἠ

189 1152 219 1178 ἐν
246 1152 328 1187 σαρκὶ
356 1152 402 1178 ἐπὶ
428 1151 481 1186 γῆς
508 1151 714 1188 ἀναστρέφουσα
741 1151 813 1188 ψυχὴ
847 1153 979 1187 Ἑλλήνων

187 1197 256 1232 ὁμοῦ
292 1198 338 1225 καὶ
373 1198 518 1234 βαρϐάρων
533 1219 540 1232 ,
580 1199 626 1225 καὶ
663 1199 772 1226 πάντων
811 1200 978 1232 ἁπαξαπλῶς

188 1242 243 1269 τῶν
272 1242 376 1270 ἐθνῶνσ
405 1242 423 1270 ἃ
449 1243 496 1270 καὶ
524 1245 558 1279 τῇ
586 1245 737 1280 προρρήσει
764 1245 916 1277 ἀκολούθως
938 1247 977 1278 είς

187 1289 275 1324 πέρας
295 1288 406 1316 ἐλθόντα
428 1289 573 1316 δείκνυται.
613 1289 693 1324 Ζητῶ
716 1290 744 1317 δὲ
767 1293 830 1327 παρ’
855 1291 975 1327 ἐμαυτῷ,

186 1334 213 1361 τί
243 1335 297 1370 ἄρα
324 1333 359 1371 ἦν
386 1335 417 1361 τὸ
450 1335 588 1371 ὲκπλῆξαν
626 1336 690 1368 τοὺς
725 1336 839 1370 πολλοὺς
876 1339 905 1364 ὲν
938 1338 976 1374 τῷ

191 1381 322 1416 Ἰωάννῃ,
365 1380 405 1413 ὡς
441 1381 578 1417 θαυμάσαι
612 1382 692 1409 αὐτὴν
728 1383 775 1410 καὶ
816 1384 975 1420 κηρύττοντι

185 1426 326 1462 βάπτισμα
353 1427 496 1462 μετανοίας
524 1427 687 1461 πιστεῦσαι,
721 1428 824 1461 πάντας
850 1438 879 1456 τε
910 1439 976 1457 παν-

182 1472 297 1507 ταχόθεν
323 1473 358 1500 τὰ
383 1474 470 1500 οἰκεῖα
496 1473 679 1506 ἀπολιπόντας
701 1475 810 1511 συρρεῖν
845 1476 891 1502 ἐπὶ
925 1477 974 1512 τὴν

183 1518 307 1554 ἔρημον,
349 1519 466 1555 μάλιστα
499 1520 543 1553 ὅτε
583 1521 718 1557 μηδεμίαν
757 1522 840 1549 αὑτοῦ
874 1523 973 1559 πρᾶξιν

184 1564 336 1600 ἱστοροῦσιν
362 1565 386 1592 οἱ
414 1565 499 1600 λόγοι.
545 1565 612 1593 Οὔτε
641 1567 695 1603 γὰρ
716 1569 829 1603 νεκροὺς
852 1569 1007 1619 ἐγείρας,α

181 1610 245 1637 οὔτε
281 1610 361 1647 ἕτερα
401 1611 526 1647 θαύματα
564 1612 721 1649 πεποιηκὼς
755 1614 970 1651 ἀναγέγραπται.

181 1655 215 1682 Τί
238 1655 270 1691 δὴ
294 1654 341 1683 οὖν
365 1654 399 1693 ἦν
421 1657 451 1683 τὸ
474 1657 612 1693 ὲκπλῆξαν
639 1659 702 1690 τοὺς
726 1659 845 1692 πάντας;
874 1660 890 1696 ἢ
922 1661 974 1696 μή-

181 1711 247 1729 ποτε
270 1704 284 1729 ὁ
305 1702 379 1735 ξένος
398 1703 446 1730 καὶ
472 1704 667 1739 παραλλάττων
689 1705 743 1732 τῶν
764 1706 868 1733 πολλῶν
889 1707 972 1734 αὑτοῦ

182 1748 255 1784 βίοςς
292 1749 389 1785 προῄει
437 1749 492 1785 γὰρ
520 1750 552 1776 ὲκ
582 1751 631 1786 τῆς
650 1751 752 1787 ἐρήμου
781 1750 859 1788 ξένην
887 1752 974 1787 ἡμφι-

179 1795 295 1831 εσμένος
308 1795 422 1831 στολὴν,
449 1798 540 1823 πᾶσαν
570 1796 598 1823 δὲ
627 1797 677 1832 τὴν
700 1798 792 1834 κοινὴν
821 1798 972 1834 ἀνθρώπων

178 1841 321 1878 διατριϐὴν
349 1842 565 1878 ἐκτρεπόμενος·
597 1842 658 1869 οὔτε
695 1843 760 1878 γοῦν
788 1845 828 1875 εἰς
863 1843 970 1880 κώμην,

179 1888 242 1915 οὔτε
266 1890 305 1921 εἰς
331 1889 422 1921 πόλιν,
454 1888 515 1916 οὔτε
533 1891 574 1921 εἰς
602 1890 691 1917 κοινὸν
716 1890 844 1925 σύλλογον
867 1891 971 1926 ἀνδρῶν

179 1934 360 1970 παρέϐαλλεν.
406 1935 486 1962 Ἀλλὰ
504 1936 563 1962 οὐδὲ
589 1937 638 1972 τῆς
667 1937 760 1972 κοινῆς
789 1938 894 1972 μετεῖχε
910 1946 972 1973 τρο-

178 1981 252 2016 φῆς·
282 1981 434 2017 γέγραπται
462 1982 544 2016 γοῦν,
575 1981 615 2014 ὡς
646 1991 654 2007 ι
672 1983 704 2009 ἐκ
728 1982 778 2017 τῆς
807 1983 853 2009 τοῦ
875 1983 971 2016 παιδὸς

178 2025 285 2060 ἡλικίας
309 2024 343 2061 ἦν
366 2027 394 2053 ἐν
419 2028 480 2058 ταῖς
505 2027 618 2062 ἐρήμοις
647 2027 699 2059 ἕως
729 2028 836 2063 ἡμέρας
863 2029 969 2056 ἀναδεί-

180 2071 247 2104 ξεως
280 2072 362 2099 αὐτοῦ
393 2073 461 2108 πρὸς
483 2073 528 2100 τὸν
568 2074 687 2110 Ἰσραήλ,
749 2074 830 2102 Ἀλλὰ
859 2076 906 2102 καὶ
939 2076 970 2103 τὸ

179 2118 281 2154 ἔνδυμα
303 2118 385 2145 αὐτοῦ
414 2117 448 2155 ἧν
476 2120 508 2146 ἐκ
533 2120 633 2156 τριχῶν
662 2121 792 2156 καμήλων
822 2123 971 2158 πεποιημέ-

177 2172 241 2196 νον,
266 2163 326 2199 ἡδὲ
340 2164 427 2200 τροφὴ
453 2164 534 2191 αὑτοῦ
558 2165 668 2201 ἀκρίδες
688 2167 735 2193 καὶ
757 2167 819 2202 μέλι
845 2167 965 2203 ἄγριον.»

177 2210 223 2244 Μή
250 2218 288 2246 πη
314 2208 378 2242 οὖν,
414 2210 531 2246 ὁρῶντες
555 2211 638 2247 ἄνδρα
651 2211 796 2248 Ναζιραῖον
825 2214 874 2249 μὲν
900 2213 967 2241 Θεοῦ

176 2255 228 2290 τὴν
252 2255 349 2292 τρίχα,
377 2256 527 2293 Θεοπρεπὲς
552 2258 580 2284 δὲ
605 2258 750 2294 πρόσωπον
777 2260 968 2295 ὑποφαίνοντα,

178 2301 273 2336 σχῆμά
299 2311 327 2328 τε
356 2302 430 2335 ξένον
459 2303 603 2339 περιϐολῆς
631 2305 837 2341 ἠμφιεσμένον,
863 2307 968 2343 ἀθρόως

177 2346 258 2374 ποθὲν
283 2347 312 2380 ἐξ
340 2349 460 2383 ἀφανοῦς
486 2351 590 2387 ἐρήμου
620 2352 799 2388 φαινόμενον,
828 2353 874 2379 καὶ
900 2354 969 2389 μετὰ

175 2393 206 2419 τὸ
235 2394 366 2430 κήρυγμα
401 2396 482 2422 πάλιν
508 2397 548 2428 εἰς
576 2397 627 2433 τὴν
659 2398 759 2433 ἔρημον
789 2399 836 2426 καὶ
868 2400 908 2432 είς
937 2401 968 2427 τὸ

176 2437 279 2471 ἀφανὲς
304 2439 497 2475 ὑποχωροῦντα
510 2461 517 2473 ,
545 2442 592 2468 καὶ
607 2442 716 2474 ἄποτον,
740 2443 857 2478 ἄτροφον
868 2464 876 2477 ,
892 2445 967 2472 ἀκοι-

175 2483 293 2520 νώνητον
307 2486 364 2517 τοῖς
379 2486 485 2519 πολλοῖς
499 2507 505 2518 ,
525 2487 637 2519 εἰκότως
663 2487 855 2524 ἐξεπλήττοντο
866 2512 873 2522 ,
905 2491 965 2526 μηδ’

174 2529 318 2565 ἄνθρωπον
335 2532 416 2558 αὐτὸν
443 2533 619 2565 ὑπονοοῦντες
648 2534 798 2570 ὑπάρχειν;
826 2535 886 2567 πῶς
911 2536 965 2572 γὰρ

173 2576 218 2602 τὸν
232 2577 300 2612 μηδὲ
323 2578 352 2604 ἑν
366 2578 445 2613 χρείᾳ
462 2579 566 2614 τροφῆς
584 2579 743 2614 γινόμενον;
759 2580 799 2607 διὸ
814 2581 862 2608 καὶ
883 2581 966 2616 ἄγγε-

173 2626 219 2653 λον
244 2627 427 2664 ὑπειλήφεσαν
454 2627 523 2656 εἶναι
549 2629 643 2656 τοῦτον
671 2631 750 2657 αὐτὸν
774 2632 892 2664 ἐκεῖνον,
920 2631 964 2659 τὸν

172 2672 217 2701 διὰ
243 2672 289 2700 τοῦ
318 2674 460 2709 προςεήτου
482 2664 667 2710 δηλούμενον,
698 2676 768 2703 κατὰ
793 2677 845 2708 τὸ,
878 2677 964 2704 (Ἰδοὺ

173 2718 228 2753 ἐγὼ
257 2720 415 2747 ἀποστέλλω
442 2721 488 2748 τὸν
512 2721 627 2756 ἄγγελόν
657 2731 708 2757 μου
734 2722 787 2759 πρδ
816 2723 962 2758 προσώπου

173 2771 242 2798 σου,
285 2764 315 2797 ὃς
341 2766 543 2794 κατασκευάσει
573 2766 622 2803 τὴν
648 2767 708 2795 ὁδόν
737 2776 782 2795 σου
810 2768 963 2805 ἔμπροσθέν

172 2823 246 2843 σου.»
293 2817 434 2853 Κέχρηται
463 2817 528 2853 γοῦν
552 2819 585 2855 τῇ
614 2818 762 2855 παραθέσει
790 2821 836 2848 καὶ
860 2822 961 2859 ταύτης

172 2865 222 2896 εἰς
247 2866 357 2904 Γρσφῆς
370 2867 485 2904 Μάρκος
511 2870 525 2896 ὁ
551 2868 759 2906 εἰαγγελιστής.
797 2871 851 2899 Καὶ
874 2876 887 2901 ὁ
903 2876 959 2903 Σω-

1041 277 1235 312 compleretur.
1255 277 1309 304 Sed
1326 277 1371 312 qui
1392 277 1558 312 exquisitius
1574 284 1606 305 ac
1623 277 1781 313 diligentius
1798 285 1828 306 se

1040 323 1132 350 doceri
1148 323 1274 355 voluerit,
1292 323 1553 358 illicointerrogabit
1569 332 1576 350 :
1591 324 1670 362 Atqui
1685 324 1828 359 prophetia

1040 369 1097 396 inec
1113 370 1178 405 quid
1194 370 1302 397 tandem
1318 370 1370 397 sibi
1385 370 1503 402 volebat,
1519 378 1581 397 cuin
1593 370 1743 401 desertum,
1756 375 1782 397 et
1795 377 1827 398 ea

1039 423 1099 450 quae.
1113 415 1146 442 ad
1162 415 1188 442 id
1203 423 1288 450 genus
1302 416 1439 451 pertinent
1459 416 1635 443 emtntiabat?
1650 417 1694 443 cui
1714 424 1828 451 respon—

1039 462 1173 494 debimus.
1191 463 1263 498 quod
1281 463 1331 490 hoc
1346 471 1456 499 quoque
1474 464 1580 498 signum
1598 467 1657 492 erat
1674 463 1827 491 evertenda:

1039 508 1114 536 urbis
1133 507 1297 541 Jerusalem,
1311 513 1338 536 ct
1355 509 1415 544 ejus
1432 509 1504 544 quod
1521 510 1548 536 in
1566 511 1620 544 ἰιυςη
1638 513 1699 538 erat
1718 510 1824 542 altaris,

1037 555 1162 589 ritusque
1177 555 1262 586 illius,
1276 555 1324 590 qui
1338 555 1488 583 secundum
1504 555 1587 582 Mosai
1600 563 1649 582 vim
1667 556 1752 590 legent
1766 563 1829 582 ser—

1037 600 1163 633 vabatur,
1179 600 1289 635 quando
1313 609 1366 628 non
1384 602 1500 636 amplius
1518 610 1565 637 per
1580 602 1701 637 legitima
1721 601 1826 629 sacrifi-

1037 647 1079 673 cia
1095 647 1221 674 remissio
1238 646 1292 675 illis
1305 652 1479 682 peccatorum
1492 649 1699 680 conciliabatur,
1717 648 1764 676 sed
1777 655 1827 683 per

1037 693 1224 727 purgationem
1240 693 1352 725 lavacri,
1365 693 1439 727 quod
1456 694 1483 720 in
1497 693 1561 720 olitn
1579 694 1717 721 sitibunda
1734 702 1765 721 ac
1777 693 1824 721 de-

1037 743 1119 769 serta.
1136 739 1197 766 dico
1212 743 1314 772 autem,
1328 741 1354 767 in
1370 741 1485 767 collecta
1501 740 1535 767 de
1551 740 1677 775 gentibus
1689 741 1823 774 Ecclesia,

1036 784 1206 815 tradebatur,
1234 784 1260 811 in
1281 792 1335 819 qua
1351 785 1432 811 etiam
1459 784 1504 811 illa
1528 792 1587 819 qua:
1604 784 1674 811 facta
1704 788 1745 812 est
1764 792 1825 820 pro-

1035 830 1143 866 plietica
1160 838 1224 863 vox,
1241 838 1339 865 parare
1356 832 1426 858 viam
1440 830 1545 858 Domini
1558 831 1645 864 jubet,
1661 831 1724 858 dum
1742 831 1822 858 mali-

1035 877 1087 904 tias
1104 876 1131 903 in
1153 877 1209 903 imo
1226 876 1344 912 quodam
1360 876 1455 909 fundo,
1471 877 1550 913 quasi
1567 878 1594 904 iit
1611 878 1734 904 convalle
1750 877 1824 912 posi-

782 923 830 950 καὶ
861 923 914 950 τῶν
939 923 982 951 ἐπ’
998 919 1018 946 Β
1033 926 1075 950 tas
1091 923 1245 950 animarum
1261 923 1436 955 auferendas,
1460 927 1486 951 et
1503 928 1610 951 veteres
1624 924 1699 950 urbis
1712 922 1824 951 Jerusa-

1032 969 1084 996 lem
1104 973 1186 1004 atque
1201 977 1295 997 eorutn
1315 970 1360 1005 qui
1378 970 1404 996 in
1419 970 1463 997 illa
1485 970 1654 1005 imperabant
1668 970 1821 1005 principum

1031 1022 1063 1042 ac
1078 1023 1182 1050 regum.
1201 1016 1248 1050 qui
1280 1019 1387 1043 montes
1411 1021 1437 1043 et
1453 1016 1536 1043 colles
1555 1016 1742 1046 nominantur,
1760 1015 1822 1045 alti-

1026 1059 1140 1087 tudines
1163 1060 1332 1094 dejiciendas
1359 1060 1534 1092 vaticinatur,
1557 1061 1657 1095 quibus
1680 1060 1819 1095 perfectis,

1033 1114 1042 1130 ι
1066 1105 1172 1137 Omnis,
1194 1106 1294 1141 inquit.
1315 1114 1380 1133 caro
1400 1106 1502 1133 videbit
1525 1107 1646 1134 salutare
1666 1106 1723 1134 Dei.
1738 1116 1747 1133 ›
1762 1106 1820 1134 Hoc

1029 1155 1071 1178 est
1084 1152 1173 1179 omnis
1191 1160 1361 1187 quaecunque
1382 1153 1491 1186 corpori
1507 1152 1613 1180 inclusa
1629 1153 1657 1180 in
1672 1156 1744 1179 terra
1761 1160 1820 1179 ver-

1029 1201 1106 1224 satur
1130 1199 1231 1229 anima,
1259 1202 1314 1225 tam
1342 1199 1522 1226 barbarorum
1544 1206 1625 1233 quam
1650 1197 1817 1231 Graecorum,

1027 1243 1079 1270 hoc
1104 1247 1155 1275 est,
1180 1245 1302 1271 omnium
1330 1245 1441 1271 omnino
1462 1245 1582 1280 gentium
1599 1252 1679 1279 :qum
1708 1244 1818 1280 quidem

1027 1289 1079 1324 ipsi
1096 1290 1228 1317 vaticinio
1254 1294 1437 1318 consentanea
1462 1291 1495 1318 ad
1527 1299 1607 1318 suum
1629 1291 1708 1318 tinem
1727 1298 1821 1325 perve-

1027 1335 1102 1362 nisse
1123 1335 1449 1371 detnonstrantutuﬂso
1464 1335 1531 1362 Dum
1548 1336 1631 1370 ig'lur
1655 1343 1760 1362 mecum
1777 1338 1823 1361 ta—

1026 1382 1098 1409 citus
1119 1389 1222 1416 qmero,
1240 1382 1336 1408 oborta
1358 1382 1424 1409 mibi
1449 1387 1491 1410 est
1513 1381 1659 1413 dubitatio,
1676 1380 1741 1415 quid
1758 1384 1819 1408 tan-

1025 1427 1086 1454 dem
1112 1427 1179 1455 illud
1204 1431 1279 1456 esset
1299 1428 1327 1455 in
1349 1428 1464 1460 Joanne,
1489 1436 1544 1464 quo
1567 1433 1647 1463 capta
1672 1428 1818 1455 multitudo

1025 1473 1071 1500 illa
1097 1473 1280 1501 admiraretur
1296 1474 1447 1507 hominem,
1464 1479 1490 1502 et
1506 1474 1666 1509 praedicanti
1682 1474 1818 1509 baptisma

1024 1519 1191 1555 pmnitentite
1208 1520 1290 1548 ﬁdem
1308 1521 1432 1552 haberet,
1447 1521 1568 1556 quidque
1583 1520 1649 1547 illud
1669 1528 1724 1555 quo
1740 1520 1817 1547 ducti

1024 1574 1120 1594 omnes
1138 1567 1259 1601 undique
1279 1567 1360 1594 rebus
1379 1567 1497 1602 propriis
1520 1567 1624 1593 relictis
1648 1565 1817 1593 conﬂuerent

1026 1614 1052 1640 in
1069 1612 1219 1644 desertum,
1234 1620 1296 1640 cum
1315 1612 1466 1647 praesertim
1485 1613 1559 1639 nulla
1576 1612 1650 1639 illius
1665 1617 1740 1647 gesta
1757 1619 1817 1638 me-

1025 1659 1119 1686 moria:
1130 1658 1237 1694 prodita
1255 1658 1311 1685 sint
1329 1667 1336 1684 :
1353 1659 1442 1692 neqtte
1457 1657 1531 1684 enim
1547 1656 1620 1692 quod
1636 1660 1683 1683 aut
1694 1660 1816 1683 mortuos

1024 1706 1200 1737 excitaverit,
1227 1707 1275 1731 aut
1301 1704 1354 1730 alia
1382 1703 1514 1731 miracula
1541 1702 1654 1733 fecerit.
1683 1702 1816 1736 scriptum

1024 1756 1125 1780 exstat.
1150 1751 1220 1784 Quid
1245 1751 1328 1786 igitur
1344 1750 1410 1777 illud
1427 1754 1486 1778 erat
1502 1749 1576 1785 quod
1601 1748 1815 1776 admirabundos

1024 1805 1119 1825 omnes
1140 1796 1290 1825 redderet?
1314 1795 1383 1823 Num
1402 1795 1519 1822 forsitan
1543 1802 1644 1822 novum
1668 1799 1694 1822 et
1710 1793 1782 1829 quod
1798 1802 1815 1821 a

1023 1843 1198 1871 multitudine
1214 1843 1374 1870 abhorreret
1388 1842 1451 1869 vitae
1466 1841 1540 1869 illius
1559 1841 1666 1876 gentm?
1683 1840 1815 1876 procede-

1022 1890 1068 1918 bat
1087 1890 1158 1917 enim
1180 1897 1214 1917 ex
1233 1889 1342 1916 deserto
1363 1888 1524 1916 inusitatum
1549 1888 1661 1916 indutus
1676 1888 1811 1920 habitum,

1021 1943 1184 1970 omnemque
1208 1942 1380 1962 communem
1407 1934 1549 1961 hominum
1579 1936 1810 1962 consuetudinem

1021 1982 1259 2009 declinans:nam
1285 1989 1373 2016 neque
1393 1981 1421 2008 in
1443 1981 1533 2008 vicum
1551 1981 1649 2013 ullum,
1670 1989 1759 2016 neque
1784 1982 1812 2008 in

1021 2027 1127 2058 urbem,
1143 2034 1232 2061 neque
1248 2027 1275 2053 in
1294 2034 1466 2054 communem
1481 2026 1600 2061 aliquem
1620 2026 1741 2053 virorum
1759 2034 1812 2054 ca:-

1021 2077 1076 2099 tum
1098 2072 1278 2099 commeabat.
1305 2071 1358 2101 Sed
1385 2079 1419 2099 ne
1444 2071 1517 2099 victu
1539 2072 1648 2106 quidem
1671 2072 1809 2099 communi

1019 2119 1180 2145 vescebatur
1193 2128 1200 2145 :
1211 2118 1344 2153 siquidem
1361 2118 1492 2153 scriptum
1502 2122 1553 2149 est,
1570 2119 1641 2154 quod
1663 2127 1672 2143 ι
1684 2126 1698 2145 a
1713 2118 1810 2153 puerili

1019 2169 1098 2192 aetate
1113 2165 1139 2191 in
1156 2164 1305 2192 solitudine
1315 2167 1473 2192 versaretur
1486 2164 1518 2191 ad
1531 2165 1607 2192 illum
1624 2172 1710 2200 usque
1725 2165 1808 2196 diem,

1020 2218 1074 2246 quo
1090 2210 1142 2245 ipsi
1164 2209 1248 2238 Israel
1264 2209 1467 2238 ostenderetur.
1486 2210 1558 2244 Quin
1582 2211 1664 2238 etiam
1687 2211 1747 2245 ejus
1762 2218 1809 2238 ve—

986 2266 1007 2292 ῃ
1022 2257 1180 2284 stimentum
1203 2264 1236 2283 ex
1255 2256 1318 2292 pilis
1333 2257 1499 2283 camelorutn
1515 2256 1670 2284 confectum
1692 2261 1762 2289 erat,
1781 2261 1809 2284 et

1017 2303 1095 2331 cibus
1107 2303 1221 2330 locusta;
1237 2307 1263 2330 et
1278 2303 1330 2329 mel
1347 2303 1497 2331 silvestre.»
1512 2303 1637 2338 Nunquid
1653 2303 1734 2337 igitur
1745 2311 1807 2330 cum

1017 2350 1116 2384 capillo
1136 2349 1245 2384 quidem
1272 2348 1423 2376 Nazirzeum
1448 2348 1494 2376 Dei
1512 2349 1645 2381 viderent,
1667 2349 1724 2383 qui.
1747 2356 1808 2383 quae

1016 2393 1101 2421 Deum
1123 2393 1204 2421 facile
1218 2394 1323 2425 deceat,
1348 2394 1444 2421 faciem
1468 2397 1629 2425 ostentaret,
1651 2394 1805 2420 vestimenti

1016 2443 1107 2466 autem
1124 2439 1284 2466 inusitatum
1310 2447 1396 2475 genus
1419 2439 1556 2470 indutum,
1578 2443 1690 2473 repente
1714 2439 1807 2466 nescio

1017 2485 1087 2513 unde
1114 2493 1129 2512 e
1152 2485 1264 2513 latebris
1293 2486 1450 2513 solitudinis
1476 2486 1666 2519 prodeuntem,
1695 2489 1722 2513 et
1743 2489 1806 2520 post

1015 2531 1249 2566 praedicationem,
1274 2539 1372 2559 rursus
1396 2531 1423 2558 in
1446 2531 1621 2558 solitudinem
1645 2534 1671 2558 et
1696 2531 1723 2557 in
1741 2531 1809 2558 lates

1015 2583 1078 2611 bras
1094 2582 1277 2615 recedentem,
1303 2583 1363 2610 sine
1387 2587 1462 2617 potu,
1477 2583 1537 2610 sine
1557 2582 1629 2614 cibo,
1655 2583 1806 2610 abhorren-

1014 2637 1068 2661 tem
1083 2641 1097 2660 a
1106 2633 1290 2665 multitudine.
1303 2634 1401 2661 merito
1415 2633 1658 2668 obstupescebant.
1671 2637 1740 2661 etne
1751 2634 1804 2661 lio—

1014 2681 1115 2708 minem
1142 2681 1252 2716 quidem
1277 2681 1354 2708 illttm
1376 2689 1437 2709 esse
1461 2681 1687 2708 arbitrabantur?
1709 2681 1803 2717 quidni

1017 2726 1092 2754 illum
1117 2728 1162 2762 qui
1182 2728 1222 2755 vel
1235 2728 1310 2754 nullo
1333 2728 1394 2755 cibo
1411 2727 1562 2763 indigeret?
1583 2728 1710 2762 quocirca
1731 2736 1805 2755 eum-

1016 2772 1077 2800 dem
1099 2773 1225 2808 angelum
1248 2781 1310 2801 esse
1330 2773 1478 2801 credebant
1499 2773 1575 2800 illutn
1592 2773 1680 2808 ipsum
1697 2774 1730 2800 de
1749 2782 1803 2808 quo

1015 2823 1147 2858 propheta
1163 2823 1292 2859 loquitur,
1307 2824 1371 2851 dum
1387 2824 1474 2852 dicit:
1494 2833 1503 2850 ι
1521 2824 1588 2852 Ecce
1604 2832 1653 2859 ego
1670 2825 1747 2851 mitto
1758 2832 1803 2850 an-

1013 2880 1101 2915 gelum
1118 2882 1209 2903 meum
1233 2879 1295 2903 ante
1311 2874 1408 2904 faciem
1433 2878 1519 2908 tuam,
1535 2875 1582 2911 qui
1604 2875 1710 2911 parabit
1729 2875 1800 2902 viam
