2099 3217
196 164 250 191 675

646 135 976 192 DEMONSTDATIONIS
994 162 1226 192 EYANGEUCE
1246 163 1310 192 LIB.
1328 163 1380 195 ΙΙ..

1799 162 1834 190 7-5

197 220 269 248 κατὰ
284 219 405 247 διάνοιαν
422 219 609 257 θεωρουμένου
629 220 722 247 εἰκόνα
733 239 742 254 ,
769 222 835 258 περὶ
854 219 887 249 οὗ
902 222 983 249 διαλα·

1046 232 1055 248 ‹
1070 221 1206 251 Fluminis
1228 222 1348 257 impetus
1364 220 1484 249 laniﬁca!
1502 221 1641 249 civitatem
1654 221 1702 249 Dei
1711 221 1746 251 ‘7.
1763 232 1773 248 ι
1790 222 1829 250 Si~

197 266 288 294 λοῦσιν
309 267 337 294 αἱ
350 267 458 303 Γραφαὶ
482 266 628 302 λέγουσαιο
659 267 728 295 (Τοῦ
755 268 879 304 ποταμοῦ
894 268 930 296 τὰ
943 270 988 305 ὁρ-

199 314 313 349 μήματα
327 313 502 349 εὐφραίνουσι
521 312 571 349 τὴν
591 313 667 341 πόλιν
687 313 734 341 τοῦ
751 314 846 341 Θεοῦ.»
884 315 987 351 Σημαί-

196 368 236 386 νει
261 359 291 386 δὲ
311 359 390 386 τοῦτο
413 359 463 395 τὴν
480 359 577 386 ἀέναον
585 360 727 401 ⁸ἐπιρροήν
750 360 797 387 τοῦ
815 361 888 388 θείου
903 361 988 387 Πνεύ-

198 414 282 442 ματος
292 426 299 439 ,
323 406 425 434 ἄνωθεν
439 405 608 441 πηγάζοντος
620 427 627 439 ,
644 406 691 433 καὶ
705 406 754 442 τὴν
768 406 816 433 τοῦ
830 407 897 434 Θεοῦ
910 407 987 434 πόλιν

195 452 322 489 ἇρδοντος
335 473 343 483 ,
373 451 443 478 οὕτω
474 451 642 487 καλουμένης
671 452 720 487 τῆς
736 452 807 479 κατὰ
829 452 895 479 Θεὸν
913 453 988 478 πολι-

195 498 278 530 τείας.
317 494 402 530 Οὗτος
422 497 453 533 δὴ
476 496 522 525 οὖν
538 498 660 533 ποταμὸς
673 498 719 524 τοῦ
744 498 811 524 Θεοῦ
832 499 879 526 καὶ
906 499 986 535 μέχρι

195 544 245 579 τῆς
264 544 366 580 ἐρήμου
384 544 549 579 κατελήλυθε
561 564 567 573 ,
596 543 695 579 δηλαδὴ
713 544 762 579 τῆς
779 543 807 576 ἐξ
822 545 906 571 ἐθνῶν
927 545 987 571 Ἐκ-

196 589 329 626 κλησίας,
352 591 399 617 καὶ
422 590 508 626 ταύτῃ
532 590 586 617 τῶν
611 591 639 616 ὲν
655 589 729 625 αὐτῷ
751 589 873 622 ζωτικῶν
897 591 985 625 ναμά-

195 645 249 663 των
265 637 348 663 εἰσέτι
370 637 417 662 νῦν
432 637 601 672 ἐπιχορηγεῖ.
630 636 702 671 Πρὸς
722 636 826 668 τούτοις
851 638 866 671 ἠ
885 645 987 672 προφη-

194 683 255 709 τεία
281 683 314 717 τῇ
347 681 498 718 δηλωθείσῃ
526 681 622 717 ἐρήμῳ
648 680 809 716 δοθήσεσθαί
836 690 901 716 φησι
937 682 986 717 τὴν

193 728 272 761 δόξαν
293 727 340 754 τοῦ
364 727 482 754 Λιϐάνου
495 747 502 759 ,
530 728 576 753 καὶ
591 727 641 762 τὴν
657 727 738 762 τιμὴν
760 727 806 753 τοῦ
824 727 983 763 Καρμήλου.

194 774 242 805 Τίς
267 774 289 800 δ’
314 775 386 801 ἔστιν
413 775 430 809 ἡ
451 774 514 806 δόξα
540 773 586 799 τοῦ
613 773 721 799 λιϐάνου
742 773 757 808 ἢ
780 775 796 808 ἡ
813 773 856 800 διὰ
875 774 984 806 θυσιῶν,

194 819 266 846 κατὰ
279 819 325 845 τὸν
344 819 483 851 Μωῡσέως
507 819 608 854 νόμον,
632 819 828 855 ἐπιτελουμένη
853 820 983 855 λατρεία;

193 864 228 899 ἡν
250 864 488 899 παραιτησάμενος
503 865 517 890 ὁ
543 864 609 896 Θεὸς
627 864 671 891 διὰ
697 864 746 899 τῆς
765 864 900 900 λεγούσης
920 874 985 901 προ-

194 911 326 946 φητείας,
361 919 371 936 1
388 911 445 941 Ἵνα
472 911 498 937 τί
520 920 564 946 μοι
590 912 706 939 Λίϐανον
725 912 757 938 ὲκ
775 911 850 938 Σαϐὰ
869 912 982 947 φέρετε;

193 958 241 983 καὶ
266 957 292 983 τί
318 966 364 993 μοι
390 957 492 992 πλῆθος
517 957 570 983 τῶν
591 957 688 985 θυσιῶν
711 958 807 993 ὐμῶν;
826 969 835 984 ι
871 959 917 985 ἐπὶ
936 959 985 994 τὴν

192 1003 294 1039 ἔρημον
322 1003 370 1030 τοῦ
405 1003 537 1038 Ἰορδάνου
569 1004 738 1040 μετατέθηκε
763 1004 811 1040 τὴν
838 1005 916 1038 δόξαν
934 1005 983 1040 τῆς

197 1049 376 1085 Ἰερουσαλὴμ
391 1069 398 1082 ,
417 1050 476 1090 τῆς·
486 1050 544 1076 κατ’
570 1051 710 1078 εὐσέϐειαν
730 1051 841 1086 ἀγωγῆς
860 1052 910 1078 οὐκ
939 1053 984 1079 ἐπὶ

199 1095 392 1131 Ἰερουσαλὴμ,
425 1096 482 1122 ἀλλ’
512 1096 557 1122 ἐπὶ
585 1097 636 1132 τῆς
665 1098 769 1133 ἐρήμου
800 1098 983 1125 συντελεῖσθαι

192 1142 349 1178 ἀρξαμένης
375 1142 428 1169 ἀπὸ
457 1142 512 1169 τῶν
537 1143 660 1170 Ἰωάννου
681 1143 794 1179 χρόνων.

191 1189 219 1216 δὲ
239 1190 286 1216 καὶ
312 1190 329 1226 ἡ
348 1189 415 1225 τιμὴ
441 1189 488 1215 τοῦ
508 1189 590 1224 νόμου
605 1210 612 1221 ,
632 1190 686 1216 τῶν
703 1199 732 1216 τε
751 1191 811 1216 κατ’
831 1190 912 1217 αὐτὸν
933 1199 983 1216 σω-

193 1234 328 1270 ματικώτε
333 1243 378 1271 ρον
397 1234 649 1270 νενομοθετημένων
661 1235 763 1262 δέδοται
776 1237 809 1271 τῇ
826 1236 921 1271 ἐρήμῳ
935 1235 981 1262 τοῦ

198 1280 332 1316 Ἰορδάνου
361 1280 405 1307 διὰ
423 1281 472 1316 τὴν
492 1280 666 1308 ἀποδοθεῖσαν
687 1282 792 1314 αἰτίαν,
828 1282 867 1308 ὅτι
886 1283 982 1317 μηκέτ’

192 1326 239 1352 ἐπὶ
257 1326 306 1362 τὴν
331 1326 509 1362 Ἰερουσαλὴμ
525 1326 713 1362 προσέφευγον
732 1328 756 1353 οἱ
775 1328 824 1362 τῆς
844 1328 914 1354 κατὰ
932 1327 983 1362 ψυ-

192 1371 243 1407 χὴν
261 1371 408 1407 θεραπείας
428 1372 568 1408 δεόμενοι,
599 1372 667 1399 ἀλλὰ
687 1373 732 1399 ἐπὶ
748 1373 797 1409 τὴν
813 1373 981 1408 ὀνομαζομέ-

191 1425 241 1452 νην
260 1416 373 1453 ἔρημον,
386 1418 434 1453 τῆς
452 1419 481 1444 ὲν
491 1419 559 1454 αὐτῇ
575 1419 780 1455 κηρυττομὲνης
795 1420 917 1454 ἀφέσεως
927 1420 981 1446 τῶν

192 1464 400 1499 ἁμαρτημάτων
417 1464 521 1491 ἕνεκεν.
560 1463 643 1500 Οἶμαι
667 1465 695 1491 δὲ
722 1465 833 1492 καὶτοῦ
856 1467 981 1502 Σωτῆρος

192 1509 271 1544 ἡμῶν
298 1509 348 1544 τὴν
374 1510 421 1536 ἐπὶ
450 1511 480 1537 τὺ
502 1511 641 1546 βάπτισμα
668 1511 817 1546 παρουσίαν
837 1511 981 1547 δηλοῦσθαι

191 1554 236 1581 διὰ
251 1556 298 1582 τοῦ
308 1576 315 1588 ,
338 1566 346 1581 1
359 1556 412 1582 Καὶ
431 1557 445 1582 ὁ
459 1556 521 1588 λαός
540 1565 590 1591 μου
600 1557 695 1590 δψεται
710 1557 758 1591 τὴν
774 1556 850 1589 δόξαν
865 1557 979 1593 Κυρίου,

192 1600 240 1627 καὶ
268 1600 297 1627 τὸ
326 1600 391 1635 ὕψος
419 1601 465 1627 τοῦ
485 1601 563 1627 Θεοῦ.
590 1611 598 1627 ι
615 1601 681 1628 Τότε
701 1601 754 1637 γὰρ
772 1602 818 1628 καὶ
835 1601 913 1637 ὤφθη
933 1602 980 1628 τοῦ

193 1646 318 1682 Σωτῆρος
334 1646 413 1682 ήμῶν
434 1648 450 1681 ἡ
465 1646 537 1679 δόξα,
550 1647 594 1673 ὅτε
615 1646 771 1681 βαπτισθεὶς
791 1657 800 1672 1
825 1647 906 1683 ἀνέϐη
928 1648 981 1674 ἀπὸ

190 1691 239 1719 τοῦ
257 1691 352 1724 ὕδατος
364 1713 372 1726 ,
392 1694 438 1720 καὶ
458 1693 634 1728 ἀνεῴχθησαν
654 1693 728 1728 αὐτῷ
747 1694 771 1719 οἱ
793 1693 915 1728 οὐρανοὶ,
936 1694 982 1720 καὶ

191 1736 246 1765 εἶδε
262 1739 292 1765 τὸ
311 1740 421 1775 Πνεῦμα
439 1739 486 1766 τοῦ
505 1739 572 1765 Θεοῦ
590 1738 753 1766 καταϐαῖνον
773 1739 838 1765 ὡσεὶ
858 1748 982 1775 περιστε-

848 1144 983 1176 Ὡσαύτως

193 1785 242 1820 ρὰν
254 1805 261 1817 ,
282 1786 327 1812 καὶ
348 1786 427 1822 μένον
446 1787 487 1812 ἐπ’
507 1786 586 1812 αὑτόν
602 1794 608 1800 ·
632 1795 640 1811 ι
655 1786 699 1812 ὅτε
719 1786 765 1812 καὶ
784 1786 859 1822 φωνὴ
879 1788 910 1813 ἐκ
928 1786 982 1813 τῶν

190 1830 311 1866 οὐρανῶν
330 1830 451 1867 ἠκούσθη
471 1831 587 1865 λέγουσα
599 1838 607 1846 ο
665 1840 673 1856 1
692 1828 775 1862 Οὗτός
794 1832 865 1857 ἐστιν
885 1833 899 1858 ό
918 1832 982 1863 Υἱός

193 1885 244 1912 μου
261 1878 275 1904 ό
291 1878 432 1913 ἀγαπητὸς
448 1898 454 1909 ,
476 1879 503 1904 ὲν
523 1875 544 1911 ᾧ
563 1878 712 1913 ηὐδόκησα.
730 1888 739 1903 ι
769 1877 848 1904 Ἀλλὰ
867 1878 913 1904 καὶ
929 1880 982 1911 πᾶς

189 1922 204 1947 ὁ
233 1923 351 1958 γνησίως
369 1923 416 1949 ἐπὶ
432 1923 462 1949 τὸ
478 1923 526 1949 τοῦ
546 1923 659 1959 λουτροῦ
679 1923 784 1959 παριὼν
812 1925 960 1959 μυστήριον
973 1946 980 1956 ,

188 1968 238 2004 τὴν
258 1969 321 2005 περὶ
336 1970 383 1996 τοῦ
398 1970 515 2005 Χριστοῦ
529 1969 695 2006 παραλαϐὼν
709 1970 847 2004 θεολογίαν
856 1991 863 2002 ,
883 1971 933 2006 τὴν
944 1971 982 1997 66—

189 2015 238 2047 ξαν
257 2015 340 2042 αὐτοῦ
360 2011 518 2048 Θεάσεται(
534 2016 618 2049 λέξων
637 2016 670 2042 ἂν
689 2017 789 2051 ὁμοίως
808 2017 847 2052 τῷ
866 2017 979 2052 Παύλῳ’

192 2071 200 2087 1
218 2062 249 2088 Et
278 2062 325 2089 καὶ
353 2062 512 2098 ἐγνώκαμεν
542 2063 611 2090 κατὰ
632 2063 721 2099 σάρκα
740 2063 856 2099 Χριστὸν
870 2084 878 2096 ,
914 2063 981 2090 ἀλλὰ

189 2106 237 2134 νῦν
255 2107 345 2134 οὐκέτι
365 2107 545 2142 γινώσκομεν.
563 2118 572 2133 ι

195 2165 261 2192 Ἀπὸ
284 2165 337 2192 τοῦ
356 2165 479 2199 ψαλμοῦ
501 2167 528 2198 ι,.
543 2166 653 2198 -Περὶ
668 2165 721 2192 τοῦ
735 2166 810 2200 μετὰ
823 2165 980 2200 ,βάπτισμα

380 2200 545 2234 πειρασμοῦ
566 2201 618 2227 τοῦ
642 2201 782 2234 Χριστοῦ.

226 2267 235 2282 1
262 2258 290 2284 Ὁ
307 2257 441 2284 κατοικῶν
458 2258 496 2288 ὲν,
508 2257 616 2293 βοηθείᾳ
631 2258 678 2284 τοῦ
698 2258 836 2292 Ὑψίστου.
847 2259 875 2284 ὲν
892 2259 980 2295 σκέπῃ
997 2264 1018 2291 υ

186 2303 234 2331 τοῦ
256 2303 322 2330 Θεοῦ
346 2304 459 2341 οὐρανοῦ
483 2304 686 2340 αὑλισθὴσεται.
710 2305 784 2341 ἘρΞῖ
808 2305 847 2340 τῷ
865 2305 975 2340 K99519-

193 2349 378 2385 Ἀντιλήπτωρ
401 2358 450 2385 μου
473 2348 507 2382 εἷ,
526 2351 572 2376 καὶ
593 2351 736 2385 καταφυγή
763 2359 824 2386 μου.
858 2350 886 2376 Ὀ
912 2350 977 2382 Θεός

189 2403 239 2430 μοι
253 2394 348 2431 βοηθός
364 2404 424 2430 μου,
442 2396 488 2422 καὶ
507 2395 591 2421 ἐλπιῶ
610 2396 652 2421 ἐπ’
666 2396 760 2422 αὐτόν·
780 2396 819 2422 ὅτι
834 2397 913 2427 αὐτὸς
928 2396 975 2431 ρύ-

189 2442 264 2468 σεταί
286 2450 319 2476 με
341 2442 373 2468 ὲκ
394 2441 507 2475 παγίδος
530 2442 680 2476 θηρευτῶν,
699 2442 745 2468 καὶ
762 2442 815 2468 ἀπὸ
836 2442 914 2476 λόγου
934 2450 977 2468 τα-

189 2486 336 2522 ραχώδους.
365 2486 409 2513 Ἐν
428 2488 484 2518 τοῖς
506 2487 683 2523 μεταφρένοις
703 2486 800 2514 ἑαυτοῦ
822 2487 976 2514 ἐπισκιάσει

187 2542 238 2565 σοι,
256 2533 308 2559 ὑπὸ
324 2533 372 2565 τὰς
385 2534 521 2568 πτέρυγας
536 2533 617 2559 αὑτοῦ
631 2533 741 2565 ὲλπιεῖς.
762 2533 855 2567 Ὂπλῳ
871 2533 976 2559 κυκλώ-

187 2587 228 2606 σει
253 2587 283 2606 σε
308 2580 324 2615 ὴ
350 2579 461 2615 ἀλήθεια
486 2578 578 2610 αὑτοῦ,
600 2579 630 2605 οὐ
656 2578 798 2615 φοϐηθήσῃ
818 2578 871 2604 ἀπὸ
893 2578 973 2613 φόϐου

186 2625 352 2661 νυκτερινοῦ,
380 2626 434 2652 ἀπὸ
464 2625 556 2660 βέλους
585 2625 742 2660 πετωμένου
775 2624 889 2660 ἡμέρας,
921 2624 975 2650 ἀπὸ

187 2671 346 2707 πράγματος
366 2670 592 2706 διαπορευομένου
611 2671 640 2695 ὲν
658 2669 757 2702 σκότει,
778 2670 831 2696 ἀπὸ
849 2671 975 2706 συμπτώ-

187 2724 280 2752 ματος,
296 2717 343 2743 καὶ
357 2717 493 2753 δαιμονίου
517 2715 714 2752 μεσημϐρινοῦ.
727 2716 855 2743 Πεσεῖται
876 2718 907 2743 ὲκ
923 2717 971 2744 τοῦ

186 2762 292 2795 κλίτους
309 2772 355 2790 σου
372 2763 469 2799 χιλιὰς,
489 2763 535 2789 καὶ
551 2761 649 2798 μυριὰς
666 2762 698 2788 ἐκ
714 2762 807 2795 δεξιῶν
822 2771 867 2789 σου
880 2772 886 2778 ·
903 2764 971 2799 πρὸς

187 2808 216 2834 σὲ
228 2808 256 2835 δὲ
278 2809 328 2836 οὐκ
340 2811 435 2844 ὲγγιεῖ.
449 2809 521 2845 Πλὴν
541 2809 595 2838 τοῖς
613 2808 760 2844 ὀφθαλμοῖς
777 2817 823 2835 σου
840 2810 972 2844 κατανοή-

758 2899 780 2915 δ’
801 2898 882 2926 Marc.
903 2908 929 2932 ι,
949 2900 994 2928 10.

221 2899 244 2915 ⁸⁷
263 2897 326 2926 Paal
353 2907 421 2930 xtv.
438 2900 463 2927 5.
502 2900 524 2915 ⁸³
543 2899 598 2928 Jer.
615 2907 658 2934 vr,
674 2900 718 2926 20.

995 1583 1015 1610 C

1040 268 1152 304 gniﬁcat
1172 276 1256 304 porro
1284 269 1339 296 hoc
1362 271 1521 304 perpetuam
1545 261 1723 295 inﬂuxionem
1745 268 1832 297 divini

1038 314 1171 349 Spiritus,
1181 314 1228 349 qui
1249 313 1367 349 desuper
1383 313 1508 345 inundat.
1525 317 1552 341 et
1572 313 1619 341 Dei
1636 314 1774 341 civitatem
1792 315 1833 342 ir-

1038 360 1119 396 rigat.
1146 360 1187 388 sic
1207 364 1297 388 autem
1315 364 1429 387 vocatur
1445 360 1509 387 vitae
1529 367 1628 395 genus,
1655 360 1716 394 ejus
1738 367 1800 395 quae
1815 368 1831 388 a

1037 406 1094 434 Deo
1110 406 1249 442 dirigitur.
1266 406 1317 434 Hic
1331 406 1414 441 igitur
1426 406 1474 434 Dei
1489 405 1589 433 ﬂuvius
1604 413 1692 441 usque
1715 407 1749 434 ad
1765 407 1831 434 soli-

1037 452 1160 479 tudinem
1185 453 1311 485 devenit,
1339 454 1481 480 collectam
1505 452 1633 480 videlicet
1648 453 1682 480 de
1705 454 1832 488 gentibus

1038 498 1188 526 Ecclesium
1200 509 1205 526 :
1215 503 1242 526 et
1256 499 1320 526 huic
1334 507 1403 535 quas
1416 500 1443 526 in
1456 508 1485 527 se
1497 499 1557 534 ipso
1574 499 1654 526 habet
1666 508 1752 535 aquas
1763 501 1836 537 vita:

1038 543 1078 572 les
1097 545 1179 571 etiam
1201 553 1274 572 nune
1289 545 1397 572 abunde
1414 546 1540 581 largitur.
1555 545 1653 573 Postea
1673 546 1744 573 idem
1762 547 1830 574 vati—

1037 591 1139 618 cinium
1162 591 1251 618 eidem
1280 592 1422 619 solitudini
1449 593 1522 619 canit
1538 592 1632 619 datum
1658 593 1691 620 iri
1715 593 1828 627 gloriam

1039 637 1145 669 Libani,
1162 641 1189 665 et
1203 638 1335 665 honorem
1352 639 1470 666 Carmeli
1487 649 1492 665 :
1508 639 1554 666 sed
1570 647 1695 674 quamam
1711 644 1754 667 est
1770 640 1829 675 glo—

1037 683 1075 709 ria
1091 682 1207 710 Carmeli
1224 683 1277 711 nisi
1296 684 1320 711 is
1334 683 1381 718 qui
1397 691 1429 711 ex
1446 684 1504 718 lege
1526 683 1608 711 Mosis
1630 692 1678 719 per
1693 684 1829 711 sacriﬁcia

1037 730 1227 756 celebrabatur
1247 730 1338 757 ritus?
1354 738 1434 764 quem
1452 730 1498 757 ubi
1519 731 1672 765 repudiavit
1689 730 1761 758 Deus
1781 739 1830 766 per

1036 783 1095 803 eam
1114 776 1285 811 prophetiam
1300 785 1361 811 qum
1373 777 1410 803 ait
1425 786 1431 803 2
1450 786 1459 802 1
1474 777 1529 803 Cur
1550 777 1616 804 mihi
1632 777 1695 804 thus
1709 777 1742 804 de
1756 777 1828 804 Saba

1036 821 1195 854 aifertis?et
1212 822 1278 857 quid
1305 822 1371 849 mihi
1392 822 1538 848 multitudo
1561 822 1758 849 sacriﬁciorum
1782 831 1830 850 vc-

1037 873 1156 894 slrorum
1170 868 1209 894 δεῖ
1227 878 1235 893 ι
1250 868 1276 894 in
1289 868 1465 894 solitudinem
1476 867 1605 894 Jordanis
1618 868 1756 894 transtulit
1770 869 1829 902 glo-

1003 902 1020 928 Β
1037 915 1104 940 riam
1122 913 1285 945 Jerusalem,
1311 918 1455 954 postqqam
1485 915 1556 940 ratio
1579 915 1623 949 pie
1648 914 1829 949 religioseque

1036 961 1143 988 vivendi
1163 969 1219 988 non
1235 962 1263 988 in
1276 960 1439 993 Jerusalem,
1459 962 1505 988 sed
1523 961 1550 988 in
1572 961 1683 988 deserto
1697 969 1828 988 consum-

1036 1006 1104 1033 mari
1123 1011 1213 1041 ccepta
1235 1011 1288 1039 est,
1306 1008 1378 1042 quod
1402 1007 1530 1034 videlicet
1547 1007 1647 1034 accidit
1665 1011 1726 1042 post
1742 1006 1826 1034 Joan-

1035 1052 1077 1078 nis
1096 1055 1229 1086 tempora.
1244 1052 1334 1079 Simili
1358 1053 1476 1084 ratione,
1497 1052 1579 1079 etiam
1596 1053 1685 1079 honor
1700 1053 1769 1088 legis
1799 1055 1826 1080 et

1034 1105 1127 1124 eorum
1141 1105 1202 1132 qum
1218 1098 1245 1124 in
1258 1098 1316 1132 lege
1330 1098 1505 1132 corporalius
1518 1098 1624 1124 sancita
1638 1103 1712 1130 sunt,
1729 1096 1827 1124 Jorda-

1034 1144 1076 1169 nis
1093 1143 1232 1170 solitudini
1253 1144 1334 1171 datus
1353 1148 1406 1176 est,
1424 1148 1535 1178 propter
1559 1143 1683 1170 eamdem
1700 1150 1825 1174 causam,

1034 1190 1162 1224 quoniam
1185 1198 1238 1217 non
1267 1190 1385 1225 amplius
1402 1190 1429 1216 in
1447 1189 1599 1217 Jerusalem
1617 1189 1825 1224 confugiebant,

1034 1235 1078 1270 qui
1103 1237 1254 1263 curationis
1283 1236 1443 1271 indigebant
1472 1235 1533 1269 ejus
1558 1242 1620 1270 qum
1641 1234 1675 1261 ad
1703 1235 1825 1261 animum

1034 1282 1162 1316 pertinet,
1177 1281 1224 1309 sed
1241 1282 1268 1308 in
1285 1282 1311 1309 id
1329 1281 1401 1316 quod
1423 1281 1582 1308 nominatur
1593 1280 1745 1310 desertum,
1759 1286 1825 1314 pro-

1033 1331 1093 1363 pter
1114 1336 1173 1355 eam
1193 1336 1253 1363 qua:
1281 1327 1308 1354 in
1338 1327 1385 1354 illo
1407 1327 1607 1362 praedicabatur
1633 1326 1824 1352 remissionem

1034 1378 1218 1408 peccatorum.
1236 1373 1306 1399 Puto
1325 1373 1407 1399 etiam
1436 1372 1587 1399 Salvatoris
1607 1371 1695 1399 nostri
1720 1371 1754 1397 ad
1777 1371 1825 1397 ba.

1033 1420 1162 1455 ptismum
1180 1427 1324 1447 accessum
1342 1419 1491 1454 significari
1507 1419 1561 1445 illis
1574 1418 1664 1445 verbis
1680 1426 1713 1445 :1
1732 1416 1764 1443 Et
1775 1424 1825 1451 po-

1032 1466 1113 1500 pulus
1130 1473 1207 1493 meus
1222 1466 1325 1493 videbit
1344 1466 1458 1500 gloriam
1478 1465 1597 1497 Domini,
1613 1468 1641 1492 et
1653 1464 1823 1491 altitudinem

1033 1511 1080 1539 Dei
1099 1521 1105 1545 ;
1123 1524 1131 1537 ι
1149 1516 1213 1539 tunc
1229 1512 1301 1539 enim
1316 1512 1375 1539 visa
1400 1516 1442 1538 est
1461 1511 1610 1538 Salvatoris
1624 1511 1712 1537 nostri
1725 1509 1823 1546 gloria,

1035 1567 1043 1582 1
1064 1565 1125 1584 cum
1140 1558 1263 1585 ascendit
1280 1557 1313 1584 de
1328 1564 1408 1592 aqua,
1425 1561 1453 1584 et
1469 1556 1493 1583 ei
1511 1557 1598 1591 aperti
1621 1561 1685 1583 sunt
1702 1555 1776 1588 cteli,
1796 1558 1824 1582 et

1033 1603 1100 1629 vidit
1117 1603 1243 1637 spiritum
1264 1602 1308 1629 Dei
1323 1602 1533 1629 descendentem
1553 1602 1632 1636 quasi
1653 1601 1821 1631 columbam,

1032 1652 1058 1675 et
1074 1652 1227 1675 manentem
1243 1656 1326 1682 super
1336 1647 1408 1675 eo”.
1422 1657 1430 1672 ι
1446 1647 1513 1674 Cum
1526 1655 1576 1674 vox
1585 1654 1692 1681 quoque
1704 1646 1737 1673 dc
1752 1646 1823 1673 cado

1033 1695 1124 1722 audita
1145 1699 1196 1725 est.
1212 1694 1324 1721 dicens:
1341 1704 1349 1719 1
1367 1693 1417 1720 ilic
1435 1698 1477 1721 est
1490 1693 1575 1721 Filius
1598 1700 1676 1719 meus
1691 1683 1820 1722 dilectus.

1033 1741 1059 1767 in
1081 1748 1134 1775 quo
1157 1740 1221 1767 mihi
1237 1739 1434 1773 complacni".
1453 1748 1461 1764 ι
1487 1738 1539 1765 Sed
1560 1738 1642 1765 etiam
1663 1738 1822 1772 quicunque

1033 1786 1152 1821 legitime
1166 1785 1199 1812 ad
1218 1785 1317 1812 lavacri
1336 1785 1496 1820 mysterium
1515 1784 1630 1817 aceedit,
1651 1784 1699 1810 ubi
1716 1784 1822 1811 theotoo

1032 1834 1102 1867 giam
1127 1833 1161 1859 de
1183 1832 1294 1859 Christo
1317 1832 1463 1866 acceperit,
1489 1832 1603 1866 gloriam
1624 1831 1684 1865 ejus
1700 1831 1822 1858 intuebi-

1032 1885 1087 1911 ttc-r,
1103 1883 1130 1906 ct
1143 1887 1204 1905 cum
1226 1878 1312 1905 Paulo
1331 1879 1422 1905 dicere
1444 1878 1564 1913 poterit:
1579 1888 1588 1903 1
1614 1878 1672 1904 Etsi
1690 1878 1820 1913 cognovi—

1032 1934 1092 1953 mus
1113 1925 1262 1953 secundum
1280 1932 1391 1951 carnem
1408 1923 1561 1957 Christum,
1583 1927 1609 1950 at
1636 1931 1710 1950 nunc
1726 1927 1818 1951 tamen

1033 1980 1086 1999 non
1105 1972 1221 2006 amplius
1236 1972 1428 2006 cognoscimus
1439 1971 1473 1998 “.
1487 1980 1497 1996 ι

1029 2164 1109 2200 433
1129 2164 1150 2190 Α
1169 2165 1272 2199 psalmo
1295 2172 1338 2191 xc.
1356 2179 1388 2184 -—
1406 2165 1442 2205 De
1461 2164 1562 2191 Christi
1578 2169 1637 2198 post
1657 2164 1816 2200 baptismum

1348 2205 1499 2227 (enlalwne.
1693 2230 1696 2235 I

1072 2267 1081 2282 1
1103 2257 1154 2290 Qui
1175 2257 1279 2284 habitat
1298 2258 1326 2284 in
1344 2258 1481 2292 adjutorio
1501 2258 1633 2285 Altissimi
1648 2279 1654 2290 ,
1676 2258 1702 2284 in
1725 2261 1817 2292 prote—

1030 2305 1122 2331 ctione
1131 2303 1178 2330 Dei
1193 2304 1256 2329 cmli
1272 2304 1497 2330 commorabitur.
1513 2303 1588 2330 Dicet
1600 2302 1715 2329 Domino
1729 2312 1734 2329 :
1748 2302 1817 2329 διιε-

1029 2355 1123 2385 ceptor
1146 2357 1222 2376 incus
1246 2357 1293 2381 cs,
1310 2354 1336 2376 ct
1351 2349 1487 2384 refugium
1514 2357 1624 2381 meum,
1649 2348 1720 2375 Deus
1740 2356 1817 2374 meus

1028 2397 1138 2431 adﬁulor
1159 2404 1254 2424 meus.
1273 2400 1300 2423 et
1323 2397 1438 2431 sperabo
1452 2397 1477 2423 in
1506 2404 1566 2423 cum
1583 2405 1589 2423 :
1609 2395 1738 2430 quoniam
1759 2394 1817 2429 ipse

1032 2442 1160 2469 liberabit
1177 2450 1219 2468 me
1239 2442 1273 2469 de
1290 2442 1387 2476 laqueo
1405 2446 1564 2468 venatorum
1576 2462 1582 2472 ,
1600 2445 1626 2468 et
1643 2441 1677 2467 ab
1693 2440 1817 2467 oratione

1031 2486 1199 2513 turbulenta.
1225 2486 1251 2513 In
1279 2487 1398 2521 scapulis
1425 2487 1483 2513 suis
1505 2485 1682 2513 obumbrabit
1708 2485 1816 2517 tibi,et

1019 2526 1082 2560 'sub
1097 2533 1149 2560 alis
1163 2533 1222 2567 ejus
1249 2534 1382 2567 sperabis.
1405 2533 1488 2559 Scuto
1521 2531 1703 2558 circumdabit
1723 2534 1749 2558 te
1769 2538 1816 2570 ve-

1030 2580 1097 2606 ritas
1115 2579 1175 2613 ejus
1187 2598 1195 2610 ,
1211 2586 1266 2606 non
1284 2579 1393 2606 timebis
1409 2586 1424 2604 a
1443 2579 1542 2604 timore
1562 2580 1715 2607 nocturno,
1737 2582 1752 2602 a
1772 2569 1819 2602 sai

1029 2626 1097 2660 gitta
1114 2626 1222 2652 volante
1248 2625 1275 2652 in
1301 2625 1361 2658 die,
1385 2633 1400 2651 a
1425 2624 1535 2659 negotio
1559 2623 1766 2659 perambulante
1787 2623 1815 2650 in

1028 2672 1166 2704 tenebris,
1185 2672 1220 2699 ab
1235 2671 1365 2704 incursu,
1383 2675 1410 2698 et
1427 2670 1562 2698 daemonio
1579 2669 1744 2696 meridiano.
1762 2669 1817 2695 Ca-

1025 2719 1090 2746 dent
1107 2726 1122 2745 a
1141 2719 1226 2746 latere
1244 2723 1291 2745 tuo
1308 2718 1398 2750 mille,
1417 2723 1443 2745 et
1460 2717 1554 2745 decem
1572 2716 1658 2743 millia
1678 2723 1692 2743 a
1707 2715 1815 2743 dextris

1027 2764 1102 2791 tuis:
1131 2764 1164 2791 ad
1188 2768 1214 2791 te
1239 2769 1329 2791 autem
1351 2771 1405 2790 non
1428 2762 1671 2798 appropinquabit.
1697 2759 1814 2789 Verum-

1026 2815 1116 2837 tamen
1139 2810 1227 2837 oculis
1252 2811 1307 2837 tuis
1329 2809 1536 2842 considerabis,
1558 2815 1584 2836 et
1604 2809 1814 2837 retributionem

1032 2900 1055 2915 '°
1077 2899 1170 2927 Matth.
1191 2907 1238 2932 ill,
1257 2899 1301 2927 i7.
1340 2899 1362 2915 "
1384 2900 1404 2926 ll
1420 2899 1484 2927 Cor.
1504 2908 1537 2931 v.
1555 2899 1599 2927 18.
