2099 3217
296 144 352 174 6‘75

613 143 749 172 EUSEBKI
765 143 1004 172 CESANENSIS
1021 143 1083 172 OPP

1131 143 1219 172 Ἀιιδ.
1235 143 1269 172 n.
1288 126 1324 165 ὲ-
1342 143 1593 173 ΑΡοιοοΕτιοΑ.

1877 144 1930 171 676

297 206 474 240 peccatomm
493 200 620 229 videbis:
654 201 786 236 quoniam
810 204 857 233 tu_
880 200 995 229 Domine
1023 208 1083 235 spes

1137 209 1204 233 σεις,
1221 200 1269 228 καὶ
1284 200 1462 227 ἀνταπόδοσιν
1472 199 1644 237 ἁμαρτωλῶν
1658 199 1736 235 ὕψει·
1752 200 1795 228 ὅτι
1811 202 1855 233 σὺ,
1873 202 1930 228 Κὺ·

298 256 371 282 mea,
388 248 559 276 Altissimum
576 247 692 282 posuisti
707 246 842 282 refugium
859 252 948 274 tuum.
964 246 1024 274 Non
1041 254 1087 274 ac-

298 296 398 323 cedent
412 294 447 321 ad
463 297 490 321 te
505 294 588 326 mala,
605 298 632 320 et
647 292 782 329 ﬂagellum
792 301 847 320 non
859 293 1086 328 appropinquabit

297 340 475 369 tabernaculo
496 343 564 367 tuo:
586 340 716 374 quoniam
740 339 845 375 angelis
867 339 926 367 suis
948 339 1086 366 mandavit

296 387 331 415 de
355 390 400 418 te,
426 389 456 412 ut
479 385 636 412 custodiant
653 390 679 412 te
698 385 726 413 in
748 386 877 413 omnibus
898 386 950 414 viis
971 387 1036 413 luis.
1055 385 1085 413 In

296 433 423 460 manibus
439 432 586 467 portabunt
607 436 651 463 te,
669 440 703 459 ne
728 432 798 460 forte
823 432 946 460 oﬂendas
962 433 995 459 ad
1016 433 1085 468 lapi-

295 479 356 506 dem
381 479 476 513 pedem
505 482 592 505 tuum.
620 477 708 513 Super
729 478 852 514 aspidem
875 483 902 505 et
925 479 1084 506 basiliseum

295 525 460 554 ambulabis.
476 529 503 551 et
519 525 698 552 conculcabis
712 525 817 552 leonem
832 529 859 552 et
873 525 1021 553 draconem
1033 526 1081 551 ⁵³.»

296 569 422 597 Salvator
436 573 462 596 et
479 569 609 596 Dominus
630 575 723 596 noster
738 569 819 597 Jesus
833 570 879 604 qui
894 569 1023 598 Christus
1038 569 1084 597 Dei

293 620 353 647 est,
368 615 432 642 dum
449 619 586 650 quatenus
601 616 684 642 homo
699 615 788 643 factus
803 620 864 648 est,
880 616 1082 649 consideratur,

294 662 421 690 habitans
436 662 537 689 dicitur
551 662 578 688 in
594 661 731 696 adiutorio
745 661 878 689 Altissimi
892 681 899 694 ,
916 667 1009 697 utpote
1022 670 1083 690 eum

294 708 322 735 in
336 709 507 743 protectione
522 707 569 735 Dei
584 712 611 734 et
627 707 717 735 Patris
731 714 926 735 commoretur.
939 708 989 736 llic
1002 709 1085 744 igitur

294 763 378 782 unum
398 754 504 782 Patrem
520 763 572 782 nec
587 756 670 781 alium
688 759 819 790 przeterea
836 755 1013 790 quempiam,
1030 762 1084 790 quo

293 806 418 837 tempore
432 809 446 828 a
463 801 573 828 diabolo
589 805 711 828 tentatus
725 804 786 831 est,
803 800 957 835 perfugium
973 805 1082 832 nactus,

292 848 426 876 Lberatus
439 851 481 875 est
495 848 560 874 olim
576 847 610 874 de
623 847 729 882 laqueis
744 847 949 874 adversantium
964 851 1085 881 potesta-

1137 255 1178 281 ριε
1193 248 1210 282 ή
1224 246 1302 279 ἐλπίς
1316 255 1378 282 μου,
1397 247 1444 274 τὸν
1460 247 1590 282 Ὕψιστον
1609 246 1669 273 ἔθου
1685 247 1846 282 καταφυγήν
1867 255 1927 274 σου.

1136 293 1174 319 Οὺ
1191 292 1400 328 προσελεύσεται
1413 293 1481 328 πρὸς
1495 293 1525 319 σὲ
1542 292 1626 324 κακὰ,
1640 293 1686 319 καὶ
1703 293 1803 328 μάστιξ
1816 293 1867 320 οὐκ
1882 294 1930 328 ἑγ-

1135 340 1190 373 γιεί
1200 338 1239 373 τῷ
1254 338 1414 374 σκηνώματι
1428 347 1475 365 σου
1487 347 1494 353 ·
1509 339 1551 365 ὃτι
1569 339 1627 370 τοῖς
1639 338 1765 372 ἀγγέλοκ
1783 338 1866 365 αὐτοῦ
1885 340 1929 366 ὲν-

1135 385 1251 411 τελεῖται
1271 384 1335 420 περὶ
1349 383 1408 416 σοῦ,
1420 384 1467 410 τοῦ
1482 378 1644 419 διίφυλάξαι
1658 392 1688 411 σε
1705 385 1735 411 ὲν
1751 385 1852 417 πάσαις
1868 387 1929 418 ταῖς

1135 431 1203 462 ὣοῖς
1217 440 1273 457 σου.
1294 431 1355 457 Ἐπὶ
1369 430 1469 466 χειρῶν
1486 430 1580 466 ἀροῦσὶ
1595 439 1635 462 σε,
1652 431 1756 466 μήποτε
1770 432 1928 468 προσκόψῃς

1136 478 1203 512 πρὸς
1217 477 1289 503 λίϐον
1300 478 1344 503 τὸν
1360 477 1427 503 πόδα
1441 486 1497 503 σου.
1521 477 1582 503 Ἐπὶ
1594 477 1694 504 ἀσπίδα
1710 478 1757 504 καὶ
1771 477 1927 512 βασιλίδ’-ιον

1135 523 1265 558 ὲπιδήσῃ,
1284 524 1331 549 καὶ
1353 523 1557 558 καταπατήσεις
1574 522 1669 550 λέοντα
1685 524 1732 549 καὶ
1747 523 1892 558 δράκοντα.
1914 533 1924 550 ›

1141 570 1170 595 '0
1194 569 1289 605 Σωτὴρ
1311 570 1357 595 καὶ
1384 569 1486 605 Κύριος
1509 569 1588 604 ἡμῶν
1616 570 1719 605 Ἰησοῦς
1740 570 1858 605 Χριστὸς
1878 569 1926 597 τοῦ

1135 615 1213 646 Θεοῦ,
1236 615 1295 641 καθ’
1315 615 1329 642 ὃ
1349 616 1516 651 ὲνηνθρώπει
1539 616 1739 651 ὲπινωύμενος,
1757 617 1771 643 ὀ
1792 616 1926 643 κατοικῶν

1134 662 1244 696 λέγεται
1257 664 1285 688 ὲν
1305 661 1416 697 βοηθείᾳ
1427 663 1474 688 τοῦ
1494 656 1632 697 Ὑψίστου,
1648 663 1676 688 ὲν
1690 662 1779 698 σκέπῃ
1795 662 1842 689 τοῦ
1857 662 1925 689 Θεοῦ

1135 708 1181 734 καὶ
1200 707 1306 743 Πατρὸς
1328 708 1513 743 αὐλιζόμενος.
1537 705 1621 740 Οὗτος
1637 708 1669 743 δὴ
1691 706 1748 740 οὖν,
1775 708 1855 743 μόνον
1879 708 1926 735 τὸν

1134 754 1249 789 Σωτῆρα
1265 754 1311 780 καὶ
1329 754 1383 780 οὐδ’
1397 754 1489 790 ἓτερον
1508 754 1667 789 καταφυγὴν
1680 755 1708 780 ὲν
1724 754 1764 789 τῷ
1778 754 1866 790 καιρῷ
1877 753 1924 780 τοῦ

1134 800 1204 826 κατά
1228 799 1272 826 τὸν
1294 799 1416 826 διάϐολον
1440 800 1593 835 πειρασμοῦ
1612 800 1779 835 κεκτημένος
1804 800 1923 836 ἐρῤύεθη

1136 846 1199 872 ποτὲ
1216 847 1248 872 ἐκ
1264 846 1317 872 τῶν
1341 847 1460 880 παγίδων
1481 847 1534 873 τῶν
1560 846 1754 882 ἀντικειμένων
1772 846 1923 882 δυνάμεων,

293 898 366 927 tI.m,
393 902 454 929 qua:
479 897 623 921 venatores
650 894 702 920 hoc
729 893 789 920 loco
816 893 997 928 appellantur,
1020 901 1082 920 cum

1134 892 1273 928 θηρευτῶν
1289 893 1335 919 νῦν
1354 891 1571 928 ὀνομαζομένων,
1587 893 1712 928 ὁπηνίκα,
1725 890 1770 919 οἷά
1781 902 1823 925 τις
1835 894 1923 926 κοινὸς

292 941 380 968 instar
394 939 537 975 cujusdam
552 939 707 966 communis
722 939 842 966 hominis
857 948 866 964 ι
882 939 982 966 ductus
997 943 1039 967 est
1056 940 1083 966 in

293 986 432 1014 desertum
444 1006 452 1018 ,
473 990 503 1013 ut
524 989 678 1013 tentaretur
694 993 709 1012 a
724 985 834 1012 diabolo
846 1006 854 1018 ,
871 989 898 1012 et
919 985 971 1012 fuit
988 986 1014 1012 in
1037 985 1085 1013 de-

293 1038 368 1061 serto
388 1033 571 1068 quadraginta
595 1032 654 1060 dies
674 1036 701 1059 et
721 1032 904 1067 quadraginta
927 1037 1040 1063 noctes,
1057 1035 1084 1059 ct

291 1083 418 1106 tentatus
442 1083 485 1106 est
510 1087 524 1105 a
551 1078 676 1105 Satana:
701 1078 821 1113 fuitque.
841 1088 850 1104 ι
866 1082 895 1105 ut
917 1079 1084 1113 evangelista

292 1130 389 1153 auctor
408 1129 468 1157 est,
483 1135 492 1151 ‹
510 1133 572 1152 cum
591 1125 688 1152 bestiis
703 1124 737 1152 ⁵³.
752 1135 760 1150 ι
775 1123 828 1152 Sed
844 1132 905 1159 qua:
919 1124 1028 1152 tandem
1042 1125 1084 1152 hae

291 1170 386 1198 bestiae
409 1171 461 1198 nisi
485 1178 555 1205 quas
579 1173 779 1196 commemorat
795 1171 836 1200 is.
860 1170 906 1204 qui
930 1177 1005 1197 nunc
1028 1174 1084 1196 tra-

291 1221 383 1243 ctatur
400 1217 523 1251 psalmus
539 1215 574 1242 ad
589 1223 651 1243 eum
664 1235 672 1247 ,
689 1215 736 1250 qui
753 1216 780 1242 in
798 1215 935 1250 adjutorio
950 1215 1084 1243 Altissimi

292 1261 408 1294 habitat,
419 1262 463 1289 ubi
476 1262 513 1288 ait
527 1271 534 1289 :
551 1271 559 1286 ι
571 1260 659 1296 Super
673 1261 794 1296 aspidem
810 1266 837 1288 et
850 1262 1009 1289 basiliscum
1025 1270 1083 1288 am-

291 1308 412 1338 bulabis.
423 1312 450 1335 et
466 1308 646 1335 conculcabis
661 1307 767 1334 leonem
782 1312 808 1334 et
819 1307 983 1335 draconem?
1003 1319 1011 1333 ι
1031 1315 1082 1335 ca:-

291 1356 380 1380 terum
400 1361 453 1380 non
478 1353 512 1380 ab
534 1353 578 1380 his
602 1353 690 1380 solum
708 1353 853 1380 liberatum
871 1354 902 1380 iri
919 1362 980 1381 eum
997 1354 1080 1386 dicit,

291 1399 340 1426 sed
360 1399 444 1425 etiam
467 1398 501 1425 ab
524 1399 650 1426 oratione
673 1398 842 1426 turbulenta.
863 1399 945 1435 434
965 1400 998 1427 At
1019 1408 1082 1428 vero

290 1452 351 1479 quae
363 1444 473 1472 tandem
491 1444 548 1471 inec
564 1443 616 1471 fuit
631 1445 721 1471 oratio
732 1465 739 1478 ,
756 1445 808 1472 nisi
823 1453 904 1479 quam
926 1446 964 1472 illi
981 1446 1082 1480 objecit

290 1495 421 1522 tentator,
435 1495 464 1518 ut
477 1491 505 1517 in
517 1499 596 1518 sacro
609 1491 756 1526 Evangelio
769 1492 900 1526 scriptum
914 1496 956 1519 est
966 1493 978 1519 ?
987 1491 1082 1527 Opera:

290 1542 381 1565 autem
399 1538 516 1572 pretium
532 1543 575 1564 est
592 1538 772 1572 contemplari
786 1559 792 1570 ,
807 1546 867 1572 qua:
880 1546 964 1565 causa
981 1539 1078 1572 fuerit,

1134 939 1285 975 ἅνθρωπος,
1310 949 1319 964 ‹
1341 939 1444 975 ἀνήχθη
1471 940 1510 971 εἰς
1534 939 1582 975 τὴν
1605 939 1718 975 ἔρημον,
1742 940 1923 975 πειρασθῆναι

1135 984 1186 1010 ὑπὸ
1203 983 1249 1010 τοῦ
1263 984 1396 1015 διαϐόλου,
1408 985 1455 1010 καὶ
1468 982 1501 1019 ἦν
1516 985 1544 1010 ἐν
1555 986 1588 1019 τῇ
1606 984 1701 1019 ἐρήμῳ
1716 984 1923 1020 τεσσαράκοντα

1133 1030 1239 1065 ἡμέρας
1252 1030 1299 1056 καὶ
1315 1030 1520 1065 τεσσαράκοντα
1534 1030 1634 1062 νύκτας
1650 1030 1849 1065 πειραζόμενος
1871 1030 1923 1057 ὑπὸ

1134 1076 1181 1103 τοῦ
1200 1077 1307 1103 Σατανᾶ
1319 1084 1327 1091 ·
1343 1077 1391 1103 καὶ
1403 1074 1447 1112 ἦν,
1464 1086 1472 1102 ι
1490 1077 1528 1108 ὡς
1539 1077 1552 1102 ὁ
1567 1076 1759 1112 εὖαγγελιστὴς
1777 1078 1922 1113 μαρτυρεῖ,

1137 1133 1146 1148 ι
1167 1123 1235 1159 μετὰ
1246 1124 1299 1150 τῶν
1315 1123 1427 1159 θηρίων.
1443 1133 1452 1149 ι
1472 1124 1560 1150 Ποίων
1573 1123 1602 1149 δὲ
1616 1123 1717 1151 τούτων
1733 1124 1750 1160 ἦ
1764 1121 1802 1151 ὧν
1819 1132 1924 1160 μνημο-

1134 1169 1205 1196 νεύει
1227 1171 1242 1196 ὁ
1260 1169 1329 1205 μετά
1352 1171 1445 1205 χεῖρας
1467 1170 1583 1205 ψαλμὸς,
1602 1170 1670 1205 πρὸς
1687 1170 1732 1197 τὸν
1759 1171 1789 1196 ὲν
1811 1170 1923 1206 βοηθείᾳ

1133 1215 1179 1242 τοῦ
1199 1216 1325 1250 Ὑψίστου
1337 1216 1513 1242 κατοικοῦντα
1528 1216 1614 1250 λέγων
1625 1224 1631 1231 ’
1654 1225 1663 1242 ι
1685 1216 1746 1242 Ἐπὶ
1759 1216 1861 1243 ἀσπίδα
1875 1216 1922 1243 καὶ

1135 1260 1290 1296 βασιλίσκον
1312 1261 1440 1296 ὲπιϐήοη,
1464 1261 1510 1288 καὶ
1532 1263 1734 1296 κατα-πατήσεις
1757 1261 1852 1288 λέοντα
1875 1261 1923 1289 καὶ

1132 1307 1276 1343 δράκοντα.
1299 1317 1307 1333 ι
1332 1308 1380 1339 Τίς
1395 1307 1417 1334 δ’
1435 1307 1468 1334 ἂν
1487 1307 1529 1344 εἴη
1551 1308 1598 1334 καὶ
1617 1305 1693 1339 οὗτος
1709 1308 1726 1343 ἢ
1743 1308 1828 1344 ὅνπερ
1846 1308 1922 1344 αὐτῷ

1133 1353 1289 1390 προῦτεινεν
1311 1355 1325 1380 ὁ
1346 1354 1482 1389 πειράζων
1506 1355 1577 1380 κατὰ
1600 1354 1631 1380 τὸ
1653 1354 1723 1389 ἱερὸν
1739 1354 1921 1388 Εὑαγγέλιον;

1133 1400 1170 1426 Τὸ
1184 1400 1206 1426 δ’
1221 1400 1306 1427 αἴτιον
1317 1399 1364 1426 τοῦ
1379 1400 1556 1435 πειράζεσθαι
1566 1400 1612 1427 τὸν
1627 1400 1784 1435 τηλικοῦτον
1807 1401 1922 1436 Σωτῆρα

1132 1446 1211 1482 ἡμῶν
1225 1447 1361 1482 σκοπῆσαι
1377 1446 1460 1479 ἄξιον.
1481 1447 1594 1473 Μέλλων
1614 1447 1644 1479 ἐξ
1663 1447 1816 1484 ἀνθρώπων
1831 1448 1922 1474 πᾶσαν

1133 1493 1209 1520 νόσον
1226 1493 1273 1520 καὶ
1295 1494 1384 1520 πᾶσαν
1408 1493 1553 1528 μαλακίαν,
1570 1494 1605 1520 τά
1623 1502 1652 1520 τε
1669 1493 1829 1529 ἐνοχλοῦντα
1845 1493 1921 1520 πνεύ-

1134 1549 1216 1575 ματα,
1233 1540 1279 1566 καί¹
1296 1541 1358 1571 τοὺς
1373 1540 1543 1575 ἀκαθάρτους
1565 1540 1693 1575 δαίμονας
1705 1540 1734 1573 ἐξ
1755 1540 1854 1572 αἰῶνος
1870 1549 1923 1576 μα-

289 1588 319 1611 υι
335 1583 461 1611 Salvator
476 1587 579 1616 noster,
596 1584 641 1618 qui
666 1584 727 1612 talis
753 1589 897 1619 tantusque
922 1589 977 1617 est,
994 1589 1079 1612 tenta-

1131 1587 1196 1622 κροῦ
1213 1586 1266 1612 τῶν
1280 1587 1325 1612 ἐπὶ
1342 1587 1393 1621 γῆς
1408 1586 1516 1612 πάντων
1529 1586 1573 1612 διὰ
1584 1587 1633 1621 τῆς
1647 1586 1777 1613 πολυθέου
1794 1586 1923 1613 δεισιδαι-

290 1630 392 1657 Iionem
409 1637 556 1664 perpessus
573 1630 618 1656 sit.
635 1630 703 1657 Cum
720 1631 800 1665 igitur
814 1638 920 1657 onmem
936 1639 968 1657 ex
987 1631 1076 1657 homi-

289 1677 371 1704 nibus
392 1676 581 1711 anritudinem
613 1683 775 1711 omnemque
804 1676 977 1711 languorem,
1008 1677 1077 1703 infe-

289 1726 401 1757 stosque
415 1722 528 1756 spiritus
545 1725 626 1756 atque
643 1721 766 1757 impuros
783 1722 936 1753 (lmmonas,
953 1723 999 1756 qui
1015 1723 1076 1756 plu-

289 1768 366 1795 rimis
379 1772 442 1794 ante
455 1767 564 1794 sa‘culis
580 1775 675 1794 omnes
689 1768 735 1802 qui
754 1768 781 1794 in
798 1773 869 1794 terra
886 1769 1075 1800 versabantur,

289 1822 336 1849 per
358 1822 418 1841 eam
442 1814 687 1849 superstitionem,
704 1822 764 1849 qum
782 1814 884 1841 multos
907 1815 973 1841 deos
995 1815 1075 1845 colit,

290 1860 472 1894 subegerunt,
488 1864 561 1887 esset
575 1860 742 1894 expulsurus
754 1881 761 1892 ,
777 1868 831 1887 non
846 1868 879 1887 ex
893 1860 986 1887 abdito
999 1862 1077 1895 quasi

291 1907 405 1934 latitans
422 1907 455 1933 ad
471 1915 503 1933 ea
518 1915 578 1941 qua:
594 1907 665 1934 dicta
681 1911 762 1939 sunt.
777 1908 902 1934 accessit.
917 1907 969 1934 Sed
982 1912 1076 1934 contra

291 1954 406 1981 infestos
422 1953 498 1988 prius
514 1954 681 1988 eosdemque
696 1954 851 1981 invisibiles
867 1954 1014 1989 principes,
1030 1963 1078 1989 per

290 2007 351 2026 eum
362 2020 369 2030 ,
386 2007 466 2034 quem
482 2000 630 2034 assumpsit
646 1999 794 2031 hominem,
812 2000 986 2026 militantium
1003 2008 1078 2028 more

291 2044 446 2080 profectus,
465 2049 492 2072 et
509 2045 536 2072 in
555 2045 642 2079 ipsius
659 2045 760 2072 diaboli
779 2046 915 2078 medium,
932 2046 1078 2080 omnisque

291 2090 451 2117 daunonica:
466 2095 583 2117 calerrce
600 2098 779 2126 progressus,
797 2091 842 2117 ubi
858 2099 941 2126 super
956 2092 1076 2126 aspidem

291 2141 318 2163 et
338 2136 496 2164 basiliscum
515 2137 680 2168 ambularit,
696 2142 721 2164 ct
741 2138 912 2164 canculearit
930 2138 1034 2165 leonem
1051 2142 1078 2165 et

291 2182 456 2212 draconem,
484 2183 625 2217 multoque
649 2183 726 2218 prius
752 2184 923 2217 regnantium
953 2183 1078 2210 inimico-

292 2236 367 2259 rum,
381 2232 408 2255 et
419 2229 503 2255 millia
517 2233 544 2255 el,
556 2229 626 2255 dena
641 2229 723 2255 millia
738 2229 888 2260 subvertit,
901 2228 1075 2264 principatus

290 2275 418 2302 videlicet
441 2282 474 2302 ac
495 2278 663 2309 potestates,
689 2275 757 2302 alias
776 2274 885 2309 quidem
911 2282 926 2301 ο
950 2275 1074 2308 dextris,

290 2321 359 2348 alias
374 2328 438 2348 vero
453 2328 467 2346 a
484 2320 606 2347 sinistris
623 2320 772 2360 bellantes.
797 2322 916 2355 itemque
936 2329 983 2349 eos
995 2341 1003 2353 ,
1028 2322 1074 2357 qui

289 2367 384 2394 mundi
408 2371 530 2394 rectores
552 2367 650 2393 harum
676 2367 850 2394 tenebrarum
876 2366 1018 2399 dicuntur,
1044 2375 1076 2394 ac

290 2414 443 2449 spiritualia
460 2414 590 2446 malitiaa;
606 2413 714 2443 omnia.
731 2413 859 2448 inquam,
877 2413 934 2440 hzec
946 2433 953 2445 ,
969 2414 1016 2441 tibi
1034 2413 1075 2441 ni-

290 2459 327 2485 hil
350 2467 431 2494 posse
450 2459 610 2493 redarguit,
633 2465 667 2484 ac
688 2458 807 2494 denique
830 2459 919 2493 ipsum
940 2459 1074 2486 malorum

290 2505 440 2540 principem
454 2505 592 2533 diabolum
608 2505 694 2533 verbo
706 2506 764 2533 oris
779 2506 821 2533 sui
837 2506 932 2541 procul
946 2507 1089 2536 extrusit.‘

290 2552 481 2586 percurritque
497 2556 579 2587 atque
596 2552 792 2583 inambulavit,
808 2560 915 2580 omnem
932 2553 1077 2579 adversan-

289 2601 343 2624 tem
360 2602 542 2632 potestatem,
559 2606 592 2626 ac
607 2598 727 2633 seipsum
748 2598 857 2633 quidem
876 2598 953 2626 adire
967 2606 999 2626 ac
1018 2602 1076 2626 ten-

289 2644 348 2669 tare
369 2643 525 2671 volentibus
550 2644 691 2675 exhibuit,
717 2651 768 2671 nec
792 2645 937 2679 quisquam
963 2644 1075 2671 omnino

290 2687 422 2717 adversus
435 2690 512 2718 illum
527 2695 601 2719 stare
616 2691 705 2727 potuit
718 2700 726 2725 ;
742 2695 799 2718 tum
815 2691 923 2718 demum
937 2690 971 2718 ad
986 2690 1074 2718 homi-

290 2741 356 2761 num
370 2736 486 2764 salutem
497 2738 624 2765 accessit.
637 2737 771 2771 Quocirca
784 2737 921 2765 intuentes
935 2737 1010 2764 illum
1024 2736 1074 2764 da:-

291 2786 386 2807 mones
399 2782 597 2816 agnoscebant,
610 2788 719 2818 propter
732 2790 791 2810 eam
806 2782 839 2810 de
850 2790 902 2817 qua
917 2782 1019 2809 dictum
1034 2787 1074 2809 est.

319 2869 349 2887 "'
368 2869 440 2898 Psal.
457 2879 505 2905 xc,
520 2872 594 2900 l-l3.

1130 1632 1224 1666 μονίας
1241 1632 1447 1667 κεκρατηκότας
1462 1632 1594 1663 ἐλαύνειν,
1611 1633 1662 1659 οὐκ
1677 1633 1709 1659 ἐκ
1727 1632 1774 1659 τοῦ
1789 1632 1920 1668 ἀφανοῦς,

1129 1677 1224 1713 ῶσπερ
1250 1678 1498 1713 ἐπικρυπτόμενος,
1523 1679 1568 1704 ἐπὶ
1591 1678 1626 1704 τὰ
1649 1678 1782 1714 εἰρημένα
1809 1677 1920 1714 παρῄει.

1132 1725 1195 1756 Τοῖς
1212 1724 1408 1760 παρενοχλοῦσι
1426 1724 1454 1750 δὲ
1466 1724 1597 1759 πρότερον
1612 1724 1738 1759 ὰοράτοις
1751 1725 1875 1760 ἄρχουσι,
1885 1723 1921 1750 δι⁹

1128 1768 1157 1797 οῦ
1171 1771 1314 1805 ἀνείληφεν
1327 1770 1472 1805 ἀνθρώπου
1486 1770 1710 1805 ἐπιστρατεύσας,
1726 1771 1773 1796 καὶ
1784 1771 1824 1802 εἰς
1839 1771 1921 1806 μέσον

1128 1817 1209 1843 αὑτοῦ
1225 1816 1271 1843 τοῦ
1287 1816 1420 1849 διαϐόλου,
1439 1817 1486 1842 καὶ
1509 1816 1608 1848 παντὸς
1628 1816 1674 1843 τοῦ
1691 1816 1848 1851 δαιμονικοῦ
1864 1818 1922 1843 στί-

1129 1873 1195 1898 (ρους
1221 1862 1372 1899 παρελθὼν,
1396 1862 1492 1894 ἐπιϐάς
1514 1871 1544 1889 τε
1571 1863 1664 1889 ἀσπίδι
1688 1863 1735 1889 καὶ
1759 1862 1918 1898 βασιλίσκῳ,

1129 1910 1176 1936 καὶ
1200 1910 1397 1944 καταπατήσας
1419 1909 1514 1935 λέοντα
1541 1909 1587 1935 καὶ
1610 1908 1755 1944 δράκοντα,
1780 1909 1828 1936 καὶ
1851 1908 1918 1936 πολὺ

1129 1956 1259 1992 πρότερον
1279 1955 1400 1982 καθελὼν
1421 1955 1474 1981 τῶν
1491 1955 1658 1990 ἀρχοντικῶν
1672 1954 1776 1990 ἐχθρῶν
1796 1954 1919 1989 χιλιάδας

1128 2004 1175 2029 καὶ
1194 2001 1335 2038 μυριάδας,
1351 2001 1401 2033 τὰς
1420 2001 1468 2036 μὲν
1482 2002 1514 2027 ἐκ
1529 2001 1582 2027 τῶν
1594 2001 1697 2034 δεξιῶν,
1713 2001 1763 2032 τὰς
1776 2000 1804 2026 δὲ
1819 2001 1852 2026 ἐκ
1862 2000 1918 2027 τῶν

1128 2048 1275 2083 εὐωνύμων
1296 2047 1477 2082 πολεμούσας,
1497 2047 1583 2082 ἀρχάς
1600 2055 1630 2073 τε
1651 2047 1699 2073 καὶ
1721 2045 1856 2078 ἐξουσίας,
1870 2047 1917 2073 καὶ

1128 2094 1159 2128 δὴ
1187 2094 1234 2121 καὶ
1250 2094 1312 2125 τοὺς
1327 2093 1488 2128 λεγομένους
1505 2092 1727 2128 κοσμοκράτορας
1740 2091 1787 2118 τοῦ
1803 2092 1918 2123 σκάτους

1128 2138 1232 2169 τούτου,
1257 2139 1292 2165 τα
1307 2147 1336 2164 τε
1358 2137 1529 2173 πνευματικὰ
1548 2138 1598 2172 τῆς
1614 2138 1762 2173 πονηρίας·
1782 2137 1871 2164 πάντα
1884 2136 1917 2173 δὴ

1128 2183 1174 2211 οὖν
1196 2184 1281 2210 ταῦτα
1304 2184 1334 2210 τὸ
1355 2184 1438 2219 μηδὲν
1464 2183 1565 2218 ἰσχύειν
1587 2183 1751 2216 ἀπελέγξας,
1772 2182 1819 2209 καὶ
1839 2182 1918 2214 τέλος

1129 2230 1208 2257 αὐτὸν
1224 2231 1269 2257 τὸν
1285 2229 1338 2256 τῶν
1354 2228 1444 2255 κακῶν
1460 2229 1572 2264 ἔξαρχον
1588 2228 1709 2255 διάϐολον
1729 2228 1767 2263 τῷ
1783 2228 1855 2263 λόγῳ
1867 2227 1916 2255 τοῦ

1129 2277 1260 2312 στόματος
1275 2275 1357 2302 αὐτοῦ
1379 2276 1486 2311 μακρὰν
1499 2276 1683 2312 ἀποσοϐήσας,
1700 2275 1810 2302 διελθών
1823 2283 1855 2302 τε
1868 2274 1917 2302 καὶ

1128 2323 1354 2358 ἐμπεριπατήσας
1374 2321 1422 2357 τὴν
1444 2322 1635 2357 ἀντικειμένην
1660 2322 1767 2348 ἃπασαν
1789 2321 1914 2357 δύναμιν,

1128 2369 1175 2395 καὶ
1188 2368 1282 2394 ἑαυτὸν
1297 2368 1346 2403 μὲν
1359 2367 1505 2404 παρασχὼν
1524 2370 1580 2400 τοῖς
1593 2367 1699 2394 θέλουσι
1715 2367 1855 2403 προσιέναι
1867 2367 1916 2394 καὶ

1128 2413 1277 2450 πειράζειν,
1295 2414 1407 2449 μηδενὸς
1424 2414 1453 2440 δὲ
1478 2414 1571 2449 στῆναι
1591 2414 1658 2449 πρὸς
1674 2413 1755 2440 αὐτὸν
1769 2412 1916 2448 δεδυνημὲ-

1127 2469 1182 2491 vos,
1195 2459 1281 2491 οὓτως
1295 2460 1340 2486 ἐπὶ
1357 2460 1406 2495 τὴν
1419 2460 1473 2486 τῶν
1486 2459 1636 2496 ἀνθρώπων
1650 2461 1786 2496 σωτηρίαν
1802 2460 1913 2497 παρῄει.

1128 2506 1172 2532 At?)
1187 2506 1233 2532 καὶ
1249 2505 1364 2541 ὁρῶντες
1378 2506 1459 2534 αὐτὸν
1475 2507 1500 2533 οἱ
1515 2506 1641 2542 δαίμονες
1661 2506 1846 2541 ἐπεγίνωσκον
1860 2506 1916 2533 ἀπὸ

1126 2551 1177 2586 τῆς
1191 2552 1409 2588 προδηλωθείσης
1429 2551 1499 2579 κατά
1517 2552 1566 2588 τὴν
1580 2552 1683 2587 ἔρημον
1697 2551 1850 2588 διατριϐῆς,
1864 2551 1915 2587 φᾴ-
1953 2569 1955 2572 -

1128 2606 1237 2629 σκοντες
1261 2597 1352 2633 αὐτῷ·
1375 2606 1384 2622 ι
1401 2598 1433 2624 Τί
1458 2598 1524 2633 ἡμῖν
1549 2597 1595 2624 καί
1612 2606 1664 2631 σοι,
1690 2597 1777 2634 Ἰησοῦ
1795 2598 1845 2624 Υἱὲ
1866 2596 1914 2625 τοῦ

1126 2642 1210 2676 Θεοῦ;
1231 2653 1243 2670 ι
1260 2643 1350 2670 Ταῦτα
1368 2643 1416 2678 μὲν
1430 2640 1476 2670 οὖν
1494 2644 1558 2678 περὶ
1573 2643 1674 2670 τῶνδε·
1691 2643 1726 2670 τὰ
1740 2643 1769 2670 δὲ
1785 2642 1850 2679 ἑξῆς
1867 2641 1914 2670 τοῦ

1126 2688 1232 2724 ψαλμοῦ
1245 2689 1313 2725 πρὸς
1332 2689 1413 2715 αὑτὸν
1428 2688 1640 2725 ἀναπεφώνηται
1654 2689 1699 2716 τὸν
1719 2689 1847 2725 Χριστὸν,
1861 2688 1916 2715 ἀπὸ

1127 2735 1186 2767 τοῦ,
1202 2745 1211 2760 ι
1233 2736 1276 2762 Ἐν
1293 2737 1349 2767 τοῖς
1366 2736 1545 2772 μεταφρένοις
1563 2736 1644 2763 αὑτοῦ
1661 2735 1815 2764 ἐπισκιάσει
1833 2743 1883 2766 σοι,
1902 2743 1911 2760 ι

1127 2782 1247 2817 δηλονότι
1261 2783 1274 2811 ὁ
1290 2781 1429 2816 ’¹Υψιστος,
1452 2792 1460 2807 ι
1482 2783 1527 2809 καὶ
1544 2782 1596 2809 ὑπὸ
1610 2782 1659 2814 τὰς
1678 2778 1818 2817 πτέρυγας
1831 2778 1913 2808 αὐτοῦ

633 2873 655 2889 "
676 2872 770 2901 Matth~
788 2878 832 2906 tv,
849 2872 922 2908 1,2;
940 2873 1023 2901 Mare.
1038 2881 1066 2907 ι,
1085 2874 1175 2908 19,ίὸ.
