  <div class='ocr_page' id='page_1' title='image "/cluster/home/n/w/nwhite01/storage/ocr_20150623/22/njp.32101077772497/386.png"; bbox 0 0 2099 3217; ppageno 0'>
   <div class='ocr_carea' id='block_1_1' title="bbox 166 178 218 206">
    <p class='ocr_par' dir='ltr' id='par_1_1' title="bbox 166 178 218 206">
     <span class='ocr_line' id='line_1_1' title="bbox 166 178 218 206; baseline -0.019 0"><span class='ocrx_word' id='word_1_1' title='bbox 166 178 218 206; x_wconf 72' lang='grc' dir='ltr'><strong>(ΞἸῚ</strong></span> 
     </span>
    </p>
   </div>
   <div class='ocr_carea' id='block_1_2' title="bbox 627 176 1349 207">
    <p class='ocr_par' dir='ltr' id='par_1_2' title="bbox 627 176 1349 207">
     <span class='ocr_line' id='line_1_2' title="bbox 627 176 1349 207; baseline 0 -2"><span class='ocrx_word' id='word_1_2' title='bbox 627 177 953 207; x_wconf 80' lang='lat' dir='ltr'><strong>DEMONSTRATIONIS</strong></span> <span class='ocrx_word' id='word_1_3' title='bbox 970 176 1199 205; x_wconf 63' lang='lat' dir='ltr'><strong>EVANGELIC£</strong></span> <span class='ocrx_word' id='word_1_4' title='bbox 1219 177 1283 205; x_wconf 81' lang='lat' dir='ltr'><strong>LIB.</strong></span> <span class='ocrx_word' id='word_1_5' title='bbox 1304 176 1349 205; x_wconf 79' lang='grc' dir='ltr'><strong>ῐΧ.</strong></span> 
     </span>
    </p>
   </div>
   <div class='ocr_carea' id='block_1_3' title="bbox 1749 178 1801 206">
    <p class='ocr_par' dir='ltr' id='par_1_3' title="bbox 1749 178 1801 206">
     <span class='ocr_line' id='line_1_3' title="bbox 1749 178 1801 206; baseline 0 0"><span class='ocrx_word' id='word_1_6' title='bbox 1749 178 1801 206; x_wconf 75' lang='lat'><strong>878</strong></span> 
     </span>
    </p>
   </div>
   <div class='ocr_carea' id='block_1_4' title="bbox 166 234 959 272">
    <p class='ocr_par' dir='ltr' id='par_1_4' title="bbox 166 235 956 272">
     <span class='ocr_line' id='line_1_4' title="bbox 166 235 956 272; baseline -0.001 -8"><span class='ocrx_word' id='word_1_7' title='bbox 166 235 279 268; x_wconf 82' lang='grc' dir='ltr'>ἐλπιεῖς.</span> <span class='ocrx_word' id='word_1_8' title='bbox 305 235 401 272; x_wconf 84' lang='grc' dir='ltr'>Ὅπλῳ</span> <span class='ocrx_word' id='word_1_9' title='bbox 414 235 549 263; x_wconf 80' lang='grc' dir='ltr'><strong>κυκλώσει</strong></span> <span class='ocrx_word' id='word_1_10' title='bbox 563 244 593 262; x_wconf 83' lang='grc' dir='ltr'><strong>σε</strong></span> <span class='ocrx_word' id='word_1_11' title='bbox 605 236 622 271; x_wconf 88' lang='grc' dir='ltr'><strong>ή</strong></span> <span class='ocrx_word' id='word_1_12' title='bbox 637 235 751 272; x_wconf 82' lang='grc' dir='ltr'>ἀλήθεια</span> <span class='ocrx_word' id='word_1_13' title='bbox 765 236 847 264; x_wconf 82' lang='grc' dir='ltr'>αὐτοῦ</span> <span class='ocrx_word' id='word_1_14' title='bbox 857 245 864 252; x_wconf 93' lang='grc'>·</span> <span class='ocrx_word' id='word_1_15' title='bbox 883 246 892 262; x_wconf 79' lang='grc' dir='ltr'><strong>ι</strong></span> <span class='ocrx_word' id='word_1_16' title='bbox 909 237 956 263; x_wconf 74' lang='grc' dir='ltr'><strong>καὶ</strong></span> 
     </span>
    </p>
   </div>
   <div class='ocr_carea' id='block_1_5' title="bbox 1010 234 1799 272">
    <p class='ocr_par' dir='ltr' id='par_1_5' title="bbox 1010 234 1799 270">
     <span class='ocr_line' id='line_1_5' title="bbox 1010 234 1799 270; baseline 0.001 -8"><span class='ocrx_word' id='word_1_17' title='bbox 1010 235 1035 262; x_wconf 91' lang='lat' dir='ltr'><strong>in</strong></span> <span class='ocrx_word' id='word_1_18' title='bbox 1045 234 1157 263; x_wconf 88' lang='lat' dir='ltr'><strong>deserto</strong></span> <span class='ocrx_word' id='word_1_19' title='bbox 1168 236 1422 267; x_wconf 77' lang='lat' dir='ltr'><strong>commorationem,</strong></span> <span class='ocrx_word' id='word_1_20' title='bbox 1435 242 1498 262; x_wconf 89' lang='lat' dir='ltr'><strong>cum</strong></span> <span class='ocrx_word' id='word_1_21' title='bbox 1510 234 1544 262; x_wconf 91' lang='lat' dir='ltr'><strong>ad</strong></span> <span class='ocrx_word' id='word_1_22' title='bbox 1555 235 1643 270; x_wconf 87' lang='lat' dir='ltr'><strong>ipsum</strong></span> <span class='ocrx_word' id='word_1_23' title='bbox 1656 235 1778 263; x_wconf 81' lang='lat' dir='ltr'><strong>dicerent</strong></span> <span class='ocrx_word' id='word_1_24' title='bbox 1792 245 1799 263; x_wconf 90' lang='lat'><strong>:</strong></span> 
     </span>
    </p>
   </div>
   <div class='ocr_carea' id='block_1_6' title="bbox 165 282 959 318">
    <p class='ocr_par' dir='ltr' id='par_1_6' title="bbox 165 282 959 318">
     <span class='ocr_line' id='line_1_6' title="bbox 165 282 959 318; baseline 0 -9"><span class='ocrx_word' id='word_1_25' title='bbox 165 282 315 318; x_wconf 68' lang='grc' dir='ltr'>ἐπειδήπερ</span> <span class='ocrx_word' id='word_1_26' title='bbox 338 282 456 318; x_wconf 79' lang='grc' dir='ltr'><strong>ἡμέραις</strong></span> <span class='ocrx_word' id='word_1_27' title='bbox 476 282 684 318; x_wconf 78' lang='grc' dir='ltr'>τεσσαράκοντα</span> <span class='ocrx_word' id='word_1_28' title='bbox 709 282 757 309; x_wconf 76' lang='grc' dir='ltr'><strong>καὶ</strong></span> <span class='ocrx_word' id='word_1_29' title='bbox 778 284 839 315; x_wconf 80' lang='grc' dir='ltr'>ταῖς</span> <span class='ocrx_word' id='word_1_30' title='bbox 861 283 959 310; x_wconf 83' lang='grc' dir='ltr'>τοσαύ-</span> 
     </span>
    </p>
   </div>
   <div class='ocr_carea' id='block_1_7' title="bbox 166 329 958 365">
    <p class='ocr_par' dir='ltr' id='par_1_7' title="bbox 166 329 958 365">
     <span class='ocr_line' id='line_1_7' title="bbox 166 329 958 365; baseline -0.001 -9"><span class='ocrx_word' id='word_1_31' title='bbox 166 338 226 361; x_wconf 85' lang='grc' dir='ltr'>ταις</span> <span class='ocrx_word' id='word_1_32' title='bbox 249 329 324 361; x_wconf 79' lang='grc' dir='ltr'>νυξὶν</span> <span class='ocrx_word' id='word_1_33' title='bbox 346 329 517 364; x_wconf 72' lang='grc' dir='ltr'>ἐπειράζετο,</span> <span class='ocrx_word' id='word_1_34' title='bbox 539 330 600 365; x_wconf 81' lang='grc' dir='ltr'>περὶ</span> <span class='ocrx_word' id='word_1_35' title='bbox 618 329 669 364; x_wconf 83' lang='grc' dir='ltr'><strong>μὲν</strong></span> <span class='ocrx_word' id='word_1_36' title='bbox 684 329 738 355; x_wconf 76' lang='grc' dir='ltr'><strong>τῶν</strong></span> <span class='ocrx_word' id='word_1_37' title='bbox 759 330 830 364; x_wconf 66' lang='grc' dir='ltr'><strong>ἀμφὶ</strong></span> <span class='ocrx_word' id='word_1_38' title='bbox 844 329 895 360; x_wconf 72' lang='grc' dir='ltr'><strong>τὰς</strong></span> <span class='ocrx_word' id='word_1_39' title='bbox 911 329 958 355; x_wconf 74' lang='grc' dir='ltr'><strong>νύ-</strong></span> 
     </span>
    </p>
   </div>
   <div class='ocr_carea' id='block_1_8' title="bbox 167 373 959 410">
    <p class='ocr_par' dir='ltr' id='par_1_8' title="bbox 167 373 959 410">
     <span class='ocr_line' id='line_1_8' title="bbox 167 373 959 410; baseline -0.001 -9"><span class='ocrx_word' id='word_1_40' title='bbox 167 383 233 406; x_wconf 80' lang='grc' dir='ltr'>κτας</span> <span class='ocrx_word' id='word_1_41' title='bbox 251 374 382 400; x_wconf 70' lang='grc' dir='ltr'>ἐπιόντων</span> <span class='ocrx_word' id='word_1_42' title='bbox 403 373 477 408; x_wconf 68' lang='grc' dir='ltr'>αὐτῷ</span> <span class='ocrx_word' id='word_1_43' title='bbox 493 373 633 400; x_wconf 72' lang='grc' dir='ltr'>λέλεκται·</span> <span class='ocrx_word' id='word_1_44' title='bbox 653 383 662 399; x_wconf 77' lang='grc' dir='ltr'><strong>ι</strong></span> <span class='ocrx_word' id='word_1_45' title='bbox 682 374 718 400; x_wconf 80' lang='grc' dir='ltr'><strong>Οὐ</strong></span> <span class='ocrx_word' id='word_1_46' title='bbox 742 374 885 410; x_wconf 74' lang='grc' dir='ltr'><strong>φοϐηθήσῃ</strong></span> <span class='ocrx_word' id='word_1_47' title='bbox 905 374 959 400; x_wconf 71' lang='grc' dir='ltr'>ἀπὸ</span> 
     </span>
    </p>
   </div>
   <div class='ocr_carea' id='block_1_9' title="bbox 166 419 959 455">
    <p class='ocr_par' dir='ltr' id='par_1_9' title="bbox 166 419 959 455">
     <span class='ocr_line' id='line_1_9' title="bbox 166 419 959 455; baseline 0 -9"><span class='ocrx_word' id='word_1_48' title='bbox 166 420 250 455; x_wconf 74' lang='grc' dir='ltr'>φόίου</span> <span class='ocrx_word' id='word_1_49' title='bbox 272 419 446 455; x_wconf 77' lang='grc' dir='ltr'><strong>νυκτερινοῦ·</strong></span> <span class='ocrx_word' id='word_1_50' title='bbox 469 429 478 445; x_wconf 73' lang='grc' dir='ltr'><strong>ι</strong></span> <span class='ocrx_word' id='word_1_51' title='bbox 497 421 559 455; x_wconf 77' lang='grc' dir='ltr'>περὶ</span> <span class='ocrx_word' id='word_1_52' title='bbox 575 420 602 446; x_wconf 73' lang='grc' dir='ltr'><strong>δὲ</strong></span> <span class='ocrx_word' id='word_1_53' title='bbox 622 420 675 446; x_wconf 86' lang='grc' dir='ltr'><strong>τῶν</strong></span> <span class='ocrx_word' id='word_1_54' title='bbox 693 421 765 455; x_wconf 70' lang='grc' dir='ltr'>ἀμφὶ</span> <span class='ocrx_word' id='word_1_55' title='bbox 787 420 836 452; x_wconf 78' lang='grc' dir='ltr'>τὰς</span> <span class='ocrx_word' id='word_1_56' title='bbox 851 421 959 455; x_wconf 80' lang='grc' dir='ltr'>ἡμέρας</span> 
     </span>
    </p>
   </div>
   <div class='ocr_carea' id='block_1_10' title="bbox 167 466 958 503">
    <p class='ocr_par' dir='ltr' id='par_1_10' title="bbox 167 466 958 503">
     <span class='ocr_line' id='line_1_10' title="bbox 167 466 958 503; baseline 0 -10"><span class='ocrx_word' id='word_1_57' title='bbox 167 466 248 494; x_wconf 80' lang='grc' dir='ltr'>αὑτὸν</span> <span class='ocrx_word' id='word_1_58' title='bbox 271 466 473 502; x_wconf 76' lang='grc' dir='ltr'><strong>πολεμούντων,</strong></span> <span class='ocrx_word' id='word_1_59' title='bbox 495 466 535 498; x_wconf 69' lang='grc' dir='ltr'><strong>τὸ,</strong></span> <span class='ocrx_word' id='word_1_60' title='bbox 560 476 569 491; x_wconf 80' lang='grc' dir='ltr'><strong>ι</strong></span> <span class='ocrx_word' id='word_1_61' title='bbox 590 467 654 493; x_wconf 76' lang='grc' dir='ltr'><strong>Ἀπὸ</strong></span> <span class='ocrx_word' id='word_1_62' title='bbox 681 467 774 502; x_wconf 85' lang='grc' dir='ltr'>βέλους</span> <span class='ocrx_word' id='word_1_63' title='bbox 801 468 958 503; x_wconf 79' lang='grc' dir='ltr'>πετωμένου</span> 
     </span>
    </p>
   </div>
   <div class='ocr_carea' id='block_1_11' title="bbox 168 510 959 548">
    <p class='ocr_par' dir='ltr' id='par_1_11' title="bbox 168 510 959 548">
     <span class='ocr_line' id='line_1_11' title="bbox 168 510 959 548; baseline 0 -9"><span class='ocrx_word' id='word_1_64' title='bbox 168 512 288 548; x_wconf 83' lang='grc' dir='ltr'>ἡμέρας·</span> <span class='ocrx_word' id='word_1_65' title='bbox 308 522 317 537; x_wconf 76' lang='grc' dir='ltr'><strong>ι</strong></span> <span class='ocrx_word' id='word_1_66' title='bbox 335 513 382 538; x_wconf 77' lang='grc' dir='ltr'><strong>καὶ</strong></span> <span class='ocrx_word' id='word_1_67' title='bbox 401 510 478 543; x_wconf 71' lang='grc' dir='ltr'>αὖθις</span> <span class='ocrx_word' id='word_1_68' title='bbox 493 512 557 548; x_wconf 68' lang='grc' dir='ltr'>περὶ</span> <span class='ocrx_word' id='word_1_69' title='bbox 575 513 623 547; x_wconf 77' lang='grc' dir='ltr'><strong>μὲν</strong></span> <span class='ocrx_word' id='word_1_70' title='bbox 637 513 690 539; x_wconf 80' lang='grc' dir='ltr'><strong>τῶν</strong></span> <span class='ocrx_word' id='word_1_71' title='bbox 707 514 736 539; x_wconf 79' lang='grc' dir='ltr'>ἐν</span> <span class='ocrx_word' id='word_1_72' title='bbox 750 513 841 539; x_wconf 77' lang='grc' dir='ltr'>νυκτί·</span> <span class='ocrx_word' id='word_1_73' title='bbox 861 523 870 538; x_wconf 88' lang='grc'><strong>‹</strong></span> <span class='ocrx_word' id='word_1_74' title='bbox 893 514 959 540; x_wconf 78' lang='grc' dir='ltr'><strong>Ἀπὸ</strong></span> 
     </span>
    </p>
   </div>
   <div class='ocr_carea' id='block_1_12' title="bbox 136 551 959 594">
    <p class='ocr_par' dir='ltr' id='par_1_12' title="bbox 136 551 959 594">
     <span class='ocr_line' id='line_1_12' title="bbox 136 551 959 594; baseline 0 -10"><span class='ocrx_word' id='word_1_75' title='bbox 136 551 143 559; x_wconf 75' lang='grc'><strong><em>“</em></strong></span> <span class='ocrx_word' id='word_1_76' title='bbox 169 558 331 594; x_wconf 82' lang='grc' dir='ltr'>πράγματος</span> <span class='ocrx_word' id='word_1_77' title='bbox 343 558 373 584; x_wconf 82' lang='grc' dir='ltr'>ὲν</span> <span class='ocrx_word' id='word_1_78' title='bbox 389 558 478 584; x_wconf 87' lang='grc' dir='ltr'>σκότει</span> <span class='ocrx_word' id='word_1_79' title='bbox 493 558 723 594; x_wconf 74' lang='grc' dir='ltr'><strong>διαπορευομένου</strong></span> <span class='ocrx_word' id='word_1_80' title='bbox 733 566 740 573; x_wconf 89' lang='grc'><strong>·</strong></span> <span class='ocrx_word' id='word_1_81' title='bbox 758 568 767 584; x_wconf 76' lang='grc' dir='ltr'><strong>ι</strong></span> <span class='ocrx_word' id='word_1_82' title='bbox 785 558 849 594; x_wconf 75' lang='grc' dir='ltr'>περὶ</span> <span class='ocrx_word' id='word_1_83' title='bbox 863 558 891 584; x_wconf 73' lang='grc' dir='ltr'>δὲ</span> <span class='ocrx_word' id='word_1_84' title='bbox 905 558 959 584; x_wconf 83' lang='grc' dir='ltr'><strong>τῶν</strong></span> 
     </span>
    </p>
   </div>
   <div class='ocr_carea' id='block_1_13' title="bbox 166 603 960 640">
    <p class='ocr_par' dir='ltr' id='par_1_13' title="bbox 166 603 960 640">
     <span class='ocr_line' id='line_1_13' title="bbox 166 603 960 640; baseline 0 -10"><span class='ocrx_word' id='word_1_85' title='bbox 166 605 196 630; x_wconf 81' lang='grc' dir='ltr'>ἐν</span> <span class='ocrx_word' id='word_1_86' title='bbox 205 604 312 640; x_wconf 79' lang='grc' dir='ltr'>ἡμέρᾳ·</span> <span class='ocrx_word' id='word_1_87' title='bbox 325 613 334 628; x_wconf 86' lang='grc'><em>‹</em></span> <span class='ocrx_word' id='word_1_88' title='bbox 347 603 412 630; x_wconf 74' lang='grc' dir='ltr'>Ἀπο</span> <span class='ocrx_word' id='word_1_89' title='bbox 426 603 627 639; x_wconf 75' lang='grc' dir='ltr'>συμπτώματος</span> <span class='ocrx_word' id='word_1_90' title='bbox 640 604 687 630; x_wconf 71' lang='grc' dir='ltr'>καὶ</span> <span class='ocrx_word' id='word_1_91' title='bbox 698 603 837 640; x_wconf 79' lang='grc' dir='ltr'>δαιμονίου</span> <span class='ocrx_word' id='word_1_92' title='bbox 852 613 960 640; x_wconf 87' lang='grc' dir='ltr'>μεσημ-</span> 
     </span>
    </p>
   </div>
   <div class='ocr_carea' id='block_1_14' title="bbox 167 647 959 686">
    <p class='ocr_par' dir='ltr' id='par_1_14' title="bbox 167 647 959 686">
     <span class='ocr_line' id='line_1_14' title="bbox 167 647 959 686; baseline 0.001 -10"><span class='ocrx_word' id='word_1_93' title='bbox 167 649 270 685; x_wconf 73' lang='grc' dir='ltr'>ερινοῦ.</span> <span class='ocrx_word' id='word_1_94' title='bbox 291 659 301 675; x_wconf 68' lang='grc' dir='ltr'><strong>ι</strong></span> <span class='ocrx_word' id='word_1_95' title='bbox 328 647 384 676; x_wconf 77' lang='grc' dir='ltr'><strong>Εἶτ’</strong></span> <span class='ocrx_word' id='word_1_96' title='bbox 408 649 522 686; x_wconf 77' lang='grc' dir='ltr'>ἐπείπερ</span> <span class='ocrx_word' id='word_1_97' title='bbox 545 651 573 676; x_wconf 84' lang='grc' dir='ltr'><strong>ὲν</strong></span> <span class='ocrx_word' id='word_1_98' title='bbox 595 650 633 685; x_wconf 81' lang='grc' dir='ltr'>τῲ</span> <span class='ocrx_word' id='word_1_99' title='bbox 660 650 801 685; x_wconf 76' lang='grc' dir='ltr'>πειράζειν</span> <span class='ocrx_word' id='word_1_100' title='bbox 830 651 959 685; x_wconf 83' lang='grc' dir='ltr'>δυνάμεις</span> 
     </span>
    </p>
   </div>
   <div class='ocr_carea' id='block_1_15' title="bbox 168 696 959 732">
    <p class='ocr_par' dir='ltr' id='par_1_15' title="bbox 168 696 959 732">
     <span class='ocr_line' id='line_1_15' title="bbox 168 696 959 732; baseline 0.001 -9"><span class='ocrx_word' id='word_1_101' title='bbox 168 696 285 732; x_wconf 73' lang='grc' dir='ltr'>πονηραὶ</span> <span class='ocrx_word' id='word_1_102' title='bbox 300 696 430 723; x_wconf 75' lang='grc' dir='ltr'>ὲκύκλουν</span> <span class='ocrx_word' id='word_1_103' title='bbox 445 696 536 728; x_wconf 72' lang='grc' dir='ltr'>αὑτὸν,</span> <span class='ocrx_word' id='word_1_104' title='bbox 551 697 597 723; x_wconf 78' lang='grc' dir='ltr'>καὶ</span> <span class='ocrx_word' id='word_1_105' title='bbox 611 698 637 723; x_wconf 72' lang='grc' dir='ltr'>αἱ</span> <span class='ocrx_word' id='word_1_106' title='bbox 650 697 698 732; x_wconf 79' lang='grc' dir='ltr'>μὲν</span> <span class='ocrx_word' id='word_1_107' title='bbox 716 697 749 723; x_wconf 75' lang='grc' dir='ltr'>τὰ</span> <span class='ocrx_word' id='word_1_108' title='bbox 764 697 838 730; x_wconf 77' lang='grc' dir='ltr'>δεξιὰ</span> <span class='ocrx_word' id='word_1_109' title='bbox 855 697 959 732; x_wconf 80' lang='grc' dir='ltr'>πλευρὰ</span> 
     </span>
    </p>
   </div>
   <div class='ocr_carea' id='block_1_16' title="bbox 169 741 959 780">
    <p class='ocr_par' dir='ltr' id='par_1_16' title="bbox 169 741 959 780">
     <span class='ocr_line' id='line_1_16' title="bbox 169 741 959 780; baseline 0.001 -11"><span class='ocrx_word' id='word_1_110' title='bbox 169 744 291 778; x_wconf 79' lang='grc' dir='ltr'>συνεῖχον</span> <span class='ocrx_word' id='word_1_111' title='bbox 308 741 401 773; x_wconf 77' lang='grc' dir='ltr'>αὐτοῦ,</span> <span class='ocrx_word' id='word_1_112' title='bbox 421 742 487 769; x_wconf 78' lang='grc' dir='ltr'>πολὺ</span> <span class='ocrx_word' id='word_1_113' title='bbox 502 742 530 769; x_wconf 78' lang='grc' dir='ltr'><strong>δὲ</strong></span> <span class='ocrx_word' id='word_1_114' title='bbox 548 743 656 775; x_wconf 80' lang='grc' dir='ltr'>πλείους</span> <span class='ocrx_word' id='word_1_115' title='bbox 674 744 728 770; x_wconf 83' lang='grc' dir='ltr'><strong>τῶν</strong></span> <span class='ocrx_word' id='word_1_116' title='bbox 746 743 905 780; x_wconf 74' lang='grc' dir='ltr'>ἀριστερῶν,</span> <span class='ocrx_word' id='word_1_117' title='bbox 922 744 959 775; x_wconf 83' lang='grc' dir='ltr'>ὡς</span> 
     </span>
    </p>
   </div>
   <div class='ocr_carea' id='block_1_17' title="bbox 171 788 959 825">
    <p class='ocr_par' dir='ltr' id='par_1_17' title="bbox 171 788 959 825">
     <span class='ocr_line' id='line_1_17' title="bbox 171 788 959 825; baseline 0.001 -10"><span class='ocrx_word' id='word_1_118' title='bbox 171 789 205 815; x_wconf 86' lang='grc' dir='ltr'>ἂν</span> <span class='ocrx_word' id='word_1_119' title='bbox 221 788 416 825; x_wconf 82' lang='grc' dir='ltr'>κρατερώτερα</span> <span class='ocrx_word' id='word_1_120' title='bbox 431 788 479 823; x_wconf 76' lang='grc' dir='ltr'><strong>μὲν</strong></span> <span class='ocrx_word' id='word_1_121' title='bbox 498 789 532 815; x_wconf 80' lang='grc' dir='ltr'>τὰ</span> <span class='ocrx_word' id='word_1_122' title='bbox 546 788 630 821; x_wconf 81' lang='grc' dir='ltr'>δεξιὰ,</span> <span class='ocrx_word' id='word_1_123' title='bbox 648 790 759 821; x_wconf 79' lang='grc' dir='ltr'><strong>εἰκότως</strong></span> <span class='ocrx_word' id='word_1_124' title='bbox 779 790 852 825; x_wconf 77' lang='grc' dir='ltr'>αὐτῷ</span> <span class='ocrx_word' id='word_1_125' title='bbox 870 790 959 816; x_wconf 78' lang='grc' dir='ltr'>ἐπιλέ-</span> 
     </span>
    </p>
   </div>
   <div class='ocr_carea' id='block_1_18' title="bbox 168 835 959 871">
    <p class='ocr_par' dir='ltr' id='par_1_18' title="bbox 168 835 959 871">
     <span class='ocr_line' id='line_1_18' title="bbox 168 835 959 871; baseline 0.003 -10"><span class='ocrx_word' id='word_1_126' title='bbox 168 843 268 869; x_wconf 79' lang='grc' dir='ltr'>γεταιο</span> <span class='ocrx_word' id='word_1_127' title='bbox 288 844 297 860; x_wconf 84' lang='grc' dir='ltr'><strong>ι</strong></span> <span class='ocrx_word' id='word_1_128' title='bbox 323 835 452 861; x_wconf 86' lang='grc' dir='ltr'>Πεσεῖται</span> <span class='ocrx_word' id='word_1_129' title='bbox 476 836 508 861; x_wconf 78' lang='grc' dir='ltr'><strong>ἐκ</strong></span> <span class='ocrx_word' id='word_1_130' title='bbox 528 835 573 862; x_wconf 73' lang='grc' dir='ltr'>τοῦ</span> <span class='ocrx_word' id='word_1_131' title='bbox 601 836 708 867; x_wconf 84' lang='grc' dir='ltr'>κλίτους</span> <span class='ocrx_word' id='word_1_132' title='bbox 731 845 776 862; x_wconf 85' lang='grc' dir='ltr'><strong>σου</strong></span> <span class='ocrx_word' id='word_1_133' title='bbox 799 836 887 871; x_wconf 79' lang='grc' dir='ltr'>χιλιὰς</span> <span class='ocrx_word' id='word_1_134' title='bbox 914 837 959 863; x_wconf 72' lang='grc' dir='ltr'><strong>καὶ</strong></span> 
     </span>
    </p>
   </div>
   <div class='ocr_carea' id='block_1_19' title="bbox 168 880 959 917">
    <p class='ocr_par' dir='ltr' id='par_1_19' title="bbox 168 880 959 917">
     <span class='ocr_line' id='line_1_19' title="bbox 168 880 959 917; baseline 0.003 -11"><span class='ocrx_word' id='word_1_135' title='bbox 168 880 270 917; x_wconf 77' lang='grc' dir='ltr'>μυριὰς</span> <span class='ocrx_word' id='word_1_136' title='bbox 286 881 318 907; x_wconf 84' lang='grc' dir='ltr'>ἐκ</span> <span class='ocrx_word' id='word_1_137' title='bbox 334 880 428 914; x_wconf 79' lang='grc' dir='ltr'>δεξιῶν</span> <span class='ocrx_word' id='word_1_138' title='bbox 442 890 504 908; x_wconf 87' lang='grc' dir='ltr'>σου·</span> <span class='ocrx_word' id='word_1_139' title='bbox 523 882 589 917; x_wconf 60' lang='grc' dir='ltr'>πρλις</span> <span class='ocrx_word' id='word_1_140' title='bbox 603 883 632 908; x_wconf 81' lang='grc' dir='ltr'><strong>σὲ</strong></span> <span class='ocrx_word' id='word_1_141' title='bbox 645 882 672 908; x_wconf 78' lang='grc' dir='ltr'>δὲ</span> <span class='ocrx_word' id='word_1_142' title='bbox 683 883 732 908; x_wconf 71' lang='grc' dir='ltr'>οὐκ</span> <span class='ocrx_word' id='word_1_143' title='bbox 746 883 840 917; x_wconf 78' lang='grc' dir='ltr'>εγγιεῐ.</span> <span class='ocrx_word' id='word_1_144' title='bbox 851 892 859 907; x_wconf 76' lang='grc' dir='ltr'><strong>ι</strong></span> <span class='ocrx_word' id='word_1_145' title='bbox 878 882 959 909; x_wconf 83' lang='grc' dir='ltr'>«Κλί-</span> 
     </span>
    </p>
   </div>
   <div class='ocr_carea' id='block_1_20' title="bbox 168 926 960 963">
    <p class='ocr_par' dir='ltr' id='par_1_20' title="bbox 168 926 960 963">
     <span class='ocr_line' id='line_1_20' title="bbox 168 926 960 963; baseline 0.001 -10"><span class='ocrx_word' id='word_1_146' title='bbox 168 935 233 959; x_wconf 79' lang='grc' dir='ltr'>τους</span> <span class='ocrx_word' id='word_1_147' title='bbox 256 937 265 953; x_wconf 72' lang='grc' dir='ltr'><strong>ι</strong></span> <span class='ocrx_word' id='word_1_148' title='bbox 285 927 344 953; x_wconf 74' lang='grc' dir='ltr'>ἀντὶ</span> <span class='ocrx_word' id='word_1_149' title='bbox 355 926 401 953; x_wconf 78' lang='grc' dir='ltr'>τοῦ</span> <span class='ocrx_word' id='word_1_150' title='bbox 415 928 558 963; x_wconf 77' lang='grc' dir='ltr'>ἀριστεροῦ</span> <span class='ocrx_word' id='word_1_151' title='bbox 570 928 774 963; x_wconf 79' lang='grc' dir='ltr'>ὼνομασμένου,</span> <span class='ocrx_word' id='word_1_152' title='bbox 789 936 960 963; x_wconf 85' lang='grc' dir='ltr'>παρασεσιω-</span> 
     </span>
    </p>
   </div>
   <div class='ocr_carea' id='block_1_21' title="bbox 169 971 960 1009">
    <p class='ocr_par' dir='ltr' id='par_1_21' title="bbox 169 971 960 1009">
     <span class='ocr_line' id='line_1_21' title="bbox 169 971 960 1009; baseline 0.001 -11"><span class='ocrx_word' id='word_1_153' title='bbox 169 971 291 1007; x_wconf 85' lang='grc' dir='ltr'>πημένου</span> <span class='ocrx_word' id='word_1_154' title='bbox 308 971 337 998; x_wconf 79' lang='grc' dir='ltr'>δὲ</span> <span class='ocrx_word' id='word_1_155' title='bbox 348 972 458 1004; x_wconf 71' lang='grc' dir='ltr'>εἰκότως</span> <span class='ocrx_word' id='word_1_156' title='bbox 469 972 659 1009; x_wconf 54' lang='grc' dir='ltr'>τοῦ-ὀνόματος</span> <span class='ocrx_word' id='word_1_157' title='bbox 680 973 725 999; x_wconf 79' lang='grc' dir='ltr'>τοῦ</span> <span class='ocrx_word' id='word_1_158' title='bbox 742 973 897 1009; x_wconf 80' lang='grc' dir='ltr'>ἀριστεροῦ,</span> <span class='ocrx_word' id='word_1_159' title='bbox 921 973 960 1008; x_wconf 84' lang='grc' dir='ltr'>τῷ</span> 
     </span>
    </p>
   </div>
   <div class='ocr_carea' id='block_1_22' title="bbox 169 1018 957 1054">
    <p class='ocr_par' dir='ltr' id='par_1_22' title="bbox 169 1018 957 1054">
     <span class='ocr_line' id='line_1_22' title="bbox 169 1018 957 1054; baseline 0 -9"><span class='ocrx_word' id='word_1_160' title='bbox 169 1019 253 1054; x_wconf 80' lang='grc' dir='ltr'>μηδὲν</span> <span class='ocrx_word' id='word_1_161' title='bbox 266 1019 369 1050; x_wconf 79' lang='grc' dir='ltr'>σκαιὸν,</span> <span class='ocrx_word' id='word_1_162' title='bbox 388 1019 454 1054; x_wconf 82' lang='grc' dir='ltr'>μηδὲ</span> <span class='ocrx_word' id='word_1_163' title='bbox 471 1019 613 1054; x_wconf 73' lang='grc' dir='ltr'>ἀριστερὸν</span> <span class='ocrx_word' id='word_1_164' title='bbox 633 1019 807 1054; x_wconf 77' lang='grc' dir='ltr'>εὑρίσκεσθαι</span> <span class='ocrx_word' id='word_1_165' title='bbox 829 1020 858 1044; x_wconf 79' lang='grc' dir='ltr'><strong>ἐν</strong></span> <span class='ocrx_word' id='word_1_166' title='bbox 874 1018 957 1053; x_wconf 78' lang='grc' dir='ltr'>αὐτῷ.</span> 
     </span>
    </p>
   </div>
   <div class='ocr_carea' id='block_1_23' title="bbox 169 1064 959 1101">
    <p class='ocr_par' dir='ltr' id='par_1_23' title="bbox 169 1064 959 1101">
     <span class='ocr_line' id='line_1_23' title="bbox 169 1064 959 1101; baseline 0 -10"><span class='ocrx_word' id='word_1_167' title='bbox 169 1065 225 1092; x_wconf 75' lang='grc' dir='ltr'>Καὶ</span> <span class='ocrx_word' id='word_1_168' title='bbox 242 1065 334 1101; x_wconf 78' lang='grc' dir='ltr'>ἐπειδὴ</span> <span class='ocrx_word' id='word_1_169' title='bbox 350 1065 397 1101; x_wconf 81' lang='grc' dir='ltr'><strong>ὅλη</strong></span> <span class='ocrx_word' id='word_1_170' title='bbox 413 1065 519 1101; x_wconf 76' lang='grc' dir='ltr'>μυριὰς.</span> <span class='ocrx_word' id='word_1_171' title='bbox 539 1065 606 1100; x_wconf 78' lang='grc' dir='ltr'>ὁμοῦ</span> <span class='ocrx_word' id='word_1_172' title='bbox 622 1065 648 1091; x_wconf 81' lang='grc' dir='ltr'><strong>δὲ</strong></span> <span class='ocrx_word' id='word_1_173' title='bbox 664 1065 710 1091; x_wconf 77' lang='grc' dir='ltr'><strong>καὶ</strong></span> <span class='ocrx_word' id='word_1_174' title='bbox 728 1064 815 1100; x_wconf 80' lang='grc' dir='ltr'>χιλιὰς</span> <span class='ocrx_word' id='word_1_175' title='bbox 828 1065 859 1091; x_wconf 73' lang='grc' dir='ltr'>ἐκ</span> <span class='ocrx_word' id='word_1_176' title='bbox 871 1074 901 1091; x_wconf 85' lang='grc' dir='ltr'><strong>τε</strong></span> <span class='ocrx_word' id='word_1_177' title='bbox 911 1064 959 1091; x_wconf 73' lang='grc' dir='ltr'>τοῦ</span> 
     </span>
    </p>
   </div>
   <div class='ocr_carea' id='block_1_24' title="bbox 169 1110 959 1145">
    <p class='ocr_par' dir='ltr' id='par_1_24' title="bbox 169 1110 959 1145">
     <span class='ocr_line' id='line_1_24' title="bbox 169 1110 959 1145; baseline -0.001 -8"><span class='ocrx_word' id='word_1_178' title='bbox 169 1111 277 1143; x_wconf 81' lang='grc' dir='ltr'>κλίτους</span> <span class='ocrx_word' id='word_1_179' title='bbox 294 1110 377 1138; x_wconf 78' lang='grc' dir='ltr'>αὑτοῦ</span> <span class='ocrx_word' id='word_1_180' title='bbox 392 1111 439 1138; x_wconf 76' lang='grc' dir='ltr'><strong>καὶ</strong></span> <span class='ocrx_word' id='word_1_181' title='bbox 457 1112 511 1137; x_wconf 81' lang='grc' dir='ltr'><strong>ἀπὸ</strong></span> <span class='ocrx_word' id='word_1_182' title='bbox 526 1111 578 1138; x_wconf 83' lang='grc' dir='ltr'><strong>τῶν</strong></span> <span class='ocrx_word' id='word_1_183' title='bbox 598 1110 691 1143; x_wconf 81' lang='grc' dir='ltr'>δεξιῶν</span> <span class='ocrx_word' id='word_1_184' title='bbox 710 1111 850 1137; x_wconf 79' lang='grc' dir='ltr'>πεσεῖσθαι</span> <span class='ocrx_word' id='word_1_185' title='bbox 866 1111 959 1145; x_wconf 85' lang='grc' dir='ltr'>λέγον-</span> 
     </span>
    </p>
   </div>
   <div class='ocr_carea' id='block_1_25' title="bbox 169 1156 960 1192">
    <p class='ocr_par' dir='ltr' id='par_1_25' title="bbox 169 1156 960 1192">
     <span class='ocr_line' id='line_1_25' title="bbox 169 1156 960 1192; baseline -0.001 -9"><span class='ocrx_word' id='word_1_186' title='bbox 169 1166 224 1189; x_wconf 82' lang='grc' dir='ltr'>ται,</span> <span class='ocrx_word' id='word_1_187' title='bbox 242 1157 354 1189; x_wconf 70' lang='grc' dir='ltr'>εἰκότως</span> <span class='ocrx_word' id='word_1_188' title='bbox 371 1157 417 1184; x_wconf 72' lang='grc' dir='ltr'><strong>ἐπὶ</strong></span> <span class='ocrx_word' id='word_1_189' title='bbox 435 1157 540 1189; x_wconf 78' lang='grc' dir='ltr'>τούτοις</span> <span class='ocrx_word' id='word_1_190' title='bbox 560 1157 623 1192; x_wconf 76' lang='grc' dir='ltr'><strong>ἑξῆς</strong></span> <span class='ocrx_word' id='word_1_191' title='bbox 643 1157 749 1192; x_wconf 76' lang='grc' dir='ltr'>εἴρηται</span> <span class='ocrx_word' id='word_1_192' title='bbox 760 1165 766 1171; x_wconf 77' lang='grc'><strong>’</strong></span> <span class='ocrx_word' id='word_1_193' title='bbox 786 1166 795 1182; x_wconf 82' lang='grc' dir='ltr'><strong>ι</strong></span> <span class='ocrx_word' id='word_1_194' title='bbox 815 1156 888 1192; x_wconf 81' lang='grc' dir='ltr'>Ιῐλὴν</span> <span class='ocrx_word' id='word_1_195' title='bbox 903 1158 960 1188; x_wconf 84' lang='grc' dir='ltr'>τοῖς</span> 
     </span>
    </p>
   </div>
   <div class='ocr_carea' id='block_1_26' title="bbox 168 1201 961 1238">
    <p class='ocr_par' dir='ltr' id='par_1_26' title="bbox 168 1201 961 1238">
     <span class='ocr_line' id='line_1_26' title="bbox 168 1201 961 1238; baseline 0 -9"><span class='ocrx_word' id='word_1_196' title='bbox 168 1201 318 1238; x_wconf 65' lang='grc' dir='ltr'>ὀφθαλμοῖς</span> <span class='ocrx_word' id='word_1_197' title='bbox 340 1211 386 1229; x_wconf 91' lang='grc' dir='ltr'><strong>σου</strong></span> <span class='ocrx_word' id='word_1_198' title='bbox 410 1204 597 1238; x_wconf 79' lang='grc' dir='ltr'>κατανοήσεις,</span> <span class='ocrx_word' id='word_1_199' title='bbox 615 1203 661 1229; x_wconf 77' lang='grc' dir='ltr'>καὶ</span> <span class='ocrx_word' id='word_1_200' title='bbox 678 1203 852 1229; x_wconf 75' lang='grc' dir='ltr'>ἀνταπόδοσιν</span> <span class='ocrx_word' id='word_1_201' title='bbox 875 1203 961 1238; x_wconf 88' lang='grc' dir='ltr'>ἁμαρ-</span> 
     </span>
    </p>
   </div>
   <div class='ocr_carea' id='block_1_27' title="bbox 168 1248 960 1284">
    <p class='ocr_par' dir='ltr' id='par_1_27' title="bbox 168 1248 960 1284">
     <span class='ocr_line' id='line_1_27' title="bbox 168 1248 960 1284; baseline 0 -9"><span class='ocrx_word' id='word_1_202' title='bbox 168 1248 262 1275; x_wconf 77' lang='grc' dir='ltr'>τωλῶν</span> <span class='ocrx_word' id='word_1_203' title='bbox 287 1248 357 1282; x_wconf 72' lang='grc' dir='ltr'>ὕψει.</span> <span class='ocrx_word' id='word_1_204' title='bbox 381 1259 390 1275; x_wconf 75' lang='grc' dir='ltr'><strong>ι</strong></span> <span class='ocrx_word' id='word_1_205' title='bbox 410 1249 464 1275; x_wconf 75' lang='grc' dir='ltr'><strong>Καὶ</strong></span> <span class='ocrx_word' id='word_1_206' title='bbox 486 1249 561 1275; x_wconf 77' lang='grc' dir='ltr'>ἔσται</span> <span class='ocrx_word' id='word_1_207' title='bbox 594 1249 696 1280; x_wconf 77' lang='grc' dir='ltr'>ταῦτα,</span> <span class='ocrx_word' id='word_1_208' title='bbox 727 1249 803 1284; x_wconf 77' lang='grc' dir='ltr'>φησὶ,</span> <span class='ocrx_word' id='word_1_209' title='bbox 843 1249 907 1284; x_wconf 77' lang='grc' dir='ltr'>περὶ</span> <span class='ocrx_word' id='word_1_210' title='bbox 930 1249 960 1275; x_wconf 82' lang='grc' dir='ltr'>σὲ</span> 
     </span>
    </p>
   </div>
   <div class='ocr_carea' id='block_1_28' title="bbox 168 1292 955 1331">
    <p class='ocr_par' dir='ltr' id='par_1_28' title="bbox 168 1292 955 1331">
     <span class='ocr_line' id='line_1_28' title="bbox 168 1292 955 1331; baseline 0 -10"><span class='ocrx_word' id='word_1_211' title='bbox 168 1294 215 1322; x_wconf 73' lang='grc' dir='ltr'><strong>τὸν</strong></span> <span class='ocrx_word' id='word_1_212' title='bbox 233 1294 350 1330; x_wconf 76' lang='grc' dir='ltr'>Χριστὸν</span> <span class='ocrx_word' id='word_1_213' title='bbox 360 1295 491 1327; x_wconf 80' lang='grc' dir='ltr'><strong>τοῦΘεοῦ,</strong></span> <span class='ocrx_word' id='word_1_214' title='bbox 505 1305 513 1320; x_wconf 85' lang='grc' dir='ltr'><strong>ι</strong></span> <span class='ocrx_word' id='word_1_215' title='bbox 528 1295 674 1331; x_wconf 75' lang='grc' dir='ltr'>ἐπειδήπερ</span> <span class='ocrx_word' id='word_1_216' title='bbox 686 1296 716 1321; x_wconf 79' lang='grc' dir='ltr'><strong>σὺ</strong></span> <span class='ocrx_word' id='word_1_217' title='bbox 729 1305 737 1321; x_wconf 77' lang='grc' dir='ltr'><strong>ι</strong></span> <span class='ocrx_word' id='word_1_218' title='bbox 751 1295 841 1326; x_wconf 71' lang='grc' dir='ltr'>αὐτὸς,</span> <span class='ocrx_word' id='word_1_219' title='bbox 858 1292 880 1321; x_wconf 75' lang='grc' dir='ltr'><strong>ὦ</strong></span> <span class='ocrx_word' id='word_1_220' title='bbox 898 1294 955 1321; x_wconf 81' lang='grc' dir='ltr'><strong>Κύ-</strong></span> 
     </span>
    </p>
   </div>
   <div class='ocr_carea' id='block_1_29' title="bbox 170 1340 959 1377">
    <p class='ocr_par' dir='ltr' id='par_1_29' title="bbox 170 1340 959 1377">
     <span class='ocr_line' id='line_1_29' title="bbox 170 1340 959 1377; baseline 0 -10"><span class='ocrx_word' id='word_1_221' title='bbox 170 1349 223 1376; x_wconf 79' lang='grc' dir='ltr'>ριε,</span> <span class='ocrx_word' id='word_1_222' title='bbox 238 1340 267 1373; x_wconf 80' lang='grc' dir='ltr'>ὃς</span> <span class='ocrx_word' id='word_1_223' title='bbox 281 1341 422 1377; x_wconf 79' lang='grc' dir='ltr'>τυγχάνεις</span> <span class='ocrx_word' id='word_1_224' title='bbox 433 1342 469 1367; x_wconf 84' lang='grc' dir='ltr'>ὼν</span> <span class='ocrx_word' id='word_1_225' title='bbox 486 1342 521 1376; x_wconf 78' lang='grc' dir='ltr'><strong>ἡ(</strong></span> <span class='ocrx_word' id='word_1_226' title='bbox 537 1341 589 1377; x_wconf 76' lang='grc' dir='ltr'>ἐμὴ</span> <span class='ocrx_word' id='word_1_227' title='bbox 608 1341 693 1372; x_wconf 72' lang='grc' dir='ltr'>ἐλπὶς,</span> <span class='ocrx_word' id='word_1_228' title='bbox 706 1341 750 1367; x_wconf 80' lang='grc' dir='ltr'><strong>τὸν</strong></span> <span class='ocrx_word' id='word_1_229' title='bbox 763 1341 892 1375; x_wconf 80' lang='grc' dir='ltr'>Ὕψιστον</span> <span class='ocrx_word' id='word_1_230' title='bbox 899 1341 959 1367; x_wconf 76' lang='grc' dir='ltr'>ἔθου</span> 
     </span>
    </p>
   </div>
   <div class='ocr_carea' id='block_1_30' title="bbox 169 1386 960 1423">
    <p class='ocr_par' dir='ltr' id='par_1_30' title="bbox 169 1386 960 1423">
     <span class='ocr_line' id='line_1_30' title="bbox 169 1386 960 1423; baseline 0 -10"><span class='ocrx_word' id='word_1_231' title='bbox 169 1388 330 1423; x_wconf 73' lang='grc' dir='ltr'>καταφυγήν</span> <span class='ocrx_word' id='word_1_232' title='bbox 348 1396 405 1415; x_wconf 84' lang='grc' dir='ltr'>σου.</span> <span class='ocrx_word' id='word_1_233' title='bbox 421 1397 429 1412; x_wconf 81' lang='grc' dir='ltr'><strong>ι</strong></span> <span class='ocrx_word' id='word_1_234' title='bbox 447 1387 530 1413; x_wconf 86' lang='grc' dir='ltr'>Ἔνθα</span> <span class='ocrx_word' id='word_1_235' title='bbox 547 1389 594 1414; x_wconf 75' lang='grc' dir='ltr'><strong>καὶ</strong></span> <span class='ocrx_word' id='word_1_236' title='bbox 607 1388 773 1422; x_wconf 77' lang='grc' dir='ltr'>ἐπιστήσεις,</span> <span class='ocrx_word' id='word_1_237' title='bbox 788 1387 848 1413; x_wconf 72' lang='grc' dir='ltr'>τινα</span> <span class='ocrx_word' id='word_1_238' title='bbox 860 1386 960 1423; x_wconf 79' lang='grc' dir='ltr'>τρόπον</span> 
     </span>
    </p>
   </div>
   <div class='ocr_carea' id='block_1_31' title="bbox 167 1432 959 1468">
    <p class='ocr_par' dir='ltr' id='par_1_31' title="bbox 167 1432 959 1468">
     <span class='ocr_line' id='line_1_31' title="bbox 167 1432 959 1468; baseline 0 -10"><span class='ocrx_word' id='word_1_239' title='bbox 167 1432 337 1468; x_wconf 74' lang='grc' dir='ltr'>ὀπροφήτης</span> <span class='ocrx_word' id='word_1_240' title='bbox 361 1433 429 1468; x_wconf 75' lang='grc' dir='ltr'>πρὸς</span> <span class='ocrx_word' id='word_1_241' title='bbox 451 1433 530 1459; x_wconf 78' lang='grc' dir='ltr'>αὐτὸν</span> <span class='ocrx_word' id='word_1_242' title='bbox 555 1433 600 1459; x_wconf 80' lang='grc' dir='ltr'><strong>τὸν</strong></span> <span class='ocrx_word' id='word_1_243' title='bbox 623 1433 725 1468; x_wconf 78' lang='grc' dir='ltr'>Κύριον</span> <span class='ocrx_word' id='word_1_244' title='bbox 747 1441 845 1468; x_wconf 82' lang='grc' dir='ltr'>φησιν·</span> <span class='ocrx_word' id='word_1_245' title='bbox 867 1442 877 1458; x_wconf 78' lang='grc' dir='ltr'><strong>ι</strong></span> <span class='ocrx_word' id='word_1_246' title='bbox 901 1432 959 1459; x_wconf 87' lang='grc' dir='ltr'>’Ὀτι</span> 
     </span>
    </p>
   </div>
   <div class='ocr_carea' id='block_1_32' title="bbox 171 1478 959 1514">
    <p class='ocr_par' dir='ltr' id='par_1_32' title="bbox 171 1478 959 1514">
     <span class='ocr_line' id='line_1_32' title="bbox 171 1478 959 1514; baseline -0.001 -10"><span class='ocrx_word' id='word_1_247' title='bbox 171 1478 214 1509; x_wconf 83' lang='grc' dir='ltr'><strong>σὺ,</strong></span> <span class='ocrx_word' id='word_1_248' title='bbox 229 1478 314 1514; x_wconf 83' lang='grc' dir='ltr'>Κύριε</span> <span class='ocrx_word' id='word_1_249' title='bbox 331 1478 410 1509; x_wconf 84' lang='grc' dir='ltr'>ἐλπίς</span> <span class='ocrx_word' id='word_1_250' title='bbox 432 1487 493 1514; x_wconf 84' lang='grc' dir='ltr'>μου,</span> <span class='ocrx_word' id='word_1_251' title='bbox 512 1479 557 1505; x_wconf 79' lang='grc' dir='ltr'><strong>τὸν</strong></span> <span class='ocrx_word' id='word_1_252' title='bbox 573 1479 702 1513; x_wconf 77' lang='grc' dir='ltr'>’Ὕψιστον</span> <span class='ocrx_word' id='word_1_253' title='bbox 722 1479 783 1505; x_wconf 78' lang='grc' dir='ltr'>ἔθου</span> <span class='ocrx_word' id='word_1_254' title='bbox 800 1479 959 1514; x_wconf 85' lang='grc' dir='ltr'>καταφυγήν</span> 
     </span>
    </p>
   </div>
   <div class='ocr_carea' id='block_1_33' title="bbox 170 1523 960 1559">
    <p class='ocr_par' dir='ltr' id='par_1_33' title="bbox 170 1523 960 1559">
     <span class='ocr_line' id='line_1_33' title="bbox 170 1523 960 1559; baseline 0.001 -10"><span class='ocrx_word' id='word_1_255' title='bbox 170 1532 229 1555; x_wconf 84' lang='grc' dir='ltr'>σου,</span> <span class='ocrx_word' id='word_1_256' title='bbox 247 1533 256 1549; x_wconf 76' lang='grc' dir='ltr'><strong>ι</strong></span> <span class='ocrx_word' id='word_1_257' title='bbox 276 1523 386 1558; x_wconf 80' lang='grc' dir='ltr'>διαιρῶν</span> <span class='ocrx_word' id='word_1_258' title='bbox 401 1523 521 1558; x_wconf 81' lang='grc' dir='ltr'>ἀκριϐῶς</span> <span class='ocrx_word' id='word_1_259' title='bbox 536 1523 628 1559; x_wconf 79' lang='grc' dir='ltr'>ἕτερον</span> <span class='ocrx_word' id='word_1_260' title='bbox 644 1523 716 1556; x_wconf 72' lang='grc' dir='ltr'>ἰδίως</span> <span class='ocrx_word' id='word_1_261' title='bbox 731 1524 841 1559; x_wconf 73' lang='grc' dir='ltr'>Κύριον,</span> <span class='ocrx_word' id='word_1_262' title='bbox 856 1524 903 1550; x_wconf 67' lang='grc' dir='ltr'><strong>καὶ</strong></span> <span class='ocrx_word' id='word_1_263' title='bbox 916 1524 960 1550; x_wconf 62' lang='lat' dir='ltr'><strong>un</strong></span> 
     </span>
    </p>
   </div>
   <div class='ocr_carea' id='block_1_34' title="bbox 169 1569 958 1605">
    <p class='ocr_par' dir='ltr' id='par_1_34' title="bbox 169 1569 958 1605">
     <span class='ocr_line' id='line_1_34' title="bbox 169 1569 958 1605; baseline -0.001 -9"><span class='ocrx_word' id='word_1_264' title='bbox 169 1569 265 1596; x_wconf 79' lang='grc' dir='ltr'>τούτου</span> <span class='ocrx_word' id='word_1_265' title='bbox 279 1569 386 1605; x_wconf 87' lang='grc' dir='ltr'>Πατέρα</span> <span class='ocrx_word' id='word_1_266' title='bbox 409 1569 474 1596; x_wconf 77' lang='grc' dir='ltr'>Θεὸν</span> <span class='ocrx_word' id='word_1_267' title='bbox 497 1569 607 1604; x_wconf 63' lang='grc' dir='ltr'>ὕψιστον</span> <span class='ocrx_word' id='word_1_268' title='bbox 619 1578 625 1584; x_wconf 78' lang='lat'>&#39;</span> <span class='ocrx_word' id='word_1_269' title='bbox 643 1569 681 1596; x_wconf 75' lang='grc' dir='ltr'><strong>διὸ</strong></span> <span class='ocrx_word' id='word_1_270' title='bbox 698 1570 846 1605; x_wconf 77' lang='grc' dir='ltr'>ἐπειδήπερ</span> <span class='ocrx_word' id='word_1_271' title='bbox 868 1570 958 1601; x_wconf 78' lang='grc' dir='ltr'>αὑτὸν,</span> 
     </span>
    </p>
   </div>
   <div class='ocr_carea' id='block_1_35' title="bbox 168 1615 959 1652">
    <p class='ocr_par' dir='ltr' id='par_1_35' title="bbox 168 1615 959 1652">
     <span class='ocr_line' id='line_1_35' title="bbox 168 1615 959 1652; baseline -0.004 -8"><span class='ocrx_word' id='word_1_272' title='bbox 168 1618 209 1649; x_wconf 88' lang='grc' dir='ltr'>ὡς</span> <span class='ocrx_word' id='word_1_273' title='bbox 231 1617 340 1652; x_wconf 80' lang='grc' dir='ltr'><strong>Πατέρα</strong></span> <span class='ocrx_word' id='word_1_274' title='bbox 361 1616 407 1643; x_wconf 71' lang='grc' dir='ltr'><strong>καὶ</strong></span> <span class='ocrx_word' id='word_1_275' title='bbox 428 1616 493 1642; x_wconf 76' lang='grc' dir='ltr'>Θεὸν</span> <span class='ocrx_word' id='word_1_276' title='bbox 515 1615 625 1650; x_wconf 65' lang='grc' dir='ltr'>ὕψιστον</span> <span class='ocrx_word' id='word_1_277' title='bbox 650 1616 810 1650; x_wconf 65' lang='grc' dir='ltr'>καταφυγὴν</span> <span class='ocrx_word' id='word_1_278' title='bbox 833 1615 929 1642; x_wconf 77' lang='grc' dir='ltr'>ἑαυτοῦ</span> <span class='ocrx_word' id='word_1_279' title='bbox 945 1616 959 1641; x_wconf 84' lang='grc' dir='ltr'>ὁ</span> 
     </span>
    </p>
   </div>
   <div class='ocr_carea' id='block_1_36' title="bbox 170 1660 960 1699">
    <p class='ocr_par' dir='ltr' id='par_1_36' title="bbox 170 1660 960 1699">
     <span class='ocr_line' id='line_1_36' title="bbox 170 1660 960 1699; baseline -0.005 -9"><span class='ocrx_word' id='word_1_280' title='bbox 170 1663 287 1699; x_wconf 76' lang='grc' dir='ltr'>Χριστος</span> <span class='ocrx_word' id='word_1_281' title='bbox 301 1662 428 1693; x_wconf 82' lang='grc' dir='ltr'>τέθειται,</span> <span class='ocrx_word' id='word_1_282' title='bbox 444 1662 567 1688; x_wconf 77' lang='grc' dir='ltr'>λέλεκται</span> <span class='ocrx_word' id='word_1_283' title='bbox 581 1661 655 1696; x_wconf 82' lang='grc' dir='ltr'>αὑτῷ</span> <span class='ocrx_word' id='word_1_284' title='bbox 676 1661 715 1693; x_wconf 79' lang='grc' dir='ltr'><strong>τὸ,</strong></span> <span class='ocrx_word' id='word_1_285' title='bbox 735 1670 744 1686; x_wconf 82' lang='grc' dir='ltr'><strong>ι</strong></span> <span class='ocrx_word' id='word_1_286' title='bbox 763 1662 799 1687; x_wconf 76' lang='grc' dir='ltr'><strong>Οὐ</strong></span> <span class='ocrx_word' id='word_1_287' title='bbox 818 1660 960 1696; x_wconf 74' lang='grc' dir='ltr'>προσελεύ-</span> 
     </span>
    </p>
   </div>
   <div class='ocr_carea' id='block_1_37' title="bbox 172 1707 960 1745">
    <p class='ocr_par' dir='ltr' id='par_1_37' title="bbox 172 1707 960 1745">
     <span class='ocr_line' id='line_1_37' title="bbox 172 1707 960 1745; baseline -0.004 -9"><span class='ocrx_word' id='word_1_288' title='bbox 172 1718 248 1736; x_wconf 78' lang='grc' dir='ltr'>σετ-αι</span> <span class='ocrx_word' id='word_1_289' title='bbox 265 1709 332 1745; x_wconf 81' lang='grc' dir='ltr'>πρὸς</span> <span class='ocrx_word' id='word_1_290' title='bbox 348 1708 378 1734; x_wconf 79' lang='grc' dir='ltr'>σὲ</span> <span class='ocrx_word' id='word_1_291' title='bbox 394 1708 476 1740; x_wconf 81' lang='grc' dir='ltr'>κακὰ,</span> <span class='ocrx_word' id='word_1_292' title='bbox 492 1709 538 1734; x_wconf 74' lang='grc' dir='ltr'>καὶ</span> <span class='ocrx_word' id='word_1_293' title='bbox 559 1708 657 1743; x_wconf 78' lang='grc' dir='ltr'>μάστιξ</span> <span class='ocrx_word' id='word_1_294' title='bbox 671 1708 720 1734; x_wconf 83' lang='grc' dir='ltr'>οὐκ</span> <span class='ocrx_word' id='word_1_295' title='bbox 734 1708 821 1741; x_wconf 86' lang='grc' dir='ltr'>ὲγγιεῖ</span> <span class='ocrx_word' id='word_1_296' title='bbox 838 1707 876 1743; x_wconf 76' lang='grc' dir='ltr'>τῷ</span> <span class='ocrx_word' id='word_1_297' title='bbox 895 1716 960 1743; x_wconf 80' lang='grc' dir='ltr'>σκη-</span> 
     </span>
    </p>
   </div>
   <div class='ocr_carea' id='block_1_38' title="bbox 170 1752 959 1790">
    <p class='ocr_par' dir='ltr' id='par_1_38' title="bbox 170 1752 959 1790">
     <span class='ocr_line' id='line_1_38' title="bbox 170 1752 959 1790; baseline -0.003 -9"><span class='ocrx_word' id='word_1_298' title='bbox 170 1753 276 1790; x_wconf 76' lang='grc' dir='ltr'>νώματι</span> <span class='ocrx_word' id='word_1_299' title='bbox 290 1762 346 1780; x_wconf 86' lang='grc' dir='ltr'>σου.</span> <span class='ocrx_word' id='word_1_300' title='bbox 360 1754 418 1779; x_wconf 87' lang='grc' dir='ltr'><strong>Ὅτι</strong></span> <span class='ocrx_word' id='word_1_301' title='bbox 431 1754 487 1785; x_wconf 85' lang='grc' dir='ltr'>τοῖς</span> <span class='ocrx_word' id='word_1_302' title='bbox 502 1753 627 1787; x_wconf 73' lang='grc' dir='ltr'>ἀγγέλοις</span> <span class='ocrx_word' id='word_1_303' title='bbox 642 1752 724 1778; x_wconf 75' lang='grc' dir='ltr'>αὑτοῦ</span> <span class='ocrx_word' id='word_1_304' title='bbox 738 1752 884 1779; x_wconf 69' lang='grc' dir='ltr'>ἐντελεῖται</span> <span class='ocrx_word' id='word_1_305' title='bbox 896 1753 959 1788; x_wconf 75' lang='grc' dir='ltr'>περὶ</span> 
     </span>
    </p>
   </div>
   <div class='ocr_carea' id='block_1_39' title="bbox 171 1798 958 1834">
    <p class='ocr_par' dir='ltr' id='par_1_39' title="bbox 171 1798 958 1834">
     <span class='ocr_line' id='line_1_39' title="bbox 171 1798 958 1834; baseline -0.004 -7"><span class='ocrx_word' id='word_1_306' title='bbox 171 1800 231 1833; x_wconf 84' lang='grc' dir='ltr'>σοῦ,</span> <span class='ocrx_word' id='word_1_307' title='bbox 248 1800 294 1827; x_wconf 79' lang='grc' dir='ltr'>τοῦ</span> <span class='ocrx_word' id='word_1_308' title='bbox 318 1799 478 1834; x_wconf 77' lang='grc' dir='ltr'>διαφυλάξαι</span> <span class='ocrx_word' id='word_1_309' title='bbox 504 1808 533 1825; x_wconf 87' lang='grc' dir='ltr'><strong>σε</strong></span> <span class='ocrx_word' id='word_1_310' title='bbox 555 1800 582 1825; x_wconf 79' lang='grc' dir='ltr'><strong>ὲν</strong></span> <span class='ocrx_word' id='word_1_311' title='bbox 607 1799 707 1829; x_wconf 75' lang='grc' dir='ltr'>πάσαις</span> <span class='ocrx_word' id='word_1_312' title='bbox 730 1800 788 1830; x_wconf 85' lang='grc' dir='ltr'>ταῖς</span> <span class='ocrx_word' id='word_1_313' title='bbox 811 1798 880 1830; x_wconf 79' lang='grc' dir='ltr'>ὁδοῖς</span> <span class='ocrx_word' id='word_1_314' title='bbox 901 1807 958 1825; x_wconf 89' lang='grc' dir='ltr'>σου,</span> 
     </span>
    </p>
   </div>
   <div class='ocr_carea' id='block_1_40' title="bbox 177 1843 960 1882">
    <p class='ocr_par' dir='ltr' id='par_1_40' title="bbox 177 1843 960 1882">
     <span class='ocr_line' id='line_1_40' title="bbox 177 1843 960 1882; baseline -0.006 -8"><span class='ocrx_word' id='word_1_315' title='bbox 177 1846 239 1874; x_wconf 76' lang='grc' dir='ltr'>Ἐπὶ</span> <span class='ocrx_word' id='word_1_316' title='bbox 255 1845 354 1882; x_wconf 77' lang='grc' dir='ltr'>χειρῶν</span> <span class='ocrx_word' id='word_1_317' title='bbox 373 1845 468 1881; x_wconf 81' lang='grc' dir='ltr'><strong>ἀροῦσί</strong></span> <span class='ocrx_word' id='word_1_318' title='bbox 482 1853 522 1877; x_wconf 89' lang='grc' dir='ltr'><strong>σε,</strong></span> <span class='ocrx_word' id='word_1_319' title='bbox 539 1845 642 1880; x_wconf 80' lang='grc' dir='ltr'>μήποτε</span> <span class='ocrx_word' id='word_1_320' title='bbox 664 1843 821 1880; x_wconf 69' lang='grc' dir='ltr'>προσκόψῃς</span> <span class='ocrx_word' id='word_1_321' title='bbox 842 1844 909 1879; x_wconf 78' lang='grc' dir='ltr'>πρὸς</span> <span class='ocrx_word' id='word_1_322' title='bbox 922 1844 960 1870; x_wconf 84' lang='grc' dir='ltr'><strong><em>λί-</em></strong></span> 
     </span>
    </p>
   </div>
   <div class='ocr_carea' id='block_1_41' title="bbox 171 1889 960 1925">
    <p class='ocr_par' dir='ltr' id='par_1_41' title="bbox 171 1889 960 1925">
     <span class='ocr_line' id='line_1_41' title="bbox 171 1889 960 1925; baseline -0.009 -4"><span class='ocrx_word' id='word_1_323' title='bbox 171 1895 218 1921; x_wconf 77' lang='grc' dir='ltr'><strong>θον</strong></span> <span class='ocrx_word' id='word_1_324' title='bbox 231 1893 277 1920; x_wconf 80' lang='grc' dir='ltr'><strong>τὸν</strong></span> <span class='ocrx_word' id='word_1_325' title='bbox 293 1893 361 1920; x_wconf 78' lang='grc' dir='ltr'>πόδα</span> <span class='ocrx_word' id='word_1_326' title='bbox 373 1901 431 1919; x_wconf 89' lang='grc' dir='ltr'>σου.</span> <span class='ocrx_word' id='word_1_327' title='bbox 448 1901 456 1917; x_wconf 80' lang='grc' dir='ltr'><strong>ι</strong></span> <span class='ocrx_word' id='word_1_328' title='bbox 476 1892 531 1917; x_wconf 70' lang='grc' dir='ltr'>Καὶ</span> <span class='ocrx_word' id='word_1_329' title='bbox 545 1890 681 1925; x_wconf 80' lang='grc' dir='ltr'>ἐπιμελῶς</span> <span class='ocrx_word' id='word_1_330' title='bbox 695 1898 725 1923; x_wconf 85' lang='grc' dir='ltr'><strong>γε</strong></span> <span class='ocrx_word' id='word_1_331' title='bbox 736 1890 812 1924; x_wconf 78' lang='grc' dir='ltr'>τήρει</span> <span class='ocrx_word' id='word_1_332' title='bbox 828 1889 886 1915; x_wconf 78' lang='grc' dir='ltr'>τίνα</span> <span class='ocrx_word' id='word_1_333' title='bbox 901 1889 960 1925; x_wconf 85' lang='grc' dir='ltr'>τρό-</span> 
     </span>
    </p>
   </div>
   <div class='ocr_carea' id='block_1_42' title="bbox 172 1934 960 1973">
    <p class='ocr_par' dir='ltr' id='par_1_42' title="bbox 172 1934 960 1973">
     <span class='ocr_line' id='line_1_42' title="bbox 172 1934 960 1973; baseline -0.009 -7"><span class='ocrx_word' id='word_1_334' title='bbox 172 1947 223 1966; x_wconf 82' lang='grc' dir='ltr'><strong>πον</strong></span> <span class='ocrx_word' id='word_1_335' title='bbox 238 1940 266 1965; x_wconf 85' lang='grc' dir='ltr'>ὲν</span> <span class='ocrx_word' id='word_1_336' title='bbox 288 1937 337 1973; x_wconf 82' lang='grc' dir='ltr'><strong>τῷ,</strong></span> <span class='ocrx_word' id='word_1_337' title='bbox 361 1947 370 1962; x_wconf 81' lang='grc' dir='ltr'><strong>ι</strong></span> <span class='ocrx_word' id='word_1_338' title='bbox 391 1938 451 1962; x_wconf 84' lang='grc' dir='ltr'>Ὅτι</span> <span class='ocrx_word' id='word_1_339' title='bbox 470 1937 512 1967; x_wconf 81' lang='grc' dir='ltr'><strong>σὺ,</strong></span> <span class='ocrx_word' id='word_1_340' title='bbox 530 1935 615 1971; x_wconf 78' lang='grc' dir='ltr'>Κύριε</span> <span class='ocrx_word' id='word_1_341' title='bbox 638 1934 714 1965; x_wconf 79' lang='grc' dir='ltr'>ἐλπίς</span> <span class='ocrx_word' id='word_1_342' title='bbox 737 1943 799 1969; x_wconf 81' lang='grc' dir='ltr'>μου,</span> <span class='ocrx_word' id='word_1_343' title='bbox 821 1934 865 1961; x_wconf 79' lang='grc' dir='ltr'><strong>τὸν</strong></span> <span class='ocrx_word' id='word_1_344' title='bbox 880 1934 960 1968; x_wconf 73' lang='grc' dir='ltr'><strong>’Ὑψι-</strong></span> 
     </span>
    </p>
   </div>
   <div class='ocr_carea' id='block_1_43' title="bbox 173 1980 958 2018">
    <p class='ocr_par' dir='ltr' id='par_1_43' title="bbox 173 1980 958 2018">
     <span class='ocr_line' id='line_1_43' title="bbox 173 1980 958 2018; baseline -0.008 -6"><span class='ocrx_word' id='word_1_345' title='bbox 173 1994 236 2013; x_wconf 82' lang='grc' dir='ltr'>στον</span> <span class='ocrx_word' id='word_1_346' title='bbox 260 1984 320 2011; x_wconf 74' lang='grc' dir='ltr'>ἔθου</span> <span class='ocrx_word' id='word_1_347' title='bbox 336 1984 496 2018; x_wconf 73' lang='grc' dir='ltr'>καταφυγήν</span> <span class='ocrx_word' id='word_1_348' title='bbox 520 1991 577 2014; x_wconf 86' lang='grc' dir='ltr'>σου,</span> <span class='ocrx_word' id='word_1_349' title='bbox 594 1991 603 2007; x_wconf 78' lang='grc' dir='ltr'><strong>ι</strong></span> <span class='ocrx_word' id='word_1_350' title='bbox 618 1981 663 2010; x_wconf 73' lang='grc' dir='ltr'>τὸ,</span> <span class='ocrx_word' id='word_1_351' title='bbox 680 1990 688 2006; x_wconf 80' lang='grc' dir='ltr'><strong>ι</strong></span> <span class='ocrx_word' id='word_1_352' title='bbox 705 1981 800 2016; x_wconf 82' lang='grc' dir='ltr'>Κύριε.</span> <span class='ocrx_word' id='word_1_353' title='bbox 818 1990 826 2006; x_wconf 83' lang='grc' dir='ltr'><strong>ι</strong></span> <span class='ocrx_word' id='word_1_354' title='bbox 854 1980 898 2007; x_wconf 80' lang='grc' dir='ltr'>διὰ</span> <span class='ocrx_word' id='word_1_355' title='bbox 912 1981 958 2007; x_wconf 78' lang='grc' dir='ltr'>τοῦ</span> 
     </span>
    </p>
   </div>
   <div class='ocr_carea' id='block_1_44' title="bbox 171 2027 958 2068">
    <p class='ocr_par' dir='ltr' id='par_1_44' title="bbox 171 2027 958 2068">
     <span class='ocr_line' id='line_1_44' title="bbox 171 2027 958 2068; baseline -0.008 -9"><span class='ocrx_word' id='word_1_356' title='bbox 171 2031 384 2068; x_wconf 76' lang='grc' dir='ltr'>τετραγράμμου</span> <span class='ocrx_word' id='word_1_357' title='bbox 411 2030 539 2065; x_wconf 73' lang='grc' dir='ltr'>ὀνόματος</span> <span class='ocrx_word' id='word_1_358' title='bbox 557 2030 586 2055; x_wconf 82' lang='grc' dir='ltr'>ἐν</span> <span class='ocrx_word' id='word_1_359' title='bbox 611 2027 649 2062; x_wconf 87' lang='grc' dir='ltr'><strong>τῷ</strong></span> <span class='ocrx_word' id='word_1_360' title='bbox 677 2027 810 2063; x_wconf 80' lang='grc' dir='ltr'>Ἐϐραῖκῴ</span> <span class='ocrx_word' id='word_1_361' title='bbox 835 2027 958 2062; x_wconf 75' lang='grc' dir='ltr'>φέρεται,</span> 
     </span>
    </p>
   </div>
   <div class='ocr_carea' id='block_1_45' title="bbox 170 2073 957 2117">
    <p class='ocr_par' dir='ltr' id='par_1_45' title="bbox 170 2073 957 2115">
     <span class='ocr_line' id='line_1_45' title="bbox 170 2073 957 2115; baseline -0.008 -10"><span class='ocrx_word' id='word_1_362' title='bbox 170 2078 240 2115; x_wconf 81' lang='grc' dir='ltr'>ὅπερ</span> <span class='ocrx_word' id='word_1_363' title='bbox 264 2076 451 2111; x_wconf 77' lang='grc' dir='ltr'>ἁνεκφώνητον</span> <span class='ocrx_word' id='word_1_364' title='bbox 472 2073 541 2101; x_wconf 79' lang='grc' dir='ltr'>εἶναι</span> <span class='ocrx_word' id='word_1_365' title='bbox 557 2074 680 2108; x_wconf 83' lang='grc' dir='ltr'>λέγοντες</span> <span class='ocrx_word' id='word_1_366' title='bbox 702 2074 832 2109; x_wconf 78' lang='grc' dir='ltr'>Ἐϐραίων</span> <span class='ocrx_word' id='word_1_367' title='bbox 854 2074 957 2105; x_wconf 78' lang='grc' dir='ltr'>παῖδες,</span> 
     </span>
    </p>
   </div>
   <div class='ocr_carea' id='block_1_46' title="bbox 171 2119 958 2160">
    <p class='ocr_par' dir='ltr' id='par_1_46' title="bbox 171 2119 958 2160">
     <span class='ocr_line' id='line_1_46' title="bbox 171 2119 958 2160; baseline -0.01 -8"><span class='ocrx_word' id='word_1_368' title='bbox 171 2125 219 2153; x_wconf 67' lang='grc' dir='ltr'>ἐπὶ</span> <span class='ocrx_word' id='word_1_369' title='bbox 233 2124 313 2160; x_wconf 84' lang='grc' dir='ltr'>μόνου</span> <span class='ocrx_word' id='word_1_370' title='bbox 328 2122 373 2149; x_wconf 76' lang='grc' dir='ltr'>τοῦ</span> <span class='ocrx_word' id='word_1_371' title='bbox 391 2121 458 2149; x_wconf 76' lang='grc' dir='ltr'>Θεοῦ</span> <span class='ocrx_word' id='word_1_372' title='bbox 476 2120 700 2157; x_wconf 75' lang='grc' dir='ltr'>παραλαμϐάνειν</span> <span class='ocrx_word' id='word_1_373' title='bbox 722 2119 862 2146; x_wconf 79' lang='grc' dir='ltr'>εἰώθασιν·</span> <span class='ocrx_word' id='word_1_374' title='bbox 879 2121 958 2154; x_wconf 80' lang='grc' dir='ltr'>ἡμεῖς</span> 
     </span>
    </p>
   </div>
   <div class='ocr_carea' id='block_1_47' title="bbox 171 2165 957 2204">
    <p class='ocr_par' dir='ltr' id='par_1_47' title="bbox 171 2165 957 2204">
     <span class='ocr_line' id='line_1_47' title="bbox 171 2165 957 2204; baseline -0.01 -6"><span class='ocrx_word' id='word_1_375' title='bbox 171 2171 201 2199; x_wconf 73' lang='grc' dir='ltr'>δὲ</span> <span class='ocrx_word' id='word_1_376' title='bbox 217 2171 264 2198; x_wconf 61' lang='grc' dir='ltr'><strong>καὶ</strong></span> <span class='ocrx_word' id='word_1_377' title='bbox 277 2170 323 2196; x_wconf 75' lang='grc' dir='ltr'>ὲπὶ</span> <span class='ocrx_word' id='word_1_378' title='bbox 337 2170 386 2204; x_wconf 80' lang='grc' dir='ltr'>τῆς</span> <span class='ocrx_word' id='word_1_379' title='bbox 401 2168 447 2195; x_wconf 79' lang='grc' dir='ltr'>τοῦ</span> <span class='ocrx_word' id='word_1_380' title='bbox 467 2168 552 2201; x_wconf 84' lang='grc' dir='ltr'>Λόγου</span> <span class='ocrx_word' id='word_1_381' title='bbox 573 2167 697 2201; x_wconf 79' lang='grc' dir='ltr'>θεότητος</span> <span class='ocrx_word' id='word_1_382' title='bbox 710 2167 738 2192; x_wconf 78' lang='grc' dir='ltr'><strong>ὲν</strong></span> <span class='ocrx_word' id='word_1_383' title='bbox 748 2165 886 2197; x_wconf 74' lang='grc' dir='ltr'>πλείσταις</span> <span class='ocrx_word' id='word_1_384' title='bbox 901 2166 957 2191; x_wconf 83' lang='grc' dir='ltr'>κεί-</span> 
     </span>
    </p>
   </div>
   <div class='ocr_carea' id='block_1_48' title="bbox 174 2211 959 2253">
    <p class='ocr_par' dir='ltr' id='par_1_48' title="bbox 174 2211 959 2253">
     <span class='ocr_line' id='line_1_48' title="bbox 174 2211 959 2253; baseline -0.008 -10"><span class='ocrx_word' id='word_1_385' title='bbox 174 2224 254 2253; x_wconf 84' lang='grc' dir='ltr'>μενον</span> <span class='ocrx_word' id='word_1_386' title='bbox 278 2216 399 2251; x_wconf 66' lang='grc' dir='ltr'>Γραφαῐς</span> <span class='ocrx_word' id='word_1_387' title='bbox 421 2212 664 2249; x_wconf 74' lang='grc' dir='ltr'>προαπεδείξαμεν,</span> <span class='ocrx_word' id='word_1_388' title='bbox 682 2212 776 2246; x_wconf 76' lang='grc' dir='ltr'>ὥσπερ</span> <span class='ocrx_word' id='word_1_389' title='bbox 803 2212 849 2238; x_wconf 80' lang='grc' dir='ltr'>καὶ</span> <span class='ocrx_word' id='word_1_390' title='bbox 871 2213 899 2238; x_wconf 75' lang='grc' dir='ltr'>ἐν</span> <span class='ocrx_word' id='word_1_391' title='bbox 921 2211 959 2246; x_wconf 80' lang='grc' dir='ltr'>τῷ</span> 
     </span>
    </p>
   </div>
   <div class='ocr_carea' id='block_1_49' title="bbox 175 2257 959 2299">
    <p class='ocr_par' dir='ltr' id='par_1_49' title="bbox 175 2257 959 2299">
     <span class='ocr_line' id='line_1_49' title="bbox 175 2257 959 2299; baseline -0.009 -9"><span class='ocrx_word' id='word_1_392' title='bbox 175 2263 245 2299; x_wconf 79' lang='grc' dir='ltr'>μετὰ</span> <span class='ocrx_word' id='word_1_393' title='bbox 263 2263 360 2298; x_wconf 79' lang='grc' dir='ltr'>χεῖρας.</span> <span class='ocrx_word' id='word_1_394' title='bbox 378 2258 487 2295; x_wconf 71' lang='grc' dir='ltr'>ψαλμῷ,</span> <span class='ocrx_word' id='word_1_395' title='bbox 505 2259 533 2290; x_wconf 80' lang='grc' dir='ltr'><strong>ὃς</strong></span> <span class='ocrx_word' id='word_1_396' title='bbox 556 2267 637 2294; x_wconf 75' lang='grc' dir='ltr'>φησιν</span> <span class='ocrx_word' id='word_1_397' title='bbox 652 2259 692 2289; x_wconf 82' lang='grc' dir='ltr'>εὶς</span> <span class='ocrx_word' id='word_1_398' title='bbox 714 2258 857 2293; x_wconf 83' lang='grc' dir='ltr'>πρόσωπον</span> <span class='ocrx_word' id='word_1_399' title='bbox 877 2257 959 2284; x_wconf 75' lang='grc' dir='ltr'>αὑτοῦ</span> 
     </span>
    </p>
   </div>
   <div class='ocr_carea' id='block_1_50' title="bbox 172 2303 962 2344">
    <p class='ocr_par' dir='ltr' id='par_1_50' title="bbox 172 2303 962 2344">
     <span class='ocr_line' id='line_1_50' title="bbox 172 2303 962 2344; baseline -0.011 -7"><span class='ocrx_word' id='word_1_400' title='bbox 172 2310 220 2337; x_wconf 70' lang='grc' dir='ltr'>τοῦ</span> <span class='ocrx_word' id='word_1_401' title='bbox 239 2307 358 2344; x_wconf 81' lang='grc' dir='ltr'>Κυρίου·</span> <span class='ocrx_word' id='word_1_402' title='bbox 380 2316 389 2332; x_wconf 79' lang='grc' dir='ltr'><strong>ι</strong></span> <span class='ocrx_word' id='word_1_403' title='bbox 411 2306 470 2333; x_wconf 84' lang='grc' dir='ltr'>Ὅτι</span> <span class='ocrx_word' id='word_1_404' title='bbox 487 2306 530 2336; x_wconf 71' lang='grc' dir='ltr'><strong>σὺ,</strong></span> <span class='ocrx_word' id='word_1_405' title='bbox 545 2304 630 2339; x_wconf 78' lang='grc' dir='ltr'>Κύριε</span> <span class='ocrx_word' id='word_1_406' title='bbox 645 2303 721 2335; x_wconf 78' lang='grc' dir='ltr'>ἐλπίς</span> <span class='ocrx_word' id='word_1_407' title='bbox 743 2312 803 2339; x_wconf 89' lang='grc' dir='ltr'>μου,</span> <span class='ocrx_word' id='word_1_408' title='bbox 820 2304 865 2330; x_wconf 82' lang='grc' dir='ltr'>τὸν</span> <span class='ocrx_word' id='word_1_409' title='bbox 882 2303 962 2338; x_wconf 71' lang='grc' dir='ltr'><strong>’Ὑψι-</strong></span> 
     </span>
    </p>
   </div>
   <div class='ocr_carea' id='block_1_51' title="bbox 173 2350 961 2388">
    <p class='ocr_par' dir='ltr' id='par_1_51' title="bbox 173 2350 961 2388">
     <span class='ocr_line' id='line_1_51' title="bbox 173 2350 961 2388; baseline -0.006 -6"><span class='ocrx_word' id='word_1_410' title='bbox 173 2364 236 2382; x_wconf 85' lang='grc' dir='ltr'>στον</span> <span class='ocrx_word' id='word_1_411' title='bbox 252 2355 313 2382; x_wconf 74' lang='grc' dir='ltr'>ἔθου</span> <span class='ocrx_word' id='word_1_412' title='bbox 335 2354 496 2388; x_wconf 66' lang='grc' dir='ltr'>καταφυγήν</span> <span class='ocrx_word' id='word_1_413' title='bbox 512 2361 558 2378; x_wconf 89' lang='grc' dir='ltr'><strong>σου</strong></span> <span class='ocrx_word' id='word_1_414' title='bbox 569 2360 575 2366; x_wconf 94' lang='grc'><strong>·</strong></span> <span class='ocrx_word' id='word_1_415' title='bbox 599 2361 608 2377; x_wconf 72' lang='grc' dir='ltr'><strong>ι</strong></span> <span class='ocrx_word' id='word_1_416' title='bbox 625 2351 766 2386; x_wconf 83' lang='grc' dir='ltr'>μονονουχὶ</span> <span class='ocrx_word' id='word_1_417' title='bbox 779 2350 880 2385; x_wconf 84' lang='grc' dir='ltr'>λέγων·</span> <span class='ocrx_word' id='word_1_418' title='bbox 900 2351 961 2377; x_wconf 86' lang='grc' dir='ltr'>’Ὀτι</span> 
     </span>
    </p>
   </div>
   <div class='ocr_carea' id='block_1_52' title="bbox 175 2395 963 2435">
    <p class='ocr_par' dir='ltr' id='par_1_52' title="bbox 175 2395 963 2435">
     <span class='ocr_line' id='line_1_52' title="bbox 175 2395 963 2435; baseline -0.008 -7"><span class='ocrx_word' id='word_1_419' title='bbox 175 2402 207 2428; x_wconf 75' lang='grc' dir='ltr'><strong>σὺ</strong></span> <span class='ocrx_word' id='word_1_420' title='bbox 227 2401 317 2433; x_wconf 70' lang='grc' dir='ltr'>αὐτὸς,</span> <span class='ocrx_word' id='word_1_421' title='bbox 333 2397 356 2426; x_wconf 82' lang='grc' dir='ltr'>ὦ</span> <span class='ocrx_word' id='word_1_422' title='bbox 371 2399 468 2435; x_wconf 77' lang='grc' dir='ltr'>Κύριε,</span> <span class='ocrx_word' id='word_1_423' title='bbox 485 2399 513 2430; x_wconf 80' lang='grc' dir='ltr'>ὃς</span> <span class='ocrx_word' id='word_1_424' title='bbox 531 2396 597 2433; x_wconf 77' lang='grc' dir='ltr'>ἐμοῦ</span> <span class='ocrx_word' id='word_1_425' title='bbox 611 2396 658 2423; x_wconf 76' lang='grc' dir='ltr'>τοῦ</span> <span class='ocrx_word' id='word_1_426' title='bbox 680 2396 766 2423; x_wconf 76' lang='grc' dir='ltr'>ταῦτα</span> <span class='ocrx_word' id='word_1_427' title='bbox 782 2395 963 2432; x_wconf 77' lang='grc' dir='ltr'>προφητεύον-</span> 
     </span>
    </p>
   </div>
   <div class='ocr_carea' id='block_1_53' title="bbox 173 2442 961 2481">
    <p class='ocr_par' dir='ltr' id='par_1_53' title="bbox 173 2442 961 2481">
     <span class='ocr_line' id='line_1_53' title="bbox 173 2442 961 2481; baseline -0.009 -6"><span class='ocrx_word' id='word_1_428' title='bbox 173 2457 219 2480; x_wconf 79' lang='grc' dir='ltr'><strong>τος</strong></span> <span class='ocrx_word' id='word_1_429' title='bbox 231 2447 310 2479; x_wconf 69' lang='grc' dir='ltr'>ἐλπὶς</span> <span class='ocrx_word' id='word_1_430' title='bbox 323 2446 361 2473; x_wconf 82' lang='grc' dir='ltr'>ὢν</span> <span class='ocrx_word' id='word_1_431' title='bbox 375 2445 528 2481; x_wconf 81' lang='grc' dir='ltr'>τυγχάνεις,</span> <span class='ocrx_word' id='word_1_432' title='bbox 545 2443 656 2479; x_wconf 78' lang='grc' dir='ltr'>μείζονα</span> <span class='ocrx_word' id='word_1_433' title='bbox 674 2442 771 2469; x_wconf 78' lang='grc' dir='ltr'>σαυτοῦ</span> <span class='ocrx_word' id='word_1_434' title='bbox 783 2443 828 2469; x_wconf 77' lang='grc' dir='ltr'><strong>τὸν</strong></span> <span class='ocrx_word' id='word_1_435' title='bbox 840 2442 906 2469; x_wconf 78' lang='grc' dir='ltr'>Θεὸν</span> <span class='ocrx_word' id='word_1_436' title='bbox 916 2442 961 2468; x_wconf 88' lang='grc' dir='ltr'>τὸν</span> 
     </span>
    </p>
   </div>
   <div class='ocr_carea' id='block_1_54' title="bbox 174 2488 960 2528">
    <p class='ocr_par' dir='ltr' id='par_1_54' title="bbox 174 2488 960 2528">
     <span class='ocr_line' id='line_1_54' title="bbox 174 2488 960 2528; baseline -0.009 -8"><span class='ocrx_word' id='word_1_437' title='bbox 174 2493 286 2528; x_wconf 70' lang='grc' dir='ltr'>ὕψιστον</span> <span class='ocrx_word' id='word_1_438' title='bbox 302 2491 378 2524; x_wconf 78' lang='grc' dir='ltr'>εἰδὼς</span> <span class='ocrx_word' id='word_1_439' title='bbox 401 2492 514 2522; x_wconf 78' lang='grc' dir='ltr'>ἐκεῖνον,</span> <span class='ocrx_word' id='word_1_440' title='bbox 534 2489 614 2516; x_wconf 75' lang='grc' dir='ltr'>αὑτὸν</span> <span class='ocrx_word' id='word_1_441' title='bbox 637 2488 698 2514; x_wconf 79' lang='grc' dir='ltr'>ἔθου</span> <span class='ocrx_word' id='word_1_442' title='bbox 717 2488 877 2522; x_wconf 77' lang='grc' dir='ltr'>καταφυγήν</span> <span class='ocrx_word' id='word_1_443' title='bbox 898 2495 960 2513; x_wconf 89' lang='grc' dir='ltr'>σου·</span> 
     </span>
    </p>
   </div>
   <div class='ocr_carea' id='block_1_55' title="bbox 173 2533 962 2573">
    <p class='ocr_par' dir='ltr' id='par_1_55' title="bbox 173 2533 962 2573">
     <span class='ocr_line' id='line_1_55' title="bbox 173 2533 962 2573; baseline -0.011 -6"><span class='ocrx_word' id='word_1_444' title='bbox 173 2539 234 2567; x_wconf 78' lang='grc' dir='ltr'>ὅθεν</span> <span class='ocrx_word' id='word_1_445' title='bbox 254 2538 302 2566; x_wconf 77' lang='grc' dir='ltr'><strong>καὶ</strong></span> <span class='ocrx_word' id='word_1_446' title='bbox 317 2539 347 2565; x_wconf 85' lang='grc' dir='ltr'>ὲν</span> <span class='ocrx_word' id='word_1_447' title='bbox 369 2538 438 2573; x_wconf 85' lang='grc' dir='ltr'><strong>ἀρχῇ</strong></span> <span class='ocrx_word' id='word_1_448' title='bbox 458 2536 566 2570; x_wconf 79' lang='grc' dir='ltr'>ἐλέγετο</span> <span class='ocrx_word' id='word_1_449' title='bbox 581 2534 627 2561; x_wconf 83' lang='grc' dir='ltr'>τοῦ</span> <span class='ocrx_word' id='word_1_450' title='bbox 643 2533 750 2569; x_wconf 71' lang='grc' dir='ltr'>ψαλμοῦ</span> <span class='ocrx_word' id='word_1_451' title='bbox 768 2534 831 2569; x_wconf 77' lang='grc' dir='ltr'>περὶ</span> <span class='ocrx_word' id='word_1_452' title='bbox 849 2533 896 2560; x_wconf 78' lang='grc' dir='ltr'><strong>τοῦ</strong></span> <span class='ocrx_word' id='word_1_453' title='bbox 916 2533 962 2560; x_wconf 84' lang='grc' dir='ltr'><strong>αὺ-</strong></span> 
     </span>
    </p>
   </div>
   <div class='ocr_carea' id='block_1_56' title="bbox 174 2579 960 2616">
    <p class='ocr_par' dir='ltr' id='par_1_56' title="bbox 174 2579 960 2616">
     <span class='ocr_line' id='line_1_56' title="bbox 174 2579 960 2616; baseline -0.011 -3"><span class='ocrx_word' id='word_1_454' title='bbox 174 2585 238 2612; x_wconf 77' lang='grc' dir='ltr'><strong>τοῦ’</strong></span> <span class='ocrx_word' id='word_1_455' title='bbox 263 2595 272 2612; x_wconf 81' lang='grc' dir='ltr'><strong>ι</strong></span> <span class='ocrx_word' id='word_1_456' title='bbox 292 2585 321 2612; x_wconf 86' lang='lat'><strong>&#39;0</strong></span> <span class='ocrx_word' id='word_1_457' title='bbox 344 2582 478 2611; x_wconf 79' lang='grc' dir='ltr'>κατοικῶν</span> <span class='ocrx_word' id='word_1_458' title='bbox 511 2583 540 2608; x_wconf 78' lang='grc' dir='ltr'>ὲν</span> <span class='ocrx_word' id='word_1_459' title='bbox 566 2580 675 2616; x_wconf 76' lang='grc' dir='ltr'>βοηθείᾳ</span> <span class='ocrx_word' id='word_1_460' title='bbox 696 2579 743 2606; x_wconf 75' lang='grc' dir='ltr'>τοῦ</span> <span class='ocrx_word' id='word_1_461' title='bbox 764 2580 902 2614; x_wconf 75' lang='grc' dir='ltr'>Ὑψίστου,</span> <span class='ocrx_word' id='word_1_462' title='bbox 931 2580 960 2605; x_wconf 84' lang='grc' dir='ltr'>ὲν</span> 
     </span>
    </p>
   </div>
   <div class='ocr_carea' id='block_1_57' title="bbox 173 2624 960 2668">
    <p class='ocr_par' dir='ltr' id='par_1_57' title="bbox 173 2624 960 2668">
     <span class='ocr_line' id='line_1_57' title="bbox 173 2624 960 2668; baseline -0.01 -9"><span class='ocrx_word' id='word_1_463' title='bbox 173 2632 263 2668; x_wconf 74' lang='grc' dir='ltr'>σκέπῃ</span> <span class='ocrx_word' id='word_1_464' title='bbox 287 2631 334 2658; x_wconf 74' lang='grc' dir='ltr'>τοῦ</span> <span class='ocrx_word' id='word_1_465' title='bbox 357 2630 423 2657; x_wconf 85' lang='grc' dir='ltr'>Θεοῦ</span> <span class='ocrx_word' id='word_1_466' title='bbox 449 2628 564 2665; x_wconf 76' lang='grc' dir='ltr'>οὖρανοῦ</span> <span class='ocrx_word' id='word_1_467' title='bbox 587 2626 789 2662; x_wconf 78' lang='grc' dir='ltr'>αὐλισοήσεται.</span> <span class='ocrx_word' id='word_1_468' title='bbox 822 2626 894 2661; x_wconf 87' lang='grc' dir='ltr'>Ἐρεῖ</span> <span class='ocrx_word' id='word_1_469' title='bbox 920 2624 960 2660; x_wconf 82' lang='grc' dir='ltr'>τῷ</span> 
     </span>
    </p>
   </div>
   <div class='ocr_carea' id='block_1_58' title="bbox 173 2672 961 2714">
    <p class='ocr_par' dir='ltr' id='par_1_58' title="bbox 173 2672 961 2714">
     <span class='ocr_line' id='line_1_58' title="bbox 173 2672 961 2714; baseline -0.01 -9"><span class='ocrx_word' id='word_1_470' title='bbox 173 2679 284 2714; x_wconf 78' lang='grc' dir='ltr'>Κυρίῳ·</span> <span class='ocrx_word' id='word_1_471' title='bbox 308 2677 493 2712; x_wconf 81' lang='grc' dir='ltr'>Ἀντιλήπτωρ</span> <span class='ocrx_word' id='word_1_472' title='bbox 515 2683 565 2710; x_wconf 85' lang='grc' dir='ltr'><strong>μου</strong></span> <span class='ocrx_word' id='word_1_473' title='bbox 580 2672 605 2700; x_wconf 85' lang='grc' dir='ltr'><strong>εἴ</strong></span> <span class='ocrx_word' id='word_1_474' title='bbox 629 2674 675 2700; x_wconf 71' lang='grc' dir='ltr'><strong>καὶ</strong></span> <span class='ocrx_word' id='word_1_475' title='bbox 693 2673 836 2707; x_wconf 67' lang='grc' dir='ltr'>καταφυγή</span> <span class='ocrx_word' id='word_1_476' title='bbox 862 2680 923 2707; x_wconf 85' lang='grc' dir='ltr'>μου,</span> <span class='ocrx_word' id='word_1_477' title='bbox 947 2672 961 2698; x_wconf 81' lang='grc' dir='ltr'><em>ὁ</em></span> 
     </span>
    </p>
   </div>
   <div class='ocr_carea' id='block_1_59' title="bbox 172 2712 960 2759">
    <p class='ocr_par' dir='ltr' id='par_1_59' title="bbox 172 2712 960 2759">
     <span class='ocr_line' id='line_1_59' title="bbox 172 2712 960 2759; baseline -0.008 -10"><span class='ocrx_word' id='word_1_478' title='bbox 172 2712 239 2757; x_wconf 60' lang='grc' dir='ltr'>(θεός</span> <span class='ocrx_word' id='word_1_479' title='bbox 254 2712 318 2759; x_wconf 74' lang='grc' dir='ltr'>μου,</span> <span class='ocrx_word' id='word_1_480' title='bbox 336 2723 430 2758; x_wconf 78' lang='grc' dir='ltr'>βοηθός</span> <span class='ocrx_word' id='word_1_481' title='bbox 449 2731 510 2757; x_wconf 88' lang='grc' dir='ltr'>μου,</span> <span class='ocrx_word' id='word_1_482' title='bbox 526 2721 573 2747; x_wconf 74' lang='grc' dir='ltr'><strong>καὶ</strong></span> <span class='ocrx_word' id='word_1_483' title='bbox 590 2718 674 2745; x_wconf 80' lang='grc' dir='ltr'>ὲλπιῶ</span> <span class='ocrx_word' id='word_1_484' title='bbox 688 2719 731 2744; x_wconf 75' lang='grc' dir='ltr'><strong>ἐπ’</strong></span> <span class='ocrx_word' id='word_1_485' title='bbox 745 2718 835 2745; x_wconf 77' lang='grc' dir='ltr'>αὐτόν.</span> <span class='ocrx_word' id='word_1_486' title='bbox 852 2717 960 2753; x_wconf 83' lang='grc' dir='ltr'>Ἐπειδὴ</span> 
     </span>
    </p>
   </div>
   <div class='ocr_carea' id='block_1_60' title="bbox 173 2764 960 2804">
    <p class='ocr_par' dir='ltr' id='par_1_60' title="bbox 173 2764 960 2804">
     <span class='ocr_line' id='line_1_60' title="bbox 173 2764 960 2804; baseline -0.01 -7"><span class='ocrx_word' id='word_1_487' title='bbox 173 2772 262 2799; x_wconf 78' lang='grc' dir='ltr'>τοίνυν</span> <span class='ocrx_word' id='word_1_488' title='bbox 287 2771 331 2802; x_wconf 73' lang='grc' dir='ltr'><strong>σὺ,</strong></span> <span class='ocrx_word' id='word_1_489' title='bbox 349 2767 372 2796; x_wconf 79' lang='grc' dir='ltr'><strong>ὦ</strong></span> <span class='ocrx_word' id='word_1_490' title='bbox 389 2769 485 2804; x_wconf 84' lang='grc' dir='ltr'>Κύριε,</span> <span class='ocrx_word' id='word_1_491' title='bbox 505 2767 550 2794; x_wconf 78' lang='grc' dir='ltr'>τὸν</span> <span class='ocrx_word' id='word_1_492' title='bbox 568 2766 699 2801; x_wconf 79' lang='grc' dir='ltr'>Ὕψιστον</span> <span class='ocrx_word' id='word_1_493' title='bbox 721 2765 780 2791; x_wconf 80' lang='grc' dir='ltr'>ἔθου</span> <span class='ocrx_word' id='word_1_494' title='bbox 800 2764 960 2800; x_wconf 77' lang='grc' dir='ltr'>καταφυγήν</span> 
     </span>
    </p>
   </div>
   <div class='ocr_carea' id='block_1_61' title="bbox 176 2810 958 2851">
    <p class='ocr_par' dir='ltr' id='par_1_61' title="bbox 176 2810 958 2851">
     <span class='ocr_line' id='line_1_61' title="bbox 176 2810 958 2851; baseline -0.012 -5"><span class='ocrx_word' id='word_1_495' title='bbox 176 2827 233 2850; x_wconf 77' lang='grc' dir='ltr'>σου,</span> <span class='ocrx_word' id='word_1_496' title='bbox 248 2827 259 2844; x_wconf 71' lang='grc' dir='ltr'><strong>ι</strong></span> <span class='ocrx_word' id='word_1_497' title='bbox 268 2817 364 2844; x_wconf 83' lang='grc' dir='ltr'>τούτου</span> <span class='ocrx_word' id='word_1_498' title='bbox 379 2816 457 2851; x_wconf 65' lang='grc' dir='ltr'>χάριν</span> <span class='ocrx_word' id='word_1_499' title='bbox 472 2814 551 2846; x_wconf 75' lang='grc' dir='ltr'>αὐτὸς</span> <span class='ocrx_word' id='word_1_500' title='bbox 560 2815 574 2840; x_wconf 82' lang='grc' dir='ltr'>ὁ</span> <span class='ocrx_word' id='word_1_501' title='bbox 587 2812 728 2848; x_wconf 76' lang='grc' dir='ltr'>’Υψιστος,</span> <span class='ocrx_word' id='word_1_502' title='bbox 740 2812 833 2847; x_wconf 75' lang='grc' dir='ltr'>φησὶ,‹</span> <span class='ocrx_word' id='word_1_503' title='bbox 846 2810 958 2847; x_wconf 69' lang='grc' dir='ltr'>ῥύσεται</span> 
     </span>
    </p>
   </div>
   <div class='ocr_carea' id='block_1_62' title="bbox 209 2906 488 2940">
    <p class='ocr_par' dir='ltr' id='par_1_62' title="bbox 209 2906 488 2940">
     <span class='ocr_line' id='line_1_62' title="bbox 209 2906 488 2940; baseline -0.011 -4"><span class='ocrx_word' id='word_1_504' title='bbox 209 2908 233 2926; x_wconf 77' lang='grc'><strong>⁸⁸</strong></span> <span class='ocrx_word' id='word_1_505' title='bbox 250 2908 344 2936; x_wconf 73' lang='lat' dir='ltr'><strong>Matth.</strong></span> <span class='ocrx_word' id='word_1_506' title='bbox 362 2915 427 2940; x_wconf 81' lang='lat' dir='ltr'><strong>vni,</strong></span> <span class='ocrx_word' id='word_1_507' title='bbox 444 2906 488 2935; x_wconf 77' lang='lat'><strong>29.</strong></span> 
     </span>
    </p>
   </div>
   <div class='ocr_carea' id='block_1_63' title="bbox 977 910 996 939">
    <p class='ocr_par' dir='ltr' id='par_1_63' title="bbox 977 910 996 939">
     <span class='ocr_line' id='line_1_63' title="bbox 977 910 996 939; baseline 0 0"><span class='ocrx_word' id='word_1_508' title='bbox 977 910 996 939; x_wconf 85' lang='grc' dir='ltr'><strong>Β</strong></span> 
     </span>
    </p>
   </div>
   <div class='ocr_carea' id='block_1_64' title="bbox 979 2278 998 2304">
    <p class='ocr_par' dir='ltr' id='par_1_64' title="bbox 979 2278 998 2304">
     <span class='ocr_line' id='line_1_64' title="bbox 979 2278 998 2304; baseline 0 0"><span class='ocrx_word' id='word_1_509' title='bbox 979 2278 998 2304; x_wconf 86' lang='grc' dir='ltr'><strong>ι)</strong></span> 
     </span>
    </p>
   </div>
   <div class='ocr_carea' id='block_1_65' title="bbox 1012 280 1802 317">
    <p class='ocr_par' dir='ltr' id='par_1_65' title="bbox 1012 280 1802 317">
     <span class='ocr_line' id='line_1_65' title="bbox 1012 280 1802 317; baseline 0.001 -9"><span class='ocrx_word' id='word_1_510' title='bbox 1012 290 1022 307; x_wconf 82' lang='grc' dir='ltr'><strong>ι</strong></span> <span class='ocrx_word' id='word_1_511' title='bbox 1038 281 1108 314; x_wconf 87' lang='lat' dir='ltr'><strong>Quid</strong></span> <span class='ocrx_word' id='word_1_512' title='bbox 1125 281 1204 308; x_wconf 87' lang='lat' dir='ltr'><strong>nobis</strong></span> <span class='ocrx_word' id='word_1_513' title='bbox 1215 285 1241 308; x_wconf 88' lang='lat' dir='ltr'><strong>et</strong></span> <span class='ocrx_word' id='word_1_514' title='bbox 1254 281 1302 308; x_wconf 86' lang='lat' dir='ltr'><strong>tibi</strong></span> <span class='ocrx_word' id='word_1_515' title='bbox 1316 280 1380 308; x_wconf 83' lang='lat' dir='ltr'><strong>Jesu</strong></span> <span class='ocrx_word' id='word_1_516' title='bbox 1392 300 1399 313; x_wconf 93' lang='lat'><strong>,</strong></span> <span class='ocrx_word' id='word_1_517' title='bbox 1420 280 1471 308; x_wconf 88' lang='lat' dir='ltr'><strong>Fili</strong></span> <span class='ocrx_word' id='word_1_518' title='bbox 1489 281 1537 309; x_wconf 87' lang='lat' dir='ltr'><strong>Dei</strong></span> <span class='ocrx_word' id='word_1_519' title='bbox 1551 282 1576 298; x_wconf 78' lang='lat'>”</span> <span class='ocrx_word' id='word_1_520' title='bbox 1589 282 1601 308; x_wconf 70' lang='grc' dir='ltr'><strong><em>Ἰ</em></strong></span> <span class='ocrx_word' id='word_1_521' title='bbox 1614 291 1623 308; x_wconf 77' lang='grc' dir='ltr'><strong>ι</strong></span> <span class='ocrx_word' id='word_1_522' title='bbox 1638 281 1701 309; x_wconf 66' lang='lat' dir='ltr'><strong>Haec</strong></span> <span class='ocrx_word' id='word_1_523' title='bbox 1718 281 1802 317; x_wconf 69' lang='lat' dir='ltr'><strong>igitur</strong></span> 
     </span>
    </p>
   </div>
   <div class='ocr_carea' id='block_1_66' title="bbox 1012 319 1801 363">
    <p class='ocr_par' dir='ltr' id='par_1_66' title="bbox 1012 319 1801 363">
     <span class='ocr_line' id='line_1_66' title="bbox 1012 319 1801 363; baseline 0.001 -10"><span class='ocrx_word' id='word_1_524' title='bbox 1012 327 1045 354; x_wconf 91' lang='lat' dir='ltr'><strong>de</strong></span> <span class='ocrx_word' id='word_1_525' title='bbox 1062 327 1104 354; x_wconf 90' lang='lat' dir='ltr'><strong>his</strong></span> <span class='ocrx_word' id='word_1_526' title='bbox 1124 327 1197 354; x_wconf 71' lang='lat' dir='ltr'><strong>dit-la</strong></span> <span class='ocrx_word' id='word_1_527' title='bbox 1220 333 1295 354; x_wconf 88' lang='lat' dir='ltr'><strong>sunt.</strong></span> <span class='ocrx_word' id='word_1_528' title='bbox 1312 326 1378 359; x_wconf 68' lang='lat' dir='ltr'><strong>Qua:</strong></span> <span class='ocrx_word' id='word_1_529' title='bbox 1398 319 1466 354; x_wconf 50' lang='lat' dir='ltr'><strong>uero</strong></span> <span class='ocrx_word' id='word_1_530' title='bbox 1490 327 1621 362; x_wconf 75' lang='lat' dir='ltr'><strong>deinceps</strong></span> <span class='ocrx_word' id='word_1_531' title='bbox 1645 328 1671 354; x_wconf 92' lang='lat' dir='ltr'><strong>in</strong></span> <span class='ocrx_word' id='word_1_532' title='bbox 1695 329 1801 363; x_wconf 80' lang='lat' dir='ltr'><strong>psalmo</strong></span> 
     </span>
    </p>
   </div>
   <div class='ocr_carea' id='block_1_67' title="bbox 1011 373 1800 408">
    <p class='ocr_par' dir='ltr' id='par_1_67' title="bbox 1011 373 1800 408">
     <span class='ocr_line' id='line_1_67' title="bbox 1011 373 1800 408; baseline 0.003 -9"><span class='ocrx_word' id='word_1_533' title='bbox 1011 377 1175 407; x_wconf 77' lang='lat' dir='ltr'><strong>sequuntur,</strong></span> <span class='ocrx_word' id='word_1_534' title='bbox 1191 373 1223 399; x_wconf 87' lang='lat' dir='ltr'><strong>ad</strong></span> <span class='ocrx_word' id='word_1_535' title='bbox 1238 373 1325 408; x_wconf 89' lang='lat' dir='ltr'><strong>ipsum</strong></span> <span class='ocrx_word' id='word_1_536' title='bbox 1340 373 1478 400; x_wconf 75' lang='lat' dir='ltr'><strong>Christum</strong></span> <span class='ocrx_word' id='word_1_537' title='bbox 1495 373 1674 400; x_wconf 84' lang='lat' dir='ltr'><strong>euuutiantur</strong></span> <span class='ocrx_word' id='word_1_538' title='bbox 1688 382 1720 400; x_wconf 81' lang='lat' dir='ltr'><strong>ex</strong></span> <span class='ocrx_word' id='word_1_539' title='bbox 1735 374 1800 402; x_wconf 92' lang='lat' dir='ltr'><strong>illo:</strong></span> 
     </span>
    </p>
   </div>
   <div class='ocr_carea' id='block_1_68' title="bbox 1013 418 1800 453">
    <p class='ocr_par' dir='ltr' id='par_1_68' title="bbox 1013 418 1800 453">
     <span class='ocr_line' id='line_1_68' title="bbox 1013 418 1800 453; baseline 0.003 -8"><span class='ocrx_word' id='word_1_540' title='bbox 1013 429 1022 444; x_wconf 86' lang='grc'><strong>‹</strong></span> <span class='ocrx_word' id='word_1_541' title='bbox 1042 418 1070 445; x_wconf 92' lang='lat' dir='ltr'><strong>In</strong></span> <span class='ocrx_word' id='word_1_542' title='bbox 1097 419 1218 453; x_wconf 76' lang='lat' dir='ltr'><strong>scapulis</strong></span> <span class='ocrx_word' id='word_1_543' title='bbox 1244 419 1302 446; x_wconf 88' lang='lat' dir='ltr'><strong>suis</strong></span> <span class='ocrx_word' id='word_1_544' title='bbox 1327 419 1502 446; x_wconf 86' lang='lat' dir='ltr'><strong>obumbrabit</strong></span> <span class='ocrx_word' id='word_1_545' title='bbox 1527 419 1592 450; x_wconf 88' lang='lat' dir='ltr'><strong>tibi,</strong></span> <span class='ocrx_word' id='word_1_546' title='bbox 1616 428 1624 444; x_wconf 73' lang='grc' dir='ltr'><strong>ι</strong></span> <span class='ocrx_word' id='word_1_547' title='bbox 1641 419 1800 447; x_wconf 81' lang='lat' dir='ltr'><strong>Altissimus</strong></span> 
     </span>
    </p>
   </div>
   <div class='ocr_carea' id='block_1_69' title="bbox 1011 465 1801 499">
    <p class='ocr_par' dir='ltr' id='par_1_69' title="bbox 1011 465 1801 499">
     <span class='ocr_line' id='line_1_69' title="bbox 1011 465 1801 499; baseline 0.001 -9"><span class='ocrx_word' id='word_1_548' title='bbox 1011 465 1136 492; x_wconf 74' lang='lat' dir='ltr'><strong>videlicet</strong></span> <span class='ocrx_word' id='word_1_549' title='bbox 1147 485 1154 496; x_wconf 87' lang='lat'><strong>,</strong></span> <span class='ocrx_word' id='word_1_550' title='bbox 1171 474 1180 490; x_wconf 85' lang='grc' dir='ltr'><strong>ι</strong></span> <span class='ocrx_word' id='word_1_551' title='bbox 1195 469 1222 492; x_wconf 89' lang='lat' dir='ltr'><strong>et</strong></span> <span class='ocrx_word' id='word_1_552' title='bbox 1235 465 1287 491; x_wconf 89' lang='lat' dir='ltr'><strong>sub</strong></span> <span class='ocrx_word' id='word_1_553' title='bbox 1300 465 1350 491; x_wconf 86' lang='lat' dir='ltr'><strong>alis</strong></span> <span class='ocrx_word' id='word_1_554' title='bbox 1364 465 1424 499; x_wconf 87' lang='lat' dir='ltr'><strong>ejus</strong></span> <span class='ocrx_word' id='word_1_555' title='bbox 1439 465 1576 499; x_wconf 81' lang='lat' dir='ltr'><strong>sperabis,</strong></span> <span class='ocrx_word' id='word_1_556' title='bbox 1591 468 1669 492; x_wconf 82' lang='lat' dir='ltr'><strong>sruto</strong></span> <span class='ocrx_word' id='word_1_557' title='bbox 1683 465 1801 492; x_wconf 86' lang='lat' dir='ltr'><strong>circum-</strong></span> 
     </span>
    </p>
   </div>
   <div class='ocr_carea' id='block_1_70' title="bbox 1010 510 1799 545">
    <p class='ocr_par' dir='ltr' id='par_1_70' title="bbox 1010 510 1799 545">
     <span class='ocr_line' id='line_1_70' title="bbox 1010 510 1799 545; baseline 0.001 -8"><span class='ocrx_word' id='word_1_558' title='bbox 1010 510 1086 537; x_wconf 88' lang='lat' dir='ltr'><strong>dabit</strong></span> <span class='ocrx_word' id='word_1_559' title='bbox 1110 515 1136 537; x_wconf 88' lang='lat' dir='ltr'><strong>te</strong></span> <span class='ocrx_word' id='word_1_560' title='bbox 1155 511 1257 538; x_wconf 81' lang='lat' dir='ltr'><strong>veritas</strong></span> <span class='ocrx_word' id='word_1_561' title='bbox 1276 512 1336 544; x_wconf 82' lang='lat' dir='ltr'><strong>ejus</strong></span> <span class='ocrx_word' id='word_1_562' title='bbox 1349 531 1355 541; x_wconf 90' lang='lat'><em>.</em></span> <span class='ocrx_word' id='word_1_563' title='bbox 1374 516 1420 538; x_wconf 65' lang='lat' dir='ltr'><strong>iet</strong></span> <span class='ocrx_word' id='word_1_564' title='bbox 1435 511 1564 545; x_wconf 88' lang='lat' dir='ltr'><strong>quoniam</strong></span> <span class='ocrx_word' id='word_1_565' title='bbox 1587 511 1683 538; x_wconf 84' lang='lat' dir='ltr'><strong>diebus</strong></span> <span class='ocrx_word' id='word_1_566' title='bbox 1699 519 1732 538; x_wconf 69' lang='grc' dir='ltr'>ιι.</span> <span class='ocrx_word' id='word_1_567' title='bbox 1748 519 1799 538; x_wconf 84' lang='lat' dir='ltr'><strong>no-</strong></span> 
     </span>
    </p>
   </div>
   <div class='ocr_carea' id='block_1_71' title="bbox 1011 556 1797 592">
    <p class='ocr_par' dir='ltr' id='par_1_71' title="bbox 1011 556 1797 592">
     <span class='ocr_line' id='line_1_71' title="bbox 1011 556 1797 592; baseline 0.003 -10"><span class='ocrx_word' id='word_1_568' title='bbox 1011 556 1157 590; x_wconf 66' lang='lat' dir='ltr'><strong>ctibusrlue</strong></span> <span class='ocrx_word' id='word_1_569' title='bbox 1174 556 1286 583; x_wconf 83' lang='lat' dir='ltr'><strong>totidem</strong></span> <span class='ocrx_word' id='word_1_570' title='bbox 1306 561 1426 584; x_wconf 89' lang='lat' dir='ltr'><strong>tentatus</strong></span> <span class='ocrx_word' id='word_1_571' title='bbox 1444 560 1502 589; x_wconf 87' lang='lat' dir='ltr'><strong>est,</strong></span> <span class='ocrx_word' id='word_1_572' title='bbox 1519 557 1553 584; x_wconf 84' lang='lat' dir='ltr'><strong>de</strong></span> <span class='ocrx_word' id='word_1_573' title='bbox 1570 557 1602 584; x_wconf 91' lang='lat' dir='ltr'><strong>iis</strong></span> <span class='ocrx_word' id='word_1_574' title='bbox 1619 557 1729 592; x_wconf 81' lang='lat' dir='ltr'><strong>quidem</strong></span> <span class='ocrx_word' id='word_1_575' title='bbox 1751 558 1797 591; x_wconf 91' lang='lat' dir='ltr'><strong>qui</strong></span> 
     </span>
    </p>
   </div>
   <div class='ocr_carea' id='block_1_72' title="bbox 1010 601 1800 637">
    <p class='ocr_par' dir='ltr' id='par_1_72' title="bbox 1010 601 1800 637">
     <span class='ocr_line' id='line_1_72' title="bbox 1010 601 1800 637; baseline 0.003 -8"><span class='ocrx_word' id='word_1_576' title='bbox 1010 606 1093 629; x_wconf 86' lang='lat' dir='ltr'><strong>noctu</strong></span> <span class='ocrx_word' id='word_1_577' title='bbox 1107 603 1181 629; x_wconf 88' lang='lat' dir='ltr'><strong>illum</strong></span> <span class='ocrx_word' id='word_1_578' title='bbox 1196 601 1371 633; x_wconf 72' lang='lat' dir='ltr'><strong>invadebant,</strong></span> <span class='ocrx_word' id='word_1_579' title='bbox 1384 602 1486 629; x_wconf 81' lang='lat' dir='ltr'><strong>dictum</strong></span> <span class='ocrx_word' id='word_1_580' title='bbox 1499 607 1541 630; x_wconf 84' lang='lat' dir='ltr'><strong>est</strong></span> <span class='ocrx_word' id='word_1_581' title='bbox 1553 602 1586 629; x_wconf 82' lang='lat' dir='ltr'><strong>ad</strong></span> <span class='ocrx_word' id='word_1_582' title='bbox 1601 603 1706 637; x_wconf 85' lang='lat' dir='ltr'><strong>ipsum:</strong></span> <span class='ocrx_word' id='word_1_583' title='bbox 1719 612 1728 628; x_wconf 79' lang='grc' dir='ltr'><strong>ι</strong></span> <span class='ocrx_word' id='word_1_584' title='bbox 1741 602 1800 631; x_wconf 85' lang='lat' dir='ltr'><strong>Non</strong></span> 
     </span>
    </p>
   </div>
   <div class='ocr_carea' id='block_1_73' title="bbox 1011 647 1799 683">
    <p class='ocr_par' dir='ltr' id='par_1_73' title="bbox 1011 647 1799 683">
     <span class='ocr_line' id='line_1_73' title="bbox 1011 647 1799 683; baseline 0.001 -9"><span class='ocrx_word' id='word_1_585' title='bbox 1011 649 1123 675; x_wconf 89' lang='lat' dir='ltr'><strong>timebis</strong></span> <span class='ocrx_word' id='word_1_586' title='bbox 1139 656 1153 674; x_wconf 95' lang='lat' dir='ltr'><strong>a</strong></span> <span class='ocrx_word' id='word_1_587' title='bbox 1169 648 1267 675; x_wconf 86' lang='lat' dir='ltr'><strong>timore</strong></span> <span class='ocrx_word' id='word_1_588' title='bbox 1283 652 1418 675; x_wconf 83' lang='lat' dir='ltr'><strong>nocturno</strong></span> <span class='ocrx_word' id='word_1_589' title='bbox 1432 657 1439 681; x_wconf 77' lang='grc' dir='ltr'><strong>ς</strong></span> <span class='ocrx_word' id='word_1_590' title='bbox 1457 658 1465 674; x_wconf 74' lang='grc' dir='ltr'><strong>ι</strong></span> <span class='ocrx_word' id='word_1_591' title='bbox 1479 647 1512 675; x_wconf 88' lang='lat' dir='ltr'><strong>de</strong></span> <span class='ocrx_word' id='word_1_592' title='bbox 1530 648 1564 676; x_wconf 89' lang='lat' dir='ltr'><strong>iis</strong></span> <span class='ocrx_word' id='word_1_593' title='bbox 1579 656 1643 675; x_wconf 76' lang='lat' dir='ltr'><strong>vero</strong></span> <span class='ocrx_word' id='word_1_594' title='bbox 1659 648 1705 683; x_wconf 91' lang='lat' dir='ltr'><strong>qui</strong></span> <span class='ocrx_word' id='word_1_595' title='bbox 1721 656 1799 675; x_wconf 85' lang='lat' dir='ltr'><strong>eum-</strong></span> 
     </span>
    </p>
   </div>
   <div class='ocr_carea' id='block_1_74' title="bbox 1010 694 1801 729">
    <p class='ocr_par' dir='ltr' id='par_1_74' title="bbox 1010 694 1801 729">
     <span class='ocr_line' id='line_1_74' title="bbox 1010 694 1801 729; baseline 0.001 -8"><span class='ocrx_word' id='word_1_596' title='bbox 1010 694 1070 721; x_wconf 91' lang='lat' dir='ltr'><strong>dem</strong></span> <span class='ocrx_word' id='word_1_597' title='bbox 1088 702 1135 729; x_wconf 89' lang='lat' dir='ltr'><strong>per</strong></span> <span class='ocrx_word' id='word_1_598' title='bbox 1149 695 1221 721; x_wconf 86' lang='lat' dir='ltr'><strong>diem</strong></span> <span class='ocrx_word' id='word_1_599' title='bbox 1237 695 1450 729; x_wconf 73' lang='lat' dir='ltr'><strong>oppugnabant,</strong></span> <span class='ocrx_word' id='word_1_600' title='bbox 1467 694 1535 721; x_wconf 91' lang='lat' dir='ltr'><strong>illud</strong></span> <span class='ocrx_word' id='word_1_601' title='bbox 1550 705 1556 721; x_wconf 89' lang='lat'><strong>:</strong></span> <span class='ocrx_word' id='word_1_602' title='bbox 1577 703 1585 719; x_wconf 85' lang='grc' dir='ltr'><strong>ι</strong></span> <span class='ocrx_word' id='word_1_603' title='bbox 1602 694 1623 721; x_wconf 82' lang='grc' dir='ltr'>Α</span> <span class='ocrx_word' id='word_1_604' title='bbox 1640 694 1736 729; x_wconf 83' lang='lat' dir='ltr'><strong>sagitta</strong></span> <span class='ocrx_word' id='word_1_605' title='bbox 1753 703 1801 722; x_wconf 75' lang='lat' dir='ltr'><strong>vo—</strong></span> 
     </span>
    </p>
   </div>
   <div class='ocr_carea' id='block_1_75' title="bbox 1010 740 1800 774">
    <p class='ocr_par' dir='ltr' id='par_1_75' title="bbox 1010 740 1800 774">
     <span class='ocr_line' id='line_1_75' title="bbox 1010 740 1800 774; baseline 0.001 -7"><span class='ocrx_word' id='word_1_606' title='bbox 1010 741 1083 768; x_wconf 89' lang='lat' dir='ltr'><strong>lante</strong></span> <span class='ocrx_word' id='word_1_607' title='bbox 1104 741 1130 767; x_wconf 90' lang='lat' dir='ltr'><strong>in</strong></span> <span class='ocrx_word' id='word_1_608' title='bbox 1149 741 1192 768; x_wconf 89' lang='lat' dir='ltr'><strong>die</strong></span> <span class='ocrx_word' id='word_1_609' title='bbox 1206 749 1213 774; x_wconf 91' lang='lat'><strong>;</strong></span> <span class='ocrx_word' id='word_1_610' title='bbox 1227 751 1236 766; x_wconf 74' lang='grc' dir='ltr'><strong>ι</strong></span> <span class='ocrx_word' id='word_1_611' title='bbox 1250 742 1313 768; x_wconf 83' lang='lat' dir='ltr'><strong>item</strong></span> <span class='ocrx_word' id='word_1_612' title='bbox 1335 741 1369 768; x_wconf 87' lang='lat' dir='ltr'><strong>de</strong></span> <span class='ocrx_word' id='word_1_613' title='bbox 1388 740 1530 768; x_wconf 82' lang='lat' dir='ltr'><strong>nocturnis</strong></span> <span class='ocrx_word' id='word_1_614' title='bbox 1554 740 1625 772; x_wconf 85' lang='lat' dir='ltr'><strong>illis,</strong></span> <span class='ocrx_word' id='word_1_615' title='bbox 1649 740 1715 767; x_wconf 91' lang='lat' dir='ltr'><strong>illud</strong></span> <span class='ocrx_word' id='word_1_616' title='bbox 1730 751 1736 768; x_wconf 90' lang='lat'>:</span> <span class='ocrx_word' id='word_1_617' title='bbox 1751 750 1761 767; x_wconf 77' lang='grc' dir='ltr'><strong>ι</strong></span> <span class='ocrx_word' id='word_1_618' title='bbox 1778 741 1800 768; x_wconf 79' lang='grc' dir='ltr'>Α</span> 
     </span>
    </p>
   </div>
   <div class='ocr_carea' id='block_1_76' title="bbox 1010 786 1800 821">
    <p class='ocr_par' dir='ltr' id='par_1_76' title="bbox 1010 786 1800 821">
     <span class='ocr_line' id='line_1_76' title="bbox 1010 786 1800 821; baseline 0.003 -8"><span class='ocrx_word' id='word_1_619' title='bbox 1010 787 1121 821; x_wconf 71' lang='lat' dir='ltr'><strong>negotio</strong></span> <span class='ocrx_word' id='word_1_620' title='bbox 1135 787 1344 821; x_wconf 86' lang='lat' dir='ltr'><strong>perambulante</strong></span> <span class='ocrx_word' id='word_1_621' title='bbox 1359 787 1385 813; x_wconf 91' lang='lat' dir='ltr'><strong>in</strong></span> <span class='ocrx_word' id='word_1_622' title='bbox 1400 786 1538 819; x_wconf 86' lang='lat' dir='ltr'><strong>tenebris;</strong></span> <span class='ocrx_word' id='word_1_623' title='bbox 1552 796 1561 812; x_wconf 74' lang='grc' dir='ltr'><strong>ι</strong></span> <span class='ocrx_word' id='word_1_624' title='bbox 1573 787 1606 814; x_wconf 84' lang='lat' dir='ltr'><strong>de</strong></span> <span class='ocrx_word' id='word_1_625' title='bbox 1617 786 1723 814; x_wconf 83' lang='lat' dir='ltr'><strong>diurnis</strong></span> <span class='ocrx_word' id='word_1_626' title='bbox 1735 795 1800 815; x_wconf 78' lang='lat' dir='ltr'><strong>vero</strong></span> 
     </span>
    </p>
   </div>
   <div class='ocr_carea' id='block_1_77' title="bbox 1010 833 1800 869">
    <p class='ocr_par' dir='ltr' id='par_1_77' title="bbox 1010 833 1800 869">
     <span class='ocr_line' id='line_1_77' title="bbox 1010 833 1800 869; baseline 0 -10"><span class='ocrx_word' id='word_1_627' title='bbox 1010 833 1076 859; x_wconf 74' lang='lat' dir='ltr'><strong>illud</strong></span> <span class='ocrx_word' id='word_1_628' title='bbox 1090 843 1095 859; x_wconf 93' lang='lat'>:</span> <span class='ocrx_word' id='word_1_629' title='bbox 1112 842 1121 858; x_wconf 77' lang='grc' dir='ltr'><strong>ι</strong></span> <span class='ocrx_word' id='word_1_630' title='bbox 1139 833 1181 859; x_wconf 85' lang='lat' dir='ltr'><strong>Ab</strong></span> <span class='ocrx_word' id='word_1_631' title='bbox 1198 833 1308 860; x_wconf 81' lang='lat' dir='ltr'><strong>incursu</strong></span> <span class='ocrx_word' id='word_1_632' title='bbox 1326 838 1351 860; x_wconf 88' lang='lat' dir='ltr'><strong>et</strong></span> <span class='ocrx_word' id='word_1_633' title='bbox 1365 833 1499 860; x_wconf 78' lang='lat' dir='ltr'><strong>dminonio</strong></span> <span class='ocrx_word' id='word_1_634' title='bbox 1515 833 1677 860; x_wconf 87' lang='lat' dir='ltr'><strong>meridiano.</strong></span> <span class='ocrx_word' id='word_1_635' title='bbox 1696 843 1705 859; x_wconf 75' lang='grc' dir='ltr'><strong>ι</strong></span> <span class='ocrx_word' id='word_1_636' title='bbox 1719 833 1800 869; x_wconf 65' lang='grc'><strong>435</strong></span> 
     </span>
    </p>
   </div>
   <div class='ocr_carea' id='block_1_78' title="bbox 1010 878 1801 914">
    <p class='ocr_par' dir='ltr' id='par_1_78' title="bbox 1010 878 1801 914">
     <span class='ocr_line' id='line_1_78' title="bbox 1010 878 1801 914; baseline 0.001 -9"><span class='ocrx_word' id='word_1_637' title='bbox 1010 879 1049 906; x_wconf 86' lang='lat' dir='ltr'><strong>Ad</strong></span> <span class='ocrx_word' id='word_1_638' title='bbox 1072 879 1139 911; x_wconf 64' lang='lat' dir='ltr'><strong>haec,</strong></span> <span class='ocrx_word' id='word_1_639' title='bbox 1161 880 1290 913; x_wconf 90' lang='lat' dir='ltr'><strong>quoniam</strong></span> <span class='ocrx_word' id='word_1_640' title='bbox 1309 879 1373 905; x_wconf 91' lang='lat' dir='ltr'><strong>dum</strong></span> <span class='ocrx_word' id='word_1_641' title='bbox 1393 878 1561 911; x_wconf 85' lang='lat' dir='ltr'><strong>tentabalur,</strong></span> <span class='ocrx_word' id='word_1_642' title='bbox 1580 879 1705 914; x_wconf 80' lang='lat' dir='ltr'><strong>maligna:</strong></span> <span class='ocrx_word' id='word_1_643' title='bbox 1724 883 1801 914; x_wconf 82' lang='lat' dir='ltr'><strong>pote-</strong></span> 
     </span>
    </p>
   </div>
   <div class='ocr_carea' id='block_1_79' title="bbox 1011 925 1800 960">
    <p class='ocr_par' dir='ltr' id='par_1_79' title="bbox 1011 925 1800 960">
     <span class='ocr_line' id='line_1_79' title="bbox 1011 925 1800 960; baseline 0.001 -8"><span class='ocrx_word' id='word_1_644' title='bbox 1011 929 1095 953; x_wconf 79' lang='lat' dir='ltr'><strong>states</strong></span> <span class='ocrx_word' id='word_1_645' title='bbox 1110 926 1184 952; x_wconf 91' lang='lat' dir='ltr'><strong>illum</strong></span> <span class='ocrx_word' id='word_1_646' title='bbox 1198 926 1430 956; x_wconf 87' lang='lat' dir='ltr'><strong>circumstabant,</strong></span> <span class='ocrx_word' id='word_1_647' title='bbox 1443 929 1469 952; x_wconf 89' lang='lat' dir='ltr'><strong>et</strong></span> <span class='ocrx_word' id='word_1_648' title='bbox 1483 933 1542 960; x_wconf 74' lang='lat' dir='ltr'><strong>qum</strong></span> <span class='ocrx_word' id='word_1_649' title='bbox 1555 925 1663 960; x_wconf 84' lang='lat' dir='ltr'><strong>quidem</strong></span> <span class='ocrx_word' id='word_1_650' title='bbox 1678 926 1751 953; x_wconf 90' lang='lat' dir='ltr'><strong>illius</strong></span> <span class='ocrx_word' id='word_1_651' title='bbox 1765 926 1800 953; x_wconf 80' lang='lat' dir='ltr'><strong>la-</strong></span> 
     </span>
    </p>
   </div>
   <div class='ocr_carea' id='block_1_80' title="bbox 1010 971 1798 1005">
    <p class='ocr_par' dir='ltr' id='par_1_80' title="bbox 1010 971 1798 1005">
     <span class='ocr_line' id='line_1_80' title="bbox 1010 971 1798 1005; baseline -0.001 -8"><span class='ocrx_word' id='word_1_652' title='bbox 1010 974 1055 999; x_wconf 90' lang='lat' dir='ltr'><strong>tus</strong></span> <span class='ocrx_word' id='word_1_653' title='bbox 1068 971 1193 998; x_wconf 79' lang='lat' dir='ltr'><strong>dextrum</strong></span> <span class='ocrx_word' id='word_1_654' title='bbox 1208 971 1356 1005; x_wconf 81' lang='lat' dir='ltr'><strong>stipabant,</strong></span> <span class='ocrx_word' id='word_1_655' title='bbox 1369 971 1489 998; x_wconf 87' lang='lat' dir='ltr'><strong>sinistris</strong></span> <span class='ocrx_word' id='word_1_656' title='bbox 1502 971 1586 997; x_wconf 86' lang='lat' dir='ltr'><strong>multo</strong></span> <span class='ocrx_word' id='word_1_657' title='bbox 1599 971 1691 1005; x_wconf 86' lang='lat' dir='ltr'><strong>plures</strong></span> <span class='ocrx_word' id='word_1_658' title='bbox 1703 974 1781 998; x_wconf 85' lang='lat' dir='ltr'><strong>erant</strong></span> <span class='ocrx_word' id='word_1_659' title='bbox 1790 990 1798 1004; x_wconf 82' lang='lat'><strong>,</strong></span> 
     </span>
    </p>
   </div>
   <div class='ocr_carea' id='block_1_81' title="bbox 1010 1017 1800 1052">
    <p class='ocr_par' dir='ltr' id='par_1_81' title="bbox 1010 1017 1800 1052">
     <span class='ocr_line' id='line_1_81' title="bbox 1010 1017 1800 1052; baseline 0 -7"><span class='ocrx_word' id='word_1_660' title='bbox 1010 1022 1103 1052; x_wconf 85' lang='lat' dir='ltr'><strong>utpote</strong></span> <span class='ocrx_word' id='word_1_661' title='bbox 1127 1026 1188 1045; x_wconf 90' lang='lat' dir='ltr'><strong>cum</strong></span> <span class='ocrx_word' id='word_1_662' title='bbox 1211 1018 1307 1045; x_wconf 79' lang='lat' dir='ltr'><strong>dextra</strong></span> <span class='ocrx_word' id='word_1_663' title='bbox 1329 1018 1407 1052; x_wconf 79' lang='lat' dir='ltr'><strong>longe</strong></span> <span class='ocrx_word' id='word_1_664' title='bbox 1434 1018 1488 1044; x_wconf 85' lang='lat' dir='ltr'><strong>sint</strong></span> <span class='ocrx_word' id='word_1_665' title='bbox 1507 1017 1675 1048; x_wconf 82' lang='lat' dir='ltr'><strong>valentiora.</strong></span> <span class='ocrx_word' id='word_1_666' title='bbox 1701 1017 1800 1046; x_wconf 87' lang='lat' dir='ltr'><strong>merito</strong></span> 
     </span>
    </p>
   </div>
   <div class='ocr_carea' id='block_1_82' title="bbox 1010 1062 1798 1098">
    <p class='ocr_par' dir='ltr' id='par_1_82' title="bbox 1010 1062 1798 1098">
     <span class='ocr_line' id='line_1_82' title="bbox 1010 1062 1798 1098; baseline 0 -8"><span class='ocrx_word' id='word_1_667' title='bbox 1010 1063 1168 1098; x_wconf 80' lang='lat' dir='ltr'><strong>adjuugitur</strong></span> <span class='ocrx_word' id='word_1_668' title='bbox 1176 1063 1209 1090; x_wconf 92' lang='lat' dir='ltr'><strong>ad</strong></span> <span class='ocrx_word' id='word_1_669' title='bbox 1225 1062 1350 1090; x_wconf 89' lang='lat' dir='ltr'><strong>eumdem</strong></span> <span class='ocrx_word' id='word_1_670' title='bbox 1363 1072 1368 1089; x_wconf 92' lang='lat'>:</span> <span class='ocrx_word' id='word_1_671' title='bbox 1383 1072 1391 1087; x_wconf 84' lang='grc' dir='ltr'><strong>ι</strong></span> <span class='ocrx_word' id='word_1_672' title='bbox 1407 1062 1510 1089; x_wconf 78' lang='lat' dir='ltr'><strong>Cadent</strong></span> <span class='ocrx_word' id='word_1_673' title='bbox 1524 1070 1538 1089; x_wconf 91' lang='lat' dir='ltr'><strong>a</strong></span> <span class='ocrx_word' id='word_1_674' title='bbox 1555 1062 1638 1090; x_wconf 86' lang='lat' dir='ltr'><strong>latere</strong></span> <span class='ocrx_word' id='word_1_675' title='bbox 1653 1065 1699 1089; x_wconf 91' lang='lat' dir='ltr'><strong>tuo</strong></span> <span class='ocrx_word' id='word_1_676' title='bbox 1714 1062 1798 1094; x_wconf 84' lang='lat' dir='ltr'><strong>mille.</strong></span> 
     </span>
    </p>
   </div>
   <div class='ocr_carea' id='block_1_83' title="bbox 1010 1108 1801 1143">
    <p class='ocr_par' dir='ltr' id='par_1_83' title="bbox 1010 1108 1801 1143">
     <span class='ocr_line' id='line_1_83' title="bbox 1010 1108 1801 1143; baseline -0.004 -6"><span class='ocrx_word' id='word_1_677' title='bbox 1010 1113 1038 1137; x_wconf 87' lang='lat' dir='ltr'><strong>et</strong></span> <span class='ocrx_word' id='word_1_678' title='bbox 1054 1109 1147 1136; x_wconf 85' lang='lat' dir='ltr'><strong>decem</strong></span> <span class='ocrx_word' id='word_1_679' title='bbox 1163 1108 1247 1135; x_wconf 85' lang='lat' dir='ltr'><strong>millia</strong></span> <span class='ocrx_word' id='word_1_680' title='bbox 1264 1115 1278 1134; x_wconf 90' lang='lat' dir='ltr'><strong>a</strong></span> <span class='ocrx_word' id='word_1_681' title='bbox 1295 1108 1398 1135; x_wconf 83' lang='lat' dir='ltr'><strong>dextris</strong></span> <span class='ocrx_word' id='word_1_682' title='bbox 1412 1108 1466 1135; x_wconf 92' lang='lat' dir='ltr'><strong>tuis</strong></span> <span class='ocrx_word' id='word_1_683' title='bbox 1478 1128 1485 1140; x_wconf 93' lang='lat'><strong>,</strong></span> <span class='ocrx_word' id='word_1_684' title='bbox 1498 1108 1529 1134; x_wconf 88' lang='lat' dir='ltr'><strong>ad</strong></span> <span class='ocrx_word' id='word_1_685' title='bbox 1544 1111 1569 1135; x_wconf 87' lang='lat' dir='ltr'><strong>te</strong></span> <span class='ocrx_word' id='word_1_686' title='bbox 1580 1112 1670 1135; x_wconf 90' lang='lat' dir='ltr'><strong>autem</strong></span> <span class='ocrx_word' id='word_1_687' title='bbox 1683 1116 1737 1135; x_wconf 91' lang='lat' dir='ltr'><strong>non</strong></span> <span class='ocrx_word' id='word_1_688' title='bbox 1752 1115 1801 1143; x_wconf 87' lang='lat' dir='ltr'><strong>ap-</strong></span> 
     </span>
    </p>
   </div>
   <div class='ocr_carea' id='block_1_84' title="bbox 1010 1153 1801 1190">
    <p class='ocr_par' dir='ltr' id='par_1_84' title="bbox 1010 1153 1801 1190">
     <span class='ocr_line' id='line_1_84' title="bbox 1010 1153 1801 1190; baseline -0.001 -9"><span class='ocrx_word' id='word_1_689' title='bbox 1010 1154 1215 1190; x_wconf 84' lang='lat' dir='ltr'><strong>propinquabit.</strong></span> <span class='ocrx_word' id='word_1_690' title='bbox 1229 1164 1238 1180; x_wconf 71' lang='grc'><strong>)</strong></span> <span class='ocrx_word' id='word_1_691' title='bbox 1252 1153 1304 1181; x_wconf 89' lang='lat' dir='ltr'><strong>Ubi</strong></span> <span class='ocrx_word' id='word_1_692' title='bbox 1325 1163 1334 1178; x_wconf 83' lang='grc' dir='ltr'><strong>ι</strong></span> <span class='ocrx_word' id='word_1_693' title='bbox 1347 1161 1362 1180; x_wconf 89' lang='lat' dir='ltr'><strong>a</strong></span> <span class='ocrx_word' id='word_1_694' title='bbox 1384 1154 1469 1180; x_wconf 88' lang='lat' dir='ltr'><strong>latere</strong></span> <span class='ocrx_word' id='word_1_695' title='bbox 1485 1163 1493 1179; x_wconf 78' lang='grc' dir='ltr'><strong>ι</strong></span> <span class='ocrx_word' id='word_1_696' title='bbox 1509 1153 1613 1180; x_wconf 91' lang='lat' dir='ltr'><strong>dictum</strong></span> <span class='ocrx_word' id='word_1_697' title='bbox 1634 1157 1688 1187; x_wconf 85' lang='lat' dir='ltr'><strong>est,</strong></span> <span class='ocrx_word' id='word_1_698' title='bbox 1704 1161 1754 1188; x_wconf 92' lang='lat' dir='ltr'><strong>pro</strong></span> <span class='ocrx_word' id='word_1_699' title='bbox 1767 1161 1801 1180; x_wconf 90' lang='lat' dir='ltr'><strong>eo</strong></span> 
     </span>
    </p>
   </div>
   <div class='ocr_carea' id='block_1_85' title="bbox 1010 1198 1800 1235">
    <p class='ocr_par' dir='ltr' id='par_1_85' title="bbox 1010 1198 1800 1235">
     <span class='ocr_line' id='line_1_85' title="bbox 1010 1198 1800 1235; baseline -0.001 -9"><span class='ocrx_word' id='word_1_700' title='bbox 1010 1199 1083 1235; x_wconf 89' lang='lat' dir='ltr'><strong>quod</strong></span> <span class='ocrx_word' id='word_1_701' title='bbox 1095 1202 1134 1226; x_wconf 87' lang='lat' dir='ltr'><strong>est</strong></span> <span class='ocrx_word' id='word_1_702' title='bbox 1151 1207 1165 1225; x_wconf 92' lang='lat' dir='ltr'><strong>a</strong></span> <span class='ocrx_word' id='word_1_703' title='bbox 1180 1198 1304 1226; x_wconf 85' lang='lat' dir='ltr'><strong>sinistro.</strong></span> <span class='ocrx_word' id='word_1_704' title='bbox 1319 1198 1388 1225; x_wconf 82' lang='lat' dir='ltr'><strong>Cum</strong></span> <span class='ocrx_word' id='word_1_705' title='bbox 1404 1204 1494 1225; x_wconf 89' lang='lat' dir='ltr'><strong>autem</strong></span> <span class='ocrx_word' id='word_1_706' title='bbox 1508 1206 1606 1226; x_wconf 89' lang='lat' dir='ltr'><strong>nomen</strong></span> <span class='ocrx_word' id='word_1_707' title='bbox 1621 1198 1728 1226; x_wconf 84' lang='lat' dir='ltr'><strong>sinistri</strong></span> <span class='ocrx_word' id='word_1_708' title='bbox 1743 1206 1800 1225; x_wconf 86' lang='lat' dir='ltr'><strong>rue-</strong></span> 
     </span>
    </p>
   </div>
   <div class='ocr_carea' id='block_1_86' title="bbox 1010 1244 1801 1281">
    <p class='ocr_par' dir='ltr' id='par_1_86' title="bbox 1010 1244 1801 1281">
     <span class='ocr_line' id='line_1_86' title="bbox 1010 1244 1801 1281; baseline -0.003 -8"><span class='ocrx_word' id='word_1_709' title='bbox 1010 1246 1064 1273; x_wconf 91' lang='lat' dir='ltr'><strong>rilo</strong></span> <span class='ocrx_word' id='word_1_710' title='bbox 1077 1245 1293 1281; x_wconf 57' lang='lat' dir='ltr'><strong>praetermissum</strong></span> <span class='ocrx_word' id='word_1_711' title='bbox 1310 1245 1346 1272; x_wconf 87' lang='lat' dir='ltr'><strong>sit</strong></span> <span class='ocrx_word' id='word_1_712' title='bbox 1362 1252 1394 1271; x_wconf 83' lang='lat' dir='ltr'><strong>ac</strong></span> <span class='ocrx_word' id='word_1_713' title='bbox 1408 1245 1521 1271; x_wconf 90' lang='lat' dir='ltr'><strong>tacitum</strong></span> <span class='ocrx_word' id='word_1_714' title='bbox 1531 1264 1538 1277; x_wconf 91' lang='lat'><strong>,</strong></span> <span class='ocrx_word' id='word_1_715' title='bbox 1553 1252 1586 1271; x_wconf 89' lang='lat' dir='ltr'><strong>ne</strong></span> <span class='ocrx_word' id='word_1_716' title='bbox 1602 1244 1710 1271; x_wconf 76' lang='lat' dir='ltr'><strong>adversi</strong></span> <span class='ocrx_word' id='word_1_717' title='bbox 1723 1244 1801 1278; x_wconf 87' lang='lat' dir='ltr'><strong>quid-</strong></span> 
     </span>
    </p>
   </div>
   <div class='ocr_carea' id='block_1_87' title="bbox 1010 1291 1801 1327">
    <p class='ocr_par' dir='ltr' id='par_1_87' title="bbox 1010 1291 1801 1327">
     <span class='ocr_line' id='line_1_87' title="bbox 1010 1291 1801 1327; baseline -0.001 -9"><span class='ocrx_word' id='word_1_718' title='bbox 1010 1292 1082 1327; x_wconf 83' lang='lat' dir='ltr'><strong>piam</strong></span> <span class='ocrx_word' id='word_1_719' title='bbox 1099 1295 1146 1318; x_wconf 86' lang='lat' dir='ltr'><strong>aut</strong></span> <span class='ocrx_word' id='word_1_720' title='bbox 1164 1291 1271 1318; x_wconf 83' lang='lat' dir='ltr'><strong>sinistri</strong></span> <span class='ocrx_word' id='word_1_721' title='bbox 1290 1291 1317 1318; x_wconf 90' lang='lat' dir='ltr'><strong>in</strong></span> <span class='ocrx_word' id='word_1_722' title='bbox 1334 1291 1380 1318; x_wconf 91' lang='lat' dir='ltr'><strong>illo</strong></span> <span class='ocrx_word' id='word_1_723' title='bbox 1398 1291 1509 1326; x_wconf 85' lang='lat' dir='ltr'><strong>reperiri</strong></span> <span class='ocrx_word' id='word_1_724' title='bbox 1529 1291 1665 1322; x_wconf 77' lang='lat' dir='ltr'><strong>videatur,</strong></span> <span class='ocrx_word' id='word_1_725' title='bbox 1681 1297 1801 1325; x_wconf 74' lang='lat' dir='ltr'><strong>eumque</strong></span> 
     </span>
    </p>
   </div>
   <div class='ocr_carea' id='block_1_88' title="bbox 1011 1336 1801 1371">
    <p class='ocr_par' dir='ltr' id='par_1_88' title="bbox 1011 1336 1801 1371">
     <span class='ocr_line' id='line_1_88' title="bbox 1011 1336 1801 1371; baseline -0.001 -7"><span class='ocrx_word' id='word_1_726' title='bbox 1011 1342 1067 1364; x_wconf 86' lang='lat' dir='ltr'><strong>tota</strong></span> <span class='ocrx_word' id='word_1_727' title='bbox 1083 1337 1177 1365; x_wconf 86' lang='lat' dir='ltr'><strong>decem</strong></span> <span class='ocrx_word' id='word_1_728' title='bbox 1193 1337 1277 1364; x_wconf 87' lang='lat' dir='ltr'><strong>millia</strong></span> <span class='ocrx_word' id='word_1_729' title='bbox 1288 1357 1295 1367; x_wconf 88' lang='lat'><strong>,</strong></span> <span class='ocrx_word' id='word_1_730' title='bbox 1312 1344 1417 1363; x_wconf 88' lang='lat' dir='ltr'><strong>necnon</strong></span> <span class='ocrx_word' id='word_1_731' title='bbox 1433 1337 1492 1371; x_wconf 85' lang='lat' dir='ltr'><strong>ipsa</strong></span> <span class='ocrx_word' id='word_1_732' title='bbox 1507 1336 1597 1367; x_wconf 79' lang='lat' dir='ltr'><strong>mille.</strong></span> <span class='ocrx_word' id='word_1_733' title='bbox 1615 1340 1673 1363; x_wconf 84' lang='lat' dir='ltr'><strong>tum</strong></span> <span class='ocrx_word' id='word_1_734' title='bbox 1687 1343 1702 1363; x_wconf 83' lang='lat' dir='ltr'><strong>a</strong></span> <span class='ocrx_word' id='word_1_735' title='bbox 1715 1336 1801 1364; x_wconf 78' lang='lat' dir='ltr'><strong>latere</strong></span> 
     </span>
    </p>
   </div>
   <div class='ocr_carea' id='block_1_89' title="bbox 1010 1381 1801 1417">
    <p class='ocr_par' dir='ltr' id='par_1_89' title="bbox 1010 1381 1801 1417">
     <span class='ocr_line' id='line_1_89' title="bbox 1010 1381 1801 1417; baseline -0.001 -8"><span class='ocrx_word' id='word_1_736' title='bbox 1010 1384 1070 1417; x_wconf 87' lang='lat' dir='ltr'><strong>ejus</strong></span> <span class='ocrx_word' id='word_1_737' title='bbox 1080 1403 1087 1415; x_wconf 89' lang='grc'><strong>,</strong></span> <span class='ocrx_word' id='word_1_738' title='bbox 1102 1387 1159 1410; x_wconf 89' lang='lat' dir='ltr'><strong>tum</strong></span> <span class='ocrx_word' id='word_1_739' title='bbox 1173 1391 1188 1410; x_wconf 91' lang='lat' dir='ltr'><strong>a</strong></span> <span class='ocrx_word' id='word_1_740' title='bbox 1202 1383 1307 1410; x_wconf 83' lang='lat' dir='ltr'><strong>dextris</strong></span> <span class='ocrx_word' id='word_1_741' title='bbox 1320 1390 1419 1409; x_wconf 89' lang='lat' dir='ltr'><strong>casura</strong></span> <span class='ocrx_word' id='word_1_742' title='bbox 1431 1390 1493 1410; x_wconf 86' lang='lat' dir='ltr'><strong>esse</strong></span> <span class='ocrx_word' id='word_1_743' title='bbox 1506 1382 1645 1415; x_wconf 88' lang='lat' dir='ltr'><strong>dicantur,</strong></span> <span class='ocrx_word' id='word_1_744' title='bbox 1658 1381 1721 1416; x_wconf 86' lang='lat' dir='ltr'><strong>jure</strong></span> <span class='ocrx_word' id='word_1_745' title='bbox 1733 1381 1801 1417; x_wconf 84' lang='lat' dir='ltr'><strong>opti-</strong></span> 
     </span>
    </p>
   </div>
   <div class='ocr_carea' id='block_1_90' title="bbox 1010 1426 1801 1464">
    <p class='ocr_par' dir='ltr' id='par_1_90' title="bbox 1010 1426 1801 1464">
     <span class='ocr_line' id='line_1_90' title="bbox 1010 1426 1801 1464; baseline -0.001 -9"><span class='ocrx_word' id='word_1_746' title='bbox 1010 1436 1055 1455; x_wconf 92' lang='lat' dir='ltr'><strong>mo</strong></span> <span class='ocrx_word' id='word_1_747' title='bbox 1075 1432 1137 1463; x_wconf 90' lang='lat' dir='ltr'><strong>post</strong></span> <span class='ocrx_word' id='word_1_748' title='bbox 1152 1428 1211 1464; x_wconf 91' lang='lat' dir='ltr'><strong>ipsa</strong></span> <span class='ocrx_word' id='word_1_749' title='bbox 1228 1429 1284 1455; x_wconf 67' lang='lat' dir='ltr'><strong>hinc</strong></span> <span class='ocrx_word' id='word_1_750' title='bbox 1298 1428 1429 1463; x_wconf 85' lang='lat' dir='ltr'><strong>deinceps</strong></span> <span class='ocrx_word' id='word_1_751' title='bbox 1446 1428 1548 1454; x_wconf 85' lang='lat' dir='ltr'><strong>dictum</strong></span> <span class='ocrx_word' id='word_1_752' title='bbox 1565 1432 1606 1455; x_wconf 89' lang='lat' dir='ltr'><strong>est</strong></span> <span class='ocrx_word' id='word_1_753' title='bbox 1623 1427 1690 1455; x_wconf 88' lang='lat' dir='ltr'><strong>illud</strong></span> <span class='ocrx_word' id='word_1_754' title='bbox 1704 1437 1711 1454; x_wconf 88' lang='lat'>:</span> <span class='ocrx_word' id='word_1_755' title='bbox 1724 1437 1733 1454; x_wconf 82' lang='grc' dir='ltr'><strong>ι</strong></span> <span class='ocrx_word' id='word_1_756' title='bbox 1748 1426 1801 1455; x_wconf 81' lang='lat' dir='ltr'><strong>Ve-</strong></span> 
     </span>
    </p>
   </div>
   <div class='ocr_carea' id='block_1_91' title="bbox 1010 1474 1801 1505">
    <p class='ocr_par' dir='ltr' id='par_1_91' title="bbox 1010 1474 1801 1505">
     <span class='ocr_line' id='line_1_91' title="bbox 1010 1474 1801 1505; baseline -0.001 -4"><span class='ocrx_word' id='word_1_757' title='bbox 1010 1479 1163 1502; x_wconf 87' lang='lat' dir='ltr'><strong>rumtamen</strong></span> <span class='ocrx_word' id='word_1_758' title='bbox 1184 1475 1271 1502; x_wconf 87' lang='lat' dir='ltr'><strong>oculis</strong></span> <span class='ocrx_word' id='word_1_759' title='bbox 1290 1475 1345 1502; x_wconf 91' lang='lat' dir='ltr'><strong>tuis</strong></span> <span class='ocrx_word' id='word_1_760' title='bbox 1366 1474 1572 1505; x_wconf 82' lang='lat' dir='ltr'><strong>considerabis,</strong></span> <span class='ocrx_word' id='word_1_761' title='bbox 1598 1477 1625 1501; x_wconf 87' lang='lat' dir='ltr'><strong>et</strong></span> <span class='ocrx_word' id='word_1_762' title='bbox 1642 1474 1801 1501; x_wconf 77' lang='lat' dir='ltr'><strong>retributio-</strong></span> 
     </span>
    </p>
   </div>
   <div class='ocr_carea' id='block_1_92' title="bbox 1012 1520 1801 1555">
    <p class='ocr_par' dir='ltr' id='par_1_92' title="bbox 1012 1520 1801 1555">
     <span class='ocr_line' id='line_1_92' title="bbox 1012 1520 1801 1555; baseline -0.003 -7"><span class='ocrx_word' id='word_1_763' title='bbox 1012 1529 1072 1548; x_wconf 91' lang='lat' dir='ltr'><strong>nem</strong></span> <span class='ocrx_word' id='word_1_764' title='bbox 1090 1526 1264 1555; x_wconf 86' lang='lat' dir='ltr'><strong>peccatorum</strong></span> <span class='ocrx_word' id='word_1_765' title='bbox 1281 1520 1397 1547; x_wconf 73' lang='lat' dir='ltr'><strong>videbis.</strong></span> <span class='ocrx_word' id='word_1_766' title='bbox 1413 1530 1421 1545; x_wconf 81' lang='grc' dir='ltr'><strong>ι</strong></span> <span class='ocrx_word' id='word_1_767' title='bbox 1436 1520 1468 1546; x_wconf 84' lang='lat' dir='ltr'><strong>Et</strong></span> <span class='ocrx_word' id='word_1_768' title='bbox 1483 1520 1541 1547; x_wconf 61' lang='lat' dir='ltr'><strong>hinc</strong></span> <span class='ocrx_word' id='word_1_769' title='bbox 1552 1540 1558 1552; x_wconf 93' lang='lat'><strong>,</strong></span> <span class='ocrx_word' id='word_1_770' title='bbox 1573 1520 1681 1555; x_wconf 88' lang='lat' dir='ltr'><strong>inquit,</strong></span> <span class='ocrx_word' id='word_1_771' title='bbox 1696 1520 1801 1547; x_wconf 83' lang='lat' dir='ltr'><strong>circum</strong></span> 
     </span>
    </p>
   </div>
   <div class='ocr_carea' id='block_1_93' title="bbox 1012 1566 1799 1601">
    <p class='ocr_par' dir='ltr' id='par_1_93' title="bbox 1012 1566 1799 1601">
     <span class='ocr_line' id='line_1_93' title="bbox 1012 1566 1799 1601; baseline -0.001 -7"><span class='ocrx_word' id='word_1_772' title='bbox 1012 1571 1039 1594; x_wconf 86' lang='lat' dir='ltr'><strong>te</strong></span> <span class='ocrx_word' id='word_1_773' title='bbox 1052 1570 1148 1598; x_wconf 89' lang='lat' dir='ltr'><strong>erunt,</strong></span> <span class='ocrx_word' id='word_1_774' title='bbox 1165 1566 1212 1601; x_wconf 90' lang='lat' dir='ltr'><strong>qui</strong></span> <span class='ocrx_word' id='word_1_775' title='bbox 1227 1574 1255 1593; x_wconf 87' lang='lat' dir='ltr'><strong>es</strong></span> <span class='ocrx_word' id='word_1_776' title='bbox 1270 1566 1398 1594; x_wconf 87' lang='lat' dir='ltr'><strong>Christus</strong></span> <span class='ocrx_word' id='word_1_777' title='bbox 1412 1566 1477 1598; x_wconf 87' lang='lat' dir='ltr'><strong>Dei,</strong></span> <span class='ocrx_word' id='word_1_778' title='bbox 1493 1577 1501 1591; x_wconf 72' lang='grc' dir='ltr'><strong>ι</strong></span> <span class='ocrx_word' id='word_1_779' title='bbox 1515 1566 1645 1601; x_wconf 87' lang='lat' dir='ltr'><strong>quoniam</strong></span> <span class='ocrx_word' id='word_1_780' title='bbox 1659 1569 1687 1593; x_wconf 89' lang='lat' dir='ltr'><strong>tu</strong></span> <span class='ocrx_word' id='word_1_781' title='bbox 1700 1575 1708 1592; x_wconf 75' lang='grc' dir='ltr'><strong>ι</strong></span> <span class='ocrx_word' id='word_1_782' title='bbox 1721 1566 1780 1601; x_wconf 80' lang='lat' dir='ltr'><strong>ipse</strong></span> <span class='ocrx_word' id='word_1_783' title='bbox 1791 1585 1799 1597; x_wconf 86' lang='lat'>.</span> 
     </span>
    </p>
   </div>
   <div class='ocr_carea' id='block_1_94' title="bbox 1013 1611 1799 1648">
    <p class='ocr_par' dir='ltr' id='par_1_94' title="bbox 1013 1611 1799 1648">
     <span class='ocr_line' id='line_1_94' title="bbox 1013 1611 1799 1648; baseline -0.004 -7"><span class='ocrx_word' id='word_1_784' title='bbox 1013 1614 1060 1648; x_wconf 89' lang='lat' dir='ltr'><strong>qui</strong></span> <span class='ocrx_word' id='word_1_785' title='bbox 1084 1621 1114 1641; x_wconf 79' lang='lat' dir='ltr'><strong>es</strong></span> <span class='ocrx_word' id='word_1_786' title='bbox 1134 1624 1142 1638; x_wconf 77' lang='grc' dir='ltr'><strong>ι</strong></span> <span class='ocrx_word' id='word_1_787' title='bbox 1159 1621 1222 1648; x_wconf 85' lang='lat' dir='ltr'><strong>spes</strong></span> <span class='ocrx_word' id='word_1_788' title='bbox 1246 1620 1323 1644; x_wconf 89' lang='lat' dir='ltr'><strong>mea,</strong></span> <span class='ocrx_word' id='word_1_789' title='bbox 1341 1612 1513 1639; x_wconf 88' lang='lat' dir='ltr'><strong>Altissimum</strong></span> <span class='ocrx_word' id='word_1_790' title='bbox 1530 1612 1644 1646; x_wconf 87' lang='lat' dir='ltr'><strong>posuisti</strong></span> <span class='ocrx_word' id='word_1_791' title='bbox 1665 1611 1799 1646; x_wconf 77' lang='lat' dir='ltr'><strong>refugium</strong></span> 
     </span>
    </p>
   </div>
   <div class='ocr_carea' id='block_1_95' title="bbox 1014 1658 1800 1693">
    <p class='ocr_par' dir='ltr' id='par_1_95' title="bbox 1014 1658 1800 1693">
     <span class='ocr_line' id='line_1_95' title="bbox 1014 1658 1800 1693; baseline -0.003 -7"><span class='ocrx_word' id='word_1_792' title='bbox 1014 1664 1100 1687; x_wconf 92' lang='lat' dir='ltr'><strong>tuum.</strong></span> <span class='ocrx_word' id='word_1_793' title='bbox 1117 1658 1190 1686; x_wconf 68' lang='lat' dir='ltr'><strong>)Ubi</strong></span> <span class='ocrx_word' id='word_1_794' title='bbox 1218 1659 1301 1685; x_wconf 90' lang='lat' dir='ltr'><strong>etiam</strong></span> <span class='ocrx_word' id='word_1_795' title='bbox 1330 1658 1474 1693; x_wconf 78' lang='lat' dir='ltr'><strong>diligenter</strong></span> <span class='ocrx_word' id='word_1_796' title='bbox 1498 1658 1658 1685; x_wconf 72' lang='lat' dir='ltr'><strong>observabis</strong></span> <span class='ocrx_word' id='word_1_797' title='bbox 1681 1665 1800 1692; x_wconf 90' lang='lat' dir='ltr'><strong>quonam</strong></span> 
     </span>
    </p>
   </div>
   <div class='ocr_carea' id='block_1_96' title="bbox 1013 1703 1801 1740">
    <p class='ocr_par' dir='ltr' id='par_1_96' title="bbox 1013 1703 1801 1740">
     <span class='ocr_line' id='line_1_96' title="bbox 1013 1703 1801 1740; baseline -0.003 -8"><span class='ocrx_word' id='word_1_798' title='bbox 1013 1710 1092 1740; x_wconf 90' lang='lat' dir='ltr'><strong>pacto</strong></span> <span class='ocrx_word' id='word_1_799' title='bbox 1109 1705 1240 1740; x_wconf 88' lang='lat' dir='ltr'><strong>propheta</strong></span> <span class='ocrx_word' id='word_1_800' title='bbox 1261 1704 1295 1732; x_wconf 88' lang='lat' dir='ltr'><strong>ad</strong></span> <span class='ocrx_word' id='word_1_801' title='bbox 1317 1705 1406 1739; x_wconf 92' lang='lat' dir='ltr'><strong>ipsum</strong></span> <span class='ocrx_word' id='word_1_802' title='bbox 1433 1703 1575 1730; x_wconf 90' lang='lat' dir='ltr'><strong>Dominum</strong></span> <span class='ocrx_word' id='word_1_803' title='bbox 1591 1703 1684 1730; x_wconf 84' lang='lat' dir='ltr'><strong>dicat:</strong></span> <span class='ocrx_word' id='word_1_804' title='bbox 1701 1712 1710 1729; x_wconf 80' lang='grc' dir='ltr'><strong>ι</strong></span> <span class='ocrx_word' id='word_1_805' title='bbox 1727 1703 1801 1736; x_wconf 83' lang='lat' dir='ltr'><strong>Quo—</strong></span> 
     </span>
    </p>
   </div>
   <div class='ocr_carea' id='block_1_97' title="bbox 1014 1749 1801 1784">
    <p class='ocr_par' dir='ltr' id='par_1_97' title="bbox 1014 1749 1801 1784">
     <span class='ocr_line' id='line_1_97' title="bbox 1014 1749 1801 1784; baseline -0.004 -6"><span class='ocrx_word' id='word_1_806' title='bbox 1014 1753 1084 1778; x_wconf 85' lang='lat' dir='ltr'><strong>niam</strong></span> <span class='ocrx_word' id='word_1_807' title='bbox 1095 1755 1122 1777; x_wconf 89' lang='lat' dir='ltr'><strong>tu</strong></span> <span class='ocrx_word' id='word_1_808' title='bbox 1152 1750 1343 1784; x_wconf 71' lang='lat' dir='ltr'><strong>Domine,spes</strong></span> <span class='ocrx_word' id='word_1_809' title='bbox 1363 1757 1432 1782; x_wconf 88' lang='lat' dir='ltr'><strong>mea,</strong></span> <span class='ocrx_word' id='word_1_810' title='bbox 1446 1749 1614 1776; x_wconf 80' lang='lat' dir='ltr'><strong>Altissimum</strong></span> <span class='ocrx_word' id='word_1_811' title='bbox 1629 1749 1742 1783; x_wconf 86' lang='lat' dir='ltr'><strong>posuisti</strong></span> <span class='ocrx_word' id='word_1_812' title='bbox 1755 1756 1801 1775; x_wconf 87' lang='lat' dir='ltr'><strong>re-</strong></span> 
     </span>
    </p>
   </div>
   <div class='ocr_carea' id='block_1_98' title="bbox 1014 1794 1801 1832">
    <p class='ocr_par' dir='ltr' id='par_1_98' title="bbox 1014 1794 1801 1832">
     <span class='ocr_line' id='line_1_98' title="bbox 1014 1794 1801 1832; baseline -0.004 -8"><span class='ocrx_word' id='word_1_813' title='bbox 1014 1797 1118 1832; x_wconf 76' lang='lat' dir='ltr'><strong>fugium</strong></span> <span class='ocrx_word' id='word_1_814' title='bbox 1135 1801 1209 1823; x_wconf 88' lang='lat' dir='ltr'><strong>tuum</strong></span> <span class='ocrx_word' id='word_1_815' title='bbox 1224 1806 1230 1824; x_wconf 89' lang='lat'>:</span> <span class='ocrx_word' id='word_1_816' title='bbox 1249 1805 1258 1822; x_wconf 84' lang='grc'><strong>›</strong></span> <span class='ocrx_word' id='word_1_817' title='bbox 1277 1796 1321 1823; x_wconf 93' lang='lat' dir='ltr'><strong>ubi</strong></span> <span class='ocrx_word' id='word_1_818' title='bbox 1337 1795 1473 1830; x_wconf 78' lang='lat' dir='ltr'><strong>exquisite</strong></span> <span class='ocrx_word' id='word_1_819' title='bbox 1490 1795 1606 1822; x_wconf 88' lang='lat' dir='ltr'><strong>alterum</strong></span> <span class='ocrx_word' id='word_1_820' title='bbox 1618 1815 1624 1826; x_wconf 87' lang='lat'><strong>,</strong></span> <span class='ocrx_word' id='word_1_821' title='bbox 1641 1795 1689 1829; x_wconf 89' lang='lat' dir='ltr'><strong>qui</strong></span> <span class='ocrx_word' id='word_1_822' title='bbox 1709 1794 1801 1829; x_wconf 80' lang='lat' dir='ltr'><strong>priva-</strong></span> 
     </span>
    </p>
   </div>
   <div class='ocr_carea' id='block_1_99' title="bbox 1013 1841 1800 1882">
    <p class='ocr_par' dir='ltr' id='par_1_99' title="bbox 1013 1841 1800 1882">
     <span class='ocr_line' id='line_1_99' title="bbox 1013 1841 1800 1882; baseline -0.003 -12"><span class='ocrx_word' id='word_1_823' title='bbox 1013 1845 1061 1871; x_wconf 79' lang='lat' dir='ltr'><strong>tim</strong></span> <span class='ocrx_word' id='word_1_824' title='bbox 1079 1847 1121 1870; x_wconf 85' lang='lat' dir='ltr'><strong>est</strong></span> <span class='ocrx_word' id='word_1_825' title='bbox 1136 1843 1284 1874; x_wconf 89' lang='lat' dir='ltr'><strong>Dominus,</strong></span> <span class='ocrx_word' id='word_1_826' title='bbox 1303 1842 1337 1869; x_wconf 91' lang='lat' dir='ltr'><strong>ab</strong></span> <span class='ocrx_word' id='word_1_827' title='bbox 1352 1842 1438 1869; x_wconf 87' lang='lat' dir='ltr'><strong>altero</strong></span> <span class='ocrx_word' id='word_1_828' title='bbox 1455 1841 1598 1876; x_wconf 84' lang='lat' dir='ltr'><strong>distinguit</strong></span> <span class='ocrx_word' id='word_1_829' title='bbox 1615 1842 1661 1882; x_wconf 78' lang='lat' dir='ltr'><strong>qui</strong></span> <span class='ocrx_word' id='word_1_830' title='bbox 1678 1844 1704 1868; x_wconf 89' lang='lat' dir='ltr'><strong>et</strong></span> <span class='ocrx_word' id='word_1_831' title='bbox 1718 1841 1800 1875; x_wconf 88' lang='lat' dir='ltr'><strong>hujus</strong></span> 
     </span>
    </p>
   </div>
   <div class='ocr_carea' id='block_1_100' title="bbox 1014 1887 1802 1925">
    <p class='ocr_par' dir='ltr' id='par_1_100' title="bbox 1014 1887 1802 1925">
     <span class='ocr_line' id='line_1_100' title="bbox 1014 1887 1802 1925; baseline -0.004 -8"><span class='ocrx_word' id='word_1_832' title='bbox 1014 1891 1100 1925; x_wconf 88' lang='lat' dir='ltr'><strong>ipsius</strong></span> <span class='ocrx_word' id='word_1_833' title='bbox 1116 1893 1158 1917; x_wconf 81' lang='lat' dir='ltr'><strong>est</strong></span> <span class='ocrx_word' id='word_1_834' title='bbox 1176 1888 1271 1920; x_wconf 88' lang='lat' dir='ltr'><strong>Pater,</strong></span> <span class='ocrx_word' id='word_1_835' title='bbox 1287 1893 1313 1916; x_wconf 87' lang='lat' dir='ltr'><strong>et</strong></span> <span class='ocrx_word' id='word_1_836' title='bbox 1328 1892 1459 1923; x_wconf 62' lang='lat' dir='ltr'><strong>praeterea</strong></span> <span class='ocrx_word' id='word_1_837' title='bbox 1472 1887 1542 1915; x_wconf 87' lang='lat' dir='ltr'><strong>Deus</strong></span> <span class='ocrx_word' id='word_1_838' title='bbox 1563 1888 1714 1915; x_wconf 88' lang='lat' dir='ltr'><strong>altissimus</strong></span> <span class='ocrx_word' id='word_1_839' title='bbox 1733 1887 1802 1915; x_wconf 85' lang='lat' dir='ltr'><strong>diei-</strong></span> 
     </span>
    </p>
   </div>
   <div class='ocr_carea' id='block_1_101' title="bbox 1014 1933 1800 1972">
    <p class='ocr_par' dir='ltr' id='par_1_101' title="bbox 1014 1933 1800 1972">
     <span class='ocr_line' id='line_1_101' title="bbox 1014 1933 1800 1972; baseline -0.005 -8"><span class='ocrx_word' id='word_1_840' title='bbox 1014 1942 1076 1964; x_wconf 91' lang='lat' dir='ltr'><strong>tur:</strong></span> <span class='ocrx_word' id='word_1_841' title='bbox 1104 1940 1280 1972; x_wconf 85' lang='lat' dir='ltr'><strong>quapropter,</strong></span> <span class='ocrx_word' id='word_1_842' title='bbox 1306 1943 1367 1963; x_wconf 92' lang='lat' dir='ltr'><strong>cum</strong></span> <span class='ocrx_word' id='word_1_843' title='bbox 1393 1935 1468 1961; x_wconf 92' lang='lat' dir='ltr'><strong>illum</strong></span> <span class='ocrx_word' id='word_1_844' title='bbox 1494 1939 1525 1962; x_wconf 92' lang='lat' dir='ltr'><strong>ut</strong></span> <span class='ocrx_word' id='word_1_845' title='bbox 1556 1933 1686 1965; x_wconf 87' lang='lat' dir='ltr'><strong>Patrem,</strong></span> <span class='ocrx_word' id='word_1_846' title='bbox 1716 1939 1800 1969; x_wconf 88' lang='lat' dir='ltr'><strong>utque</strong></span> 
     </span>
    </p>
   </div>
   <div class='ocr_carea' id='block_1_102' title="bbox 1014 1980 1801 2016">
    <p class='ocr_par' dir='ltr' id='par_1_102' title="bbox 1014 1980 1801 2016">
     <span class='ocr_line' id='line_1_102' title="bbox 1014 1980 1801 2016; baseline -0.003 -7"><span class='ocrx_word' id='word_1_847' title='bbox 1014 1983 1097 2010; x_wconf 83' lang='lat' dir='ltr'><strong>Deum</strong></span> <span class='ocrx_word' id='word_1_848' title='bbox 1119 1983 1282 2010; x_wconf 90' lang='lat' dir='ltr'><strong>altissimum</strong></span> <span class='ocrx_word' id='word_1_849' title='bbox 1296 2001 1303 2013; x_wconf 90' lang='lat'><strong>,</strong></span> <span class='ocrx_word' id='word_1_850' title='bbox 1325 1981 1459 2016; x_wconf 81' lang='lat' dir='ltr'><strong>refugium</strong></span> <span class='ocrx_word' id='word_1_851' title='bbox 1483 1988 1582 2012; x_wconf 88' lang='lat' dir='ltr'><strong>suum,</strong></span> <span class='ocrx_word' id='word_1_852' title='bbox 1601 1980 1727 2008; x_wconf 86' lang='lat' dir='ltr'><strong>Christus</strong></span> <span class='ocrx_word' id='word_1_853' title='bbox 1748 1987 1801 2015; x_wconf 81' lang='lat' dir='ltr'><strong>po-</strong></span> 
     </span>
    </p>
   </div>
   <div class='ocr_carea' id='block_1_103' title="bbox 1014 2025 1800 2060">
    <p class='ocr_par' dir='ltr' id='par_1_103' title="bbox 1014 2025 1800 2060">
     <span class='ocr_line' id='line_1_103' title="bbox 1014 2025 1800 2060; baseline -0.004 -5"><span class='ocrx_word' id='word_1_854' title='bbox 1014 2028 1115 2060; x_wconf 84' lang='lat' dir='ltr'><strong>suerit,</strong></span> <span class='ocrx_word' id='word_1_855' title='bbox 1134 2028 1237 2055; x_wconf 84' lang='lat' dir='ltr'><strong>dictum</strong></span> <span class='ocrx_word' id='word_1_856' title='bbox 1257 2030 1300 2055; x_wconf 88' lang='lat' dir='ltr'><strong>est</strong></span> <span class='ocrx_word' id='word_1_857' title='bbox 1319 2028 1344 2054; x_wconf 88' lang='lat' dir='ltr'><strong>ei</strong></span> <span class='ocrx_word' id='word_1_858' title='bbox 1368 2026 1435 2053; x_wconf 87' lang='lat' dir='ltr'><strong>illud</strong></span> <span class='ocrx_word' id='word_1_859' title='bbox 1450 2036 1455 2053; x_wconf 90' lang='lat'>:</span> <span class='ocrx_word' id='word_1_860' title='bbox 1470 2035 1479 2051; x_wconf 79' lang='grc' dir='ltr'><strong>ι</strong></span> <span class='ocrx_word' id='word_1_861' title='bbox 1493 2025 1552 2053; x_wconf 87' lang='grc' dir='ltr'>Νοιι</span> <span class='ocrx_word' id='word_1_862' title='bbox 1570 2026 1701 2053; x_wconf 82' lang='lat' dir='ltr'><strong>accedent</strong></span> <span class='ocrx_word' id='word_1_863' title='bbox 1720 2025 1755 2052; x_wconf 81' lang='lat' dir='ltr'><strong>ad</strong></span> <span class='ocrx_word' id='word_1_864' title='bbox 1773 2028 1800 2052; x_wconf 85' lang='lat' dir='ltr'><strong>te</strong></span> 
     </span>
    </p>
   </div>
   <div class='ocr_carea' id='block_1_104' title="bbox 1013 2070 1800 2107">
    <p class='ocr_par' dir='ltr' id='par_1_104' title="bbox 1013 2070 1800 2107">
     <span class='ocr_line' id='line_1_104' title="bbox 1013 2070 1800 2107; baseline -0.004 -8"><span class='ocrx_word' id='word_1_865' title='bbox 1013 2073 1083 2100; x_wconf 88' lang='lat' dir='ltr'><strong>mala</strong></span> <span class='ocrx_word' id='word_1_866' title='bbox 1094 2093 1101 2102; x_wconf 82' lang='lat'><em>.</em></span> <span class='ocrx_word' id='word_1_867' title='bbox 1116 2076 1143 2099; x_wconf 90' lang='lat' dir='ltr'><strong>et</strong></span> <span class='ocrx_word' id='word_1_868' title='bbox 1158 2072 1293 2107; x_wconf 73' lang='lat' dir='ltr'><strong>flagellum</strong></span> <span class='ocrx_word' id='word_1_869' title='bbox 1309 2079 1363 2098; x_wconf 91' lang='lat' dir='ltr'><strong>non</strong></span> <span class='ocrx_word' id='word_1_870' title='bbox 1378 2071 1608 2106; x_wconf 85' lang='lat' dir='ltr'><strong>appropinquabit</strong></span> <span class='ocrx_word' id='word_1_871' title='bbox 1623 2070 1800 2098; x_wconf 81' lang='lat' dir='ltr'><strong>tabernaculo</strong></span> 
     </span>
    </p>
   </div>
   <div class='ocr_carea' id='block_1_105' title="bbox 1013 2117 1800 2152">
    <p class='ocr_par' dir='ltr' id='par_1_105' title="bbox 1013 2117 1800 2152">
     <span class='ocr_line' id='line_1_105' title="bbox 1013 2117 1800 2152; baseline -0.003 -7"><span class='ocrx_word' id='word_1_872' title='bbox 1013 2123 1069 2145; x_wconf 86' lang='lat' dir='ltr'><strong>tuo.</strong></span> <span class='ocrx_word' id='word_1_873' title='bbox 1088 2118 1222 2151; x_wconf 85' lang='lat' dir='ltr'><strong>Quoniam</strong></span> <span class='ocrx_word' id='word_1_874' title='bbox 1239 2118 1343 2152; x_wconf 78' lang='lat' dir='ltr'><strong>angelis</strong></span> <span class='ocrx_word' id='word_1_875' title='bbox 1359 2118 1417 2144; x_wconf 85' lang='lat' dir='ltr'><strong>suis</strong></span> <span class='ocrx_word' id='word_1_876' title='bbox 1433 2117 1573 2144; x_wconf 87' lang='lat' dir='ltr'><strong>mandabit</strong></span> <span class='ocrx_word' id='word_1_877' title='bbox 1587 2117 1621 2144; x_wconf 91' lang='lat' dir='ltr'><strong>de</strong></span> <span class='ocrx_word' id='word_1_878' title='bbox 1635 2121 1677 2149; x_wconf 87' lang='lat' dir='ltr'><strong>te,</strong></span> <span class='ocrx_word' id='word_1_879' title='bbox 1698 2120 1729 2143; x_wconf 86' lang='lat' dir='ltr'><strong>ut</strong></span> <span class='ocrx_word' id='word_1_880' title='bbox 1752 2123 1800 2143; x_wconf 91' lang='lat' dir='ltr'><strong>eu-</strong></span> 
     </span>
    </p>
   </div>
   <div class='ocr_carea' id='block_1_106' title="bbox 1013 2163 1796 2197">
    <p class='ocr_par' dir='ltr' id='par_1_106' title="bbox 1013 2163 1796 2197">
     <span class='ocr_line' id='line_1_106' title="bbox 1013 2163 1796 2197; baseline -0.004 -6"><span class='ocrx_word' id='word_1_881' title='bbox 1013 2165 1131 2192; x_wconf 86' lang='lat' dir='ltr'><strong>stodiant</strong></span> <span class='ocrx_word' id='word_1_882' title='bbox 1149 2169 1174 2191; x_wconf 90' lang='lat' dir='ltr'><strong>te</strong></span> <span class='ocrx_word' id='word_1_883' title='bbox 1191 2164 1217 2191; x_wconf 90' lang='lat' dir='ltr'><strong>in</strong></span> <span class='ocrx_word' id='word_1_884' title='bbox 1231 2164 1359 2191; x_wconf 85' lang='lat' dir='ltr'><strong>omnibus</strong></span> <span class='ocrx_word' id='word_1_885' title='bbox 1372 2164 1423 2190; x_wconf 63' lang='grc' dir='ltr'>νῆις</span> <span class='ocrx_word' id='word_1_886' title='bbox 1437 2164 1501 2190; x_wconf 86' lang='lat' dir='ltr'><strong>Illis.</strong></span> <span class='ocrx_word' id='word_1_887' title='bbox 1519 2163 1546 2189; x_wconf 92' lang='lat' dir='ltr'><strong>In</strong></span> <span class='ocrx_word' id='word_1_888' title='bbox 1562 2163 1687 2189; x_wconf 85' lang='lat' dir='ltr'><strong>manibus</strong></span> <span class='ocrx_word' id='word_1_889' title='bbox 1703 2166 1796 2197; x_wconf 86' lang='lat' dir='ltr'><strong>porta-</strong></span> 
     </span>
    </p>
   </div>
   <div class='ocr_carea' id='block_1_107' title="bbox 1011 2208 1796 2243">
    <p class='ocr_par' dir='ltr' id='par_1_107' title="bbox 1011 2208 1796 2243">
     <span class='ocr_line' id='line_1_107' title="bbox 1011 2208 1796 2243; baseline -0.004 -6"><span class='ocrx_word' id='word_1_890' title='bbox 1011 2211 1080 2237; x_wconf 86' lang='lat' dir='ltr'><strong>bunt</strong></span> <span class='ocrx_word' id='word_1_891' title='bbox 1092 2215 1133 2242; x_wconf 89' lang='lat' dir='ltr'><strong>te,</strong></span> <span class='ocrx_word' id='word_1_892' title='bbox 1145 2218 1179 2237; x_wconf 86' lang='lat' dir='ltr'><strong>ne</strong></span> <span class='ocrx_word' id='word_1_893' title='bbox 1191 2210 1261 2236; x_wconf 89' lang='lat' dir='ltr'><strong>forte</strong></span> <span class='ocrx_word' id='word_1_894' title='bbox 1272 2209 1394 2236; x_wconf 85' lang='lat' dir='ltr'><strong>offendas</strong></span> <span class='ocrx_word' id='word_1_895' title='bbox 1407 2208 1440 2235; x_wconf 86' lang='lat' dir='ltr'><strong>ad</strong></span> <span class='ocrx_word' id='word_1_896' title='bbox 1454 2208 1568 2243; x_wconf 87' lang='lat' dir='ltr'><strong>lapidem</strong></span> <span class='ocrx_word' id='word_1_897' title='bbox 1583 2208 1678 2243; x_wconf 77' lang='lat' dir='ltr'><strong>pedem</strong></span> <span class='ocrx_word' id='word_1_898' title='bbox 1692 2212 1796 2235; x_wconf 71' lang='lat' dir='ltr'><strong>tuum.)</strong></span> 
     </span>
    </p>
   </div>
   <div class='ocr_carea' id='block_1_108' title="bbox 1013 2254 1797 2292">
    <p class='ocr_par' dir='ltr' id='par_1_108' title="bbox 1013 2254 1797 2292">
     <span class='ocr_line' id='line_1_108' title="bbox 1013 2254 1797 2292; baseline -0.003 -8"><span class='ocrx_word' id='word_1_899' title='bbox 1013 2256 1045 2283; x_wconf 82' lang='lat' dir='ltr'><strong>Et</strong></span> <span class='ocrx_word' id='word_1_900' title='bbox 1060 2265 1127 2284; x_wconf 86' lang='lat' dir='ltr'><strong>sane</strong></span> <span class='ocrx_word' id='word_1_901' title='bbox 1142 2257 1288 2292; x_wconf 82' lang='lat' dir='ltr'><strong>diligenter</strong></span> <span class='ocrx_word' id='word_1_902' title='bbox 1305 2257 1421 2283; x_wconf 80' lang='lat' dir='ltr'><strong>observa</strong></span> <span class='ocrx_word' id='word_1_903' title='bbox 1437 2262 1554 2290; x_wconf 88' lang='lat' dir='ltr'><strong>quonam</strong></span> <span class='ocrx_word' id='word_1_904' title='bbox 1571 2254 1670 2286; x_wconf 83' lang='lat' dir='ltr'><strong>modo,</strong></span> <span class='ocrx_word' id='word_1_905' title='bbox 1688 2255 1715 2286; x_wconf 84' lang='lat' dir='ltr'><strong>in</strong></span> <span class='ocrx_word' id='word_1_906' title='bbox 1732 2255 1797 2283; x_wconf 90' lang='lat' dir='ltr'><strong>illo:</strong></span> 
     </span>
    </p>
   </div>
   <div class='ocr_carea' id='block_1_109' title="bbox 1015 2299 1799 2336">
    <p class='ocr_par' dir='ltr' id='par_1_109' title="bbox 1015 2299 1799 2336">
     <span class='ocr_line' id='line_1_109' title="bbox 1015 2299 1799 2336; baseline -0.003 -7"><span class='ocrx_word' id='word_1_907' title='bbox 1015 2313 1023 2329; x_wconf 85' lang='grc' dir='ltr'><strong>ι</strong></span> <span class='ocrx_word' id='word_1_908' title='bbox 1040 2303 1172 2336; x_wconf 87' lang='lat' dir='ltr'><strong>Quoniam</strong></span> <span class='ocrx_word' id='word_1_909' title='bbox 1190 2308 1228 2336; x_wconf 91' lang='lat' dir='ltr'><strong>tu,</strong></span> <span class='ocrx_word' id='word_1_910' title='bbox 1245 2302 1359 2329; x_wconf 88' lang='lat' dir='ltr'><strong>Domine</strong></span> <span class='ocrx_word' id='word_1_911' title='bbox 1388 2309 1451 2336; x_wconf 89' lang='lat' dir='ltr'><strong>spes</strong></span> <span class='ocrx_word' id='word_1_912' title='bbox 1467 2308 1537 2331; x_wconf 80' lang='lat' dir='ltr'><strong>mea,</strong></span> <span class='ocrx_word' id='word_1_913' title='bbox 1564 2299 1732 2327; x_wconf 84' lang='lat' dir='ltr'><strong>Altissimum</strong></span> <span class='ocrx_word' id='word_1_914' title='bbox 1750 2309 1799 2335; x_wconf 85' lang='lat' dir='ltr'><strong>po-</strong></span> 
     </span>
    </p>
   </div>
   <div class='ocr_carea' id='block_1_110' title="bbox 1013 2344 1798 2382">
    <p class='ocr_par' dir='ltr' id='par_1_110' title="bbox 1013 2344 1798 2382">
     <span class='ocr_line' id='line_1_110' title="bbox 1013 2344 1798 2382; baseline -0.005 -7"><span class='ocrx_word' id='word_1_915' title='bbox 1013 2348 1093 2375; x_wconf 87' lang='lat' dir='ltr'><strong>suisti</strong></span> <span class='ocrx_word' id='word_1_916' title='bbox 1113 2347 1248 2382; x_wconf 73' lang='lat' dir='ltr'><strong>refugium</strong></span> <span class='ocrx_word' id='word_1_917' title='bbox 1269 2351 1357 2380; x_wconf 90' lang='lat' dir='ltr'><strong>tuum;</strong></span> <span class='ocrx_word' id='word_1_918' title='bbox 1373 2356 1382 2372; x_wconf 77' lang='grc'><strong>»</strong></span> <span class='ocrx_word' id='word_1_919' title='bbox 1398 2345 1464 2373; x_wconf 89' lang='lat' dir='ltr'><strong>illud</strong></span> <span class='ocrx_word' id='word_1_920' title='bbox 1482 2355 1488 2372; x_wconf 93' lang='lat'>:</span> <span class='ocrx_word' id='word_1_921' title='bbox 1505 2355 1513 2370; x_wconf 84' lang='grc' dir='ltr'><strong>ι</strong></span> <span class='ocrx_word' id='word_1_922' title='bbox 1530 2344 1659 2375; x_wconf 89' lang='lat' dir='ltr'><strong>Domine,</strong></span> <span class='ocrx_word' id='word_1_923' title='bbox 1675 2354 1684 2369; x_wconf 75' lang='grc' dir='ltr'><strong>ι</strong></span> <span class='ocrx_word' id='word_1_924' title='bbox 1702 2352 1751 2379; x_wconf 87' lang='lat' dir='ltr'><strong>per</strong></span> <span class='ocrx_word' id='word_1_925' title='bbox 1771 2344 1798 2371; x_wconf 88' lang='lat' dir='ltr'><strong>id</strong></span> 
     </span>
    </p>
   </div>
   <div class='ocr_carea' id='block_1_111' title="bbox 1012 2389 1799 2428">
    <p class='ocr_par' dir='ltr' id='par_1_111' title="bbox 1012 2389 1799 2428">
     <span class='ocr_line' id='line_1_111' title="bbox 1012 2389 1799 2428; baseline -0.005 -7"><span class='ocrx_word' id='word_1_926' title='bbox 1012 2402 1111 2422; x_wconf 87' lang='lat' dir='ltr'><strong>nomen</strong></span> <span class='ocrx_word' id='word_1_927' title='bbox 1128 2394 1200 2428; x_wconf 92' lang='lat' dir='ltr'><strong>quod</strong></span> <span class='ocrx_word' id='word_1_928' title='bbox 1217 2397 1334 2428; x_wconf 90' lang='lat' dir='ltr'><strong>quatuor</strong></span> <span class='ocrx_word' id='word_1_929' title='bbox 1352 2393 1450 2420; x_wconf 87' lang='lat' dir='ltr'><strong>litteris</strong></span> <span class='ocrx_word' id='word_1_930' title='bbox 1468 2394 1593 2421; x_wconf 89' lang='lat' dir='ltr'><strong>constat,</strong></span> <span class='ocrx_word' id='word_1_931' title='bbox 1614 2391 1641 2417; x_wconf 95' lang='lat' dir='ltr'><strong>in</strong></span> <span class='ocrx_word' id='word_1_932' title='bbox 1662 2389 1799 2417; x_wconf 84' lang='lat' dir='ltr'><strong>llebraico</strong></span> 
     </span>
    </p>
   </div>
   <div class='ocr_carea' id='block_1_112' title="bbox 1013 2435 1799 2474">
    <p class='ocr_par' dir='ltr' id='par_1_112' title="bbox 1013 2435 1799 2474">
     <span class='ocr_line' id='line_1_112' title="bbox 1013 2435 1799 2474; baseline -0.005 -8"><span class='ocrx_word' id='word_1_933' title='bbox 1013 2441 1146 2474; x_wconf 89' lang='lat' dir='ltr'><strong>scriptum</strong></span> <span class='ocrx_word' id='word_1_934' title='bbox 1163 2439 1214 2472; x_wconf 86' lang='lat' dir='ltr'><strong>sit,</strong></span> <span class='ocrx_word' id='word_1_935' title='bbox 1235 2439 1308 2474; x_wconf 91' lang='lat' dir='ltr'><strong>quod</strong></span> <span class='ocrx_word' id='word_1_936' title='bbox 1325 2446 1387 2465; x_wconf 87' lang='lat' dir='ltr'><strong>cum</strong></span> <span class='ocrx_word' id='word_1_937' title='bbox 1409 2436 1606 2474; x_wconf 54' lang='lat' dir='ltr'><strong>iiununliabile</strong></span> <span class='ocrx_word' id='word_1_938' title='bbox 1625 2444 1686 2463; x_wconf 88' lang='lat' dir='ltr'><strong>esse</strong></span> <span class='ocrx_word' id='word_1_939' title='bbox 1706 2435 1799 2462; x_wconf 86' lang='lat' dir='ltr'><strong>dicant</strong></span> 
     </span>
    </p>
   </div>
   <div class='ocr_carea' id='block_1_113' title="bbox 1013 2484 1795 2520">
    <p class='ocr_par' dir='ltr' id='par_1_113' title="bbox 1013 2484 1795 2520">
     <span class='ocr_line' id='line_1_113' title="bbox 1013 2484 1795 2520; baseline -0.005 -7"><span class='ocrx_word' id='word_1_940' title='bbox 1013 2486 1130 2516; x_wconf 67' lang='lat' dir='ltr'><strong>Hebraei,</strong></span> <span class='ocrx_word' id='word_1_941' title='bbox 1147 2492 1197 2520; x_wconf 91' lang='lat' dir='ltr'><strong>pro</strong></span> <span class='ocrx_word' id='word_1_942' title='bbox 1213 2485 1272 2512; x_wconf 91' lang='lat' dir='ltr'><strong>solo</strong></span> <span class='ocrx_word' id='word_1_943' title='bbox 1289 2484 1342 2512; x_wconf 88' lang='lat' dir='ltr'><strong>Deo</strong></span> <span class='ocrx_word' id='word_1_944' title='bbox 1358 2488 1384 2511; x_wconf 89' lang='lat' dir='ltr'><strong>et</strong></span> <span class='ocrx_word' id='word_1_945' title='bbox 1395 2484 1481 2511; x_wconf 59' lang='lat' dir='ltr'><strong>“re</strong></span> <span class='ocrx_word' id='word_1_946' title='bbox 1496 2490 1629 2518; x_wconf 89' lang='lat' dir='ltr'><strong>usurpare</strong></span> <span class='ocrx_word' id='word_1_947' title='bbox 1643 2489 1795 2509; x_wconf 54' lang='lat' dir='ltr'><strong>consueve-</strong></span> 
     </span>
    </p>
   </div>
   <div class='ocr_carea' id='block_1_114' title="bbox 1012 2526 1798 2565">
    <p class='ocr_par' dir='ltr' id='par_1_114' title="bbox 1012 2526 1798 2565">
     <span class='ocr_line' id='line_1_114' title="bbox 1012 2526 1798 2565; baseline -0.008 -6"><span class='ocrx_word' id='word_1_948' title='bbox 1012 2536 1095 2565; x_wconf 87' lang='lat' dir='ltr'><strong>runt;</strong></span> <span class='ocrx_word' id='word_1_949' title='bbox 1116 2539 1165 2559; x_wconf 89' lang='lat' dir='ltr'><strong>nos</strong></span> <span class='ocrx_word' id='word_1_950' title='bbox 1185 2534 1276 2558; x_wconf 86' lang='lat' dir='ltr'><strong>autem</strong></span> <span class='ocrx_word' id='word_1_951' title='bbox 1298 2530 1369 2557; x_wconf 91' lang='lat' dir='ltr'><strong>idem</strong></span> <span class='ocrx_word' id='word_1_952' title='bbox 1391 2536 1489 2556; x_wconf 89' lang='lat' dir='ltr'><strong>nomen</strong></span> <span class='ocrx_word' id='word_1_953' title='bbox 1511 2528 1556 2555; x_wconf 94' lang='lat' dir='ltr'><strong>ubi</strong></span> <span class='ocrx_word' id='word_1_954' title='bbox 1577 2528 1610 2554; x_wconf 87' lang='lat' dir='ltr'><strong>de</strong></span> <span class='ocrx_word' id='word_1_955' title='bbox 1629 2526 1709 2554; x_wconf 82' lang='lat' dir='ltr'><strong>Verbi</strong></span> <span class='ocrx_word' id='word_1_956' title='bbox 1730 2535 1798 2562; x_wconf 90' lang='lat' dir='ltr'><strong>quo-</strong></span> 
     </span>
    </p>
   </div>
   <div class='ocr_carea' id='block_1_115' title="bbox 1012 2573 1798 2614">
    <p class='ocr_par' dir='ltr' id='par_1_115' title="bbox 1012 2573 1798 2614">
     <span class='ocr_line' id='line_1_115' title="bbox 1012 2573 1798 2614; baseline -0.006 -10"><span class='ocrx_word' id='word_1_957' title='bbox 1012 2586 1065 2614; x_wconf 88' lang='lat' dir='ltr'><strong>que</strong></span> <span class='ocrx_word' id='word_1_958' title='bbox 1091 2577 1235 2605; x_wconf 87' lang='lat' dir='ltr'><strong>divinitate</strong></span> <span class='ocrx_word' id='word_1_959' title='bbox 1263 2577 1362 2611; x_wconf 80' lang='lat' dir='ltr'><strong>agitur.</strong></span> <span class='ocrx_word' id='word_1_960' title='bbox 1391 2576 1419 2602; x_wconf 94' lang='lat' dir='ltr'><strong>in</strong></span> <span class='ocrx_word' id='word_1_961' title='bbox 1445 2574 1571 2610; x_wconf 88' lang='lat' dir='ltr'><strong>plurimis</strong></span> <span class='ocrx_word' id='word_1_962' title='bbox 1596 2573 1713 2608; x_wconf 82' lang='lat' dir='ltr'><strong>positum</strong></span> <span class='ocrx_word' id='word_1_963' title='bbox 1737 2580 1798 2600; x_wconf 77' lang='lat' dir='ltr'><strong>esse</strong></span> 
     </span>
    </p>
   </div>
   <div class='ocr_carea' id='block_1_116' title="bbox 1013 2618 1797 2659">
    <p class='ocr_par' dir='ltr' id='par_1_116' title="bbox 1013 2618 1797 2659">
     <span class='ocr_line' id='line_1_116' title="bbox 1013 2618 1797 2659; baseline -0.008 -8"><span class='ocrx_word' id='word_1_964' title='bbox 1013 2623 1165 2659; x_wconf 80' lang='lat' dir='ltr'><strong>Scripturis</strong></span> <span class='ocrx_word' id='word_1_965' title='bbox 1186 2626 1266 2650; x_wconf 88' lang='lat' dir='ltr'><strong>antea</strong></span> <span class='ocrx_word' id='word_1_966' title='bbox 1287 2621 1538 2649; x_wconf 87' lang='lat' dir='ltr'><strong>demonstravimus</strong></span> <span class='ocrx_word' id='word_1_967' title='bbox 1551 2640 1558 2652; x_wconf 93' lang='lat'><strong>,</strong></span> <span class='ocrx_word' id='word_1_968' title='bbox 1580 2624 1610 2646; x_wconf 90' lang='lat' dir='ltr'><strong>ut</strong></span> <span class='ocrx_word' id='word_1_969' title='bbox 1630 2618 1694 2646; x_wconf 91' lang='lat' dir='ltr'><strong>item</strong></span> <span class='ocrx_word' id='word_1_970' title='bbox 1714 2619 1740 2645; x_wconf 92' lang='lat' dir='ltr'><strong>in</strong></span> <span class='ocrx_word' id='word_1_971' title='bbox 1765 2627 1797 2646; x_wconf 88' lang='lat' dir='ltr'><strong>eo</strong></span> 
     </span>
    </p>
   </div>
   <div class='ocr_carea' id='block_1_117' title="bbox 1011 2665 1796 2705">
    <p class='ocr_par' dir='ltr' id='par_1_117' title="bbox 1011 2665 1796 2705">
     <span class='ocr_line' id='line_1_117' title="bbox 1011 2665 1796 2705; baseline -0.009 -7"><span class='ocrx_word' id='word_1_972' title='bbox 1011 2670 1118 2705; x_wconf 87' lang='lat' dir='ltr'><strong>psalmo</strong></span> <span class='ocrx_word' id='word_1_973' title='bbox 1135 2669 1181 2705; x_wconf 90' lang='lat' dir='ltr'><strong>qui</strong></span> <span class='ocrx_word' id='word_1_974' title='bbox 1200 2676 1274 2696; x_wconf 83' lang='lat' dir='ltr'><strong>nunc</strong></span> <span class='ocrx_word' id='word_1_975' title='bbox 1291 2668 1318 2695; x_wconf 94' lang='lat' dir='ltr'><strong>in</strong></span> <span class='ocrx_word' id='word_1_976' title='bbox 1339 2667 1467 2695; x_wconf 84' lang='lat' dir='ltr'><strong>manibus</strong></span> <span class='ocrx_word' id='word_1_977' title='bbox 1482 2671 1541 2699; x_wconf 89' lang='lat' dir='ltr'><strong>est,</strong></span> <span class='ocrx_word' id='word_1_978' title='bbox 1558 2666 1605 2702; x_wconf 89' lang='lat' dir='ltr'><strong>qui</strong></span> <span class='ocrx_word' id='word_1_979' title='bbox 1626 2666 1664 2692; x_wconf 88' lang='lat' dir='ltr'><strong>ait</strong></span> <span class='ocrx_word' id='word_1_980' title='bbox 1677 2665 1711 2693; x_wconf 90' lang='lat' dir='ltr'><strong>&#39;in</strong></span> <span class='ocrx_word' id='word_1_981' title='bbox 1735 2673 1796 2702; x_wconf 80' lang='lat' dir='ltr'><strong>per-</strong></span> 
     </span>
    </p>
   </div>
   <div class='ocr_carea' id='block_1_118' title="bbox 1012 2711 1807 2751">
    <p class='ocr_par' dir='ltr' id='par_1_118' title="bbox 1012 2711 1807 2751">
     <span class='ocr_line' id='line_1_118' title="bbox 1012 2711 1807 2751; baseline -0.008 -7"><span class='ocrx_word' id='word_1_982' title='bbox 1012 2724 1108 2744; x_wconf 89' lang='lat' dir='ltr'><strong>sonam</strong></span> <span class='ocrx_word' id='word_1_983' title='bbox 1136 2715 1224 2751; x_wconf 88' lang='lat' dir='ltr'><strong>ipsius</strong></span> <span class='ocrx_word' id='word_1_984' title='bbox 1251 2714 1360 2741; x_wconf 87' lang='lat' dir='ltr'><strong>Domini</strong></span> <span class='ocrx_word' id='word_1_985' title='bbox 1395 2718 1427 2740; x_wconf 79' lang='grc' dir='ltr'><strong>ιί</strong></span> <span class='ocrx_word' id='word_1_986' title='bbox 1445 2713 1581 2746; x_wconf 86' lang='lat' dir='ltr'><strong>Quoniam</strong></span> <span class='ocrx_word' id='word_1_987' title='bbox 1606 2716 1655 2743; x_wconf 85' lang='lat' dir='ltr'><strong>tu,</strong></span> <span class='ocrx_word' id='word_1_988' title='bbox 1683 2711 1807 2742; x_wconf 84' lang='lat' dir='ltr'><strong>Domine,</strong></span> 
     </span>
    </p>
   </div>
   <div class='ocr_carea' id='block_1_119' title="bbox 1012 2758 1795 2797">
    <p class='ocr_par' dir='ltr' id='par_1_119' title="bbox 1012 2758 1795 2797">
     <span class='ocr_line' id='line_1_119' title="bbox 1012 2758 1795 2797; baseline -0.005 -8"><span class='ocrx_word' id='word_1_989' title='bbox 1012 2769 1075 2797; x_wconf 88' lang='lat' dir='ltr'><strong>spes</strong></span> <span class='ocrx_word' id='word_1_990' title='bbox 1099 2769 1170 2793; x_wconf 89' lang='lat' dir='ltr'><strong>mea,</strong></span> <span class='ocrx_word' id='word_1_991' title='bbox 1191 2761 1361 2788; x_wconf 82' lang='lat' dir='ltr'><strong>Altissimum</strong></span> <span class='ocrx_word' id='word_1_992' title='bbox 1382 2759 1498 2795; x_wconf 88' lang='lat' dir='ltr'><strong>posuisti</strong></span> <span class='ocrx_word' id='word_1_993' title='bbox 1516 2758 1652 2794; x_wconf 80' lang='lat' dir='ltr'><strong>refugium</strong></span> <span class='ocrx_word' id='word_1_994' title='bbox 1671 2762 1767 2790; x_wconf 86' lang='lat' dir='ltr'><strong>tuum,</strong></span> <span class='ocrx_word' id='word_1_995' title='bbox 1785 2767 1795 2785; x_wconf 72' lang='grc' dir='ltr'><strong>ι</strong></span> 
     </span>
    </p>
   </div>
   <div class='ocr_carea' id='block_1_120' title="bbox 1011 2804 1796 2845">
    <p class='ocr_par' dir='ltr' id='par_1_120' title="bbox 1011 2804 1796 2845">
     <span class='ocr_line' id='line_1_120' title="bbox 1011 2804 1796 2845; baseline -0.004 -8"><span class='ocrx_word' id='word_1_996' title='bbox 1011 2813 1142 2845; x_wconf 83' lang='lat' dir='ltr'><strong>tanquam</strong></span> <span class='ocrx_word' id='word_1_997' title='bbox 1159 2808 1183 2836; x_wconf 83' lang='lat' dir='ltr'><strong>si</strong></span> <span class='ocrx_word' id='word_1_998' title='bbox 1201 2808 1304 2836; x_wconf 86' lang='lat' dir='ltr'><strong>diceret</strong></span> <span class='ocrx_word' id='word_1_999' title='bbox 1318 2818 1324 2836; x_wconf 93' lang='lat'><strong>:</strong></span> <span class='ocrx_word' id='word_1_1000' title='bbox 1341 2806 1477 2841; x_wconf 84' lang='lat' dir='ltr'><strong>Quoniam</strong></span> <span class='ocrx_word' id='word_1_1001' title='bbox 1493 2811 1522 2835; x_wconf 94' lang='lat' dir='ltr'><strong>tu</strong></span> <span class='ocrx_word' id='word_1_1002' title='bbox 1539 2806 1613 2842; x_wconf 85' lang='lat' dir='ltr'><strong>ipse,</strong></span> <span class='ocrx_word' id='word_1_1003' title='bbox 1629 2814 1646 2834; x_wconf 90' lang='grc' dir='ltr'><strong>ο</strong></span> <span class='ocrx_word' id='word_1_1004' title='bbox 1663 2804 1778 2834; x_wconf 80' lang='lat' dir='ltr'><strong>Domine</strong></span> <span class='ocrx_word' id='word_1_1005' title='bbox 1789 2826 1796 2839; x_wconf 93' lang='lat'><strong>,</strong></span> 
     </span>
    </p>
   </div>
  </div>
