2099 3217
325 179 377 206 679

632 176 767 206 EUSEBH
785 176 1026 207 CJESARIENSIS
1041 178 1102 207 0P!

1149 178 1241 207 PARS.
1257 178 1290 206 ll.
1308 193 1343 199 -
1361 175 1611 205 APOLOGETICA.

1897 176 1950 205 680

323 235 372 270 qui
391 241 452 262 mea
471 241 534 270 spes
549 241 580 261 es
594 234 746 262 divinantis
761 235 835 269 haec;
852 235 929 262 illum
946 243 962 262 a
977 243 1033 271 quo
1048 236 1102 271 ipse

1157 245 1187 264 σε
1207 237 1239 263 ἐκ
1258 236 1372 271 παγίδος
1384 234 1525 271 θηρευτῶν
1538 236 1586 263 καὶ
1601 234 1655 262 ἀπὸ
1667 235 1746 269 λόγον
1762 234 1948 272 ταραχώδους,

323 288 355 308 es
387 279 471 307 Deum
500 279 666 307 altissimum
692 280 787 313 nosti,
806 284 834 308 et
853 281 928 308 hunc
948 281 1038 317 ipsum
1061 289 1110 317 po-

324 326 404 354 suisti
424 325 560 361 refugium
580 329 658 353 tuum
670 346 679 360 ,
695 334 730 353 ex
748 334 804 361 quo
822 327 905 354 etiam
926 327 954 354 in
974 328 1110 363 principio

324 371 422 406 psalmi
437 371 471 398 de
487 371 584 398 eodem
601 372 764 399 dicebatur:
780 382 788 397 ι
801 371 852 405 Qui
868 372 973 399 habitat
990 373 1018 400 in
1033 374 1110 408 adju-

323 418 396 444 torio
410 417 564 448 Altissimi,’
581 418 607 443 in
622 418 791 451 protectione
809 417 855 445 Dei
871 419 933 445 coeli
953 426 1109 446 commora-

322 462 405 489 bitur.
421 462 504 498 436
520 462 595 489 Dicet
613 462 728 490 Domino
739 483 746 494 ,
767 468 910 497 susceptor
927 472 1005 492 meus
1020 473 1066 499 es,
1082 470 1109 493 et

321 509 458 544 refugium
484 517 592 540 meum,
620 509 692 537 Deus
715 517 812 542 meus,
838 510 948 544 adjutor
966 518 1060 543 meus,
1082 516 1109 539 et

321 556 439 590 sperabo
460 556 486 583 in
506 563 590 582 eum:
612 557 743 591 quoniam
769 556 853 592 igitur
873 561 918 590 tu,
937 565 954 584 ο
975 557 1106 590 Domine,

321 602 492 630 Altissimum
510 602 626 636 posuisti
648 603 781 638 refugium
801 607 878 630 tuum
889 623 896 634 ,
911 613 920 629 ι
934 603 1047 636 idcirco,
1064 604 1109 631 in-

320 648 398 683 quit,
417 648 474 682 ipse
490 647 652 676 Altissimus
665 658 675 674 ‹
689 649 815 676 liberabit
832 653 858 676 te
877 656 892 676 a
912 650 1010 685 laqueo
1025 658 1108 678 vena-

319 698 409 721 torum
433 697 460 721 et
485 694 520 721 ab
544 695 669 722 oratione
691 695 867 728 turbulenta,
887 700 913 724 et
934 697 961 723 in
985 697 1107 732 scapulis

319 741 377 767 suis
392 740 567 767 obumbrabit
584 741 644 769 tibi.
661 751 670 766 ι
685 741 859 777 Quapropter
875 750 936 769 cum
954 743 1002 769 tali
1023 742 1107 770 fultus

319 786 358 815 sis
378 790 492 822 paterno
509 786 644 815 Altlssimi
662 789 782 820 auxilio,
799 798 808 815 ι
824 796 879 816 non
902 789 1012 816 timebis
1034 796 1050 816 a
1073 790 1108 816 ti-

318 841 396 861 more
410 838 559 866 nocturno.
571 843 580 859 ›
594 842 684 869 neque
700 835 813 863 omnino
829 844 843 862 a
861 836 990 871 quopiam
1010 844 1106 863 eorum

318 887 379 914 quae
394 879 522 915 praedicta
541 884 620 913 sunt,
636 888 668 908 ac
682 889 716 908 ne
731 881 765 908 ab
781 882 814 909 iis
830 882 939 917 quidem
953 889 1014 916 qua:
1028 882 1107 909 dein-

1160 284 1207 310 καὶ
1223 284 1251 309 ὲν
1262 283 1317 314 τοῖς
1331 282 1510 318 μεταφρένοις
1522 281 1605 308 αὑτοῦ
1622 280 1776 307 ἐπισκιάσει
1790 288 1841 307 σοι.
1864 290 1874 307 ι
1889 281 1949 308 Διό-

1160 337 1212 364 περ
1226 328 1274 364 τὴν
1289 328 1416 363 τοιαύτην
1432 328 1501 362 ἔχων
1517 326 1653 364 πατρικὴν
1669 326 1716 353 τοῦ
1735 327 1861 361 Ὑψίστου
1886 326 1949 363 βοή-

1160 375 1243 405 θειαν,
1261 375 1291 400 οὐ
1309 374 1448 409 φοϐηθήσῃ
1467 373 1520 400 ἀπὸ
1535 373 1618 407 φόϐου
1631 372 1797 408 νυκτερινοῦ,
1815 372 1877 400 οὔτε
1894 372 1949 399 ἀπό

1159 429 1232 451 τινος
1247 420 1300 446 τῶν
1314 419 1594 455 προκατειλεγμένων,
1611 418 1678 445 ἀλλὰ
1693 419 1754 445 οὐδὲ
1768 420 1800 446 ἐκ
1813 419 1868 445 τῶν
1883 419 1946 455 ἑξῆς

1160 467 1380 502 ἐπιφερομένων·
1410 475 1419 491 ι
1447 466 1522 492 Ἐπεὶ
1549 475 1558 491 ι
1583 466 1637 501 γὰρ
1668 475 1677 490 ι
1701 466 1751 498 σὺ,
1777 465 1874 501 Κύριε,
1900 467 1945 493 τὸν

1161 512 1291 547 Ὕψιστον
1309 512 1369 539 ἔθου
1394 512 1554 547 καταφυγήν
1578 520 1634 541 σου,
1651 511 1695 538 διὰ
1715 511 1793 538 τοῦτο
1815 513 1846 538 οὐ
1862 521 1945 548 προσ-

1159 560 1298 587 ελεύσεται
1311 560 1378 596 πρός
1400 569 1430 586 σε
1447 561 1531 593 κακὰ,
1549 561 1596 587 καὶ
1618 560 1715 595 μάστιξ
1736 561 1786 586 οὐκ
1806 561 1895 594 ὲγγιεῖ

1160 605 1318 641 σκηνώματι
1342 614 1399 631 σου.
1423 615 1431 630 ι
1455 605 1599 638 Μάστιγας
1622 605 1649 631 δὲ
1670 605 1719 636 τὰς
1739 605 1794 631 ἀπὸ
1810 605 1944 640 δαιμόνων

1158 651 1299 687 ἐνεργείας
1317 652 1362 678 καὶ
1378 653 1407 678 ὲν
1426 652 1483 683 τοῖς
1503 651 1681 684 Εὑαγγελίοις
1695 650 1898 686 ὀνομαζομένας
1910 651 1943 678 ἆν

1158 696 1258 732 εὕροις,
1283 697 1316 728 ἃς
1338 697 1399 723 οὐδὲ
1423 696 1584 732 πλησιάζειν
1610 696 1710 732 τολμᾷν
1733 696 1772 731 τῷ
1787 696 1943 732 σκηνώματι

1157 742 1203 769 τοῦ
1228 742 1356 778 Χριστοῦ,
1377 743 1498 769 τουτέστι
1522 743 1560 778 τῷ
1583 742 1688 778 σώματι
1711 743 1803 775 αὐτοῦ,
1828 743 1943 775 δυνατὰς

1157 788 1227 817 εἶναί
1244 799 1319 825 φησι.
1338 790 1399 821 Πῶς
1415 790 1480 825 γὰρ,
1498 790 1542 816 ὅτε
1566 789 1637 824 λόγῳ
1655 790 1734 825 μόνον
1753 789 1839 821 αὑτὰς
1852 789 1881 823 ὲξ
1897 790 1943 816 ἁν-

1157 836 1273 872 θρώπων
1290 837 1390 872 ἦλασε;
1407 836 1475 872 Περὶ
1490 836 1583 863 τούτου
1602 837 1629 863 δὲ
1641 836 1687 863 τοῦ
1703 836 1880 872 σκηνώματος
1897 837 1943 864 καὶ

1156 886 1170 912 ὁ
1196 883 1277 910 Δαὸἰδ
1299 892 1363 909 ποτε
1392 893 1400 909 ι
1421 882 1512 918 ὤμοσε
1536 884 1574 919 τῷ
1599 883 1702 919 Κυρίῳ,
1721 883 1767 910 καὶ
1784 883 1886 919 ηὔξατο
1904 884 1943 919 τῷ

318 933 383 961 oeps
403 925 560 953 adduntur:
583 935 645 954 nam
668 937 677 953 ι
694 928 822 962 quoniam
839 916 890 961 tu,
912 928 1036 961 Domine,
1058 929 1102 956 Al-

1149 928 1214 963 .Θεῷ
1235 928 1342 959 Ἰακὼϐ,
1358 938 1366 953 ι
1391 916 1490 963 λέγων·
1513 938 1522 953 ‹
1540 916 1571 955 ΙΞγὶ
1590 916 1761 965 ἀναϐήσομαι
1783 916 1832 956 ἐπέ
1849 916 1943 964 κλίνης

317 972 457 1000 tissimum
481 973 598 1008 posuisti
621 973 756 1009 refugium
779 978 854 1001 tuum
865 995 872 1006 ,
887 984 895 1000 ι
909 974 1013 1002 idcirco
1028 985 1037 1000 ι
1050 982 1103 1001 non

317 1020 449 1047 accedent
471 1019 505 1047 ad
523 1023 550 1047 te
571 1020 662 1051 mala.
678 1024 705 1048 et
729 1019 864 1056 ﬂagellum
882 1028 936 1047 non
957 1021 1105 1056 appropin-

314 1066 411 1102 quabit
431 1066 609 1094 tabernaculo
625 1070 682 1094 tuo.
700 1076 708 1090 ι
724 1066 842 1102 Flagella
863 1075 948 1102 porro
967 1067 1104 1094 eﬂicacias

315 1113 439 1148 ipsorum
456 1113 611 1141 daemonum
633 1113 716 1140 etiam
742 1113 768 1140 in
791 1113 946 1149 Evangeliis
966 1113 1104 1140 nominari

315 1159 522 1195 deprehendes,
538 1167 607 1195 quas
628 1167 662 1187 ne
683 1159 904 1195 appropinquare
923 1160 1035 1194 quidem
1056 1167 1105 1186 au-

314 1206 380 1234 dere
407 1205 520 1233 idoneas
539 1213 602 1233 esse
642 1205 679 1232 ait
704 1205 883 1232 tabernaculo
907 1205 1028 1238 Christi,
1051 1206 1105 1233 hoc

314 1255 356 1278 cst
371 1251 481 1286 corpori
497 1251 570 1286 ejus.
589 1250 641 1284 Qui
657 1251 729 1278 enim
752 1250 779 1277 id
798 1251 971 1286 potuissent,
994 1251 1104 1286 quando

315 1297 375 1324 solo
394 1298 479 1325 verbo
499 1305 546 1325 eas
565 1305 599 1324 ex
621 1297 780 1324 hominibus
803 1298 973 1332 expellebat?
997 1298 1031 1325 de
1052 1298 1104 1325 hoc

315 1348 405 1383 autem
423 1344 616 1375 tabernaculo,
632 1343 715 1371 etiam
735 1342 820 1370 David
835 1343 954 1378 quodam
978 1344 1005 1370 in
1026 1344 1102 1376 loco,

317 1390 432 1425 «iuravit
446 1389 571 1420 Domino,
581 1393 608 1417 et
622 1394 714 1417 votum
727 1389 802 1416 vovit
820 1388 873 1416 Deo
886 1388 972 1416 Jacob
986 1390 1039 1420 ⁸⁸,›
1060 1390 1103 1417 his

313 1436 426 1465 verbis:
440 1445 449 1462 ι
463 1435 491 1463 Si
508 1435 660 1464 ascendero
676 1436 703 1462 in
719 1435 819 1462 lectum
837 1435 915 1462 strati
931 1436 1002 1467 mei,
1017 1436 1039 1463 si
1055 1437 1104 1463 dc-

314 1483 380 1510 dcro
395 1489 521 1510 somnum
537 1481 626 1509 oculis
641 1480 725 1514 meis,
749 1483 775 1508 et
791 1480 929 1515 palpebris
950 1481 1017 1508 meis
1038 1481 1103 1508 dur-

314 1527 500 1557 mitationem.
524 1530 551 1554 et
571 1525 693 1561 requiem
718 1525 888 1560 temporibus
909 1525 996 1556 meis.
1013 1525 1101 1553 donec

313 1574 449 1602 imeniam
469 1573 558 1600 locum
586 1572 718 1604 Domino,
744 1571 951 1599 tabernaculmn
976 1571 1032 1599 Deo
1057 1572 1101 1599 Ja-

312 1620 364 1648 cob
375 1620 409 1647 ".
421 1618 530 1654 illujus
546 1618 629 1654 igitur
645 1617 817 1645 tabernaculi
835 1625 917 1645 causa
936 1618 1098 1646 dicebatur:

316 1675 325 1692 ι
342 1665 401 1693 Non
413 1665 524 1692 timebis
539 1672 554 1691 a
569 1664 669 1692 timore
684 1668 831 1696 nocturno,
847 1674 855 1689 ι
869 1667 897 1691 et
912 1664 978 1692 illud
994 1674 1000 1692 ;
1015 1674 1024 1690 ε
1039 1664 1100 1700 Ipse

314 1713 442 1741 liberabit
458 1716 485 1739 te
501 1711 535 1739 de
559 1712 657 1746 laqueo
687 1715 847 1738 venatorum
858 1730 865 1742 ,
884 1714 911 1738 et
926 1711 960 1738 ab
976 1711 1100 1739 oratione

311 1760 495 1791 turbulenta,»
506 1762 533 1786 et
548 1758 615 1786 illud
628 1768 635 1786 :
649 1767 658 1784 ι
674 1757 734 1785 Νοη
749 1758 922 1786 accedentad
938 1763 964 1785 te
977 1759 1058 1791 mala,
1073 1764 1100 1787 et

310 1806 446 1842 ﬂagellum
461 1813 515 1835 non
532 1804 763 1840 appropinquabit
779 1805 958 1832 tabernaculo
973 1809 1019 1832 tuo
1031 1826 1038 1837 ,
1054 1815 1062 1831 ι
1073 1809 1099 1832 et

309 1860 481 1889 quaecunque
501 1851 536 1880 ad
558 1852 697 1879 hominem
720 1851 808 1886 magis
830 1851 981 1886 spectantia
998 1850 1031 1878 de
1052 1851 1099 1879 illo

309 1900 383 1928 dicta
399 1903 480 1931 sunt,
497 1899 570 1926 sicut
585 1898 666 1926 etiam
689 1897 755 1924 illud
770 1907 776 1925 :
789 1907 798 1922 ‹
811 1897 923 1932 Angelis
944 1897 1001 1924 suis
1022 1905 1099 1925 man-

310 1945 386 1973 dabit
407 1946 441 1973 de
462 1949 488 1973 te
499 1964 507 1976 ,
528 1948 559 1971 ut
579 1943 736 1972 custodiant
751 1947 778 1970 te
789 1964 796 1975 ,
813 1954 821 1969 )
833 1948 859 1971 et
875 1944 959 1971 illud:
973 1953 981 1969 ι
996 1944 1024 1971 ln
1041 1951 1099 1971 ma-

311 1991 392 2019 nibus
416 1990 567 2026 portabunt
587 1994 630 2021 te.
654 1997 688 2017 ne
709 1988 779 2016 forte
794 1989 916 2017 oﬂ‘endas
931 1990 963 2016 ad
982 1990 1098 2025 lapidem

311 2037 405 2072 pedem
421 2041 509 2064 tuum.
525 2046 534 2062 ι
545 2035 622 2062 Talia
637 2036 707 2063 enim
725 2035 758 2063 ad
772 2034 857 2062 Deum
880 2035 934 2062 dici
958 2043 1098 2071 nunquam

310 2083 467 2111 conveniet:
485 2086 512 2109 at
522 2090 588 2109 vero
604 2082 637 2109 ad
651 2082 856 2109 tabernaculum
869 2082 938 2115 ejus,
952 2083 1023 2115 quod
1038 2090 1099 2117 pro-

310 2134 370 2166 pter
389 2137 439 2157 nos
459 2129 632 2164 assumpsit,
653 2136 709 2163 quo
728 2131 850 2163 tempore
867 2139 875 2154 ι
895 2128 1012 2155 Vcrhum
1033 2136 1098 2156 caro

311 2176 413 2203 factum
434 2180 492 2209 est,
517 2179 545 2202 et
569 2175 702 2201 habitavit
725 2174 752 2201 in
768 2175 848 2202 nobis
865 2175 899 2207 ⁸⁷,
914 2184 923 2200 ι
936 2175 1094 2202 conveniet.

309 2221 445 2250 Caeterum
457 2229 511 2248 non
524 2220 572 2248 abs
584 2228 613 2248 re
626 2220 691 2247 mihi
700 2220 810 2255 quidem
819 2220 932 2247 videbor
947 2220 1045 2251 facere,
1060 2220 1094 2252 si,

1157 976 1301 1012 στρωμνῆς
1321 984 1381 1011 μου,
1400 976 1424 1001 εὶ
1441 975 1518 1002 δώσω
1537 976 1619 1002 ὕπνον
1638 977 1694 1007 τοῖς
1713 975 1862 1011 ὀφθαλμοῖς
1879 984 1940 1011 μου,

1155 1023 1274 1054 καὶτοῖς
1299 1021 1443 1058 βλεφάροις
1461 1031 1511 1057 μου
1534 1023 1699 1057 νυσταγμὺν,
1721 1023 1769 1049 καὶ
1791 1022 1942 1049 ἀνάπαυσιν

1154 1069 1209 1100 τοῖς
1232 1068 1379 1103 κροτάφοις
1398 1077 1459 1103 μου,
1477 1068 1530 1099 ἓως
1546 1064 1576 1094 οὗ
1596 1067 1668 1103 εὕρω
1684 1068 1765 1094 τόπον
1780 1067 1820 1104 τῷ
1835 1068 1941 1104 Κυρίῳ,

1156 1116 1287 1150 σκήνωμα
1303 1114 1339 1150 τῷ
1366 1114 1425 1149 Θεῷ
1447 1114 1552 1141 Ἰακώϐ.
1572 1124 1580 1140 ι
1606 1115 1661 1141 Καὶ
1680 1114 1775 1141 τούτου
1800 1110 1834 1149 γε
1860 1115 1942 1142 ἕνεκα

1154 1161 1200 1188 τοῦ
1219 1161 1395 1197 σκηνώματος
1412 1161 1535 1195 ἐλέγετο·
1555 1171 1563 1187 ι
1581 1162 1618 1188 Οὐ
1633 1161 1773 1198 φοϐηθήσῃ
1791 1162 1845 1188 ἀπὸ
1858 1161 1941 1196 φόϐου

1154 1208 1322 1244 νυκτερινοῦ,
1345 1218 1354 1234 ι
1371 1209 1417 1235 καὶ
1434 1209 1474 1242 τὸ,
1496 1218 1505 1234 ί
1526 1208 1611 1240 Αὐτὸς
1630 1207 1741 1244 ῥύσεταί
1759 1217 1788 1235 σε
1802 1209 1834 1235 ὲκ
1857 1208 1942 1243 παγί-

1153 1253 1196 1285 δος
1209 1254 1348 1289 Θηρευτῶν
1365 1255 1413 1281 καὶ
1434 1254 1488 1281 ἀπὸ
1504 1255 1583 1289 λόγου
1595 1255 1779 1290 ταραχώδους,
1801 1263 1812 1281 ι
1832 1255 1879 1282 καὶ
1897 1255 1940 1287 τὺ,

1157 1309 1165 1325 ι
1182 1300 1218 1326 Οὐ
1237 1300 1444 1336 προσελεύσεται
1461 1301 1529 1337 πρὸς
1550 1301 1579 1327 σε
1603 1301 1685 1333 κακὰ,
1706 1301 1753 1329 καὶ
1770 1300 1868 1337 μάστιε
1891 1302 1941 1328 οὐκ

1153 1347 1240 1381 ὲγγιεῖ
1255 1346 1293 1382 τῷ
1309 1346 1466 1382 σκηνώματι
1479 1356 1539 1384 σου,
1560 1357 1568 1372 ι
1588 1347 1635 1374 καὶ
1646 1347 1696 1374 ὅσα
1711 1347 1941 1384 ἀνθρωπινώτερα

1153 1393 1215 1428 περὶ
1231 1392 1312 1419 αὑτοῦ
1327 1393 1450 1419 λέλεκται
1460 1401 1467 1408 ⁸
1481 1393 1518 1424 ὡς
1533 1393 1580 1420 καὶ
1593 1393 1633 1425 τὸ,
1654 1402 1663 1418 ι
1677 1393 1740 1424 Τοῖς
1749 1393 1876 1428 ἀγγέλοις
1889 1393 1939 1420 αὖ·

1152 1438 1198 1464 τοῦ
1223 1439 1369 1465 ἐντελεῖται
1389 1438 1452 1474 περὶ
1475 1439 1533 1470 σοῦ,
1553 1439 1600 1465 τοῦ
1617 1439 1777 1474 διαφυλάξαι
1795 1447 1840 1466 σε·
1858 1449 1868 1465 ι
1893 1439 1940 1466 καὶ

1152 1484 1190 1516 τὸ,
1210 1494 1218 1511 ι
1239 1485 1299 1512 Ἐπὶ
1316 1485 1413 1521 χειρῶν
1425 1484 1522 1521 ὀιροῦσὶ
1539 1493 1568 1511 σε
1583 1485 1686 1520 μήποτε
1703 1485 1860 1522 προσκόψῃς
1871 1484 1940 1520 πρδς

1151 1529 1222 1557 λίθον
1239 1530 1283 1557 τὸν
1301 1531 1368 1557 πόδα
1393 1539 1449 1557 σου.
1467 1540 1476 1555 ι
1496 1529 1589 1557 Ταῦτα
1605 1530 1659 1566 γὰρ
1682 1531 1731 1557 οὐκ
1753 1530 1786 1557 ἂν
1808 1530 1846 1562 ὡς
1871 1530 1940 1566 πρὸς

1151 1577 1217 1604 Θεὸν
1231 1577 1356 1612 λέγεσθαι
1371 1577 1496 1614 ἁρμόσοι,
1514 1577 1582 1613 πρὸς
1595 1578 1623 1604 δὲ
1639 1577 1669 1604 τὸ
1692 1577 1824 1613 σκήνωμα
1843 1576 1938 1608 αὑτοῦ,

1151 1623 1218 1659 ὅπερ
1229 1623 1262 1650 δι’
1279 1624 1352 1659 ἡμᾶς
1365 1623 1518 1659 ἀνείληφεν,
1532 1623 1575 1650 ὅτε
1593 1633 1603 1648 ι
1616 1624 1630 1649 ὁ
1644 1622 1728 1657 Λόγος
1740 1621 1807 1658 σὰρξ
1820 1622 1937 1658 ἐγένετο,

1151 1670 1198 1696 καὶ
1217 1670 1371 1705 ἐσκήνωσεν
1393 1671 1421 1696 ἐν
1433 1671 1509 1704 ἡμῖν.
1530 1679 1539 1695 ι
1558 1670 1637 1696 Δοκεῖ
1651 1669 1679 1695 δέ
1698 1677 1742 1704 μοι
1760 1667 1850 1700 καλῶς
1866 1667 1939 1703 ἔχειν

1151 1714 1220 1750 ὑπὲρ
1243 1713 1374 1749 ἀκριϐοῦς
1396 1713 1566 1748 βεϐαιώσεως
1585 1713 1639 1739 τῶν
1654 1712 1807 1749 εἰρημένων
1819 1713 1866 1740 καὶ
1887 1712 1938 1744 τὰς

1150 1760 1204 1787 τῶν
1229 1760 1329 1787 λοιπῶν
1353 1760 1528 1796 ὲρμηνευτῶν
1552 1759 1712 1796 παραθεῖναι
1738 1759 1846 1794 φωνάς’
1869 1755 1908 1786 ὧν
1924 1760 1939 1786 6

1152 1806 1200 1841 μὲν
1224 1805 1337 1837 Ἀκύλας
1353 1805 1439 1837 οὕτως
1464 1805 1580 1841 ἔφησεν·
1608 1815 1617 1830 ι
1645 1806 1704 1832 ’Ὁτι
1718 1805 1768 1838 eo,
1785 1804 1873 1841 Κύριε
1895 1806 1940 1832 ἑλ-

1150 1851 1195 1883 πις
1214 1860 1275 1887 μου,
1295 1851 1426 1886 Ὕψιστον
1442 1851 1542 1887 ἔθηκας
1564 1851 1720 1887 οἰκητήριον
1746 1860 1802 1878 σου.
1820 1851 1858 1878 Οὐ
1875 1860 1938 1887 μετ-

1149 1898 1298 1934 αχοήσεται
1310 1898 1378 1933 πρὸς
1392 1898 1420 1924 σε
1429 1897 1512 1930 κακὰ,
1525 1898 1572 1924 καὶ
1583 1897 1638 1933 ἁφὴ
1649 1898 1698 1924 οὐκ
1713 1898 1801 1932 ἐγτιεῖ
1810 1899 1839 1924 ὲν
1848 1897 1937 1935 σκέπῃ

1150 1953 1197 1970 σου
1213 1953 1219 1959 ·
1247 1944 1289 1970 ὅτι
1309 1943 1434 1978 ἀγγέλοις
1458 1943 1540 1970 αὑτοῦ
1566 1943 1724 1976 ἐντελεῖται,
1748 1943 1794 1970 τοῦ
1819 1943 1937 1978 φυλάξαι

1150 1998 1179 2016 σε
1198 1991 1226 2017 ἐν
1247 1990 1347 2021 πάσαις
1360 1990 1420 2021 ταῖς
1435 1989 1503 2020 ὁδοῖς
1523 1997 1569 2015 σου
1580 1998 1587 2004 ·
1607 1999 1616 2015 ι
1633 1990 1646 2015 ὁ
1661 1989 1689 2016 δὲ
1704 1989 1853 2025 Σύμμαχος
1864 1998 1872 2006 ·
1885 1990 1936 2016 «Σὺ

1149 2035 1213 2072 γὰρ,
1224 2036 1319 2071 Κύριε,
1331 2035 1429 2070 ἀφοϐία
1440 2044 1501 2071 μου,
1512 2035 1625 2070 ὑψίστην
1632 2035 1692 2062 έοου
1704 2036 1753 2071 τὴν
1763 2036 1869 2072 οἴκησίν
1878 2044 1935 2065 σου.

1149 2082 1186 2108 Οὐ
1203 2081 1360 2116 κατισχύσει
1376 2089 1421 2107 σου
1438 2081 1532 2111 κακὸν,
1551 2081 1612 2107 οὐδὲ
1627 2080 1682 2116 ἁφὴ
1695 2081 1783 2115 ἐγγιεῖ
1797 2083 1830 2117 τῇ
1850 2083 1936 2118 σκηνῇ

1150 2135 1212 2153 σου·
1236 2128 1277 2153 ὅτι
1297 2128 1353 2158 τοῖς
1369 2127 1494 2161 ἀγγέλοις
1518 2125 1599 2152 αὐτοῦ
1623 2126 1768 2153 ἐντελεῖται
1794 2127 1860 2163 περὶ
1877 2127 1936 2159 σοῦ,

1147 2172 1193 2199 τοῦ
1218 2173 1379 2207 διαφυλάξαι
1402 2181 1431 2199 σε
1455 2174 1484 2199 ἐν
1507 2173 1618 2204 πάσαιςι
1635 2173 1714 2205 ὁδοῖς.
1733 2183 1742 2199 ι
1770 2173 1876 2201 Οὐκοῦν
1892 2174 1937 2202 διὰ

1147 2219 1248 2246 τούτων
1274 2220 1362 2246 αὐτῶν
1378 2219 1416 2254 τῷ
1430 2220 1524 2255 Κυρίῳ
1549 2220 1672 2246 λέλεκται
1694 2221 1732 2252 ὡς
1754 2221 1818 2257 περὶ
1842 2222 1936 2258 ἑτέρου

309 2276 365 2304 quo
373 2267 537 2303 exquisitius
549 2275 580 2294 ac
590 2267 716 2294 stabilius
727 2275 757 2294 ea
769 2274 829 2301 qua:
841 2266 913 2293 dicta
924 2270 987 2293 sunt
999 2266 1095 2293 conﬁr-

1150 2266 1270 2302 μείζονος
1293 2266 1334 2297 τὸ,
1361 2275 1369 2291 ι
1386 2266 1448 2298 Τοῖς
1465 2267 1590 2301 ἀγγέλοις
1608 2268 1690 2294 αὑτοῦ
1710 2268 1856 2295 ἐντελεῖται
1872 2269 1936 2305 περὶ

308 2319 428 2348 Inentur,
440 2313 608 2349 reliquorum
625 2320 735 2348 quoque
752 2313 932 2347 interpretum
947 2313 1097 2340 sententias

307 2362 497 2396 editionesque
508 2361 559 2388 hoc
571 2360 632 2387 loco
647 2366 773 2394 posuero,
786 2366 902 2393 quorum
917 2366 988 2386 unus
1001 2358 1097 2394 Aquila

308 2409 336 2436 in
349 2408 423 2435 hunc
444 2406 555 2434 modum
576 2405 694 2433 reddidit
709 2415 715 2433 :
729 2414 737 2430 ι
753 2404 886 2437 Quoniam
901 2409 929 2431 tu
941 2424 948 2436 ,
965 2404 1096 2437 Domine,

307 2462 370 2489 spes
389 2462 459 2485 mea,
483 2453 653 2480 Altissimum
676 2451 790 2487 posuisti
811 2451 994 2478 habitaculum
1007 2456 1094 2478 tuum.

306 2500 365 2528 Non
380 2500 560 2527 traducentur
578 2499 612 2526 ad
628 2503 654 2525 te
668 2498 740 2525 mala
756 2518 762 2529 ,
778 2502 804 2525 et
820 2502 910 2525 tactus
928 2506 983 2525 non
998 2505 1095 2537 appro-

307 2547 486 2583 pinquabitiu
503 2546 673 2582 protectionc
691 2550 737 2572 tua
749 2555 755 2572 ι
767 2545 894 2580 quoniam
913 2545 1018 2578 angelis
1035 2545 1093 2571 suis

307 2590 465 2626 mandavit,
483 2597 512 2620 ut
529 2593 686 2620 custodiant
706 2596 731 2618 te
747 2591 774 2618 in
791 2591 920 2618 omnibus
935 2591 987 2618 viis
1003 2592 1066 2618 luis.
1082 2601 1090 2616 ι

307 2638 360 2667 Sed
377 2638 568 2675 Symmachus,
581 2648 590 2663 ι
602 2638 644 2665 Tu
661 2639 746 2669 enim,
766 2637 865 2672 inquit.
880 2636 1094 2667 Domine,secu-

306 2686 374 2713 ritas
390 2693 450 2712 mea
461 2704 468 2716 ,
482 2685 644 2712 altissimam
663 2683 778 2719 posuisti
794 2682 990 2709 habitationem
1004 2685 1090 2708 tuam.

305 2730 385 2768 437
401 2730 460 2758 Non
487 2731 634 2758 invalesch
653 2730 796 2756 adversum
815 2733 841 2756 te
868 2729 981 2759 malum,
1002 2735 1093 2763 neque

306 2780 395 2804 tactus
421 2775 651 2812 appropinquabit
668 2775 787 2803 tentorio
799 2778 847 2801 tuo
867 2784 874 2802 :
894 2774 1024 2810 quoniam
1042 2782 1092 2800 an-

305 2823 373 2859 gelis
387 2823 445 2850 suis
468 2823 608 2850 mandabit
622 2823 655 2849 de
676 2826 712 2855 te,
726 2827 755 2848 ut
772 2821 926 2849 custodiunt
950 2824 977 2847 te
994 2821 1020 2847 in
1036 2828 1092 2847 om-

343 2916 366 2933 "
386 2913 460 2943 Psal.
475 2921 575 2946 exul,
591 2914 619 2943 2.
657 2916 680 2932 "
699 2915 763 2943 ibid.
781 2916 797 2942 5
813 2916 840 2944 5.
879 2916 900 2932 "
920 2914 998 2944 Joan.
1019 2922 1043 2947 I,
1063 2914 1105 2942 ιι.

1147 2313 1205 2344 σοῦ,
1221 2312 1266 2339 τοῦ
1282 2313 1472 2348 διαφυλάττειν
1491 2321 1518 2339 σε
1535 2314 1563 2339 ἐν
1578 2313 1678 2346 πάσαις
1695 2315 1754 2346 ταῖς
1770 2314 1850 2347 ὁδοῖς,
1875 2315 1934 2342 Ἐπὶ

1146 2359 1244 2395 χειρῶν
1267 2359 1362 2394 ἀροῦσί
1384 2368 1423 2391 σε,
1447 2359 1544 2394 δηλαδὴ
1566 2359 1595 2386 σὲ
1616 2359 1661 2386 τὸν
1682 2360 1801 2396 Κύριον,
1829 2361 1935 2397 μήποτε

1147 2405 1178 2431 σὺ
1198 2406 1212 2431 ὁ
1227 2404 1329 2440 Κύριος
1354 2405 1511 2442 προσκόψῃς
1531 2406 1599 2441 πρὸς
1615 2406 1690 2432 λίθον
1705 2406 1751 2433 τὸν
1767 2406 1835 2434 πόδα
1848 2415 1907 2434 σου.
1923 2420 1932 2433 ι

1146 2453 1264 2484 Ταύταις
1273 2452 1302 2479 δὲ
1313 2453 1359 2478 κα¹ι
1370 2453 1384 2478 ὁ
1394 2451 1515 2484 διάϐολος
1526 2454 1585 2484 ταῖς
1596 2452 1700 2485 nam
1712 2453 1741 2478 ἐν
1754 2452 1792 2488 τῷ
1800 2453 1876 2480 ,κατὰ
1887 2453 1934 2480 τοῦ

1143 2499 1269 2534 Σωτῆρος
1280 2499 1296 2533 ἠ
1301 2497 1358 2533 μῶν
1369 2498 1514 2534 πειρασμῷ
1527 2498 1670 2534 κέχρηται,
1682 2500 1737 2532 ὅτε,
1751 2499 1934 2535 ιῐῐαραλασὼν

1142 2545 1223 2572 αὐτὸν
1248 2546 1287 2577 εἰς
1302 2545 1350 2580 τὴν
1373 2545 1452 2579 ἁγίαν
1478 2545 1565 2576 πόλιν,
1592 2545 1705 2581 ἔστησεν
1730 2545 1812 2572 αὑτὸν
1837 2547 1884 2572 ἐπὶ
1904 2545 1935 2574 τὸ

1142 2591 1287 2627 πτερύγιον
1300 2591 1347 2617 τοῦ
1362 2591 1446 2627 ἱεροῦ,
1459 2591 1506 2617 καὶ
1520 2589 1597 2618 εἶπεν
1612 2591 1697 2627 αὐτῷ·
1715 2591 1747 2618 Εἰ
1764 2590 1829 2624 Υἱὸς
1845 2590 1871 2619 εἴ
1886 2591 1933 2619 τοῦ

1141 2637 1219 2670 Θεοῦ,
1237 2637 1300 2673 βάλε
1319 2637 1430 2664 σεαυτὸν
1450 2636 1574 2664 ἐντεῦθεν
1595 2638 1680 2664 κάτω.
1694 2637 1853 2673 Γέγραπται
1869 2638 1933 2674 γὰρ.

1146 2683 1187 2708 ὅτι
1209 2684 1264 2714 τοῖς
1287 2682 1414 2717 ἀγγέλοις
1431 2683 1514 2710 αὑτοῦ
1541 2683 1686 2711 ἐντελεῖται
1713 2684 1776 2721 περὶ
1791 2681 1860 2717 ’σὀῢ,
1887 2685 1934 2712 καὶ

1146 2728 1192 2754 ἐπὶ
1205 2728 1302 2764 χειρῶν
1315 2728 1411 2764 άροῦσί
1426 2737 1466 2760 σε,
1489 2730 1594 2765 μήποτε
1607 2729 1763 2766 προσκόψῃς
1780 2729 1850 2767 πρὸς
1862 2730 1933 2757 λίθον

1145 2774 1190 2801 τὸν
1210 2775 1276 2801 πόδα
1297 2766 1355 2801 άου.
1374 2775 1446 2811 Πρὸς
1471 2775 1501 2802 ὃν
1521 2777 1536 2802 ι
1550 2775 1651 2812 Κύριος
1675 2776 1755 2812 ἡμῶν
1774 2766 1932 2812 ἀτέοκριθεις

1261 2821 1432 2855 Γέγραπται·
1468 2822 1525 2848 Οὐκ
1556 2821 1730 2857 ἐκπειράσεις
1756 2822 1861 2858 Κύριον
1886 2821 1932 2849 τὸν

1146 2819 1206 2847 εἶπε
1219 2831 1224 2836 ·
