2099 3217
203 204 252 231 681

659 204 986 235 DEMONSTRATIONIS
1006 205 1238 238 ΕνΑΝοΕιιριΕ
1258 206 1323 239 LIB.
1342 208 1387 240 lX.

1777 215 1830 242 6‘52

202 263 266 290 Θεόν
281 271 338 290 υυυ.
357 273 367 289 t
394 268 441 290 me
470 264 531 290 ἐπεὶ
555 265 585 290 ἐν
609 263 648 299 τῷ
670 265 816 300 πειρασμῷ
842 265 910 300 μετὰ
938 265 981 292 τῶν

1044 267 1124 295 nibus
1137 267 1199 294 viis.
1219 277 1228 293 ι
1245 267 1329 304 Igitur
1346 271 1422 297 nisce
1446 270 1512 305 ipsis
1536 271 1704 303 auctoribus.
1727 271 1760 300 ad
1776 271 1830 301 Dos

201 311 316 348 θηρίων,
333 311 405 339 κατὰ
422 311 467 338 τδν
483 311 688 347 εὐαγγελιστὴν,
713 311 841 347 διέτριϐε,
862 313 947 339 ποίων
962 311 991 340 δὲ

201 357 251 384 οὐκ
272 357 498 393 ἀναγέγραπται,
527 357 692 393 σαφέστερον
717 357 796 384 τοῦτο
817 356 884 384 αὐτὸ
904 359 920 393 ὴ
943 357 990 384 τοῦ

200 403 307 439 ψαλμοῦ
324 407 476 440 προφητεία
497 405 531 431 τὰ
547 404 604 439 εἴδη
621 403 675 431 τῶν
692 404 795 439 Θηρίων
816 404 989 440 αἰνιττομένη

201 451 299 486 φησίν⁸
321 460 331 476 ι
352 451 413 477 Ἐπὶ
430 451 530 478 ἀσπίδα
545 451 593 477 καὶ
617 450 771 485 βασιλίσκον
790 450 925 486 ἐπιϐήσῃ,
943 450 990 477 καὶ

201 498 404 533 καταπατήσεις
431 497 525 524 λέοντα
550 497 596 524 καὶ
619 496 762 533 δράκοντα.
786 506 795 523 ι
827 497 913 528 Αὐτὸς
941 494 990 532 μὲν

200 541 246 571 οὖν
265 544 298 570 τὰ
318 543 493 580 ἀρχικώτατα
519 543 573 570 τῶν
593 543 695 579 νοητῶν
709 542 810 578 θηρίων
825 542 921 570 λέοντα
943 543 990 570 καὶ

199 590 343 625 δράκοντα,
360 590 460 616 ἀσπίδα
478 590 525 616 καὶ
545 589 711 625 βασιλίσκον,
726 590 807 616 αὐτὸν
827 589 927 625 δηλαδὴ
943 589 990 616 τὸν

198 635 330 668 διάϐολον,
346 637 393 663 καὶ
405 636 456 668 τὰς
470 636 616 671 μετάὺτοῦ
630 636 793 673 ἀρχοντικὰς
804 635 851 663 καὶ
867 636 989 672 πονηρὰς

199 681 326 716 δυνάμεις
347 682 553 717 καταπατήσειν
574 680 799 717 μεμαρτύρηται·
823 682 879 712 τοῖς
898 680 988 716 δὲτὴν

198 727 293 762 ὁμοίαν
305 727 405 763 ἀρετὴν
420 725 494 762 αὖτῷ
507 727 685 763 κεκτημένοις
700 726 834 762 μαθηταῖς
853 726 900 753 καὶ
919 727 988 753 ἀπο-

200 773 303 805 στόλοις
321 774 401 800 αὑτοῦ
419 774 469 809 τὴν
484 773 607 805 ἐξουσίαν
623 773 704 804 αὐτὸς
718 772 765 800 τοῦ
781 773 876 799 πατεῖν
896 773 988 799 ἐπάνω

198 818 285 854 δφεων
316 821 363 846 καὶ
394 820 533 855 σκορπίων
556 820 698 855 δωρεῖται,
727 819 776 846 οὐκ
807 819 860 846 ἐῶν
890 819 988 850 αὐτοὺς

200 865 378 900 πειρασθῆναι
401 863 470 900 ὑπὲρ
490 865 504 891 ὃ
525 864 665 891 δύναιντο*
685 865 766 900 μόνου
787 864 841 900 γὰρ
856 862 890 900 ἦν
904 864 986 891 αὐτοῦ

197 910 229 938 τὸ
241 911 291 943 τὰς
306 911 413 947 χείρους
435 912 463 938 ὲν
485 911 602 947 πονηρίᾳ
623 911 766 946 δυνάμεις,
789 911 836 938 καὶ
859 911 939 938 αὑτὸν
955 910 986 946 δὴ

1042 313 1145 340 minuat
1175 317 1305 349 tanquam
1335 315 1369 343 de
1393 315 1509 344 Domino
1537 317 1640 345 dictttm
1665 322 1708 346 est
1736 319 1828 348 illud:

1043 368 1054 385 ι
1075 360 1185 395 Angelis
1210 361 1269 389 suis
1285 362 1422 389 mandavit
1438 363 1471 391 de
1493 367 1529 396 te,
1546 369 1576 392 ut
1588 365 1745 392 custodiant
1760 371 1786 394 te
1800 367 1828 394 in

1041 406 1169 434 omnibus
1185 405 1238 435 viis
1253 408 1318 435 tuis.
1335 408 1363 435 In
1377 409 1502 437 inanibus
1519 411 1665 445 portabunt
1679 415 1717 442 te.
1735 412 1830 440 videli-

1040 457 1082 480 cet
1094 456 1120 480 te
1136 450 1292 486 Dominum,
1310 461 1345 482 ne
1366 455 1435 483 forte
1451 460 1478 482 ιιι
1500 454 1633 484 Dominus
1653 457 1776 486 otl‘cndas
1794 458 1829 486 ad

1040 498 1158 533 lapidem
1186 499 1282 534 pedem
1309 503 1395 527 tuum.
1421 512 1430 527 t
1449 501 1620 535 Quinetiam
1646 503 1772 532 diabolus
1799 505 1828 533 in

1040 544 1191 572 tentatione
1214 543 1348 573 adversus
1369 546 1539 575 Sulvatorem
1565 553 1702 582 nostrunt,
1724 549 1826 578 eisdem

1041 598 1107 618 usus
1122 595 1164 618 est
1182 591 1283 622 verbis.
1295 592 1404 627 quando
1417 601 1426 618 ι
1442 597 1612 629 assumptum
1630 593 1705 622 illum
1722 596 1748 622 itt
1765 603 1829 624 san-

1039 641 1111 663 ctam
1127 637 1263 664 civitatem
1278 638 1420 665 constituit
1437 646 1519 673 supra
1532 639 1710 674 pittnaeulunt
1720 641 1826 676 templi.

1039 687 1065 709 et
1081 682 1149 710 dixit
1169 684 1193 710 ei
1212 692 1219 710 :
1238 683 1267 710 Si
1289 681 1374 710 Filius
1401 683 1446 712 Dei
1469 692 1509 718 es,
1531 685 1606 713 tnitte
1627 686 1744 721 teipsum
1762 687 1828 715 hitte

1039 728 1177 757 deorsum.
1205 728 1344 765 Scriptum
1372 734 1414 757 est
1438 731 1521 762 enim,
1550 731 1623 766 quod
1639 733 1743 767 angelis
1768 733 1827 761 suis

1038 774 1177 801 mandabit
1187 774 1220 802 de
1235 778 1270 806 te,
1283 779 1310 803 et
1322 775 1349 801 in
1366 775 1491 803 manibus
1500 777 1646 811 portabunt
1661 783 1696 811 te,
1713 786 1747 806 ne
1757 777 1827 807 forte

1038 819 1159 847 cllendas
1173 820 1206 846 ad
1231 821 1346 855 lapidem
1367 823 1461 856 pedem
1479 827 1565 849 tuum.
1579 823 1620 863 Ad
1640 832 1719 859 quem
1732 824 1826 853 Domi-

1037 872 1090 893 nus
1104 867 1384 900 uosterrespondens.
1397 868 1434 894 ait
1449 878 1454 895 :
1473 868 1610 904 Scriptum
1627 874 1680 902 est,
1698 879 1752 898 non
1765 874 1827 899 ten-

1039 911 1109 939 tabis
1126 911 1271 939 Dominum
1288 911 1370 939 Deum
1386 917 1462 941 tuum
1472 914 1504 941 ".
1521 924 1529 940 t
1547 913 1681 944 Praeterea
1695 918 1826 952 quoniam

195 957 242 984 τδν
255 958 363 985 πάντων
376 958 493 994 ἄρχοντα
503 958 549 985 καὶ
562 958 693 993 τύραννον
706 958 753 984 τοῦ
769 957 866 989 αἰῶνος
881 954 981 990 τούτου1

1039 956 1066 983 in
1093 957 1244 984 tentatione
1267 965 1329 984 cum
1357 957 1433 990 feris,
1456 963 1485 986 ιιι
1512 959 1570 994 ipse
1594 945 1760 998 evangelista
1785 964 1827 991 est

194 1005 228 1040 τῇ
243 1003 327 1040 ὲνθέῳ
340 1004 421 1031 αὐτοῦ
436 1004 550 1041 δυνάμει
569 1005 722 1042 καθαιρεῖν.

1037 1008 1143 1036 auctor,
1157 1003 1330 1037 versabatur,
1345 1012 1407 1032 cum
1426 1006 1525 1040 quibus
1540 1010 1630 1035 autem
1653 1016 1707 1035 non
1721 1008 1827 1037 descri~

194 1056 270 1086 ptum
283 1055 325 1079 est
336 1051 510 1086 palam,eam
526 1060 582 1080 rem
597 1052 684 1087 ipsius
717 1052 813 1087 psalmi
845 1051 1016 1083 vaticinium,
1036 1050 1101 1078 dum
1128 1059 1227 1085 genera
1259 1051 1378 1080 ferarum
1407 1059 1620 1089 commemorat,
1654 1056 1828 1086 manifestius

193 1098 341 1133 eloquitur,
360 1098 404 1126 his
418 1099 530 1126 verbis:
549 1108 558 1125 ‹
580 1099 667 1134 Super
682 1100 803 1135 aspidem
825 1103 852 1127 et
868 1100 1028 1128 basiliscum
1057 1099 1202 1132 ascendas,
1223 1103 1251 1127 et
1261 1101 1439 1129 conculcabis
1454 1102 1559 1131 leonem
1574 1108 1602 1131 et
1626 1104 1787 1141 draconem;
1811 1116 1820 1134 ι

194 1145 240 1172 ubi
256 1146 378 1182 aspidem
393 1150 420 1174 et
434 1146 603 1179 basiliseum,
618 1148 706 1182 ipsum
722 1148 815 1183 utique
830 1147 980 1179 diabolum,
1000 1151 1028 1175 et
1045 1148 1090 1182 qui
1106 1148 1194 1182 ipsum
1215 1152 1378 1183 sequuntur,
1395 1151 1564 1185 principatus
1605 1154 1745 1190 malasque
1775 1161 1826 1190 po-

193 1196 555 1227 testates,concutcaturum
573 1194 699 1222 aliirmat.
733 1194 769 1223 lis
789 1200 892 1227 autem,
918 1196 965 1231 qui
995 1195 1112 1223 similem
1139 1195 1190 1230 ipsi
1208 1195 1336 1224 virtutem
1359 1197 1432 1225 nacti
1459 1203 1533 1231 sunt,
1567 1200 1710 1236 discipulis
1731 1203 1825 1238 utique

193 1242 252 1269 suis
275 1245 357 1277 atque
380 1242 522 1277 apostolis,
546 1245 706 1277 potestatem
731 1243 873 1271 incedendi
897 1251 980 1279 super
999 1247 1140 1278 serpentes
1163 1248 1190 1271 et
1214 1245 1374 1279 scorpiones
1414 1244 1543 1279 donavit,
1575 1255 1631 1275 non
1663 1250 1825 1284 permittens

193 1295 242 1316 eos
265 1289 364 1316 tentari
385 1296 467 1323 supra
489 1297 570 1324 qttattt
592 1289 662 1316 ferre
687 1294 822 1324 possent:
849 1289 882 1316 ad
905 1289 981 1317 illum
1001 1289 1072 1316 enim
1089 1289 1178 1317 solum
1193 1289 1345 1324 spectabat,
1379 1289 1487 1326 pejores
1520 1291 1547 1318 in
1563 1293 1685 1328 nequitia
1702 1299 1824 1330 potesta-

193 1339 245 1366 tes,
263 1341 313 1362 nec
334 1342 390 1362 non
407 1335 496 1369 ipsum
514 1335 636 1362 omnium
662 1335 813 1370 prim-ipem
835 1335 982 1370 sreculique
1001 1335 1084 1369 hujus
1099 1339 1256 1370 tyrannum,
1271 1335 1363 1362 divina
1375 1343 1425 1364 sua
1439 1337 1539 1365 virtute
1550 1343 1735 1373 prosternere.

199 1393 266 1430 Ἀπὸ
288 1393 549 1430 ᾲτοῦνἩσ-ειΐουι-
563 1395 631 1429 Περὶ
656 1395 711 1429 τῆς
731 1397 897 1430 Γαλιλαίας
925 1395 983 1423 τῶν

227 1428 398 1466 ἑθνῶιςηρῳ
417 1427 436 1466 ᾖ
454 1432 470 1457 ὁ
488 1429 589 1466 Σωτὴρ
601 1427 706 1464 ἢμῶιῖ
719 1431 755 1458 τὰ
777 1427 906 1466 πλεῖστα
924 1431 984 1458 τῶν

228 1464 407 1498 παραδόξων
419 1464 594 1499 εἰργάσατο.
609 1466 658 1492 καὶ
674 1465 741 1500 περὶ
761 1465 815 1500 τῆς
835 1466 895 1494 τῶν
909 1466 983 1495 ἀπο-

227 1500 346 1526 στόλων
358 1500 452 1527 αὐτοῦ
469 1500 615 1534 κλήσεως.

230 1555 330 1582 (Τοῦτο
350 1557 456 1593 πρῶτον
474 1557 529 1589 πίε,
552 1558 620 1592 ταχὺ
637 1558 719 1590 ποίει,
733 1556 809 1595 χώρα
828 1557 981 1590 Ζαϐουλὼν.

1035 1395 1073 1423 Ab
1094 1395 1180 1423 Isaia.
1198 1396 1285 1435 —_De
1297 1396 1410 1424 Galilwa
1430 1399 1557 1433 gentium,
1578 1400 1604 1427 in
1623 1408 1676 1435 qua
1700 1400 1825 1430 Salvator
1855 1422 1860 1426 -

1070 1437 1158 1471 noster
1173 1432 1321 1471 maximam
1334 1432 1443 1471 suorum
1454 1432 1644 1471 miraculorum
1658 1442 1758 1471 partem
1766 1438 1825 1466 ραι.

1069 1467 1119 1499 dit,
1132 1471 1156 1494 et
1169 1467 1201 1494 de
1218 1467 1399 1502 apostolorum
1409 1468 1492 1503 ipsius
1507 1471 1650 1499 vocatione.

1069 1550 1154 1589 438
1163 1565 1172 1579 ι
1184 1553 1242 1582 Hoc
1253 1555 1371 1590 primum
1383 1554 1456 1588 bibe,
1469 1556 1525 1585 cito
1537 1556 1591 1590 l'ac,
1603 1560 1678 1595 regio
1688 1559 1822 1596 Zabulott.

191 1599 209 1636 ἠ
231 1601 267 1636 γῆ
292 1601 467 1638 Νεφθαλεὶμ,
494 1604 542 1630 καὶ
560 1604 585 1630 οἱ
606 1603 695 1630 λοιποὶ
720 1605 745 1630 οἱ
772 1604 823 1639 τὴν
844 1604 979 1641 παραλίαν

1031 1602 1104 1628 terra
1118 1599 1305 1636 Nephthalim,
1319 1605 1347 1629 et
1357 1603 1455 1638 reliqui
1471 1604 1635 1632 maritimam
1658 1606 1821 1642 incolentes,

191 1647 396 1681 κατοικοῦντες,
424 1649 471 1675 καὶ
498 1648 586 1686 πέραν
610 1650 656 1677 τοῦ
679 1650 829 1685 Ἰορδάνου,
854 1650 982 1679 Γαλιλαία

190 1691 245 1718 τῶν
267 1692 361 1724 ἐθνῶν,
387 1694 401 1719 ὁ
418 1693 481 1726 λαὸς
506 1694 520 1721 ὀ
535 1695 716 1730 πορευόμενος
740 1697 769 1723 ὲν
786 1697 890 1729 σκότει,
914 1696 982 1724 ἴδετε

191 1737 249 1772 φῶς
267 1737 354 1774 μέγα,
378 1739 424 1766 καὶ
446 1740 502 1772 τοῖς
523 1742 693 1768 κατοικοῦσιν
713 1743 742 1768 ὲν
759 1741 838 1779 χώρᾳ
857 1743 904 1770 καὶ
918 1741 982 1779 σκιᾷ

191 1785 323 1820 θανάτου,
346 1786 404 1821 φῶς
420 1786 521 1823 λάμψει
546 1789 589 1823 ἐφ’
610 1790 691 1824 ὑμᾶς.
719 1787 756 1816 Τὸ
783 1790 909 1817 πλεῖστον
932 1789 981 1817 τοῦ

189 1831 254 1861 λαοῦ
273 1834 286 1861 δ
301 1835 455 1871 κατήγαγες
473 1835 502 1863 ὲν
517 1834 670 1873 εὐφροσύνῃ
688 1845 745 1869 σου,
763 1838 810 1864 καὶ
827 1836 975 1874 εὐφρανθή-

190 1887 281 1907 σονται
301 1879 416 1908 ἐνώπιόν
435 1890 493 1915 σου,
508 1879 545 1914 ὡς
564 1883 588 1909 οἱ
608 1882 813 1919 εὐφραινόμενοι
827 1884 856 1910 ὲν
871 1881 978 1920 ἁμητῷ,

188 1927 237 1953 καὶ
249 1927 278 1953 ὃν
292 1925 392 1962 τρόπον
410 1928 435 1954 oi
456 1928 638 1964 διαιρούμενοι
661 1926 762 1956 σκῦλα·
777 1929 843 1957 διότι
863 1931 980 1966 ἀφαιρε-

189 1971 300 2007 θήσεται
316 1973 330 1998 ὁ
345 1972 426 2007 ζυγὸς
440 1972 454 1999 ὁ
467 1972 510 2000 ὲπ*
527 1973 616 2000 αὐτῶν
633 1973 768 2008 κείμενος,
784 1974 832 2001 καὶ
849 1976 865 2010 ὴ
884 1973 979 2010 ῥάϐδος

188 2018 205 2052 ή
223 2017 269 2044 ἐπὶ
292 2018 339 2045 τοῦ
367 2019 501 2054 τραχήλου
525 2019 625 2047 tiri-3v.
652 2020 709 2056 Τὴν
732 2020 786 2057 γὰρ
808 2021 905 2056 ῥάϐδον
925 2019 979 2047 τῶν

189 2061 376 2089 ἀπαιτούντων
403 2062 559 2091 διεσκέδασε
578 2064 696 2100 Κύριος,
714 2062 751 2097 ὡς
776 2067 807 2101 τῇ
831 2065 922 2102 ἡμέρᾳ

188 2108 234 2134 ἐπὶ
246 2108 374 2144 Μαδιάμθ
388 2110 428 2136 ὃτι
443 2110 533 2136 πᾶσαν
552 2109 647 2146 στολὴν
663 2111 882 2147 ὲπιπνηγμὲνην
900 2110 976 2147 δόλῳ,

188 2154 235 2180 καὶ
251 2154 357 2190 ἱμάτιον
372 2156 440 2191 μετὰ
459 2156 632 2191 καταλλαγῆς
649 2155 818 2189 ἀποτίσουσι,
833 2158 880 2185 καὶ
901 2158 978 2195 θελήι

188 2207 280 2227 σουσιν
295 2202 318 2227 εἰ
334 2195 499 2236 ἐγενήθησαν
514 2203 710 2239 πυρίκαυστοι·
732 2201 772 2231 ὅτι
787 2204 893 2231 παιδίον
915 2206 977 2240 ἐγε-

187 2245 255 2281 νήθη
270 2247 345 2281 ἡμῖν,
361 2248 407 2274 καὶ
427 2247 483 2280 uio;
504 2246 581 2284 ἐδόθη
595 2250 671 2285 ἡμῖν,
686 2247 716 2277 οὗ
735 2247 752 2285 ἡ
766 2250 836 2286 ἀρχὴ
861 2250 976 2286 ἐγενήθη

1033 1650 1060 1674 et
1072 1650 1150 1674 trans
1165 1645 1313 1675 Iordanem
1327 1646 1437 1676 Galilzea
1450 1650 1581 1685 gentium,
1594 1652 1711 1687 populus
1724 1654 1821 1682 ambu-

1033 1692 1092 1720 laus
1111 1693 1139 1720 in
1155 1693 1287 1727 tenebris,
1301 1694 1391 1722 videte
1406 1694 1493 1723 lucem
1511 1703 1649 1732 magnam,
1666 1698 1821 1729 habitantes

1032 1738 1060 1766 in
1084 1739 1195 1773 regione
1214 1743 1242 1767 et
1265 1740 1362 1767 umbra
1381 1742 1488 1773 mortis,
1502 1742 1547 1770 lux
1568 1743 1720 1778 splendebit
1740 1753 1822 1782 super

1032 1791 1091 1813 vos.
1115 1782 1267 1813 Plurimum
1294 1784 1387 1822 populi
1414 1789 1488 1823 quod
1511 1788 1648 1817 deduxisti
1674 1790 1702 1818 in
1727 1791 1819 1821 latitia

1031 1834 1096 1859 tua:
1112 1836 1138 1859 et
1146 1832 1311 1860 laetabuntur
1328 1841 1420 1860 coram
1437 1837 1474 1867 te,
1491 1838 1621 1870 tanquam
1635 1837 1682 1872 qui
1695 1838 1820 1867 iactantur

1032 1877 1059 1904 in
1077 1885 1178 1909 utesse,
1194 1882 1221 1906 et
1244 1879 1474 1914 quemadmodum
1496 1880 1542 1916 qui
1566 1882 1690 1911 dividunt
1705 1885 1792 1920 spolia
1810 1892 1818 1915 ι

1030 1925 1158 1959 quoniam
1170 1925 1309 1953 auferetur
1317 1926 1413 1961 jugum
1431 1927 1505 1962 quod
1518 1924 1682 1964 super-ipsis
1699 1933 1819 1966 positum

1029 1976 1088 2002 est,
1110 1976 1138 2000 et
1163 1972 1240 2007 virga
1262 1980 1323 2008 qus:
1351 1981 1435 2008 super
1459 1975 1530 2002 collo
1553 1976 1685 2010 ipsorum.
1707 1977 1818 2015 Virgam

1029 2017 1102 2044 enim
1118 2018 1300 2053 repetentium
1320 2019 1463 2057 dissipavit
1477 2020 1620 2056 Dominus,
1636 2023 1709 2052 sicut
1724 2025 1752 2053 in
1773 2026 1819 2055 die

1029 2071 1112 2098 super
1127 2063 1256 2096 Madiam,
1275 2065 1404 2100 quoniam
1419 2074 1528 2095 omnent
1550 2073 1653 2097 vestem
1669 2077 1819 2108 congrega-

1029 2112 1084 2136 tam
1106 2108 1180 2142 dolo,
1196 2114 1223 2137 et
1238 2111 1432 2139 vestimentum
1452 2121 1515 2140 cum
1542 2117 1740 2148 permutatione
1756 2124 1818 2153 per-

1029 2155 1147 2188 solvent,
1169 2160 1197 2183 et
1215 2157 1308 2184 volent
1321 2157 1343 2184 si
1367 2157 1431 2185 facti
1452 2159 1555 2188 fuerint
1580 2161 1642 2195 igne
1658 2163 1816 2192 combusti:

1027 2201 1158 2236 quoniam
1185 2203 1318 2237 puerulus
1331 2208 1412 2232 natus
1427 2209 1470 2232 est
1491 2206 1581 2239 nobis,
1603 2211 1630 2235 et
1650 2208 1723 2237 ﬁlius
1736 2210 1818 2239 dattts

1028 2251 1070 2274 est
1086 2247 1175 2281 nobis,
1186 2249 1266 2284 cujus
1277 2250 1445 2286 principatus
1459 2252 1564 2280 exstitit
1578 2261 1660 2289 super
1673 2255 1816 2285 humerum

187 2292 234 2318 ἐπὶ
252 2291 298 2319 τοῦ
315 2292 391 2328 ὤμου
409 2293 499 2320 αὑτοῦ.
524 2295 578 2321 Καὶ
599 2295 722 2322 καλεῖται
743 2295 772 2322 τὸ
789 2296 874 2331 ὄνομα
892 2293 975 2323 αὑτοῦ

1031 2291 1099 2326 ejus.
1112 2291 1145 2319 Et
1160 2294 1305 2322 vocabitur
1328 2303 1427 2323 nomen
1452 2297 1514 2332 ejus
1530 2299 1621 2334 magni
1643 2302 1751 2329 consilii
1767 2311 1818 2330 an-

187 2337 308 2373 μεγάλης
331 2337 427 2374 βουλῆς
447 2339 575 2374 ἄγγελος,
593 2340 684 2376 ἅρχων
712 2342 833 2377 εἰρήνης,
853 2341 975 2374 ἐξουσια-

186 2383 262 2417 στὴς,
276 2383 342 2414 Θεὸς
364 2384 487 2419 ἰσχυρὸς,
506 2385 596 2421 πατὴρ
613 2386 659 2413 τοῦ
682 2384 822 2421 μέλλοντος
841 2387 947 2420 αἰῶνος.
962 2399 971 2415 t

184 2427 258 2463 Πρὸς
279 2429 364 2456 ἅπασι
383 2431 440 2462 τοῖς
464 2431 554 2463 ἄλλοις
578 2431 730 2468 ἐπληροῦτο
752 2434 799 2459 καὶ
822 2431 908 2460 ταῦτα
927 2434 974 2461 ἐπὶ

184 2473 231 2501 τὸν
251 2475 368 2512 Σωτῆρα
389 2477 435 2503 καὶ
450 2477 550 2513 Κύριον
571 2478 649 2513 ἡμῶν
672 2476 774 2514 Ἰησοῦν
793 2479 838 2505 τὸν
853 2479 972 2515 Χριστὸν

183 2519 231 2548 τοῦ
244 2521 324 2553 Θεοῦ,
346 2522 389 2548 ὅτε
411 2523 482 2550 κατὰ
508 2522 552 2550 τὸν
577 2523 731 2559 θαυμαστὸν
764 2523 970 2562 εὖαγγελιστὴν,

185 2575 197 2592 1
210 2565 349 2600 Ἀκούσας,
366 2567 405 2594 ὅτι
425 2561 549 2603 Ἰωάννης
568 2568 719 2604 παρεδόθη,
742 2568 916 2605 ἀνεχώρησεν
932 2571 972 2602 εἰς

182 2611 233 2648 τὴν
249 2612 402 2645 Γαλιλαίαν,
427 2613 474 2640 καὶ
498 2611 655 2640 καταλιπὼν
676 2615 724 2650 τὴν
738 2612 864 2651 Ναζαρὲθ
888 2615 972 2643 ἐλθὼν

183 2657 343 2695 κατῴκησεν
365 2659 405 2691 εἰς
420 2659 605 2695 Καπερναοὺμ
628 2660 678 2696 τὴν
697 2661 921 2696 παραθαλασσίαν
942 2663 972 2690 ὲν

181 2703 266 2739 optet;
280 2703 422 2731 Ζαϐουλὼν
441 2706 488 2732 καὶ
505 2702 677 2741 Νεφθαλεὶμ,
698 2707 772 2738 ὅπως
794 2707 923 2743 πληρωθῇ
941 2707 972 2735 τὸ

183 2749 265 2785 ῥηθὲν
285 2750 330 2777 διὰ
348 2750 458 2777 Ἡσαΐου
476 2751 523 2777 τοῦ
541 2752 679 2787 προφήτου
696 2751 837 2786 λέγοντοςθ
861 2754 900 2789 Γῆ
920 2755 972 2781 Ζα-

183 2794 296 2828 ὁουλὼν,
319 2796 367 2823 κιὶ
381 2795 417 2832 γῆ
430 2797 587 2833 Νεφθαλεὶμ
599 2818 606 2829 ,
628 2798 687 2825 ὁδὸν
704 2798 841 2834 θαλάσσης
851 2819 859 2831 ,
883 2800 972 2835 πέραν

181 2840 230 2866 τιιῦ
249 2840 397 2876 Ἰορδάνου,
418 2842 548 2870 Γαλιλαία
570 2843 624 2869 τῶν
644 2843 739 2876 ἐθνῶν,
762 2843 776 2871 ό
792 2844 856 2876 λαὸς
878 2845 968 2881 καθή-

182 2893 265 2921 μενος
280 2887 308 2912 ὲν
323 2886 412 2914 σκότει
427 2887 485 2922 φῶς
498 2885 551 2914 εἶδε
568 2886 650 2923 μέγα,
667 2889 713 2915 καὶ
726 2891 782 2921 τοῖς
797 2891 970 2918 κατοικοῦσιν

220 2962 243 2979 ³³
261 2963 354 2992 Matth.
371 2972 412 2996 tv,
428 2964 488 2992 5-7.
527 2966 549 2982 "
570 2966 622 2993 lsa.
641 2974 683 2998 Ix,
701 2967 757 2994 1-6.

364 3009 499 3039 Panos.
527 3011 585 3040 Gn.
612 3011 710 3042 XX".

1028 2337 1116 2372 gelus,
1145 2339 1273 2374 princeps
1303 2341 1390 2375 pacis,
1411 2341 1457 2376 jus
1478 2346 1504 2370 et
1525 2345 1675 2378 potentiam
1700 2347 1815 2382 habens,

1028 2381 1101 2411 Deus
1126 2383 1218 2417 fortis,
1244 2391 1323 2420 pater
1347 2387 1431 2414 futuri
1459 2389 1596 2418 ateculi”.
1613 2401 1622 2417 ι
1640 2389 1743 2420 Praeter
1762 2381 1815 2422 alia

1028 2429 1119 2457 omnia
1128 2432 1261 2466 completa
1275 2438 1340 2460 sunt
1353 2434 1435 2461 etiarn
1452 2435 1509 2463 haec
1523 2436 1550 2463 in
1565 2435 1705 2466 Salvatore
1718 2446 1751 2467 ac
1765 2439 1817 2467 Do-

1028 2475 1101 2503 mino
1117 2481 1212 2505 nostro
1233 2477 1309 2511 Jesu,
1326 2479 1372 2514 qui
1390 2480 1518 2509 Christus
1540 2481 1586 2510 Del
1606 2488 1657 2514 est,
1674 2491 1729 2520 quo
1743 2488 1815 2513 tent-

1025 2528 1102 2557 pore,
1121 2527 1151 2550 ut
1165 2523 1276 2552 divinus
1299 2527 1465 2562 evangelista
1483 2533 1580 2556 auctor
1597 2534 1649 2563 est,
1666 2540 1675 2556 ι
1691 2531 1814 2562 Audiens

1025 2571 1097 2605 quod
1114 2570 1235 2599 Joannes
1257 2574 1377 2601 traditus
1392 2580 1475 2607 esset.
1491 2577 1608 2604 secessit
1622 2578 1649 2606 in
1662 2577 1813 2613 Galilaeam.

1025 2618 1052 2642 et
1069 2615 1164 2643 relicta
1178 2615 1323 2651 Nazareth,
1336 2620 1447 2647 veniens
1458 2621 1590 2649 habitavit
1601 2623 1627 2650 in
1642 2624 1815 2660 Capernaum

1023 2661 1101 2696 juxta
1128 2670 1202 2691 mare
1227 2664 1255 2691 in
1280 2664 1380 2693 finibus
1395 2664 1517 2694 Zabulon
1538 2671 1565 2695 et
1583 2668 1769 2705 Nephthallm,
1784 2674 1815 2700 ut

1026 2708 1185 2743 impleretur
1199 2710 1272 2744 quod
1290 2711 1393 2739 dictum
1408 2715 1450 2740 est
1475 2721 1524 2748 per
1538 2713 1635 2742 Isaiam
1654 2717 1814 2751 prophetam

1025 2753 1159 2782 dicentem
1180 2763 1186 2781 :
1209 2755 1294 2784 Terra
1319 2756 1454 2790 Zabulon,
1475 2763 1502 2786 et
1527 2763 1600 2787 terra
1629 2761 1814 2797 Nephthalim,

1024 2801 1095 2827 viam
1112 2802 1207 2834 maris,
1226 2806 1302 2831 trans
1321 2803 1468 2832 Jordanem
1483 2804 1593 2834 Galilaa
1610 2809 1750 2842 gentium:
1766 2818 1816 2842 po-

1024 2846 1105 2881 pulus
1121 2847 1219 2875 sedens
1244 2849 1271 2875 in
1294 2850 1416 2878 tenebris
1441 2851 1509 2879 vidit
1529 2852 1619 2880 lucem
1634 2860 1816 2891 magnam,et

1023 2891 1210 2922 habitantibus
1232 2895 1261 2922 in
1280 2896 1391 2932 regione
1405 2901 1433 2925 et
1447 2898 1546 2927 umbra
1559 2901 1667 2935 mortis,
1686 2901 1733 2929 lux
1754 2906 1814 2930 orta

1600 3022 1639 3053 22
