2099 3217
295 192 349 226 683

629 192 763 221 EUSEBII
779 192 1018 222 CESARIENSIS
1035 193 1101 222 OPP
1128 193 1218 221 PARS
1237 193 1269 221 ll.
1281 209 1316 215 -—
1330 192 1569 222 APOLOGETICA

1862 195 1914 225 684

295 261 339 285 est
355 257 406 286 eis.
423 255 462 284 Ex
479 256 526 284 illo
539 255 622 291 igitur
636 255 720 291 coepit
734 254 816 282 Iesus
835 255 984 291 praedicare
996 259 1025 282 et
1036 254 1073 282 di-

1127 256 1163 282 ἐν·
1176 254 1252 290 χώρᾳ
1271 255 1319 281 καὶ
1342 256 1407 290 σκιᾷ
1426 255 1541 282 θανάτου
1553 275 1561 287 ,
1577 255 1636 290 φῶς
1656 255 1792 282 ἀνέτειλεν
1809 257 1913 289 αὐτοῖς.

296 300 358 332 cere
371 312 379 330 :
395 301 586 331 Paenitentiam
602 301 684 336 agite.
699 301 830 336 quoniam
850 301 1078 336 appropinquavit

295 357 408 384 regnum
421 348 563 375 calorum.
578 346 741 374 Praeterieris
755 350 846 373 autem
855 346 934 381 juxta
943 353 1018 373 mare
1029 345 1079 373 Ga-

296 396 370 422 lita-aa
383 394 450 421 vidit
462 394 531 421 duos
546 393 655 425 fratres,
672 392 825 419 Simeonem
842 392 888 426 qui
902 396 1014 419 vocatur
1026 391 1078 419 Pe-

295 447 365 473 trus,
389 445 416 467 et
436 440 573 467 Andream
598 439 709 466 fratrem
734 438 794 473 ejus
818 439 957 465 mittentes
973 443 1029 465 rete
1049 439 1076 465 in

295 495 388 514 mare:
404 490 483 513 erant
507 486 578 513 enim
607 485 768 520 piscatores;
783 489 810 512 et
831 485 868 511 ait
884 485 937 511 illis
955 494 960 511 :
980 484 1077 511 Venite

293 537 355 569 post
367 541 420 565 me,
432 537 459 560 et
476 532 572 559 faciam
585 539 633 558 vos
646 531 796 566 piscatores
811 531 962 558 hominum.
976 531 1016 557 llli
1029 538 1078 557 au-

294 582 347 606 tem
360 578 450 605 statim
466 577 568 605 relictis
583 577 684 604 retibus
698 577 784 604 secuti
801 581 864 603 sunt
882 584 955 604 eum.
972 576 1004 602 Et
1017 584 1078 610 pro-

294 625 383 652 fectus
403 625 466 652 inde
482 624 550 651 vidit
571 624 640 650 alios
655 623 723 650 duos
742 623 849 655 fratres,
865 622 997 650 Iacobum
1024 622 1076 649 Ze-

292 671 388 702 betlzei,
399 674 425 697 et
440 669 572 697 Joannem
592 669 703 696 fratrem
718 669 778 703 ejus
795 669 821 695 in
839 669 901 695 navi
917 675 978 695 cum
997 667 1077 695 lebe-

292 718 350 744 daao
363 720 440 752 patre
454 716 574 751 ipsorum
593 716 747 742 reﬁcientes
767 715 835 742 retia
852 722 912 745 sua,
927 718 953 741 et
969 713 1077 741 vocavit

291 770 338 790 eos
352 770 359 788 :
377 762 416 789 illi
432 765 521 788 autem
539 761 670 788 continuo
684 761 776 787 relicta
793 760 854 786 navi
868 763 895 786 et
910 763 986 794 patre
1002 759 1074 793 ipsm

291 815 362 839 rum,
378 807 466 834 secuti
479 810 543 833 sunt
557 813 628 832 eum.
644 806 676 831 Et
686 805 821 832 circuibat
835 803 915 831 Jesus
928 808 1011 830 telam
1027 802 1077 830 Ga-

291 854 388 880 lilaeam
402 853 504 880 docens
518 853 545 878 in
558 851 737 879 conventibus
751 858 858 882 eorum,
874 850 956 886 439
965 854 992 877 et
1007 858 1076 885 pra:-

289 899 386 927 dicans
399 898 573 934 Evangelium
594 898 710 933 regni,et
725 905 825 925 sanans
841 904 949 924 omnem
965 897 1075 930 aagritu-

1135 300 1202 327 Ἀπὺ
1222 300 1284 326 τότε
1304 299 1370 334 γοῦν
1393 298 1495 335 ἤρξατο
1523 302 1538 327 ό
1561 300 1664 336 Ἰησοῦς
1691 301 1839 337 κηρύσσειν
1868 302 1915 329 καὶ

1127 346 1235 381 λέγειν·
1265 346 1448 378 Μετανοεῖτε,
1471 347 1512 373 ὅτι
1527 347 1642 381 ἥγγικεν
1668 347 1686 382 ἡ
1710 346 1832 381 βασιλεία
1860 347 1917 374 τῶν

1128 393 1259 429 οὐρανῶν.
1278 393 1413 428 Παρὰγων
1430 393 1458 419 δὲ
1476 393 1551 427 παρὰ
1568 393 1616 428 τὴν
1636 392 1773 419 θάλασσαν
1794 393 1843 428 τῆς
1860 394 1912 420 Γα-

1128 439 1231 470 λιλαίας
1248 436 1301 464 εἶδε
1321 438 1368 464 δύο
1388 438 1535 472 ἀδελφοὺς,
1553 438 1661 472 Σίμωνα
1681 439 1914 474 τὸν-καλούμενον

1128 485 1240 520 Πέτρον,
1259 485 1306 510 καὶ
1320 484 1447 519 Ἀνδρέαν
1463 484 1508 510 τὸν
1527 484 1639 519 ἀδελφὸν
1655 483 1749 515 αὑτοῦ,

1127 529 1329 565 ἀμιρίϐληστρον
1353 530 1392 560 εἰς
1411 529 1459 564 τὴν
1477 528 1611 555 θάλασσαν
1623 537 1630 543 ·
1648 527 1718 565 ἦσαν
1741 530 1795 565 γὰρ
1812 530 1910 561 ἁλιεῖς·

1127 577 1173 602 καὶ
1193 575 1266 610 λέγει
1292 576 1396 607 αὐτοῖς’
1421 575 1501 601 Δεῦτε
1526 575 1612 601 ὀπίσω
1637 584 1704 610 μου,
1734 576 1780 602 καὶ
1805 577 1912 609 ποιήσω

1127 621 1198 655 ὑμᾶς
1221 620 1306 651 ἁλιεῖς
1332 620 1494 655 ἀνθρώπων.
1521 620 1552 646 Οἱ
1576 620 1604 646 δὲ
1626 620 1726 651 εὐθέως
1748 620 1862 654 ἁςέντες
1879 620 1912 647 τὶ

1126 667 1220 693 δίκτυα
1234 666 1419 701 ἠκολούθησαν
1438 666 1521 701 αὐτῷ.
1536 666 1590 692 Καὶ
1606 666 1710 701 προεας
1725 666 1828 692 ἐκεῖθεν
1843 664 1912 692 εἶδεν

1126 713 1221 745 ἄλλους
1238 713 1285 740 δύο
1307 713 1447 747 ἀδελφοὺς,
1466 712 1591 738 Ἰάκωϐον
1618 713 1662 738 τὸν
1687 711 1733 738 τοῦ
1759 711 1911 742 Ζεϐεδαίου,

1126 760 1171 785 καὶ
1189 759 1314 794 Ἰωάννην
1328 759 1373 784 τὸν
1392 758 1504 792 ἀδελᾳδν
1527 758 1618 789 αὐτοῦ,
1637 759 1665 784 ἐν
1681 757 1719 792 τῷ
1740 757 1824 792 πλοίῳ
1842 758 1911 792 μετὰ

1125 804 1266 831 Ζεϐεδαίου
1279 804 1324 831 τοῦ
1337 804 1437 840 πατρὸς
1450 803 1538 830 αὐτῶν
1550 803 1761 839 καταρτίζοντας
1773 802 1806 829 τὰ
1818 802 1911 829 δίκτυα

1125 851 1224 883 αὐτῶν,
1246 851 1292 877 καὶ
1308 851 1435 877 ἐκάλεσεν
1449 849 1556 881 αὐτούς.
1575 850 1606 875 Οἱ
1622 850 1650 875 δὲ
1669 849 1779 880 εὐθέως,
1795 848 1910 883 ἁςρέντες

1125 898 1155 924 τὺ
1181 897 1271 924 πλοῖον
1304 897 1352 923 καὶ
1381 897 1427 922 τὸν
1453 896 1558 931 πατέρα
1590 895 1696 926 αὐτῶν,
1725 894 1910 929 ἠκολούθησαν

289 946 380 973 dinem
391 949 418 973 et
430 933 536 972 omnem
551 945 708 980 languorem
721 944 748 971 in
765 944 873 979 populo.
889 943 920 970 Et
934 943 1001 970 abiit
1015 943 1075 978 opi-

1127 942 1209 977 αὐτῷ.
1227 943 1282 969 Καὶ
1297 942 1428 978 περιῆγεν
1451 942 1465 967 ὁ
1485 941 1586 976 Ἰησοῦς
1607 941 1670 976 ὃλην
1694 940 1742 976 τὴν
1757 940 1909 971 Γαλιλαίαν,

290 992 336 1019 nio
349 991 409 1026 ejus
424 990 452 1018 in
470 993 553 1018 totam
572 990 679 1025 Syriam
693 999 699 1016 :
722 994 749 1017 et
765 989 913 1016 all'erebant
926 989 951 1016 ei
977 996 1073 1016 omnes

288 1038 360 1065 male
385 1037 526 1070 habentes,
543 1036 626 1063 variis
647 1035 750 1062 morbis
767 1039 794 1062 et
813 1035 981 1062 cruciatibus
997 1042 1074 1062 com—

288 1082 448 1118 prehensas.
465 1085 493 1109 et
511 1081 645 1108 daemonia
667 1080 811 1113 habentes,
831 1084 858 1107 et
884 1079 1030 1111 lunaticos,
1046 1083 1073 1105 et

287 1128 461 1163 paralyticos,
491 1131 518 1154 et
542 1126 657 1154 sanabat
671 1133 730 1157 eos,
755 1129 785 1152 et
812 1125 997 1160 sequebantur
1010 1132 1072 1151 eum

286 1175 374 1202 turba!
397 1174 489 1200 multa:
503 1181 519 1200 a
533 1172 644 1200 Galiltea
657 1173 690 1198 “.
710 1182 719 1198 ι
741 1172 814 1199 Sane
829 1171 886 1198 hzec
902 1171 992 1198 omnia
1007 1179 1071 1206 pro-

286 1225 347 1256 pter
363 1220 534 1255 prophetiam
557 1219 682 1254 exposui,
701 1226 761 1253 qua:
777 1219 803 1245 in
819 1218 928 1246 Galilma
944 1226 1071 1253 magnum

288 1267 379 1293 lumen
393 1266 450 1293 lore
465 1265 617 1300 pollicetur,
631 1270 658 1292 et
672 1265 698 1291 in
716 1265 825 1300 regione
840 1264 961 1291 Zabulon
973 1271 1005 1290 ac
1017 1263 1071 1291 Ne-

288 1312 430 1346 pbthalim,
448 1319 509 1338 cum
528 1315 617 1338 tamen
642 1315 738 1337 neutra
755 1311 790 1337 sit
813 1309 922 1336 Galilzea
939 1309 1070 1344 gentium.

245 1389 257 1398 .
286 1358 342 1384 Cur
353 1362 443 1384 autem
456 1357 483 1383 in
499 1356 607 1383 Galilaea
623 1356 743 1391 gentium
757 1355 904 1390 plurimum
917 1355 1072 1382 diversatus

286 1403 346 1431 est?
360 1403 494 1430 Mmirum
508 1407 538 1429 ut
552 1402 674 1429 omnium
690 1402 810 1437 gentium
827 1401 978 1428 vocationis
992 1408 1072 1428 exor-

286 1450 331 1475 dia
347 1447 542 1479 constitueret;
557 1446 658 1474 etenim
674 1446 738 1474 inde
761 1446 897 1481 profectos
922 1446 1071 1481 discipulos

287 1502 351 1522 suos
367 1494 498 1521 evocavit.
514 1493 648 1526 Quocirca
664 1492 746 1528 pau'lo
766 1497 826 1528 post
836 1493 862 1520 in
875 1493 969 1520 eodem
986 1493 1077 1520 Evanr

286 1541 356 1577 gelio
366 1540 487 1568 invenies
499 1539 652 1567 Matthseum
664 1539 698 1567 de
708 1538 817 1567 Galilaaa
830 1543 955 1567 vocatum
966 1539 1068 1567 fuisse:

285 1591 312 1614 et
332 1587 358 1614 in
375 1586 430 1614 alio
451 1593 548 1614 rursus
571 1585 647 1613 Levi.
663 1585 805 1621 Philippus
827 1589 928 1618 autem,
943 1590 972 1613 ut
997 1585 1069 1621 apud

285 1633 416 1661 Joannem
432 1632 540 1668 legitur,
556 1632 589 1659 de
609 1618 762 1659 Bethsaid-a'
774 1632 913 1667 prolectus
932 1635 974 1659 est
1001 1618 1069 1659 civi-
1082 1618 1104 1648 (ἶ

285 1682 341 1707 tate
355 1679 470 1706 Andreae
484 1683 510 1706 et
526 1678 598 1706 Petri
611 1687 617 1704 :
635 1679 709 1713 atqui
723 1679 778 1705 haec
793 1678 850 1713 ipsa
867 1683 926 1705 erat
941 1678 1067 1706 Galilaeam

285 1724 355 1757 Quin
370 1724 451 1752 etiam
471 1724 544 1758 apud
566 1723 691 1751 eumdem
708 1724 901 1758 evangelistam
918 1724 1018 1758 nuptiae
1033 1724 1069 1750 la-

282 1775 335 1798 etae
348 1774 414 1798 sunt
430 1771 457 1797 in
468 1770 542 1797 Cana
557 1769 684 1801 Galilaate,
701 1769 746 1796 ubi
761 1777 822 1796 cum
841 1769 971 1797 Dominus
987 1770 1069 1796 admi-

284 1817 406 1843 rabiliter
422 1823 519 1850 aquam
535 1815 563 1842 in
580 1816 673 1846 vinum
691 1819 897 1847 commutasset,
921 1815 1069 1842 miraculo-

282 1869 344 1888 rum
358 1861 457 1889 ibideui
475 1862 581 1890 initium
598 1861 671 1892 fecit,
688 1868 743 1896 quo
758 1865 879 1896 tempore
895 1871 904 1886 ι
920 1861 1068 1888 declaravit

283 1907 399 1940 gloriam
424 1911 543 1936 suam,et
558 1906 734 1933 crediderunt
751 1907 778 1933 in
795 1915 855 1933 eum
869 1906 1034 1941 discipuli".
1055 1916 1065 1932 ι

282 1951 434 1980 Considera
449 1959 512 1978 vero
529 1959 594 1978 num
610 1951 662 1978 hoc
678 1952 766 1986 ipsum
783 1952 900 1986 primum
918 1950 1068 1979 Salvatoris

282 1998 372 2026 nostri
398 1998 571 2028 miraculum,
596 1997 668 2032 quod
685 1997 713 2024 in
738 1997 812 2024 Cana
827 1997 944 2025 Galilaeae
963 1998 1066 2025 editum

282 2048 336 2077 est,
351 2045 415 2071 dum
429 2052 499 2078 aqua
514 2043 541 2070 in
561 2044 654 2070 vinum
673 2047 870 2075 commutatur,
895 2043 1023 2070 divinans
1038 2043 1066 2070 in

282 2093 342 2126 ipso
365 2091 515 2126 prophetiae
532 2090 674 2124 principio,
690 2097 722 2117 ea
748 2098 808 2126 qua:
835 2098 907 2117 nunc
933 2093 1067 2117 tractatur

282 2138 370 2164 oratio
387 2137 520 2172 signiticet
541 2136 594 2163 illis
618 2136 726 2163 verbis:
745 2145 754 2161 ι
772 2135 829 2162 Hoc
852 2136 968 2170 primum
992 2135 1064 2168 bibe,

281 2183 337 2209 cito
353 2182 405 2214 fac,
421 2182 495 2217 regio
517 2181 637 2208 Zabulon
659 2186 686 2208 et
707 2185 779 2208 terra
807 2180 988 2216 Nephthalim,
1012 2180 1066 2207 Ga-

281 2228 350 2255 lilaaa
364 2231 495 2262 gentium.
507 2237 515 2252 I
533 2225 609 2259 Quod
627 2226 649 2253 si
666 2227 718 2253 tale
732 2226 894 2253 miraculum
911 2229 974 2252 nota
988 2233 1064 2260 quae-

278 2274 343 2301 dam
368 2273 419 2300 fuit
443 2273 594 2299 arcaninris
618 2273 741 2299 mistura:
763 2279 797 2299 ex
820 2279 852 2299 ea
877 2276 1062 2303 commutatae,
1079 2289 1101 2316 Β

279 2327 339 2356 qua:
354 2319 389 2346 ad
402 2326 502 2354 corpus
519 2319 605 2353 magis
622 2321 770 2352 spectaret,
786 2319 812 2344 in
826 2317 1018 2351 intelligentem
1032 2325 1064 2345 ac

279 2366 447 2401 spiritualem
459 2365 578 2392 laetitiam
591 2364 740 2398 spectantis
756 2363 789 2390 ad
803 2364 881 2390 (idem
892 2362 959 2390 Novi
968 2363 1064 2391 Testa—

279 2412 361 2440 menti
385 2412 518 2442 misturae,
537 2410 598 2437 vide
622 2418 655 2436 ne
670 2410 723 2436 hoc
750 2409 838 2444 ipsum
854 2417 962 2445 quoque
977 2410 1011 2436 ad
1031 2417 1062 2436 ea

277 2466 339 2492 quze
354 2457 388 2485 de
403 2457 514 2484 Galilaaa
531 2456 603 2483 dicta
625 2459 700 2486 sunt,
724 2455 928 2482 accommodate
956 2455 1062 2490 signiﬁ-

276 2504 388 2535 caverit,
408 2511 510 2530 canens
524 2501 753 2536 quemadmodum
769 2501 820 2528 sub
836 2501 938 2528 Christi
962 2500 1063 2528 adven-

278 2554 335 2577 tum
352 2549 432 2583 primi
455 2548 589 2579 omuium,
608 2547 626 2574 ii
643 2547 689 2582 qui
703 2547 825 2574 Zabulon
841 2554 872 2574 ac
887 2546 1060 2582 Nephthalim

277 2595 440 2625 habitarent,
457 2602 510 2621 non
543 2597 632 2620 autem
649 2593 695 2628 qui
711 2592 832 2620 Judteam
849 2597 876 2619 et
896 2592 1060 2624 Jerusalem,

276 2645 358 2675 potus
385 2639 547 2675 evangelicae
570 2639 773 2673 praedicationis
800 2638 948 2672 participes
975 2637 1060 2664 futuri

276 2692 379 2714 essent.
396 2686 482 2713 Porro
499 2686 542 2714 his
557 2686 656 2713 laetitia).
673 2693 785 2712 causam
798 2685 835 2711 ait
851 2684 945 2715 fuisse,
966 2685 1060 2720 ingen-

278 2733 314 2760 tis
328 2733 398 2760 lucis
409 2733 630 2765 illustrationem,
646 2731 692 2766 qui
711 2731 821 2765 quidem
841 2735 902 2756 ante
914 2730 1059 2757 adventum

278 2779 306 2806 in
327 2779 446 2806 tenebris
465 2778 601 2809 sedentes.
627 2778 654 2804 in
676 2778 788 2811 regione
806 2780 831 2804 et
851 2776 947 2803 umbra
963 2776 1060 2803 mortis

278 2824 419 2852 sedebant.
438 2822 537 2850 Exorto
559 2827 647 2849 autem
671 2822 725 2849 illis
749 2822 862 2849 salutari
889 2821 1001 2853 lumine.
1021 2820 1059 2847 ita

314 2915 336 2931 ⁸ο
358 2913 440 2941 Matth
469 2922 510 2945 iv,
528 2912 621 2941 12-25.
659 2911 679 2928 "
695 2910 772 2939 Joan.
791 2919 825 2944 ιι,
843 2910 884 2938 11.

1123 989 1255 1015 διδάσκων
1271 989 1298 1014 ἐν
1312 990 1370 1020 ταῖς
1386 989 1556 1021 συναγωγαῖς
1578 987 1678 1018 αὐτῶν,
1693 987 1740 1012 καὶ
1763 986 1910 1022 κηρύσσων

1122 1035 1153 1060 τὺ
1171 1034 1334 1068 Εὑαγγέλιον
1350 1033 1399 1068 τῆς
1417 1033 1561 1069 βασιλείας,
1579 1033 1625 1060 καὶ
1644 1032 1802 1068 θεραπεύων
1820 1033 1909 1059 πᾶσαν

1123 1081 1209 1111 νόσον,
1226 1082 1274 1107 καὶ
1291 1082 1381 1107 πᾶσαν
1406 1080 1539 1115 μαλακίαν
1559 1080 1588 1105 ἐν
1602 1079 1640 1114 τῷ
1662 1078 1728 1114 λαῷ.
1744 1079 1800 1105 Καὶ
1819 1078 1908 1114 ἀπῆλ-

1123 1128 1167 1154 θεν
1183 1128 1200 1163 ἡ
1216 1127 1284 1162 ἀκοὴ
1303 1127 1384 1153 αὑτοῦ
1402 1128 1440 1158 είς
1457 1126 1520 1161 ὅλην
1538 1126 1588 1161 τὴν
1613 1126 1729 1161 Συρίαν*
1754 1125 1801 1151 καὶ
1823 1132 1910 1160 προσ-

1125 1174 1242 1208 ήνεγκαν
1257 1173 1329 1208 αὑτῷ
1346 1173 1449 1204 πάντας
1463 1173 1524 1203 τοὺς
1539 1171 1631 1203 κακῶς
1647 1171 1767 1206 ἔχοντας,
1776 1170 1910 1201 ποικίλαις

1122 1218 1208 1249 νόσοις
1225 1218 1270 1244 καὶ
1289 1217 1414 1252 βασάνοις
1433 1215 1638 1251 συνεχομένους,
1661 1213 1908 1249 δαιμονιζομένους,

1122 1265 1169 1290 καὶ
1187 1262 1438 1298 σεληνιαζομένους.
1453 1263 1499 1289 καὶ
1516 1260 1727 1297 παραλυτικοὶς,
1743 1259 1790 1286 καὶ
1809 1258 1907 1294 ἑθερά-

1123 1318 1221 1336 πευσεν
1238 1309 1353 1340 αὐτοὺς,
1372 1310 1418 1335 καὶ
1437 1307 1621 1343 ἠκολούθησαν
1636 1305 1711 1341 αὒτῷ
1724 1305 1796 1340 ὄχλοι
1817 1304 1909 1332 πολλοὶ

1121 1356 1175 1382 ἀπὸ
1189 1356 1237 1391 τῆς
1253 1346 1405 1386 Γαλιλαίας.
1424 1364 1433 1380 ι
1452 1355 1519 1380 ’Ὁλα
1535 1354 1563 1380 δὲ
1583 1352 1669 1379 ταῦτα
1685 1351 1840 1386 ὲκτέθειμαι
1857 1350 1908 1385 τῆς

1121 1401 1288 1438 προςητείας
1307 1401 1409 1432 ἕνεκεν,
1430 1402 1464 1436 τῇ
1476 1399 1604 1434 Γαλιλαίᾳ
1623 1398 1695 1433 μέγα
1718 1397 1775 1431 φῶς
1798 1395 1907 1422 ἔσεσθαι

1122 1447 1360 1482 ὲπαγγελλομένης
1367 1448 1400 1481 τῇ
1409 1455 1437 1472 τε
1447 1446 1522 1481 χώρᾳ
1532 1444 1672 1472 Ζαϐουλὼν
1685 1444 1732 1471 καὶ
1738 1442 1905 1478 Νεφθαλεὶμ,

1121 1494 1248 1529 οὐδετέρᾳ
1265 1492 1435 1529 τυγχανοὺσῃ
1451 1492 1500 1527 τῆς
1516 1491 1661 1522 Γαλιλαίας
1674 1490 1729 1516 τῶν
1748 1489 1842 1516 ἐθνῶν.
1858 1488 1907 1515 Διὰ

1120 1540 1146 1566 τί
1160 1540 1188 1566 δὲ
1202 1540 1248 1566 ἐπὶ
1265 1539 1313 1574 τῆς
1328 1538 1473 1569 Γαλιλαίας
1493 1537 1547 1563 τῶν
1574 1536 1658 1562 ἐθνῶν
1672 1536 1794 1571 κλήσεως
1815 1533 1907 1570 «paulo

1123 1594 1172 1621 μια
1203 1584 1455 1619 καταῦαλλόμενοςς
1495 1582 1619 1609 ἐντεῦθεν
1645 1581 1710 1616 γοῦν
1731 1580 1907 1616 ὁρμωμένους

1119 1631 1180 1662 τοὺς
1197 1630 1279 1656 αὑτοῦ
1300 1630 1423 1665 μαθητὰς
1445 1629 1622 1664 ἀνακέκλητο.
1645 1627 1689 1654 Διὸ
1714 1626 1781 1662 μετὰ
1804 1625 1906 1662 βραχέα

1119 1676 1166 1702 τοῦ
1189 1676 1354 1710 Εὑαγγελίου
1382 1676 1508 1711 εὑρήσεις
1533 1674 1587 1701 ἀπὸ
1617 1674 1665 1709 τῆς
1688 1672 1830 1703 Γαλιλαίας
1860 1671 1905 1697 τὸν

1119 1721 1254 1748 Martinisz
1281 1721 1458 1756 κεκλημένον,
1486 1721 1533 1747 καὶ
1559 1720 1588 1745 ἐν
1613 1719 1697 1753 ἑτέρῳ
1712 1719 1739 1745 δὲ
1758 1717 1837 1744 πάλιν
1858 1715 1905 1742 τὸν

1118 1767 1209 1793 Λευῖν.
1233 1767 1287 1792 Καὶ
1311 1767 1324 1792 ὁ
1351 1766 1482 1797 Φίλιππος
1505 1765 1533 1791 δὲ
1554 1764 1625 1791 κατὰ
1644 1764 1689 1790 τὸν
1707 1763 1831 1797 Ἰωάννην
1850 1761 1905 1788 ἀπὸ

1119 1811 1253 1847 Βηθσαϊδὰ
1269 1811 1381 1847 ὡρμᾶτο
1399 1812 1430 1837 ὲκ
1450 1811 1498 1845 τῆς
1518 1809 1621 1840 πόλεως
1646 1807 1767 1843 Ἀνδρέου
1789 1806 1836 1833 καὶ
1852 1806 1905 1832 Πέ-

1118 1866 1181 1894 τρου
1191 1866 1197 1872 ·
1214 1858 1261 1884 καὶ
1274 1857 1343 1892 αὓτη
1357 1856 1385 1883 δὲ
1399 1856 1448 1891 τῆς
1462 1855 1604 1885 Γαλιλαίας
1617 1851 1661 1888 ἦν.
1683 1852 1761 1879 Ἀλλὰ
1776 1852 1824 1878 καὶ
1838 1851 1902 1886 παρ’

1118 1903 1192 1939 αὐτῷ
1207 1903 1245 1938 τῷ
1266 1903 1445 1938 εὑαγγελιστῇ
1468 1902 1555 1936 γάμος
1581 1899 1689 1934 ἐγένετο
1715 1899 1744 1924 ὲν
1754 1897 1832 1932 Κανᾷ
1853 1897 1903 1932 τῆς

1118 1950 1274 1981 Γαλιλαίας,
1291 1949 1354 1975 ἔνθα
1372 1947 1529 1984 παραδόξως
1549 1947 1563 1973 ὁ
1576 1945 1676 1981 Κύριος
1695 1944 1740 1971 τὸν
1763 1943 1792 1976 ὲξ
1809 1943 1903 1974 ὕδατος

1117 1993 1187 2022 οἶνον
1214 1994 1440 2030 μετασκευάσας,
1470 1992 1556 2027 ἀρχὴν
1582 1990 1675 2017 αὐτόθι
1701 1989 1755 2015 τῶν
1781 1987 1903 2024 σημείων

1117 2042 1273 2076 ἐποιήσατο,
1296 2041 1340 2067 ὅτε
1363 2040 1410 2066 καὶ
1437 2048 1446 2064 ι
1464 2039 1617 2074 ὲιρανέρωσε
1640 2036 1688 2072 τὴν
1710 2035 1787 2068 δόξαν
1806 2034 1901 2066 αὐτοῦ,

1117 2087 1164 2113 καὶ
1185 2086 1346 2112 ἐπίστευσαν
1370 2085 1395 2110 οἱ
1423 2083 1549 2119 μαθηταί.
1563 2092 1572 2109 ›
1600 2082 1653 2108 Θέα
1677 2082 1706 2108 δὲ
1730 2082 1754 2107 εἰ
1779 2079 1816 2116 μὴ
1835 2079 1902 2106 αὐτὸ

1116 2131 1194 2157 τοῦτο
1215 2129 1322 2165 πρῶτον
1339 2128 1385 2155 τοῦ
1405 2127 1529 2163 Σωτῆρος
1551 2126 1629 2162 ἡμῶν
1653 2125 1755 2161 θαῦμα,
1779 2125 1807 2150 ὲν
1822 2124 1901 2159 Κανᾷ

1116 2177 1166 2212 τῆς
1178 2176 1321 2207 Γαλιλαίας
1337 2175 1481 2210 γενόμενον
1498 2173 1544 2199 ἐπὶ
1558 2173 1608 2207 τῆς
1623 2171 1669 2198 τοῦ
1686 2172 1756 2198 οἴνου
1782 2169 1899 2206 μεταϐο-

1116 2223 1174 2258 λῆς,
1190 2221 1324 2253 θεσπίζων
1341 2222 1369 2247 ἐν
1384 2221 1454 2255 ἀρχῇ
1474 2219 1523 2254 τῆς
1541 2218 1708 2254 προφητείας
1734 2216 1900 2252 παρίστησιν

1116 2270 1130 2296 ὁ
1146 2268 1239 2303 παρὼν
1255 2267 1342 2301 λόγος,
1357 2266 1484 2300 φάσκων
1506 2275 1514 2290 ι
1526 2264 1611 2290 Τοῦτο
1634 2262 1741 2298 πρῶτον
1759 2262 1814 2293 πίε,
1829 2261 1898 2296 ταχὺ

1116 2310 1197 2342 ποίει,
1213 2310 1288 2345 χώρα
1303 2308 1443 2336 Ζαϐουλὼν
1469 2308 1515 2334 καὶ
1532 2307 1566 2342 γῆ
1583 2306 1751 2340 Νεφθαλείμ,
1769 2305 1898 2332 Γαλιλαία

1114 2361 1168 2387 τῶν
1189 2359 1282 2386 ἐθνῶν.
1300 2369 1308 2383 ι
1336 2359 1366 2384 Εί
1384 2358 1413 2384 δὲ
1433 2356 1564 2392 σύμϐολον
1580 2355 1613 2391 ἦν
1630 2355 1661 2382 τὸ
1684 2354 1833 2389 παράδοξον
1851 2363 1899 2390 μυ-

1115 2406 1277 2439 στικωτέρου
1293 2405 1442 2440 κράματος,
1460 2401 1671 2438 μεταϐληθέντος
1689 2402 1720 2427 ὲκ
1736 2401 1785 2436 τῆς
1805 2408 1897 2435 σωμα-

1113 2452 1262 2487 τικωτέρας
1280 2451 1326 2476 ἐπὶ
1340 2450 1389 2486 τὴν
1405 2448 1498 2484 νοερὰν
1520 2448 1567 2473 καὶ
1588 2446 1773 2481 πνευματικὴν
1797 2446 1896 2479 εὐφρο-

1115 2498 1197 2532 σύνην
1211 2496 1257 2523 τοῦ
1276 2495 1399 2522 πιστικοῦ
1418 2494 1468 2528 τῆς
1484 2493 1579 2528 καινῆς
1594 2492 1730 2527 Διαθήκης
1744 2490 1894 2525 κράματος,

1110 2544 1161 2578 ὅρα
1187 2543 1290 2577 μήποτε
1312 2541 1357 2567 καὶ
1376 2539 1453 2566 τοῦτο
1474 2539 1530 2569 τοῖς
1549 2538 1613 2573 περὶ
1632 2537 1680 2572 τῆς
1693 2534 1837 2566 Γαλιλαίας
1848 2533 1895 2563 δη-

1111 2590 1248 2624 λουμένοις
1274 2586 1424 2617 ἀκολούθως
1448 2585 1588 2621 ᾐνίττετο,
1613 2582 1765 2614 θεσπίζων,
1787 2580 1825 2612 ὡς
1841 2579 1894 2616 ἄρα

1113 2636 1290 2672 μελλήσουσιν
1318 2634 1363 2660 ἐπὶ
1386 2634 1418 2667 τῇ
1443 2630 1561 2667 Χριστοῦ
1589 2628 1723 2665 παρουσία
1747 2625 1893 2672 πράξεις-τοι

1111 2682 1219 2708 πάντων
1239 2681 1264 2707 οἱ
1282 2679 1329 2714 τὴν
1342 2677 1483 2705 Ζαϐουλὼν
1505 2677 1553 2703 καὶ
1566 2674 1723 2710 Νεφθαλεὶμ
1744 2670 1891 2702 οἰκοῦντες,

1111 2729 1167 2756 ἀλλ’
1181 2729 1229 2763 οὺχ
1249 2728 1274 2753 οἱ
1293 2726 1341 2761 τὴν
1360 2725 1487 2752 Ἰουδαίαν
1503 2724 1550 2751 καὶ
1564 2722 1613 2758 τὴν
1635 2720 1827 2757 Ἰερουσαλὴμ,
1844 2717 1891 2746 τοῦ

1111 2775 1230 2809 πόματος
1240 2772 1287 2798 τοῦ
1297 2770 1475 2805 εὐαγγελικοῦ
1492 2768 1667 2804 κηρύγματος
1679 2763 1889 2802 μεταλήψεσθαι.

1110 2820 1203 2846 Αίτίαν
1215 2819 1243 2845 δὲ
1260 2817 1362 2848 τούτοις
1376 2817 1424 2851 τῆς
1441 2814 1609 2850 εὐψροσύνης
1625 2812 1691 2849 φησὶ
1705 2809 1830 2846 γενέσθαι
1842 2809 1890 2844 τὴν
