2099 3217
233 211 289 240 685

701 212 1025 243 DEMONSTBATIONIS
1040 215 1269 244 EVANGELICE
1289 216 1344 244 LIB
1375 215 1420 246 I'X.

1814 218 1866 247 686

232 270 281 296 τοῦ
299 270 417 305 μεγάλου
431 271 518 305 φωτὸς
531 271 676 306 ἔκλαμψιν,
691 272 726 304 οῖ,
740 272 793 307 πρὺ
805 273 854 308 τῆς
873 274 1021 309 παρουσίας

1077 273 1251 306 laetabuntur,
1273 279 1302 301 ut
1322 274 1339 301 ii
1355 275 1402 310 qui
1427 274 1553 301 laetantur
1576 274 1603 302 in
1626 281 1725 307 messe,
1750 280 1832 310 utque
1848 276 1866 302 ii

233 316 263 342 ἑν
286 316 376 342 σκύτει
402 316 596 352 καθεζόμενοι,
620 318 650 344 ὲν
664 318 741 354 χώρᾳ
756 319 804 345 καὶ
821 320 885 354 σκιᾷ
904 319 1020 346 Θανάτου

232 360 342 396 διῆγον
367 361 576 395 ἁνατεταλκότος
597 363 625 390 δὲ
640 364 732 395 αὐτοῖς
747 364 794 391 τοῦ
815 364 949 400 σωτηρίου
967 374 1022 400 (pto—

233 405 288 438 τὸς,
309 406 403 433 τοῦτον
427 408 658 445 εὐφρανθήσονται
680 410 726 436 τὸν
748 411 858 446 τρόπον,
877 411 915 444 ὡς
934 413 957 438 oi
978 412 1023 438 εὑ-

234 455 408 489 φραινόμενοι
423 455 451 481 ὲν
461 455 568 490 ἀμητῷ,
584 457 631 483 καὶ
647 456 676 483 ὃν
688 457 786 491 τρόπον
803 458 827 484 οί
841 457 1022 494 διαιρούμενοι

234 498 329 526 σκῦλα.
358 500 421 526 Καὶ·
436 500 521 527 ταῦτα
543 501 571 528 δὲ
591 502 664 537 ἔργῳ
689 503 856 539 ἐπληροῦτο,
882 505 940 537 ὅτε,
960 505 1023 537 τοὺς

233 546 398 579 ἀποστόλους
413 549 427 574 ὁ
438 549 532 584 Σωτὴρ
549 549 704 586 καὶΚύριος
719 551 797 587 ἡμῶν
812 552 865 579 ἀπὸ
878 553 927 588 τῆς
944 553 1023 579 Γαλι-

233 592 312 624 λαίας
332 594 596 630 προσκαλεσάμενος,
608 596 641 623 τὰ
654 597 792 632 παράδοξα
805 598 859 625 τῶν
875 598 962 634 ἔργων
975 600 1022 626 καὶ

232 638 282 674 τὴν
306 639 479 666 διδασκαλίαν
502 641 593 674 αὐτοῖς
619 643 806 670 ἐπεδείκνυτο·
835 644 1023 680 εὐφρανθήσε-

234 684 295 711 σθαι
311 685 338 711 δὲ
351 685 448 718 αὐτοὺς
466 687 586 714 ἐναντίον
599 688 680 715 αὑτοῦ
693 690 709 725 ἡ
726 690 878 726 προφητεία
886 690 1020 724 θεσπίζει,

232 730 311 766 δίκην
326 731 380 758 τῶν
394 733 615 769 εὐφραινομένων
629 735 658 762 ἐν
671 735 779 771 ἀμητῷ.
795 737 867 771 Ποίῳ
879 736 908 763 δὲ
923 736 1020 773 τούτῳ,

232 775 325 811 ἢπερὶ
343 774 373 804 οὗ
393 777 526 805 διδάσκων
543 779 623 810 αὐτὸς
641 779 749 814 ἔλεγεν·
778 791 786 806 ι
808 781 943 817 Ἐπάρατε
960 783 1022 814 τοὺς

231 821 389 858 ὀφθαλμοὺς
411 823 500 858 ὑμῶν,
523 825 568 850 καὶ
585 824 653 850 ἴδετε
666 825 715 857 τὰς
736 825 839 862 χώρας,
864 827 904 854 ὅτι
928 827 1021 854 λευκαί

232 868 286 893 είσι
308 868 377 903 πρὸς
396 868 525 904 θερισμὸν
552 870 621 907 ηδη;
639 881 647 896 ι
673 871 781 907 Ἑόήλου
806 873 834 899 δὲ
853 873 897 900 διὰ
919 874 1022 900 τούτων

231 912 281 948 τὴν
298 913 351 940 τῶν
372 914 456 941 ὲθνῶν
475 915 699 952 ἐπισυναγωγὴν·
721 918 785 953 περὶ
809 918 863 945 τῶν
887 919 977 946 αὐτῶν
992 920 1022 946 δὲ

220 957 350 997 ¹εἴρηται,
367 962 407 988 ὅτι
430 972 440 988 ‹
452 963 695 1000 εὐφρανθήσονται,
709 965 738 991 ὃν
751 965 850 1001 τρόπον
865 966 889 992 οί
904 965 1023 1002 διαιρού-
1039 953 1060 981 Β

233 1014 308 1040 μενοι
332 1007 428 1035 σκῦλα.
452 1018 461 1033 ι
487 1009 639 1044 Διελόμενοι
667 1010 733 1044 γοῦν
756 1012 795 1042 εἰς
815 1011 947 1046 ἀλλήλους
972 1013 1022 1045 τὰς

230 1051 324 1087 χώρας
341 1052 396 1080 τῶν
416 1053 500 1081 ἐθνῶν
520 1056 567 1081 καὶ
587 1056 636 1092 τὴν
658 1057 703 1091 ὑφ’
719 1056 794 1092 ἥλιον
819 1058 908 1084 πᾶσαν
929 1059 953 1085 οἰ
974 1059 1021 1085 τοῦ

231 1096 357 1133 Σωτῆρος
369 1098 447 1134 ἡμῶν
462 1099 580 1135 μαθηταί
592 1109 621 1127 τε
635 1101 681 1128 καὶ
692 1102 893 1136 εὐαγγελισταὶ,
909 1104 1022 1139 μυρίους

230 1142 310 1174 ὅσους
325 1144 490 1172 ἐσκύλευσαν
507 1146 640 1182 ἄρχοντας
659 1147 705 1174 τοῦ
722 1148 818 1181 αἰῶνος
836 1144 941 1181 τούτου,
957 1151 1021 1183 τοὺς

230 1187 363 1222 πρότερον
381 1189 435 1216 τῶν
455 1190 539 1218 ἐθνῶν
560 1192 738 1228 κρατοῦντας.
757 1194 793 1220 οὺ
817 1194 870 1230 μὴν
887 1194 954 1222 ἀλλὰ
973 1196 1021 1223 καὶ

229 1232 295 1259 ἄλλο
315 1234 400 1261 αἴτιον
422 1235 468 1262 τοῦ
491 1237 727 1273 εὐφρανθήσεσθαι
756 1239 854 1272 αύτούς
880 1249 966 1276 φησι,
992 1241 1022 1267 τὸ

228 1276 312 1314 ἦρθαι
335 1281 382 1306 ἀπ’
403 1282 492 1309 αὐτῶν
515 1283 561 1310 τὸν
582 1285 737 1320 σωματικὸν
759 1285 806 1312 τοῦ
825 1284 908 1322 νόμου
928 1287 1020 1322 ζυγὺν,

228 1325 275 1352 τὸν
300 1326 384 1354 πάλαι
412 1328 543 1365 πρότερον
568 1331 740 1366 ἐπικείμενον
764 1332 873 1365 αὐτοῖς,
902 1333 931 1360 ὃν
959 1333 1021 1360 οὔτε

229 1372 308 1399 αὐτοὶ
320 1373 382 1400 οὕτε
399 1374 423 1401 oi
439 1375 555 1411 πατέρες
575 1377 663 1404 αὐτῶν
682 1378 854 1415 ἠδυνήθησαν
876 1380 1019 1414 βαστάσαι.

229 1419 268 1445 Ob
292 1419 371 1454 μόνον
392 1422 421 1448 δὲ
442 1423 456 1448 ὁ
471 1422 551 1457 ζυγὸς
568 1420 707 1460 ἀφῄρηται
731 1425 833 1457 αὐτῶν,
856 1426 924 1454 ἀλλὰ
940 1427 987 1453 καὶ
1002 1427 1019 1462 ἡ

230 1464 330 1498 ῥάὃδος
344 1466 397 1493 τῶν
419 1468 605 1496 ἀπαιτούντων
629 1471 645 1506 ἡ
668 1471 801 1507 πρότερον
824 1472 872 1498 ἐπὶ
893 1472 940 1499 τοῦ
956 1481 1022 1509 τρα-

228 1513 311 1549 χήλου
332 1513 421 1541 αὐτῶν
438 1515 608 1552 ἐπικειμένη.
628 1517 707 1553 Δηλοῖ
719 1518 747 1544 δὲ
761 1519 823 1550 τοὺς
837 1520 1022 1554 ἀπαιτοῦντας

228 1559 259 1585 ὲν
277 1559 372 1596 ἑτέρῳ,
392 1560 478 1595 λέγων
491 1570 498 1576 ⁸
526 1571 535 1587 ι
550 1562 620 1594 Λαός
640 1572 702 1598 μου,
724 1565 748 1591 οἱ
774 1566 928 1602 πράκτορες
944 1567 1021 1602 ὑμῶν

228 1604 404 1641 καλαμῶνται
427 1607 513 1643 ὑμᾶς,
533 1608 580 1635 καὶ¹
600 1609 625 1635 ot
644 1610 823 1643 ἀπαιτοῦντες
849 1613 1020 1649 κυριεύουσιν

229 1651 316 1686 ὑμῶν.
338 1662 348 1678 ι
364 1652 432 1678 Ἀλλ’
449 1651 520 1680 οὗτοι
539 1654 588 1689 μὲν
612 1656 637 1681 οἱ
662 1655 715 1682 ἀπὸ
731 1656 782 1692 τῆς
805 1657 947 1685 Ζαϐουλὼν
974 1660 1021 1686 καὶ

228 1697 388 1733 Νεφθαλείμ
404 1698 433 1725 τὸ
450 1699 520 1734 μέγα
537 1700 594 1734 φῶς
610 1701 770 1737 τεθεαμένοι
786 1703 1020 1740 εὐφρανθήσονται

227 1742 272 1770 διὰ
282 1743 316 1770 τὰ
327 1745 529 1780 προειρημέναδ
545 1747 570 1772 οἱ
583 1747 612 1773 δὲ
629 1747 712 1775 πάλαι
730 1749 908 1782 ἀπαιτοῦντες
923 1751 1021 1783 αὐτοὺς

229 1789 466 1826 ἐκπραχθήσονται
485 1792 565 1827 μέχρι
580 1793 727 1829 κοδράντου
743 1794 867 1830 ἐσχάτου,
884 1797 974 1823 πᾶσάν
991 1802 1021 1823 τε

229 1834 325 1870 στολὴν
344 1836 392 1862 καὶ
414 1838 467 1863 πᾶν
494 1837 600 1873 ἱμάτιον
625 1840 819 1872 ἀποτίσαντες,
840 1842 1021 1878 πυρίκαυστοι

227 1882 387 1916 γενήσονται
405 1884 433 1909 ἐν
448 1883 487 1919 τῷ
500 1879 549 1920 τῆς
566 1885 726 1922 ὲκπράξεως
742 1887 847 1922 καιρῷ·
870 1888 916 1914 καὶ
934 1888 1022 1916 ταῦτά

227 1934 260 1961 γε
271 1928 359 1954 πάντα
376 1929 442 1963 φησι
467 1929 619 1965 πείσεσθαι,
638 1932 705 1959 διότι
735 1933 865 1960 «παιδίον
889 1934 1019 1971 ἐγεννήθη

227 1973 304 2008 ἡμῖν,
329 1974 376 2000 καὶ
401 1972 456 2006 υἱὸς
481 1975 557 2012 ἐδόθη
583 1977 660 2013 ἡμῖν,
678 1979 754 2014 ὁτῆς
777 1979 898 2015 μεγάλης
923 1979 1021 2016 βουλῆς

226 2018 350 2052 ἄγγελος.
369 2028 378 2044 ι
397 2019 457 2046 Τίσι
471 2020 498 2047 δὲ
515 2022 579 2057 ἡμῖν
603 2023 619 2058 ἢ
636 2025 692 2055 τοῖς
715 2025 755 2056 είς
775 2021 855 2051 αὑτὸν
877 2028 1022 2052 πεπιστευ-

226 2064 287 2091 κόσι
298 2085 304 2096 ,
320 2066 367 2092 καὶ
388 2065 463 2103 πάσῃ
479 2067 579 2103 δηλαδὴ
600 2070 631 2104 τῇ
649 2069 777 2106 Γαλιλαίᾳ
799 2070 852 2097 τῶν
869 2071 963 2103 ἐθνῶν,
981 2070 1022 2103 οἷς

225 2110 258 2136 τὸ
274 2110 344 2145 μέγα
359 2111 416 2146 φῶς
424 2112 604 2146 tivam-57.00.15;
621 2115 648 2140 τί
659 2115 690 2151 δὴ
706 2114 739 2151 ἦν
755 2116 843 2145 τοῦτο,
859 2116 916 2143 ἀλλ’
933 2116 948 2152 ἢ
967 2126 976 2142 ι
992 2117 1021 2144 τὸ

226 2157 426 2193 γεγεννημένον
445 2158 560 2191 παιδίον,
582 2160 629 2186 καὶ
654 2162 667 2187 ὁ
683 2162 759 2198 παρὰ
781 2162 827 2188 τοῦ
841 2162 908 2189 Θεοῦ
935 2163 1022 2195 δοθεὶς

225 2202 294 2234 υίὸς,
318 2203 437 2239 μεγάλης
457 2203 555 2240 βουλῆς
575 2206 699 2240 ἄγγελος,
721 2209 767 2234 καὶ
785 2208 878 2244 ἄρχων
897 2209 1019 2245 είρήνης,

225 2248 275 2275 καὶ
290 2244 479 2285 ἑξουσιαστὴς,
497 2251 544 2277 καὶ
558 2251 624 2284 Θεὸς
646 2253 769 2289 ἰσχυρὸς,
792 2254 840 2281 καὶ
866 2255 957 2290 πατὴρ
973 2255 1019 2281 τοῦ

227 2294 370 2329 μέλλοντος
397 2297 492 2328 αίῶνος
518 2297 727 2333 ὼνομασμένος;
751 2309 759 2325 ι
794 2300 880 2327 ταῦτα
906 2299 938 2336 δὴ
966 2300 1016 2336 ἤδη

1075 319 1122 353 qui
1144 318 1269 345 dividunt
1286 319 1383 353 spolia.
1399 318 1481 354 440
1496 318 1559 346 Haec
1573 327 1638 346 vero
1653 320 1713 354 ipsa
1734 327 1765 347 re
1791 327 1866 347 οοιιις

1074 364 1146 399 pleta
1163 368 1238 395 sunt,
1252 371 1314 391 cum
1328 364 1362 391 de
1377 363 1487 392 Galilaea
1503 365 1609 392 vocalis
1624 366 1768 399 apostolis,
1783 366 1866 392 mira-

1075 409 1139 437 bilia
1156 417 1238 445 opera
1250 417 1300 438 sua
1316 415 1344 438 et
1361 410 1513 438 doctrinam
1545 410 1672 439 Salvator
1688 420 1720 439 ac
1733 412 1866 441 Dominus

1075 459 1170 484 noster
1185 456 1241 484 illis
1265 458 1354 491 palam
1375 456 1520 484 exhibuit:
1538 457 1677 485 laetaturas
1705 462 1796 486 autem
1817 466 1867 487 eos

1075 509 1167 529 coram
1185 502 1244 538 ipso
1262 502 1406 538 prophetia
1421 503 1536 535 divinat,
1560 503 1648 531 instar
1671 505 1822 533 laetantium
1837 506 1866 534 in

1075 557 1175 577 messe.
1202 548 1256 576 Sed
1277 549 1305 576 in
1321 557 1375 584 qua
1401 549 1510 576 tandem
1537 558 1638 582 messe,
1658 551 1711 578 nisi
1736 552 1764 579 in
1781 560 1812 579 ea
1831 552 1867 581 de

1075 602 1129 631 qua
1145 595 1202 630 ipse
1216 595 1340 623 dicebat:
1359 604 1368 620 ί
1384 596 1508 623 Attollite
1533 597 1628 624 oculos
1652 601 1769 630 vestros,
1781 602 1809 626 et
1822 598 1866 625 vi-

1075 642 1136 670 dete
1149 643 1284 677 regiones.
1295 647 1323 669 ut
1337 643 1405 669 alba:
1416 645 1479 669 sunt
1492 642 1525 669 ad
1535 651 1651 670 messem
1664 644 1721 679 jam
1734 645 1864 673 nune".r

1074 687 1123 715 His
1139 692 1230 715 autem
1245 688 1336 715 verbis
1363 687 1484 723 gentium
1501 689 1738 723 congregationem
1761 691 1866 726 signilla

1075 733 1153 760 cabat
1168 741 1174 758 ε
1187 733 1221 761 de
1236 733 1339 760 eisdem
1349 740 1413 760 vero
1429 733 1532 760 dictum
1550 737 1602 764 est.
1620 734 1692 769 quod
1706 745 1715 761 ‹
1733 736 1863 764 lict-abuns

1074 783 1156 806 turut
1172 779 1190 806 ii
1205 779 1252 814 qui
1269 779 1396 807 dividunt
1415 780 1540 814 spolia“.
1560 790 1569 807 ›
1582 781 1649 808 Cum
1663 790 1728 815 ergo
1743 784 1865 818 gentium

1074 825 1145 852 inter
1161 833 1191 852 se
1213 825 1340 860 regiones
1356 829 1383 852 et
1410 825 1568 853 universam
1591 834 1652 861 quae
1668 827 1721 855 sub
1743 829 1801 856 sole
1823 835 1867 857 est

1074 875 1188 903 terram,
1215 871 1367 899 Salvatoris
1387 872 1477 899 nostri
1503 873 1630 908 discipuli
1653 877 1735 909 atque
1749 883 1866 911 evange-

1075 917 1145 945 lista:
1159 917 1329 950 divisissent,
1345 918 1561 947 innumerabiles
1585 920 1678 947 saeculi
1695 920 1777 956 hujus
1793 923 1866 956 prin-

1074 963 1149 999 cipes
1163 963 1361 998 spoliaverunt,
1387 972 1436 992 eos
1453 965 1548 1000 utique
1572 966 1618 1001 qui
1642 966 1719 1001 prius
1739 967 1866 1002 gentibus

1073 1010 1389 1046 imperabant.Attamen
1404 1012 1484 1038 aliam
1494 1020 1602 1047 quoque
1617 1020 1740 1046 causam,
1755 1017 1867 1049 propter

1073 1064 1155 1092 quam
1181 1057 1274 1084 laetitia
1298 1058 1354 1084 sint
1377 1057 1522 1090 alliciendi,
1551 1065 1758 1093 commemorat,
1791 1061 1865 1096 quod

1073 1103 1253 1131 auferendum
1269 1104 1305 1131 sit
1318 1103 1353 1131 ab
1368 1104 1434 1139 ipsis
1449 1105 1593 1140 corporale
1609 1106 1677 1141 legis
1690 1106 1786 1142 jugum
1798 1106 1867 1142 jama

1072 1149 1178 1184 pridem
1193 1149 1261 1185 ipsis
1277 1150 1448 1184 impositum,
1460 1148 1532 1186 quod
1544 1159 1633 1186 neque
1650 1152 1700 1187 ipsi
1714 1159 1803 1189 neque
1817 1159 1866 1189 pa-

1072 1199 1129 1224 tres
1146 1197 1269 1231 ipsorum
1284 1200 1434 1232 potuerunt
1458 1196 1540 1225 l‘erre.
1562 1198 1696 1226 Czeterum
1712 1207 1767 1226 non
1784 1199 1865 1227 modo

1071 1241 1167 1277 jugum
1184 1242 1321 1270 sublatum
1335 1246 1378 1270 est
1394 1243 1428 1269 ab
1443 1243 1522 1278 ipsis,
1532 1244 1580 1271 sed
1596 1244 1679 1272 etiam
1694 1245 1770 1281 virga
1786 1253 1864 1281 repeé

1073 1286 1200 1320 tentium,
1214 1293 1275 1322 quae
1291 1288 1368 1322 prius
1386 1287 1414 1315 in
1432 1289 1503 1316 collo
1519 1289 1642 1324 ipsorum
1655 1290 1783 1325 imposita
1795 1296 1863 1319 erat.

1072 1332 1200 1360 Deelarat
1225 1341 1308 1369 porro
1332 1334 1378 1369 qui
1396 1335 1452 1362 sint
1473 1339 1627 1370 repetentes
1654 1336 1730 1369 alibi,
1751 1337 1862 1365 dicens:
1897 1334 1899 1336 ’

1076 1386 1085 1403 ι
1102 1377 1224 1413 Populus
1247 1386 1342 1411 meus,
1368 1384 1511 1408 exactores
1535 1381 1620 1408 vestri
1642 1382 1734 1416 spicas
1758 1386 1865 1411 vestras

1072 1423 1217 1460 colligunt,
1239 1429 1266 1452 et
1278 1430 1432 1460 repetentes
1447 1426 1625 1454 dominantur
1643 1428 1731 1455 vobis.
1743 1437 1753 1454 ι
1762 1417 1868 1456 νει-ιιιιῖ

1073 1471 1100 1498 hi
1117 1471 1228 1507 quidem
1244 1479 1260 1499 a
1283 1471 1406 1500 Zabulon
1431 1477 1458 1501 et
1478 1473 1653 1509 Nephthalim
1673 1475 1795 1509 oriundi,
1817 1477 1867 1512 qui

1072 1517 1170 1553 ingens
1193 1518 1286 1547 lumen
1301 1520 1394 1547 intuiti
1411 1524 1487 1553 sunt,
1504 1520 1671 1549 laetabuntur
1687 1526 1799 1557 propter
1818 1523 1865 1550 illa

1072 1572 1133 1599 quae
1144 1564 1201 1600 jam
1220 1570 1300 1593 antea
1314 1566 1387 1593 dicta
1401 1572 1476 1599 sunt;
1490 1567 1536 1601 qui
1549 1575 1614 1594 vero
1627 1567 1661 1594 ab
1677 1568 1744 1603 ipsis
1760 1570 1865 1605 repetcé

1074 1611 1151 1644 bant,
1168 1612 1202 1639 ab
1218 1613 1253 1640 iis
1267 1617 1405 1648 repetetur
1422 1621 1511 1648 usque
1527 1613 1561 1640 ad
1579 1614 1705 1641 ultimum
1726 1616 1865 1651 quadran-

1072 1661 1138 1690 tem,
1156 1657 1293 1694 iidemque
1315 1659 1361 1686 ubi
1387 1666 1495 1687 omnem
1515 1665 1618 1688 vestem
1630 1668 1767 1696 omneque
1779 1664 1865 1690 vesti-

1072 1707 1195 1730 mentum
1211 1704 1404 1739 persolverint,
1428 1705 1489 1740 igne
1507 1705 1645 1733 combusti
1670 1707 1736 1734 lieut
1756 1707 1784 1734 in
1804 1707 1864 1742 ipso

1071 1749 1224 1777 exaetionis
1249 1754 1383 1787 tempore,
1407 1752 1555 1788 omniaque
1576 1753 1634 1780 haec
1657 1759 1790 1789 passuros
1813 1754 1863 1786 ait,

1072 1800 1215 1831 propterea
1226 1797 1299 1833 quod
1317 1806 1326 1822 ε
1342 1798 1474 1833 puerulus
1491 1804 1571 1826 natus
1586 1803 1629 1826 est
1643 1799 1734 1832 nobis,
1749 1804 1776 1828 et
1791 1800 1864 1828 filius

1071 1841 1152 1869 datus
1169 1846 1212 1870 est
1235 1843 1326 1875 nobis,
1342 1844 1401 1878 ipse
1417 1845 1508 1879 magni
1527 1845 1636 1873 consilii
1657 1847 1781 1882 angelus.
1799 1854 1808 1873 ι
1829 1847 1864 1875 At

1071 1895 1137 1916 vero
1153 1889 1252 1923 quibus
1266 1890 1376 1918 tandem
1393 1889 1484 1924 nobis,
1501 1892 1556 1919 nisi
1570 1892 1617 1927 qui
1643 1892 1671 1920 in
1690 1893 1780 1928 ipsum
1802 1897 1864 1921 cre-

1072 1933 1203 1966 didimus,
1220 1939 1247 1963 et
1262 1937 1337 1963 omni
1353 1936 1482 1964 videlicet
1507 1937 1625 1966 Galliam
1649 1939 1786 1975 gentium.
1803 1940 1864 1975 qui-

1071 1981 1123 2008 bus
1138 1989 1266 2016 magnum
1279 1982 1372 2010 lumen
1383 1986 1474 2011 ortum
1488 1985 1601 2012 estlsed
1611 1985 1749 2020 quodnam
1758 1993 1862 2022 quaeso,

1072 2028 1125 2055 nisi
1142 2028 1201 2063 ipse
1218 2036 1227 2053 ‹
1250 2033 1331 2057 natus
1350 2031 1492 2065 puerulus,
1507 2035 1534 2059 et
1550 2032 1597 2067 qui
1614 2040 1629 2060 a
1643 2032 1700 2060 Deo
1724 2033 1806 2061 datus
1822 2037 1864 2061 est

1073 2074 1155 2106 Illius,
1171 2075 1218 2110 qui
1237 2076 1330 2110 magni
1345 2077 1453 2104 consilii
1475 2078 1599 2113 angelus,
1618 2083 1645 2106 et
1661 2079 1790 2114 prin‘Ceps
1815 2087 1864 2115 pa-

1072 2118 1123 2152 cis,
1138 2123 1166 2146 et
1180 2119 1227 2154 jus
1242 2121 1449 2157 potentiamque
1466 2123 1582 2156 habens,
1600 2128 1628 2151 et
1642 2122 1715 2152 Deus
1729 2124 1819 2158 fortis,
1836 2125 1864 2153 et

1071 2168 1150 2199 pater
1175 2165 1261 2192 futuri
1288 2167 1382 2194 saeculi
1410 2169 1568 2197 nominatus
1588 2171 1646 2198 est?
1668 2181 1676 2197 ι
1695 2179 1789 2198 verum
1805 2171 1865 2199 haec

1071 2209 1130 2243 ipsa
1141 2210 1197 2244 jam
1214 2216 1294 2240 antea
1309 2212 1342 2239 ad
1358 2221 1444 2241 unum
1458 2215 1601 2244 referenda
1615 2225 1677 2246 esse
1693 2217 1864 2246 Salvatorem

1072 2254 1274 2293 Dominumque
1300 2264 1436 2294 nostrum,
1462 2268 1513 2289 suo
1541 2266 1663 2299 tempore
1690 2263 1864 2292 demonstra;

1071 2308 1170 2329 "mus.

226 2339 379 2374 φθάσαντες
401 2341 447 2367 ἐπὶ
469 2342 549 2377 μόνον
584 2343 766 2379 ἀναφέρεσθαι
787 2344 832 2372 τὸν
849 2344 964 2381 Σωτῆρα
989 2345 1037 2372 καὶ
1055 2345 1158 2382 Κύριον
1176 2347 1255 2383 ἡμῶν
1277 2348 1349 2376 κατὰ
1373 2350 1418 2378 τὸν
1442 2353 1542 2381 οἰκεῖον
1580 2356 1676 2392 καιρὸν
1699 2354 1864 2393 προαπεδείι

225 2388 323 2424 ξαμεν.

267 2447 334 2474 Ἀπὸ
353 2449 478 2484 ψαλμοῦ
492 2449 552 2482 fi".
567 2451 637 2492 qspi
654 2450 709 2486 τῆς
722 2452 782 2479 τῶν
795 2453 977 2481 ἀποστόλων

1099 2447 1179 2488 44],
1196 2451 1218 2479 ,ι
1230 2453 1333 2487 psalmo
1345 2459 1428 2482 vali.
1449 2471 1485 2477 -
1497 2451 1536 2484 De
1552 2458 1733 2492 apostolorum
1750 2464 1828 2488 uoca-

550 2486 699 2520 κλήσεως.

263 2548 273 2563 ‹
296 2539 504 2576 Ἐθεωρήθησαν
528 2543 555 2568 αἱ
572 2543 680 2578 πορεῖαί
700 2552 746 2570 σου
760 2563 767 2576 ,
785 2545 799 2571 ὁ
820 2545 886 2577 Θεὸς
899 2566 906 2578 ,
925 2547 952 2573 αἱ
971 2556 1020 2575 πο-

226 2585 298 2619 ρεῖαι
322 2585 369 2611 τοῦ
390 2586 457 2613 Θεοῦ
477 2596 527 2622 μου
543 2587 590 2614 τοῦ
612 2588 753 2623 βασιλέως,
770 2591 817 2617 τοῦ
839 2591 868 2617 ἐν
885 2592 923 2627 τῷ
936 2593 1016 2629 ἁγίῳ.

225 2629 404 2664 Προέφθασαν
424 2632 553 2667 ἄρχοντες
573 2634 697 2669 ἐχόμενοι
717 2634 881 2670 ψαλλόντων,
895 2637 924 2664 ἐν
941 2639 1018 2675 μέσῳ

224 2675 351 2702 νεανίδων
373 2678 607 2714 τυμπανιπριῶν.
626 2680 670 2706 Ἑν
688 2682 848 2717 ἐκκλησίαις
881 2683 1017 2718 εὐλογεῖτε

223 2719 270 2746 τὸν
287 2720 351 2748 Θεὸν
365 2722 467 2758 Κύριον
483 2724 515 2750 ὲκ
532 2725 626 2760 πηγῶν
653 2727 771 2763 Ἰσραήλ.
797 2728 870 2756 Ἐκεῖ
886 2729 1016 2765 Βενιαμὶν

224 2766 355 2811 νεώτερος
375 2769 404 2795 ἐν
425 2770 568 2803 ἐκστάσει,
594 2772 724 2808 ἄρχοντες
754 2768 855 2807 Ἰούδα,
883 2775 1016 2811 ἡγεμόνες

224 2810 329 2844 αὐτῶν,
355 2812 484 2849 ἄρχοντες
507 2815 659 2849 Ζαϐουλὼν,
674 2817 803 2854 ἄρχοντες
815 2810 982 2856 Νεφθαλείμ.
1004 2831 1012 2846 ι

225 2856 370 2884 Κάνταῦθα
382 2860 444 2891 τοὺς
457 2859 638 2896 δηλουμένους
651 2862 783 2898 ἄρχοντας
795 2864 952 2900 Νεφθαλεὶμ
965 2866 1014 2892 οὐκ

259 2946 281 2963 ⁴¹
300 2946 377 2975 .Ioan.
396 2957 438 2982 Iv,
455 2951 498 2979 53.
539 2953 560 2968 ⁵³
579 2951 631 2980 isa.
648 2962 719 2987 xm,
739 2955 764 2982 5.

1427 2491 1507 2518 tione.

1109 2553 1119 2571 ‹
1136 2544 1213 2573 Visa‘
1231 2550 1296 2574 sunt
1315 2547 1415 2576 itinera
1430 2552 1490 2582 tua,
1518 2546 1599 2583 Deus,
1618 2551 1718 2580 itinera
1736 2553 1785 2582 Dei
1809 2555 1862 2584 mei

1068 2591 1151 2627 regis,
1162 2591 1210 2627 qui
1223 2598 1264 2620 est
1274 2593 1300 2620 in
1311 2598 1419 2622 sancto.
1429 2593 1625 2624 Praevenerunt
1642 2599 1781 2635 principes
1793 2609 1863 2630 con-

1067 2637 1157 2672 juncti
1166 2637 1346 2672 psallentibus
1362 2639 1389 2666 in
1400 2640 1490 2668 medio
1504 2641 1773 2674 adolescentularum
1791 2651 1862 2683 tym-

1070 2681 1276 2716 panistriarum.
1299 2683 1330 2710 In
1358 2685 1485 2714 ecclesiis
1505 2686 1660 2716 benedicite
1675 2689 1729 2718 Deo
1744 2681 1862 2721 Domino

1069 2727 1103 2754 de
1120 2727 1240 2756 fontibus
1256 2728 1351 2757 lsrael.
1373 2726 1431 2759 illic
1446 2731 1587 2767 Benjamin
1603 2734 1697 2770 junior
1712 2737 1739 2764 in
1762 2740 1862 2769 mentis

1069 2782 1196 2807 excessu,
1213 2775 1351 2811 principes
1374 2776 1455 2810 Juda,
1472 2778 1556 2808 duces
1568 2780 1702 2816 ipsorum,
1725 2785 1863 2821 principes

1070 2819 1203 2853 Zabulon,
1218 2823 1355 2858 principes
1375 2823 1547 2859 Nephthaiim
1563 2828 1597 2856 “".
1614 2838 1622 2854 ι
1642 2828 1699 2857 Hoc
1709 2819 1822 2868 quoque
1833 2834 1862 2862 in

1069 2867 1131 2894 loco
1147 2875 1195 2895 eos
1219 2869 1266 2904 qui
1288 2870 1422 2899 dicuntur
1448 2874 1587 2911 principes
1603 2867 1780 2912 Nephtlialmi
1805 2887 1861 2908 non

818 2956 839 2972 ”
858 2955 929 2985 Psal.
947 2964 1037 2991 van,
1054 2957 1150 2987 2538,
