2099 3217
223 190 276 219 639

686 189 1014 218 DEMONSTRATIONIS
1033 189 1263 218 EVANGELICA‘I
1281 189 1347 217 LIB.
1367 189 1412 218 IX.

1801 191 1853 219 690

221 250 283 287 τεῑᾳ
304 251 422 286 πτωχοῖς
446 249 688 286 εὐαγγελιζόμενος
718 251 857 285 εἰσάγεται
884 251 959 287 παρά
976 251 1014 287 τῷ

1067 251 1162 280 scribit
1179 251 1333 284 Matthtens.
1356 251 1402 279 ubi
1433 251 1508 279 illum
1536 259 1671 287 pauperes
1699 253 1854 286 evangelice

222 296 366 331 Ματθαέῳ,
384 297 429 323 ὅτε
449 306 458 322 t
481 296 541 323 ἰδὼν
557 296 620 328 τοὺς
635 296 728 332 ὄχλους
744 297 827 332 ἀνέὅη
845 297 885 329 εἰς
897 297 927 324 τὸ
935 297 998 333 ὅρος
1009 318 1016 329 ,

223 342 270 369 καὶ
295 342 455 374 καθίσαντος
479 341 581 373 αὐτοῦ,
609 341 760 376 προσῆλθον
788 340 862 376 αὒτῷ
875 342 899 368 οἱ
929 341 1017 377 μαθη-

223 388 268 416 ταὶ
294 387 387 420 αὑτοῦ,
406 387 451 414 καὶ
471 387 578 420 ἀνοίξας
604 387 635 414 τὸ
657 387 744 423 στόμα
773 387 854 415 αὑτοῦ
878 387 1017 416 ἐδίδασκεν

223 434 338 466 αὐτοὺς.
358 433 462 468 λέγων·
484 434 620 469 Μακάριοι
642 434 666 460 οἱ
692 433 791 469 πτωχοὶ
814 433 853 470 τῷ
870 434 1015 469 πνεύματι,

223 480 265 507 ὅτι
285 480 374 507 αὑτῶν
397 481 470 507 ἐστιν
485 480 501 515 ὴ
517 479 639 515 βασιλεία
653 480 707 506 τῶν
721 480 854 516 οὐρανῶν.
869 490 878 506 ι
897 481 950 507 Καὶ
968 489 1017 507 τυ-

225 527 300 562 φλοῖς
314 526 342 553 δὲ
364 527 511 562 ἀνάϐλεψιν
537 526 746 562 παρεσχημένος
762 526 811 554 οὐκ
832 527 932 562 ὀλίγοις
950 528 1016 554 ἀνα-

223 573 393 609 γέγραπταιο
414 574 444 600 οὑ
470 573 549 609 μόνον
568 573 623 609 γὰρ
646 573 702 604 τοῖς
723 572 772 605 τὰς
794 573 871 608 ὄψεις
895 573 940 600 τοῦ
962 573 1016 600 σώ-

226 627 310 654 ματος
322 618 515 654 ήφανισμένοις
528 618 558 645 τὸ
575 618 684 654 βλέπειν
700 618 835 654 ἐδωρεῖτο,
848 618 917 645 ἀλλά
926 627 957 653 γε
969 619 1016 646 καὶ

223 665 280 696 τοῖς
292 664 422 700 πρότερον
437 666 469 700 τῇ
481 664 554 700 ψυχῇ
570 663 769 699 τοφλὼττουσιν
779 665 864 697 αἴτιος
881 666 930 701 τῆς
946 666 1016 693 κατὰ

224 710 287 738 νοῦν
315 710 442 747 θεωρίας,
469 711 517 738 καὶ
543 711 592 746 τῆς
613 710 786 745 ἐπιγνώσεως
807 711 853 737 τοῦ
870 711 924 738 τῶν
948 712 1015 738 ὅλων

224 756 291 783 Θεοῦ
303 757 423 791 γέγονεν.
440 757 495 784 Καὶ
502 757 589 789 ἄλλως
601 757 650 793 τῆς
662 755 721 784 οὖσι
735 757 855 793 δεσμίοις
867 759 914 785 καὶ
927 759 1016 794 ἁπηγ-

227 802 318 838 μένοις
332 803 516 838 αἰχμαλώτοις
535 803 586 830 ὑπὸ
600 803 650 838 τῆς
667 804 783 839 ἀοράτου
795 804 842 831 καὶ
855 804 1016 840 δαιμονικῆς

224 848 381 884 δυνάμεως,
399 849 491 876 κακῶν
509 857 539 876 τε
563 851 666 883 σειραῖς
690 849 888 885 πεπεδημένοις
909 850 1016 877 ἐλευθε-

226 897 287 934 ρίαν
312 897 358 924 καὶ
379 897 470 924 ἄνεσιν
487 897 541 924 τῶν
567 898 731 933 συνεχόντων
750 898 908 933 ἐκήρυττεν,
928 898 951 924 εἰ
968 898 1015 924 καὶ

1068 297 1249 325 instruentem
1265 297 1378 330 inducit,
1394 305 1449 332 quo
1471 301 1593 333 tempore
1612 306 1621 323 ι
1640 297 1735 325 videns
1758 298 1853 325 turbas

1067 342 1194 370 ascendit
1207 343 1235 370 in
1255 346 1386 375 montem.
1404 346 1431 370 et
1455 350 1517 370 cum
1540 342 1666 373 sodisset,
1679 347 1854 371 accesserurt

1068 390 1102 417 ad
1119 390 1194 417 illum
1207 389 1334 424 discrpuli
1354 390 1424 424 ejus,
1436 393 1464 416 et
1485 389 1610 424 aperiens
1623 397 1654 417 es
1669 397 1748 417 suum
1772 389 1854 417 dore-

1067 435 1114 462 bat
1127 443 1185 468 eos,
1216 435 1310 463 dicens
1327 444 1334 463 :
1364 434 1439 462 Beati
1454 443 1586 470 pauperes
1601 436 1709 471 spiritu,
1724 436 1852 469 quonlani

1067 481 1189 516 ipsorum
1203 485 1244 510 est
1259 488 1371 516 regnum
1389 481 1520 509 caelorum
1538 482 1571 509 "'.
1588 491 1597 508 ›
1610 481 1676 508 Nam
1689 481 1769 509 etiam
1786 481 1853 508 illud

1068 527 1172 562 scripto
1189 527 1326 563 proditum
1343 531 1394 560 est,
1408 527 1480 563 quod
1493 527 1573 555 caecis
1589 535 1642 555 non
1656 528 1750 562 paucis
1763 528 1851 556 visum

1068 574 1233 606 restituerit;
1247 573 1328 610 M3
1344 581 1398 601 non
1414 574 1502 601 solum
1528 574 1600 601 enim
1624 573 1669 604 iis,
1691 573 1737 608 qui
1765 573 1853 602 oculis

1067 621 1192 655 corporis
1209 621 1282 655 capti
1299 623 1389 651 erant,
1405 621 1493 647 visum
1509 620 1685 654 largiebatur,
1704 620 1750 647 sed
1771 621 1851 647 etiam

1066 666 1112 698 iis,
1127 667 1174 701 qui
1187 667 1215 694 in
1226 666 1312 694 altero
1328 673 1426 701 genere
1442 666 1605 701 caligabunt,
1623 669 1651 694 ut
1663 667 1754 694 animo
1768 666 1852 694 Deum

1067 711 1188 739 universi
1213 712 1386 739 intuerentur
1410 717 1492 747 atque
1507 715 1695 747 agnoscerent,
1711 716 1852 739 auctorem

1067 763 1098 784 se
1114 756 1268 784 exhibebat.
1290 755 1397 790 Alioqui
1413 763 1478 783 vero
1491 757 1572 783 etiam
1588 756 1632 787 iis.
1643 757 1690 791 qui
1705 756 1738 783 ab
1757 756 1852 783 invisi-

1069 802 1117 830 bili
1135 809 1167 829 ac
1182 801 1332 829 daamonica
1348 805 1482 838 potestate
1496 802 1580 829 vincti
1594 805 1686 830 essent
1700 802 1852 836 captivique

1067 849 1177 877 abducti
1191 856 1223 876 ac
1239 849 1372 876 malorum
1399 849 1504 877 catenis
1531 848 1666 884 impliciti,
1689 848 1851 881 libertatem,

1068 895 1332 930 dissolutionemque
1348 903 1442 922 earum
1458 903 1560 928 rerum,
1574 903 1588 922 a
1600 895 1700 930 quibus
1723 895 1853 922 terreban-

225 943 313 975 αὐτοὶ,
328 942 366 978 τῷ
388 942 547 979 κηρύγματι
564 942 767 985 πιστεύσαντες,
779 941 823 969 οἶα
836 943 958 978 λυτρωτῇ
973 943 1016 969 καὶ

1053 962 1054 967 η
1070 945 1125 974 tur,
1139 941 1330 973 denuntiabat,
1346 941 1369 969 si
1385 941 1464 969 modo
1475 941 1526 976 ipsi
1543 948 1651 976 quoque
1671 941 1743 968 illius
1756 940 1853 976 pradi-

224 988 333 1025 Σωτῆρι
347 989 546 1025 προσδράμοιεν
557 989 642 1024 αὐτῷ,
651 989 698 1015 καὶ
714 990 768 1021 τοῖς
783 987 864 1015 αὑτοῦ
877 989 1012 1015 πεισθεῖεν

224 1034 447 1070 παραγγέλμασι.
474 1035 529 1062 Καὶ
558 1034 591 1061 τὰ
611 1035 692 1061 λοιπά
708 1034 736 1061 δὲ
755 1034 802 1061 τοῦ
827 1034 917 1069 λογίου
942 1034 1013 1061 κατὰ

224 1080 320 1116 καιρὸν
337 1081 366 1107 ὲν
381 1082 437 1112 τοῖς
456 1080 521 1115 περὶ⁹
538 1080 592 1106 τῶν
605 1080 777 1115 ἐπαγγελιῶν
791 1079 1011 1115 ἐξετασθήσεται.

1067 987 1167 1015 cationi
1185 987 1263 1015 ﬁdem
1279 987 1449 1020 adhibentes,
1466 986 1499 1013 ad
1520 986 1596 1014 illum
1615 990 1744 1022 tanquam
1761 986 1794 1013 ad
1810 994 1853 1014 res

1066 1034 1234 1069 demplorem
1244 1037 1271 1061 et
1285 1033 1453 1060 Salvatorem
1466 1033 1645 1060 accurrebant
1659 1036 1685 1060 et
1698 1032 1770 1060 illius
1786 1040 1853 1067 prae-

1067 1079 1154 1116 ceptis
1172 1080 1408 1115 obtemperabant.
1431 1078 1576 1111 Caeterum,
1600 1087 1660 1114 qua:
1674 1087 1706 1107 ex
1725 1080 1775 1106 hoc
1791 1085 1855 1106 Ora-

225 1129 288 1156 culo
306 1131 464 1163 supersunt.
482 1135 533 1155 suo
557 1132 681 1162 tempore
713 1127 741 1154 in
777 1126 821 1160 iis,
841 1135 901 1162 quae
926 1127 960 1154 de
982 1127 1213 1162 promissionibns
1224 1127 1365 1154 tractanda
1377 1130 1450 1158 sunt,
1466 1125 1654 1161 exquirentnr.

231 1186 304 1213 ’Λπὸ
320 1186 373 1214 τοῦ
383 1187 622 1221 Δευτερονομίου.
633 1202 668 1207 ——
685 1186 755 1220 Περὶ
764 1186 818 1220 τῆς
826 1186 941 1213 κατὰτὸ
956 1187 1014 1214 Εὑ-

261 1221 401 1257 αιγέλιον
414 1222 467 1249 τοῦ
484 1222 612 1256 Χριστοῦ
628 1222 817 1257 νομοθεσίας.

265 1287 274 1304 t
287 1278 434 1314 Προφήτην
457 1278 488 1304 ὲκ
508 1278 562 1304 τῶν
581 1277 700 1312 ἀδελφῶν
723 1286 769 1305 σου
789 1279 936 1314 ἀναστήσει
956 1278 1014 1306 Κύ-

227 1333 284 1361 ριος
297 1325 310 1351 ὁ
321 1325 387 1356 Θεός
401 1333 447 1351 σου
461 1325 498 1356 ὡς
512 1324 571 1360 ἐμὲ·
583 1324 666 1351 αὑτοῦ
681 1323 830 1351 ἀκούσεσθε
841 1323 912 1351 κατὰ
927 1324 1016 1351 πάντα

226 1371 278 1398 ὅσα
300 1371 394 1406 ᾐτήσω
409 1370 484 1406 παρὰ
509 1371 611 1406 Κυρίου
640 1370 686 1396 τοῦ
702 1369 769 1396 Θεοῦ
797 1378 844 1396 σου
865 1371 893 1396 ἐν
916 1370 1017 1405 Χωρὴσ

225 1418 260 1453 τῇ
277 1416 368 1453 ἡμέρᾳ
380 1417 429 1452 τῆς
448 1416 605 1452 ἐκκλησίας,
618 1416 741 1450 λέγοντες
753 1425 760 1432 ’
771 1416 808 1443 Οὐ
824 1416 1014 1452 προσθήσομεν

225 1463 341 1491 ἀκοῦσαι
359 1463 410 1497 τῆς
430 1463 521 1498 φωνῆς
535 1462 582 1489 τοῦ
598 1463 701 1499 Κυρίου
719 1463 765 1490 τοῦ
780 1462 847 1490 Θεοῦ
865 1463 952 1498 ἡμῶν,
967 1463 1014 1489 καὶ

226 1509 258 1536 τὸ
272 1509 327 1545 πῦρ
348 1509 379 1535 τὺ
401 1509 470 1544 μέγα
493 1508 573 1535 τοῦτο
596 1509 646 1535 οὐκ
672 1509 793 1545 ὀψόμεθα
819 1509 877 1541 ἔτι,
893 1508 954 1535 οὐδὲ
976 1509 1013 1544 μὴ

227 1554 417 1590 ἀποθάνωμεν.
441 1554 496 1582 Καὶ
524 1551 583 1580 εἷπε
608 1554 709 1590 Κύριος
735 1555 803 1590 πρὸς
834 1555 884 1590 με’
912 1554 1014 1590 Ὀρθῶς

227 1600 317 1628 πάντα
330 1601 380 1627 ὅσα
392 1600 541 1636 ἐλάλησαν·
555 1600 702 1636 Προφήτην
715 1601 747 1627 ὲκ
762 1601 816 1628 τῶν
833 1600 953 1635 ἀδελφῶν
967 1601 1016 1627 αὐ-

226 1647 282 1675 τῶν
298 1647 441 1683 ἀναστήσω
459 1647 552 1679 αὐτοῖς
564 1647 658 1683 ὥσπερ
675 1657 704 1674 σε
714 1667 721 1679 ,
736 1649 784 1674 καὶ
799 1647 877 1674 δώσω
895 1647 925 1674 τὸ
940 1647 1016 1683 ῥῆμά

229 1703 281 1731 μου
297 1695 336 1727 εις
351 1695 382 1722 τὸ
396 1695 484 1730 στόμα
494 1694 588 1726 αὑτοῦ,
604 1695 650 1722 καὶ
659 1695 772 1731 λαλήσει
783 1696 874 1727 αὐτοῖς
888 1695 949 1722 καθ’
965 1696 979 1722 ὃ
990 1704 1015 1722 τι

228 1740 262 1767 ἂν
288 1741 449 1776 ἐντείλωμαι
473 1740 564 1776 αὐτῷ,
588 1741 636 1767 καὶ
661 1742 675 1768 ὁ
697 1741 840 1777 ἄνθρωπος
859 1741 888 1773 ὃς
909 1741 956 1768 ὲάν
979 1741 1016 1776 μὴ

226 1787 332 1824 ἀκούσῃ
350 1788 437 1814 πάντα
456 1788 507 1814 ὅσα
526 1788 572 1814 ἐὰν
594 1787 698 1823 λαλήσῃ
717 1788 732 1813 ὁ
751 1789 893 1824 προφήτης
912 1788 957 1814 ἐπὶ
976 1787 1016 1823 τῷ

227 1831 339 1867 ὀνόματί
355 1841 416 1868 μου,
429 1832 485 1866 ἐγὼ
495 1832 630 1867 ἐκδικήσω
644 1831 674 1864 ἐξ
687 1831 779 1859 αὐτοῦ.
788 1842 796 1857 ι
807 1832 967 1867 Ἐπίοτησον
976 1833 1017 1859 ὃτι

230 1877 326 1914 μηδεὶς
345 1879 409 1914 παρ’
431 1878 566 1914 Ἑϐραίοις
580 1879 692 1905 Μωῦσεῖ
707 1877 898 1913 παραπλήσιος
913 1879 1017 1913 προφή-

229 1932 280 1959 της
303 1924 450 1960 ἐγήγερται
463 1944 469 1955 ,
489 1924 611 1951 τουτέστι
631 1923 796 1958 νομοθέτης,
813 1923 860 1950 καὶ
878 1923 1019 1954 εὐσεϐείας

229 1968 384 2004 ἀνθρώποις
397 1970 555 2005 εἰσηγητὴς,
570 1970 586 2004 ἢ
603 1969 681 2005 μόνος
695 1969 709 1995 ὁ
725 1968 859 2004 ἡμέτερος
874 1969 981 2003 Σωτὴρ,
1004 1969 1019 1995 ό

229 2015 348 2051 Χριστος
366 2015 413 2042 τοῦ
428 2015 495 2042 Θεοῦ
505 2024 512 2030 ·
529 2015 597 2051 πρὸς
611 2014 675 2049 γοῦν
689 2014 728 2050 τῷ
740 2014 813 2041 τέλει
827 2013 874 2040 τοῦ
891 2015 1019 2049 Δευτερο-

229 2060 324 2096 νομιου
333 2061 450 2095 λέγεται·
464 2070 472 2086 t
484 2061 539 2088 Οὐκ
554 2061 652 2096 ἀνέστη
665 2060 704 2087 ἑτι
716 2061 857 2096 προφήτης
868 2060 896 2085 ἐν
912 2058 1018 2095 Ἰσραὴλ

230 2106 269 2139 ὡς
285 2106 432 2141 Muri-671g.)
446 2107 501 2133 Καὶ
518 2107 570 2142 μὴν
586 2106 676 2142 μυρίοι
691 2106 828 2141 προφῆται
843 2105 912 2141 μετά
925 2105 1018 2132 τοῦτον

230 2153 374 2188 γεγόνασιν
384 2174 391 2186 ,
407 2153 475 2180 ἀλλὰ
490 2155 539 2189 οὐχ
555 2154 591 2185 ὼς
604 2154 694 2186 αὐτός.
710 2153 788 2180 ’Όλον
804 2153 830 2179 δὲ
846 2152 925 2179 τοῦτο
939 2153 955 2187 ὴ
971 2151 1018 2178 τοῦ

231 2199 299 2226 Θεοῦ
315 2199 460 2234 ὑπόσχεσις
476 2199 681 2234 ἐπαγγέλλεται,
697 2199 745 2226 ἕνα
757 2198 829 2230 τινὰ,
843 2199 902 2234 οὐχὶ
912 2198 939 2224 δὲ
955 2197 1019 2224 πολ-

231 2243 305 2277 λοὺς,
318 2245 364 2272 καὶ
384 2246 475 2281 ὅμοιον
494 2246 656 2281 ἀναστήσειν
680 2245 762 2281 αὐτῷ.
779 2245 860 2281 Δηλοῖ
882 2246 910 2272 δὲ
926 2245 1019 2272 τοῦτον

231 2291 379 2326 νομοθέτην
393 2292 439 2318 καὶ
454 2292 592 2324 εὐσεϐείας
606 2292 756 2328 ἀνθρώπων
771 2291 946 2322 διδάσκαλον,
965 2289 1021 2323 οἷος

1062 1176 1085 1204 Α
1106 1175 1320 1203 Deuleranomio.
1343 1191 1378 1195 —
1397 1174 1437 1202 De
1467 1182 1539 1201 novre
1569 1174 1633 1209 legis
1657 1174 1684 1200 in
1711 1171 1852 1208 Evangelia

1327 1209 1427 1238 Christi
1447 1209 1592 1236 sanctione.

1103 1276 1112 1293 ‹
1127 1266 1290 1302 Prophetam
1305 1265 1339 1293 de
1355 1265 1487 1292 fratribus
1504 1264 1558 1292 tuis
1576 1264 1718 1292 suscitabit
1730 1264 1779 1291 tibi
1798 1263 1852 1290 Do-

1067 1314 1158 1341 minus
1170 1313 1241 1341 Deus
1257 1317 1321 1340 tuus
1338 1311 1410 1339 sieut
1425 1319 1482 1338 me:
1495 1308 1570 1337 illum
1585 1310 1701 1337 audietis
1717 1310 1744 1336 in
1761 1309 1851 1337 omni-

1066 1360 1119 1387 bus
1141 1366 1311 1395 quaacunque
1334 1358 1478 1394 postulasti
1499 1366 1514 1385 a
1540 1355 1656 1384 Domino
1675 1355 1729 1384 Deo
1755 1360 1802 1383 tuo
1824 1356 1852 1383 in

1066 1405 1176 1434 Choreb
1192 1405 1220 1433 in
1245 1405 1288 1432 die
1311 1404 1452 1431 concionis
1467 1403 1608 1432 dicentes:
1625 1403 1684 1430 Non
1711 1404 1780 1430 ultra
1804 1410 1853 1429 au-

1068 1453 1175 1480 diemus
1194 1459 1289 1478 vocem
1310 1450 1417 1478 Domini
1440 1449 1486 1478 Dei
1511 1451 1609 1480 nostri.
1628 1454 1654 1477 et
1670 1450 1758 1485 ignem
1779 1449 1853 1475 hunc

1066 1498 1196 1534 grandem
1211 1505 1265 1525 non
1277 1496 1429 1524 videbimus
1445 1496 1573 1530 amplius,
1586 1504 1674 1530 neque
1689 1495 1852 1527 moriemur;

1067 1548 1094 1572 et
1110 1544 1178 1572 dixit
1194 1543 1325 1571 Dominus
1338 1543 1372 1570 ad
1388 1550 1430 1570 me
1446 1542 1548 1570 :Recte
1560 1543 1650 1570 omnia
1664 1541 1748 1569 locuti
1768 1545 1831 1568 sunt
1845 1549 1853 1573 ;

1067 1590 1228 1626 prophetam
1245 1598 1279 1617 ex
1294 1589 1424 1617 fratribus
1440 1589 1561 1624 ipsorum
1574 1589 1713 1617 suscitabo
1728 1588 1768 1616 eis
1782 1587 1854 1614 sicut

1068 1641 1104 1669 te,
1123 1641 1151 1665 et
1167 1638 1238 1665 dabo
1252 1636 1371 1664 Verbum
1390 1644 1479 1664 meum
1501 1636 1529 1663 in
1544 1643 1575 1664 os
1595 1636 1665 1670 ejus,
1685 1639 1712 1662 et
1729 1635 1854 1669 loquetur

1030 1679 1051 1707 C
1067 1684 1107 1712 eis
1128 1683 1279 1711 secundum
1298 1682 1480 1718 quodctmque
1503 1689 1657 1716 pratcepero
1678 1680 1726 1711 illi,
1742 1684 1768 1707 et
1792 1680 1853 1715 qui-

1067 1737 1176 1765 cunque
1189 1730 1271 1757 homo
1294 1737 1349 1757 non
1375 1728 1493 1756 audierit
1512 1727 1602 1754 omnia
1624 1734 1793 1762 quaecunque
1814 1726 1854 1753 lo-

1068 1779 1167 1811 quetur
1179 1775 1311 1810 propheta
1325 1775 1369 1802 ille
1383 1775 1410 1801 in
1423 1774 1533 1802 nomine
1548 1783 1618 1807 meo,
1635 1781 1683 1810 ego
1696 1772 1815 1800 ulciscar
1826 1772 1854 1798 in

1068 1831 1101 1849 eo
1111 1823 1144 1850 “.
1160 1832 1169 1848 ι
1181 1822 1374 1850 Animadverte
1387 1822 1531 1857 diligenter
1543 1826 1572 1849 ut
1589 1822 1679 1849 nullus
1691 1822 1769 1856 plane
1780 1817 1852 1856 apud

1069 1868 1198 1896 Hebraaos
1216 1868 1284 1896 Mosi
1297 1869 1396 1896 similis
1412 1868 1543 1904 propheta
1558 1868 1716 1899 surrexerit,
1735 1867 1787 1894 hoc
1798 1871 1851 1899 est,

1068 1916 1115 1951 qui
1132 1921 1158 1943 et
1173 1916 1262 1950 legum
1281 1920 1389 1947 auctor,
1406 1919 1433 1942 et
1449 1915 1559 1950 pictatis
1578 1915 1649 1950 apud
1670 1914 1793 1942 homines
1811 1913 1853 1940 in-

1070 1961 1210 1988 troductor
1225 1960 1372 1992 exstiterit,
1387 1960 1439 1987 nisi
1449 1969 1520 1988 unus
1529 1960 1654 1987 Salvator
1670 1964 1761 1987 noster
1775 1959 1855 1986 Chri-

1069 2012 1128 2034 stus
1157 2006 1221 2038 Dei;
1242 2007 1334 2042 itaque
1362 2006 1390 2033 in
1417 2006 1471 2034 ﬁne
1495 2006 1701 2034 Deuterouomii
1731 2005 1850 2041 legitur.

1071 2053 1153 2080 «Non
1176 2054 1295 2081 surrexit
1310 2053 1380 2080 ultra
1400 2053 1531 2088 propheta
1555 2053 1583 2080 in
1607 2052 1690 2080 Israel
1712 2053 1782 2079 sicut
1798 2051 1855 2079 Μο-

1069 2107 1114 2128 ses
1125 2100 1158 2131 ⁸⁹.
1177 2110 1186 2126 ι
1204 2098 1272 2126 Nam
1289 2100 1340 2127 etsi
1359 2098 1575 2126 innumerabiles
1589 2098 1727 2133 propheta:
1741 2102 1802 2133 post
1823 2098 1854 2124 il-

1069 2146 1125 2174 lum
1153 2146 1327 2177 exstiterunt,
1338 2150 1366 2172 at
1390 2154 1444 2173 non
1468 2150 1558 2173 tamen
1582 2146 1652 2173 sicut
1676 2146 1729 2173 ille.
1756 2146 1853 2172 Totum

1069 2200 1134 2220 vero
1152 2192 1203 2220 hoc
1221 2192 1279 2227 ipsa
1295 2191 1341 2219 Dei
1354 2192 1513 2227 pollicitatio
1531 2192 1672 2227 complexa
1688 2196 1741 2222 est,
1754 2192 1853 2227 quippe

1070 2247 1131 2275 qua:
1146 2247 1229 2266 unum
1253 2239 1384 2266 duntaxat
1401 2247 1455 2266 non
1472 2238 1571 2265 multos
1589 2242 1615 2265 et
1629 2238 1754 2265 eumdem
1779 2238 1855 2266 snni-

1069 2286 1123 2313 lem
1142 2286 1179 2312 illi
1207 2285 1397 2313 suscitandum
1422 2285 1572 2320 promittat.
1597 2284 1739 2319 Signiﬁcat
1763 2289 1853 2311 autem

234 2337 313 2372 μόνος
336 2338 350 2364 ὁ
370 2337 465 2374 Σωτὴρ
487 2338 534 2364 καὶ
555 2338 656 2374 Κύριος
676 2338 753 2374 ήμῶν
774 2337 877 2374 Ἰησοῦς
891 2337 1016 2372 Χριστὸς,

1053 2363 1057 2381 >
1072 2332 1145 2359 hunc
1161 2335 1188 2359 et
1204 2331 1293 2367 legum
1315 2335 1454 2359 auctorem
1474 2335 1500 2359 et
1513 2331 1623 2366 pietatis
1643 2330 1714 2365 apud
1731 2330 1854 2357 homines

232 2382 279 2409 καὶ
287 2383 347 2409 οὐδὲ
359 2383 436 2414 ἄλλος
449 2383 646 2416 ὰναδέδεικται,
654 2383 804 2418 νομοθέτης
817 2383 884 2419 ὁμοῦ
900 2383 944 2409 καὶ
956 2391 1018 2419 προ-

232 2428 320 2463 φήτης
340 2428 387 2455 τοῦ
403 2428 457 2455 τῶν
470 2429 537 2456 ὅλων
556 2429 622 2456 Θεοῦ
634 2449 641 2461 ,
657 2430 703 2457 καὶ
719 2429 823 2465 Πατρὸς
842 2429 925 2456 αὐτοῦ
941 2429 1018 2462 γενό-

233 2483 323 2510 μενος.
343 2474 411 2501 Ἀλλ’
424 2476 439 2501 ὁ
458 2476 506 2511 μὲν
516 2475 609 2507 ἔθνους
630 2476 689 2508 ἑνὸς
711 2477 726 2502 ό
747 2476 867 2511 Μωῦσῆς
884 2476 1016 2511 ἡγήσατο,

232 2520 279 2546 καὶ
299 2520 452 2556 κατάλληλα
476 2521 504 2548 δὲ
514 2521 600 2556 τούτῳ
624 2521 715 2556 μόνῳ,
735 2520 795 2555 οὐχὶ
813 2521 840 2547 δὲ
862 2520 910 2547 καὶ
929 2520 1018 2552 ἄλλοις

232 2564 319 2592 ἔθνεσι
336 2566 487 2601 νομοθετῶν
508 2567 709 2593 ἀποδέδεικται·
726 2567 740 2593 ὁ
756 2566 782 2592 δέ
795 2574 826 2600 γε
841 2565 956 2601 Χριστὸς
971 2565 1018 2592 τοῦ

231 2610 318 2644 Θεοῦ,
339 2610 428 2638 λαϐὼν
449 2612 614 2646 ἐπαγγελίαν
643 2612 718 2648 παρὰ
743 2612 790 2638 τοῦ
816 2611 922 2647 Πατρδς
950 2611 1018 2646 τὴν,

234 2667 244 2682 α
256 2657 371 2693 Δῖτησαι
384 2658 447 2693 παρ’
458 2657 535 2693 ἐμοῦ,
547 2658 593 2684 καὶ
606 2657 683 2685 δώσω
691 2667 732 2684 σοι
746 2657 808 2692 ἔθνη
825 2657 873 2692 τὴν
889 2657 1018 2692 κληρονοε-

233 2704 299 2740 μίαν
312 2712 359 2730 σου
371 2712 378 2719 ·
397 2714 406 2730 ι
423 2704 460 2735 ὡς
472 2704 505 2731 ἂν
526 2704 563 2740 μὴ
582 2704 662 2740 μόνον
681 2704 826 2735 Ἰουδαίοις,
840 2702 908 2730 ἀλλὰ.
918 2703 965 2729 καὶ
980 2702 1019 2738 τῷ

233 2751 313 2777 παντὶ
335 2750 390 2776 τῶν
410 2750 560 2786 ἀνθρώπων
581 2750 654 2784 γένει
674 2749 765 2781 καινὸς
780 2749 928 2785 νομοθέτης
942 2748 1020 2775 eooe-

231 2798 308 2834 ὃειας
331 2797 383 2824 ὑπὸ
405 2797 451 2824 τοῦ
476 2797 582 2833 Πατρδς
604 2796 770 2831 καταστῆναι
789 2797 821 2831 τῇ
839 2794 946 2822 πάντων
966 2794 1019 2821 τῶν

232 2842 317 2870 ἐθνῶν
333 2843 425 2878 κλήσει
439 2842 554 2878 δυνατὴν
573 2842 620 2869 καὶ
634 2841 760 2878 ἁρμῶιον
777 2841 960 2877 προεέὗληται
978 2849 1020 2867 νο-

270 2936 292 2951 ⁶τ
312 2935 406 2962 Matth.
425 2943 456 2966 v,
476 2934 533 2961 1-5.
572 2934 593 2949 ⁵⁸
614 2933 691 2960 Deut.
709 2940 793 2964 xvnt.
812 2932 903 2959 1519.

1071 2379 1232 2412 magistrum
1253 2377 1388 2410 futurum,
1413 2376 1567 2412 cujusmodi
1585 2385 1654 2404 unus
1679 2376 1803 2403 Salvator
1823 2383 1855 2403 ac

1072 2424 1204 2452 Dominus
1217 2428 1311 2452 noster
1322 2424 1403 2453 Jcsus
1417 2424 1554 2456 Christus,
1573 2432 1624 2452 nec
1639 2424 1709 2451 alius
1725 2428 1854 2458 praeterea

1070 2469 1156 2506 444
1170 2470 1306 2505 quispiam
1323 2470 1409 2498 fuisse
1428 2471 1641 2501 demonstratur,
1659 2473 1685 2496 et
1699 2469 1785 2504 legum
1803 2477 1855 2496 au—

1072 2520 1131 2543 ctor
1153 2517 1290 2549 videlicet.
1315 2519 1342 2544 et
1366 2517 1436 2544 idem
1462 2517 1504 2544 sui
1525 2516 1620 2551 patris,
1650 2515 1695 2550 qui
1718 2515 1789 2542 Deus
1813 2519 1856 2542 est

1072 2562 1203 2594 universi,
1230 2563 1374 2598 propheta.
1390 2562 1423 2589 Et
1446 2562 1533 2590 Moses
1555 2561 1665 2596 quidem
1688 2561 1769 2588 unius
1785 2560 1856 2587 dun-

1072 2612 1148 2636 taxat
1170 2609 1257 2643 gentis
1277 2608 1331 2635 dux
1358 2607 1419 2640 fuit,
1444 2611 1470 2635 et
1486 2615 1547 2642 qua:
1571 2606 1617 2634 uni
1637 2606 1746 2640 illi,non
1764 2610 1855 2633 autem

1071 2654 1177 2682 caeteris
1198 2661 1307 2689 quoque
1326 2654 1451 2689 gentibus
1473 2651 1675 2680 accommodari
1691 2654 1812 2686 possent.
1828 2650 1856 2676 in

1073 2700 1177 2736 legibus
1195 2700 1254 2727 suis
1274 2699 1400 2727 sanxisse
1415 2698 1561 2733 reperitur,
1576 2701 1604 2724 at
1619 2705 1683 2725 vero
1697 2697 1755 2732 ipse
1776 2695 1855 2724 Chri-

1072 2750 1131 2774 stus
1154 2746 1214 2778 Dei,
1241 2746 1285 2773 ubi
1312 2753 1326 2772 a
1344 2745 1424 2773 Patre
1448 2745 1612 2780 promissum
1636 2743 1702 2771 illud
1728 2743 1853 2778 accepit:

1075 2802 1084 2818 ε
1102 2792 1213 2820 Postula
1237 2799 1252 2819 a
1271 2799 1324 2824 me,
1345 2794 1372 2818 et
1396 2790 1466 2818 dabo
1483 2790 1530 2818 tibi
1557 2793 1652 2825 gentes
1671 2789 1854 2816 haereditateni

1073 2838 1200 2866 tuam":
1218 2848 1226 2864 ι
1244 2841 1337 2872 utpote
1356 2837 1402 2872 qui
1427 2845 1482 2864 non
1495 2837 1561 2865 solis
1586 2835 1698 2867 Iudaeis,
1711 2835 1757 2863 scd
1773 2834 1854 2863 etiam

960 2931 981 2946 “
1004 2929 1081 2957 Deut.
1099 2937 1197 2962 xxxiv,
1219 2929 1261 2956 10.
1301 2927 1323 2943 ⁷⁰
1342 2927 1414 2955 Psal.
1432 2935 1468 2958 ιι,
1484 2927 1511 2954 8.
