2099 3217
270 175 318 205 6M
357 168 365 181 ,

608 173 743 202 EUSEBII
760 173 999 202 CESARIENSIS
1009 173 1085 204 OPP.
1100 173 1192 201 PARS
1210 173 1242 202 Il.
1261 189 1295 194 —
1311 173 1562 203 APOLOGETICA.

1846 171 1901 199 69!

272 235 401 263 universo
417 233 558 261 hominum
572 233 666 268 generi
683 242 771 261 novus
787 234 874 269 legum
890 234 1055 269 pietatisque

1109 232 1246 268 μοθεσίαν.
1275 233 1405 268 Θειοτέρᾳ
1430 232 1494 267 γοῦν
1519 233 1535 268 ἢ
1559 228 1629 259 κατὰ
1643 230 1762 259 Ηωῡσέα
1785 231 1898 266 δυνάμει

271 284 368 307 auctor
390 287 406 306 a
432 285 508 315 patre
532 281 756 312 constitueretur,
777 281 914 308 vocationi
935 281 1056 308 omnium

271 326 402 359 gentium,
424 329 481 355 tum
498 324 615 357 facilem,
633 329 691 352 tum
714 326 949 353 accommodatam
967 327 1056 362 legum

270 371 442 406 disciplinam
452 371 587 406 exposuit.
605 371 674 398 Cum
687 379 753 407 ergo
767 373 893 408 ampliori
905 380 986 407 quam
997 380 1058 408 quae

271 417 408 447 hominem
422 417 518 447 deceat
541 418 717 450 auctoritate,
734 419 806 454 leges
828 419 973 451 invenerit,
993 419 1058 446 divi-

269 463 347 493 niore
374 463 457 491 etiam
482 472 562 499 quam
580 472 641 500 qua:
666 472 680 492 a
701 464 775 492 Mose
797 465 920 500 praestari
940 466 1058 500 potuerit

269 510 379 540 virtute,
397 509 426 536 in
448 512 506 536 toto
529 509 596 536 orbe
609 509 760 537 servandas
780 513 973 538 sacrosanctas
992 517 1057 537 suas

268 555 343 590 leges
362 562 410 590 per
427 562 492 583 suos
508 555 690 590 evangelistas
707 555 863 590 descripsit,
885 555 950 582 dum
971 556 1007 582 ita
1023 556 1057 584 ad

268 601 330 629 illos
341 601 409 629 dicit
421 623 427 628 .
441 610 451 627 ‹
463 601 585 629 Audistis
595 602 668 637 quod
682 602 785 629 dictum
798 602 833 629 sit
847 602 968 637 antiquis
981 601 1057 629 :Non

267 648 396 680 occides;
415 655 466 683 ego
482 651 573 675 autem
588 647 650 676 dico
660 648 738 676 vobis
762 640 796 675 ne
817 648 899 675 irasci
914 658 923 673 ι
945 647 1055 683 quidem

268 693 413 726 temere",
429 696 455 722 et
482 701 652 729 quacunque
683 694 726 721 his
758 694 886 728 adjuncta
902 694 929 721 in
948 694 1057 731 publice

267 739 414 774 descriptis
431 739 518 775 ipsius
539 739 713 767 documentis
733 739 978 772 circumferuntur,
996 747 1057 775 quae

266 786 378 821 quidem
400 785 460 821 ipse
483 786 566 814 etiam
587 785 752 821 evangelista
776 785 959 818 commendat,
983 786 1056 821 quod

268 831 363 867 utique
377 831 608 867 obstupescerent
629 839 725 860 omnes
747 831 901 859 doctrinam
916 832 1001 863 illius,
1023 840 1057 860 eo

266 877 341 913 quod
367 877 502 907 «doceret
522 885 570 906 eos
594 881 723 913 tanquam
755 882 916 913 potestatem
940 879 1055 910 habens,

268 931 323 954 non
337 926 473 958 tanquam
493 923 590 952 scribae
603 923 725 959 ipsorum
737 924 770 951 ".
789 934 799 949 ι
816 924 884 951 Cum
900 929 990 952 autem
1011 929 1054 952 to-

267 969 324 997 tius
338 969 428 1004 operis
441 969 530 1001 initio,
547 969 609 1004 quis
624 973 697 997 esset
716 968 868 997 Salvatoris
883 970 979 1002 nostri,
995 973 1053 997 tum

267 1014 295 1043 iu
314 1013 451 1046 doctrina,
467 1018 523 1041 tum
543 1014 570 1041 in
588 1014 692 1050 legibus
706 1014 862 1042 sanciendis
882 1015 989 1046 modus.
1007 1023 1055 1043 ex-

267 1059 478 1094 planaverimus,
492 1060 537 1087 ubi
548 1060 614 1095 quid
625 1063 700 1087 esset
713 1060 942 1088 Christianismus
955 1061 981 1087 in
997 1068 1054 1087 me-

265 1104 340 1131 dium
355 1104 531 1140 protulimus,
548 1105 581 1132 ad
599 1105 644 1132 illa
668 1106 727 1140 ipsa
742 1105 862 1141 legentes
877 1106 959 1134 etiam
981 1114 1054 1134 nunc

265 1151 441 1182 remittimus.
466 1151 520 1179 Sed
549 1151 714 1187 diligentiori
740 1153 856 1187 quadam
882 1153 1053 1180 animadver-

265 1198 344 1224 sione
360 1205 404 1224 res
418 1196 501 1233 digna
516 1205 578 1229 esse
591 1198 709 1228 videtur,
724 1205 774 1225 cur
788 1198 826 1225 ita
841 1198 973 1226 Dominus
987 1206 1052 1233 pro-

265 1243 374 1280 plietam
389 1243 443 1271 illis
459 1250 489 1271 se
512 1243 710 1273 suscitaturum
727 1243 900 1279 polliceatur.
917 1243 1052 1278 Quoniam

265 1287 349 1322 igitur
363 1289 470 1323 Mosem
484 1288 543 1324 ipse
555 1287 688 1316 Dominus
699 1289 819 1324 jusserat
832 1289 989 1317 universum
1003 1297 1052 1325 po-

263 1334 359 1368 pulum
381 1333 472 1361 triduo
486 1334 608 1369 expiare,
635 1338 665 1362 ut
684 1334 766 1361 simul
781 1338 808 1361 et
826 1339 995 1369 spectatores
1012 1336 1051 1363 illi

264 1384 292 1407 et
316 1380 457 1408 auditores
479 1379 564 1407 divini
583 1379 715 1408 adventus
738 1379 920 1414 efﬁcerentur,
938 1380 977 1407 illi
1001 1387 1051 1407 au-

264 1426 319 1453 tem
335 1425 500 1454 inﬁrmiores
513 1426 546 1453 ad
556 1425 672 1461 gratiam
688 1425 736 1453 Dei
748 1425 925 1458 exsistehant,
942 1429 973 1453 ut
986 1433 1050 1461 pro-

263 1477 358 1508 pterea
379 1480 441 1499 cum
455 1472 513 1506 jam
537 1477 565 1500 et
590 1472 691 1500 intueri
721 1476 749 1499 et
775 1471 870 1499 audire
886 1471 1049 1506 inciperent,

264 1525 324 1549 eam
346 1525 404 1546 rem
425 1517 477 1553 ipsi
503 1518 700 1551 recusaverint,
721 1517 844 1545 dicentes
867 1518 901 1545 ad
926 1517 1048 1545 Mosem:

268 1574 277 1588 ι
294 1563 335 1596 Tu
347 1563 459 1599 loquere
473 1563 507 1592 ad
522 1572 582 1597 nos,
604 1572 693 1600 neque
706 1564 835 1599 loquatur
847 1563 881 1591 ad
898 1571 949 1591 nos
965 1563 1048 1596 Deus,

269 1617 302 1637 ne
326 1610 477 1639 moriamur
496 1611 540 1639 "z
558 1620 568 1637 ι
596 1611 695 1638 merito
715 1611 753 1638 ob
774 1618 834 1638 eam
855 1618 911 1638 rem
934 1610 1050 1645 suscipit

266 1655 376 1697 quidem
392 1656 501 1689 illorum
517 1657 646 1697 pietatem
665 1665 697 1684 ac
712 1657 890 1685 reverentiam
907 1656 1047 1689 Dominus,

265 1702 336 1736 idem
363 1711 429 1735 vero
451 1703 508 1736 ait:
526 1713 536 1730 ε
549 1703 633 1733 Recte
657 1704 749 1731 omnia
775 1711 945 1739 quaecunque
965 1703 1048 1731 locuti

264 1752 339 1782 sunt,
361 1749 521 1787 prophetam
538 1750 664 1783 excitabo
689 1749 745 1777 illis
763 1750 797 1777 de
822 1750 912 1777 medio
933 1749 1048 1777 fratrum

263 1794 335 1825 sicut
358 1799 394 1822 te.
414 1803 424 1820 ι
444 1793 492 1822 Sic
516 1802 580 1831 ergo
604 1802 716 1823 causam
739 1802 848 1829 quoque
870 1794 974 1827 docuit,
1000 1803 1049 1823 cur

263 1844 394 1876 tanquam
407 1840 541 1876 propheta
556 1839 640 1868 fuerit
658 1843 790 1870 venturus
805 1840 839 1867 ad
858 1841 993 1868 homines.
1011 1841 1048 1868 Ea

262 1891 328 1913 vero
343 1885 394 1913 fuit
407 1885 548 1913 hominum
559 1885 743 1917 imbecillitas,
759 1889 785 1913 et
796 1886 996 1926 praxstantioris
1006 1887 1047 1914 vi—

263 1939 312 1959 sus
330 1930 477 1959 recusatio.
495 1929 586 1958 Habes
600 1930 684 1966 igitur
706 1938 829 1964 causam,
851 1939 900 1959 cur
916 1932 1048 1967 propheta

263 1978 320 2011 ille,
335 1977 383 2014 qui
400 1981 534 2004 venturus
558 1976 718 2008 cauebatur,
743 1977 824 2005 homo
843 1981 915 2005 esset
928 1977 1046 2006 futurus.

263 2022 344 2065 M5
359 2021 454 2056 Merito
469 2021 553 2057 igitur
564 2025 752 2057 exspectantes
769 2022 845 2049 illum
855 2022 952 2056 Judaei,
965 2023 1048 2051 Joan-

266 2076 325 2098 nem
340 2068 490 2104 Baptistam
502 2068 718 2103 interrogabant,
742 2075 774 2096 ac
793 2069 920 2098 dicebant
937 2079 943 2096 :
959 2078 968 2094 ι
988 2069 1048 2105 Ipse

264 2114 395 2150 propheta
409 2122 439 2145 es
450 2114 499 2143 tu?
512 2118 539 2141 et
550 2114 700 2149 respondit,
719 2122 774 2142 non
787 2114 820 2140 ⁷⁸.
840 2124 850 2140 ι
864 2113 966 2142 Verum
983 2122 1047 2142 curn

262 2161 382 2190 Joannes
397 2169 490 2194 verum
516 2161 655 2195 fateretur,
670 2171 724 2190 non
755 2170 785 2190 se
806 2162 966 2197 prophetam
987 2170 1048 2192 esse

262 2208 392 2243 negavit;
411 2211 470 2236 erat
489 2207 572 2240 enim,
588 2208 635 2236 sed
653 2216 683 2236 se
707 2208 783 2235 illum
809 2215 871 2235 esse
886 2208 1047 2243 pmphetam

1107 279 1178 305 κατὰ
1203 280 1302 311 παντὸς
1319 279 1366 306 τοῦ
1390 280 1494 314 κόσμου
1509 279 1572 310 τοὺς
1592 279 1682 313 ἱεροὺς
1698 277 1781 304 αὑτοῦ
1798 277 1898 312 νόμους

1106 326 1150 352 διὰ
1169 326 1224 352 τῶν
1250 326 1450 360 εὐαγγελιστῶν
1477 325 1559 352 αὐτοῦ
1583 324 1733 356 διετάξατο,
1756 323 1859 359 μείζονι
1878 323 1896 358 ἢ

1106 372 1177 399 κατὰ
1193 372 1333 408 ἄνθρωπον
1348 372 1455 408 ἐξουσίᾳ
1465 371 1657 407 νομοθετήσας,
1673 369 1757 396 εἰπών
1767 378 1789 395 Ἰ
1801 369 1897 396 Ἠκού-

1108 426 1182 450 σατε,
1198 419 1212 445 ὅ
1223 427 1249 445 τι
1261 418 1360 455 ἐρρέθη
1376 420 1432 450 τοῖς
1444 419 1575 453 ἀρχαίοις·
1589 418 1626 445 Οὐ
1638 417 1788 452 φονεύσειςο
1803 416 1896 452 ἑγὼδὲ

1107 464 1179 498 λέγω
1198 465 1263 499 ὑμῖν
1290 464 1357 500 μηδὲ
1378 463 1537 499 ὀργίζεσθαι
1556 473 1565 489 ι
1582 463 1660 498 εἰκῆ,
1676 463 1722 490 καὶ
1738 462 1773 490 τὰ
1791 462 1896 495 τούτοις

1106 511 1239 538 ἀκόλουθα
1254 511 1304 537 ὅσα
1319 511 1350 546 δὴ
1364 511 1394 537 ὲν
1404 511 1465 542 ταῖς
1478 510 1662 545 ἀναγράπτοις
1675 509 1756 536 αὑτοῦ
1770 509 1897 536 διδασκα-

1106 556 1177 588 λίαις
1195 556 1362 591 ἐμφέρεται,
1388 556 1430 591 ἐφ’
1447 553 1487 588 οἷς
1503 557 1635 591 μαρτυρεῖ
1648 555 1734 589 λέγων
1747 556 1762 581 ὁ
1779 555 1896 589 εὐαγγε-

1106 602 1211 637 λιστὴς,
1222 603 1263 628 ὅτι
1274 602 1468 637 ἐξεπλήττοντο
1483 602 1582 633 πάντες
1597 601 1642 628 ἐπὶ
1653 603 1684 636 τῇ
1698 600 1790 636 διδαχῇ
1799 600 1894 627 αὐτοῦ·

1106 645 1141 684 ἦν
1158 647 1213 683 γὰρ
1228 657 1237 673 ι
1252 647 1385 674 διδάσκων
1394 648 1534 679 αὺτοὺςὼς
1549 647 1673 679 ἐξουσίαν
1688 646 1766 681 ἔχων,
1782 645 1829 675 καὶ
1845 646 1895 680 οὐχ

1106 692 1144 724 ὡς
1165 693 1190 721 οἱ
1205 694 1377 728 γραμματεῖς
1401 692 1499 719 αὐτῶν.
1525 702 1534 718 ›
1551 693 1603 718 Τὸν
1616 691 1644 718 δὲ
1664 691 1762 727 τρόπον
1776 691 1827 725 τῆς
1846 689 1895 717 τοῦ

1107 738 1233 774 Σωτῆρος
1246 738 1323 774 ήμῶν
1338 738 1510 769 διδασκαλίας
1526 746 1555 764 τε
1572 738 1618 764 καὶ
1631 736 1788 772 νομοθεσίας
1802 738 1830 763 ἐν
1845 737 1894 771 ἀρ-

1107 785 1169 819 χαῖς
1183 784 1233 819 τῆς
1258 784 1398 820 παρούσης
1421 783 1575 815 ὑποθέσεως
1596 782 1754 814 διελθόντες,
1781 783 1826 808 ὅτε
1847 782 1894 808 τὸν

1106 830 1319 867 Χριστιανισμὺν
1330 850 1337 862 ,
1352 830 1366 857 ὅ
1382 830 1409 856 τί
1425 829 1489 856 ποτέ
1508 831 1582 855 ἐστιν
1595 831 1633 861 εἰς
1647 829 1763 864 φανερὸν
1778 829 1892 863 ἤγομεν,

1107 877 1248 903 ἐπ’ἐκεῖνα
1257 877 1302 903 καὶ
1312 876 1358 903 νῦν
1369 877 1431 908 τοὺς
1441 876 1651 911 ἐντυγχάνοντας
1662 875 1893 912 παραπέμψομεν.

1070 918 1091 947 Β
1111 922 1271 958 Ἐπιστῆσαι
1284 922 1312 948 δὲ
1322 922 1360 957 τῷ
1367 922 1437 957 λόγῳ
1448 922 1571 955 ἄξιον,δι’
1582 922 1610 948 ὃν
1620 923 1634 949 ὁ
1645 922 1745 958 Κύριος
1752 922 1893 957 ὑπισχνεῖο

1103 977 1147 995 ται
1166 969 1308 1003 προφήτην
1321 968 1483 1003 ἀναστήσειν
1498 968 1600 999 αὐτοῖς.
1618 967 1725 1003 Ἐπειδὴ
1740 966 1794 1002 γὰρ
1813 975 1892 993 κεκε-

1103 1015 1195 1042 λεύκει
1208 1014 1257 1050 μὲν
1272 1014 1352 1045 αὐτὸς
1363 1013 1402 1049 τῷ
1414 1015 1526 1040 Μωῦσεῖ
1548 1014 1657 1048 ἁγνίσαι
1666 1014 1712 1041 τὸν
1726 1013 1814 1040 πάντα
1827 1013 1893 1040 λαὸν

1104 1062 1146 1096 ἐφ’
1161 1060 1277 1096 ἡμέραις
1295 1061 1395 1096 τρισὶν,
1415 1060 1452 1091 ὡς
1469 1060 1502 1086 ἂν
1515 1061 1635 1094 γένοιντο
1648 1059 1742 1086 θεαταὶ
1758 1059 1827 1095 ὁμοῦ
1843 1059 1892 1086 καὶ

1103 1107 1236 1142 ἀκροαταὶ
1248 1107 1297 1142 τῆς
1312 1106 1403 1133 ἐνθέου
1420 1106 1580 1140 ἐπιφανείας
1593 1127 1600 1138 ,
1613 1106 1639 1132 οἱ
1656 1105 1684 1132 δὲ
1707 1105 1891 1141 ἐξησθένησαν

1103 1153 1170 1188 πρὸς
1184 1153 1234 1189 τὴν
1247 1152 1294 1178 τοῦ
1312 1152 1379 1179 Θεοῦ
1394 1152 1473 1188 χάριν
1485 1160 1492 1166 ·
1508 1151 1547 1177 διὸ
1561 1153 1590 1177 ὲν
1601 1151 1671 1186 ἀρχῇ
1685 1150 1826 1185 γενόμενοι
1841 1150 1892 1185 τῆς

1102 1199 1228 1235 θεωρίας,
1240 1198 1408 1235 παρῃτοῦντο
1419 1199 1542 1233 λέγοντες
1555 1198 1594 1231 τῷ
1604 1198 1715 1224 Μωῦσεῖ
1723 1206 1729 1212 ’
1744 1207 1752 1223 ε
1771 1198 1807 1224 Σὺ
1815 1197 1891 1224 λάλει

1102 1247 1169 1282 πρὸς
1181 1246 1264 1282 ἡμᾶς,
1279 1246 1326 1272 καὶ
1343 1245 1379 1281 μὴ
1393 1244 1507 1271 λαλείτω
1522 1244 1590 1280 πρὸς
1602 1238 1675 1279 ἡμᾶς
1683 1245 1697 1270 ὁ
1707 1244 1782 1276 Θεὸς,
1796 1243 1840 1270 ἴνα
1851 1244 1889 1280 μὴ

1101 1292 1288 1326 ἀποθάνωμεν.
1304 1301 1312 1317 ι
1322 1291 1441 1322 Εἰκότως
1454 1290 1497 1317 διὰ
1509 1290 1593 1317 ταῦτα
1604 1289 1762 1325 ἀποδέχεται
1781 1289 1828 1324 μὲν
1841 1290 1890 1316 αὓ-

1100 1338 1163 1369 τοὺς
1174 1338 1188 1363 ὁ
1201 1337 1301 1373 Κύριος
1313 1338 1362 1372 τῆς
1372 1336 1523 1368 εὐλαϐείας,
1535 1336 1602 1371 φησὶ
1611 1336 1650 1362 δέ·
1663 1345 1671 1361 ι
1685 1335 1786 1372 Ὀρθῶς
1799 1335 1889 1362 πάντα

1100 1384 1151 1410 ὅσα
1160 1384 1293 1419 ἐλάλησαν
1303 1390 1310 1397 ·
1328 1383 1473 1419 Προφήτην
1488 1383 1633 1417 ἀναστήσω
1647 1383 1736 1414 αὐτοῖς
1753 1383 1786 1408 ὲκ
1804 1381 1889 1417 μέσου

1100 1431 1155 1457 τῶν
1176 1430 1297 1465 ἀδελφῶν
1309 1451 1316 1461 ,
1338 1429 1433 1465 ὥσπερ
1459 1428 1500 1456 σέ.
1516 1439 1524 1454 ι
1544 1429 1651 1455 Οὐκοῦν
1671 1429 1702 1455 τὸ
1727 1429 1815 1455 αἴτιον
1834 1429 1888 1456 ἐδί-

1100 1477 1162 1510 δαξε
1188 1476 1236 1503 τοῦ
1265 1476 1343 1510 δίκην
1371 1476 1510 1512 προφήτου
1541 1476 1647 1511 μέλλειν
1671 1475 1751 1501 αὑτὸν
1778 1475 1819 1507 εὶς
1841 1475 1887 1501 ἀν-

1100 1522 1227 1559 θρώπους
1249 1523 1409 1557 ἐπιφάνειαν
1435 1522 1585 1549 ποιεῖσθαι’
1611 1521 1689 1548 τοῦτο
1713 1522 1737 1548 δ’
1754 1519 1788 1557 ἦν
1805 1521 1887 1548 ἀσθέ-

1101 1578 1160 1596 νεια
1180 1569 1341 1604 ἀνθρώπων,
1361 1569 1407 1595 καὶ
1425 1568 1474 1603 τῆς
1491 1568 1642 1604 κρείττονος
1657 1569 1772 1604 θεωρίας
1792 1568 1888 1604 παραίο

1101 1624 1190 1651 τησις.
1218 1615 1310 1649 Ἔχεις
1340 1614 1484 1650 τοιγαροῦν
1505 1614 1553 1641 καὶ
1579 1614 1628 1650 τὴν
1654 1615 1743 1641 αἰτίαν
1766 1615 1816 1650 τῆς
1843 1615 1888 1641 ὲν-

1099 1663 1300 1698 ανθρωπήσεως
1337 1661 1384 1687 τοῦ
1417 1660 1613 1695 θεσπιζομένου
1647 1662 1798 1696 προφήτου.
1840 1661 1886 1687 Εἰ-

1099 1709 1185 1740 κότως
1212 1707 1258 1735 οὖν
1286 1707 1487 1742 προσδοκῶντες
1519 1707 1599 1733 αὑτὸν
1628 1707 1653 1733 οἱ
1678 1708 1710 1733 ὲκ
1737 1706 1888 1743 περιτομῆς

1099 1753 1276 1780 ἐπυνθάνοντο
1302 1752 1348 1779 τοῦ
1370 1751 1518 1787 βαπτιστοῦ
1537 1751 1658 1778 Ἰωάννου
1672 1772 1679 1782 ,
1706 1752 1753 1778 καὶ
1777 1751 1886 1786 ἔλεγον·

1101 1811 1111 1826 ι
1135 1801 1163 1827 'U
1177 1801 1318 1836 προφήτης
1329 1799 1353 1826 εἶ
1367 1799 1415 1831 aii;
1432 1800 1460 1826 ’0
1472 1799 1500 1825 δὲ
1515 1799 1582 1834 ἔφη·
1598 1799 1681 1826 Οὔκ.»
1691 1798 1781 1825 Ἀλλ“ὁ
1796 1799 1887 1826 Ἰωάν-

1098 1854 1156 1880 νης,
1168 1845 1282 1880 τάληθὲς
1298 1845 1445 1880 ὁμολογῶν,
1463 1844 1523 1871 οὔτε
1546 1845 1689 1880 προφήτης
1713 1842 1781 1871 εἶναι
1802 1844 1886 1880 ⁴ήρνή-

1100 1899 1174 1923 σατο,
1187 1888 1220 1927 ἦν
1232 1890 1296 1926 γὰρ,
1310 1890 1377 1917 ἀλλὰ
1391 1891 1420 1916 τὸ
1439 1890 1519 1922 αὐτὸς
1533 1889 1601 1916 εἶναι
1613 1892 1627 1917 6
1641 1891 1783 1926 προφήτης
1795 1890 1886 1926 ὀπρδς

1098 1936 1145 1963 τοῦ
1160 1936 1298 1968 Μωῡσέως
1314 1936 1508 1971 δεδηλωμένος·
1524 1937 1564 1962 ὅτι
1583 1936 1610 1962 δὲ
1624 1935 1827 1971 ἀπεσταλμένος
1843 1936 1886 1970 εἴη

1099 1983 1252 2018 ἔμπροσθεν
1283 1983 1329 2009 τοῦ
1363 1984 1502 2018 προφήτου
1531 1982 1635 2009 ἐκείνου
1668 1982 1801 2009 ἐδίδασκε.
1831 1982 1886 2009 Καὶ

1098 2029 1245 2064 ἐπειδήπερ
1261 2030 1274 2055 ὁ
1286 2029 1363 2063 λόγος
1383 2029 1473 2060 αὐτοῖς
1487 2029 1518 2063 δὴ
1533 2030 1587 2060 τοῖς
1607 2030 1638 2055 ἐκ
1655 2028 1806 2064 περιτομῆς
1821 2028 1885 2054 ἁνα-

1100 2075 1244 2111 στήσεσθαι
1256 2075 1300 2101 τὸν
1316 2076 1456 2111 προφήτην
1471 2075 1624 2107 ὲθέσπιζεν,
1637 2075 1748 2106 εἰκότως
1761 2075 1776 2101 6
1790 2074 1886 2109 Σωτὴρ

1098 2121 1145 2148 καὶ
1160 2120 1260 2156 Κύριος
1275 2120 1362 2156 ἡμῶν,
1377 2120 1424 2148 ἆτε
1441 2119 1473 2155 δὴ
1488 2120 1568 2152 αὐτὸς
1582 2120 1619 2146 ὼν
1631 2121 1645 2146 ὁ
1659 2119 1885 2156 προκεκηρυγμέ-

1098 2176 1153 2199 νος,
1184 2177 1192 2192 ι
1220 2167 1275 2194 Οὐκ
1303 2165 1394 2202 ἦλθον,
1419 2167 1510 2204 φησὶν,
1536 2168 1559 2194 εἰ
1583 2167 1619 2203 μὴ
1645 2168 1684 2199 εἰς
1706 2167 1740 2194 τὰ
1763 2166 1886 2203 πρόϐατα

1098 2212 1254 2239 ἀπολωλότα
1279 2212 1352 2239 οἴκου
1371 2213 1486 2248 Ἰσραήλ.
1506 2223 1515 2238 ι
1534 2213 1597 2244 Τοῖς
1618 2213 1645 2239 δὲ
1662 2212 1819 2244 ἀποστόλοις
1838 2212 1887 2238 αὺ-

261 2254 402 2286 duntaxat,
418 2262 498 2288 quem
512 2253 601 2285 Moses
619 2259 764 2282 venturum
778 2254 957 2289 prazdixisset.
969 2254 1046 2287 Quod

1101 2258 1145 2284 τοῦ
1162 2259 1277 2300 παρῄνει
1295 2258 1396 2292 λέγων’
1412 2268 1421 2283 ι
1440 2259 1487 2290 Et;
1506 2258 1564 2285 ὁδὸν
1583 2258 1666 2285 ἐθνῶν
1684 2258 1721 2294 μὴ
1737 2257 1885 2293 ἀπέλθητε,

260 2308 325 2329 vero
345 2301 495 2333 anteillum
515 2301 675 2336 prophetam
698 2300 799 2328 missus
819 2304 902 2332 esset,
919 2300 1046 2335 planissi-

261 2354 304 2380 me
319 2345 526 2377 demonstravit.
552 2346 707 2377 Caeterum,
732 2346 861 2382 quoniam
887 2346 1046 2381 prophetica

260 2393 347 2420 oratio
370 2393 432 2421 unis
455 2393 488 2425 iis
510 2392 557 2428 qui
579 2396 612 2420 ad
636 2392 873 2426 circumcisionem
899 2392 1045 2427 pertinent,

262 2439 450 2470 suscitandum
463 2447 525 2467 esse
537 2439 695 2474 prophetam
709 2438 834 2471 canebat,
846 2440 943 2466 merito
956 2439 1047 2467 Salva-

262 2491 304 2514 tor
325 2493 358 2513 ac
379 2485 511 2513 Dominus
534 2489 639 2517 noster,
652 2489 744 2520 utpote
764 2485 811 2526 qui
829 2485 886 2523 ipse
907 2490 979 2514 esset
1001 2486 1046 2513 ille

261 2536 339 2559 antea
351 2532 538 2566 denuntiatus,
554 2541 563 2557 ι
579 2531 639 2559 Non
660 2532 732 2564 vcni,
746 2531 845 2566 inquit,
861 2532 915 2559 nisi
934 2531 967 2559 ad
981 2540 1046 2560 oves

260 2585 320 2613 quae
340 2579 480 2619 perierunt
501 2578 600 2606 domus
622 2578 703 2605 Israel
716 2578 750 2607 ⁷⁸,
766 2588 775 2604 ι
788 2577 936 2615 Apostolos
953 2584 1045 2608 autem

261 2632 326 2652 suos
338 2625 477 2657 monebat,
490 2624 584 2652 dicens
597 2635 604 2652 :
620 2633 629 2650 ι
646 2624 675 2652 ln
696 2624 768 2651 viam
790 2626 912 2660 gentium
923 2634 957 2653 ne
971 2627 1045 2655 abie-

261 2669 330 2701 ritis,
339 2673 366 2696 ct
380 2669 408 2696 in
420 2669 558 2696 civitatem
571 2668 807 2701 Samaritanorum
819 2678 854 2697 ne
864 2670 1043 2702 intraveritis.

260 2714 298 2748 Ite
324 2723 389 2743 vero
415 2716 506 2751 potius
535 2715 569 2742 ad
593 2723 657 2743 oves
687 2723 748 2751 quae
778 2716 917 2750 perierunt
946 2718 1044 2747 domus

259 2761 342 2795 lsrael
355 2762 398 2795 τίς
419 2771 429 2788 ι
445 2762 492 2789 ubi
515 2761 595 2801 plane
617 2761 752 2794 ostendit,
778 2769 807 2789 se
821 2762 908 2801 primo
929 2763 990 2790 loco
1010 2763 1044 2795 ad

259 2805 321 2841 illos
340 2813 401 2834 esse
421 2808 552 2836 missum.
566 2807 637 2834 sicut
665 2807 746 2837 etiam
768 2807 802 2834 ab
821 2807 879 2842 ipsa
900 2809 1044 2845 prpphetia

294 2864 315 2879 ’¹¹
338 2862 429 2890 Matth.
445 2872 472 2894 ι,
487 2863 590 2896 2|,22.
641 2864 664 2879 "
686 2866 780 2891 Matth.
813 2873 868 2897 vn,
899 2865 944 2893 29.

259 2900 280 2914 "
300 2898 394 2931 Matth.
408 2908 432 2934 χ,
451 2901 477 2932 5,
492 2904 517 2926 b‘.

998 2866 1019 2881 ⁷³
1047 2865 1132 2892 Exod.
1164 2874 1196 2892 xx
1211 2865 1278 2897 ,19.

1092 2305 1147 2330 *καὶ
1160 2305 1201 2336 εἰς
1213 2304 1289 2331 πόλιν
1302 2304 1480 2339 Σαμαρειτῶν
1499 2304 1536 2340 μή
1562 2304 1698 2339 εἰσέλθητε
1709 2311 1715 2318 ·
1738 2303 1886 2339 πορεύεσθε

1098 2348 1126 2374 δὲ
1145 2348 1243 2383 μᾶλλον
1259 2348 1327 2383 πρὸς
1342 2348 1376 2374 τὰ
1393 2348 1512 2383 πρόϐατα
1523 2348 1558 2374 τὰ
1573 2349 1728 2375 ἀπολωλότα
1740 2347 1814 2374 οἴκου
1832 2348 1885 2374 Ἰσ-

1101 2395 1183 2430 ραήλ’
1203 2404 1212 2420 ι
1229 2394 1322 2428 σαφῶς
1338 2394 1480 2426 διδάσκων,
1502 2395 1542 2421 ὅτι
1557 2395 1589 2430 δὴ
1609 2395 1698 2426 αὐτοῖς
1714 2393 1885 2430 προηγουμέ-

1100 2450 1152 2473 νως
1166 2441 1327 2472 ἀπέσταλτο,
1355 2442 1387 2478 τῇ
1411 2441 1562 2476 προφητείᾳ
1587 2440 1748 2471 ἀκολούθως.
1775 2438 1883 2474 Ἐπειδὴ

1099 2487 1127 2513 δὲ
1140 2487 1189 2513 οὐκ
1203 2487 1325 2518 ἐδέξαντο
1344 2487 1392 2523 τήν
1413 2487 1502 2522 χάριν,
1519 2486 1663 2521 ἀπελέγχει
1677 2486 1725 2521 μὲν
1739 2486 1837 2517 αὐτοὺς
1854 2486 1884 2511 ὲν

1099 2533 1212 2568 ἑτέροις,
1224 2532 1309 2566 λέγων
1321 2541 1327 2548 ·
1345 2542 1354 2558 ι
1373 2533 1444 2559 Διότι
1458 2531 1549 2569 ἦλθον,
1564 2533 1610 2559 καὶ
1625 2532 1674 2558 οὐκ
1685 2530 1718 2567 ἦν
1731 2531 1882 2567 ἄνθρωπος·

1099 2578 1224 2609 ἐκάλεσα,
1242 2578 1288 2605 καὶ
1304 2579 1354 2604 οὑκ
1371 2576 1404 2613 ἦν
1423 2578 1576 2604 ὑπακούων.
1597 2587 1606 2603 ›
1624 2577 1692 2612 Φησὶ
1709 2577 1738 2603 δὲ
1753 2576 1820 2612 πρὸς
1832 2577 1882 2604 αὺ‹

1098 2624 1175 2655 τούς·
1188 2634 1197 2649 ι
1209 2624 1368 2660 Ἀρθήσεται
1382 2624 1428 2658 ἀφ’
1443 2623 1520 2659 ὑμῶν
1529 2625 1546 2659 ἡ
1558 2623 1678 2658 βασιλεία
1689 2621 1735 2650 τοῦ
1746 2622 1823 2653 Θεοῦ,
1835 2622 1883 2649 καὶ

1097 2671 1239 2706 δοθήσεται
1254 2670 1325 2697 ἔθνει
1347 2670 1466 2697 ποιοῦντι
1480 2670 1542 2701 τοὺς
1558 2670 1680 2705 καρποὺς
1694 2668 1786 2703 αὐτῆς.
1801 2677 1811 2693 ι
1828 2667 1884 2694 Καὶ

1097 2718 1153 2748 τοῖς
1164 2725 1195 2751 γε
1210 2716 1291 2743 αὑτοῦ
1305 2716 1438 2752 μαθηταῖς
1451 2716 1519 2751 μετά
1531 2715 1580 2750 τὴν
1595 2714 1705 2742 ἐκείνων
1718 2714 1882 2750 παραίτησιν

1099 2761 1277 2797 προσ-τάπερ
1295 2771 1304 2786 ι
1325 2760 1506 2796 Πορευθέντες
1531 2759 1717 2795 μαθητεύσατε
1741 2758 1828 2785 πάντα
1847 2757 1882 2785 τὰ

1098 2808 1161 2843 ἔθνη
1170 2809 1198 2834 ὲν
1207 2807 1244 2842 τῷ
1253 2807 1363 2842 ὀνόματί
1375 2816 1434 2842 μου.
1443 2817 1452 2832 ι
1462 2806 1539 2833 Οὕτω
1548 2806 1614 2840 δῆτα
1624 2807 1702 2846 ἡμεῖς
1716 2805 1765 2841 μὲν
1774 2805 1809 2831 τὰ
1815 2804 1880 2839 ἔθνη

1330 2865 1353 2880 ⁷⁸
1372 2864 1449 2892 Joan.
1470 2873 1496 2897 ι,
1513 2864 1556 2890 21.
1610 2865 1633 2880 ⁷⁸
1654 2863 1748 2890 niatth.
1769 2871 1820 2896 xv,
1834 2863 1878 2890 ‘2‘.
