2099 3217
245 129 298 157 693

700 126 1025 156 DEMONSTRATIONIS
1043 124 1271 154 EVANGELICIE
1290 123 1355 153 LIB.
1376 122 1420 149 ιχ.

1807 121 1856 150 694

240 185 284 211 τὸν
301 183 560 220 προαναφωνηθέντα
573 193 619 210 και
631 184 699 220 πρὸς
710 184 757 210 τοῦ
771 184 876 220 Πατρὸς
887 184 1015 211 ἀπεσταλ-

1056 209 1060 213 ,
1072 184 1174 211 dictum
1186 183 1284 210 fuerat.
1305 181 1356 209 Sed
1367 188 1428 208 cum
1442 181 1522 208 talem
1542 182 1656 215 gratiam
1669 188 1722 208 non
1737 182 1857 215 accepis-

239 229 318 264 μένον
330 230 481 265 προφήτην,
498 229 545 255 ἅτε
560 229 705 264 νομοθέτην
719 229 804 256 ἅπασι
815 230 958 264 γενόμενον
974 230 1021 256 ἁν-

238 274 358 310 θρώποις
375 275 426 310 τῆς
447 276 486 306 είς
502 275 546 302 τὸν
562 275 615 301 τῶν
636 274 702 302 ὅλων
725 275 790 302 Θεὸν
815 275 963 308 εὐσεϐείας,
979 274 1023 302 διὰ

237 321 287 355 τῆς
303 320 436 357 σωτηρίου
453 321 499 347 καὶ
515 321 693 355 εὐαγγελικῆς
708 320 882 352 διδασκαλίας
900 320 1022 356 ἔγνωμεν

236 366 283 391 καὶ
303 365 514 401 κατεδεξάμεθα,
535 365 723 401 πληρουμένης
744 366 814 393 κατὰ
833 366 863 393 τὸ
889 366 954 393 αὐτὸ
974 367 1022 394 καὶ

237 411 333 446 ἐτέρας
356 412 549 447 προρρήσεως,
571 411 603 437 δι’
616 409 650 447 ἧς
669 412 788 446 εἴρηταιι
808 420 818 437 ι
835 412 1020 447 Κατάστησον,

237 456 332 492 Κύριε,
345 456 491 491 νομοθέτην
503 457 603 488 αὐτοῖς,
617 455 762 490 γνώτωσαν
773 456 846 492 ἔθνη,
860 456 899 483 ὅτι
917 457 1020 493 ἀνθρω-

235 501 282 528 not
297 502 366 528 εἰσι·
388 511 396 526 ι
411 501 442 527 τὸ
458 501 486 528 δὲ
504 501 636 528 Ἰουδαίων
654 501 729 533 ἔθνος
747 501 783 537 μὴ
801 501 1020 537 παραδεξάμενον

234 546 280 574 τὸν
292 547 537 583 προῳητευόμενον,
552 547 629 583 δίκην
643 547 714 574 ἔτισε
729 547 778 582 τὴν
789 546 876 580 ἀξίαν,
889 547 959 574 κατὰ
971 547 1020 582 τὴν

233 592 309 619 Θείαν
322 593 473 628 πρόρρησιν
490 593 613 628 φήσασαν
623 601 629 607 ·
650 601 660 618 ‹
679 592 734 618 Καὶ
749 593 763 618 ὁ
775 592 915 628 ἄνθρωπος
929 592 957 623 ὃς
973 595 1020 618 εαν

235 638 273 673 μὴ
288 637 390 673 ἀκούσῃ
405 638 492 665 πάντα
507 638 556 664 ὅσα
571 637 617 664 ἐὰν
634 637 736 674 λαλήσῃ
753 638 767 664 ὁ
781 637 921 673 προφήτης
937 638 965 663 ἐν
980 636 1019 671 τῷ

232 682 343 718 ὀνόματι
358 692 418 718 μου,
432 682 486 717 ἐγὼ
500 683 634 718 ἐκδικήσω
649 682 678 715 ἐξ
693 682 784 709 αὑτοῦ.
803 692 812 708 ι
837 682 1018 718 Ἐκδεδίκηται

231 728 297 763 γοῦν
314 730 345 755 ὲκ
358 728 405 755 τοῦ
418 729 486 755 -λαοῦ
504 729 607 756 ἐκείνου
620 730 673 756 πᾶν
686 728 754 764 αἷμα
770 729 883 764 ἐκχυθὲν
905 729 950 755 ἐπὶ
970 729 1018 764 τῆς

231 775 294 809 γῆς,
311 774 363 801 ἀπὸ
377 775 492 809 αἵματος
510 774 592 801 Ἀὅελ
608 774 659 806 ἕως
676 775 790 810 αἵματος
812 774 957 810 Ζαχαρίου,
971 774 1018 801 καὶ

230 820 314 847 αὐτοῦ
325 830 356 855 γε
368 821 414 847 ὲπὶ
426 822 492 848 πᾶσι
503 821 550 848 τοῦ
560 820 688 857 Χριστοῦ,
701 818 731 847 οὗ
748 821 779 847 τὸ
792 818 862 857 αἷμα
878 821 938 847 καθ’
955 821 1018 847 ἑαυ-

1073 234 1144 259 sent,
1161 228 1270 257 eosdem
1293 227 1356 255 alibi
1378 227 1527 261 redarguit,
1549 227 1666 254 dicens:
1687 235 1696 252 ι
1723 225 1760 254 Εο
1783 227 1856 261 quod

1072 274 1180 307 veni,et
1200 281 1254 301 non
1274 273 1322 300 fuit
1344 274 1435 303 homo,
1453 272 1557 304 vocavi,
1572 276 1600 299 et
1614 279 1667 298 non
1683 271 1734 298 fuit
1748 271 1794 307 qui
1809 279 1856 298 au—

1072 318 1182 346 diret".
1199 329 1208 344 ι
1225 317 1326 345 Deinde
1337 317 1369 344 ad
1380 317 1440 344 illos
1458 315 1524 342 dicit
1539 325 1545 342 :
1563 325 1573 341 ι
1587 315 1733 343 Auferctur
1749 324 1764 342 ι
1780 316 1857 343 vobis

1072 371 1184 398 regnum
1196 363 1254 395 Dei,
1269 366 1297 390 et
1309 362 1418 389 dabitur
1435 362 1509 397 genti
1523 361 1619 389 ferenti
1643 361 1748 389 fructus
1766 361 1852 396 ejus.)

1073 408 1136 436 Suis
1148 416 1212 435 vero
1227 408 1370 443 discipulis
1392 413 1453 442 post
1477 408 1584 434 illorum
1606 407 1780 441 rejectionem
1803 407 1856 434 im-

1072 458 1148 489 perat
1168 463 1174 481 :
1191 463 1199 479 ι
1229 453 1267 481 Ite
1286 457 1312 481 et
1337 453 1432 481 docete
1462 461 1556 480 omnes
1583 458 1677 488 gentes
1697 453 1724 479 in
1746 453 1855 480 nomine

1072 508 1131 528 meo
1143 501 1175 526 ⁷⁸.
1202 510 1211 525 ι
1230 500 1276 527 Sic
1297 499 1380 534 igitur
1393 508 1443 527 nos
1456 500 1564 534 quidem
1585 504 1690 534 gentes,
1714 504 1792 527 antea
1807 500 1855 526 de-

1071 546 1224 573 nuntiatum
1252 545 1327 572 illum
1356 549 1383 572 et
1406 553 1420 571 a
1442 544 1521 572 Patre
1544 545 1658 572 missum
1682 545 1853 580 prophetam,

1072 597 1199 627 tanquam
1216 600 1278 619 eum
1296 592 1342 629 qui
1361 592 1488 626 omnibus
1503 591 1661 619 hominibus
1676 595 1703 618 et
1720 592 1809 626 legum
1828 595 1855 618 et

1070 639 1179 674 pietatis
1202 646 1266 672 erga
1291 637 1374 665 Deum
1396 638 1516 665 universi
1537 642 1633 664 auctor
1647 638 1791 670 exstiterit,
1806 645 1855 672 per

1069 683 1311 718 salutarcmipsius
1322 683 1562 718 evangelicamque
1578 683 1729 710 doctrinam
1746 683 1855 719 agnovi-

1068 736 1150 760 mus,
1178 732 1205 756 et
1233 728 1415 764 suscepimus,
1444 737 1505 756 cum
1531 729 1558 756 in
1589 729 1640 757 hoc
1664 729 1716 756 alia
1745 737 1854 764 quoque

1069 775 1208 809 prophetia
1221 775 1356 810 completa
1381 775 1432 807 sit,
1448 783 1509 810 qua:
1524 775 1582 803 ait:
1605 784 1614 800 ι
1634 775 1786 808 Constitue,
1801 776 1853 802 Do-

1069 819 1151 851 mine,
1168 819 1351 854 legislatorenl
1364 819 1433 854 apud
1450 827 1508 851 eos,
1521 825 1669 855 agnoscant
1679 825 1773 855 gentes
1780 821 1852 856 quod

230 866 284 893 τῶν
301 867 505 902 ὲξαιτησάμενοι
522 867 568 893 καὶ
584 868 652 894 κατὰ
673 867 727 894 τῶν
746 867 816 894 ἰδίων
836 867 948 898 παίδων,
961 866 1015 892 εἰσ-

1067 865 1191 892 homiues
1210 869 1274 892 sunt
1290 865 1323 892 7’.
1348 874 1357 891 ι
1379 864 1465 892 Judzei
1488 873 1553 893 vero
1574 871 1669 893 contra
1694 867 1740 902 qui
1765 867 1851 901 illum,

230 911 270 937 ἐτι
287 911 334 938 νῦν
352 912 402 946 τῆς
420 912 600 948 τολμηθείσης
615 914 705 945 αὐτοῖς
720 913 845 944 ἀσεϐείας
862 913 911 948 τὴν
927 920 1013 947 τιμω-

230 957 292 993 ρίαν
306 958 461 992 ὑπέχουσιν.

1067 918 1147 946 quem
1165 918 1214 938 sua
1230 911 1353 946 ipsorum
1371 912 1482 939 oracula
1504 916 1647 940 venturum
1669 913 1852 947 prtedlcubant

1067 965 1121 983 non
1132 961 1321 992 susceperunt,
1334 956 1461 985 idoneum
1477 957 1574 985 dedere
1584 959 1747 993 supplicium
1760 980 1767 990 ,
1781 959 1851 985 sicut

230 1004 372 1039 prophetia
390 1005 482 1033 divina
502 1005 712 1040 signiﬁcaverat,
736 1013 798 1033 cum
831 1005 924 1032 dixit:
958 1013 967 1028 ι
995 1003 1028 1030 Ει
1046 1004 1205 1039 quicunque
1227 1003 1308 1032 homo
1334 1012 1390 1032 non
1414 1005 1532 1033 audierit
1564 1006 1655 1033 omnia
1682 1013 1850 1042 quacumque

230 1050 356 1085 loquetur
367 1053 500 1086 propheta
513 1052 557 1079 ille
572 1053 598 1079 in
616 1052 727 1080 nomine
747 1060 818 1083 meo,
831 1059 882 1087 ego
894 1050 1013 1078 ulciscar
1031 1058 1064 1077 ex
1079 1057 1121 1077 eo.
1140 1059 1149 1076 ι
1172 1049 1250 1078 Ultus
1263 1050 1345 1086 igitur
1373 1055 1415 1078 est
1435 1051 1468 1078 de
1480 1052 1580 1086 popqu
1593 1052 1639 1078 illo
1650 1059 1757 1080 onmem
1786 1061 1851 1080 san-

229 1098 339 1132 guinem
354 1098 469 1126 eﬂ‘usum
492 1099 519 1126 in
533 1103 632 1127 terram
653 1107 666 1126 a
693 1100 826 1135 sanguine
856 1099 933 1130 Abel,
964 1105 1051 1133 usque
1071 1097 1103 1124 ad
1129 1098 1288 1133 sanguinem
1304 1098 1453 1131 Zachariae,
1470 1102 1497 1126 et
1523 1098 1557 1125 ad
1583 1102 1733 1126 extremum
1763 1099 1850 1134 ipsius

228 1144 343 1176 Christi,
366 1145 445 1180 cujus
469 1147 629 1181 sanguinem
654 1154 718 1174 cum
731 1155 815 1182 super
828 1154 868 1181 se,
884 1150 912 1174 et
932 1153 1014 1181 super
1033 1145 1104 1174 ﬁlios
1114 1153 1180 1173 suos
1209 1146 1446 1182 expoposcisscnt,
1478 1147 1504 1173 in
1516 1147 1589 1174 hunc
1602 1155 1688 1182 usque
1700 1147 1770 1174 diem
1789 1147 1849 1183 ejus

228 1192 351 1224 sceleris,
361 1192 433 1227 quod
444 1193 625 1222 audacissime
636 1198 835 1230 perpetrarunt,
848 1194 1009 1229 supplicium
1030 1193 1162 1229 pendunt.

234 1246 305 1273 Ἀπὸ
321 1247 374 1274 τοῦ
389 1247 456 1275 Ἰώϐ.
469 1264 504 1268 -
515 1248 585 1283 Περὶ
607 1248 660 1283 τῆς
679 1249 713 1276 ἐν
735 1248 864 1276 θαλάττῃ
892 1247 1014 1283 πορείας

515 1284 569 1310 τοῦ
584 1284 723 1318 Χριστοῦ.

265 1347 275 1363 ι
300 1337 329 1364 ὐ
345 1338 429 1373 λέγων
446 1339 484 1375 τῷ
505 1339 581 1376 ἡλίῳ,
601 1341 648 1367 καὶ
663 1341 712 1368 οὐκ
735 1341 884 1372 ἀνατέλλει,
899 1341 970 1367 κατὰ
983 1340 1013 1367 δὲ

226 1383 334 1419 ἄστρων
347 1387 572 1421 κατασφραγίζει,
593 1388 607 1414 ὁ
629 1388 747 1420 τανύσας
767 1387 812 1414 τὸν
834 1387 946 1423 οὐρανὸν
965 1386 1012 1422 μό-

226 1438 280 1462 νος,
294 1431 343 1457 καὶ
354 1432 510 1467 περιπατῶν
528 1434 573 1459 ὲπὶ
588 1433 723 1468 θαλάσσης
740 1434 777 1465 ὡς
792 1434 835 1459 ἐπ’
853 1433 977 1468 ἐδάφους.
998 1442 1007 1458 ι

1081 1248 1163 1285 446
1191 1248 1230 1275 Ab
1260 1248 1322 1276 Iob.
1343 1265 1379 1270 —
1407 1249 1444 1277 De
1474 1249 1654 1291 ambulatione
1677 1250 1778 1278 Christi
1803 1252 1830 1278 in

1412 1294 1490 1313 ηιανι.
1707 1310 1710 1313 .

1101 1348 1110 1365 ι
1126 1338 1178 1372 Qui
1189 1339 1254 1367 dicit
1263 1340 1325 1372 soli,
1337 1344 1364 1367 et
1377 1348 1431 1368 non
1444 1340 1540 1372 oritur,
1554 1345 1581 1369 ct
1593 1345 1667 1369 astra
1678 1342 1756 1376 quasi
1769 1341 1848 1377 signo

1063 1385 1199 1420 impresso
1221 1386 1334 1419 claudit,
1357 1386 1404 1421 qui
1428 1385 1550 1414 extendit
1576 1387 1675 1413 coelum
1693 1387 1784 1419 solus,
1800 1388 1847 1422 qui

1063 1431 1184 1457 ambulat
1202 1431 1230 1458 in
1244 1431 1312 1459 mari
1339 1431 1412 1459 sicut
1434 1431 1462 1459 in
1482 1432 1541 1460 Solo
1559 1431 1593 1459 ‘°.
1609 1442 1619 1458 ι
1637 1432 1699 1460 Haec
1714 1433 1777 1460 item
1800 1433 1847 1460 uni

226 1477 282 1503 Kal.
295 1477 380 1504 ταῦτα
399 1479 471 1514 μόνῳ
492 1478 531 1514 τῷ
550 1479 655 1516 Σωτῆρι
680 1480 727 1506 καὶ
750 1479 844 1514 Κυρίῳ
868 1479 956 1514 ἡμῶν,
973 1478 1010 1510 ὡς

1064 1475 1198 1504 Salvatori
1216 1484 1248 1504 ac
1263 1476 1378 1504 Domino
1391 1483 1496 1510 nostro,
1509 1481 1639 1513 tanquam
1656 1477 1701 1505 Dei
1716 1477 1805 1505 Verbo
1820 1483 1847 1506 et

225 1521 260 1548 ἂν
272 1522 338 1548 Θεοῦ
355 1523 442 1559 Λόγῳ,
457 1525 613 1560 δημιουργῷ
628 1525 681 1551 τῶν
697 1525 764 1551 ὅλων
784 1524 942 1559 τυγχάνοντι
964 1524 1012 1558 ἁρ-

227 1567 303 1602 μόζοι
320 1568 367 1595 ἄν·
393 1569 471 1604 μόνος
487 1569 551 1604 γοῦν
578 1570 632 1597 τῶν
653 1571 760 1597 πώποτε
787 1570 857 1597 κατὰ
878 1570 941 1601 τοὺς
964 1570 1012 1605 τῆς

224 1613 455 1650 ὲνανθρωηήσεως
467 1616 587 1651 χρόνους,
605 1617 682 1652 σῶμα
698 1617 745 1644 καὶ
762 1617 854 1652 σχῆμα
867 1611 1010 1651 ¹ἀνθρώπι-

224 1666 269 1685 νον
285 1659 435 1692 ἁναλαῦὼν,
451 1662 496 1688 ἐπὶ
511 1662 561 1697 τῆς
583 1662 719 1698 θαλάσσης
735 1662 917 1698 περιπατῆσαι
933 1660 1009 1695 λέγε-

223 1713 279 1737 ται,
293 1705 336 1732 ὅτε
348 1706 410 1738 τοὺς
425 1707 523 1734 ἑαυτοῦ
539 1708 661 1744 μαθητὰς
672 1708 824 1743 ἠνάγκασεν
841 1707 956 1743 ἐμϐῆναι
970 1708 1010 1739 είς

224 1749 324 1782 πλοῖον,
334 1751 380 1777 καὶ
392 1753 520 1787 προάγειν
531 1754 612 1780 αὑτὸν
625 1754 665 1784 εις
676 1754 706 1780 τὸ
718 1753 814 1785 πέραν,
828 1753 879 1784 ἕως
890 1750 920 1780 οὗ
931 1753 1010 1785 αὐτὸς

222 1795 345 1831 ἀπολύσῃ
355 1798 416 1829 τοὺς
426 1798 519 1833 ὄχλους
528 1807 534 1813 ·
546 1799 592 1825 καὶ
602 1800 739 1831 ἀπολύσας
750 1801 812 1831 τοὺς
823 1799 916 1835 ὄχλους
927 1800 1009 1835 ἀνέϐη

223 1841 264 1873 εις
278 1841 308 1868 τὸ
323 1842 394 1878 ὅρος,
408 1846 467 1870 κατ’
484 1844 550 1871 ἰδίαν
566 1845 773 1880 προσεύξασθαι.
787 1845 879 1881 Ὀψίας
894 1846 922 1872 δὲ
935 1854 1010 1880 γενο-

224 1887 308 1923 μένης
321 1889 400 1924 μόνος
413 1888 446 1925 ἦν
460 1891 526 1917 ἐκεῖ.
536 1891 572 1917 Τὸ
584 1891 612 1917 δὲ
625 1892 713 1919 πλοῖον
726 1892 777 1928 ἤδη
786 1890 819 1928 ἦν
829 1894 858 1918 ἐν
875 1892 948 1928 μέσῳ
959 1893 1009 1928 τῆς

222 1932 369 1970 θαλάσσης.
390 1937 498 1969 Ἰδόντες
513 1937 541 1964 δὲ
562 1937 642 1964 αὺτὸν
661 1938 707 1965 ἐπὶ
721 1939 770 1974 τῆς
786 1938 932 1973 θαλάσσης,
945 1940 1008 1965 ὲτα-

223 1980 372 2016 ράχθησαν,
389 1982 521 2016 λέγοντες,
538 1983 579 2010 ὅτι
592 1983 737 2019 φάντασμά
750 1985 818 2016 ἐστι,
832 1985 879 2011 καὶ
892 1984 946 2011 ἀπὸ
960 1983 1006 2010 τοῦ

221 2026 306 2061 φόϐου
322 2027 447 2063 ἔκραξαν.
463 2030 570 2061 Εὐθέως
590 2029 617 2056 δὲ
638 2030 768 2065 ἐλάλησεν
786 2031 886 2064 αὐτοῖς,
903 2031 1004 2066 λέγων·

223 2082 233 2098 ι
254 2072 392 2108 Θαρσεῖτε,
405 2074 458 2108 ὲγὼ
472 2076 538 2110 εἰμι,
554 2075 591 2111 μὴ
608 2076 742 2110 φοϐεῖσθε.
764 2086 774 2102 ι
795 2078 898 2110 Ἄλλως
912 2078 941 2104 δὲ
956 2079 1005 2106 οὐκ

221 2117 255 2145 ἂν
272 2119 374 2152 γένοιτο
390 2121 540 2157 ἀξιοπρεπῆ
560 2121 695 2156 θεολογίαν
713 2122 800 2150 δοκεῖν
818 2124 964 2159 περιέχειν,
979 2126 1002 2152 ει

1064 1529 1154 1549 rerum
1166 1523 1288 1550 omnium
1299 1523 1389 1558 opiﬁci
1402 1524 1600 1551 accommodari
1621 1529 1737 1559 poswnt
1752 1533 1759 1558 ;
1772 1525 1847 1552 solus

1062 1568 1135 1596 enim
1156 1576 1189 1595 ex
1199 1569 1327 1596 omnibus
1338 1569 1384 1603 qui
1401 1577 1520 1605 unquam
1535 1569 1646 1603 fuerint,
1659 1579 1713 1606 quo
1727 1575 1847 1604 tempore

1062 1615 1143 1641 homo
1160 1613 1250 1642 factus
1263 1619 1315 1647 est,
1328 1619 1355 1642 et
1372 1623 1486 1650 corpore
1499 1619 1527 1642 et
1547 1616 1633 1650 ﬁgura
1659 1616 1778 1644 hominis
1801 1625 1845 1643 as-

1063 1664 1181 1695 sumpta,
1193 1661 1221 1688 in
1230 1662 1373 1696 superﬁcie
1385 1661 1467 1688 maris
1480 1661 1634 1689 ambulasse
1644 1662 1743 1688 dicitur
1758 1672 1764 1690 :
1782 1671 1844 1690 cum

1063 1715 1129 1735 suos
1153 1706 1303 1741 discipulos
1323 1707 1455 1741 compulit
1478 1707 1625 1734 ascendere
1641 1706 1668 1733 in
1681 1707 1844 1740 naviculam,

1060 1754 1087 1778 et
1101 1751 1254 1786 praecedere
1265 1751 1353 1786 ipsqu
1368 1756 1443 1778 trans
1457 1751 1661 1783 fretum,donec
1677 1751 1734 1786 ipse
1752 1752 1845 1778 dimit-

1060 1801 1129 1824 teret
1143 1797 1247 1829 turbas,
1256 1801 1284 1824 et
1296 1797 1418 1824 dimissis
1431 1796 1517 1824 turbis
1536 1797 1659 1824 ascendit
1679 1797 1706 1824 in
1726 1802 1844 1825 montem

1060 1847 1090 1869 ut
1100 1842 1175 1869 solus
1186 1845 1287 1869 oraret.
1306 1840 1425 1876 Vespere
1438 1845 1529 1869 autem
1547 1841 1619 1869 facto
1632 1842 1708 1869 solus
1720 1846 1778 1869 erat
1794 1842 1842 1870 ibi.

1059 1888 1189 1916 Navicula
1204 1893 1294 1915 autem
1313 1887 1370 1923 jam
1390 1891 1449 1915 erat
1470 1887 1497 1914 iu
1520 1887 1610 1914 medio
1629 1887 1843 1916 mari.Videntes

1059 1940 1149 1964 autem
1164 1944 1225 1965 eum
1239 1944 1321 1971 supra
1333 1943 1409 1963 mare
1424 1935 1524 1963 turbati
1539 1939 1613 1969 sunt,
1628 1935 1750 1963 dicentes
1771 1937 1843 1971 quod

1058 1983 1220 2018 phantasma
1234 1986 1317 2015 esset,
1330 1986 1356 2009 et
1371 1989 1427 2016 prae
1445 1982 1542 2008 timore
1562 1982 1758 2008 clamavcrunt.
1783 1981 1844 2008 Sta-

1057 2029 1105 2056 tim
1117 2036 1180 2056 vero
1190 2029 1297 2056 locutus
1310 2032 1351 2055 est
1365 2027 1517 2060 eis,dicens
1529 2026 1699 2058 uConfidite,
1710 2034 1761 2062 ego
1771 2035 1844 2068 sum,

1056 2075 1141 2102 nolite
1154 2075 1250 2102 timere
1264 2073 1297 2101 ⁸¹.
1318 2083 1327 2099 ι
1341 2073 1408 2100 Nam
1429 2073 1530 2108 alioqui
1551 2073 1608 2099 ﬁeri
1629 2081 1685 2099 non
1702 2073 1801 2107 poterit
1813 2079 1844 2100 ut

1056 2121 1111 2149 Deo
1123 2114 1329 2148 convenientem
1354 2119 1519 2153 theologiam
1549 2118 1783 2153 comprehendere
1801 2119 1844 2145 vi-

220 2164 268 2190 ὲπὶ
280 2165 326 2191 τοῦ
342 2166 472 2193 ἀνωτάτω
488 2167 554 2194 Θεοῦ
576 2169 622 2194 καὶ
635 2169 741 2204 Πατρδς
753 2169 806 2195 τῶν
821 2169 889 2196 ὅλων
905 2170 1006 2206 ἐκλαμ-

1058 2168 1152 2195 deatur
1166 2167 1318 2197 oraculum,
1335 2165 1357 2193 si
1381 2165 1444 2200 quis
1458 2165 1524 2192 illud
1548 2165 1581 2192 de
1596 2173 1725 2200 supremo
1744 2164 1800 2192 Deo
1818 2170 1845 2191 ct

220 2209 296 2237 ϐάνοι
310 2220 352 2243 τις
365 2213 395 2238 τὸ
408 2212 506 2247 λόγιον.
519 2214 550 2240 Τί
563 2214 616 2250 γὰρ
629 2214 684 2250 ἔχει
703 2216 799 2250 σεμνὸν
810 2215 857 2242 καὶ
870 2215 1007 2251 ἀξιόλογον

219 2255 267 2282 ἐπὶ
280 2256 326 2282 τοῦ
341 2257 408 2283 Θεοῦ
427 2258 480 2284 τῶν
496 2259 564 2286 ὅλων
581 2262 738 2295 περιπατεῖν
759 2261 883 2295 λέγεσθαι
899 2262 946 2288 ἐπὶ
958 2263 1007 2298 τῆς

220 2301 372 2337 Θαλάσσης;
391 2303 453 2334 Πῶς
476 2304 504 2330 δὲ
532 2306 577 2331 καὶ
599 2306 705 2342 νοηθείη
724 2307 873 2342 περίπατος
893 2308 939 2334 ἐπὶ
957 2309 1006 2344 τῆς

220 2347 357 2384 θαλάσσης
375 2349 421 2375 τοῦ
443 2349 476 2376 τὰ
494 2351 581 2378 πάντα
600 2353 781 2388 περιέχοντος,
802 2354 848 2380 καὶ
864 2354 909 2380 τὸν
926 2355 1006 2390 οὐρα-

219 2392 264 2419 νὸν
278 2394 324 2420 καὶ
337 2394 385 2429 τὴν
397 2395 447 2430 γῆν
461 2395 641 2432 πληροῦντοςς
656 2398 700 2423 καὶ
713 2398 851 2433 μονονουχὶ
863 2398 988 2433 λέγοντος
998 2408 1004 2414 ·
1037 2428 1039 2430 _

221 2447 232 2464 α
257 2439 285 2466 '0
299 2440 412 2475 οὐρανός
426 2449 469 2476 μοι
483 2441 584 2476 θρόνος,
601 2443 617 2477 ἡ
632 2442 660 2468 δὲ
675 2442 710 2477 γῆ
724 2443 866 2470 ὑποπόδιον
885 2444 939 2471 τῶν
957 2453 1005 2471 πο-

219 2483 273 2510 δῶν
298 2493 362 2520 μου·
381 2495 390 2511 ι
404 2486 466 2512 καῖ’
490 2496 498 2511 ι
527 2487 577 2512 Τὸν
600 2487 713 2522 οὐρανὸν
738 2488 785 2514 καὶ
806 2487 855 2523 τὴν
878 2489 929 2523 γῆν
950 2489 1005 2523 ἐγὼ

219 2529 330 2565 πληρῶ,
341 2530 413 2565 λέγει
427 2531 537 2568 Κύριος.
563 2541 573 2558 ›
591 2532 618 2558 Ὁ
632 2532 660 2559 δέ
680 2541 711 2566 γε
730 2533 826 2569 Σωτὴρ
839 2534 886 2560 καὶ
904 2534 1005 2570 Κύριος

218 2575 307 2611 ἡμῶν,
333 2576 428 2603 ἑαυτὸν
450 2577 581 2609 κενώσας,
605 2579 651 2604 καὶ
669 2579 775 2615 μορφὴν
793 2579 885 2606 δούλου
905 2579 1003 2612 λαϐὼν,

217 2622 264 2648 καὶ
285 2623 402 2658 σχήματι
416 2624 537 2660 εὑρεθεὶς
549 2624 586 2656 ὡς
598 2623 748 2660 ἄνθρωπος,
766 2625 865 2660 δεῖγμα
878 2625 928 2660 τῆς
943 2627 1006 2661 λαν-

218 2666 351 2704 θανούσης
364 2671 426 2701 τοὺς
442 2670 555 2701 πολλοὺς
570 2670 659 2696 ἐνθέου
671 2670 810 2705 δυνάμεως
825 2671 921 2697 ἑαυτοῦ
934 2680 1005 2707 παρ-

217 2718 287 2753 έχων
300 2717 366 2752 ὀρᾷν
377 2718 432 2747 τοῖς
444 2717 540 2743 ἑαυτοῦ
556 2716 699 2751 μαθηταῖς,
718 2717 765 2742 καὶ
782 2717 839 2748 τοῖς
855 2716 1006 2749 θαλαττίοις

251 2819 274 2833 ⁷⁷
297 2818 348 2844 lsa.
366 2826 398 2848 ι..
415 2817 442 2845 2.

216 2861 295 2885 var,
316 2853 338 2880 Ι.
376 2853 398 2869 ⁸³
415 2852 469 2880 Jer.
486 2860 552 2879 xxm
564 2871 571 2884 ,
588 2852 633 2879 24.

481 2817 502 2833 ⁷⁸
523 2816 615 2844 Matth.
635 2825 737 2850 xxviii,
758 2817 799 2845 19.
839 2817 859 2833 ⁷⁹
879 2817 951 2845 Psal.
970 2826 1007 2850 Ix,
1025 2818 1068 2846 2L

1059 2212 1140 2240 Patre
1160 2211 1280 2239 universi
1299 2211 1442 2246 intelligat.
1468 2209 1538 2243 Quid
1562 2210 1635 2237 enim
1659 2209 1843 2237 venerationis

1058 2262 1105 2286 aut
1119 2257 1259 2293 dignitatis
1273 2257 1371 2284 habeat
1391 2257 1414 2284 si
1431 2256 1504 2284 Deus
1521 2256 1640 2283 universi
1662 2256 1801 2282 ambulare
1817 2256 1844 2282 in

1058 2304 1126 2331 mari
1140 2304 1267 2331 dicatur?
1287 2302 1445 2338 Cujusmodi
1459 2307 1548 2329 autem
1569 2301 1715 2329 ambulatio
1730 2301 1758 2328 in
1774 2301 1843 2328 mari

1056 2350 1222 2385 intelligetur
1240 2349 1321 2389 illius,
1337 2349 1384 2384 qui
1405 2348 1497 2376 omnia
1518 2348 1718 2382 complectitur,
1733 2354 1765 2373 ac
1787 2354 1844 2373 co:-

1060 2396 1116 2423 lum
1144 2400 1299 2430 terramque
1318 2394 1447 2429 complet,
1476 2398 1503 2421 et
1528 2392 1722 2428 propemodum
1748 2391 1841 2419 dicit:

1062 2452 1071 2468 ‹
1090 2442 1194 2469 leum
1208 2442 1273 2468 mihi
1286 2441 1375 2474 sedes,
1390 2445 1463 2467 terra
1477 2444 1566 2467 autem
1582 2439 1727 2467 scabellum
1744 2439 1843 2473 pedum

1058 2495 1182 2515 meorum
1198 2488 1220 2504 ⁸³
1234 2487 1245 2513 ?
1263 2498 1272 2513 ι
1292 2487 1354 2514 item
1365 2486 1499 2514 :«leum
1517 2490 1544 2513 et
1558 2481 1658 2512 terram
1669 2493 1720 2519 ego
1731 2484 1841 2519 impleo,

1057 2533 1124 2560 dicit
1152 2534 1282 2561 Dominus
1296 2534 1329 2560 ⁸³.
1362 2542 1372 2560 ι
1392 2532 1516 2560 Salvator
1541 2535 1632 2559 autem
1658 2538 1690 2558 ac
1712 2530 1842 2558 Dominus

1058 2584 1160 2612 noster,
1174 2587 1235 2606 cum
1260 2580 1380 2614 seipsum
1406 2578 1576 2606 evacuaverit
1591 2581 1618 2604 et
1639 2576 1755 2618 {ormam
1770 2576 1843 2604 servi

1059 2626 1203 2660 acceperit,
1219 2629 1247 2654 et
1261 2626 1354 2653 habitu
1371 2625 1497 2654 inventus
1512 2624 1547 2652 sit
1562 2628 1591 2650 ut
1606 2624 1702 2655 homo,
1721 2623 1786 2650 dum
1802 2622 1841 2649 si-

1059 2680 1141 2706 gnum
1153 2672 1214 2706 ejus
1227 2679 1287 2707 qua
1309 2671 1410 2699 multos
1425 2671 1525 2701 latebat
1548 2669 1648 2697 divina:
1663 2669 1771 2696 virtutis
1786 2676 1843 2697 sua:

1060 2717 1205 2746 videndum
1222 2718 1279 2745 suis
1304 2717 1405 2753 praebet
1434 2717 1590 2751 discipulis,
1620 2723 1702 2751 super
1721 2715 1843 2743 marinos

1108 2818 1130 2834 ”
1150 2817 1199 2845 Job
1216 2826 1254 2851 ιχ,
1270 2818 1328 2850 Ἱ,8.
1366 2817 1386 2832 “
1409 2816 1502 2844 Matth.
1535 2824 1596 2849 xw,
1612 2814 1707 2842 22-27.
1746 2815 1767 2832 ⁸¹
1788 2813 1840 2842 lsa.
