2099 3217
296 153 350 183 695

631 153 764 182 EUSEDII
781 154 1022 182 C£SAHIENSIS
1040 155 1116 184 OPP.
1132 155 1225 185 PARS
1244 157 1277 184 li.
1294 173 1331 180 ——
1351 158 1605 188 APOLOGETlCA.

1872 163 1926 192 696

295 211 396 242 ﬂuctus
409 212 566 243 lncessnsse,
584 216 611 238 et
629 216 829 248 tempestatem,
844 217 994 248 ventusque
1009 213 1066 241 cobi

1118 240 1121 251 λ
1137 215 1285 242 ἐπιϐαίνων
1301 216 1416 252 κύμασι,
1430 217 1477 244 καὶ
1492 217 1531 253 τῷ
1542 218 1658 245 κλύδωνι
1677 219 1723 245 καὶ
1741 221 1797 251 τοίς
1813 220 1927 259 ἀνεμοις

295 259 400 291 buisse,
416 259 531 295 publica;
557 259 700 294 scripturae
725 260 882 287 testimonio
911 260 1002 288 dictus
1027 264 1080 294 est,

295 313 350 342 quo
377 310 497 342 tempore
518 305 548 338 ii,
563 305 609 340 qui
622 305 686 334 talia
701 305 889 338 intuebantur,
901 305 1077 343 obstupesce-

294 352 361 381 bant
376 352 500 381 dicentes
517 360 524 379 :
543 361 552 377 ι
573 351 640 385 Quis
656 356 699 380 est
716 353 778 385 hic,
795 353 839 381 cui
861 354 933 381 venti
950 361 1082 390 mareque

293 401 481 433 obtemperant
492 398 535 427 ⁸δῖ
564 407 573 424 ι
593 399 676 426 luerit
691 407 756 427 vero
778 399 831 427 hoc
857 401 939 428 etiam
967 400 1081 429 alterius

291 443 454 479 cujusdam.
481 443 554 480 quod
577 443 754 480 intelligitur,
783 445 911 474 vastioris
934 446 1018 474 maris
1039 447 1080 474 si-

289 497 391 526 gnum,
419 489 448 518 in
466 489 528 525 ‘quo
550 490 634 518 draco
650 491 762 526 quidam
785 499 848 520 esse
863 492 975 525 dicitur,
991 491 1079 520 factus

290 536 358 564 utin
374 543 436 564 eum
454 536 570 565 illudant
587 538 675 573 angeli
687 537 746 569 Dei,
763 545 846 574 Super
859 546 913 575 quo
927 538 991 565 item
1009 539 1077 566 mari

289 580 416 610 Salvator
427 589 459 609 ac
474 581 607 611 Dominus
615 588 708 611 noster
720 583 801 622 447
815 584 988 612 inambulans
997 588 1079 619 caput

288 627 346 657 Illic
372 628 515 656 constituti
541 628 681 662 draconis,
709 630 932 665 reliquorumque
960 630 1006 657 illo
1033 630 1078 657 in-

287 673 418 703 feriarum
435 674 586 703 draconum
599 675 701 703 dicitur
716 676 974 710 contrivisse.juxta
990 676 1055 704 illud
1068 686 1074 704 :

289 729 299 748 ι
319 718 360 749 Tu
377 720 531 748 contrivisti
548 721 637 756 capita
656 720 806 748 draconum
822 729 906 757 super
921 729 1030 756 aquam,
1046 727 1076 750 tu

285 765 444 801 oonlregisti
455 770 538 803 caput
549 766 678 795 draconis
688 767 710 783 "
728 776 735 795 :
756 777 765 793 ι
779 767 859 803 plane
875 768 988 796 alterius
1003 769 1076 803 quod

284 811 446 847 intelligitur
462 812 558 845 maris,
584 812 618 841 de
634 820 689 849 quo
711 813 782 840 idem
809 821 906 842 rursus
926 814 953 841 in
970 815 1076 849 psalmo

284 857 323 886 ait
337 867 344 888 :
364 867 374 884 ι
393 858 494 886 Deveni
508 859 536 886 in
551 858 685 894 profunda
700 859 783 887 maris
796 859 830 888 ⁸⁸.
852 869 862 886 ι
882 859 915 886 Et
931 860 965 887 ad
979 860 1030 888 Job
1041 861 1074 889 de

283 902 376 938 seipso
399 904 539 931 disserens
572 924 579 931 .

282 949 368 978 utaris
378 970 384 981 ,
393 949 456 977 etin
464 949 586 986 vestigiis
600 950 690 986 abyssi
703 950 901 979 deambulasti?
911 953 1073 986 aperiuntur

282 1001 348 1025 vero
364 995 413 1022 tibi
432 995 531 1023 timore
543 999 628 1030 pouse
645 995 763 1023 mortis?
779 1001 806 1023 et
819 996 954 1030 janilores
969 996 1072 1024 infero-

282 1048 343 1071 rum
351 1041 511 1070 videnteste
525 1046 696 1077 expaverunt
703 1042 725 1058 ⁸⁷
735 1042 746 1069 2
755 1052 765 1068 ι
775 1041 870 1070 Merito
885 1042 970 1078 igitur
985 1042 1068 1070 etiam

280 1087 309 1117 iu
324 1095 368 1120 ea,
381 1096 441 1123 qua:
449 1087 483 1116 ad
492 1095 543 1116 nos
558 1089 676 1124 pertinet
690 1089 755 1121 vita,
769 1089 833 1116 dum
846 1090 935 1125 ipsum
945 1097 1019 1116 mare
1029 1089 1070 1116 in-

279 1134 401 1172 greditur
411 1138 438 1162 et
448 1139 555 1167 ventos,
569 1139 813 1171 tempestatemque
827 1135 960 1172 increpat,
978 1143 1069 1163 rerum

279 1180 308 1211 in
317 1181 426 1210 arcanis
439 1181 591 1216 positarum
605 1181 683 1217 signa
704 1181 814 1210 interim
829 1181 886 1209 obit
905 1189 937 1208 ac
952 1182 1066 1217 peragit.

277 1245 318 1276 Ab
330 1245 415 1276 Isaia.
428 1261 464 1269 τ-
476 1245 517 1275 De
530 1246 606 1276 rebus
620 1245 653 1275 ab
666 1247 725 1282 ipso
745 1246 951 1276 admirabilibus
975 1249 1066 1276 uestis.

315 1332 325 1349 ι
338 1322 541 1356 Convalescite,
553 1331 652 1352 manus
666 1323 790 1352 remissae
799 1328 826 1351 et
846 1332 933 1360 genua
948 1324 1068 1353 dissolu-

277 1373 316 1402 ta.
330 1370 716 1406 consolamini,pusillanimes
727 1371 877 1403 intellectu,
894 1370 979 1399 fortes
993 1375 1067 1399 esto-

277 1420 314 1448 te.
328 1420 355 1444 et
365 1416 450 1444 nolite
464 1417 576 1444 timere:
587 1423 652 1444 ecce
661 1415 734 1444 Deus
749 1420 844 1444 noster
858 1417 993 1451 judicium
1005 1416 1067 1444 red-

275 1462 316 1491 dit
329 1465 356 1491 et
369 1462 475 1494 reddet,
492 1462 552 1498 ipse
559 1461 649 1489 veniet
662 1465 689 1489 et
706 1462 797 1490 salvos
812 1461 896 1490 faciet
912 1470 963 1490 nos
977 1470 984 1488 :
1000 1466 1066 1490 tunc

275 1507 432 1543 aperientur
447 1507 520 1537 oculi
545 1514 692 1540 caecorum,
708 1511 735 1536 et
758 1514 839 1535 aures
853 1507 1000 1536 surdorum
1014 1515 1064 1534 au-

274 1554 372 1587 dient;
392 1558 457 1581 tunc
480 1553 560 1581 saliet
576 1554 649 1581 sicut
670 1560 770 1580 cervus
791 1553 918 1586 claudus,
931 1556 959 1580 et
984 1554 1064 1588 plana

274 1601 326 1630 erit
339 1601 432 1636 lingua
444 1605 584 1628 mutorum
593 1601 625 1627 ε’.
644 1610 653 1626 ι
667 1599 769 1628 Harum
785 1599 868 1634 igitur
884 1607 974 1627 rerum
987 1608 1067 1628 even-
1079 1586 1102 1617 Ο

272 1650 300 1676 ta
311 1647 338 1676 in
353 1645 510 1682 Evangeliis
523 1646 623 1677 habes;
636 1652 710 1672 nunc
719 1644 840 1681 quidem,
850 1643 914 1671 dum
929 1643 963 1671 ad
978 1644 1067 1679 ipsum

274 1691 446 1721 Saivatorem
466 1699 499 1718 ac
513 1691 659 1720 Dominum
681 1695 819 1723 nostrum,
834 1690 1015 1727 paralyticqu
1026 1689 1067 1717 ai-

273 1739 365 1769 ferunt
388 1739 416 1767 in
441 1739 512 1766 lecto
531 1738 680 1773 iacentem,
695 1745 776 1772 quem
804 1737 929 1772 pristinae
953 1737 1066 1764 sanitati

272 1792 329 1815 uno
343 1792 395 1813 suo
412 1783 496 1813 verbo
512 1783 644 1816 restituit,
657 1790 731 1810 nunc
747 1790 814 1810 vero
824 1782 888 1810 dum
907 1782 1065 1811 innumera-

271 1832 340 1861 biles
367 1831 432 1858 caeci
461 1835 489 1858 et
515 1830 648 1857 daemonia
673 1829 818 1861 habentes,
843 1837 951 1857 necnon
980 1828 1064 1856 variis

271 1878 479 1913 egritudinibus
495 1881 523 1905 et
533 1876 712 1912 languoribus
727 1875 829 1907 affecti,
846 1875 976 1903 salutaris
989 1875 1063 1903 illius

271 1930 383 1958 virtutis
412 1928 546 1959 beneﬁcio
573 1929 607 1956 ab
625 1927 752 1957 omnibus
777 1927 881 1955 morbis
897 1927 1060 1955 liberantur.

271 1976 406 2007 Praeterea
420 1976 503 2004 etiam
527 1982 601 2002 nunc
626 1975 654 2004 in
674 1974 719 2006 iis,
737 1982 798 2009 qua:
812 1974 839 2000 in
855 1976 913 2002 toto
927 1973 992 2001 orbe
1006 1977 1062 2002 ter-

271 2029 363 2050 tantm
387 2021 516 2054 ostendit,
538 2020 602 2048 dum
629 2020 845 2049 innumerabiles
869 2020 1061 2048 multitudines

270 2067 355 2095 variis
373 2067 486 2097 malitiae
505 2067 652 2102 generibus
672 2066 832 2102 implicitas,
844 2070 872 2094 et
888 2066 1060 2102 ignoratione

269 2121 391 2159 Supremi
403 2121 451 2148 Dei
467 2121 582 2151 refertas
593 2121 699 2149 animas
710 2120 851 2151 habentes,
860 2120 1060 2149 admirabiliter

268 2173 296 2198 et
322 2176 406 2204 supra
434 2176 541 2197 omnem
568 2169 702 2196 rationem
718 2167 850 2196 doctrinae
866 2175 922 2196 sum
940 2168 1059 2196 medica-

268 2214 370 2244 mentis
383 2218 462 2241 curat
476 2218 504 2241 et
519 2217 609 2245 sanat,
621 2217 649 2240 et
665 2218 755 2241 tamen
769 2213 842 2248 quod
856 2213 940 2240 etiam
960 2213 988 2239 in
1014 2212 1058 2240 his

1132 262 1266 297 ἐπιτιμῶν
1279 263 1499 299 ἀναγέγραπται·
1513 264 1557 291 ὅτε
1568 265 1614 291 καὶ
1630 266 1654 291 οἱ
1664 266 1780 300 ὁρῶντες
1791 267 1923 304 ἐξεπλήτ-

1131 315 1208 334 τοντο
1228 307 1370 342 λέγοντες·
1389 317 1399 334 ι
1417 309 1541 342 Ποταπός
1560 311 1632 336 ἐστιν
1653 309 1740 344 οὗτος,
1764 313 1805 339 ὃτι
1827 313 1876 340 καὶ
1898 314 1925 340 οἱ

1131 352 1225 388 ἄνεμοι
1246 353 1294 380 καλ⁵
1312 354 1329 388 ἡ
1352 353 1473 383 θάλασσα
1491 354 1564 390 αὐτῷ
1579 355 1729 388 ὑπακούεις
1747 366 1757 382 ι
1770 355 1806 392 ἦν
1825 358 1854 385 δὲ
1875 358 1924 385 καὶ

1130 399 1210 428 τοῦτο
1221 399 1300 426 ἄλλου
1313 400 1385 434 τινος
1404 399 1525 436 μείζονος
1541 401 1673 436 σύμῦολον
1692 404 1839 439 νοουμένης
1862 405 1923 431 ἑτέ-

1131 454 1182 481 ρας
1203 446 1350 482 θαλάσσης,
1369 445 1430 485 ὲνῇ
1448 447 1556 482 λέγεται
1585 449 1694 484 δράκων
1717 458 1760 481 τις
1777 449 1857 482 εἶναι,
1872 459 1923 478 m-

1130 492 1277 528 ποιημένος
1298 493 1547 527 ἑγκαταπαίζεσθαι
1568 494 1621 522 ὑπὸ
1645 494 1700 521 τῶν
1725 495 1848 530 ἀγγέλων
1872 495 1921 524 toi

1128 537 1207 570 Θεοῦ,
1223 539 1265 573 ἐφ’
1281 539 1315 575 ἢν
1331 539 1378 565 καὶ
1397 540 1482 575 αὐτὴν
1499 540 1514 566 ό
1533 540 1629 575 Σωτὴρ
1650 540 1697 567 καὶ
1718 541 1820 576 Κύριος
1840 541 1922 577 ἡμῶν

1129 583 1366 620 ἐμπεριπατήσας,
1386 585 1435 620 τὴν
1454 585 1575 621 κεφαλὴν
1595 586 1641 613 τοῦ
1665 586 1757 613 αὐτόθι
1775 587 1921 622 δράκοντος

1128 630 1174 657 καὶ
1197 630 1252 657 τῶν
1274 630 1376 657 λοιπῶν
1399 631 1608 667 ὐτοοόεϐηκότων
1629 632 1783 668 δρακόντων
1809 633 1918 668 λέγεται

1128 676 1345 711 συντετριφέναι,
1359 676 1430 703 κατὰ
1441 678 1488 706 τό·
1508 687 1516 702 ι
1536 677 1572 704 Σὺ
1589 678 1755 710 συνέθλασας
1767 678 1817 711 τὰς
1832 688 1919 713 κεφας

1126 720 1176 752 λὰς
1188 721 1243 750 τῶν
1255 721 1410 758 δρακόντων
1425 723 1472 749 ἐπὶ
1486 722 1532 749 τοῦ
1552 723 1656 755 ὕδατος,
1670 725 1718 750 καὶ
1738 725 1771 751 σὺ
1789 725 1918 753 συνέθλα-

1127 774 1177 798 σας
1197 766 1246 798 τὰς
1271 767 1391 802 κεφαλὰς
1410 768 1458 795 τοῦ
1483 769 1644 804 δράκοντος·
1669 780 1679 795 ι
1702 771 1796 805 σαφῶς
1820 771 1918 807 ἐτέρας

1125 813 1274 848 νοουμένης
1290 813 1437 849 θαλάσσης,
1455 815 1519 850 περὶ
1528 813 1562 849 ἦς
1577 815 1657 847 αὐτὸς
1673 816 1753 846 πάλιν
1769 817 1798 843 ὲν
1817 817 1919 854 ψαλμῷ

1126 865 1224 892 φησιν·
1241 868 1250 884 ‹
1269 857 1370 886 Ἦλθον
1389 860 1428 892 εἰς
1449 860 1484 887 τὰ
1513 860 1581 896 βάθη
1601 861 1651 896 τῆς
1670 861 1822 897 θαλάσσης·
1842 873 1852 890 ι
1869 862 1917 891 καὶ

603 913 613 930 ι
645 903 760 938 Venisti,
786 905 884 940 inquit,
912 905 946 932 ad
972 905 1066 933 fonten

1125 903 1194 938 πρὸς
1205 904 1252 931 τὸν
1269 904 1328 931 ’1ὼὸ
1343 904 1377 932 τὰ
1393 906 1458 941 περὶ
1479 906 1576 933 ἑαυτοῦ
1601 907 1722 939 διεξιών·
1739 917 1748 932 ι
1766 906 1868 939 Ἦλθες
1887 907 1917 937 δὲ

1125 950 1171 977 ἐπὶ
1193 951 1285 988 πηγὴν
1303 951 1449 989 θαλάσσης,
1482 953 1512 979 ἐν
1527 953 1555 982 δὲ
1576 953 1676 990 ἴχνεσιν
1697 954 1815 981 ἀϐύσσου
1838 963 1917 991 περι-

1124 996 1282 1032 επάτησας;
1306 997 1457 1032 ἀνοίγονται
1479 999 1507 1025 δέ
1532 1008 1572 1027 σοι
1598 1000 1672 1035 φόϐῳ
1693 1001 1775 1027 πύλαι
1788 1000 1915 1034 θανάτου,

1124 1041 1281 1078 πυλωροὶδὲ
1293 1043 1355 1079 ᾅδου
1375 1044 1474 1077 ἰδόντες
1493 1054 1522 1073 σε
1544 1045 1678 1080 ἑπτηξαν;
1698 1056 1706 1072 ι
1724 1047 1844 1078 Birt/’ch
1867 1045 1914 1075 οὖν

1124 1088 1174 1116 κάν
1189 1088 1229 1125 τῷ
1244 1088 1304 1115 καθ’
1318 1090 1392 1125 ἡμᾶς
1408 1089 1458 1125 βίῳ
1474 1091 1570 1122 iit-26k
1591 1093 1624 1127 τῇ
1643 1091 1772 1128 θαλάττῃ,
1793 1093 1840 1119 καὶ
1857 1094 1915 1124 τοῖς

1122 1133 1233 1172 ἀνέμοις
1245 1134 1411 1170 ἐπιτιμήσας
1423 1136 1470 1164 καὶ
1481 1135 1518 1172 τῷ
1534 1135 1660 1169 κλύδωνι,
1674 1137 1708 1164 τὰ
1722 1137 1845 1173 σὺμὸολα
1859 1138 1914 1164 τῶν

1121 1180 1348 1218 ἀπορρητοτέρων
1358 1182 1487 1209 ἐπιτελεῖ.

1128 1247 1200 1277 Ἀπὸ
1215 1247 1268 1275 τοῦ
1289 1248 1418 1277 Ἡσαΐου.
1435 1265 1471 1270 --
1491 1250 1561 1283 Περὶ
1580 1250 1640 1276 τῶν
1661 1249 1915 1279 ἐπιτελεσθέντων

1331 1284 1382 1311 ὑπ’
1398 1285 1492 1312 αὐτοῦ
1511 1284 1698 1318 παραδόξων.

1158 1338 1168 1354 ‹
1194 1329 1436 1367 ’ἰσχύσατεαεῖρες
1452 1332 1603 1368 ἀνειμέναι,
1627 1334 1674 1361 καὶ
1694 1334 1797 1369 γόνατα
1821 1343 1911 1371 παρα-

1119 1374 1268 1410 λελυμένα·
1281 1378 1490 1412 παρακαλέσατε
1508 1380 1532 1405 οι
1554 1379 1720 1415 ὀλιγόψυχοι,
1742 1382 1775 1415 τῇ
1796 1381 1911 1416 διανοίᾳ,

1121 1423 1258 1459 ἰσχύσατε,
1276 1425 1313 1460 μὴ
1322 1425 1459 1460 φοϐεῖσθε·
1471 1427 1526 1455 ἰδοὺ
1542 1429 1556 1454 ὁ
1567 1428 1633 1460 Θεὸς
1648 1429 1726 1464 ἡμῶν
1743 1430 1834 1466 κρίσιν
1846 1431 1911 1458 ἀντ-

1119 1467 1261 1497 αποδίδωσι
1274 1489 1281 1501 ,
1300 1470 1348 1496 καὶ
1367 1471 1560 1505 ἀνταποδώσει,
1582 1473 1663 1505 αὐτὸς
1686 1474 1746 1509 ἥξει
1763 1475 1810 1501 καὶ
1829 1475 1910 1503 σώσει

1118 1513 1201 1549 ἡμᾶς.
1230 1514 1297 1541 Τότε
1322 1515 1526 1554 ἀναχθήσονται
1554 1518 1688 1556 ὀφθαλμοὶ
1714 1520 1832 1555 τυφλῶν,
1863 1522 1911 1551 καὶ

1117 1556 1174 1586 ὦτα
1190 1561 1290 1595 κωφῶν
1306 1562 1484 1589 ἀκούσονταιο
1507 1564 1567 1591 τότε
1593 1565 1696 1593 (imitat
1717 1566 1754 1598 ὡς
1775 1567 1874 1602 ἔλαφος
1896 1569 1910 1594 ὁ

1118 1605 1213 1641 χωλὸς,
1236 1607 1283 1634 καὶ
1301 1608 1388 1643 τρανὴ
1413 1608 1488 1635 ἔσται
1511 1609 1621 1646 γλῶσσα
1647 1611 1809 1646 μογιλάλων.
1827 1622 1836 1638 ι
1854 1613 1910 1640 Καὶ

1117 1652 1219 1678 τούτων
1233 1652 1303 1688 ἔχεις
1317 1653 1347 1679 ὲν
1362 1655 1418 1686 τοῖς
1433 1655 1608 1689 Εὐαγγελίοις
1630 1656 1665 1683 τὰ
1685 1658 1907 1693 ἀποτελέσματα·

1116 1695 1210 1724 τούτου
1234 1697 1293 1732 μὲν,
1320 1698 1437 1734 ὁπηνίκα
1458 1699 1497 1735 τῷ
1520 1701 1625 1737 Σωτῆρι
1649 1703 1696 1728 καὶ
1717 1703 1811 1739 Κυρίῳ
1829 1704 1908 1739 ἡμῶν

1116 1742 1284 1777 προσέιρερον
1299 1744 1484 1779 παραλυτικὸν
1505 1746 1550 1772 ἐπὶ
1567 1747 1661 1782 κλίνης
1682 1748 1859 1783 βεϐλημένον,
1877 1750 1908 1776 ὃν

1115 1788 1162 1815 καὶ
1175 1788 1239 1823 ὑγιῆ
1259 1788 1331 1824 λόγῳ
1355 1792 1548 1827 κατεστήσατο·
1570 1793 1664 1819 τούτου
1686 1794 1724 1824 δὲ.
1747 1795 1791 1821 ὅτε
1815 1796 1907 1831 μυρίοι

1114 1833 1208 1867 τυφλοὶ
1231 1835 1278 1862 καὶ
1299 1835 1500 1871 δαιμονιῶντες,
1517 1838 1556 1866 ἔτι
1579 1838 1632 1874 μὴν
1653 1839 1791 1874 διαψροις
1817 1841 1907 1873 vim;

1114 1879 1160 1906 καὶ
1179 1880 1322 1914 μαλακίαις
1335 1883 1566 1918 καταπονούμενοι
1580 1884 1647 1920 πρὸς
1658 1884 1708 1919 τῆς
1722 1884 1805 1912 αὑτοῦ
1818 1894 1907 1921 σωτη-

1114 1925 1171 1960 ρίου
1186 1926 1326 1962 δυνάμεως
1336 1928 1389 1954 τῶν
1400 1929 1493 1955 παθῶν
1504 1929 1703 1965 ἀπηλλάττοντο
1713 1940 1719 1946 ·
1728 1932 1758 1958 οὔ
1770 1931 1822 1968 μὴν
1837 1932 1906 1959 ἀλλὰ

1113 1971 1159 1998 καὶ
1173 1972 1207 2001 δι’
1227 1970 1264 1999 ὧν
1280 1974 1363 2001 εἰσέτι
1383 1975 1431 2002 νῦν
1447 1975 1508 2003 καθ’
1529 1976 1592 2012 ὅλης
1610 1976 1660 2011 τῆς
1675 1977 1838 2014 οἰκουμένης
1855 1987 1906 2012 μυ-

1113 2017 1157 2052 ρία
1171 2018 1259 2054 πλήθη
1269 2020 1448 2054 πολυτρίποιε
1461 2021 1561 2053 κακίας
1574 2022 1657 2048 εἴδεσι
1668 2022 1808 2058 δεδεμένα,
1820 2025 1910 2057 ἀγνω·

1112 2063 1172 2095 σίας
1188 2073 1218 2093 τε
1233 2065 1280 2092 τοῦ
1304 2066 1350 2092 ἐπὶ
1366 2066 1476 2094 πάντων
1495 2067 1562 2094 Θεοῦ
1580 2067 1628 2099 τὰς
1651 2067 1740 2105 ψυχὰς
1755 2069 1904 2104 πεπληρω-

1111 2109 1189 2144 μένα,
1207 2110 1365 2146 θαυμασίως
1388 2113 1435 2139 καὶ
1454 2113 1523 2149 ὑπὲρ
1540 2115 1628 2140 πάντα
1643 2114 1720 2148 λόγον
1732 2117 1788 2147 τοῖς
1802 2116 1852 2151 τῆς
1864 2115 1904 2142 δι-

1108 2155 1258 2189 δασκαλίας
1282 2158 1364 2186 αὑτοῦ
1389 2159 1544 2194 φαρμάκοις
1572 2162 1643 2187 ἰᾶται
1671 2161 1716 2187 καὶ
1745 2161 1900 2196 θεραπεύει.

1109 2202 1183 2238 Πλὴν
1196 2204 1236 2230 ὅτι
1248 2204 1296 2231 καὶ
1309 2204 1375 2236 Θεὸς
1388 2205 1416 2230 ὲν
1432 2206 1537 2238 τούτοις
1554 2207 1734 2244 ἀνηγόρευται
1753 2208 1823 2236 κατὰ
1843 2217 1903 2234 και-

267 2260 340 2290 Deus
357 2260 509 2296 appelletur
527 2268 578 2287 suo
596 2264 728 2294 tempore,
746 2263 874 2294 tanquam
890 2259 914 2287 is
928 2259 975 2294 qui
991 2259 1057 2287 talia

1118 2249 1167 2280 ev,
1181 2250 1220 2281 ὡς
1240 2250 1273 2277 ἂν
1292 2251 1403 2279 τοιαῦτα
1425 2252 1553 2288 ἐνεργῶν,
1575 2253 1624 2290 ἤδη
1642 2254 1774 2290 πρότερον
1793 2255 1859 2292 ἡμῖν
1873 2256 1903 2282 ἐν

265 2312 376 2344 elliciat,
390 2312 552 2348 jampridem
579 2320 595 2339 a
619 2312 711 2344 nobis,
724 2312 770 2339 ubi
787 2312 822 2340 de
836 2311 980 2340 divinitate
995 2312 1056 2347 ejus

265 2359 422 2387 testimonia
438 2359 614 2395 protulimus,
628 2358 845 2386 demonstratum
870 2362 923 2391 est,
936 2362 963 2386 et
990 2367 1058 2387 sane

265 2405 289 2435 si
304 2413 423 2441 unquam
448 2405 526 2437 alias,
542 2413 616 2434 nunc
641 2405 759 2433 maxime
788 2405 947 2433 convenerit
970 2405 1056 2433 Deum

264 2452 349 2491 m
374 2452 450 2479 illum
474 2452 608 2486 conﬁteri,
623 2451 734 2486 quando
750 2456 777 2481 et
792 2451 891 2481 divinae
907 2457 934 2481 et
961 2460 1056 2480 revera

266 2498 350 2526 Deum
367 2499 517 2535 complexae
532 2499 644 2526 virtutis
659 2499 715 2534 iam
741 2498 821 2534 plane
848 2506 930 2533 opera
958 2499 1053 2528 edidit.

265 2545 295 2573 Si
307 2546 418 2581 quidem
432 2547 516 2575 unius
538 2545 584 2573 Dei
601 2553 653 2573 nec
676 2546 789 2574 alterius
807 2550 938 2581 praeterea
960 2546 1054 2581 cujus-

265 2599 337 2634 piam
362 2607 461 2630 munus
484 2599 581 2631 fuerit,
602 2598 783 2627 corroborarc
808 2599 969 2633 dissolutos,
994 2601 1056 2628 vitae

264 2645 379 2674 reddere
407 2649 542 2679 mortuos,
573 2647 694 2681 praebere
713 2648 829 2675 salutem
844 2648 1054 2682 aegrotantibus,

263 2706 398 2726 caecorum
425 2700 532 2735 aperire
559 2701 666 2734 oculos,
694 2708 831 2736 auresque
855 2701 920 2729 item
953 2709 1052 2730 sanare

263 2752 420 2786 surdorum.
432 2758 460 2782 et
474 2754 580 2790 erigere
589 2755 714 2789 claudos,
725 2760 752 2784 et
762 2756 882 2792 linguam
893 2756 1051 2792 impeditam

316 2845 339 2861 “
359 2845 454 2889 λιαρὴ.
472 2855 538 2880 vm,
556 2847 601 2876 27.

264 2887 336 2909 XXXV
348 2900 355 2913 ,
372 2887 429 2910 0-5.

659 2848 682 2865 ³⁸
701 2847 775 2877 Psal.
793 2857 896 2883 LXXIII,
916 2849 1008 2884 15,Ιᾶ-

1063 2850 1087 2867 ¹¹⁶
1104 2850 1175 2879 Psal.
1191 2858 1278 2880 vam
1291 2871 1298 2884 ,
1317 2851 1344 2878 3.

1110 2296 1171 2327 ταῖς
1186 2295 1249 2331 περὶ
1266 2297 1315 2331 τῆς
1332 2297 1456 2332 θεότητος
1472 2298 1553 2325 αὐτοῦ
1579 2299 1742 2334 μαρτυρίαις
1765 2300 1902 2327 ἀποδέδει-

1112 2348 1184 2368 κται.
1199 2341 1263 2367 Kal'
1273 2341 1375 2377 ἔπρεπέ
1393 2351 1424 2377 γε
1442 2343 1490 2370 νῦν
1507 2344 1582 2378 γοῦν,
1601 2346 1625 2371 et
1640 2345 1686 2371 καὶ
1707 2344 1811 2376 ἄλλοτε,
1835 2346 1902 2372 θεὸν

1110 2387 1191 2416 αὐτὸν
1217 2387 1422 2423 ὁμολογεῖσθαι,
1454 2390 1494 2417 ὅτι
1525 2391 1570 2419 καὶ
1598 2391 1665 2426 ἔργα
1690 2390 1766 2423 θείας
1786 2392 1834 2420 καὶ
1862 2392 1901 2424 ὠς

1109 2433 1218 2469 ἀληθῶς
1244 2434 1335 2463 ἐνθέου
1371 2435 1511 2471 δυνάμεως
1540 2436 1721 2464 ἐπεδείκνυτο.
1748 2437 1816 2464 Θεοῦ
1846 2438 1900 2474 γὰρ

1111 2480 1192 2516 μόνου
1215 2478 1249 2516 ἦν
1273 2482 1319 2508 καὶ
1339 2482 1398 2508 οὐδὲ
1421 2482 1500 2510 ἄλλου
1528 2483 1659 2519 ῥωννύναι
1688 2483 1737 2518 μὲν
1766 2485 1901 2520 παρειμέ-

1109 2535 1180 2558 νους,
1194 2527 1336 2561 ζωογονεῖν
1358 2527 1387 2554 δὲ
1408 2529 1528 2565 νεκροὺς,
1548 2529 1684 2565 σωτηρίαν
1705 2538 1734 2556 τε
1757 2530 1899 2558 ἀσθενοῦσι

1109 2573 1250 2608 παρέχειν,
1262 2574 1379 2608 ἀνοίγειν
1393 2584 1422 2601 τε
1434 2575 1589 2611 ὀφθαλμοὺς
1602 2575 1720 2610 τυφλῶν,
1734 2576 1782 2602 καὶ
1798 2577 1899 2612 κωφῶν

1107 2620 1238 2652 ὡσαύτως
1263 2620 1347 2652 ἀκοὰς
1376 2621 1480 2653 ἰᾶσθαι,
1504 2622 1606 2657 χωλούς
1633 2631 1663 2649 τε
1684 2623 1824 2658 ἀνορθοῦν,
1851 2624 1898 2650 καὶ

1107 2668 1170 2698 τοὺς
1182 2668 1231 2703 τὴν
1245 2668 1366 2702 γλῶτταν
1380 2668 1536 2703 δεδεμένους
1552 2669 1679 2701 εὐλάλους
1694 2670 1895 2705 ἀποκαθιστᾷν·

1106 2713 1178 2749 ἆπερ
1195 2714 1301 2740 ᾶπαντα
1316 2714 1368 2741 ὑπὸ
1385 2714 1431 2740 τοῦ
1445 2715 1571 2750 Σωτῆρος
1586 2715 1663 2750 ἡμῶν
1674 2715 1761 2751 Ἰησοῦ
1778 2715 1896 2752 Χριστοῦ

1106 2758 1272 2794 πέπρακται,
1286 2757 1330 2786 οἷα
1346 2760 1398 2786 ὑπὸ
1410 2760 1488 2792 Θεοῦ,
1502 2761 1549 2787 καὶ
1571 2760 1780 2797 μεμαρτύρηται
1797 2769 1828 2795 γε
1844 2760 1897 2787 ὑπὸ

1398 2851 1422 2868 ⁸⁷
1439 2850 1491 2879 Iob
1507 2858 1627 2883 xxxvm,
1647 2850 1740 2879 ili-l7.
1797 2851 1821 2867 "
1841 2850 1893 2878 lsa.
