2099 3217
174 162 229 191 697

625 161 955 192 οειοπςτκετιοκιε
975 163 1017 190 εγ
1022 162 1204 191 AMELICAE
1221 161 1287 190 LIB.
1300 161 1348 190 lX.

1753 161 1806 190 698

174 220 304 248 πλειόνων
317 221 373 248 τῶν
389 222 451 250 καθ’
470 222 533 258 ὅλης
544 223 595 258 τῆς
612 222 775 258 οἰκουμένης
789 222 957 259 κηρυξάντωι

1016 222 1179 250 habentibus
1208 222 1363 249 facultatem
1388 219 1517 256 loquendi
1543 221 1689 249 restituere
1704 241 1712 253 ,
1740 229 1800 256 quae

174 265 271 293 αὐτόν·
289 264 327 293 ὢν
345 267 376 294 τὸ
397 267 533 295 ἄπλαστον
551 269 598 295 καὶ
620 268 719 304 ἀληθὲς
742 269 793 304 τῆς
816 269 968 305 μαρτυρίας

175 312 319 339 πιστοῦται
337 313 354 348 ἡ
369 313 414 340 διὰ
427 313 552 349 βασάνων
569 316 662 350 πεῖρα,
679 315 727 341 καὶ
749 316 766 349 ὴ
785 315 866 350 μέχρι
886 315 968 342 θανά-

173 365 220 384 του
235 357 370 391 ἔνστασις,
387 359 420 395 ἣν
434 360 479 386 ἐπὶ
495 359 635 395 βασιλέων,
648 361 785 396 ἀρχόντων
798 369 826 387 τε
843 361 891 387 καὶ
903 362 968 396 ἡγε-

175 404 275 439 μόνων,
291 405 338 432 καὶ
356 405 424 432 ὅλων
443 404 527 433 ἐθνῶν
551 406 727 439 ἐνεδείξαντο,
743 408 800 438 τοῖς
815 406 861 434 ὑπ’
878 406 966 433 αὐτῶν

173 451 385 487 κηρυττομένοις
399 451 528 487 ἀλήθειαν
549 452 830 488 ὲπιμαρτυρήσαντες,
855 451 967 483 Τούτοις

172 496 201 523 δὲ
217 497 309 529 αὐτοῖς
325 497 443 534 ἡγοῦμαι
455 499 511 530 τοῖς
526 498 731 533 εὐαγγελισταίς
743 498 824 526 αὐτοῦ
838 499 885 525 καὶ
899 498 967 525 ἀπο-

172 542 276 574 στόλοις
291 543 437 576 ἐπιφωνεῖν
454 543 485 569 τὸ
505 543 613 578 πνεῦμα
630 544 661 570 τὸ
679 543 846 579 προφητικὸν
861 543 895 570 τὰ
911 543 965 570 ἀπὺ

170 587 230 621 τοῦ,
247 597 256 614 ι
278 588 424 623 ’1σχὺσατε,
441 590 531 625 χεῖρες
548 589 697 625 ἀνειμέναι,
712 589 758 616 καὶ
768 589 868 623 γόνατα
879 597 965 624 παρα-

171 633 315 669 λελυμένα.
338 643 347 660 ι
373 634 450 661 Ἐπεὶ
467 635 521 670 γὰρ
535 635 586 666 τὰς
601 636 696 670 χεῖρας
714 635 760 661 καὶ
781 634 830 666 τὰς
845 643 962 670 πρακτι-

170 678 224 711 κὰς
239 679 368 715 δυνάμεις
382 676 464 711 οὗτοι,
484 680 534 712 τάς
550 689 578 707 τε
603 680 697 716 βάσεις
715 681 762 707 καὶ
781 680 830 716 τὴν
852 679 963 716 πορείαν

168 724 224 754 ἀπὺ
249 725 301 762 τῆς
325 727 434 761 μακρᾶς
457 726 580 762 περιόδου
596 727 646 762 τῆς
669 726 740 754 κατά
756 726 803 753 τὸν
826 727 964 758 Μωῦσέως

168 768 251 804 νόμον
263 769 391 805 λατρείας
407 770 523 806 παρείθη
528 779 586 802 σαν,
597 771 739 806 διεγείρων
749 771 848 803 αὐτοὺς
857 771 904 797 ἐπὶ
913 772 962 807 τὴν

169 813 240 841 κατά
255 813 287 840 τὸ
300 813 467 848 Εὑαγγέλιον
495 815 651 842 πολιτείαν·
673 825 682 842 ι
704 815 852 852 Ἰσχύσατε,
884 816 961 851 φησὶ,

167 861 261 896 χεῖρες
287 860 440 896 ἀνειμέναι,
476 861 523 888 καὶ
538 861 638 895 γόνατα
655 861 874 897 παραλελυμένοι,
896 872 906 888 ι
922 863 963 894 εἰς

1017 268 1109 296 omnia
1126 267 1252 294 Salvator
1269 274 1302 293 ac
1318 266 1449 293 Dominus
1471 269 1564 293 noster
1583 264 1664 293 Jesus
1677 264 1803 292 Christus

1018 312 1217 340 admirabiiiter
1232 312 1370 347 pmstitit.
1390 314 1521 346 tanquam
1546 311 1570 338 is
1596 310 1643 346 qui
1671 318 1752 338 verus
1767 310 1805 338 sit

1018 357 1101 390 Deus.
1117 362 1144 386 et
1164 358 1220 386 haec
1243 358 1335 385 omnia
1355 357 1503 384 multorum
1523 356 1689 390 testimonio,
1705 356 1751 392 qui
1767 356 1803 383 il-

1016 405 1073 431 lum
1092 404 1120 431 in
1138 408 1196 432 toto
1211 404 1279 431 orbe
1297 403 1488 438 praedicarunt,
1509 402 1590 430 Iidem
1616 407 1800 438 acceperunt:

1016 458 1132 486 quorum
1148 450 1296 478 testimonii
1307 454 1334 477 et
1347 449 1549 484 simplicitatem
1562 452 1589 476 ct
1603 449 1742 476 veritatem
1755 456 1803 476 ex-

1016 498 1133 533 ploratio
1149 504 1198 532 per
1217 500 1353 524 tormenta
1368 495 1522 526 conﬁrmat.
1537 498 1565 522 et
1576 501 1662 529 usque
1678 494 1710 521 ad
1728 502 1803 521 mor-

1015 548 1070 572 tem
1086 542 1210 572 certandi
1228 540 1440 576 perseverantia,
1457 548 1538 574 quam
1563 541 1589 567 in
1610 544 1758 575 conspectu
1774 543 1802 568 et

1015 597 1120 625 regum,
1135 593 1162 616 et
1186 587 1350 627 principum,
1362 590 1389 613 et
1404 586 1548 621 praesidum
1573 589 1600 613 et
1613 585 1800 613 universarum

1014 635 1136 671 gentium
1167 633 1362 668 praestiterunt,
1381 633 1445 660 dum
1467 639 1572 663 eorum,
1589 639 1649 666 quae
1676 632 1710 658 ab
1731 631 1799 666 ipsis

1015 679 1244 716 praedicabantur,
1270 678 1378 705 veritati
1405 677 1483 706 iidem
1505 677 1545 704 sic
1574 676 1686 704 faciunt.
1714 676 1799 704 Porro

1014 730 1104 754 autem
1114 725 1147 752 ad
1161 725 1212 752 hos
1225 725 1300 760 ipsos
1309 728 1336 751 et
1347 724 1529 758 evangelistas
1539 723 1599 757 ejus
1610 727 1637 750 et
1649 723 1797 758 apostolos,

1014 772 1139 807 spiritum
1157 770 1277 798 arbitror
1295 769 1443 797 inclamare
1469 768 1669 804 propheticum,
1692 775 1724 794 ea
1738 775 1799 803 qua

1013 819 1141 853 deinceps
1156 819 1319 852 sequuntur,
1336 815 1371 842 ab
1396 815 1442 842 illo
1461 814 1522 842 loco
1538 823 1544 841 :
1563 823 1572 839 ι
1597 813 1796 845 Convalcscite,

1013 871 1110 891 manus
1122 863 1253 892 remisere.
1261 866 1287 889 et
1302 868 1388 892 genua
1399 861 1542 888 dissoluta.
1563 869 1571 886 ι
1587 859 1654 886 Nam
1669 860 1797 895 quoniam

167 905 326 941 ἑτοιμασίαν
343 905 442 942 δηλαδὴ
458 906 505 933 τοῦ
527 906 597 933 κατὰ
617 907 648 933 τὺ
671 907 835 942 Εὐαγγέλιον
849 907 957 943 δρόμου.

1011 909 1038 936 lii
1053 913 1080 936 et
1095 907 1232 938 manibus.
1248 913 1275 935 ct
1287 906 1390 934 viribus
1408 913 1468 940 qua:
1495 905 1528 932 ad
1556 905 1688 941 agendum
1715 906 1798 940 perti-

172 950 312 986 Ἶσχύσατε
333 951 362 978 δὲ
382 953 429 979 καὶ
452 953 492 984 εἰς
516 952 547 978 τὸ
571 953 741 988 παρακαλεῖν
762 953 888 988 ἑτέρους,
913 953 960 980 καὶ

166 998 313 1035 πιρορμᾷν
328 997 435 1033 ἔχεσθαι
451 999 501 1034 τῆς
515 998 694 1035 εὐαγγελικῆς
718 999 864 1035 σωτηρίας,
882 999 960 1034 ὑμεῖς

165 1045 191 1071 oi
206 1044 240 1071 τὸ
255 1045 319 1080 πρὶν
335 1045 500 1080 όλιγόψυχοι,
519 1046 566 1072 καὶ
585 1046 621 1081 μή
638 1054 679 1077 τις
696 1046 768 1081 ὑμᾶς
783 1046 895 1082 αἱρείτω
909 1046 959 1080 φό-

165 1089 213 1122 ϐος
226 1089 282 1116 τῶν
299 1090 397 1123 ἔξωθεν
413 1090 616 1126 ἀνθισταμένων
632 1090 673 1126 τῷ
689 1090 857 1126 εὐαγγελικῷ
872 1090 958 1127 κηρύ-

165 1142 266 1169 γματιν
291 1135 358 1162 ἀλλὰ
380 1135 428 1162 καὶ
453 1136 522 1172 πρὸς
545 1135 657 1167 τούτους
685 1136 822 1170 ἰσχύσατε,
846 1137 893 1163 καὶ
920 1137 958 1172 μὴ

166 1179 302 1214 φοὸεἰσθε.
330 1181 396 1214 Θεὸς
423 1182 478 1217 γάρ
502 1180 536 1218 ἦν
563 1182 610 1209 καὶ
638 1182 706 1208 Θεοῦ
729 1182 825 1216 Λόγος,
846 1182 903 1208 ἀλλ’
927 1183 958 1209 οὐ

165 1227 279 1254 Μωῦσεῖ
299 1235 342 1259 τις
362 1228 560 1264 παραπλήσιος,
579 1227 641 1254 οὐδέ
660 1236 703 1259 τις
724 1229 781 1259 τοῖς
805 1228 958 1263 προφήταις

163 1272 267 1308 ὅμοιος,
279 1273 309 1300 οὐ
326 1273 413 1309 μόνων
425 1274 480 1300 τῶν
493 1273 650 1309 παραδόξων
666 1272 780 1308 ποιητὴς
797 1271 956 1307 θαυμάτων,

163 1318 232 1348 ἀλλὰ
245 1319 292 1346 καὶ
305 1320 368 1355 ὑμῖν
381 1319 471 1351 αὐτοῖς
487 1319 538 1354 τῆς
557 1318 650 1354 ἰσχύος
665 1318 785 1353 γεγονὼς
798 1318 893 1350 αἴτιος.
909 1318 958 1344 Πί-

164 1372 224 1397 στις
235 1364 258 1391 δ’
273 1365 307 1392 ἂν
329 1365 432 1399 γένοιτο
451 1365 636 1401 ὲναργεστάτη
657 1364 708 1399 τῆς
724 1364 770 1391 τοῦ
786 1373 957 1400 προφητευο-

165 1410 248 1447 μένου
263 1411 389 1447 Σωτῆρος
408 1411 487 1446 ἡμῶν
504 1411 594 1438 ἐνθέου
618 1411 768 1445 δυνάμεως,
783 1410 817 1437 δι’
835 1408 870 1446 ἦς
888 1410 956 1445 ἁλη-

163 1456 219 1488 θῶς
242 1457 345 1492 χωλοὺς
368 1457 414 1483 καὶ
440 1456 566 1491 τυψλοὺς,
588 1456 636 1483 καὶ
656 1456 784 1492 λεπροὺς,
814 1456 860 1482 καὶ
886 1464 957 1491 παρ-

162 1502 288 1537 ειμένους
313 1503 406 1532 ίάσατό
433 1512 499 1530 ποτε
527 1503 611 1539 λόγῳ,
638 1502 710 1530 κατὰ
736 1502 786 1534 τὰς
811 1502 876 1538 περὶ
906 1502 955 1528 αὑ-

161 1547 209 1575 τοῦ
227 1548 355 1584 Γραφὰς,
382 1550 399 1585 ἡ
425 1550 472 1578 καὶ
494 1549 577 1576 εἰσέτι
607 1548 653 1575 νῦν
680 1548 862 1584 ἐνεργουμένη
887 1547 954 1583 πρὸς

160 1593 214 1630 τῆς
237 1594 319 1622 αὐτοῦ
347 1595 472 1631 θεότητος
499 1594 559 1622 καθ’
582 1594 646 1630 ὅλης
668 1593 719 1629 τῆς
743 1592 895 1629 ἀνθρώπων
917 1594 955 1620 οι-

161 1639 299 1675 κουμένης
321 1639 404 1677 ἀρετὴ
419 1660 426 1671 ,
451 1640 485 1667 δι’
505 1638 540 1676 ἧς
565 1639 657 1670 αὐτοῖς
686 1638 777 1674 ἔργοις
797 1638 887 1669 ὁποῖός
913 1646 955 1670 τις

160 1681 196 1719 ἦν
219 1684 268 1712 καὶ
292 1685 368 1715 τότε,
394 1686 450 1716 τοῖς
475 1685 540 1716 οἵοις
566 1693 596 1713 τι
620 1684 734 1719 συνορᾷν
757 1682 953 1710 ἐπιδείκνυται·

159 1730 207 1757 ὅτε
220 1730 268 1757 καὶ
279 1730 324 1757 ἐπὶ
333 1730 470 1762 τοσούτοις
483 1730 552 1766 μετά
562 1729 650 1757 ταῦτα
663 1729 770 1765 χρόνοις
783 1728 897 1765 διαρκὴς
907 1728 955 1755 καὶ

160 1776 304 1812 ἀνίκητος,
325 1777 370 1804 καὶ
392 1777 430 1809 ὡς
443 1777 551 1813 ἀληθῶς
564 1777 631 1803 Θεοῦ
646 1777 741 1811 Λόγος,
758 1777 772 1803 ό
786 1777 854 1812 πρὸς
872 1777 954 1803 αὑτοῦ

161 1822 359 1857 καταγγελθεὶς
377 1823 578 1854 ἀποδείκνυται,
597 1822 701 1854 πάντας
718 1822 955 1857 ὑπερὸαλλόμενος

160 1867 228 1899 τοὺς
241 1867 360 1904 ἀρχῆθεν
374 1868 421 1894 καὶ
437 1867 519 1903 μέχρι
533 1867 580 1894 τοῦ
596 1867 644 1894 νῦν
659 1868 708 1902 τὴν
719 1867 892 1894 διδασκαλίαν
904 1867 953 1894 αὺ-

160 1911 212 1939 τοῦ
227 1912 354 1948 πολεμεῖν
370 1913 656 1948 παρεσκευασμένους,
678 1913 707 1946 ἐξ
725 1913 833 1949 ἀπάσης
853 1922 882 1940 τε
904 1913 954 1949 τῆς

160 1957 327 1994 οἰκουμένης
342 1958 513 1994 ὑπαγόμενος
527 1958 615 1994 ἑαυτῷ
630 1958 713 1994 μυρία
728 1957 828 1994 πλήθη,
841 1958 888 1987 καὶ
902 1959 955 1986 πά-

162 2013 215 2039 οτις
231 2004 280 2039 μὲν
293 2004 430 2040 ἁμαρτίας
446 2004 559 2031 καὶτῶν
573 2003 642 2032 κατὰ
656 2004 745 2039 ψυχὴν
759 2003 852 2030 παθῶν
864 2012 894 2031 τε
908 2005 954 2031 καλ⁸

160 2050 325 2086 νοσημάτων
342 2051 405 2082 τοὺς
422 2050 497 2085 αὐτῷ
516 2050 678 2086 προσιόντας
697 2049 887 2082 ἀπαλλάσσων,
908 2051 954 2077 ἐπὶ

160 2096 190 2124 δὲ
204 2097 255 2132 τὴν
267 2096 367 2132 εὐσεϐῆ
380 2096 553 2124 διδασκαλίαν
565 2096 647 2123 αὑτοῦ
663 2097 716 2123 πᾶν
727 2096 804 2130 γένος
822 2095 953 2132 Ἑλλήνων

160 2143 211 2170 καὶ
238 2142 382 2179 βαρϐάρων
408 2143 655 2179 προσκαλούμενος,
681 2144 795 2179 μυρίους
818 2151 848 2169 τε
875 2143 953 2174 ὅσους

159 2189 308 2225 προσάγων
323 2190 369 2215 ἐπὶ
382 2189 431 2225 τὴν
446 2189 492 2215 τοῦ
508 2189 588 2224 μόνου
603 2189 651 2216 καὶ
665 2188 782 2224 ἀληθοῦς
797 2187 864 2215 Θεοῦ
882 2187 953 2223 γνῶ-

161 2242 217 2266 σιν,
228 2234 273 2261 ἐπί
286 2243 317 2261 τε
330 2235 375 2261 τὸν
388 2235 451 2271 ὑγιῆ
465 2235 511 2261 καὶ
525 2234 650 2271 σώφρονα
663 2234 730 2270 βίον,
742 2235 771 2267 ὃς
782 2234 813 2271 δὴ
826 2235 873 2262 καὶ
883 2234 952 2270 πρέ-
969 2254 990 2280 D

159 2289 222 2307 πων
245 2281 286 2317 εἴη
302 2281 336 2308 ἂν
360 2281 509 2317 ἐπαγγελίᾳ
533 2281 682 2318 θρησκείας
703 2281 750 2307 τοῦ
776 2281 821 2308 ἐπὶ
843 2281 953 2308 πάντων

159 2326 241 2354 Θεοῦ.
261 2323 345 2359 οὗτος
367 2327 395 2354 δὲ
414 2327 496 2359 αὐτὸς
510 2328 524 2354 ὁ
538 2327 604 2359 Θεὸς
627 2327 715 2363 ἡμῶν,
737 2327 785 2354 ἅτε
812 2327 952 2363 τυγχάνων

159 2372 230 2400 Θεοῦ
258 2373 354 2407 Λόγος,
381 2383 390 2399 ι
412 2373 520 2410 Κρίσιν,
553 2373 644 2408 φησὶν,
674 2372 879 2403 ἀνταποδίδωσι,
903 2371 951 2399 καὶ

159 2418 356 2451 ἀνταποδώσει,
369 2418 450 2450 αὐτὸς
463 2418 522 2455 ἥξει
535 2419 580 2445 καὶ
594 2418 675 2445 σώσει
687 2419 769 2453 ἡμᾶς.
786 2427 795 2444 ι
810 2417 887 2444 Κατά
897 2417 951 2453 γὰρ

159 2464 208 2491 τὸν
222 2463 328 2500 ψαλμὸν
346 2465 484 2500 φήσαντα·
509 2474 518 2489 ε
542 2464 571 2490 '0
585 2463 651 2495 Θεὸς
664 2483 671 2496 ,
694 2464 724 2489 τὺ
741 2462 827 2498 κρῖμά
844 2471 890 2488 σου
912 2462 951 2497 τῷ

161 2509 269 2545 βασιλεῖ
279 2510 334 2543 δός,
348 2520 358 2536 ι
375 2511 421 2538 καὶ
433 2510 504 2537 κατά
512 2510 560 2546 τὴν
571 2509 752 2545 εὐαγγελικὴν
768 2508 950 2541 διδασκαλίαν,

159 2555 195 2582 δι’
208 2553 243 2591 ἦς
258 2556 375 2593 εῐρηται·
393 2566 402 2582 ‹
426 2557 454 2583 '0
474 2555 569 2591 Πατὴρ
589 2555 674 2591 κρίνει
691 2554 796 2585 οὐδένα,
819 2553 886 2580 ἀλλά
901 2553 950 2589 τὴν

159 2601 253 2638 κρίσιν
264 2603 356 2629 πᾶσαν
369 2601 468 2630 δέδωκε
481 2601 520 2637 τῷ
531 2601 596 2636 Υἱῷ,
611 2611 619 2626 ι
635 2600 710 2636 παρὰ
722 2600 769 2627 τοῦ
782 2599 889 2635 Πατρὸς
900 2599 950 2635 τὴν

158 2647 210 2674 τοῦ
223 2647 326 2684 κρίνειν
340 2647 459 2684 εἰληφὼς
473 2647 605 2680 ἐξουσίαν,
619 2647 777 2683 δικαιοσύνῃ
789 2645 899 2682 κρίνων,
912 2644 951 2681 τῷ

161 2693 215 2730 μὲν
230 2694 264 2721 ὲκ
276 2694 428 2731 περιτομῆς
441 2693 498 2729 λαῷ
511 2693 560 2728 τὴν
577 2693 766 2728 προσήκουσαν
782 2691 837 2718 τῶν
850 2692 890 2723 εἰς
902 2691 951 2718 αὐ-

158 2739 208 2767 τόν
225 2748 255 2767 τε
268 2741 387 2772 καὶτοὺς
400 2739 482 2766 αὑτοῦ
497 2738 638 2774 προφήτας
652 2737 861 2773 τετολμημένων
874 2737 952 2773 δίκην

159 2786 327 2818 ἀποδέδωκε,
351 2786 456 2817 πάντας
475 2785 504 2812 δὲ
525 2783 692 2818 ἁπαξαπλῶς
711 2783 871 2819 ἀνθρώπους
890 2783 953 2815 τοὺς

160 2832 236 2868 αὒτῷ
247 2832 412 2869 προσιόντας
428 2831 457 2864 ἐξ
469 2831 526 2857 ἴσου
545 2830 615 2857 κατὰ
626 2830 656 2856 τὺ
667 2829 771 2856 δίκαιον
784 2828 949 2856 ἀνεσώσατο·

161 2875 201 2906 ὧν
213 2879 247 2907 τά
256 2876 314 2907 ὦτα
322 2878 373 2914 τῆς
384 2877 504 2908 διανοίας
517 2876 564 2904 καὶ
578 2877 641 2908 τοὺς
652 2875 808 2912 ὀφθαλμοὺς
824 2875 951 2911 ἀνέῳξεν.

1011 956 1088 985 nent,
1103 956 1131 979 et
1146 946 1253 986 plantis'
1264 951 1332 986 ipsis
1345 955 1372 977 et
1384 950 1506 982 incessu.
1518 957 1552 977 ex
1569 950 1648 984 longo
1659 949 1798 976 adoratio-

1010 998 1053 1026 nis
1077 997 1228 1026 secundum
1254 996 1400 1024 Mosaicam
1418 996 1503 1031 legem
1531 995 1648 1022 circuitu
1669 995 1798 1031 elangue-

1010 1048 1082 1072 rant.
1099 1043 1299 1078 solutioresque
1311 1045 1466 1072 evaserant.
1478 1041 1580 1069 idcirco
1595 1042 1720 1070 excitans
1735 1042 1797 1071 illos

1009 1089 1043 1118 ad
1057 1089 1239 1124 evangelicam
1253 1089 1316 1117 vitae
1333 1087 1549 1115 institutionem:
1569 1096 1578 1112 ‹
1597 1087 1795 1121 Convalescite,

1009 1136 1106 1171 inquit,
1132 1142 1230 1162 manus
1253 1135 1384 1165 remissae,
1402 1137 1430 1161 et
1445 1140 1533 1168 genua
1557 1132 1703 1165 dissoluta,
1725 1142 1735 1159 ι
1761 1134 1795 1161 ad

1008 1182 1176 1209 alacritatem
1189 1181 1317 1208 videlicet
1337 1179 1487 1215 evangelici
1510 1186 1619 1206 cursus.
1643 1178 1796 1206 Conﬁrma-

1008 1228 1075 1255 mini
1089 1228 1172 1255 etiam
1190 1227 1223 1254 ad
1248 1227 1444 1257 exhortandos,
1465 1225 1701 1259 concitaudosque
1715 1225 1794 1256 alios,

1008 1277 1038 1300 ut
1051 1273 1236 1308 evangelicum
1248 1273 1364 1300 salutem
1376 1272 1586 1308 amplectantur,
1600 1278 1659 1302 vos,
1671 1271 1793 1305 inquam,

1007 1320 1054 1353 qui
1077 1319 1153 1354 prius
1177 1318 1260 1346 eratis
1285 1318 1386 1353 pusillo
1410 1318 1512 1349 animo,
1544 1324 1630 1352 neque
1649 1317 1722 1344 ullus
1747 1324 1795 1344 vos

1006 1365 1096 1399 capiat
1125 1365 1206 1392 timor
1234 1372 1340 1396 eorum,
1363 1364 1411 1399 qui
1437 1363 1606 1393 extrinsecus
1634 1362 1796 1397 evangelicae

1007 1410 1194 1445 praedicationi
1213 1410 1347 1438 resistunt
1364 1419 1370 1437 :
1385 1417 1480 1437 verum
1498 1413 1595 1435 contra
1621 1408 1671 1434 hos
1685 1414 1794 1442 quoque

1007 1457 1090 1484 robur
1101 1456 1225 1491 accipite,
1236 1460 1264 1484 et
1280 1463 1314 1483 ne
1336 1455 1441 1482 timete.
1459 1454 1530 1482 Deus
1552 1454 1625 1481 enim
1646 1458 1688 1481 est
1704 1457 1730 1480 et
1747 1452 1794 1480 Dei

1006 1502 1138 1534 Verbum,
1157 1510 1212 1529 non
1227 1505 1318 1528 autem
1334 1501 1470 1536 quispiam
1495 1500 1563 1527 Mosi
1589 1499 1696 1533 similis,
1713 1507 1745 1526 ac
1759 1507 1794 1527 ne

1007 1550 1079 1577 ullus
1095 1548 1204 1584 quidem
1222 1548 1417 1583 prophetarum
1439 1547 1505 1574 huic
1519 1550 1561 1574 est
1581 1546 1793 1581 comparandus,

1006 1596 1052 1631 qui
1064 1603 1118 1623 non
1134 1595 1222 1623 solum
1238 1594 1372 1621 miracula
1397 1593 1530 1621 inusitata
1545 1592 1626 1620 cdere
1640 1592 1792 1624 consuevit,

1006 1647 1101 1667 verum
1117 1640 1200 1667 etiam
1212 1639 1291 1666 vobis
1310 1638 1377 1673 ipsis
1391 1638 1481 1665 omnis
1503 1637 1671 1664 fortitudinis
1686 1641 1713 1664 et
1728 1645 1794 1664 con-

1005 1686 1114 1714 stantiae
1129 1690 1226 1713 auctor
1245 1684 1370 1712 exsistit.
1383 1684 1582 1719 Argumentum
1595 1691 1658 1711 vero
1672 1683 1794 1711 certissi-

1005 1739 1080 1758 mum
1098 1731 1180 1760 fuerit
1191 1730 1292 1758 divinae
1306 1730 1378 1764 ejus,
1391 1736 1472 1763 quem
1496 1728 1635 1763 prophetat
1649 1732 1793 1755 venturum

1005 1777 1168 1804 nuntiarunt
1194 1775 1346 1802 Salvatoris
1362 1774 1450 1801 nostri
1464 1774 1587 1804 virtutis,
1605 1781 1652 1807 per
1667 1781 1746 1808 quam
1764 1781 1793 1801 re

1004 1830 1069 1850 vera
1087 1825 1114 1849 ct
1130 1821 1254 1852 claudos.
1275 1825 1302 1848 et
1328 1828 1426 1852 caecos,
1454 1825 1481 1848 et
1507 1819 1589 1854 lepris
1615 1818 1741 1850 infectos,
1766 1823 1793 1846 et

1005 1868 1134 1896 membris
1150 1867 1310 1898 dissolutos,
1325 1867 1420 1899 verbo,
1439 1869 1470 1893 ut
1485 1865 1632 1900 Scriptum
1645 1872 1705 1900 quae
1714 1865 1748 1892 de
1760 1865 1793 1891 il-

1005 1914 1031 1941 lo
1053 1917 1163 1942 exstant
1189 1912 1268 1939 iidem
1291 1912 1405 1944 faciunt,
1434 1911 1581 1946 aliquando
1597 1911 1745 1941 sanaverit.
1759 1918 1791 1938 ea

1004 1968 1065 1995 quae
1078 1959 1160 1987 etiam
1174 1966 1248 1987 nunc
1259 1957 1406 1986 eilicaciam
1422 1965 1499 1985 suam
1515 1964 1548 1984 ex
1564 1957 1637 1984 illius
1649 1956 1792 1983 divinitate

1005 2006 1032 2034 in
1055 2010 1123 2038 toto,
1139 2006 1186 2041 qui
1203 2006 1237 2033 ab
1261 2005 1419 2032 hominibus
1436 2003 1565 2031 incolitur
1577 2003 1653 2034 orbe,
1670 2002 1792 2030 ostendit

1004 2053 1104 2084 virtus,
1119 2059 1168 2087 per
1191 2059 1273 2087 quam
1292 2051 1374 2078 rebus
1396 2050 1464 2085 ipsis
1478 2055 1504 2077 et
1520 2049 1599 2077 factis
1615 2050 1705 2084 qualis
1728 2053 1792 2076 tunc

1004 2105 1114 2132 quoque
1131 2097 1213 2125 fuerit
1228 2097 1272 2128 iis,
1291 2097 1336 2131 qui
1356 2096 1456 2123 intueri
1474 2100 1600 2131 possunt,
1617 2095 1769 2122 ostenditur
1783 2103 1791 2122 :

1003 2142 1207 2180 mquando
1224 2143 1250 2169 in
1277 2148 1330 2170 tam
1355 2135 1456 2169 multos
1481 2149 1568 2168 annos
1583 2144 1644 2175 post
1666 2141 1710 2167 illa
1731 2147 1794 2175 qua:

1004 2191 1107 2225 scripta
1125 2193 1189 2217 sunt
1205 2189 1286 2216 durat
1302 2188 1430 2219 invictus,
1446 2192 1473 2215 et
1494 2194 1590 2214 revera
1607 2186 1652 2213 Dei
1672 2185 1792 2213 Verbum

1004 2244 1076 2269 esse,
1093 2235 1165 2272 quod
1181 2236 1216 2262 ab
1229 2235 1288 2270 ipso
1303 2234 1495 2261 denuntiatum
1504 2236 1556 2263 est,
1577 2231 1791 2264 demonstratur,

1005 2284 1099 2316 utpote
1113 2280 1185 2316 quod
1207 2287 1302 2307 omnes
1315 2279 1371 2314 jam
1389 2279 1496 2307 vicerit.
1516 2277 1672 2312 quicunque
1686 2277 1720 2303 ab
1739 2276 1792 2303 ini-

1005 2324 1043 2351 tio
1069 2324 1096 2352 in
1119 2326 1191 2351 hunc
1216 2330 1304 2358 usque
1328 2322 1400 2349 diem
1424 2321 1577 2348 doctrinam
1596 2320 1682 2355 ipsius
1706 2327 1793 2355 oppu-

1004 2376 1088 2404 gnare
1107 2369 1198 2396 conati
1220 2369 1284 2400 sint,
1303 2371 1330 2395 et
1345 2375 1378 2395 ex
1402 2367 1531 2393 universo
1551 2366 1617 2392 orbe
1633 2365 1791 2392 innumera—

1003 2415 1073 2442 biles
1088 2417 1240 2441 conventus
1256 2413 1288 2440 ad
1313 2413 1435 2447 seipsum
1458 2411 1568 2439 assidue
1592 2410 1693 2440 trahat,
1715 2413 1743 2437 et
1757 2410 1792 2437 ab

1005 2461 1078 2488 omni
1092 2465 1215 2495 peccato.
1233 2460 1415 2494 omnibusque
1431 2458 1514 2485 animi
1536 2462 1563 2485 et
1578 2462 1791 2493 perturbationu-

1004 2507 1057 2534 bus
1074 2511 1101 2534 et
1116 2506 1218 2534 morbis
1239 2513 1287 2533 eos
1323 2506 1370 2541 qui
1392 2505 1424 2531 ad
1447 2512 1476 2532 sc
1491 2503 1667 2533 accesserint.
1684 2503 1791 2536 liberet,

1004 2557 1031 2579 et
1059 2552 1093 2579 ad
1119 2551 1286 2586 religiosam,
1317 2551 1444 2585 piamque
1472 2549 1624 2576 doctrinam
1653 2555 1734 2574 omne
1765 2550 1794 2575 et

1004 2597 1161 2624 Graecorum
1183 2600 1210 2623 et
1234 2596 1412 2623 barbarorum
1432 2602 1517 2630 genus
1541 2594 1647 2625 invitet,
1669 2593 1794 2620 innume—

1004 2644 1160 2677 rabilesque
1186 2642 1220 2669 ad
1243 2641 1325 2668 unius
1344 2641 1457 2675 verique
1482 2639 1528 2667 Dei
1552 2639 1745 2674 cognitionem,
1765 2642 1793 2666 et

1005 2696 1102 2717 sanum
1128 2696 1161 2716 ac
1180 2687 1350 2714 moderatum
1366 2685 1475 2713 vivendi
1492 2686 1647 2712 institutum
1663 2684 1791 2714 adducat;

1012 2733 1239 2770 quemadmodum
1256 2733 1384 2761 videlicot
1399 2741 1460 2760 cum
1485 2733 1590 2764 deceat,
1604 2732 1651 2766 qui
1671 2730 1792 2766 supremi

1006 2780 1054 2808 Dei
1072 2780 1175 2808 cultum
1199 2779 1367 2813 proﬁteatur.
1383 2778 1537 2812 Quinetiam
1562 2778 1604 2805 hic
1628 2778 1699 2805 idem
1720 2777 1791 2806 Deus

1007 2833 1109 2858 noster,
1122 2829 1252 2860 tanquam
1268 2825 1292 2852 is
1303 2825 1348 2860 qui
1361 2826 1396 2852 sit
1414 2824 1458 2852 Dei
1472 2823 1601 2855 Vel‘btll'l,
1621 2833 1629 2849 ι
1643 2823 1788 2858 judicium,

1008 2874 1107 2909 inquit,
1134 2873 1223 2901 reddit
1248 2877 1275 2900 et
1290 2872 1396 2904 reddet,
1423 2872 1480 2907 ipse
1504 2871 1593 2900 vcnict
1619 2874 1646 2898 et
1671 2870 1790 2899 servabit
