2099 3217
327 162 380 190 699

632 160 768 190 EUSEBII
784 157 1029 188 CESARIE‘NSIS
1047 156 1123 185 ΟΡΡ.
1145 156 1236 185 PARS
1255 156 1288 185 ll.
1303 172 1337 178 —
1357 144 1607 184 APOLOGEI'ICA:

1903 154 1955 181 7(ιο

329 230 391 250 nos.
409 231 420 248 ι
436 220 503 248 Nam
518 224 548 248 ut
563 226 606 248 est
626 221 654 247 in
672 220 786 255 psalmo,
810 219 858 254 qui
875 218 933 245 ait:
948 227 958 243 ι
973 217 1056 250 Deus,
1068 217 1098 251 ju

1163 215 1210 242 Διδ
1222 216 1269 242 καὶ
1278 215 1324 242 τὸν
1336 215 1430 251 καιρὸν
1441 215 1491 250 τῆς
1504 214 1654 251 παρουσιας
1665 213 1759 245 αὑτοῦ,
1770 212 1865 248 καιρὸν
1875 213 1955 239 ἀντα-

330 268 432 296 dieium
456 271 532 294 tuum
556 266 612 301 regi
636 265 670 292 da
681 265 715 297 ".
731 275 740 290 ι
769 268 853 299 utque
875 268 917 291 est
937 264 965 290 in
990 263 1115 290 doctrina

330 312 497 346 evangelica,
515 311 542 337 in
561 318 614 345 qua
639 310 705 337 illud
728 310 832 337 dictum
856 314 895 336 est
914 318 920 335 :
937 318 946 334 ι
962 308 1042 334 Pater
1060 315 1114 334 non

328 358 433 393 judicat
443 356 607 391 quempiam,
616 356 662 383 sed
669 355 889 390 omnejudicium
899 354 972 382 dedit
985 354 1053 381 Filio
1061 354 1094 384 ’°,
1102 363 1110 379 ι

330 409 440 440 accepta
461 412 476 430 a
491 403 570 430 Patre
582 403 724 437 judicandi
743 406 887 437 potestate,
900 402 965 428 dum
981 402 1055 435 juste
1068 402 1114 436 ju-

328 451 412 482 dicat,
429 450 528 485 populo
542 449 651 484 quidem
667 448 699 474 ad
712 448 948 475 circumeisionem
967 448 1111 482 spectanti,

327 504 379 531 pro
394 496 427 523 iis
440 503 501 530 quae
514 498 540 522 et
557 495 583 521 in
601 495 723 528 seipsum
736 498 762 521 et
780 495 807 520 in
819 494 965 528 prophetas
976 502 1041 520 suos
1053 494 1111 520 ausi

327 546 403 573 sunt,
419 544 557 572 meritum,
575 540 795 574 conveniensque
808 539 971 574 supplicium
988 540 1112 573 assigna-

325 587 375 619 vit,
391 594 486 613 omnes
504 590 594 612 autem
611 585 734 616 omnino,
752 585 798 619 qui
819 585 852 611 ad
871 587 959 619 ipsum
988 592 1112 610 accesse-

327 637 391 660 runt
405 633 529 659 homines
543 639 575 659 ex
593 639 671 666 aequo
687 631 831 665 utjustum
847 635 899 662 est,
916 631 1089 657 conservavit
1103 639 1110 656 :

326 686 442 714 quorum
459 678 552 712 utique
571 682 597 704 et
617 685 697 703 aures
715 681 741 703 et
764 677 859 703 oculos
877 677 975 704 mentis
992 677 1109 711 aperuit.

325 724 460 758 Quocirca
478 729 587 758 tempus
609 723 681 749 illius
700 723 841 753 adventus,
865 726 973 756 tempus
991 722 1111 749 retribu-

324 770 408 796 tionis
423 769 545 795 divinum
561 772 639 795 vocat
657 768 810 797 oraculum,
833 767 905 802 quod
926 767 953 793 in
967 767 1028 794 aliis
1046 767 1110 794 item

324 817 364 844 sic
376 817 413 843 ait
428 825 434 843 :
451 825 460 841 ‹
478 814 581 841 Vocare
591 821 693 840 annum
709 813 815 840 Domini
834 816 986 847 acceptum,
1000 817 1026 840 et
1038 813 1109 840 diem

323 862 515 890 retributionis
527 861 560 888 ".
579 870 587 885 ι
602 859 688 886 Porro
699 860 751 887 hoc
770 859 820 886 fuit
835 860 1023 886 retributionis
1039 863 1108 886 tem-

323 917 385 944 pus,
408 909 435 935 in
454 915 508 942 quo
537 907 626 934 omnis
651 906 793 941 sanguinis
818 905 907 937 eil‘usi,
933 913 948 931 a
975 905 1108 940 sanguine

322 952 401 983 Abel,
422 959 508 986 usque
532 951 565 977 ad
592 950 752 985 sanguinem
780 949 934 983 Zachariae,
960 954 987 977 et
1018 950 1107 984 ipsum

323 997 475 1032 pretiosum
498 996 659 1031 sanguinem
684 995 761 1024 Iesu.
777 996 845 1022 ultio
871 999 979 1030 sumpta
1003 1000 1056 1027 est,
1082 999 1109 1022 et

322 1043 485 1078 supplicium
509 1042 543 1069 de
561 1042 668 1068 illorum
693 1042 813 1072 natione,
840 1042 886 1076 qui
904 1042 930 1068 in
948 1042 1022 1068 illum
1045 1049 1109 1076 pec-

321 1093 462 1121 caverunt,
479 1096 565 1123 usque
579 1089 657 1119 adeo,
676 1092 706 1114 ut
720 1096 752 1115 ex
776 1089 822 1115 illo
844 1094 993 1115 extremum
1014 1088 1108 1114 inleri-

322 1139 379 1162 tum
392 1140 597 1170 extremamque
607 1137 786 1163 vastationem
801 1135 973 1169 pertulerint.
988 1134 1019 1161 Et
1033 1134 1106 1169 quod

319 1182 429 1217 quidem
451 1182 485 1209 ad
508 1182 570 1209 illos
591 1183 707 1217 pertinet
731 1181 878 1215 judicium,
901 1181 984 1207 talem
1011 1185 1106 1207 contra

320 1228 382 1255 illos
398 1228 602 1255 retributionem
624 1228 747 1254 molitum
765 1231 827 1253 est:
842 1234 873 1253 ex
893 1234 948 1260 quo
963 1226 1105 1261 prophetia

320 1273 360 1301 sic
375 1274 413 1300 ait
426 1283 432 1300 :
448 1282 456 1298 ι
473 1274 542 1300 Ecce
555 1273 625 1301 Deus
641 1277 735 1300 noster
746 1271 880 1306 judicium
900 1272 989 1298 reddit
1004 1275 1032 1298 et
1045 1271 1107 1298 red-

318 1319 374 1346 det.
393 1328 402 1344 ι
431 1311 508 1352 Quod
532 1328 596 1347 vero
619 1319 652 1346 ad
675 1319 736 1346 illos
759 1322 880 1353 spectat,
908 1319 953 1353 qui
980 1319 1106 1346 servandi

318 1369 393 1397 sunt,
410 1364 437 1392 in
461 1365 640 1400 sequentibus
656 1365 804 1395 indicalur,
829 1365 883 1391 illis
898 1365 990 1391 verbis
1004 1374 1009 1391 :
1023 1374 1032 1389 ί
1047 1365 1106 1399 Ipse

318 1410 419 1441 veniet,
436 1414 462 1437 et
477 1410 597 1437 servabit
615 1418 665 1437 nos
679 1419 686 1436 :
700 1413 765 1436 tunc
790 1409 948 1444 aperientur
962 1408 1032 1435 oculi
1051 1416 1103 1435 ca}-

317 1461 424 1485 corum,
443 1458 469 1481 et
490 1462 570 1482 aures
587 1455 732 1481 surdorum
755 1454 875 1485 audient,
895 1463 904 1479 ι
923 1457 949 1480 et
975 1461 1036 1488 qua:
1059 1461 1103 1480 se-

1166 261 1302 293 ποδόσεως
1312 263 1327 288 ὀ
1339 261 1410 293 θεῖος
1422 261 1555 287 ἀποκαλεῖ
1567 260 1655 294 λόγος,
1668 260 1697 286 ἐν
1712 259 1815 295 ἑτέροις
1829 259 1952 294 φάσκων

1169 317 1177 332 ι
1192 307 1311 333 Καλέσαι
1326 307 1446 333 ἐνιαυτὸν
1459 306 1560 342 Κυρίου
1573 306 1676 337 δεκτον,
1694 306 1741 331 καὶ
1752 305 1858 340 ἡμέραν
1871 305 1953 330 ἀντα-

1166 352 1309 383 ποδόπεως.
1329 361 1338 377 ι
1357 349 1441 382 υῦτος
1462 351 1489 377 δὲ
1508 349 1542 386 ἦν
1561 351 1657 385 καιρὸς
1673 351 1723 385 τῆς
1739 348 1951 382 ἀνταποδὸςεως,

1164 397 1211 422 καὶ
1227 397 1287 422 καθ’
1303 397 1331 422 ὃν
1349 397 1402 422 πᾶν
1426 394 1495 431 αἷμα
1518 396 1632 430 ἐκχυθὲν
1656 396 1710 422 ἀπὸ
1731 396 1846 430 αἳματος
1870 394 1949 421 Ἅϐελ

1164 442 1215 473 ἓως
1228 442 1342 477 αἵματος
1359 442 1503 477 Ζαχαρίου,
1528 442 1574 468 καὶ
1598 441 1679 467 αὑτοῦ
1696 449 1727 475 γε
1744 440 1790 466 τοῦ
1806 440 1897 475 τιμίου
1911 440 1951 466 αἶ-

1166 497 1249 523 ματος
1275 488 1372 523 Ἰησοῦ,
1391 487 1558 523 ἐκδεδίκηται
1577 487 1630 513 ἀπὸ
1651 487 1701 521 τῆς
1721 487 1816 520 γενεᾶς
1837 486 1891 512 τῶν
1913 487 1952 518 εἰς

1163 534 1244 560 αὐτον
1263 533 1544 568 πεπλημμεληκὼων,
1565 533 1603 563 ὡς
1615 533 1643 564 ἐξ
1657 532 1762 558 ἐκείνου
1779 532 1823 558 τὸν
1840 532 1950 567 ἓτλατον

1163 580 1260 610 αὐτοὺς
1279 580 1423 614 ὑπομεῖναι
1445 579 1565 613 ὄλεθρον,
1586 579 1632 604 καὶ
1648 578 1697 613 τὴν
1712 578 1829 612 ἐσχάτην
1842 578 1950 613 πολιορ-

1163 627 1236 652 κίαν.
1252 626 1305 652 Καὶ
1321 627 1337 660 ἡ
1357 626 1405 659 μὲν
1422 625 1480 651 κατ’
1493 625 1612 656 ἐκείνους
1626 624 1713 660 κρίσις
1724 624 1849 659 τοιαύτην
1859 625 1951 659 ἐποιή-

1163 682 1227 699 σατο
1245 673 1304 698 κατ’
1325 671 1412 697 αὐτῶν
1430 672 1478 706 τὴν
1498 671 1684 697 ἀνταπόδοσιν·
1699 670 1738 696 διο
1755 679 1835 705 φησιν
1852 671 1869 705 ἡ
1884 678 1949 705 προ-

1162 719 1269 753 φητεία·
1284 727 1292 742 ι
1314 718 1378 744 Ἰδοὺ
1391 719 1405 744 ο
1417 718 1482 748 Θεὸς
1495 717 1572 752 ἡμῶν
1582 717 1671 752 κρίσιν
1685 716 1879 742 ἀνταποδίᾰπι
1905 717 1950 742 καὶ

1161 763 1354 791 ἁνταττοδώσει.
1375 774 1383 788 ι
1405 764 1435 789 'H
1457 763 1485 789 δὲ
1499 763 1563 798 περὶ
1579 763 1632 788 τῶν
1648 763 1680 788 δι’
1697 762 1779 789 αὑτοῦ
1795 762 1950 797 σωθησομέ-

1161 819 1213 837 νων
1228 810 1291 844 ἑξῆς
1307 809 1433 844 δηλοῦται
1454 809 1498 835 διὰ
1514 808 1576 835 τοῦ·
1593 819 1602 833 (
1616 809 1702 840 Αὐτὸς
1719 809 1789 843 ¹ἣξει,
1806 809 1854 834 καὶ
1869 807 1949 834 σώσει

1161 858 1243 891 ἡμᾶς.
1258 857 1326 882 Τότε
1341 856 1544 891 ἀναχθήσονται
1557 855 1691 890 ὀφθαλμοὶ
1704 854 1823 889 τυφλῶν,
1836 855 1884 881 καὶ
1893 851 1951 881 ὦτα

1160 903 1259 936 κωᾳῶν
1282 902 1455 932 ἀκούσονται,
1478 911 1487 927 ι
1505 902 1551 927 καὶ
1568 901 1601 927 τὰ
1623 901 1695 935 ἑξῆς.
1721 901 1827 935 Ταύτην
1850 901 1879 926 δὲ
1900 901 1949 935 τὴν

1162 949 1294 983 σωτήριον
1321 948 1411 983 κρίτιν
1435 947 1481 973 καὶ
1507 948 1574 982 ἄλλη
1600 947 1751 982 προφητεία
1773 947 1886 978 ἐξοίσειν
1905 947 1948 973 τὸν

1160 995 1276 1030 Χριστὸν
1287 994 1483 1028 ἐπαγγέλλεται
1500 995 1650 1028 φάσκοντα
1669 1003 1677 1018 ι
1698 994 1762 1020 Ίδοίι
1779 994 1792 1019 ὁ
1805 995 1868 1025 ταῖς
1886 1002 1948 1029 μου,

1160 1041 1340 1076 ἀντιλήψομαι
1353 1041 1446 1067 αὑτοῦ·
1462 1041 1476 1066 ὁ
1495 1040 1620 1071 ἐκλεκτὸς
1633 1048 1694 1074 μου,
1709 1040 1890 1075 προσεδέξατο
1899 1040 1947 1066 αὐ-

1158 1088 1203 1113 τὸν
1215 1089 1230 1122 ἡ
1247 1088 1318 1122 ψυχή
1339 1096 1398 1122 μου·
1414 1087 1502 1122 κρίσιν
1516 1088 1572 1118 τοῖς
1586 1086 1689 1112 ἔθνεσιν
1702 1086 1808 1119 ἐξοίσει.
1826 1096 1836 1111 ι
1848 1087 1893 1113 Διὸ
1903 1086 1948 1113 καὶ

1159 1134 1224 1168 περὶ
1239 1133 1285 1158 τοῦ
1299 1133 1382 1166 λόγου
1399 1133 1448 1167 τῆς
1465 1132 1561 1167 καινῆς
1576 1131 1712 1167 Διαθήκης
1727 1132 1843 1167 εἴρηται’
1865 1141 1873 1156 ι
1902 1132 1948 1158 Ἐκ

1158 1178 1211 1213 γὰρ
1234 1178 1302 1204 Σιὼν
1327 1179 1497 1211 ἐξελεύσεται
1522 1178 1613 1213 νόμος,
1636 1178 1682 1204 καὶ
1702 1178 1780 1211 λόγος
1802 1177 1905 1212 Κυρίου
1919 1175 1948 1209 ἐξ

1163 1224 1349 1259 Ἰερουσαλὴμ,
1361 1225 1406 1250 καὶ
1419 1226 1508 1259 κρινεῖ
1520 1224 1570 1250 ἀνὰ
1585 1224 1666 1259 μέσον
1680 1224 1732 1250 τῶν
1749 1223 1843 1250 ἐθνῶν.
1856 1233 1866 1249 ι
1878 1223 1946 1257 Κρί-

1158 1279 1197 1296 σει
1214 1271 1268 1306 γὰρ
1285 1271 1345 1305 θείᾳ
1367 1271 1413 1297 καὶ
1433 1271 1521 1304 λόγοις
1544 1271 1610 1305 ἡμῖν
1625 1271 1764 1306 ἀρρήτοις,
1784 1270 1833 1296 καὶ
1846 1269 1881 1296 τὰ
1896 1269 1946 1303 τῆς

1155 1316 1276 1352 κλήσεως
1294 1317 1349 1342 τῶν
1373 1318 1414 1348 εἰς
1435 1317 1514 1343 αὑτὸν
1535 1316 1752 1351 ἐπιστρεφόντων
1773 1316 1847 1347 εἰκὸς
1865 1315 1945 1342 αὐτὸν

1154 1363 1196 1389 ἐνε
1202 1364 1286 1399 ργεῖν.
1308 1363 1387 1389 ’Δλλὰ
1404 1363 1451 1389 καὶ
1465 1363 1511 1397 τὴν
1527 1362 1601 1389 θείαν
1615 1362 1748 1389 διδάσκων
1759 1363 1834 1397 ἡμᾶς
1845 1362 1943 1397 κρίσιν,

1156 1410 1202 1435 καὶ
1216 1409 1302 1435 πάντα
1313 1409 1481 1445 κεκριμένως
1495 1409 1568 1443 ἡμᾶς
1585 1409 1713 1444 πράττειν
1727 1408 1873 1440 παιδεύων,
1883 1407 1943 1444 κρι-

1158 1463 1199 1480 σιν
1213 1456 1269 1485 τοῖς
1285 1454 1387 1480 ἔθνεσιν
1404 1454 1517 1486 ἑξοὶσειν
1533 1454 1650 1488 λέγεται.

318 1505 450 1535 quuntur.
463 1500 520 1528 Hoc
534 1509 599 1528 vero
610 1501 730 1528 salutare
745 1501 879 1535 judicium
893 1510 907 1527 a
922 1501 1032 1528 Christo
1043 1509 1104 1529 esse
1123 1502 1329 1536 proferendum,
1346 1503 1398 1528 alia
1427 1510 1535 1537 quoque
1546 1502 1690 1537 prophetia
1702 1502 1856 1533 denuntiat,
1885 1509 1945 1536 quae

318 1549 358 1575 sic
381 1549 418 1575 ait
432 1558 437 1575 ι
449 1548 531 1584 450
548 1559 557 1574 ‹
573 1549 642 1576 Ecce
658 1557 725 1583 puer
739 1557 827 1578 meus.
853 1550 1002 1584 suscipiam
1020 1558 1081 1576 eum
1097 1559 1102 1576 :
1123 1550 1226 1577 electus
1246 1558 1333 1582 meus,
1352 1551 1472 1584 suscepit
1491 1558 1553 1576 eum
1586 1550 1677 1576 anima
1700 1557 1759 1576 mea
1788 1548 1944 1583 :judicium

318 1595 445 1629 gentibus
456 1595 619 1629 proferet".
636 1605 645 1620 ι
664 1594 783 1621 Proinde
813 1595 895 1622 etiam
914 1598 947 1622 de
961 1595 1046 1622 verbo
1058 1595 1125 1622 Novi
1146 1595 1314 1623 Testamenti
1337 1596 1440 1622 dictum
1466 1599 1527 1622 est:
1546 1604 1555 1620 ι
1587 1595 1624 1622 De
1649 1594 1714 1621 Sion
1734 1585 1828 1622 exibit.
1843 1595 1895 1626 lex,
1918 1601 1945 1622 et

316 1641 429 1668 verbum
456 1641 563 1668 Domini
586 1641 619 1668 de
640 1641 802 1674 Jerusalem,
828 1646 854 1669 et
874 1642 1009 1676 judicabit
1030 1642 1101 1669 inter
1120 1649 1215 1677 gentes
1227 1644 1261 1669 ”.
1296 1652 1305 1667 ι
1323 1641 1419 1668 Divino
1434 1641 1632 1675 enimjudicio.
1665 1640 1876 1675 rationibusque
1893 1648 1944 1667 no-

316 1687 359 1714 bis
380 1688 496 1714 occultis
517 1693 599 1722 atquc
625 1688 808 1715 ineliabilibus
824 1696 854 1715 ca
870 1697 930 1723 qua:
963 1689 996 1716 ad
1018 1691 1186 1716 vocationem
1219 1689 1355 1724 pertinent
1386 1696 1492 1719 eorum,
1514 1688 1560 1723 qui
1578 1687 1611 1714 ad
1626 1687 1714 1722 ipsum
1735 1691 1943 1718 convertuntur,

315 1733 507 1762 administrare
542 1735 619 1762 illum
641 1744 689 1770 par
713 1740 765 1763 est.
800 1736 871 1769 Quin
895 1737 976 1763 etiam
1000 1736 1064 1763 dum
1087 1745 1137 1764 nos
1157 1737 1278 1763 divinum
1306 1736 1384 1763 docet
1406 1736 1551 1769 judicium,
1572 1735 1692 1770 dumque
1718 1738 1747 1762 ut
1770 1735 1861 1762 omnia
1881 1742 1944 1762 cum

312 1781 416 1816 judicio
432 1782 576 1815 faciamus,
595 1783 724 1816 instituit,
735 1784 868 1818 judicium
885 1784 1011 1819 gentibus
1031 1784 1132 1811 dicitur
1147 1784 1310 1819 prolaturus.

349 1841 388 1866 Ab
398 1841 497 1868 eodem.
513 1857 547 1861 —
558 1841 596 1868 De
609 1843 691 1878 signis
708 1848 731 1869 ct
752 1843 881 1877 prodigiis
899 1852 956 1878 qum
971 1843 1064 1870 edidit.

352 1939 362 1955 ι
377 1929 455 1958 Tunc
474 1931 612 1959 manifesti
629 1937 709 1959 erunt
724 1932 770 1967 qui
788 1932 898 1968 signant
921 1937 948 1961 et
969 1932 1102 1960 claudunt

313 1974 412 2010 legem,
425 1983 459 2002 ne
470 1976 587 2003 discant.
604 1976 716 2004 Etdicet
730 1986 737 2004 :
755 1977 926 2014 Exspectabo
945 1978 1041 2008 Deum,
1053 1978 1099 2012 qui

299 2021 414 2047 .avertit
437 2020 534 2049 faciem
554 2024 631 2049 su’am
657 2031 672 2049 a
689 2024 770 2050 domo
795 2023 889 2057 Jacob,
915 2029 941 2051 et
960 2024 1100 2051 conlidens

312 2074 361 2094 ero
378 2068 405 2094 in
428 2068 498 2102 ipso.
524 2068 595 2096 Ecce
614 2077 664 2104 ego
687 2075 714 2097 et
737 2072 824 2105 pueri,
841 2079 910 2106 quos
936 2071 1000 2097 mihi
1025 2071 1100 2098 dedit

312 2113 394 2141 Deus.
419 2113 450 2140 Et
465 2119 546 2142 erunt
569 2115 646 2150 signa
669 2120 695 2143 et
719 2117 842 2152 prodigia
867 2118 894 2145 in
909 2117 992 2145 lsrael
1007 2125 1022 2144 a
1046 2117 1100 2144 Do-

312 2159 387 2186 mino
409 2158 541 2192 Sabaoth,
568 2161 612 2196 qui
637 2162 740 2189 habitat
754 2163 780 2190 in
801 2167 892 2191 monte
916 2163 1004 2189 Sion:
1025 2167 1052 2190 et
1075 2162 1099 2189 si

311 2205 432 2232 dixerint
447 2206 482 2233 ad
496 2214 555 2238 vos,
571 2208 685 2242 quierite
704 2207 854 2244 Pythonas,
877 2212 905 2235 et
926 2216 985 2240 eos,
1003 2209 1049 2243 qui
1065 2209 1099 2235 de

311 2254 384 2278 terra
408 2258 490 2278 voces
511 2252 606 2284 edunt,
624 2253 671 2287 qui
693 2254 786 2280 inania
808 2254 969 2288 loquuntur,
993 2255 1041 2289 qui
1064 2254 1098 2281 de

310 2300 406 2324 ventre
420 2304 501 2325 voces
517 2298 657 2325 emittunt.
681 2298 741 2326 Non
761 2307 827 2334 gens
847 2299 881 2327 ad
899 2299 983 2327 Deum
1000 2300 1098 2328 suum?

310 2342 377 2376 quid
399 2342 549 2377 exquirunt
569 2343 604 2371 de
631 2344 787 2372 viventibus
816 2352 831 2371 a
856 2346 992 2373 mortuis?
1011 2346 1095 2382 legem

309 2388 383 2415 enim
394 2388 420 2415 in
441 2389 572 2416 auxilium
588 2389 663 2417 dedit
673 2390 707 2417 νδ.
724 2400 733 2415 ι
747 2390 849 2418 Paulus
863 2391 972 2426 quidem
987 2396 1097 2428 aposto—

311 2434 355 2463 lus
370 2435 396 2462 in
413 2435 530 2470 epistola
544 2436 577 2463 ad
591 2435 732 2469 Hebraeos,
745 2437 835 2465 citans
854 2438 937 2473 hujus
951 2438 1003 2465 loci
1015 2440 1096 2466 verba

311 2480 357 2507 illa
373 2490 381 2508 :
400 2490 408 2506 ι
426 2480 495 2508 Ecce
508 2489 558 2517 ego
572 2486 599 2509 et
617 2483 704 2517 pueri,
722 2491 791 2518 quos
810 2483 885 2511 dedit
904 2484 970 2511 mihi
984 2484 1092 2512 Deuszn

1115 1848 1135 1874 ο
1159 1842 1223 1869 Ἀπὸ
1240 1841 1293 1868 τοῦ
1306 1842 1408 1868 αίστςῦ.
1437 1856 1470 1881 ἶ
1482 1840 1550 1873 Περὶ
1574 1839 1780 1881 τῶι-,σημείων
1795 1838 1843 1865 καὶ
1860 1837 1943 1872 τερά-

1367 1886 1435 1908 των,
1451 1873 1494 1902 ὧν
1506 1874 1730 1912 κατειργάσατο.

1219 1933 1285 1960 Τότε
1295 1933 1407 1969 φανεροὶ
1419 1932 1526 1959 ἔσονται
1535 1932 1560 1958 οἱ
1574 1929 1785 1967 σφραγιζόμενοι
1795 1929 1842 1956 τὸν
1850 1928 1943 1965 νόμον,

1153 1979 1200 2006 τοῦ
1219 1979 1255 2015 μὴ
1273 1979 1376 2015 μαθεῖν.
1402 1979 1457 2005 Καὶ
1478 1979 1550 2014 ἐρεῖ·
1566 1977 1647 2004 Μενῶ
1663 1976 1708 2002 τὸν
1724 1975 1800 2008 Θεὸν,
1815 1975 1862 2002 τὸν
1876 1976 1945 2002 ἀπο-

1155 2026 1306 2061 στρέψαντα
1316 2025 1345 2051 τὸ
1359 2024 1502 2060 πρόσωπον
1517 2023 1599 2049 αὐτοῦ
1616 2023 1670 2049 ἀπὸ
1683 2021 1730 2048 τοῦ
1742 2022 1817 2047 οἴκου
1833 2020 1942 2053 Ἰακὼϐ,

1153 2072 1200 2098 καὶ
1211 2071 1347 2102 πεποιθὼς
1359 2070 1455 2105 ἔσομαι
1468 2070 1511 2096 ἐπ’
1522 2068 1606 2104 αὐτῷ.
1624 2068 1690 2094 Ἰδοὺ
1699 2067 1763 2101 ἐγὼ,
1779 2067 1825 2093 καὶ
1836 2067 1871 2094 τὰ
1882 2075 1944 2093 παι-

1152 2118 1197 2144 δία
1210 2118 1228 2144 ἆ
1244 2126 1287 2152 μοι
1298 2116 1396 2143 ἔδωκεν
1405 2116 1419 2142 ὁ
1430 2116 1506 2147 Θεός.
1518 2115 1573 2142 Καὶ
1584 2114 1660 2140 ἔσται
1671 2115 1770 2149 σημεῖα
1783 2114 1830 2140 καὶ
1841 2113 1943 2148 τέρατα

1152 2165 1181 2190 ὲν
1195 2164 1234 2199 τῷ
1253 2162 1358 2199 Ἰσραὴλ
1377 2162 1452 2198 παρὰ
1466 2161 1567 2197 Κυρίου
1584 2159 1697 2187 Σαϐαὼθ
1708 2180 1715 2191 ,
1731 2159 1760 2190 ὃς
1774 2160 1899 2185 κατοικεῖ
1913 2159 1943 2184 ἐν

1152 2210 1191 2246 τῷ
1205 2211 1262 2247 δρει
1282 2209 1359 2236 Σιών·
1380 2209 1426 2235 καὶ
1442 2208 1489 2235 ἐὰν
1507 2208 1604 2234 εῐπωσι
1621 2207 1689 2243 πρὸς
1704 2206 1784 2241 ὑμᾶς·
1802 2207 1941 2241 Ζητήςατε

1151 2257 1215 2288 τοὺς
1228 2254 1472 2291 ἐγγαστριμύθους,
1492 2254 1539 2280 καὶ
1555 2254 1618 2284 τοὺς
1634 2252 1688 2279 ἀπὸ
1705 2253 1756 2287 γῆς
1776 2252 1940 2286 φωνοῦντας,

1151 2302 1215 2333 τοὺς
1230 2300 1446 2335 κενολογοῦντας,
1460 2300 1485 2326 οἳ
1498 2301 1530 2326 ἐκ
1539 2300 1588 2334 τῆς
1604 2299 1706 2330 κοιλίας
1723 2298 1868 2333 φωνοῦσιν.
1884 2299 1941 2325 Οὐκ

1150 2347 1226 2378 ἔθνος
1243 2347 1311 2383 πρὸς
1322 2346 1388 2373 Θεὸν
1405 2345 1505 2378 αὐτοῦ;
1522 2345 1549 2372 τί
1564 2344 1708 2381 ὲκζητοῦσι
1727 2344 1858 2379 περὶτῶν
1874 2343 1938 2376 ζών-

1149 2402 1204 2420 των
1216 2394 1279 2425 τοὺς
1293 2393 1420 2429 νεκρούς;
1439 2392 1520 2428 νόμον
1536 2391 1591 2427 γὰρ
1607 2392 1647 2423 εἰς
1663 2390 1788 2426 βοήθειαν
1802 2390 1910 2417 ἔδωκεν.
1928 2399 1938 2415 ι

1157 2439 1201 2465 Ἐν
1220 2441 1253 2475 τῇ
1277 2439 1345 2475 πρὸς
1367 2438 1509 2475 Ἐϐραίους
1526 2437 1653 2473 ἐπιστολῇ
1677 2437 1810 2472 παραθεὶς
1826 2437 1841 2463 ὁ
1859 2436 1937 2463 Ἀπό-

1151 2485 1243 2517 στολος
1256 2485 1305 2521 τὴν
1319 2485 1475 2519 φάσκουσαν
1487 2484 1569 2517 λέξιν·
1585 2493 1594 2509 ι
1615 2483 1680 2510 Ἰδοὺ
1692 2482 1757 2517 ἐγὼ,
1773 2483 1819 2509 καὶ
1831 2482 1866 2509 τὰ
1878 2491 1941 2509 παι-

310 2528 469 2562 exsequitur
499 2529 717 2564 explanationem
750 2530 785 2558 de
812 2530 943 2562 Christo,
968 2531 1063 2558 dicens
1086 2540 1093 2558 :

1152 2531 1188 2558 ῖία
1205 2532 1222 2558 ἆ
1242 2540 1287 2567 μοι
1305 2531 1404 2557 ἔδωκεν
1423 2531 1437 2556 ὁ
1458 2530 1534 2562 Θεὸς,
1554 2540 1563 2555 ι
1582 2529 1793 2565 ὲπεξεργάζεται
1809 2529 1873 2564 περὶ
1892 2528 1940 2555 τοῦ

314 2581 323 2598 ι
337 2571 406 2605 Quia
426 2582 491 2608 ergo
513 2575 589 2609 pueri
605 2576 877 2603 communicaverunt
897 2577 973 2604 carni
989 2580 1016 2604 et
1032 2584 1098 2604 san-

310 2618 397 2653 guini,
419 2625 445 2647 et
463 2620 522 2655 ipse
537 2621 663 2648 similiter
679 2622 852 2658 participavit
873 2623 988 2655 eisdem,
1006 2627 1035 2649 ut
1048 2630 1098 2657 per

267 2664 275 2672 ‘
312 2669 426 2692 mortem
442 2667 593 2695 destrueret
602 2676 664 2695 eum
677 2669 722 2703 qui
737 2669 850 2695 habebat
864 2670 1009 2704 imperium
1023 2676 1097 2696 mor-

311 2711 346 2738 tis
358 2711 390 2739 ³⁸.
412 2721 422 2737 ι
441 2711 544 2740 Pueros
565 2718 656 2741 autem
680 2722 745 2742 suos
760 2715 813 2742 hoc
831 2715 858 2742 in
881 2716 941 2743 loco
957 2716 1096 2751 apostolos

311 2757 443 2790 muninat,
467 2766 515 2793 per
530 2767 599 2793 quos
619 2758 764 2787 Dominum
785 2760 905 2789 Sabaoth
921 2762 968 2796 qui
991 2762 1097 2789 habitat

348 2867 370 2883 "
389 2865 461 2895 Psal.
478 2876 556 2900 Lxxl,
574 2869 601 2895 2.

341 2870 556 2909 ."_APS:Il..-L_XIX_I,
574 2870 601 2895 2.
650 2871 678 2909 _"_’
697 2870 776 2899 Joan.
796 2879 829 2909 ι’,
845 2874 890 2901 22.

314 2902 407 2930 15—l9.

446 2903 468 2918 "
490 2903 571 2932 llebr.
591 2912 626 2937 ll,
648 2904 689 2932 ll.

943 2875 965 2891 "
987 2875 1038 2903 lsa.
1058 2882 1119 2909 ut,
1135 2875 1162 2903 2.

1151 2578 1270 2614 Χριστοῦ
1283 2578 1379 2612 λέγων·
1398 2587 1408 2602 ι
1432 2577 1509 2603 Ἐπεὶ
1522 2574 1568 2603 οὖν
1585 2575 1620 2602 τὰ
1634 2575 1726 2601 παιδία
1741 2575 1940 2609 κεκοινώνηκεν

1146 2625 1263 2660 αἳματος
1272 2625 1320 2650 καὶ
1329 2624 1440 2659 σαρκὸς,
1455 2624 1502 2650 καὶ
1517 2623 1597 2655 αὐτὸς
1610 2621 1809 2657 παραπλησίως
1823 2622 1939 2657 μετέσχε

1145 2670 1199 2697 τῶν
1216 2670 1314 2702 αὐτῶν,
1338 2665 1448 2696 ἴνα’διὰ
1468 2669 1514 2695 τοῦ
1533 2668 1647 2696 Θανάτου
1665 2669 1827 2704 καταργήσῃ
1846 2668 1892 2693 τὸν
1908 2666 1939 2693 τὸ

1146 2717 1247 2752 κράτος
1271 2717 1367 2752 ἔχοντα
1389 2716 1436 2743 τοῦ
1459 2716 1585 2743 θανάτου.
1606 2725 1615 2741 ι
1631 2715 1734 2746 Παῖδας
1753 2714 1782 2741 δὲ
1802 2713 1886 2741 αὑτοῦ
1908 2714 1938 2739 ὲν

1145 2762 1249 2794 τούτοις
1259 2763 1322 2794 τοὺς
1339 2762 1504 2794 ἀποστόλους
1516 2761 1652 2797 ὀνομάζει,
1665 2761 1708 2796 ἐφ’
1718 2757 1756 2787 ὧν
1772 2761 1875 2796 σημεῖα
1891 2758 1937 2786 καὶ

1214 2876 1237 2893 ⁸·
1258 2875 1309 2903 lsa.
1326 2883 1380 2903 χιιι
1393 2896 1400 2909 ,
1420 2876 1444 2904 l.
1494 2875 1517 2891 "
1537 2875 1590 2903 Isa.
1607 2882 1644 2907 ιι,
1660 2874 1717 2908 5,4.
1755 2875 1777 2893 "
1796 2873 1849 2902 lea.
1866 2880 1934 2906 vni,
