2099 3217
166 142 215 171 ’101

614 139 939 169 DEMONSTMTIONIS
964 137 1195 166 EVANGELICAE
1212 136 1278 166 LIB.
1296 136 1343 169 IX.

1731 137 1783 167 702

164 203 265 238 τέρατα
278 202 307 229 ὲν
320 201 358 238 τῷ
373 201 439 236 οἴκῳ
459 201 565 237 Ἰσραὴλ
582 201 703 236 ποιήσειν
720 200 765 226 τὸν
780 199 881 235 Κύριον
896 200 944 226 Σα-

1012 207 1029 225 n
1046 203 1137 225 monte
1162 196 1238 227 Sion,
1256 197 1332 231 signa
1352 199 1379 223 et
1400 195 1523 230 prodigia
1547 195 1574 222 in
1593 194 1677 221 ’ἀοιηο
1698 195 1781 222 Israel

165 248 250 280 ἧαὼθ,
268 248 313 275 τὸν
335 247 512 274 κατοικοῦντα
535 247 563 272 ἐν
582 246 620 281 τῷ
645 246 703 281 ὄρει
720 245 799 276 Σιὼν,
818 244 947 271 διδάσκει“

164 293 276 326 τούτους
289 294 317 320 δὲ
331 294 428 324 αὐτοὺς
443 292 574 327 φανεροὺς
589 291 695 318 ἔσεσθαι
709 291 828 326 συνήθως
839 292 904 326 ἡμῖν
916 290 950 316 τὰ

144 355 148 358 ·
164 340 299 376 πρόσωπα
318 338 550 374 σφραγεζομένους
566 339 599 373 τῇ
615 337 661 363 τοῦ
677 336 795 372 Χριστοῦ
813 336 948 372 σφραγῖδι,

164 386 375 421 παιδευομένους
390 393 419 412 τε
434 382 530 420 μηκέτι
542 385 586 410 τὸν
602 384 739 415 Μωῡσέως
750 383 830 418 νόμον
850 382 950 418 μανθά-

163 442 231 464 νειν,
246 432 285 468 τῷ
301 432 399 468 μηκέτι
412 431 570 457 συνεστάναι
586 430 675 461 αὑτὸν,
689 430 734 455 καί
746 429 784 464 τῷ
798 429 843 455 τὸν
854 428 951 455 καλού-

166 487 247 514 μενον
271 476 343 505 οἷκον
376 476 472 504 Ἰακὼϐ
496 475 700 510 καταλελεῖφθαι
727 475 779 501 ὑπὸ
797 474 843 501 τοῦ
870 474 948 500 Θεοῦ·

164 523 277 559 ἀσαφῶς
288 524 316 551 δὲ
330 523 404 559 παρὰ
418 525 472 555 τοῖς
487 523 682 557 Ἑϐδομήκοντα
694 521 846 557 εἰρημένον·
863 530 871 545 ι
884 521 949 547 Τότε

165 570 279 605 φανεροὶ
299 570 405 596 ἔσονται
420 570 444 596 ot
460 569 668 605 σφραγιζόμενοι
687 567 732 593 τὸν
751 567 832 602 νόμον
847 566 893 592 τοῦ
913 566 949 602 μὴ

167 616 273 651 μαθεῖν.
295 615 350 642 Καὶ
368 616 434 650 ἐρεῖ·
449 614 530 641 Μενῶ
543 614 587 641 τὸν
601 614 665 640 Θεὸν
683 614 727 640 τὸν
742 612 950 648 ἀποστρέψαντα

164 662 195 688 τὸ
207 661 349 697 πρόσωπον
358 659 437 687 αὐτοῦ
450 660 503 689 ὰπὸ
512 660 556 686 τοῦ
565 660 638 687 οἴκου
647 658 752 690 Ἰακὼϐ,
763 658 808 685 καὶ
816 656 950 688 πεποιθὼς

165 707 262 741 ἔσομαι
275 708 316 733 ἐπ’
327 706 408 742 αὐτῷ.
426 715 435 731 ι
453 706 619 741 Σαφέστερον
636 706 649 731 6
665 705 809 740 Σύμμαχος
822 703 950 735 ἐξέδωκεν

164 752 260 780 εἰπών·
282 763 291 779 ‹
307 754 391 788 Δῆσον
413 752 568 789 μαρτύριον,
591 752 737 787 σφράγισον
756 751 835 786 νόμον
852 751 879 777 ὲν
895 751 950 781 τοῖς

162 798 329 834 διατάγμασί
356 807 416 833 μου.
444 798 498 824 Καὶ
517 797 692 832 προσδοκήσω
711 796 755 822 τὸν
779 796 879 832 Κύριον
904 795 949 821 τὸν

163 844 299 879 κρυῦόντα
315 844 344 871 τὸ
360 844 504 880 πρόσωπον
519 843 600 869 αὐτοῦ
614 843 668 869 ἀπὸ
686 842 732 868 τοῦ
748 842 822 869 οἴκου
843 841 948 875 Ἰακὼϐ,

163 891 212 917 καὶ
232 890 357 926 ἀναμενῶ
376 889 465 916 αὐτόν.
483 899 492 914 ι
509 890 563 915 Καὶ
581 889 595 914 ὁ
620 888 734 919 Ἀκύλας
747 887 774 914 δὲ
790 887 883 914 τοῦτον
903 888 949 914 καὶ

162 936 247 968 αὐτὸς
271 936 384 969 ἐξέδωκε
406 935 451 962 τὸν
474 935 587 971 τρόπον·
611 944 619 960 ι
638 934 767 969 Ἕνδησον
792 933 948 969 μαρτύριον,

163 983 315 1019 σφράγισον
328 982 409 1018 νόμον
423 982 452 1008 ἐν
469 981 603 1012 διδακτοῖς
621 990 683 1016 μου,
709 980 755 1006 καὶ
769 979 949 1015 προσδεξομαι

161 1029 208 1055 τὸν
230 1028 296 1055 Θεὸν
316 1028 361 1054 τὸν
377 1027 565 1064 ἀποκρυϐόντα
583 1027 613 1052 τὸ
636 1026 779 1061 πρόσωπον
799 1024 880 1051 αὐτοῦ
896 1024 949 1050 ἀπὸ

161 1074 209 1101 τοῦ
225 1074 300 1101 οἴκου
320 1072 427 1104 Ἰακὼϐ,
443 1073 489 1098 καὶ
503 1071 630 1106 ὑπομενῶ
643 1071 733 1098 αὐτόν.
747 1080 755 1096 ι
769 1070 861 1097 Ταῦτα
871 1070 892 1096 δ’
903 1068 949 1096 οὖν

160 1121 186 1147 οί
205 1120 252 1147 τοῦ
269 1120 393 1156 Σωτῆρος
408 1119 486 1154 ἡμῶν
504 1117 646 1144 ἀπόστολοι
662 1117 830 1144 διδάσκονται
852 1117 947 1147 ποιεῖν,

161 1164 203 1197 οἷς
223 1166 288 1200 ἑξῆς
309 1165 438 1199 ἐπιλέγει·
455 1174 464 1190 ι
488 1164 552 1190 Ἰδοὺ
569 1163 623 1197 ἐγὼ
639 1163 685 1190 καὶ
699 1162 732 1190 τὰ
752 1163 856 1194 παιδία,
873 1162 889 1188 ἃ
905 1170 949 1196 μοι

161 1212 262 1238 ἔδωκεν
277 1212 291 1238 6
308 1211 382 1243 Θεός.
399 1211 454 1238 Καὶ
473 1210 547 1236 ἔσται
565 1210 605 1241 είς
623 1210 722 1248 σημεῖα
738 1208 785 1235 καὶ
799 1208 901 1243 τέρατα
921 1207 949 1233 ἐν

160 1257 200 1293 τῷ
217 1257 325 1293 Ἰσραὴλ
337 1257 410 1292 παρὰ
421 1256 521 1292 Κυρίου
531 1254 654 1282 Σαϐαὼθ.
669 1265 678 1280 ι
698 1255 725 1281 ’0
733 1254 779 1280 τοῦ
788 1253 854 1279 Θεοῦ
865 1254 950 1287 Λόγος

161 1305 190 1331 ἐν
202 1300 224 1337 ᾧ
239 1303 380 1338 ἀνείληφεν
396 1302 538 1338 ἀνθρώπῳ,
558 1302 605 1328 κα).
619 1301 668 1333 τὰς
682 1299 822 1336 διατριϐὰς
839 1307 951 1334 πεποιη-

162 1349 242 1386 μένος
258 1349 286 1375 ὲν
303 1348 342 1383 τῷ
363 1347 420 1383 δρει
436 1347 515 1379 Σιὼν,
542 1347 643 1382 σημεῖά
660 1355 691 1372 τε
714 1346 762 1372 καὶ
779 1345 879 1380 τέρατα
893 1344 950 1370 δια-

160 1393 345 1430 πραξάμενος,
361 1392 427 1428 δμοῦ
439 1394 494 1424 τοῖς
507 1392 588 1418 αὑτοῦ
601 1391 742 1427 μαθηταῖς,
758 1391 804 1416 καὶ
817 1391 882 1416 πᾶσι
895 1391 949 1421 τοῖς

161 1441 203 1470 εἰς
216 1439 296 1466 αὐτὸν
310 1438 519 1465 πεπιστευκόσιν
539 1437 567 1470 ἐξ
585 1437 710 1464 ἁπάντων
725 1436 778 1462 τῶν
794 1436 856 1470 πρὶν
875 1435 951 1461 εἰδω-

159 1486 298 1521 λολατρῶν
318 1484 533 1520 παρακελεύεται
552 1483 646 1519 μηκέτι
668 1482 781 1508 δεδιέναι
805 1481 874 1508 κατὰ
896 1490 949 1516 μη-

159 1532 223 1558 δένα
243 1531 344 1567 τρόπον
363 1531 410 1566 τὴν
433 1529 614 1564 δεισιδαίμονα
641 1529 762 1563 πλάνην·
784 1527 839 1554 ἀλλ’
861 1527 884 1553 εί
902 1527 949 1553 καὶ
963 1540 983 1567 c

161 1575 375 1612 παρασαλεὺοιεν
388 1575 496 1605 αὐτοὺς,
510 1574 526 1609 ἢ
538 1573 585 1600 καὶ
597 1572 774 1607 ἁναγκάζοιεν
787 1572 811 1598 οἱ
822 1571 851 1605 ἐξ
865 1571 947 1597 ἐθνῶν

160 1619 351 1655 εἰδωλολάτραι
374 1619 464 1654 ζητεῖν
489 1619 550 1649 τοὺς
574 1617 823 1652 ἐγγαστριμύθους,
849 1616 895 1642 καὶ
914 1615 948 1643 τὰ

159 1666 214 1693 τῶν
229 1665 363 1701 δαιμόνων
384 1666 495 1701 μαντεῖα
511 1664 549 1694 ὼς
566 1663 713 1699 θαυμάσια,
734 1663 779 1689 καὶ
796 1663 855 1689 κατ’
873 1661 948 1688 οὐδὲν

158 1712 288 1739 λείποντα
301 1711 351 1746 τῆς
364 1711 416 1737 τῶν
431 1709 510 1736 θείων
524 1710 570 1736 καὶ
583 1709 713 1743 θεοφιλῶν
727 1709 830 1744 ἀνδρῶν
845 1716 948 1744 προφη-

159 1757 240 1792 τικῆς
253 1757 368 1791 διαίτης,
391 1757 489 1786 αὐτοὺς
502 1755 556 1782 δεῖν
572 1755 766 1791 ἀποκρίνεσθαι
789 1754 836 1780 καὶ
859 1753 948 1787 λέγειν

158 1802 289 1829 διδάσκει·
311 1811 319 1826 ι
341 1801 373 1827 Ti
393 1800 536 1836 ὲκζητοῦσι
551 1800 614 1835 περὶ
628 1800 682 1826 τῶν
699 1799 805 1832 ζώντων
824 1799 887 1830 τους
903 1807 947 1824 νε-

159 1849 261 1883 κρούς;
277 1847 357 1883 νόμον
373 1847 424 1882 γὰρ
438 1848 476 1878 εἰς
490 1845 615 1881 βοήθειαν
630 1845 741 1877 δέδωκε,
757 1855 766 1870 ι
780 1846 826 1871 καὶ
841 1844 874 1871 τὰ
888 1844 948 1871 τού-

157 1901 216 1924 τοις
231 1892 372 1919 ἀκόλουθα.
391 1892 459 1924 Τοὺς
477 1891 531 1927 γὰρ
548 1891 619 1923 ἅπαξ
637 1890 718 1925 νόμον
740 1889 883 1925 εἰληφότας
901 1890 948 1916 καὶ

161 1937 313 1972 σωτηρίους
336 1936 445 1967 ἐντολὰς
469 1937 514 1962 ἐπὶ
541 1935 652 1971 βοηθείᾳ
675 1935 722 1961 καὶ
746 1934 878 1970 θεραπείᾳ.
901 1934 947 1960 τοῦ

159 1982 225 2009 ἰδίου
242 1982 300 2017 βίου
315 1982 440 2018 περιττὸν
457 1981 585 2016 μαντείας
600 1980 836 2015 πολυπραγμονεῖν
848 1979 891 2006 διὰ
900 1980 948 2015 τῆς

157 2028 320 2064 δαιμονικῆς
334 2027 441 2063 ἀπάτης
457 2027 665 2064 ὲνεργουμένας.

165 2174 233 2201 Ἀπὸ
250 2174 302 2201 τοῦ
316 2174 419 2201 αὑτοῦ.
435 2189 470 2194 -—-
484 2174 552 2208 Περὶ
570 2175 622 2201 τοῦ
636 2174 679 2209 μὴ
694 2175 843 2209 φανητιᾷν
859 2175 893 2202 ἐν
910 2175 948 2208 τῷ

321 2209 566 2243 παραδοξοποιεῖν
584 2210 638 2236 τὸν
652 2210 789 2243 Χριστόν.

197 2264 206 2281 ι
229 2254 326 2283 Ἴακὼὸ
340 2256 354 2282 6
368 2257 432 2287 παῖς
444 2264 504 2291 μου,
519 2255 697 2290 ἀντιλήψομαι
707 2255 800 2282 αὑτοῦ·
814 2256 921 2292 Ἰσραὴλ
932 2256 948 2282 6

157 2302 287 2334 ἐκλεκτός
301 2310 362 2337 μου,
379 2302 556 2338 προσεδέξατο
571 2301 651 2328 αὑτὸν
665 2301 762 2338 ἡψυχὴ
776 2310 836 2337 μου.
849 2302 947 2338 Κρίσιν

156 2349 214 2380 τοῖς
228 2347 331 2375 ἔθνεσιν
345 2348 453 2381 ἐξοίσει,
465 2348 495 2374 οὐ
509 2348 682 2384 κεκράξεται,
695 2348 755 2374 οὐδὲ
769 2349 874 2384 ἀνήσει,
886 2348 946 2375 οὐδὲ

157 2393 356 2429 ἀκουσθήσεται
368 2393 445 2429 ἔξωή
458 2394 533 2429 φωνὴ
544 2394 638 2428 αὑτοῦ.
652 2394 780 2429 Κάλαμον
791 2402 947 2430 συντετριμ-

159 2440 240 2475 μένον
252 2440 282 2466 οὺ
298 2439 433 2472 κατεάξει,
450 2440 496 2466 καὶ
507 2439 578 2466 λίνον
590 2440 785 2475 καπνιζόμενον
800 2440 829 2467 οὐ
844 2440 945 2472 σϐέσει,

158 2486 216 2512 ἀλλ’
233 2486 274 2517 εἰς
290 2485 416 2521 ἀλήθειαν
433 2484 531 2517 ἐξοίσει
546 2485 646 2521 κρίσιν.
673 2485 838 2520 Ἀναλάμψει
854 2485 901 2512 καὶ
915 2486 945 2512 οὐ

157 2530 370 2566 θραυσθήσεται,
382 2531 435 2563 ἓως
447 2531 480 2558 ἂν
500 2531 532 2567 θῇ
546 2531 592 2557 ἐπὶ
603 2531 655 2566 γῆς
671 2530 771 2567 κρίσιν,
787 2532 833 2558 καὶ
849 2531 895 2558 ἐπὶ
907 2531 946 2567 τῷ

156 2575 270 2611 ὀνόματι
285 2575 368 2602 αὑτοῦ
386 2576 448 2612 ἔθνη
467 2576 615 2604 ἐλπιοῦσιν.
638 2577 716 2604 Οὖτω
730 2577 803 2612 λέγει
818 2578 918 2613 Κύριος
932 2580 946 2605 ὁ

156 2621 234 2654 Θεὸς,
248 2622 263 2648 ὀ
277 2622 390 2657 ποιήσας
404 2622 449 2649 τὸν
460 2623 581 2658 οὐρανὸν,
596 2623 643 2649 καὶ
657 2623 744 2659 πήξας
755 2623 844 2656 αὐτὸν,
859 2625 873 2650 6
886 2633 946 2651 στε-

158 2667 266 2703 ρεὼσας
284 2667 333 2703 τὴν
355 2668 406 2703 γῆν
433 2668 482 2695 καὶ
498 2668 533 2695 τὰ
556 2670 584 2695 ὲν
602 2669 681 2704 αὐτῇ,
698 2670 745 2696 καὶ
760 2669 847 2701 διδοὺς
862 2670 946 2705 πνοὴν

155 2712 196 2747 τῷ
209 2712 268 2748 λαῷ
281 2713 320 2748 τῷ
337 2715 380 2740 ἐπ’
392 2714 486 2749 αὐτῆς,
500 2714 547 2741 καὶ
560 2714 667 2750 πνεῦμα
683 2716 739 2746 τοῖς
754 2715 883 2742 πατοῦσιν
898 2716 946 2742 αὑ-

156 2760 214 2795 ¹τήν.
239 2759 310 2793 Ἐγὼ
328 2760 429 2796 Κύριος
444 2762 459 2787 6
473 2761 538 2793 Θεὸς
553 2761 670 2788 ὲκάλεσά
684 2770 714 2787 σε
724 2762 762 2788 ’ὲν
777 2761 944 2798 δικαιοσύνῃ,

157 2806 205 2832 καὶ
225 2806 356 2840 κρατήσω
378 2805 427 2841 τῆς
446 2807 535 2842 χειρός
551 2815 608 2838 σου,
629 2807 675 2834 καὶ
691 2806 824 2842 ὲνισχύσω
842 2815 882 2840 σε,
899 2808 945 2834 καὶ

157 2850 247 2878 ἔδωκά
260 2859 289 2877 σε
301 2852 341 2883 εἰς
352 2851 482 2887 διαθήκην
495 2853 597 2887 γένους,
618 2853 658 2884 είς
668 2853 724 2887 φῶς
735 2852 829 2886 ἐθνῶν,
842 2852 943 2886 ἀνοῖξαι

1000 244 1135 270 editurum
1170 242 1293 274 indicat,
1324 240 1490 275 eosdemque
1518 239 1576 268 fore
1604 240 1782 272 manifestos,

999 288 1063 315 dum
1090 295 1165 314 more
1187 290 1282 313 nostro
1309 285 1400 313 vultus
1422 284 1524 313 Christi
1549 285 1649 312 annulo
1670 286 1785 321 impres-

1000 341 1046 360 sos
1074 335 1101 359 et
1129 332 1249 366 signatos
1270 333 1382 365 gerent,
1406 330 1643 365 monebunturque
1667 338 1702 358 ne
1725 338 1784 358 am-

1001 379 1072 414 plius
1101 377 1184 405 Mosis
1214 377 1298 412 legem
1332 377 1459 407 discant,
1499 377 1597 412 quippe
1631 384 1691 411 qua}
1723 385 1783 404 am-

1001 426 1074 461 plius
1093 432 1147 451 non
1178 423 1333 455 consistat,
1365 430 1398 450 e0
1417 422 1491 458 quod
1515 431 1575 458 quae
1604 427 1717 451 vocatur
1739 423 1785 451 do-

1002 478 1062 497 mus
1085 469 1187 500 Jacob,
1218 476 1233 495 a
1263 467 1316 494 Deo
1342 468 1438 495 relicta
1471 469 1516 495 sil.
1545 467 1613 495 Cum
1641 477 1707 496 vero
1733 469 1783 496 ob-

1001 515 1110 543 scurius
1123 514 1194 550 apud
1210 513 1279 540 LXX
1295 513 1397 540 dictmn
1414 513 1450 540 sit
1471 513 1535 541 illud
1552 523 1558 541 :
1578 524 1586 540 ι
1602 513 1678 541 Tunc
1695 515 1785 542 mani-

1000 561 1062 588 festi
1071 565 1151 587 erunt
1162 560 1206 594 qui
1225 559 1334 594 signant
1347 562 1373 586 et
1384 559 1514 586 claudunt
1524 559 1609 594 legem
1621 567 1654 586 ne
1665 559 1782 587 discant.

1001 604 1079 640 451
1097 603 1129 630 Et
1147 604 1238 630 dicet:
1261 603 1431 638 Exspectabo
1451 602 1535 630 Deum
1555 605 1602 638 qui
1623 605 1719 632 avertit
1740 604 1783 631 fa-

1000 650 1069 676 ciem
1085 657 1160 676 suam
1175 657 1188 675 a
1204 649 1284 676 domo
1298 648 1398 680 Jacob,
1416 652 1442 676 et
1456 649 1595 677 conlidens
1608 657 1654 677 ero
1668 650 1696 677 in
1709 658 1752 678 eo.
1771 659 1780 676 ι

1000 695 1111 722 Planius
1126 695 1194 722 idem
1209 695 1326 722 reddidit
1338 694 1517 730 Symmachus
1529 695 1571 722 his
1584 696 1685 723 verbis:
1699 705 1708 721 ί
1718 695 1783 731 Liga

1000 741 1187 767 testimonium
1199 760 1206 771 ,
1225 741 1303 776 signa
1318 741 1403 776 legem
1422 742 1448 767 in
1466 741 1685 768 ordinationibus
1703 742 1782 769 meis.

1001 785 1033 812 Et
1047 786 1211 820 exspectabo
1226 785 1369 813 Dominum
1381 786 1427 819 qui
1440 785 1583 813 abscondit
1595 785 1691 813 faciem
1704 794 1782 813 suam

1000 839 1014 858 a
1032 831 1112 859 domo
1127 831 1228 863 Jacob,
1245 835 1272 859 et
1288 832 1453 866 exspectabo
1470 832 1569 866 ipsum.
1585 841 1594 857 ι
1608 831 1704 866 Aquila
1719 839 1784 859 vero

999 878 1081 904 etiam
1102 878 1159 913 ipse
1179 879 1205 906 in
1226 878 1299 905 hunc
1319 877 1428 904 modum
1449 878 1604 905 convertit:
1618 885 1628 903 ι
1644 877 1718 912 Illiga
1748 881 1786 904 te»

1000 923 1157 951 stimonium
1169 943 1176 955 ,
1191 924 1268 959 signa
1281 924 1366 958 legem
1381 923 1407 950 in
1424 923 1589 950 docibilibus
1604 923 1688 952 meis.
1700 927 1727 949 et
1740 930 1786 950 as-

1000 976 1105 997 sumam
1120 968 1204 996 Deum
1224 969 1271 1004 qui
1291 969 1434 996 abscondit
1454 968 1549 996 faciem
1569 976 1646 995 suam
1667 976 1682 995 a
1702 968 1784 996 domo

999 1015 1099 1047 Jacob,
1119 1019 1146 1042 et
1165 1015 1329 1050 exspectabo
1350 1015 1449 1049 ipsum.
1470 1024 1479 1040 ι
1504 1014 1567 1042 Hzec
1586 1007 1669 1048 igitur
1694 1013 1784 1041 facere

1001 1062 1152 1090 Salvatoris
1167 1062 1253 1090 nostri
1271 1062 1397 1096 discipuli
1410 1061 1552 1091 docentur,
1567 1064 1627 1096 post
1638 1068 1698 1095 quae
1710 1060 1786 1087 dein-

999 1115 1062 1142 ceps
1077 1108 1218 1142 subjungit
1231 1117 1236 1133 :
1253 1117 1261 1132 ι
1275 1106 1344 1134 Ecce
1357 1114 1406 1141 ego
1421 1110 1447 1134 et
1461 1107 1537 1141 pueri
1551 1114 1619 1141 quos
1632 1105 1706 1133 dedit
1717 1105 1783 1132 mihi

1000 1153 1082 1180 Deus.
1101 1153 1132 1179 Et
1146 1156 1226 1180 erunt
1240 1153 1267 1179 in
1285 1152 1361 1187 signa
1376 1156 1402 1179 et
1417 1156 1543 1187 portenta
1560 1152 1586 1178 in
1601 1152 1684 1179 Israel
1702 1159 1716 1178 a
1732 1151 1785 1178 Do-

999 1200 1073 1227 mino
1092 1198 1228 1230 Sabaoth,
1245 1199 1292 1234 qui
1309 1199 1412 1226 habitat
1427 1199 1454 1225 in
1473 1203 1564 1226 monte
1580 1199 1656 1226 Sion.
1675 1208 1684 1225 ›
1697 1197 1785 1225 Porro

1000 1244 1131 1272 Dominus
1149 1244 1267 1272 Sabaoth
1279 1264 1286 1276 ,
1305 1244 1394 1279 ipsum
1412 1243 1458 1271 Dei
1477 1243 1595 1271 Verbum
1608 1264 1614 1275 ,
1639 1248 1783 1279 postquam

999 1290 1131 1317 habitavit
1151 1291 1179 1317 in
1199 1298 1232 1317 eo
1254 1290 1380 1321 homine,
1405 1297 1486 1324 quem
1511 1289 1676 1323 assumpsit,
1703 1292 1731 1315 et
1754 1288 1782 1315 in

999 1341 1091 1363 monte
1118 1335 1185 1363 Sion
1209 1339 1338 1363 versatus
1363 1339 1423 1367 est,
1452 1335 1585 1370 signaque
1609 1339 1635 1361 et
1658 1338 1784 1368 portenta

999 1381 1102 1408 edidit:
1119 1385 1175 1408 tum
1191 1388 1256 1408 vero
1271 1380 1329 1413 suis
1343 1380 1487 1414 discipulis
1497 1399 1504 1411 ,
1519 1383 1545 1406 et
1560 1379 1688 1406 omnibus
1702 1399 1708 1410 ,
1723 1381 1785 1414 qui-

999 1434 1107 1462 cunque
1130 1431 1209 1454 antea
1232 1426 1388 1454 simulacris
1410 1426 1528 1457 addicti,
1551 1425 1578 1451 in
1598 1425 1677 1452 fidem
1698 1425 1785 1459 ipsius

1000 1473 1157 1504 venissent,
1175 1474 1304 1508 prazcepit
1315 1492 1322 1503 ,
1338 1480 1372 1499 ne
1388 1472 1505 1506 amplius
1521 1471 1726 1506 superstitionis
1742 1478 1785 1497 er-

1001 1527 1089 1546 rorem
1104 1519 1160 1546 ullo
1182 1519 1263 1546 modo
1284 1518 1427 1549 timerent,
1452 1526 1545 1545 verum
1567 1518 1674 1552 potius,
1690 1524 1785 1551 quam-

999 1565 1039 1592 vis
1054 1566 1128 1600 ipsos
1142 1565 1292 1600 agitarent,
1316 1567 1363 1590 aut
1385 1564 1466 1590 etiam
1485 1568 1630 1598 cogerent,
1653 1563 1698 1598 qui
1713 1563 1784 1598 apud

998 1614 1093 1646 gentes
1110 1610 1236 1637 colebant
1261 1609 1426 1641 simulacra,
1452 1616 1575 1643 quaerere
1598 1608 1734 1644 Pythonas
1758 1612 1786 1636 et

998 1656 1109 1683 oracula
1127 1656 1279 1683 dzemonum
1299 1659 1427 1689 tanquam
1448 1655 1635 1685 admirabilia,
1651 1658 1678 1681 et
1700 1654 1783 1681 nullis

999 1703 1122 1737 partibus
1149 1701 1279 1728 inferiora
1321 1701 1477 1728 divinorum
1500 1700 1608 1736 Dcoque
1632 1701 1783 1728 amicorum

998 1748 1157 1779 hominum,
1181 1747 1340 1783 prophetico
1360 1748 1432 1779 ritu,
1453 1751 1573 1774 attamen
1591 1747 1642 1782 ipsi
1665 1747 1719 1774 illis
1740 1755 1784 1774 re-

997 1795 1163 1830 sponderent
1195 1802 1228 1822 ac
1259 1794 1403 1822 dicerent:
1425 1804 1433 1819 ι
1450 1794 1519 1826 Quid
1550 1794 1718 1828 interrogant
1745 1793 1784 1821 de

999 1841 1153 1868 viventibus
1174 1841 1318 1869 mortuos?
1332 1841 1417 1876 legem
1440 1841 1512 1867 enim
1536 1840 1562 1866 in
1587 1839 1718 1866 auxilium
1739 1839 1785 1866 dea

998 1886 1057 1913 dit:
1076 1896 1085 1912 ι
1099 1890 1125 1913 et.
1145 1894 1206 1921 quae
1226 1887 1356 1921 deinceps
1380 1891 1543 1921 sequuntur.
1565 1885 1619 1912 Eos
1640 1885 1712 1912 enim
1737 1886 1783 1920 qui

999 1931 1081 1958 semel
1099 1935 1125 1958 et
1141 1932 1226 1966 legem
1249 1935 1276 1959 et
1304 1931 1436 1958 salutaria
1459 1935 1595 1966 praecepta
1612 1930 1645 1957 ad
1665 1930 1784 1965 propria:

998 1977 1121 2012 ipsorum
1150 1978 1212 2004 vita:
1237 1985 1315 2012 opem
1345 1981 1427 2012 atque
1453 1976 1586 2004 medelam
1611 1976 1783 2011 acceperint,

998 2025 1109 2050 oracula
1139 2032 1199 2059 quae
1229 2023 1388 2050 dzcmonicis
1407 2023 1550 2050 fraudibus
1581 2023 1644 2049 nixa
1674 2029 1784 2057 responv

999 2069 1096 2101 deant,
1122 2070 1259 2098 curiosius
1285 2070 1423 2104 inquirere
1453 2076 1687 2104 supervacaneum
1728 2068 1785 2095 ina-

999 2123 1087 2150 ncque
1103 2115 1196 2142 fuerit.

1052 2173 1089 2200 Ab
1109 2173 1207 2200 eodem.
1223 2189 1258 2193 —
1271 2173 1308 2200 De
1323 2172 1492 2200 enuntianda
1509 2177 1555 2199 aut
1571 2171 1729 2203 indicando,

1158 2208 1220 2235 dum
1242 2209 1373 2236 miracqu
1392 2209 1477 2235 ederet
1493 2208 1623 2235 Christus.

1037 2266 1046 2282 ι
1059 2255 1143 2283 Jacob
1164 2264 1232 2292 puer
1247 2264 1323 2283 meus
1335 2276 1342 2287 ,
1360 2256 1508 2290 suscipiam
1526 2263 1587 2282 eum
1603 2264 1609 2282 :
1626 2254 1711 2282 lsrael
1732 2253 1788 2281 ele-
1838 2264 1842 2269 ·

997 2306 1058 2330 ctus
1082 2310 1176 2335 meus,
1193 2302 1343 2337 assumpsit
1359 2310 1419 2329 eum
1436 2301 1527 2328 anima
1544 2308 1603 2328 mea
1621 2310 1629 2328 :
1648 2300 1782 2335 judicium

996 2349 1123 2384 gentibus
1139 2349 1277 2383 proferet,
1294 2356 1350 2375 non
1367 2348 1512 2380 clamabit,
1537 2355 1626 2382 neque
1646 2347 1782 2379 remittet,

996 2402 1085 2430 neque
1116 2394 1198 2431 452
1218 2394 1345 2422 audietur
1370 2394 1438 2423 foris
1464 2402 1517 2421 vox
1544 2393 1620 2428 ejus,
1647 2393 1782 2420 calamum

996 2441 1144 2468 contritum
1169 2448 1223 2467 non
1250 2440 1373 2476 franget,
1401 2444 1428 2467 et
1452 2440 1538 2466 linum
1565 2438 1700 2473 fumigans
1725 2445 1781 2464 non

996 2487 1167 2522 exstinguet,
1182 2486 1229 2514 sed
1246 2486 1273 2513 in
1291 2486 1406 2513 veritate
1422 2485 1544 2520 proferet
1565 2484 1699 2519 judicium
1710 2505 1716 2517 ,
1738 2491 1782 2511 re-

996 2532 1149 2569 splendebit
1167 2536 1194 2560 et
1209 2541 1263 2560 non
1285 2532 1527 2568 conquassabitur,
1544 2531 1634 2558 donec
1652 2534 1737 2565 ponat
1753 2530 1782 2557 in

996 2582 1068 2606 terra
1092 2579 1224 2614 judicium
1237 2598 1245 2611 ,
1269 2583 1297 2606 et
1315 2578 1343 2605 in
1364 2578 1475 2605 nomine
1491 2577 1551 2612 ejus
1574 2580 1669 2612 gentes
1687 2584 1781 2611 spera-

995 2624 1074 2651 bunt.
1094 2624 1141 2651 Sic
1157 2624 1224 2652 dicit
1241 2623 1374 2652 Dominus
1391 2623 1463 2651 Deus
1480 2623 1526 2658 qui
1543 2623 1607 2651 fecit
1623 2623 1740 2656 cmlum,
1754 2624 1782 2650 et

995 2671 1112 2698 intendit
1130 2670 1196 2699 illud
1207 2691 1215 2703 ,
1233 2671 1280 2706 qui
1298 2670 1416 2697 ﬁrmavit
1432 2674 1533 2698 terram
1550 2672 1577 2697 et
1593 2676 1625 2696 ea
1642 2676 1702 2704 qua!
1717 2673 1782 2696 sunt

996 2717 1022 2744 in
1039 2717 1097 2752 ipsa
1109 2737 1115 2748 ,
1135 2716 1238 2753 quique
1254 2716 1302 2744 dat
1318 2716 1410 2743 ﬂatum
1427 2716 1544 2751 populo,
1564 2715 1611 2750 qui
1626 2719 1669 2743 est
1689 2713 1716 2741 in
1733 2723 1781 2749 ea,

994 2767 1022 2790 et
1045 2763 1171 2798 spiritum
1196 2763 1366 2791 calcantibus
1392 2770 1463 2790 eam.
1491 2762 1547 2797 Ego
1564 2761 1695 2789 Dominus
1710 2760 1783 2789 Deus

995 2812 1058 2835 tuus
1072 2809 1167 2835 vocavi
1181 2812 1206 2836 te
1219 2809 1246 2836 in
1262 2809 1370 2844 justitia
1382 2829 1389 2841 ,
1406 2812 1434 2836 et
1450 2807 1652 2843 apprehendam
1671 2814 1781 2834 manum

995 2857 1083 2888 tuam,
1100 2857 1127 2882 et
1142 2854 1326 2883 corroborabo
1344 2858 1388 2886 te,
1414 2858 1440 2882 et
1455 2854 1517 2882 dedi
1534 2859 1560 2882 te
1590 2853 1617 2881 in
1634 2856 1782 2881 tcstamen-
