2099 3217
323 151 376 179 703

661 150 795 179 EUSEBll
815 149 1056 178 CAISARIENSIS
1075 150 1152 180 OPP.
1170 151 1262 179 PARS
1276 151 1309 179 ll.
1328 167 1362 172 —-
1381 149 1631 178 APOLOGETICA.

1901 149 1953 178 701

324 217 383 239 tum
398 211 507 247 generis
523 211 550 238 in
566 211 657 238 lumen
675 211 797 246 gentium
809 231 816 242 ,
834 215 864 237 ut
879 211 1000 246 aperires
1014 211 1109 238 oculos

1163 211 1314 247 ὀφθαλμοὺς
1327 209 1446 244 τδψλῶν,
1464 211 1511 237 καὶ
1529 210 1672 244 ἐξαγαγεῖν
1697 211 1728 236 ὲκ
1750 209 1858 245 δεσμῶν
1879 209 1952 236 δεδε-

325 265 480 288 caecorum,
498 261 525 284 et
547 257 679 284 educeres
700 265 732 284 ex
751 257 870 285 vinculis
887 258 1020 293 illigatos,
1037 262 1065 286 et
1078 258 1113 286 de

325 305 407 332 domo
422 302 541 330 carceris
558 302 684 330 sedentes
702 303 729 329 in
747 303 870 330 tenebris
884 303 918 330 “.
935 313 945 330 ›
960 303 1047 338 Atque
1062 304 1113 331 hu-

322 350 369 385 jus
389 349 443 376 loci
465 349 633 384 evangelista
648 349 787 381 meminit,
804 357 860 384 quo
875 354 999 384 tempore
1012 349 1111 377 Phari-

328 395 375 423 saei
407 395 555 422 consilium
583 400 714 430 ceperunt
739 399 834 422 contra
861 393 1030 423 Salvatorem
1061 403 1112 423 no-

323 445 411 469 strum
422 461 430 473 ,
455 445 484 468 ut
497 449 559 468 eum
577 441 776 474 interficerent,
795 446 937 476 propterea
955 443 1028 478 quod
1044 441 1112 469 Sab-

323 487 394 516 batis
405 491 569 523 aegrotantes
580 492 704 521 curaret;
717 497 726 513 ι
738 493 805 514 tunc
816 488 900 519 enim,
913 488 1001 525 inquit
1012 510 1019 521 ,
1031 487 1112 516 Jcsus

323 534 462 561 intellecta
478 533 623 561 adversum
655 541 684 561 se
701 534 922 569 conspiratione,
940 535 1054 563 secessit
1070 535 1112 561 in-

323 579 375 611 de.
393 585 421 607 et
440 584 543 606 secuta:
565 583 630 606 sunt
652 588 714 606 eum
733 580 821 607 turbae
838 581 944 611 multae,
963 585 990 608 et
1005 581 1112 608 curavit

323 633 372 653 eos
386 632 498 657 omnes,
521 628 548 652 et
569 625 698 660 pracepit
718 626 758 652 eis
780 633 813 653 ne
828 626 1003 654 manifestum
1021 626 1110 662 ipsum

323 671 448 699 facerent
465 671 500 698 ".
517 681 526 697 ι
542 671 648 704 Quibus
671 671 729 698 hzec
748 671 873 706 adjungit
890 671 1040 707 deinceps:
1061 673 1113 700 «Et

322 717 381 746 haec
392 719 496 750 omnia,
513 717 613 753 inquit,
631 718 701 746 facta
715 725 780 746 sunt
797 728 803 746 :
825 729 833 745 ν
856 719 906 746 hoc
922 723 964 747 est
979 718 1053 754 quod
1070 727 1112 747 se-

324 763 458 794 cesserit,
474 763 546 798 quod
564 763 743 791 declinaverit
761 764 955 796 insidiatores,
976 764 1048 800 quod
1070 765 1111 792 la—

323 812 382 835 tere
400 809 558 840 studuerit,
576 808 640 836 dum
659 810 792 837 miracula
807 809 913 843 ederet,
930 811 1057 846 quodque
1071 811 1112 839 eis

324 863 395 890 quos
411 859 557 887 curasset,
576 856 737 891 praeceperit
749 876 757 887 ,
775 864 810 883 ne
827 856 1003 883 manifestum
1022 857 1111 891 ipsum

325 901 447 929 facerent
457 921 464 933 ,
482 910 491 926 ι
507 906 537 928 ut
553 902 714 937 impleretur
728 902 801 937 quod
815 902 917 929 dictum
931 907 971 929 es:
985 910 1033 937 per
1048 910 1111 937 pro-
1128 895 1148 922 Β

324 946 434 981 phetam
452 946 587 974 dicentem
603 956 610 974 :
633 947 704 974 Ecce
725 955 792 982 puer
814 956 906 979 meus,
924 948 950 974 in
965 956 1019 983 quo
1036 956 1111 976 com-

325 992 415 1028 placui
433 1001 440 1019 :
459 992 576 1021 dilectus
598 1000 690 1025 meus,
712 1001 794 1028 quem
819 994 899 1029 elegit
923 994 1014 1021 anima
1040 1002 1110 1021 mea.

324 1039 426 1066 Ponam
440 1040 565 1074 spiritum
578 1047 666 1066 meum
680 1048 762 1075 super
773 1048 834 1068 eum
846 1061 852 1071 ,
867 1044 893 1068 et
902 1040 1034 1075 judicium
1047 1048 1112 1075 gen-

325 1086 400 1114 tibus
421 1086 569 1113 nuntiabit.
592 1085 650 1113 Non
681 1086 828 1113 contendet
850 1095 939 1121 neque
965 1086 1110 1119 clamabit,

325 1140 414 1166 neque
428 1132 521 1160 audiet
535 1133 670 1167 quispiam
686 1133 713 1159 in
726 1132 821 1167 plateis
832 1141 926 1160 vocem
940 1133 1009 1167 ejus.
1019 1133 1111 1160 Arun-

324 1179 415 1206 dinem
437 1184 594 1214 quassatam
615 1186 668 1206 non
689 1179 861 1214 confringet,
876 1183 903 1206 et
924 1179 1009 1206 linum
1031 1179 1112 1206 fumi.

326 1234 395 1262 gans
415 1234 468 1253 non
491 1226 663 1261 exstinguet,
687 1225 775 1253 donec
800 1226 893 1260 ejiciat
918 1226 947 1253 in
969 1225 1110 1253 victoriam

323 1271 457 1306 judicium
467 1291 475 1301 .
489 1275 516 1298 et
531 1271 557 1298 in
573 1271 684 1298 nomine
700 1271 761 1306 ejus
777 1275 874 1306 gentes
887 1272 1037 1307 sperabunt
1052 1271 1085 1299 ".
1099 1281 1109 1296 ι

324 1315 522 1343 Animadverte
545 1316 690 1351 diligenter
715 1324 834 1352 quonam
861 1317 942 1344 modo
969 1317 1111 1345 Manlia-us

325 1362 372 1388 ubi
394 1362 484 1390 dixit:
500 1372 509 1388 ι
525 1362 595 1390 Ecce
618 1371 685 1398 puer
705 1370 782 1390 meus
796 1371 877 1398 quem
893 1363 960 1399 elegi
971 1383 979 1396 ,
995 1364 1111 1391 dilectus

326 1416 405 1436 meus
425 1408 453 1435 in
476 1416 530 1443 quo
552 1409 717 1443 complacuit
737 1409 828 1435 anima
851 1416 925 1440 mea,
943 1419 952 1435 ι
965 1417 1053 1444 neque
1066 1409 1112 1436 Ja-

325 1455 396 1486 cob,
414 1462 502 1489 neque
525 1455 610 1483 Israel
629 1455 831 1488 nominaverit;
856 1463 911 1483 non
931 1455 1004 1483 enim
1021 1456 1108 1483 dixit:

325 1499 411 1527 Jacob
426 1508 493 1535 puer
509 1508 604 1533 meus,
623 1501 706 1529 Israel
722 1501 825 1529 electus
841 1510 935 1533 meus.
951 1501 998 1529 sed
1016 1501 1111 1529 indeli-

326 1545 384 1572 nite
397 1545 566 1578 enuntiavit,
583 1546 678 1574 dicens
692 1556 699 1574 ι
719 1556 726 1572 ι
743 1545 812 1574 Ecce
828 1554 895 1581 puer
910 1555 987 1574 meus
998 1566 1005 1578 ,
1024 1551 1052 1574 et
1069 1547 1111 1574 di-
1125 1563 1146 1591 ρ

326 1591 416 1620 lectus
431 1600 518 1620 meus.
534 1603 544 1618 ι
557 1591 708 1625 Quocirca,
722 1593 800 1628 quasi
816 1593 843 1620 in
857 1592 989 1620 Hebraico
1003 1601 1034 1620 ea
1049 1601 1112 1628 pro-

326 1638 419 1674 pinetia
446 1645 500 1666 non
525 1639 573 1669 sit,
593 1639 663 1674 apud
685 1639 759 1674 ipsos
779 1639 888 1674 quidem
905 1638 975 1666 LXX
992 1639 1112 1667 obelisco

327 1684 464 1719 signatum
487 1689 529 1713 est
555 1693 655 1712 nomen
681 1684 784 1717 Jacob,
817 1689 900 1720 atque
916 1684 1000 1712 Israel
1015 1695 1023 1713 :
1039 1685 1113 1721 apud

327 1729 448 1763 reliquos
477 1733 568 1756 autem
597 1729 760 1765 interpretes
788 1729 898 1757 silentio
924 1729 1112 1764 praeteritum,

327 1778 471 1809 propterea
494 1775 567 1809 quod
593 1783 629 1802 ne
654 1775 683 1802 in
708 1775 841 1802 llebraico
865 1775 975 1810 quidem
998 1776 1112 1803 feratur.

325 1820 407 1856 5,53
419 1820 537 1849 Proinde
557 1821 640 1849 etiam
655 1821 823 1857 evangelista
840 1822 937 1849 merito
961 1821 987 1848 id
1000 1826 1114 1857 prreter-

328 1868 414 1897 misit,
431 1867 534 1903 quippe
549 1868 595 1903 qui
612 1873 638 1896 et
653 1867 783 1896 chneus
797 1873 881 1901 esset,
907 1872 934 1896 et
950 1868 978 1895 in
995 1868 1114 1904 prophe-

326 1913 373 1940 tiae
389 1913 526 1948 positione
540 1913 690 1942 Hebraicos
706 1914 791 1942 libros
809 1919 978 1950 sequeretur.
995 1913 1066 1949 Ergo
1079 1921 1114 1942 ne

328 1959 492 1986 sententiam
503 1959 614 1995 quidem
628 1961 650 1987 si
667 1965 784 1995 spectes,
802 1960 902 1996 populo
917 1961 950 1987 ad
966 1961 1113 1988 circumci-

329 2005 434 2032 sionem
454 2006 598 2040 spectanti.
616 2007 756 2033 oraculum
777 2006 977 2034 accommodari
1002 2006 1113 2041 poterit,

328 2050 377 2078 sed
390 2051 436 2078 uni
452 2051 562 2079 Christo
580 2051 637 2083 Dei,
652 2053 695 2079 cui
713 2056 740 2079 et
754 2053 811 2086 ipsa
827 2052 965 2079 evidentia
993 2057 1021 2079 et
1036 2060 1116 2080 even-

328 2099 374 2124 tus
393 2104 483 2124 rerum
502 2097 580 2125 fidem
606 2098 786 2125 indubitatam
803 2098 875 2125 facit.
893 2098 968 2126 Unus
983 2099 1056 2126 enim
1072 2099 1114 2126 hic

329 2142 451 2169 futurum
472 2143 606 2177 judicium
632 2145 758 2179 gentibus
789 2145 895 2179 publice
924 2145 1113 2178 denuntiavit,

328 2195 391 2215 cum
404 2189 524 2223 seipsum
535 2191 617 2218 tacite
630 2191 656 2216 in
671 2191 754 2218 vitam
766 2191 906 2218 hominum
923 2191 1113 2222 insinuaverit.

1165 258 1270 294 μένους,
1285 257 1332 284 καὶ
1343 257 1373 289 ἐξ
1383 257 1457 284 οἴκου
1470 257 1592 292 φυλακῆς
1604 256 1774 292 καθημένους
1787 257 1815 282 ὲν
1829 257 1929 283 σκότει.
1941 266 1951 282 ι

1161 305 1217 331 Καὶ
1232 303 1332 339 ταύτης
1351 304 1365 330 ὁ
1382 303 1576 338 εὖαγγελιστὴς
1594 304 1757 338 μνημονεύει
1773 303 1824 338 τῆς
1839 302 1952 334 λεξεως,

1162 350 1206 376 ὅτε
1220 349 1374 382 ἐξελθόντες
1388 349 1413 376 οἱ
1428 350 1568 385 Φαρισαῖοι
1587 349 1748 384 συμϐούλιον
1767 349 1862 376 ἔλαϐον
1881 349 1952 376 κατὰ

1162 396 1208 423 τοῦ
1223 395 1348 430 Σωτῆρος
1365 394 1453 431 ἡμῶν,
1475 395 1547 426 ὅπως
1566 395 1645 421 αὐτὸν
1664 394 1841 423 ἀπολέσωσιν.
1857 394 1952 429 ἐπειδὴ

1161 443 1218 474 τοῖς
1228 441 1363 469 Σάϐϐασιν
1378 441 1442 473 τοὺς
1457 441 1610 476 κάμνοντας
1623 440 1782 476 ἐθεράπευε.
1797 450 1807 466 ι
1827 440 1864 467 τὸ
1873 449 1951 476 τηνι-

1162 487 1250 515 καῦτα
1273 487 1336 522 γὰρ,
1369 486 1407 518 ὥς
1433 495 1509 522 φησι,
1539 487 1619 520 γνοὺς
1647 487 1661 512 ὁ
1683 486 1786 522 Ἰησοῦς
1820 486 1872 522 τὴν
1889 486 1952 513 καθ’

1162 533 1244 560 αὑτοῦ
1260 532 1404 568 συσκευὴν,
1423 532 1595 568 ἀνεχώπσεν
1611 532 1726 565 ἐκεῖθεν,
1744 533 1790 559 καὶ
1801 532 1951 568 ἠκολούθη-

1162 589 1212 606 σαν
1222 579 1296 614 αὐτῷ
1309 579 1381 614 ὖχλοι
1399 579 1500 611 πολλοὶ,
1518 579 1564 605 καὶ
1577 578 1757 614 ἐθεράπευσεν
1771 579 1870 611 αὐτοὺς
1884 579 1951 606 πάν-

1160 635 1220 658 τας,
1247 627 1293 653 καὶ
1317 625 1470 662 ἐπέπληξεν
1493 626 1584 657 αὐτοῖς
1606 625 1649 652 ἵνα
1676 625 1713 661 μὴ
1735 626 1851 660 φανερὸν
1871 626 1950 653 αὑτὸν

1162 673 1319 708 ποιήσωσιν·
1333 681 1342 697 ι
1365 669 1405 704 οἷς
1420 671 1546 707 ἐπιφέρει
1561 671 1657 705 λέγων·
1673 681 1682 696 r
1699 671 1754 697 Καὶ
1767 671 1853 698 ταῦτα
1864 671 1951 699 πάντα

1161 719 1266 753 γέγονε,
1282 728 1291 744 ›
1312 718 1473 744 τουτέστιτδ
1482 719 1629 753 ἀναχωρεῖν
1647 718 1738 748 αὑτὸν,
1751 718 1798 744 καὶ
1814 717 1845 744 τδ
1862 718 1953 744 ἐκκλί-

1161 773 1217 791 νειν
1230 766 1294 796 τοὺς
1308 763 1476 796 ἐπιϐούλους,
1491 764 1537 790 καὶ
1551 764 1580 789 τὺ
1599 763 1738 791 λανθάνειν
1752 763 1913 796 σπουδάζειν
1922 765 1951 790 ἐν

1161 809 1202 844 οἷς
1214 811 1315 847 ἔπραξε
1327 810 1497 846 παραδόξοις,
1516 811 1562 836 καὶ
1581 810 1611 836 τὸ
1629 811 1786 846 παρεγγυᾷν
1804 811 1861 841 τοῖς
1873 809 1951 846 θερα-

1162 857 1321 892 πυομένοις
1343 856 1380 892 μὴ
1397 855 1512 891 φανερὸν
1528 856 1607 882 αὐτὸν
1624 858 1720 887 ποιεῖν,
1735 865 1745 882 t
1763 857 1807 882 ἴνα
1820 855 1950 892 πληρωθῇ

1161 902 1192 928 τὸ
1209 901 1289 937 ῥηθὲν
1305 901 1350 928 διὰ
1371 901 1417 928 τοῦ
1440 901 1578 937 πῳψήτου
1598 901 1738 935 λέγοντος·
1763 902 1829 929 Ἰδοὺ
1852 903 1867 928 ὁ
1889 903 1952 934 mi;

1165 957 1225 983 μου,
1246 948 1276 974 ὃν
1293 948 1406 984 ᾑρέτισα
1417 968 1424 980 ,
1446 948 1460 974 ό
1481 948 1622 983 ἀγαπητός
1639 957 1690 983 μου
1706 949 1746 980 εἰς
1762 948 1792 974 ὃν
1806 948 1953 984 εὐδόκησεν

1163 995 1180 1029 ἡ
1198 994 1270 1029 ψυχή
1298 1003 1358 1030 μου.
1379 995 1460 1030 Θήσω
1477 994 1506 1021 τὸ
1523 995 1631 1031 ττνεῦμὰ
1656 1005 1705 1031 μου
1730 996 1774 1022 ἐπ’
1794 995 1887 1027 αὑτὸν,
1906 996 1952 1022 καὶ

1162 1040 1252 1075 κρίσιν
1263 1041 1318 1072 τοῖς
1335 1041 1438 1068 ἔθνεσιν
1453 1041 1613 1076 ἀπαγγελεῖ.
1630 1043 1686 1069 Οὐκ
1697 1042 1782 1078 ἐρίσει
1793 1043 1855 1069 οὐδὲ
1869 1051 1953 1078 κραυ-

1162 1087 1251 1120 γάσει,
1267 1087 1326 1114 οὐδὲ
1344 1088 1490 1115 ἀκούσεταί
1505 1098 1547 1120 τις
1561 1090 1590 1115 ὲν
1606 1090 1665 1120 ταῖς
1677 1088 1818 1120 πλατείαις
1833 1089 1885 1123 τὴν
1899 1097 1953 1122 φω-

1163 1134 1211 1169 νὴν
1225 1134 1317 1161 αὐτοῦ.
1333 1135 1462 1170 Κάλαμον
1477 1135 1704 1171 συντετριμμένον
1715 1136 1744 1162 οὺ
1756 1135 1894 1167 κατεάξει.
1907 1135 1953 1162 καὶ

1162 1179 1234 1206 λίνον
1249 1180 1398 1216 τυφόμενον
1415 1181 1444 1207 οὗ
1463 1181 1563 1213 σϐέσει,
1583 1181 1635 1213 ἒως
1654 1181 1686 1208 ἂν
1703 1181 1804 1217 ἐκϐάλῃ
1824 1182 1865 1213 είς
1880 1182 1953 1213 νῖκος

1162 1226 1211 1262 τὴν
1223 1227 1313 1262 κρίσιν
1326 1228 1372 1254 καὶ
1382 1228 1428 1254 ἐπὶ
1438 1227 1477 1263 τῷ
1497 1228 1608 1263 ὀνόματι
1622 1227 1704 1254 αὑτοῦ
1719 1228 1782 1264 ἔθνη
1797 1227 1930 1254 amcam.
1941 1237 1950 1253 ι

1162 1272 1245 1308 Τήρει
1265 1272 1294 1299 δὲ
1312 1273 1449 1309 ἐπιμελῶς
1466 1274 1526 1300 τίνα
1545 1274 1642 1309 τρόπον
1661 1276 1676 1301 ό
1698 1274 1835 1307 Ματοαῖος
1856 1273 1951 1301 εἰπών·

1165 1327 1174 1343 t
1200 1318 1265 1345 Ἰδοὺ
1280 1320 1294 1346 ό
1311 1321 1376 1352 παῖς
1392 1329 1453 1355 μου,
1468 1321 1497 1347 ὃν
1515 1321 1639 1356 ᾑρέτισα,
1656 1322 1670 1348 ό
1686 1321 1828 1357 ἀγαπητός
1844 1330 1908 1358 μου,
1924 1322 1953 1348 ἐν

1161 1361 1183 1398 ᾧ
1194 1364 1338 1400 εὐδόκησεν
1351 1367 1368 1401 ή
1381 1366 1454 1401 ψυχή
1469 1375 1531 1402 μου,
1550 1377 1558 1393 ι
1576 1367 1639 1394 οὗτε
1654 1367 1700 1394 τοῦ
1723 1367 1820 1394 Ἰακὼϐ
1833 1367 1897 1394 οὔτε
1906 1366 1952 1394 τοῦ

1169 1410 1275 1447 Ἰσραὴλ
1293 1411 1424 1448 ἐμνήσθη.
1443 1413 1479 1439 Οὺ
1494 1413 1548 1448 γὰρ
1566 1411 1650 1439 εἶπεν
1669 1412 1764 1440 Ἰακὼϐ
1777 1414 1792 1440 ὀ
1807 1414 1874 1445 παῖς
1891 1422 1952 1449 μου,

1169 1457 1277 1492 Ἰσραὴλ
1292 1458 1306 1484 ὁ
1321 1458 1446 1490 ἐκλεκτός
1463 1468 1525 1494 μου,
1547 1459 1681 1494 ἀορίστως
1697 1459 1725 1486 δὲ
1746 1458 1894 1494 ἐξήνεγκεν
1913 1459 1952 1485 εἰ-

1163 1502 1230 1530 πών·
1248 1512 1258 1528 ι
1275 1503 1340 1530 ’1δοῦ
1350 1505 1364 1530 ὁ
1376 1505 1439 1536 παῖς
1452 1513 1512 1540 μου,
1524 1505 1571 1531 καὶ
1581 1506 1595 1531 ὁ
1607 1504 1746 1539 ἀγαπητός
1758 1513 1820 1540 μου.
1835 1515 1845 1530 ι
1861 1504 1952 1535 Ὅθεν,

1163 1549 1200 1581 ὡς
1208 1549 1274 1584 μηδὲ
1280 1549 1352 1584 ¹ἐντῷ
1364 1550 1499 1585 Ἐϐραῖκῷ
1505 1550 1555 1584 τῆς
1561 1550 1725 1585 προφητείας
1732 1558 1773 1576 κει
1777 1549 1872 1585 μένης.
1879 1548 1953 1585 παρὰ

1167 1595 1216 1631 μὲν
1226 1596 1281 1627 τοῖς
1296 1595 1494 1631 Ἐϐδομήκοντα
1508 1595 1650 1622 ὼϐέλισται
1661 1595 1746 1622 τὸτοῦ
1767 1593 1864 1621 Ἰακὼϐ
1873 1594 1954 1621 καὶτὸ

1165 1641 1211 1668 τοῦ
1225 1642 1242 1668 'I
1247 1642 1331 1678 σραὴλ
1336 1642 1428 1677 ὄνομα
1437 1643 1484 1669 καὶ
1490 1643 1563 1677 παρὰ
1569 1644 1624 1674 τοῖς
1629 1642 1730 1674 λοιποῖς
1736 1642 1764 1668 δὲ
1773 1642 1954 1677 ὲρμηνευταῖς

1166 1687 1420 1722 παρασεσιώπηται,
1437 1689 1497 1714 ἐπεὶ
1508 1686 1570 1723 μηδ’
1583 1689 1610 1714 ὲν
1623 1687 1662 1723 τῷ
1681 1687 1817 1723 Ἐϐραῐκῷ
1829 1687 1952 1723 φέρεται.

1168 1734 1262 1760 Ἔνθεν
1287 1734 1399 1766 εἰκότως
1414 1734 1472 1760 οὐδὲ
1490 1733 1564 1768 παρὰ
1587 1733 1626 1769 τῷ
1651 1732 1828 1767 εὖαγγελιστῇ
1846 1732 1954 1767 εἴρηται

1172 1780 1290 1816 Ἑϐραίῳ
1306 1780 1361 1806 ὄντι
1373 1800 1381 1810 ,
1407 1781 1452 1806 καὶ
1477 1779 1630 1811 ἀκολούθως
1654 1780 1687 1814 τῇ
1705 1778 1841 1813 Ἐϐραίων
1859 1779 1954 1813 γραφῇ

1166 1826 1215 1861 τὴν
1231 1826 1396 1862 προφητείαν
1410 1826 1560 1861 ἐκθεμένῳ.
1573 1824 1722 1860 Τοιγαροῦν
1739 1823 1801 1850 οὔτε
1813 1823 1885 1851 κατὰ
1898 1823 1954 1850 διὰ-

1167 1880 1240 1898 νοιαν
1253 1871 1291 1906 τῷ
1307 1872 1338 1898 ὲκ
1351 1872 1501 1907 περιτομῆς
1516 1870 1573 1905 λαῷ
1584 1870 1617 1896 τὰ
1634 1869 1816 1904 θεσπιζόμενα
1829 1867 1953 1905 ἁρμόζει,

1169 1918 1240 1953 μόνῳ
1253 1917 1282 1944 δὲ
1295 1917 1333 1953 τῷ
1350 1917 1458 1952 Χριστῷ
1473 1917 1519 1944 τοῦ
1533 1916 1600 1943 Θεοῦ
1613 1915 1828 1952 μαρτυρουμένῳ
1840 1915 1894 1942 ὑπὸ
1905 1915 1955 1950 τῆς

1167 1963 1311 1998 ἐναργείας
1325 1963 1371 1990 καὶ
1385 1963 1434 1998 τῆς
1449 1963 1504 1989 τῶν
1518 1962 1688 1998 πραγμάτων
1703 1962 1852 1994 ἐκϐάσεως.
1866 1963 1955 1994 Μόνος

1167 2008 1221 2044 γὰρ
1238 2006 1314 2040 οὗτος
1325 2009 1374 2044 τὴν
1393 2009 1540 2044 μέλλουσαν
1557 2008 1646 2043 κρῑσιν
1662 2009 1718 2039 τοῖς
1731 2007 1819 2034 Ξθνεσι
1836 2009 1956 2044 προεκή-

1170 2055 1261 2090 ρυξεν,
1284 2055 1372 2090 ἠσυχῆ
1395 2054 1433 2089 τῷ
1451 2054 1500 2089 βίῳ
1516 2054 1570 2081 τῶν
1590 2053 1740 2089 ἀνθρώπων
1764 2053 1954 2090 ἐπιδημήσας,

1170 2101 1214 2129 καὶ
1230 2100 1319 2136 κρίσιν
1334 2100 1379 2126 ἐπὶ
1391 2101 1438 2134 τῆς
1454 2100 1506 2134 γῆς
1524 2100 1650 2135 θέμενος·
1664 2100 1710 2126 καὶ
1725 2099 1755 2126 οὐ
1774 2100 1854 2135 μόνον
1872 2100 1955 2127 καλα-

1170 2156 1219 2184 μον
1236 2147 1462 2182 συντετριμμένον
1475 2147 1504 2173 οὐ
1523 2146 1653 2179 κατέαξεν
1663 2167 1669 2178 ,
1686 2146 1754 2173 ἀλλὰ
1764 2166 1772 2178 ,
1787 2147 1812 2172 εί
1825 2146 1899 2172 ἔστιν
1915 2147 1955 2173 εί-

1168 2195 1238 2223 πεῖν,
1253 2193 1406 2227 συνέδησεν,
1422 2192 1578 2228 ἀνορθώσας
1591 2193 1638 2219 καὶ
1654 2193 1779 2228 ἰσχυροὺς
1795 2192 1956 2228 ἀπεργασα-

328 2238 411 2269 atque
434 2239 460 2262 in
491 2240 562 2262 terra
586 2237 721 2270 judicium
750 2238 881 2272 posuerit,
905 2242 932 2265 et
954 2245 1007 2265 non
1031 2239 1112 2266 modo

1166 2247 1244 2275 μενος
1260 2239 1324 2270 τοὺς
1349 2238 1484 2270 ἀσθενεῖς,
1499 2239 1545 2265 καὶ
1561 2239 1623 2270 τοὺς
1641 2238 1889 2274 συντετριμμένους
1907 2238 1956 2274 τὴν

327 2280 489 2308 arundinem
507 2282 652 2308 contritam
666 2291 720 2309 non
734 2283 879 2318 confregit,
899 2283 958 2315 sed,
973 2284 996 2311 si
1017 2284 1058 2312 fas
1071 2289 1114 2312 est

327 2326 430 2359 dicere,
446 2328 593 2363 colligavit.
613 2337 674 2355 cum
698 2329 820 2357 infirmos
834 2334 861 2358 et
878 2331 1013 2358 contritas
1032 2331 1115 2359 corde

329 2373 456 2404 erexerit.
484 2373 621 2410 fortesque
647 2375 805 2406 reddiderit.
832 2380 859 2404 et
882 2377 1112 2411 quemadmodum

328 2420 452 2448 infirmos
471 2428 503 2448 ac
517 2421 632 2453 debiles,
652 2425 679 2449 et
698 2430 753 2450 sua:
767 2422 853 2457 ipsius
871 2425 1021 2452 curationis
1040 2425 1113 2452 indi-

328 2470 423 2500 gentes
445 2473 498 2494 non
515 2467 698 2502 despiciebat,
723 2476 812 2503 neque
838 2477 908 2504 quos
932 2469 1033 2505 prioris
1052 2471 1114 2498 vita:

327 2511 511 2546 paenituisset,
527 2513 736 2545 condemnabat,
759 2517 806 2540 aut
822 2515 997 2547 conterebat;
1016 2515 1057 2542 sic
1079 2523 1113 2542 ne

329 2555 390 2584 illos
404 2557 513 2592 quidem
530 2559 576 2594 qui
599 2559 626 2586 in
648 2560 728 2588 malis
752 2565 970 2596 perseverarent.
993 2565 1040 2588 aut
1063 2561 1111 2596 qui

328 2603 420 2636 pravis
429 2605 511 2631 animi
523 2605 665 2634 affectibus
677 2606 896 2638 incenderentur,
911 2607 1112 2642 exstinguebat,

328 2653 376 2675 aut
392 2657 426 2677 ne
444 2657 477 2677 ex
502 2659 552 2678 suo
570 2653 709 2687 proposito
730 2661 834 2688 suaque
858 2653 980 2688 ipsorum
1001 2654 1114 2682 libidine

329 2699 450 2729 agerent,
464 2696 634 2730 prohibebat;
647 2706 734 2732 neque
748 2706 812 2726 vero
827 2703 927 2734 praeter
939 2703 1046 2734 tempus
1060 2707 1112 2726 un-

329 2746 410 2773 quam
428 2740 525 2767 borum
543 2742 660 2777 aliquem
681 2744 816 2778 supplicio
836 2743 935 2775 affecit,
950 2745 1050 2779 quippe
1064 2745 1111 2779 qui

329 2784 429 2813 talibus
443 2785 548 2814 debitas
563 2795 611 2822 pro
634 2789 739 2816 meritis
757 2796 852 2823 pmnas
869 2789 896 2816 in
916 2794 1024 2825 tempus
1037 2798 1112 2817 uom-

1168 2285 1290 2320 καρδίαν.
1303 2285 1408 2319 Ὥσπερ
1425 2284 1453 2310 δὲ
1469 2285 1532 2316 τοὺς
1549 2285 1670 2316 ἀσθενεῖς
1687 2285 1734 2311 καὶ
1756 2285 1892 2319 σαθροὺς.
1909 2285 1957 2313 καὶ

1167 2331 1216 2366 τῆς
1239 2330 1321 2357 αὑτοῦ
1345 2330 1492 2366 θεραπείας
1509 2330 1652 2366 δεομένους
1673 2331 1703 2357 οὐ
1719 2330 1870 2366 παρεώρα,
1897 2331 1957 2358 οὐδὲ

1169 2377 1366 2413 μετανοοῦντας
1392 2377 1564 2412 κατακρίνων
1587 2377 1759 2412 συνέτριϐεν
1785 2377 1874 2410 οὕτως
1896 2377 1957 2410 οὐδὲ

1166 2424 1229 2455 τοὺς
1252 2424 1308 2454 τοῖς
1329 2425 1423 2454 κακοῖς
1438 2423 1633 2458 ἐπιμένοντας,
1651 2423 1698 2448 καὶ
1715 2423 1766 2449 ὑπὸ
1787 2423 1842 2449 τῶν
1862 2422 1958 2449 παθῶν

1165 2469 1332 2504 τυφομένους
1348 2469 1488 2500 ἑσϐέννυε,
1505 2468 1616 2495 κωλύων
1638 2468 1714 2504 παρὰ
1727 2469 1775 2504 τὴν
1787 2469 1877 2495 αὐτῶν
1893 2478 1958 2504 προ-

1166 2515 1272 2550 αίρεσιν
1286 2516 1406 2550 ἐνεργεῖν
1416 2523 1422 2529 ·
1438 2515 1497 2541 οὐδὲ
1516 2514 1568 2550 μὴν
1586 2514 1660 2550 παρὰ
1676 2514 1771 2550 καιρὸν
1793 2515 1958 2550 ἐτιμωρεῖτό

1166 2570 1227 2587 τινα
1246 2560 1347 2587 τούτων
1358 2581 1365 2593 ,
1387 2560 1436 2596 τὴν
1452 2561 1511 2587 κατ’
1525 2561 1603 2594 ἀξίαν
1625 2561 1716 2587 αὐτῶν
1729 2560 1838 2587 κόλασιν
1856 2562 1896 2592 εἰς
1912 2561 1958 2587 τὸν

1166 2607 1217 2642 τῆς
1237 2606 1351 2633 καθόλου
1371 2607 1487 2642 κρίσεως
1500 2607 1595 2641 καιρὸν
1612 2606 1820 2642 ὑπερτιθέμενος
1831 2615 1838 2621 ·
1854 2606 1896 2633 διδ
1910 2606 1958 2633 λέ-

1166 2653 1274 2680 λεκται·
1296 2662 1304 2678 ι
1321 2653 1376 2680 Καὶ
1398 2653 1468 2678 λίνον
1491 2653 1640 2688 τυφόμενον
1662 2652 1692 2678 οὐ
1717 2652 1819 2679 σϐέσει.
1835 2662 1845 2678 ι
1867 2652 1957 2679 ’Δντιτ

1165 2707 1234 2734 κρνς
1247 2699 1276 2725 δὲ
1291 2699 1376 2735 πέρας
1390 2698 1483 2734 εἴληφε
1497 2699 1536 2730 τὸ,
1551 2708 1560 2724 ι
1575 2699 1628 2725 Καὶ
1645 2699 1674 2725 ὲν
1690 2698 1728 2733 τῷ
1744 2699 1858 2733 ὀνόματι
1873 2698 1956 2725 αὐτοῦ

1165 2744 1228 2780 ἔθνη
1250 2744 1399 2771 ἐλπιοῦσιν.
1418 2754 1426 2769 ι
1451 2743 1513 2770 Ἐπὶ
1529 2743 1601 2779 μόνῳ
1616 2743 1680 2777 γοῦν
1700 2743 1738 2778 τῷ
1758 2743 1807 2769 τοῦ
1829 2744 1956 2779 Σωτῆρος

1165 2790 1243 2826 ἡμῶν
1260 2789 1346 2825 Ἰησοῦ
1363 2789 1480 2826 Χριστοῦ
1497 2789 1608 2825 ὀνόματι
1624 2789 1722 2824 ἤλπισε
1732 2789 1766 2816 τὶ
1781 2789 1954 2825 Χριστιανιῖιν

365 2873 388 2890 ’⁸
407 2873 459 2903 lsa.
475 2881 549 2907 nn,
569 2875 621 2903 l—‘l.
659 2877 682 2893 ’⁷
701 2876 793 2905 Matth.
811 2886 868 2911 xu,
890 2878 978 2908 Ιέἰιιΰ.
1015 2879 1038 2896 ’⁸
1058 2879 1124 2907 ibid.
1146 2877 1235 2907 Ιῗ-ΞΙ.
