2099 3217
136 206 188 234 7G3

581 207 912 237 DEMONSTRATIONIS
930 208 1162 237 EVANGELICE
1181 209 1244 237 LIB.
1266 210 1313 240 IX.

1715 214 1766 242 706

135 265 198 301 ἔθνη
209 287 217 300 ,
236 267 285 302 τὴν
302 267 458 302 ἐπωνυμίαν
477 266 561 295 αυτοῦ
577 267 614 300 ὡς
630 267 732 305 πατρὸς
748 266 782 304 ἦς
797 257 926 304 παρειλή-

979 268 1069 296 muuis
1080 269 1177 303 judicii
1194 275 1358 301 reservaret,
1371 277 1403 298 ex
1420 278 1476 306 quo
1492 271 1559 299 illud
1582 272 1685 299 dictum
1702 277 1744 300 est
1758 281 1765 301 τ

135 321 218 346 φασιν
233 312 375 344 εὐσεϐείας
390 315 608 349 ἐπιγραφόμενα.
620 314 674 340 Καὶ
688 315 742 350 γὰρ
756 316 795 346 εἱς
811 315 867 349 φῶς
879 315 928 342 οὐκ

134 357 227 389 ἄλλοις
243 359 259 394 ἥ
278 360 334 390 τοῖς
350 358 437 398 ἔθνεσι
453 359 574 386 δεδόσθαι
591 359 814 396 προπεφὼνηται,
827 361 859 386 δι’
879 361 929 387 αὐ-

134 403 181 431 τοῦ
197 413 227 430 τε
238 425 245 435 ,
263 406 295 440 τῇ
315 406 464 441 προρρήσει
477 405 633 438 ἀκολούθως
643 426 650 439 ,
665 406 799 442 ὀφθαλμοὶ
818 406 928 441 τυφλῶν

133 451 189 478 τῶν
207 451 291 478 πάλαι
305 451 355 487 τὴν
369 451 487 479 διάνοιαν
502 452 724 488 πεπηρωμένων,
740 453 787 479 κα)⁸
801 453 832 478 οὐ
846 452 926 488 μόνον

133 497 247 530 τούτων,
264 498 332 525 ἀλλὰ
354 498 401 525 καὶ
419 498 472 525 τῶν
491 499 556 525 αὐτὸ
573 499 603 525 τὸ
621 498 701 534 σῶμα.
716 499 925 534 ἠφανισμένων,

132 543 183 570 καὶ
194 545 218 570 οἱ
229 543 337 579 δεσμοῖς
347 552 375 569 τε
387 543 434 570 καὶ
447 545 551 579 σειραῖς
567 543 721 579 ἁμαρτιῶν,
736 545 764 571 ὲν
776 545 867 571 σκύτει
879 544 927 570 καὶ

133 589 232 625 ἀγνοίᾳ.
246 590 295 624 τῆς
312 589 428 623 ἀληθοῦς
445 590 585 622 εὐσεϐείας
602 591 631 617 τὸ
651 591 714 626 πρὶν
730 590 926 626 κεκαλινδημέ-

132 643 184 666 vat,
197 634 229 661 δι’
246 634 326 661 αὐτοῦ
341 635 394 661 τῶν
407 635 548 671 ἁμαρτιῶν
560 635 696 668 λυθέντες,
713 636 759 662 τοῦ
777 636 864 670 φωτὸς
877 635 926 670 τῆς

133 681 262 716 γνώσεως
276 680 324 707 καὶ
338 679 388 714 τῆς
405 681 482 716 παρὰ
497 680 537 715 τῷ
550 681 608 716 Θεῷ
622 681 778 717 ἐλευθερίας
789 681 925 716 ἠξίωνται.

134 728 190 754 Καὶ
206 728 238 754 σὺ
253 727 292 759 δὲ,
305 727 350 753 ἐπὶ
363 727 460 763 σχολῆς
478 728 534 759 τοῖς
548 728 756 763 ἀποδεδομένοις
773 727 926 760 ἀκολούθως

135 772 283 807 βασανίσας
297 772 346 808 τὴν
371 772 453 804 λέξιν,
473 773 518 799 ἐπὶ
536 773 610 808 μόνῳ
627 772 659 799 ἂν
675 772 765 809 εὕροις
780 772 819 808 τῷ
834 772 929 809 Κυρίῳ

132 820 179 847 καὶ
195 820 301 856 Σωτῆρι
323 820 400 856 ἡμῶν
422 820 536 847 ἕκαστον
560 820 682 856 ἀκριϐῶς
707 820 761 847 τῶν
784 820 818 847 δι’
841 820 927 856 αὐτῆς

131 866 305 902 δηλουμένων
317 876 350 893 πε
355 867 406 902 πλη
412 875 449 902 ρω
453 867 542 902 μένον.

980 325 991 341 ι
1007 315 1039 342 Et
1053 315 1138 343 linum
1162 315 1300 351 fumigans
1315 324 1371 344 non
1393 317 1560 352 exstinguet.
1578 327 1587 344 ι
1606 317 1769 347 Planissime

977 366 1069 389 autem
1083 361 1165 389 linem
1183 370 1262 390 suum
1276 363 1381 398 accepit
1393 363 1474 391 etiarn
1488 363 1554 391 illud
1573 372 1580 390 :
1599 373 1609 390 ι
1626 363 1659 391 Et
1676 365 1703 392 in
1721 373 1768 393 no-

976 408 1050 435 mine
1065 407 1124 442 ejus
1141 414 1234 443 gentes
1247 409 1397 443 sperabunt
1411 409 1468 436 :nin
1484 410 1544 436 solo
1556 410 1629 438 enim
1644 409 1768 438 Salvato-

975 454 1016 482 ris
1034 454 1122 482 nostri
1138 453 1203 482 Jesu
1221 455 1324 482 Christi
1346 455 1468 488 nomine,
1485 455 1649 484 Christiana:
1673 461 1768 492 gentes

977 504 1166 535 speraverant,
1182 508 1242 535 quae
1255 501 1338 528 etiam
1359 510 1391 529 ex
1408 502 1540 537 religione
1557 510 1640 537 quam
1654 510 1770 538 accepe-

977 554 1017 578 re,
1042 546 1116 574 illius
1132 546 1210 580 quasi
1235 548 1356 581 parentis
1383 548 1548 583 cognomine
1567 553 1669 576 notatas
1689 553 1765 577 sunt.

979 591 1084 620 Etenim
1101 593 1173 627 quod
1189 593 1272 620 nullis
1296 593 1359 620 aliis
1376 594 1430 621 nisi
1447 595 1574 629 gentibus
1587 595 1614 622 in
1627 595 1714 622 lucem
1731 595 1769 623 sit

978 638 1070 670 datus,
1094 638 1150 672 jam
1167 643 1247 666 antea
1266 638 1370 666 dictum
1394 640 1504 668 fuerat:
1522 644 1548 667 et
1566 648 1614 675 per
1628 640 1767 674 eumdem,

977 687 1007 710 ut
1025 683 1114 718 ipsum
1136 684 1279 711 oraculum
1296 684 1511 719 signiﬁcaverat,
1527 686 1599 712 oculi
1618 693 1766 718 caecorum,

976 736 1071 757 eorum
1087 730 1179 764 utique
1195 730 1242 764 qui
1264 731 1402 765 quondam
1418 736 1508 759 meme
1529 732 1656 759 excmcati
1677 736 1766 766 erant,

976 775 1062 808 aperti
1078 778 1153 805 sunt,
1171 782 1260 810 neque
1275 783 1370 802 eorum
1384 775 1477 808 modo,
1493 776 1540 804 sed
1555 777 1637 804 etiam
1661 777 1707 812 qui
1722 777 1767 812 ip-

977 827 1038 847 sum
1055 828 1156 855 corpus
1181 821 1375 856 perdidissent.
1390 821 1471 857 Atqui
1485 823 1604 851 vinculis
1619 827 1646 850 et
1661 823 1768 851 catenis

976 871 1150 902 peccatorum
1162 867 1190 895 in
1206 868 1328 896 tenebris
1342 872 1370 895 et
1381 869 1553 903 ignoratione
1574 877 1645 896 verte
1656 869 1767 905 pietatis

131 915 209 950 prius
228 915 418 945 versabantur,
440 922 486 949 per
516 915 640 942 etnndem
659 922 674 941 a
694 914 814 950 peccatis
840 914 935 948 soluti,
967 915 1059 942 lumen
1091 915 1256 950 cognitionis
1280 915 1490 951 libertatemque
1505 916 1575 951 apud
1594 916 1677 944 Deum
1691 916 1767 943 acci-

133 968 197 994 pere
213 963 382 988 meruerunt.
399 959 440 987 Tu
458 967 521 988 vero
545 960 578 988 ad
594 961 689 988 horum
708 961 846 996 exemplar
862 968 923 996 quae
941 961 1066 995 exposita
1083 965 1158 993 sunt,
1182 961 1205 989 si
1230 961 1364 996 reliquam
1400 962 1466 990 item
1501 962 1649 989 dictionem
1673 963 1768 999 explo‘

130 1007 247 1038 raveris,
263 1006 291 1033 in
306 1007 365 1033 solo
378 1005 493 1034 Domino
502 1006 698 1042 Salvatoreque
726 1012 832 1040 nostro,
863 1007 1078 1043 unumquodque
1094 1016 1200 1041 eorum,
1215 1016 1276 1043 qua:
1306 1009 1334 1036 in
1354 1009 1400 1036 illa
1425 1009 1611 1042 continentur,
1643 1009 1769 1038 absolute

130 1054 297 1090 completum
316 1054 447 1082 invenies.

136 1112 205 1141 Ἀπὸ
226 1114 279 1141 τοῦ
295 1115 453 1156 αὑτοῦκ-
467 1116 607 1156 (legito?
620 1117 663 1156 μὴ
682 1117 860 1156 πιστεύσειν
879 1117 923 1149 εἰς

976 1114 1057 1151 45η,
1071 1113 1110 1141 Ab
1123 1114 1221 1155 eodem,
1239 1129 1273 1133 —
1289 1114 1372 1156 ὓς.εο
1384 1115 1454 1150 quod
1467 1114 1598 1156 Iudaicus
1611 1115 1724 1150 populus
1737 1115 1766 1156 in

273 1150 367 1177 αὐτὸν
382 1151 435 1178 τὸν
452 1151 511 1178 τῶν
528 1150 677 1179 Ἰουδαίων
694 1153 781 1180 λαόν.

170 1215 179 1230 ι
195 1204 273 1232 Εἶδον
289 1206 333 1232 τὸν
355 1207 456 1242 Κύριον
472 1208 626 1244 καθήμενον
643 1208 688 1235 ἐπὶ
707 1208 801 1244 Θρόνου
821 1207 922 1244 ὑψηλοῦ

131 1251 181 1277 καὶ
196 1252 363 1287 ἐπηρμένου,
375 1254 422 1280 καὶ
436 1255 573 1289 σεραφεὶμ
588 1256 761 1289 είστήκεισαν
776 1254 868 1289 κύκλῳ
879 1255 925 1280 αὑ·

130 1296 190 1323 τοῦ.
206 1307 215 1323 ι
240 1296 296 1324 Εἶθ’
312 1298 416 1330 ὑποϐάς
431 1308 497 1336 φησι
511 1309 516 1314 -
543 1309 552 1325 ι
579 1300 634 1326 Καὶ
651 1300 754 1335 ηκουσα
770 1299 819 1334 τῆς
834 1299 924 1334 φωνῆς

132 1343 238 1379 Κυρίου
255 1344 379 1379 λέγοντος
388 1354 395 1361 ·
408 1345 475 1372 Τίνα
492 1346 644 1373 ἀποστείλω
653 1366 660 1378 ,
677 1347 723 1372 καὶ
736 1346 778 1377 τίς
795 1346 925 1381 πορεύσε-

131 1396 177 1415 τειι
191 1389 259 1425 πρὸς
268 1390 314 1417 τὸν
328 1390 393 1418 λαὸν
409 1391 520 1424 mirum;
537 1393 592 1419 Καὶ
605 1389 684 1418 εἶπα·
705 1392 770 1418 Ἰδοὺ
789 1391 843 1426 ἐγώ
855 1394 922 1427 εἰμι,

131 1435 293 1462 ἀπόστειλον
308 1445 352 1472 με.
370 1438 425 1465 Καὶ
439 1436 516 1464 εἷπε-
542 1438 707 1473 Πορεύθητι,
730 1438 777 1464 καὶ
799 1438 860 1464 εἰπὲ
885 1437 930 1473 τῷ·

130 1480 189 1515 λαῷ
203 1482 304 1517 τούτῳ·
326 1483 405 1518 Ἀκοῇ
418 1483 563 1516 ἀκούσετε,
580 1485 628 1511 καὶ
644 1484 674 1511 οὐ
691 1483 728 1520 μὴ
745 1484 859 1519 συνῆτε,
878 1484 924 1510 καὶ

131 1525 279 1560 βλέποντες
293 1528 404 1563 βλέψετε
419 1550 426 1561 ,
440 1530 486 1556 καὶ
497 1531 528 1556 οὺ
545 1530 582 1566 μὴ
599 1530 682 1565 ἴδητε.
701 1530 854 1566 Ἐπαχύνοη
870 1530 924 1566 γὰρ

131 1573 148 1607 ἡ
163 1572 260 1607 καρδία
276 1573 323 1599 τοῦ
340 1573 405 1599 λαοῦ
421 1573 517 1601 τούτου
531 1595 538 1606 ,
554 1576 600 1602 καὶ
615 1577 672 1607 τοῖς
688 1575 756 1601 ὠσὶν
771 1576 860 1601 αὐτῶν
877 1576 924 1611 βα-

133 1619 203 1653 ρέως
217 1619 354 1654 ἥκουσαν,
371 1621 417 1647 καὶ
432 1622 494 1652 τοὺς
515 1621 671 1657 ὀφθαλμοὺς
687 1623 777 1650 αὐτῶν
799 1623 925 1658 ἐκάμμυ-

132 1673 201 1695 σαν,
218 1666 324 1700 μήποτε
351 1666 425 1693 ἴδωσι
448 1668 503 1698 τοῖς
520 1667 686 1702 ὀφθαλμοῖς,
711 1669 758 1696 καὶ
780 1671 836 1700 τοῖς
858 1669 925 1696 ὠσὶν

132 1711 289 1744 ἀκούσωσι,
302 1712 348 1738 καὶ
360 1713 392 1747 τῇ
411 1713 508 1749 καρδία
525 1713 640 1747 συνῶσι,
655 1715 702 1741 καὶ
723 1715 931 1751 ὲπιστρέψωσι,

131 1758 181 1785 καὶ
200 1757 318 1793 ἰάσωμαι
343 1759 450 1790 αὐτούς.
467 1770 475 1785 ι
497 1760 589 1795 Ἔχεις
613 1761 660 1787 καὶ
681 1761 783 1788 τούτων
805 1762 835 1788 τὸ
858 1762 926 1788 ἀπο-

132 1804 255 1839 τέλεσμα
267 1805 312 1831 ἐπὶ
328 1805 375 1832 τοῦ
390 1806 516 1841 Σωτῆρος
530 1808 546 1842 ἡ
551 1807 619 1841 μῶν,
634 1807 704 1834 κατὰ
717 1809 764 1843 μὲν
775 1808 820 1835 τὸν
838 1808 926 1835 Ἰωάν-

133 1859 184 1885 νην
201 1851 325 1886 φήσαντα
337 1860 343 1865 ·
371 1860 380 1877 ι
395 1851 520 1878 Τοσαῦτα
541 1852 569 1878 δὲ
586 1853 669 1879 αὑτοῦ
685 1855 786 1888 σημεῖα
809 1862 924 1889 πεποιη-

132 1895 212 1927 κότος
228 1895 382 1932 ἔμπροσθεν
397 1896 485 1923 αὐτῶν
497 1917 503 1928 ,
520 1897 569 1924 οὐκ
587 1898 750 1925 ἐπίστευσαν
769 1899 808 1930 εἰς
831 1899 923 1930 αὑτὸν,

133 1941 177 1967 ἵνα
203 1942 218 1968 ό
240 1942 318 1976 λόγος
350 1943 461 1970 Ἡσαΐου
486 1943 532 1970 τοῦ
560 1949 699 1980 προφήτου
728 1944 875 1980 πληρωθῇ,
896 1945 925 1971 ὃν

132 1987 209 2014 εἷπε·
232 1988 337 2024 Κύριε,
357 1989 399 2021 τίς
422 1989 566 2016 ἐπίστευσε
585 1992 616 2026 τῇ
634 1991 702 2026 ἀκοῇ
727 1991 823 2026 ἡμῶν,
852 1992 898 2017 καὶ
912 1992 926 2018 ὁ

134 2035 256 2071 βραχίων
279 2037 381 2072 Κυρίου
403 2036 455 2063 τίνι
479 2036 678 2073 ἀπεκαλύςεθη,
709 2037 751 2064 διὰ
778 2037 855 2064 τοῦτο
877 2037 927 2063 οὐκ

133 2082 266 2115 ἠδύναντο
283 2083 437 2109 πιστεύειν
453 2081 514 2109 εἶπε
528 2083 583 2119 γὰρ
598 2083 677 2110 πάλιν
697 2083 827 2115 Ἡσαΐας
842 2083 928 2110 Τετύ-

135 2128 243 2163 φλωκεν
258 2128 348 2155 αὐτῶν
359 2129 421 2161 τοὺς
435 2129 600 2164 ὀφθαλμοὺς,
615 2129 662 2156 καὶ
675 2128 821 2165 ἐπώρωσεν
837 2129 927 2155 αὐτῶν

134 2175 186 2208 τὴν
203 2174 325 2209 καρδίαν,
341 2174 384 2200 ἵνα
400 2174 436 2210 μὴ
449 2174 523 2200 ἴδωσι
534 2176 589 2205 τοῖς
605 2173 754 2209 ὀφθαλμοῖς
764 2193 770 2203 ,
795 2173 842 2200 καὶ
865 2173 928 2208 νοή-

136 2228 206 2247 σωσι
218 2221 251 2255 τῇ
264 2220 362 2255 καρδίᾳ
373 2240 380 2252 ,
397 2221 444 2246 καὶ
459 2220 642 2255 ὲπιστρέψωσι
653 2239 660 2251 ,
681 2220 728 2246 καὶ
745 2219 864 2254 ίάσωμαι
877 2219 926 2245 αὐ-

135 2266 210 2298 τούς.
236 2266 328 2293 Ταῦτα
350 2264 427 2293 εἶπεν
445 2266 575 2297 Ἡσαΐας,
593 2267 638 2292 ὅτε
653 2264 706 2292 εῗδε
726 2265 774 2301 τὴν
790 2266 866 2298 δόξαν
883 2265 928 2292 αὒ-

135 2312 195 2343 τοῦ,
204 2312 251 2338 καὶ
262 2312 377 2347 suam;
391 2311 454 2346 περὶ
469 2310 549 2337 αὐτοῦ
560 2319 566 2326 ’
580 2320 588 2336 ι
602 2309 672 2337 κατὰ
684 2310 712 2336 δὲ
724 2310 769 2337 τὸν
779 2309 926 2340 Ματοαῐον,

136 2359 181 2385 ὅτε
209 2358 402 2394 προσελθόντες
425 2358 450 2384 οἱ
475 2357 593 2393 μαθηταὶ
621 2356 703 2383 αὑτοῦ
729 2354 804 2382 εἷπον
836 2355 926 2390 αὐτῷ’

136 2405 188 2432 Διὰ
203 2405 228 2431 τί
245 2405 273 2430 ὲν
288 2404 455 2439 παραϐολαῖς
471 2404 562 2435 αὐτοῖς
579 2403 683 2435 λαλεῐςς
698 2404 712 2429 ὁ
726 2402 753 2429 δὲ
769 2401 928 2438 ἀποκριθεὶς

137 2448 230 2477 εἶπεν·
252 2450 331 2484 Ὑμῖν
346 2449 449 2476 δέδοται
469 2450 568 2484 γνῶναι
582 2449 615 2475 τὰ
632 2449 769 2484 μυστήρια
786 2449 834 2484 τῆς
851 2448 928 2484 βασι-

1164 1150 1250 1184 ipsum
1266 1150 1414 1177 crediturus
1430 1158 1481 1176 non
1493 1155 1570 1177 esset.

1013 1216 1022 1233 ι
1040 1206 1100 1234 Vidi
1116 1206 1260 1233 Dominum
1281 1206 1419 1234 sedentem
1438 1214 1519 1242 super
1536 1207 1604 1234 solio
1620 1208 1727 1235 excelso
1740 1210 1768 1235 et

976 1253 1085 1280 sublimi
1101 1262 1107 1280 :
1124 1257 1150 1280 et
1166 1253 1303 1288 scraphim
1322 1253 1432 1280 stabant
1447 1253 1474 1280 in
1492 1253 1610 1280 circuitu
1630 1253 1690 1287 ejus
1700 1253 1734 1282 9’.
1754 1263 1764 1280 ι

976 1298 1077 1325 Deinde
1100 1298 1240 1333 paululum
1262 1306 1425 1334 progressus
1452 1299 1492 1326 sic
1508 1300 1566 1326 ait:
1587 1308 1596 1324 ι
1617 1299 1650 1326 Et
1674 1299 1765 1326 audivi

975 1352 1069 1371 vocem
1095 1343 1202 1370 Domini
1229 1344 1346 1371 dicentis
1369 1354 1375 1371 :
1398 1344 1483 1377 Quem
1514 1345 1637 1371 mittam?
1658 1348 1684 1372 et
1704 1346 1768 1380 quis

976 1389 1027 1415 ibit
1041 1388 1073 1414 ad
1098 1388 1226 1422 populum
1253 1388 1348 1414 hunc?
1365 1387 1397 1414 Et
1411 1388 1467 1415 dixi
1485 1396 1490 1414 :
1506 1387 1575 1416 Ecce
1589 1397 1639 1424 ego
1657 1389 1766 1422 adsum,

975 1434 1053 1461 mitte
1068 1441 1120 1460 me.
1143 1433 1175 1460 Et
1193 1433 1261 1460 dixit
1278 1443 1283 1460 :
1300 1433 1385 1464 Vade,
1402 1438 1429 1460 et
1445 1433 1490 1461 die
1511 1434 1612 1469 populo
1626 1434 1700 1468 huic,
1717 1443 1767 1462 au-

975 1480 1033 1506 ditu
1055 1479 1182 1510 audietis,
1197 1482 1289 1506 etnon
1306 1479 1473 1513 intelligetis,
1486 1484 1512 1506 ct
1527 1479 1664 1508 intuentes
1676 1480 1766 1507 intue-

976 1525 1082 1557 bimini,
1104 1529 1130 1552 et
1147 1533 1200 1551 non
1221 1525 1357 1552 videbitis.
1372 1524 1503 1552 Crassum
1519 1525 1592 1552 enim
1608 1525 1710 1553 factum
1725 1529 1767 1553 est

976 1579 1024 1598 cor
1036 1571 1127 1606 populi
1144 1571 1235 1605 hujus,
1251 1577 1277 1598 ct
1289 1571 1401 1597 auribus
1413 1571 1470 1597 suis
1480 1571 1600 1606 graviter
1608 1571 1767 1605 audierunt,

975 1621 1003 1645 et
1017 1617 1113 1644 oculos
1128 1625 1193 1644 suos
1206 1617 1376 1649 clauserunt,
1393 1617 1537 1651 nequando
1546 1618 1655 1644 videant
1666 1617 1766 1650 oculis,

976 1667 1003 1691 et
1017 1663 1131 1689 auribus
1149 1662 1274 1694 audiant,
1291 1666 1319 1689 et
1335 1662 1418 1689 corde
1431 1662 1594 1697 intelligant,
1610 1666 1637 1690 et.
1656 1670 1768 1691 conver-

976 1713 1081 1740 tantur,
1107 1711 1134 1735 et
1158 1716 1252 1735 senem
1276 1707 1353 1735 eos‘.
1379 1717 1388 1733 ι
1414 1707 1514 1734 Harum
1539 1715 1649 1743 quoque
1675 1715 1767 1735 rerum

976 1754 1061 1782 habes
1078 1758 1204 1781 eventum
1225 1754 1251 1780 in
1273 1752 1416 1780 Salvatore
1429 1757 1534 1784 nostro,
1553 1757 1581 1779 ut
1594 1752 1665 1787 apud
1684 1751 1769 1780 Joan-

946 1818 960 1828 π
977 1807 1039 1827 nem
1066 1799 1192 1834 legimus,
1215 1797 1262 1832 qui
1283 1798 1321 1824 ait
1341 1806 1347 1823 :
1367 1806 1376 1822 ι
1396 1797 1463 1824 Cum
1487 1801 1578 1824 autem
1605 1802 1660 1823 tam
1682 1798 1768 1824 multa

977 1846 1054 1880 signa
1076 1845 1186 1872 fecisset
1202 1851 1295 1870 coram
1311 1843 1362 1876 eis,
1384 1851 1438 1870 non
1451 1843 1626 1870 crediderunt
1644 1843 1670 1869 in
1687 1851 1761 1875 eum,

978 1895 1007 1918 ut
1022 1898 1113 1919 sermo
1129 1889 1205 1918 lsaiaa
1221 1890 1362 1925 propheta:
1384 1890 1555 1924 impleretur,
1575 1897 1660 1924 quem
1674 1889 1743 1916 dixit
1758 1896 1765 1915 :

977 1935 1102 1968 Domine,
1125 1936 1187 1971 quis
1205 1935 1320 1963 credidit
1334 1935 1439 1962 auditui
1456 1934 1573 1962 nostro?
1586 1941 1612 1962 et
1627 1935 1768 1962 brachium

976 1982 1097 2015 Domini,
1110 1984 1154 2010 cui
1169 1983 1318 2010 revelatum
1335 1982 1396 2009 est?
1411 1985 1554 2019 propterea
1571 1989 1624 2009 non
1643 1985 1769 2016 poterant

977 2030 1098 2063 credere,
1115 2030 1179 2064 quia
1205 2030 1304 2056 iterum
1321 2028 1391 2056 dixit
1413 2029 1499 2057 Isaias
1514 2036 1520 2054 :
1537 2028 1689 2055 Excmcavit
1702 2035 1770 2055 ocu-

977 2078 1020 2106 los
1033 2087 1141 2111 eorum,
1157 2083 1184 2106 et
1200 2077 1338 2105 induravit
1353 2085 1401 2104 cor
1414 2085 1520 2108 eorum,
1533 2085 1567 2104 ne
1581 2077 1690 2104 videant
1701 2084 1770 2104 ocu-

977 2126 1022 2156 lis.
1038 2129 1065 2153 et
1082 2125 1165 2153 corde
1185 2125 1348 2160 intelligant,
1365 2128 1393 2152 et
1407 2128 1614 2156 convertantur,
1625 2128 1653 2151 et
1673 2132 1767 2152 sanem

977 2181 1036 2201 eos.
1061 2173 1123 2200 [hec
1138 2172 1207 2200 dixit
1230 2172 1326 2204 Isaias,
1343 2172 1454 2207 quando
1477 2172 1547 2199 vidit
1564 2172 1678 2207 gloriam
1695 2171 1768 2206 ejus,

978 2222 1004 2244 et
1032 2218 1141 2245 locutus
1170 2221 1212 2245 est
1235 2216 1269 2243 de
1295 2224 1328 2243 eo
1339 2217 1359 2243 ‘.
1381 2226 1390 2242 ›
1408 2216 1562 2249 Czeterum,
1589 2219 1618 2243 ut
1641 2220 1682 2244 est
1696 2216 1768 2251 apud

979 2264 1147 2296 liatth:eum,
1168 2265 1329 2291 accedentes
1344 2263 1473 2297 discipuli
1495 2262 1557 2297 ejus
1572 2262 1700 2289 dixerunt
1715 2263 1739 2289 ei
1759 2271 1765 2289 :

982 2320 991 2336 ι
1008 2310 1099 2343 Quare
1117 2311 1144 2337 in
1161 2310 1297 2345 parabolis
1308 2309 1431 2344 loqueris
1446 2308 1502 2336 eis?
1529 2308 1575 2342 qui
1600 2307 1770 2341 respondens

979 2356 1017 2383 ait
1031 2355 1085 2383 illis
1099 2364 1104 2381 :
1120 2356 1202 2383 Vobis
1214 2356 1306 2383 datum
1322 2359 1363 2383 est
1379 2362 1460 2382 nosse
1477 2354 1606 2389 mysteria
1619 2353 1704 2387 regni,
1715 2352 1769 2378 illis

980 2405 1070 2429 autem
1097 2409 1151 2428 non
1179 2405 1220 2428 est
1243 2401 1337 2429 datum
1355 2409 1361 2426 :
1377 2401 1437 2428 ideo
1457 2400 1482 2427 in
1510 2399 1646 2430 parabolis
1671 2398 1769 2433 loquor

980 2447 1031 2479 eis,
1049 2451 1078 2473 ut
1093 2446 1216 2473 videntes
1236 2454 1290 2474 non
1307 2446 1428 2478 videant,
1443 2450 1470 2473 et
1487 2445 1630 2472 audientes
1648 2451 1701 2470 non
1719 2450 1769 2469 au-

137 2495 225 2526 λείας,
239 2495 351 2526 ἐκείνοις
362 2495 389 2522 δὲ
402 2495 432 2521 οὺ
443 2495 560 2521 δέδοται·
574 2494 616 2521 διὰ
628 2493 708 2520 τοῦτο
719 2494 747 2519 εν
761 2493 927 2528 παραϐολαῖς

982 2493 1068 2524 (ﬁant,
1083 2499 1118 2519 ne
1134 2492 1244 2526 quando
1256 2497 1461 2522 convertantur,
1477 2496 1503 2518 et
1519 2498 1611 2519 sanem
1625 2488 1768 2517 eos.’l‘unc

138 2542 233 2572 αὐτοῖς
248 2540 336 2571 λαλῶ,
352 2541 398 2567 ἵνα
415 2540 558 2575 βλέποντες
577 2543 614 2574 μή
632 2538 749 2573 βλέπωσι
760 2558 767 2569 ,
786 2538 833 2564 καὶ
849 2537 932 2564 ἀκού-

138 2595 215 2617 οντες
230 2588 267 2621 μη
282 2586 401 2612 ἀκούωσι
412 2606 419 2617 ,
436 2586 473 2621 μή
489 2594 552 2612 ποτε
570 2584 752 2620 ὲπιστρέψωσι
763 2604 770 2614 ,
784 2584 832 2610 καὶ
848 2583 930 2609 ἰάσω-

141 2640 192 2667 μαι
207 2631 315 2663 αὐτούς.
332 2632 399 2658 Τότε
413 2630 557 2667 ἐπληρώθη
575 2631 617 2656 ἐπ’
634 2631 726 2660 αὐτοῖς
745 2630 761 2664 ἡ
778 2629 931 2665 προφητεία

147 2677 260 2703 Ἡσαΐου
283 2678 299 2712 ἠ
314 2676 447 2711 λέγουσα”
465 2687 473 2702 ι
489 2675 655 2712 Πορεύθητι,
671 2679 718 2701 και
742 2674 801 2700 εἰπὲ
817 2673 856 2709 τῷ
874 2673 931 2708 λαῷ

139 2721 245 2756 τούτῳ’
267 2721 346 2756 Ἀκοῇ
363 2720 509 2752 ἀκούσετε,
527 2721 573 2746 καὶ
585 2720 615 2745 οὺ
631 2719 667 2754 μὴ
687 2719 795 2753 συνῆτε,
811 2727 821 2744 ι
838 2718 932 2745 καὶτὰ

139 2767 248 2798 τούτοις
269 2767 338 2802 ἑξῆς.
367 2766 506 2802 Ἐπιτήρει
528 2766 556 2792 δὲ
578 2765 638 2791 τίνα
655 2765 755 2802 τρόπον
772 2765 785 2790 ὁ
807 2764 933 2800 Ἰωάννης

140 2814 241 2847 ἐπάγει
258 2813 359 2846 λέγων·
378 2822 387 2837 ι
403 2812 495 2838 Ταῦτα
510 2810 585 2838 εἷπεν
603 2812 727 2842 Ἡσαΐας,
745 2811 789 2837 ὅτε
807 2808 861 2836 εἶδε
883 2810 932 2845 τὴν

140 2859 220 2892 ὃῦξαν
230 2858 322 2890 αὐτοῦ,
331 2858 378 2885 καὶ
388 2858 500 2893 ἐλάλησε
509 2858 573 2894 περὶ
583 2856 676 2888 αὑτοῦ,
691 2867 700 2883 ›
708 2857 745 2888 ὡς
756 2857 801 2884 τὸν
814 2857 836 2883 ,Χ
841 2857 931 2892 ριστὸν

178 2937 200 2952 ⁵·
224 2936 276 2962 lsa.
295 2944 335 2965 νι,
355 2934 408 2965 l,?.

450 2935 457 2949 ¹
477 2934 541 2961 ibid.
559 2935 635 2963 8-i0.
673 2936 683 2950 ¹
707 2934 786 2962 Joan.
805 2943 859 2966 ιιι,
876 2933 974 2960 5741.

984 2537 1119 2572 completa
1136 2541 1179 2564 est
1200 2537 1228 2564 in
1253 2538 1293 2565 eis
1315 2538 1456 2572 prophetia
1484 2535 1577 2567 Isaize,
1601 2543 1659 2568 «una:
1675 2534 1766 2561 dicit:

985 2581 1070 2615 Vade,
1085 2587 1112 2610 et
1135 2583 1180 2610 dic
1201 2584 1302 2618 populo
1325 2584 1398 2615 huic,
1418 2583 1511 2609 auditu
1527 2581 1656 2614 audietis,
1672 2585 1698 2606 οι
1712 2587 1768 2608 non

985 2629 1182 2664 intelligetis“,
1207 2639 1216 2656 ι
1233 2635 1259 2657 et
1287 2638 1347 2665 qum
1376 2633 1539 2664 sequuntur.
1564 2627 1680 2654 Attende
1704 2632 1770 2653 vero

986 2675 1049 2709 quid
1069 2675 1109 2702 .sit
1132 2675 1203 2710 quod
1230 2675 1349 2703 Joannes
1370 2675 1502 2710 adjungit,
1524 2674 1569 2701 ubi
1595 2673 1655 2699 ait:
1677 2683 1686 2698 ι
1707 2671 1770 2700 Haec

983 2722 1051 2748 dixit
1066 2721 1160 2753 Isaias,
1177 2723 1287 2757 quando
1311 2722 1378 2749 vidit
1393 2722 1506 2756 gloriam
1524 2719 1595 2754 ejus,
1609 2723 1636 2746 et
1660 2719 1770 2747 locutus

983 2771 1025 2794 est
1052 2767 1085 2794 de
1114 2775 1158 2794 eo.
1186 2777 1195 2792 ι
1226 2767 1304 2800 Quod
1331 2775 1397 2795 sane
1425 2775 1478 2794 non
1513 2766 1592 2793 aliter
1629 2764 1770 2800 accipien-

984 2812 1048 2838 dum
1080 2816 1143 2842 est,
1174 2820 1206 2839 ac
1235 2813 1257 2840 si
1295 2812 1433 2840 Christum
1467 2811 1625 2846 Christique
1654 2809 1770 2845 gloriam

985 2857 1116 2892 propheta
1145 2859 1173 2885 in
1206 2866 1238 2885 ea
1267 2859 1372 2886 visione
1409 2858 1530 2891 viderit,
1557 2857 1585 2884 in
1611 2864 1665 2891 qua
1695 2856 1734 2882 ait
1758 2862 1770 2884 3

1013 2933 1024 2949 ³
1042 2933 1137 2962 Matth.
1155 2942 1221 2966 xm,
1244 2935 1334 2963 tC-M.
