2099 3217
341 209 391 237 707

641 208 775 236 EUSEBII
794 207 1035 236 CESABIENSIS
1053 207 1238 235 0PP.-PARS
1258 208 1289 235 ll.
1308 224 1342 229 —
1361 208 1606 238 APOLOGETICA.

1902 213 1954 242 703

340 265 420 302 455
438 274 448 291 ι
466 264 524 292 Vidi
543 263 686 292 Dominum
703 263 822 291 Sabaoth
838 263 978 291 sedentem
999 265 1026 290 in
1051 264 1120 291 solio

1171 266 1323 301 ἑωρακότος
1346 268 1393 293 καὶ
1415 267 1463 303 τὴν
1485 268 1601 303 Χριστοῦ
1623 269 1701 302 δόξαν
1723 269 1771 296 τοῦ
1789 271 1953 307 προφήτου,

340 311 448 338 excelso
459 314 484 337 et
495 309 614 343 sublin'ii,
633 319 643 335 ι
659 313 686 336 et
701 316 761 344 quae
773 312 934 344 sequuntur.
951 308 1018 342 Quis
1029 310 1120 335 autem

341 363 395 382 non
409 355 560 381 admiretur
584 354 746 381 oraculum?
773 361 835 380 cum
856 354 937 381 etiam
966 361 1040 381 nunc
1054 353 1121 380 adeo

340 401 479 428 evidenter
503 400 602 427 intueri
630 400 710 427 liceat
731 398 840 426 Judaici
861 399 952 434 populi
988 399 1121 426 adversus

340 444 477 472 Christum
496 443 734 472 incredulitatem?
751 444 817 471 Nam
840 444 904 470 olim
921 443 1030 478 quidem
1044 444 1121 471 illum

340 490 476 518 hominem
492 490 603 521 factum,
616 489 802 524 miraculaque
812 489 936 517 edentem
953 489 1024 524 apud
1040 497 1069 516 se
1080 489 1124 516 in-

339 540 458 569 tuentes,
483 536 567 563 animi
596 539 678 570 atque
701 536 886 570 intelligentiae
907 524 995 562 oculis
1009 543 1123 563 cernere

339 589 395 609 non
412 585 547 616 poterant.
566 589 655 616 neque
672 581 744 616 apud
766 581 840 616 ipsos
862 581 934 609 ullus
950 585 1009 608 erat
1025 581 1122 609 anima:

340 627 513 662 intelligentis
530 626 655 657 intuitus,
669 634 723 661 quo
735 627 929 661 perspicerent,
946 634 1070 662 quaenam
1077 634 1122 654 es-

339 677 381 701 set
395 673 423 700 in
439 673 536 700 mediis
554 673 622 707 ipsis
637 673 738 704 virtus.
756 680 816 707 qua!
831 677 906 700 tanta
924 677 951 700 et
967 677 1020 700 tam
1037 673 1122 700 multa

339 719 470 746 miracula
485 718 612 746 alliceret.
629 718 701 751 Quin
718 718 800 745 etiam
817 726 878 745 cum
902 719 1016 746 auribus
1039 719 1122 746 verba

338 765 400 791 vitae
415 767 522 790 aeternae
535 763 673 797 percipere
687 762 776 789 idonei
792 763 890 789 redditi
906 767 1008 795 essent,
1027 768 1054 790 et
1072 771 1121 790 vo-

339 817 397 836 cem
414 810 512 836 divinae
526 810 665 844 sapientiae
679 810 816 841 audirent,
832 810 945 837 auribus
957 810 1055 838 mentis
1067 818 1123 838 non

339 855 496 887 audiebant,
513 859 542 882 ut
557 855 596 882 sic
621 855 746 883 videlicet
763 855 872 890 ipsimet
889 855 1037 890 prophetiae
1060 863 1120 882 ma-

339 900 470 928 nifestum
496 900 574 928 linem
591 901 771 936 imponerent.
789 900 886 927 Adhuc
899 904 989 927 autem
1003 908 1064 927 cum
1079 901 1122 928 di-

339 946 431 973 vinam
446 946 547 974 Christi
566 946 704 978 virtutem,
718 954 766 981 per
777 953 858 980 quam
874 954 954 973 omne
971 950 1056 981 genus
1071 946 1120 973 ho-

340 993 443 1020 minum
459 993 553 1028 patriis
567 993 809 1028 superstitionibus
828 993 982 1025 liberatum,
998 1001 1054 1021 suae
1079 994 1121 1028 ip-

340 1038 398 1065 sius
415 1038 539 1073 religioni
556 1038 682 1073 subjecit,
700 1042 754 1064 tam
772 1039 845 1065 clare
872 1039 1017 1066 micantem
1033 1039 1121 1073 inspi-

338 1084 428 1118 ciant,
465 1091 637 1119 nequaquam
664 1083 690 1110 vi
717 1084 815 1111 mentis
839 1084 1005 1116 attendunt,
1033 1092 1122 1119 neque

338 1129 568 1162 animadvertunt,
581 1129 820 1164 quemadmodum,
834 1129 906 1164 quod
921 1136 1010 1164 neque
1022 1136 1037 1155 a
1047 1128 1121 1157 Mose

338 1182 427 1210 neque
438 1182 454 1202 a
469 1175 668 1210 posterioribus
684 1174 757 1202 Mose
775 1175 914 1209 proiilietis
931 1175 958 1201 in
975 1175 1041 1202 solis
1055 1174 1122 1209 ipsis

337 1221 455 1248 obtineri
470 1221 568 1256 potuit,
587 1221 638 1248 hoc
660 1225 702 1248 est
726 1229 760 1249 nc
777 1222 932 1249 simulacris
959 1221 1120 1249 addiceren-

337 1270 393 1299 tur,
411 1275 499 1301 neque
515 1267 663 1294 multorum
674 1267 787 1294 deorum
799 1267 988 1302 superstitioni
1003 1266 1122 1294 adhaere-

338 1315 409 1344 reiit,
428 1313 517 1348 ipsum
534 1312 586 1340 hoc
603 1312 630 1339 in
652 1312 759 1340 cunctis
776 1313 901 1348 gentibus
916 1313 1008 1339 divina
1025 1312 1120 1339 Salva-

339 1357 408 1385 toris
439 1357 525 1384 nostri
556 1357 655 1388 virtus,
685 1361 715 1384 ut
741 1357 963 1389 constitueretur,
989 1356 1119 1384 ell‘ecerit.

339 1401 440 1431 Deinde
449 1403 606 1439 prophetica
618 1403 651 1431 de
663 1402 710 1430 illo
722 1404 878 1431 testimonia
891 1403 1000 1430 assidue
1011 1411 1122 1430 versan-

338 1455 391 1482 tes,
407 1450 501 1477 auditu
517 1449 627 1484 quidem
654 1449 780 1482 audiunt,
799 1449 847 1476 sed
875 1457 935 1476 non.
953 1449 1119 1484 intelligunt,

340 1497 433 1528 utpote
458 1501 519 1520 cum
549 1493 630 1520 etiam
649 1501 723 1521 nunc
747 1493 899 1529 prophetia,
921 1501 981 1529 quae
999 1501 1071 1522 nunc
1092 1494 1120 1520 in

339 1539 465 1567 manibus
478 1543 530 1573 est,
546 1543 641 1566 contra
659 1539 733 1575 ipsos
749 1547 843 1567 revera
858 1541 1037 1575 compleatur.

339 1597 359 1624 Α
377 1596 802 1630 Zachariu.-Quemadmodum
827 1605 904 1631 super
928 1597 1000 1630 pulla
1028 1597 1119 1625 sedem

421 1632 606 1667 Hierosolyma
621 1633 786 1668 ingressurus
798 1633 905 1659 oraculo
919 1633 1034 1660 dicatur.

377 1697 387 1714 ι
409 1687 502 1716 Gaude
524 1689 707 1720 vehementer,
733 1688 788 1716 lilia
814 1689 897 1722 Sion;
921 1689 1049 1724 praedica,
1066 1689 1119 1717 ﬁlia

337 1735 498 1763 Jerusalem.
515 1735 584 1762 Ecce
603 1735 657 1763 Rex
671 1739 735 1762 tuus
751 1735 825 1762 venit
840 1735 888 1762 tibi
907 1735 999 1770 justus
1019 1740 1047 1762 et
1064 1736 1121 1763 sal-

338 1789 386 1809 vos
409 1781 511 1809 faciens
529 1791 537 1808 ;
553 1781 611 1817 ipse
638 1785 798 1808 mansuetus
825 1785 852 1808 et
869 1781 1014 1816 impositus
1038 1789 1121 1816 super

335 1826 490 1861 jumentum
508 1830 534 1854 et
549 1826 654 1861 pullum
669 1826 881 1854 adolescentem.
900 1827 934 1853 Et
951 1827 1046 1861 perdet
1057 1834 1120 1854 cur-

300 1872 306 1874 “
339 1879 399 1898 rum
418 1879 452 1898 ex
474 1871 601 1906 Ephrem,
615 1875 642 1899 et
657 1879 755 1906 equum
769 1879 801 1898 ex
816 1870 965 1899 Jerusalem
981 1881 988 1899 :
1010 1876 1036 1899 et
1049 1872 1122 1906 peri-

338 1914 377 1941 bit
394 1921 474 1942 arcus
488 1915 612 1947 bellicus,
628 1919 655 1942 et
670 1915 835 1942 abundantia
847 1916 922 1950 pacis
936 1923 968 1943 ex
983 1917 1119 1951 gentibus.

339 1960 371 1986 Et
381 1961 563 1996 principatum
576 1961 710 1988 obtinebit
726 1969 740 1988 a
752 1962 821 1988 mari
837 1969 924 1996 usque
940 1961 974 1988 ad
991 1969 1075 1993 mare,
1093 1966 1121 1990 et

339 2013 353 2032 a
369 2004 527 2033 lluminibus
552 2014 599 2040 per
622 2007 844 2042 exporrectioues
871 2011 950 2034 terra:
964 2007 985 2034 ⁸.
1012 2017 1022 2033 ι
1050 2007 1119 2034 Cum

339 2050 397 2077 haec
411 2053 473 2084 post
487 2050 602 2077 reditum
617 2050 650 2077 de
663 2051 808 2087 Babylone,
825 2051 981 2079 novissimis
1001 2052 1120 2087 prophe-

338 2098 426 2120 tarum
440 2095 607 2128 temporibus
622 2094 769 2123 Zacharias
782 2097 921 2130 cecinerit,
934 2096 1120 2133 456ηιι11υε

339 2143 399 2174 post
412 2140 470 2174 ejus
483 2141 631 2175 prophetia:
654 2146 760 2176 tempus
773 2149 817 2168 rex
831 2141 902 2177 apud
913 2141 1021 2170 Judieos
1034 2143 1119 2170 fuisse

338 2189 513 2219 memoratur,
540 2187 647 2221 qualem
675 2188 732 2214 haec
748 2188 890 2223 prophetia
906 2189 1046 2220 describit,
1065 2190 1120 2217 nlsi

338 2239 410 2259 unus
424 2231 557 2259 duntaxat
577 2232 704 2260 Salvator
718 2241 751 2260 ac
768 2233 900 2261 Dominus
918 2238 1012 2262 noster
1026 2234 1118 2269 Jesus,

1170 311 1241 337 κατὰ
1254 311 1302 346 τὴν
1319 312 1459 344 ὀπτασίαν,
1472 313 1500 338 ἐν
1544 313 1660 348 ἔφησεν·
1683 323 1691 339 ι
1706 311 1782 341 Εἶδον
1797 315 1843 340 τδν
1853 316 1955 352 Κύριον

1171 356 1283 383 Σαϐαὼθ
1296 356 1453 393 καθήμενον
1468 358 1513 384 ἐπὶ
1534 359 1627 394 θρόνου
1645 359 1746 394 ὑψηλοῦ
1763 360 1810 387 καὶ
1832 362 1954 397 ἐπηρμέ-

1171 410 1228 434 νου,
1244 412 1253 428 ι
1279 403 1327 429 καὶ
1347 403 1382 430 τὰ
1407 403 1478 438 ἑξῆς.
1503 404 1551 435 Τίς
1569 404 1592 430 δ’
1607 405 1657 430 οὐκ
1681 405 1714 431 ἂν
1735 405 1885 441 ἐκπλαγείη
1905 407 1954 442 τὴν

1172 448 1332 485 πρόῤῥησιν,
1352 449 1474 485 ἐναργῶς
1490 449 1575 481 οὕτως
1597 451 1680 477 εἰσέτι
1701 450 1748 478 νῦν
1767 451 1838 488 ὁρῶν
1854 452 1908 479 τῶν
1923 454 1954 479 ἐκ

1173 496 1323 530 περιτομῆς
1335 495 1385 531 τὴν
1401 496 1441 527 είς
1457 496 1573 531 Χριστὸν
1588 496 1734 530 timo-Juv;
1749 498 1795 524 καὶ
1808 497 1892 525 πάλαι
1905 498 1953 533 μὲν

1172 541 1226 576 γὰρ
1248 541 1472 577 ἐνανθρωποῠντα
1486 543 1532 568 καὶ
1554 542 1812 577 παραδοξοποιοῡντσ
1825 545 1852 570 ἐν
1865 545 1953 576 αὐτοῖς

1173 587 1289 623 ὁρῶντες
1303 587 1393 620 αὑτὸν,
1411 587 1559 622 ὀφθαλμοῖς
1574 589 1662 623 ψυχῆς
1676 589 1720 615 καὶ
1733 586 1852 621 διανοίας
1864 590 1949 625 ὄμμαι

1174 642 1215 660 σιν
1227 634 1276 659 οὐκ
1289 633 1419 665 ἐθεῶντο,
1434 633 1494 660 οὺδέ
1510 642 1550 665 τις
1566 633 1601 667 ἦν
1616 636 1644 660 ἐν
1661 635 1751 667 αὐτοῖς
1763 637 1858 671 νοερᾶς
1878 636 1953 662 ἐνθυ-

1175 682 1281 716 μήσεως
1298 680 1401 716 ὅρασις,
1415 681 1454 711 είς
1467 679 1497 706 τὸ
1511 681 1627 706 συνιέναι
1644 680 1685 711 τίς
1708 681 1765 706 ποτ’
1778 682 1830 716 ἄρα
1846 679 1880 717 ἦν
1894 683 1910 717 ἡ
1922 683 1954 708 τὰ

1172 726 1290 754 τοσαῦτα
1314 727 1360 753 καὶ
1380 726 1527 762 τηλικαῦτα
1552 726 1795 762 θαυματουργοῦσα
1816 729 1844 754 ἐν
1865 729 1954 760 αὐτοῖς

1172 773 1294 808 δύναμις.
1313 772 1393 798 Ἀλλὰ
1406 773 1452 799 καὶ
1466 773 1559 804 αὐταῖς
1576 773 1669 804 ἀκοαῖς
1683 774 1792 808 ῥήματα
1806 773 1879 810 ζωῆς
1892 776 1952 801 αἰω-

1172 819 1228 847 νίου
1238 819 1363 852 δέξασθαι
1377 819 1585 854 κατηξιωμένοι,
1597 820 1643 846 καὶ
1656 820 1746 855 φωνῆς
1758 820 1849 847 ἐνθέου
1862 821 1956 855 σοφίας

1173 866 1359 903 ἀκροώμενοι,
1383 866 1433 892 ὠσὶ
1450 865 1568 897 διανοίας
1585 867 1635 892 οὐκ
1656 867 1767 901 ἤκουον,
1783 867 1821 898 ὠς
1842 867 1955 902 ἐναργὲς

1173 913 1249 944 τέλος
1264 913 1412 946 ἐπαγαγεῖν
1426 912 1525 943 αὐτοὺς
1534 913 1567 947 τῇ
1579 912 1741 947 προφητείᾳ.
1754 913 1810 939 Καὶ
1826 913 1866 944 είς
1877 913 1956 948 δεῦρο

1136 953 1156 980 Β
1170 957 1198 984 δὲ
1212 957 1261 993 τὴν
1273 957 1362 984 ἔνθεον
1378 957 1424 983 τοῦ
1441 957 1559 993 Χριστοῦ
1575 957 1699 992 δύναμιν,
1716 958 1750 984 δι’
1761 956 1795 994 ἧς
1812 959 1868 985 πᾶν
1880 959 1957 992 γένος

1171 1003 1321 1039 ἀνθρώπιον
1337 1003 1494 1038 ἀποστήσας
1516 1003 1566 1038 τῆς
1588 1003 1702 1038 πατρίου
1726 1003 1954 1039 δεισιδαιμονίας,

1171 1049 1326 1084 ὑπηγάγετο
1338 1051 1371 1084 τῇ
1384 1050 1443 1075 κατ’
1463 1049 1544 1075 αὑτὸν
1561 1049 1715 1085 θεοσεϐείᾳ,
1729 1049 1852 1085 ἐναργῶς
1871 1050 1956 1082 οὓτως

1171 1095 1372 1130 ἐμφαινομένην
1389 1095 1521 1130 όρῶντες,
1537 1095 1662 1131 οὐδαμῶς
1682 1096 1827 1131 ἐφιστῶσιν
1846 1098 1880 1132 τῇ
1901 1097 1957 1124 δια-

1170 1141 1240 1176 νοίᾳ,
1256 1141 1309 1168 οὐδ’
1321 1142 1521 1174 ἐηῦὰλλουσιν,
1533 1143 1607 1174 ὅπως
1621 1143 1652 1169 τὸ
1667 1144 1735 1178 μήτε
1748 1143 1869 1175 Μωῦσεί,
1889 1144 1955 1179 μήτε

1169 1189 1224 1219 τοῖς
1240 1189 1310 1223 μετά
1326 1188 1443 1215 Μωῦσέα
1457 1189 1607 1224 προφήταις
1620 1189 1666 1215 ἐπὶ
1684 1189 1771 1224 μόνων
1782 1189 1873 1216 αὐτῶν
1890 1198 1951 1216 κατ-

1170 1233 1308 1269 ορθωοέν,
1329 1234 1408 1260 τοῦτο
1422 1233 1454 1270 δὴ
1474 1234 1504 1260 τὸ
1527 1234 1564 1269 μὴ
1587 1234 1803 1272 εζδωλολατρεῖν,
1829 1235 1897 1270 μηδὲ
1922 1237 1954 1271 τῇ

1171 1279 1292 1315 πολυθέῳ
1316 1280 1458 1316 προσέχειν
1474 1280 1562 1317 πλάνῃ
1573 1302 1580 1313 ,
1595 1280 1667 1307 τοῦτ’
1682 1281 1728 1307 ἐπὶ
1745 1282 1854 1308 πάντων
1872 1281 1955 1309 ἐθνῶν

1170 1325 1187 1360 ἡ
1201 1325 1247 1351 τοῦ
1261 1327 1385 1362 Σωτῆρος
1397 1326 1474 1361 ήμῶν
1491 1326 1579 1358 ἔνθεος
1591 1326 1674 1362 ἀρετὴ
1686 1328 1879 1362 συνεστήσατο.
1891 1326 1955 1354 Εἶτα

1170 1373 1199 1400 δέ
1213 1373 1273 1404 ταῖς
1288 1373 1469 1408 προφητικαῖς
1482 1372 1690 1407 ἐντυγχάνοντες
1712 1373 1776 1408 περὶ
1788 1373 1872 1399 αὑτοῦ
1888 1382 1955 1409 μαρ-

1170 1418 1288 1454 τυρίαις,
1303 1419 1370 1452 ἀκοῇ
1384 1418 1431 1453 μὲν
1446 1417 1599 1450 ἀκούουσιν,
1614 1417 1671 1444 ἀλλ’
1685 1418 1716 1444 οὑ
1729 1420 1862 1451 συνιᾶσιν,
1884 1419 1955 1455 ἔργῳ

1172 1465 1362 1500 πληρουμένης
1375 1464 1458 1491 εἰσέτι
1471 1464 1518 1492 καὶ
1534 1464 1581 1491 νῦν
1594 1465 1654 1492 κατ’
1667 1465 1758 1492 αὐτῶν
1770 1465 1820 1497 τῆς
1835 1465 1865 1493 ὲν
1878 1467 1955 1502 χερσὶ

1172 1511 1349 1547 προφητείας.

1178 1590 1242 1617 Ἀπὸ
1256 1590 1308 1616 τοῦ
1321 1589 1477 1624 Ζαχαρίου.
1487 1605 1522 1610 --
1538 1590 1586 1623 Ὠς
1605 1590 1653 1617 ἐπὶ
1670 1590 1773 1617 πῶλον
1792 1591 1955 1625 ὀχούμενος

1222 1624 1344 1651 ἐλάσειν
1355 1627 1399 1658 εἰς
1413 1625 1448 1652 τὰ
1463 1626 1652 1660 Ἰεροσόλυμα
1668 1624 1895 1660 προρητεῦὲτὰι.

1209 1691 1218 1707 ι
1232 1683 1316 1717 Χαῖρε
1335 1682 1444 1718 σφόδρα,
1460 1682 1577 1718 θύγατερ
1591 1681 1671 1715 Σιὼν,
1686 1683 1823 1718 κήρυσσε,
1838 1682 1954 1718 θύγατερ

1176 1727 1369 1763 Ἰερουσαλήμ·
1394 1728 1447 1755 ίδοὺ
1469 1729 1483 1755 ὁ
1505 1727 1631 1763 βασιλεύς
1649 1736 1696 1754 σου
1720 1727 1830 1763 ἔρχεταί
1855 1737 1896 1754 σοι
1918 1728 1954 1754 δί-

1171 1782 1247 1805 καιος
1259 1775 1306 1800 καὶ
1320 1774 1423 1806 σώζων,
1438 1774 1519 1806 αὐτὸς
1536 1774 1639 1809 πραῢς,
1658 1775 1705 1801 καὶ
1720 1774 1893 1809 ἐπιϐεϐηκὼς
1909 1774 1955 1800 ἐπὶ

1171 1820 1315 1854 ὑποζύγιον
1331 1820 1377 1846 καὶ
1392 1820 1479 1846 πῶλον
1494 1820 1562 1847 νέον.
1580 1821 1635 1847 Καὶ
1646 1815 1828 1855 ἔξολοθρεύσει
1845 1820 1954 1855 ἅρματα

1170 1867 1199 1900 ἐξ
1215 1867 1364 1902 Ἐφραεὶμ,
1383 1867 1430 1893 καὶ⁴
1453 1866 1535 1893 ἵππον
1550 1866 1580 1899 ἐξ
1595 1866 1788 1902 Ἱερουσαλήμ-
1805 1866 1852 1893 καὶ
1865 1866 1951 1898 ἐξολο-

1171 1912 1346 1948 Θρευθήσεται
1360 1911 1436 1944 τόξον
1453 1913 1515 1939 πολε
1520 1913 1608 1948 μικδν,
1627 1913 1673 1939 καὶ
1687 1913 1788 1947 πλῆθος
1801 1913 1912 1949 εἰρήνης
1925 1913 1954 1946 ἐξ

1170 1957 1254 1985 ἐθνῶν
1266 1977 1274 1989 ,
1297 1958 1342 1984 καὶ¹
1360 1957 1489 1993 κατάρξει
1510 1957 1563 1984 ἀπὸ
1577 1957 1713 1993 θαλάσσης
1732 1958 1784 1989 ἓως
1797 1958 1936 1993 θαλάσσης
1946 1977 1953 1988 ,

1171 2003 1216 2030 καὶ
1232 2002 1285 2029 ἀπὸ
1304 2002 1434 2037 ποταμῶν
1451 2003 1490 2034 εἰς
1510 2001 1651 2033 διεκϐολὰς
1667 2001 1729 2036 γῆς.
1747 2011 1754 2026 ι
1776 2001 1869 2027 Ταῦτα
1887 2001 1955 2036 μετὰ

1169 2049 1218 2085 τὴν
1242 2049 1295 2076 ἀπὸ
1315 2048 1471 2080 Βαόυλῶνος
1495 2048 1622 2074 ἐπάνοδον
1642 2047 1688 2074 τοῦ
1708 2048 1842 2082 Ζαχαρίου
1861 2048 1902 2078 είς
1921 2047 1955 2073 τὰ

1170 2096 1273 2122 ὕστατα
1286 2094 1338 2121 τῶν
1354 2095 1500 2130 προφητῶν
1512 2094 1697 2126 θεσπίσαντος,
1709 2094 1795 2125 οὐδεὶς
1809 2093 1879 2128 μετὰ
1893 2094 1955 2124 τοὺς

1170 2141 1218 2176 τῆς
1243 2140 1409 2176 προφητείας
1427 2140 1539 2175 χρόνους
1566 2140 1690 2175 βασιλεὺς
1716 2140 1790 2175 παρὰ
1819 2139 1955 2170 Ἰουδαίοις

1169 2186 1288 2222 γεγονὼς
1304 2187 1458 2222 ἱστορεῖται,
1472 2183 1555 2221 οἶονή
1569 2185 1722 2221 προφητεία
1739 2185 1914 2220 παρίστησιν,
1931 2185 1955 2210 εἰ

1172 2234 1208 2269 μὴ
1227 2233 1305 2268 μόνος
1320 2233 1334 2259 ὁ
1346 2232 1440 2267 Σωτὴρ
1454 2232 1500 2257 καὶ
1514 2231 1614 2267 Κύριος
1629 2231 1706 2266 ἡμῶν
1724 2230 1828 2266 Ἰησοῦς
1838 2229 1956 2266 Χριστὸς

337 2278 463 2306 Christus
477 2278 534 2311 Dei,
547 2279 624 2313 cujus
639 2284 758 2314 tempore
774 2280 825 2307 hoc
839 2288 946 2316 quoque
959 2281 1116 2308 vaticinium

1169 2280 1215 2306 τοῦ
1240 2278 1323 2310 Θεοῦ,
1347 2278 1407 2304 καθ’
1434 2278 1463 2304 ὃν
1483 2278 1530 2303 καὶ
1556 2276 1624 2312 αὕτη
1646 2277 1741 2308 τέλους
1762 2276 1913 2311 ἐτύγχανεν
1937 2275 1954 2310 ἡ

336 2332 416 2351 suum
431 2324 511 2352 linem
527 2329 569 2353 est
587 2330 776 2358 consecutum,
791 2334 853 2353 eum
869 2327 901 2353 ad
917 2335 982 2354 suos
998 2328 1131 2363 discipu-V

336 2370 378 2398 los
396 2370 478 2397 verba
494 2370 538 2397 illa
553 2370 620 2397 dixit
637 2380 644 2397 :
663 2379 673 2396 ι
690 2371 728 2398 lte
744 2371 771 2397 in
787 2370 876 2397 vicum
894 2372 940 2407 qui
959 2376 1054 2400 contra
1069 2382 1117 2401 vos

335 2420 387 2448 cst,
402 2420 428 2443 et
443 2417 586 2444 invenietis
600 2417 703 2444 asinam
719 2422 745 2444 et
767 2417 870 2452 pullum
889 2419 1039 2454 alligatum.
1056 2419 1117 2447 Sol-

336 2463 390 2489 vite
405 2462 481 2489 illum
496 2466 523 2489 et
545 2462 694 2489 adducite:
711 2466 738 2489 et
763 2463 786 2489 si
811 2463 872 2497 quis
897 2464 975 2491 vobis
1003 2464 1113 2497 dixerit,

333 2508 398 2543 quid
416 2502 522 2536 facitis?
541 2509 623 2536 dicite
648 2509 686 2535 illi
704 2519 710 2536 ε
727 2509 858 2537 Dominus
875 2509 917 2537 his
941 2510 1053 2546 indiget.
1082 2511 1114 2538 Et

334 2555 466 2582 abeuntes
480 2555 518 2581 illi
533 2554 658 2582 fecerunt
674 2560 704 2583 ut
721 2560 885 2591 praeceperat
895 2557 949 2584 illis
965 2557 1044 2586 Jesus
1061 2559 1082 2586 ⁵.
1104 2567 1114 2585 ι

333 2600 366 2627 Ει
382 2608 413 2628 ea
428 2601 537 2636 quidem
555 2609 615 2637 qua:
631 2602 674 2629 vel
689 2602 722 2629 ad
735 2603 887 2635 oraculum,
907 2604 950 2630 vel
963 2603 998 2630 ad
1011 2604 1115 2631 oraculi

333 2650 459 2674 eventum
474 2648 620 2681 pertinent,
638 2648 666 2674 in
681 2647 755 2676 hunc
770 2649 879 2676 modum
895 2656 924 2676 se
933 2649 1042 2676 habent.
1061 2648 1115 2676 Sed

333 2692 399 2726 quid
414 2693 520 2720 tandem
539 2694 590 2720 sibi
608 2694 666 2721 vult
690 2694 748 2721 haec
762 2693 835 2722 illius
852 2694 881 2721 in
894 2695 972 2721 asino
985 2695 1113 2726 vectatio,

334 2737 386 2764 nisi
399 2738 528 2766 humilem
542 2739 615 2767 illius
632 2745 659 2767 et
673 2741 821 2768 obscurum
843 2741 999 2776 signiﬁcare
1013 2740 1115 2768 adven-

333 2785 402 2815 tum,
420 2784 499 2818 cujus
516 2789 636 2819 tenipore
649 2786 766 2820 primum
780 2786 867 2821 ipsius
881 2793 1022 2814 accessum
1038 2793 1116 2821 pere-

334 2830 388 2864 git?
401 2837 464 2856 nam
490 2834 532 2858 est
559 2832 627 2858 alter
646 2832 711 2860 item
731 2833 878 2868 gloriosus,
895 2833 929 2860 de
951 2840 1006 2868 quo
1023 2832 1116 2859 Daniel

1171 2324 1322 2360 πρόρρησις
1333 2343 1340 2355 ,
1352 2323 1396 2349 ὅτε
1413 2323 1468 2354 τοῖς
1485 2322 1581 2348 ἑαυτοῦ
1596 2321 1729 2357 μαθηταῖς
1746 2322 1814 2356 πρὸς
1831 2321 1903 2354 λέξιν
1915 2321 1954 2347 εί-

1171 2370 1228 2398 πών
1238 2378 1244 2384 -
1263 2379 1272 2394 ι
1286 2367 1466 2404 Πορευθέντες
1480 2369 1520 2399 εἰς
1534 2367 1583 2403 τὴν
1600 2368 1731 2394 ἀπέναντι
1744 2367 1858 2403 κώμην,
1875 2367 1956 2402 εὑρή-

1170 2425 1230 2443 σετε
1243 2416 1302 2442 ὀνον
1319 2415 1366 2441 καὶ
1382 2414 1470 2440 πῶλον
1485 2414 1634 2449 δεδεμένον.
1646 2413 1783 2444 Λύσαντες
1797 2414 1880 2440 αὑτὸν
1893 2414 1957 2447 ἁγά-

1168 2470 1244 2495 γετε·
1270 2461 1316 2487 καὶ
1340 2461 1386 2487 ἐάν
1405 2469 1446 2491 τις
1466 2460 1529 2494 ὑμῖν
1555 2459 1634 2495 εἴπῃ·
1657 2459 1690 2485 Τί
1711 2460 1831 2491 uomica;
1859 2459 1955 2485 εἴπατε

1168 2507 1240 2542 αὑτῷ
1250 2515 1256 2522 ·
1274 2508 1302 2533 '0
1314 2506 1414 2542 Κύριος
1428 2505 1516 2532 αὐτῶν
1529 2505 1622 2541 χρείαν
1638 2505 1704 2540 ἔχει.
1723 2505 1777 2531 Καὶ
1793 2504 1957 2537 ἀπελθόντες

1169 2555 1266 2580 ἐκεῖνοι
1278 2552 1407 2586 ἐποίησαν
1424 2551 1484 2578 καθ’
1496 2552 1513 2578 ἃ
1525 2550 1690 2587 προσέταξεν
1705 2551 1805 2582 αὐτοῖς.
1822 2560 1832 2576 ι
1846 2551 1888 2577 Τὰ
1905 2551 1955 2586 μὲν

1169 2598 1215 2627 οὖν
1240 2600 1288 2634 τῆς
1316 2599 1493 2635 προρρήσεως
1514 2597 1559 2624 καὶ
1585 2596 1618 2624 τὰ
1649 2596 1694 2624 τοῦ
1720 2597 1956 2632 συμπεράσματος

1168 2645 1261 2673 τοῦτον
1277 2646 1332 2681 ἔχει
1344 2645 1389 2671 τὸν
1398 2644 1508 2680 τρόπον.
1521 2644 1553 2670 Τί
1564 2644 1592 2670 δέ
1607 2643 1660 2679 ἄρα
1673 2643 1797 2669 ἐϐούλετο
1810 2643 1956 2679 σημαίνειν

1168 2693 1184 2727 ή
1208 2692 1254 2719 ἐπὶ
1275 2692 1327 2727 ὄνῳ
1347 2691 1441 2726 ὕχησις
1460 2690 1541 2717 αὑτοῦ
1563 2690 1620 2716 ἀλλ’
1645 2689 1661 2724 ἢ
1681 2689 1729 2724 τὴν
1752 2689 1885 2725 ταπεινὴν
1909 2689 1957 2716 καὶ

1168 2738 1260 2770 ἄδοξον
1283 2737 1365 2764 αὐτοῦ
1389 2736 1557 2772 παρουσίαν,
1581 2736 1641 2762 καθ’
1666 2737 1699 2772 ἢν
1725 2736 1872 2769 ἐποιήσατο
1905 2735 1955 2770 τὴν

1169 2784 1280 2820 πρώτην
1292 2783 1394 2817 ἄφιξιν;
1406 2782 1489 2818 οῠσης
1501 2783 1555 2818 γὰρ
1565 2782 1749 2818 καὶδευτέρας
1761 2776 1881 2815 ἐνδόξου,
1891 2781 1957 2816 περὶ

1169 2829 1203 2867 ἦς
1218 2830 1264 2857 καὶ
1278 2830 1377 2864 Δανιὴλ
1399 2829 1563 2865 γυμνότερον
1583 2828 1760 2856 ἐκκαλύπτων
1776 2828 1826 2863 τὴν
1840 2826 1958 2863 θεωρίαν

369 2918 379 2934 ⁸
399 2918 513 2947 Zacliar.
525 2924 574 2954 ix,
592 2921 618 2954 9,
636 2921 680 2949 lo.
719 2923 728 2938 '
745 2922 838 2951 Matth.
854 2930 918 2957 xxi,
933 2923 965 2955 2,
981 2923 1012 2956 3,
1027 2922 1063 2957 6;
1080 2921 1162 2950 Marc.
1182 2930 1220 2954 ιι,
1238 2920 1301 2956 l-6;
1318 2920 1382 2948 Luc.
1400 2928 1456 2954 xui,
1473 2919 1568 2948 θοοῦ-ι.
