2099 3217
171 196 224 224 709

627 195 953 224 DEMONSTRATIONIS
972 196 1201 224 EVANGELICzE
1222 195 1285 223 LIB.
1305 196 1351 223 IX.

1738 200 1790 227 'Hh

170 252 282 288 εἴρηκεν
293 261 300 267 ·
316 261 326 277 ι
346 253 494 287 Ἐθεώρουν
506 250 560 282 ἕως
572 250 633 277 ὅτου
650 250 738 286 θρόνοι
750 251 892 286 ἐτέθησαν,
908 251 955 278 καὶ
970 259 993 286 Α

970 259 993 286 Α
1007 252 1129 286 apertius
1142 252 1260 286 prodens
1272 259 1333 287 quae
1346 252 1555 287 contemplanda
1570 253 1636 286 sint,
1653 255 1764 289 exponit
1781 266 1786 283 :

167 299 289 330 Παλαιὸς
305 297 416 333 ἡμερῶν
432 296 557 332 ἐκάθητο.
574 295 667 322 Χίλιαι
686 295 803 331 χιλιάδες
824 296 959 332 ἐλειτούρ-

168 353 235 380 γουν
258 343 350 378 αὐτῷ,
380 343 427 369 καὶ
452 341 548 377 μύριαι
575 341 703 377 μυριάδες
727 342 958 377 παρειστήκεισαν

169 389 323 426 ἔμπροσθεν
341 387 435 415 αὐτοῦ.
454 387 509 414 Καὶ
534 387 587 414 ίδοὺ
610 387 678 422 μετὰ
696 387 751 413 τῶν
771 388 891 421 νεφελῶν
910 388 957 416 τοῦ

168 435 294 471 οὐρανοῦ,
310 434 347 465 ὠς
364 433 427 465 Υἱὸς
443 432 584 468 ἀνθρώπου
601 433 755 468 ἐρχόμενος.
773 433 827 459 Καὶ
838 434 892 465 ἓως
906 433 953 459 τοῦ

170 480 289 508 Παλαιοῦ
303 480 357 506 τῶν
371 479 481 514 ἡμερῶν
492 478 601 513 ἔφθασε,
611 479 657 504 καὶ
670 479 743 514 αὐτῷ
751 478 829 513 ἐδόθη
843 480 859 513 ὴ
873 478 956 513 ἀρχὴ,

170 528 217 554 καὶ
228 528 244 561 ὴ
255 526 331 561 τιμὴ,
347 526 394 551 καὶ
409 526 425 559 ὴ
443 524 575 560 βασιλεία,
589 525 634 550 καλ⁸
646 524 742 556 πάντες
752 525 776 550 οἱ
785 524 852 555 λαοὶ,
865 525 956 556 φυλαὶ,

169 572 291 606 γλῶσσαι
305 570 379 606 αὐτῷ
395 570 574 597 δουλεύουσιν.
588 570 619 595 'H
631 569 738 602 ἐξουσία
752 570 833 596 αὐτοῦ
850 570 957 602 ἐξουσία

168 618 287 649 αἰώνιος,
302 618 364 652 ἥτις
380 617 410 643 οὐ
427 615 635 651 παρελεύσεται,
648 617 693 642 καὶ
709 617 724 651 ή
739 616 859 651 βασιλεία
874 616 956 642 αὑτοῦ

168 664 198 689 οὺ
215 663 350 698 διαφθαρή
357 671 441 688 σεται.
455 672 464 687 ι
478 662 517 687 Τὰ
534 661 583 696 μὲν
594 662 642 696 τῆς
655 661 765 697 πρώτης
780 661 896 695 ἀφίξεως
908 661 957 696 τῆς

167 708 446 744 ἐνανθρωπικωτὲρας
462 708 509 734 καὶ
519 708 650 742 ταπεινῆς
665 708 734 742 μετὰ
746 707 799 733 τῶν
811 707 897 734 ἄλλων
911 708 957 733 καὶ

167 755 246 781 τοῦτο
262 754 318 789 ἔχει
335 754 405 788 μέγα
418 754 520 788 δεῖγμα
536 754 582 780 καὶ
601 755 721 788 σημεῖον,
739 753 768 779 τὸ
786 754 871 788 πρᾶον
885 753 957 786 λέγε-

168 801 231 827 σθαι
248 802 294 827 καὶ
309 800 431 835 ἡσύχιον,
448 800 523 834 ἥξειν
538 808 567 825 τε
580 799 725 834 ὀχούμενον
740 799 878 833 ὑποζυγίῳ
891 807 957 834 προ-

169 847 347 883 φητεύεσθαι·
364 846 442 872 τοῦτο
458 846 511 881 γὰρ
529 845 618 871 κοινοῦ
636 845 683 871 καὶ
704 844 874 880 ἀνθρωπίνου
899 845 956 879 βίου

167 894 266 928 γένοιτ’
283 893 314 920 ἂν
327 893 477 927 τεκμήριον
487 901 493 906 ·
508 892 541 917 τὰ
555 891 583 917 δὲ
599 891 647 926 τῆς
659 891 785 925 δευτέρας
802 891 849 917 καὶ
864 890 956 917 ἐνθέου

1010 306 1030 323 ι,
1042 297 1214 332 Aspiciebam
1228 297 1317 325 donec
1331 298 1423 325 throni
1435 298 1518 333 positi
1533 302 1607 331 sunt,
1618 303 1645 327 et
1652 300 1790 335 Antiquus

1007 340 1113 369 dierum
1128 341 1208 369 sedit.
1223 340 1307 368 Millia
1322 341 1436 368 millium
1449 341 1640 369 ministrabant
1653 343 1689 375 ei,
1703 346 1731 370 et
1739 343 1788 370 de.

1007 386 1063 413 cies
1078 385 1177 413 millies
1194 386 1261 413 dena
1275 385 1359 412 millia
1375 385 1501 413 astabant
1514 386 1542 413 in
1557 391 1707 421 conspectu
1717 387 1789 422 eius.

1009 431 1039 457 Et
1051 439 1115 458 ecce
1128 438 1189 457 cum
1206 431 1323 458 nubibus
1335 432 1397 458 cwli
1411 432 1490 466 quasi
1513 431 1598 460 Filius
1612 433 1731 461 hominis
1744 442 1790 461 ve-

1007 476 1095 504 niens.
1114 475 1145 502 Et
1158 484 1243 510 usque
1258 476 1290 503 ad
1305 476 1453 511 Antiqnum
1476 477 1581 505 dierum
1603 479 1724 513 pervenit
1739 488 1747 507 ε
1763 484 1790 506 et

1007 523 1086 549 datus
1101 526 1142 549 est
1157 522 1182 549 ei
1204 523 1384 556 principatus,
1408 527 1435 549 et
1462 524 1556 555 honor,
1573 528 1600 551 et
1616 533 1739 559 regnum.
1756 524 1790 552 Et

1006 576 1102 596 omnes
1119 568 1221 603 populi,
1240 568 1339 599 tribus,
1355 569 1462 602 linguae,
1478 570 1602 597 serviunt
1616 571 1652 597 ei.
1665 570 1789 598 Potestas

1007 613 1077 646 ejus,
1097 616 1216 647 potestas
1233 617 1346 644 aeterna,
1366 622 1426 647 qua:
1447 622 1501 640 non
1519 615 1676 649 praeteribit,
1693 622 1720 642 et
1744 623 1790 642 re-

1007 666 1088 693 gnum
1097 658 1156 692 cjus
1168 666 1223 685 non
1235 663 1427 692 corrumpetur
1441 659 1460 685 ⁶.
1480 669 1489 684 ι
1513 659 1613 687 Verum
1625 669 1657 688 ea
1668 661 1788 696 quidem,

1007 712 1067 739 quae
1083 703 1116 730 ad
1129 703 1246 738 primum
1261 704 1406 731 adventum
1430 707 1575 739 pertinent,
1591 707 1637 740 qui
1653 711 1680 733 et
1693 707 1790 733 huma-

1007 751 1068 777 nior
1089 754 1116 777 et
1132 750 1263 784 abjectior
1277 750 1338 783 l'uit,
1355 759 1416 778 cum
1430 751 1500 782 aliis,
1519 752 1569 779 hoc
1585 760 1693 787 quoque
1707 761 1789 787 argu-

1008 797 1091 823 menti
1109 797 1234 830 signique
1248 796 1357 829 habent,
1372 796 1444 831 quod
1455 801 1614 825 mansuetus
1625 802 1652 825 et
1666 798 1789 832 placidus

1007 841 1115 869 futurus
1130 841 1246 873 dicatur,
1261 845 1446 876 venturasque
1466 842 1587 869 insidens
1601 843 1724 877 jumento
1739 852 1788 872 eo-

1009 886 1069 913 dem
1085 887 1198 913 oraculo
1218 886 1373 913 declaretur
1388 895 1394 913 :
1415 886 1466 913 hoc
1479 887 1551 913 enim
1568 889 1721 916 communis
1737 889 1790 916 hu-

168 939 347 975 λαμπρότατα
366 937 491 973 δηλοῦται
511 937 554 963 διὰ
571 937 620 971 τῆς
641 937 686 963 ἐπὶ
701 935 819 970 νεφελῶν
841 935 956 971 οὐρανοῦ
973 940 993 967 Β

973 940 993 967 Β
1008 932 1137 966 manique
1157 932 1246 959 victus
1268 935 1459 966 argumentum
1484 932 1576 960 fuerit.
1595 933 1660 965 Quae
1675 941 1740 961 vero
1754 934 1788 961 ad

168 984 374 1020 πρακομιδῆς,
395 984 443 1010 καὶ
463 983 513 1017 τῆς
535 982 644 1009 αἰωνίου
668 982 774 1008 πάντων
798 981 852 1007 τῶν
871 981 955 1007 ἐθνῶν

169 1029 317 1065 βασιλείας.
342 1028 397 1055 Καὶ
412 1026 446 1063 ἦν
466 1036 498 1061 γε
515 1027 596 1053 καλὸν
616 1026 774 1062 ἀμφοτέρας
796 1026 956 1061 παραθεῖναι

166 1077 224 1107 τοῖς
237 1077 269 1102 ἐκ
283 1074 442 1111 περιτομῆς,
458 1073 535 1107 λόγον
552 1081 582 1098 τε
598 1073 695 1104 αὐτοὺς
711 1073 879 1107 ἀπαιτῆσαι,
897 1071 957 1102 πῶς

168 1122 202 1148 ἂν
225 1120 341 1147 σώσαιεν
364 1120 412 1151 τὰς
435 1118 618 1154 προφητείας,
642 1118 706 1152 μίαν
725 1117 814 1152 ἄφιξιν
838 1116 955 1152 Χριστοῦ

168 1165 386 1204 προσδοκῶντες·
411 1165 471 1191 ἐπεὶ
480 1164 533 1199 γὰρ
549 1164 681 1199 ἑκατέραν
689 1163 741 1189 τῶν
754 1162 956 1198 παρατεθεισῶν

168 1211 341 1249 προςρητειῶν
353 1212 399 1238 καὶ
419 1211 497 1237 αὐτοὶ
508 1210 553 1236 τὸν
564 1210 680 1245 Χριστὸν
691 1210 755 1245 όρᾷν
770 1208 955 1244 ὁμολογοῦσιν,

167 1258 228 1294 ὥρα
246 1257 350 1292 λέγειν,
368 1257 414 1283 καὶ
436 1256 645 1290 πυνθανομένοις
662 1256 728 1290 ἡμῖν
748 1254 955 1290 ἀποκρίνασθαι,

168 1303 228 1335 πῶς
247 1301 301 1330 οἶόν
317 1312 346 1329 τε
363 1303 408 1337 ὑφ’
424 1303 471 1328 ’ένα
489 1302 534 1328 καὶ
550 1302 594 1328 τὸν
619 1301 699 1327 αὑτὸν
714 1301 825 1336 καιρὸν,
843 1300 888 1326 καὶ
905 1300 957 1326 ὑπὸ

169 1350 234 1384 μίαν
251 1347 356 1383 ἄφιξιν,
374 1348 421 1374 ἐπὶ
431 1347 549 1382 νεφελῶν
569 1347 684 1382 οὐρανοῦ
702 1345 830 1381 φέρεσθαι
847 1345 892 1372 τὸν
909 1345 958 1372 αὐ-

167 1394 235 1426 τὸν,
253 1394 299 1420 καὶ
323 1393 370 1420 ἐπὶ
384 1392 530 1426 ὑποζυγίου
558 1392 605 1418 καὶ
627 1390 716 1417 πώλου
739 1391 799 1417 νέου
821 1390 951 1425 ὀχεῖσθαι.

174 1439 238 1466 Ἐπὶ
265 1438 330 1466 πολὺ
357 1439 410 1474 γὰρ
433 1438 518 1464 ταῦτα
540 1437 679 1472 διέστηκεν
704 1436 832 1471 ἀλλήλων.
852 1436 957 1472 Μυρίας

171 1487 195 1514 δ’
214 1484 260 1513 οὖν
275 1485 402 1516 τοιαύτας
418 1485 465 1511 καὶ
481 1483 562 1515 ἄλλοις
579 1483 643 1519 περὶ
656 1483 702 1509 τοῦ
721 1482 837 1518 Χριστοῦ
852 1490 957 1517 προφη-

168 1533 246 1564 τείας
274 1531 443 1566 συναγαγὼν,
465 1529 597 1566 παραθείς
619 1538 649 1555 τε
668 1529 715 1555 καὶ
733 1528 903 1564 συγκρούσας
923 1527 957 1554 τὰ

166 1579 302 1614 διαφόρως
316 1578 510 1613 σημαινόμενα,
527 1576 711 1611 ἐναργέστατα
726 1575 869 1610 καταλήψῃ
877 1575 954 1606 τινας

170 1625 221 1661 μὲν
243 1625 292 1660 τῆς
314 1623 421 1660 πρώτης
443 1623 525 1650 αὐτοῦ
541 1621 690 1657 παρουσίας
714 1620 860 1655 δηλώματα
879 1628 956 1655 περι-

170 1671 296 1707 εχούσας,
311 1670 524 1706 πεπληρωμένας
534 1668 603 1695 κατὰ
612 1668 660 1703 τὴν
673 1667 782 1703 πρώτην
799 1666 958 1700 ἐπιφάνειαν

170 1717 264 1750 αὑτοῦ,
281 1716 354 1748 τινὰς
370 1716 397 1742 δὲ
413 1717 451 1747 εἰς
465 1715 513 1750 τὴν
534 1714 662 1749 δευτέραν
680 1712 761 1740 αὑτοῦ
783 1713 830 1739 καὶ
854 1711 958 1744 ἔνδοξον

169 1761 262 1798 ἄφιξιν
278 1761 490 1797 ἀναφερομένας.
523 1759 719 1794 Ἐξωλόθρευσε
738 1757 791 1793 γὰρ
804 1757 955 1792 λεληθότως

169 1807 292 1842 ἅρματα,
311 1807 358 1833 καὶ
375 1806 473 1837 ἵππον,
494 1805 539 1831 καὶ
553 1805 606 1831 πᾶν
622 1803 696 1836 τόξον
715 1803 861 1838 πολεμικὸν
876 1804 893 1837 ἡ
910 1801 957 1827 τοῦ

169 1853 296 1888 Σωτῆρος
316 1851 393 1887 ἡμῶν
419 1851 507 1882 ἔνθεος
533 1849 661 1885 δύναμις,
687 1848 756 1876 κατὰ
778 1849 827 1884 τὴν
847 1847 958 1883 πρώτην

126 1923 128 1925 .
169 1898 253 1925 αὐτοῦ
281 1897 446 1933 παρουσίαν,
470 1898 502 1923 ὲκ
528 1897 577 1931 τῆς
603 1895 829 1930 σωματικωτέρας
860 1894 958 1928 Ἰερου-

170 1943 279 1979 σαλὴμ,
300 1944 346 1970 καὶ
364 1942 411 1970 τοῦ
435 1941 601 1976 καλουμένου
629 1940 748 1975 Ἑφραῒμ
768 1939 832 1966 λαοῦ
845 1948 851 1954 ·
869 1939 909 1965 διὸ
929 1938 958 1971 ἐξ

168 1989 276 2016 ἐκείνου
293 1989 339 2015 καὶ
355 1989 393 2020 είς
407 1988 486 2024 δεῦρο
497 1988 546 2014 οὐκ
561 1986 599 2013 ἔτι
613 1986 726 2020 συνέστη
741 1986 828 2011 αὐτῶν
838 1985 868 2010 τὸ
882 1984 957 2019 βασί-

169 2036 253 2067 λειον,
265 2035 325 2061 οὐδὲ
335 2035 351 2070 ἡ
363 2034 445 2060 πάλαι
457 2034 485 2059 ἐν
502 2032 629 2068 πολέμοις
649 2031 780 2066 ίσχύσασα
798 2031 957 2066 παρασκευή

168 2091 202 2109 τε
216 2080 304 2108 αὐτῶν
321 2081 368 2107 καὶ
381 2080 506 2114 ὁπλιτικὴ
519 2078 640 2113 δύναμις.
657 2076 754 2108 Καλῶς
766 2077 794 2102 δὲ
810 2078 838 2103 ὲν
854 2076 958 2107 τούτοις

169 2128 217 2155 τὸν
235 2128 322 2154 πάντα.
338 2126 390 2152 τῶν
415 2125 547 2152 Ἰουδαίων
567 2124 630 2150 λαὸν
654 2122 773 2158 Ἐφραῗμ
793 2122 936 2157 ὠνόμασεν
949 2141 957 2153 ,

169 2173 229 2201 ἀλλ’
242 2173 302 2208 οὐχὶ
320 2172 435 2208 Ἰσραὴλ,
451 2171 510 2197 οὐδὲ
527 2170 625 2196 Ἰούδαν
636 2190 643 2199 ,
661 2169 703 2195 ἵνα
724 2168 760 2204 μὴ
787 2168 836 2198 τὰς
864 2176 958 2202 σεμνο-

169 2219 254 2255 τέρας
269 2218 403 2245 διαῦἁλλοι
421 2215 613 2252 προσηγορίας.
631 2214 727 2249 Εὕροις
746 2214 767 2239 δ’
789 2213 821 2239 ἂν
840 2213 886 2239 καὶ
899 2213 958 2243 ταῖς

169 2263 266 2294 ἄλλαις
289 2262 467 2299 προφητείαις
493 2261 523 2287 τὸ
551 2261 604 2288 πᾶν
635 2260 709 2290 ἔθνος
744 2257 864 2293 Ἐφραῖμ
890 2257 958 2292 μετὰ

170 2309 274 2344 πολλῆς
303 2308 428 2342 διαϐολῆς
462 2307 509 2333 καὶ
546 2306 710 2341 κατηγορίας
744 2304 955 2339 ὠνομασμένον,

170 2354 267 2390 ὥσπερ
292 2353 339 2380 καὶ
367 2353 424 2380 νῦν.
449 2351 525 2379 Μετὰ
547 2351 610 2386 γοῦν
636 2351 684 2386 τὴν
716 2350 769 2376 ἀπὸ
799 2349 956 2380 Βαϐυλῶνος

170 2399 312 2431 ἐπάνοδον,
329 2398 423 2434 μηκέθ’
436 2397 545 2432 ὁμοίως,
556 2397 593 2427 ὡς
607 2395 637 2422 τὸ
653 2395 726 2431 πρὶν,
737 2394 899 2431 διῃρημένου
910 2394 956 2419 τοῦ

170 2445 254 2478 λαοῦ,
269 2445 344 2476 τίνας
361 2442 393 2480 ἦν
407 2443 480 2474 είκὸς
501 2441 644 2477 δηλοῦσθαι
665 2441 708 2467 διὰ
727 2440 774 2467 τοῦ
803 2439 922 2474 Ἐφραῖμ
938 2438 955 2474 ἢ

170 2492 271 2523 αὐτοὺς
283 2491 345 2522 τοὺς
360 2489 409 2524 τὴν
428 2488 601 2524 Ἰερουσαλὴμ
614 2486 771 2519 οἰκοῦντας;
789 2483 826 2512 ὧν
845 2485 892 2520 τὴν
906 2493 956 2510 πο-

170 2537 288 2574 λεμικὴν
304 2537 351 2563 καὶ
365 2535 503 2570 ὁπλιτικὴν
517 2534 628 2568 δύναμιν
642 2552 648 2564 ,
667 2532 746 2567 μέχρι
762 2531 816 2557 τῶν
839 2531 957 2565 Ῥωμαϊ-

171 2584 230 2611 κῶν
245 2584 348 2620 χρόνων
363 2582 553 2618 διαρκέσασαν,
568 2580 584 2615 ὴ
597 2579 643 2605 τοῦ
658 2579 781 2613 Σωτῆρος
794 2577 871 2612 ἡμῶν
885 2585 957 2611 παρ-

171 2630 254 2658 ουσία
267 2629 350 2665 ὲνθὲῳ
364 2629 411 2655 καὶ
425 2627 571 2663 ἀπορρήτῳ
582 2625 693 2659 δυνάμει
706 2624 841 2654 καθεῖλεν,
857 2622 958 2657 ὁμοίιος

171 2677 208 2712 τῇ
227 2673 391 2711 προφητείᾳ.
413 2673 505 2700 Ταῦτα
523 2671 551 2698 δὲ
570 2670 618 2706 τὴν
640 2669 670 2701 ἐξ
686 2669 770 2695 ἐθνῶν
798 2667 958 2702 Ἐκκλησίαν

172 2720 377 2755 εὐαγγελίζεται
392 2720 406 2746 ὁ
421 2718 514 2752 λόγος,
530 2717 578 2751 οὐχ
593 2715 684 2746 ἁπλῶς
698 2715 812 2750 χαίρειν,
831 2712 897 2739 ἀλλὰ
911 2712 958 2738 καὶ

173 2766 278 2802 σφόδρα
299 2765 404 2801 χαίρειν
427 2763 493 2799 αὐτῇ
510 2760 757 2797 παρακελευόμενος
775 2758 818 2785 διὰ
840 2758 888 2793 τὴν
912 2756 958 2783 τοῦ

172 2812 242 2838 Θεοῦ
261 2811 348 2845 Λόγου
369 2811 407 2840 είς
428 2808 511 2843 αὐτὴν
530 2806 689 2843 παρουσίαν,
704 2805 737 2840 ἣν
759 2805 805 2832 καὶ
824 2802 960 2838 θυγατέρα

212 2904 223 2919 ⁸
236 2904 301 2931 Dan.
311 2909 361 2934 vlt,
376 2900 453 2928 9-H.

1007 978 1121 1004 alterum
1137 977 1212 1004 illum
1227 981 1254 1004 et
1275 977 1428 1004 divinitatis
1447 978 1564 1012 amplius
1579 986 1634 1014 prae
1652 987 1682 1006 se
1697 979 1788 1007 feren-

1007 1028 1071 1055 tem,
1085 1023 1307 1051 manifestissime
1328 1023 1485 1050 indicantur
1500 1032 1548 1058 per
1564 1024 1636 1051 illam
1663 1025 1690 1052 in
1706 1025 1789 1053 nubi-

1006 1068 1057 1096 bus
1070 1069 1132 1096 cteli
1153 1069 1378 1102 advectationem,
1402 1077 1504 1104 perque
1521 1071 1585 1097 illud
1612 1075 1742 1098 aeternum
1759 1071 1788 1099 in

1006 1115 1133 1142 omnibus
1153 1115 1278 1149 gentibus
1302 1123 1414 1150 regnum
1432 1125 1437 1142 :
1454 1123 1504 1142 nec
1520 1124 1586 1143 sane
1608 1117 1642 1143 ab
1657 1124 1686 1143 re
1708 1117 1790 1144 fuerit

1008 1166 1155 1195 utrumque
1170 1161 1271 1188 Judzeis
1291 1169 1452 1196 proponere,
1471 1163 1658 1197 rationemque
1676 1163 1710 1190 ab
1733 1163 1788 1191 illis

1007 1207 1156 1242 postulare,
1172 1215 1289 1242 quonam
1307 1212 1397 1242 pacto,
1405 1208 1426 1234 si
1442 1215 1524 1234 unum
1541 1208 1673 1236 duntaxat
1683 1208 1788 1236 Christi

1007 1254 1151 1281 adventum
1167 1258 1334 1288 exspectant,
1362 1254 1517 1288 prophetias
1542 1261 1607 1281 suas
1629 1254 1680 1281 sibi
1704 1254 1789 1281 velint

1007 1303 1134 1326 constare
1148 1309 1153 1325 :
1172 1306 1235 1325 nam
1248 1306 1310 1325 cum
1323 1303 1466 1333 utramque
1483 1307 1588 1330 earum,
1605 1307 1665 1334 quae
1678 1300 1790 1334 exposi-

1007 1348 1041 1370 tae
1053 1348 1127 1375 sunt,
1140 1343 1174 1370 ad
1189 1343 1328 1371 Christum
1341 1344 1477 1378 pertinere
1500 1344 1550 1379 ipsi
1566 1352 1673 1379 quoque
1686 1345 1790 1372 fatean-

1008 1393 1062 1420 tur,
1090 1389 1183 1415 dicant
1206 1396 1310 1423 quzeso,
1335 1392 1362 1415 et
1385 1388 1616 1423 interrogantibus
1643 1389 1723 1416 nobis
1746 1397 1788 1417 re-

1009 1435 1179 1470 spondeant,
1211 1436 1257 1471 qui
1292 1437 1350 1464 ﬁeri
1377 1436 1462 1471 possit
1497 1440 1526 1462 ut
1553 1443 1608 1463 uno
1638 1436 1789 1471 eodemque

1008 1484 1152 1516 tempore,
1188 1482 1240 1509 sub
1280 1489 1363 1508 unum
1400 1481 1579 1516 eumdemque
1616 1481 1788 1514 adventum,

1009 1526 1081 1554 idem
1106 1531 1133 1554 et
1159 1527 1187 1553 in
1214 1527 1333 1555 nubibus
1365 1527 1428 1554 caeli
1459 1526 1581 1559 feratur,
1614 1530 1641 1554 et
1664 1527 1789 1561 jumento

1004 1574 1137 1609 .pulloque
1177 1573 1347 1601 adolescente
1382 1573 1504 1600 insidens
1543 1573 1667 1600 vehatur.
1707 1572 1788 1608 457

1008 1618 1100 1654 Longe
1128 1621 1199 1646 enim
1224 1619 1281 1646 haec
1310 1626 1325 1645 tl
1354 1626 1383 1646 se
1414 1618 1529 1645 invicem
1555 1618 1659 1645 distant
1686 1627 1693 1644 :
1720 1625 1789 1652 qua-

1007 1669 1117 1700 propter
1133 1665 1196 1692 situ
1213 1672 1322 1699 quoque
1337 1664 1548 1691 innumerabiles
1567 1664 1634 1691 alias
1658 1664 1700 1691 his
1711 1664 1789 1691 simi-

1007 1711 1046 1738 les
1062 1711 1095 1738 de
1112 1710 1221 1738 Christo
1241 1709 1396 1744 prophetias
1418 1709 1560 1744 college-ris
1578 1712 1604 1736 et
1625 1708 1787 1740 contuleris,

1007 1760 1034 1784 et
1058 1763 1152 1783 earum
1180 1754 1331 1789 signiﬁcata
1354 1754 1462 1781 diversa
1493 1753 1574 1780 simul
1602 1753 1787 1783 contenderis,

1007 1802 1075 1828 alias
1087 1800 1195 1836 quidem
1207 1808 1300 1827 earum
1316 1799 1437 1826 invenies
1453 1799 1532 1833 primi
1560 1799 1633 1826 illius
1655 1798 1788 1825 adventus

1008 1847 1135 1874 vaticinia
1160 1844 1401 1880 comprehendere,
1416 1852 1475 1878 qua:
1501 1844 1582 1870 etiam
1595 1843 1646 1870 sub
1663 1842 1787 1869 eumdem

1006 1894 1122 1928 primum
1154 1892 1288 1926 completa
1314 1894 1388 1921 sunt,
1410 1890 1478 1917 alias
1492 1896 1556 1916 vero
1583 1888 1616 1915 ad
1638 1887 1788 1915 secundum

1007 1937 1339 1972 eumdemquegloriosum
1359 1934 1453 1962 referri
1480 1938 1618 1969 oportere.
1643 1934 1674 1960 Et
1690 1941 1789 1960 currus

1007 1984 1079 2011 enim
1090 1988 1117 2011 et
1130 1990 1228 2018 equum
1240 1988 1266 2010 et
1279 1989 1385 2008 omnem
1395 1988 1488 2007 arcum
1497 1980 1621 2007 bellicum
1639 1979 1789 2006 Salvatoris

1007 2030 1094 2057 nostri
1108 2029 1199 2056 divina
1226 2029 1314 2056 virtus
1341 2029 1370 2055 in
1395 2027 1485 2062 priore
1500 2026 1586 2060 ipsius
1613 2025 1741 2056 adventu,
1755 2024 1789 2051 de

1008 2076 1053 2102 illa
1070 2075 1102 2101 ad
1114 2083 1213 2109 corpus
1238 2075 1417 2108 umbramque
1446 2072 1598 2107 pertinente
1619 2069 1787 2100 Jerusalem,

1007 2121 1094 2155 deque
1108 2127 1140 2147 eo
1155 2121 1201 2155 qui
1212 2119 1324 2154 Ephrem
1334 2122 1446 2146 vocatur
1461 2117 1570 2152 populo,
1583 2116 1696 2142 latenter
1709 2115 1790 2149 ejecit

1007 2173 1038 2192 ac
1053 2165 1167 2200 perdidit
1181 2174 1187 2192 ε
1200 2172 1283 2199 quare
1295 2172 1327 2191 ex
1341 2163 1386 2190 illo
1402 2162 1435 2189 ad
1454 2162 1526 2189 hunc
1541 2168 1628 2196 usque
1638 2159 1709 2186 diem
1724 2167 1791 2185 nus-

1007 2220 1087 2247 quam
1099 2211 1214 2246 amplius
1228 2211 1334 2237 illorum
1347 2209 1419 2244 regia
1433 2208 1550 2243 dignitas
1569 2208 1684 2238 constat,
1702 2212 1790 2241 neque

1008 2257 1167 2285 eorumdem
1183 2256 1228 2291 qui
1243 2256 1307 2282 olim
1335 2254 1442 2281 valebat
1455 2253 1482 2279 in
1498 2251 1587 2283 bellis,
1606 2253 1752 2285 apparatus
1763 2252 1790 2276 et

1010 2305 1037 2331 in
1053 2303 1136 2330 armis
1145 2303 1243 2329 virtus.
1264 2300 1406 2335 Sapienter
1413 2307 1477 2326 vero
1488 2298 1515 2324 in
1523 2298 1566 2324 his
1574 2304 1682 2323 omnem
1696 2294 1790 2321 Judai-

1009 2356 1070 2375 cum
1090 2348 1217 2383 populum
1227 2346 1343 2381 Ephrem
1357 2344 1518 2374 nominavit,
1531 2351 1585 2370 non
1594 2346 1683 2368 autem
1694 2339 1787 2371 lsrael,

1011 2401 1096 2428 neque
1122 2392 1202 2423 Juda,
1220 2400 1253 2419 ne
1267 2391 1441 2418 veneratione
1460 2390 1597 2424 digniores
1610 2387 1790 2415 calumnietur

1009 2439 1214 2473 appellationes.
1233 2437 1357 2464 Invenies
1377 2440 1466 2462 autem
1483 2436 1509 2462 in
1521 2435 1582 2461 aliis
1598 2439 1706 2468 quoque
1722 2439 1786 2465 pro-

1010 2483 1110 2519 phetiis
1134 2487 1216 2510 totam
1231 2487 1336 2517 gentem
1350 2481 1466 2516 Ephrem
1480 2488 1542 2507 cum
1559 2479 1643 2506 multa
1654 2477 1789 2504 calumnia

1010 2534 1037 2556 et
1049 2528 1222 2555 accusatione
1250 2526 1395 2557 nominari,
1416 2526 1486 2553 sicut
1515 2524 1559 2550 hic
1578 2529 1695 2558 quoque.
1720 2520 1788 2548 Cum

1011 2574 1092 2609 igitur
1106 2576 1166 2608 post
1182 2572 1299 2599 reditum
1323 2571 1356 2598 de
1379 2571 1516 2606 Babylone
1544 2576 1600 2596 non
1616 2567 1731 2602 amplius
1747 2566 1790 2593 iti-

1011 2620 1071 2647 dem
1086 2623 1115 2646 ut
1128 2618 1204 2653 prius
1220 2618 1246 2644 in
1262 2617 1352 2644 tribus
1364 2616 1468 2644 divisus
1480 2619 1554 2642 esset
1577 2613 1704 2649 populus,
1720 2619 1790 2646 quos

1013 2666 1121 2693 tandem
1138 2672 1185 2700 per
1199 2664 1316 2699 Ephrem
1332 2663 1428 2690 merito
1451 2660 1598 2696 signiﬁcari
1613 2656 1788 2688 intellexeris.

1011 2711 1063 2738 nisi
1079 2719 1125 2738 eos
1149 2710 1195 2745 qui
1218 2710 1305 2745 ipsam
1320 2708 1470 2737 Jerusalem
1486 2704 1660 2733 habitarent?
1673 2709 1790 2738 quorum

1012 2757 1040 2784 in
1056 2757 1135 2784 bellis
1149 2760 1177 2783 et
1187 2756 1215 2783 in
1232 2756 1317 2783 armis
1331 2754 1464 2790 egregiam
1479 2753 1614 2784 virtutem,
1631 2757 1693 2785 qum
1704 2755 1791 2782 usque

1013 2801 1046 2829 ad
1063 2800 1185 2828 Romana
1201 2804 1322 2835 tempora
1348 2799 1441 2834 vigens
1459 2796 1520 2830 fuit,
1539 2795 1688 2823 Salvatoris
1703 2791 1791 2821 nostri
