2099 3217
298 166 348 194 πει

632 164 766 194 ευδειιιι
784 163 1024 195 CESABIENSIS
1041 164 1090 194 0P1

1137 164 1228 193 PARS
1246 163 1278 191 li.
1291 178 1329 186 ς·-
1347 162 1596 193 ΑΡοιοοΕτιοΑ.

1874 164 1929 192 722

298 222 441 254 adventus,
455 223 526 250 sicut
540 222 568 250 in
585 222 728 257 propbetia
741 222 845 249 dictum
865 222 963 253 fuerat.
989 222 1081 249 divina

1135 221 1182 257 τῆς
1196 222 1358 257 ἐπουρανίου
1375 221 1444 249 Σιὼν
1455 242 1462 254 ,
1477 222 1494 257 ἢ
1509 222 1557 249 καὶ
1571 221 1623 257 τῆς
1643 221 1780 258 προτέρας
1802 229 1928 256 συναγω-

298 273 325 296 et
339 268 468 296 ineffabili
481 268 582 296 virtute
602 268 711 295 delevit.
741 267 858 295 Proinde
882 268 1024 295 collectam
1047 267 1082 295 de

1135 266 1183 301 γῆς
1198 267 1341 299 ἀποκαλεῖ,
1355 267 1400 294 διὰ
1413 266 1444 293 τὸ
1459 267 1564 299 πάντας
1580 268 1655 303 ἡμᾶς
1668 267 1733 299 τοὺς
1746 266 1777 300 ἐξ
1787 266 1874 294 ἐθνῶν
1887 268 1928 299 εἰς

299 312 425 347 gentibus
443 312 591 340 Eeclesiam
603 313 745 340 oraculum
755 310 909 347 evangelica
925 311 1036 339 instruit
1049 318 1082 338 ac

1135 310 1177 339 τὸν
1207 313 1324 348 Χριστὸν
1345 312 1392 339 τοῦ
1425 312 1493 340 Θεοῦ
1522 313 1737 345 πεπιστευκότας
1767 315 1926 350 γεννήματα

299 364 400 390 monet,
417 366 473 386 non
495 362 524 385 ut
542 359 702 393 simpliciter
729 359 855 393 gaudeat,
881 359 928 385 sed
944 363 973 384 ut
1001 358 1083 384 vehes

299 407 404 430 menter
420 403 545 438 gaudeat,
561 404 660 438 quippe
673 403 743 437 quod
756 403 829 429 illam
841 403 874 429 ad
886 402 913 429 id
929 402 1082 429 faciendum

299 450 459 476 exhortetur
475 455 584 485 propter
607 449 652 476 Dei
672 448 753 476 Verbi
769 448 802 475 ad
818 450 904 484 ipsam
926 449 1082 480 adventum.

299 503 380 530 quam
400 500 465 523 Item
492 496 612 523 ctelestis
639 496 715 527 Sion,
749 500 796 522 ant
810 496 891 523 etiam
905 496 1003 530 prioris
1017 503 1085 522 con-

300 542 465 576 gregationis
479 542 562 568 ﬁliam
577 547 666 572 vocat.
683 546 822 576 propterea
837 541 908 576 quod
924 549 974 569 nos
989 549 1085 569 omnes

300 586 346 621 qui
358 594 389 613 ex
407 587 532 621 gentibus
550 586 663 621 profecti
687 588 713 613 in
731 586 871 614 Christum
898 586 945 613 Dei
969 587 1086 613 credidi-

300 639 373 662 mus,
383 631 483 658 Christi
499 632 740 665 apostolorumque
756 632 815 666 ejus
829 632 920 667 proles
935 635 963 658 et
979 632 1025 658 filii
1040 640 1087 659 su—

301 683 374 709 mus,
399 679 492 710 utpote
508 676 554 710 qui
571 675 605 703 de
621 676 776 703 Judzeorum
798 676 1010 711 congregatione
1027 682 1088 703 tan-

302 729 383 756 quam
413 721 447 748 de
473 726 560 748 matre
586 721 639 748 orti
660 721 745 748 simus
760 731 766 748 :
783 729 845 748 nam
863 722 945 748 etiam
959 722 1030 756 quod
1044 729 1088 749 se-

300 767 402 801 quitur.
414 767 442 793 in
459 765 608 794 Salvatoris
619 767 706 794 nostri
721 767 838 794 adventu
848 767 1013 802 completum
1027 775 1089 796 esse

300 816 417 839 constat.
447 811 515 845 Quis
541 812 614 839 enim
641 812 749 847 ignorat
772 812 907 847 ejusmodi
933 821 1026 847 pacem
1056 821 1089 840 ex

301 858 426 893 gentibus
443 861 504 892 post
514 856 648 884 adventus
664 858 867 892 illiustempora
879 859 1029 891 exstitisse,
1040 866 1089 886 cu-

298 902 419 937 jusmodi
452 910 590 937 nunquam
614 907 694 930 antea
719 902 834 930 fuisset?
859 912 947 938 neque
971 904 1042 932 enim
1058 909 1088 931 ut

301 947 389 982 prius,
406 948 446 975 sic
461 956 534 976 nunc
542 948 670 976 civitates
683 956 698 976 a
713 949 870 978 civitatibus
885 955 1086 985 oppugnantur,

301 1000 390 1027 neque
402 996 495 1027 gentes
513 1000 575 1020 cum
587 993 715 1028 gentibus
728 994 907 1026 colliduntur,
924 1003 1012 1030 neque
1024 1003 1088 1023 vero

301 1042 332 1066 ut
348 1038 446 1073 priscis
465 1039 635 1073 temporibus
648 1059 656 1071 ,
685 1040 724 1067 sic
739 1041 843 1068 nostris
867 1041 921 1067 vita
947 1041 1087 1068 hominum

301 1084 421 1119 inquieta
440 1084 630 1120 instabilisque
638 1090 690 1117 est,
707 1085 792 1121 458
816 1087 918 1122 quippe
927 1094 990 1114 cum
1001 1095 1088 1123 neque

300 1131 480 1159 Athenienses
496 1135 590 1158 contra
604 1131 825 1160 Lacedaemonios
851 1134 983 1166 ferantur.
1000 1143 1088 1170 neque

302 1175 367 1212 Syri
378 1177 509 1205 adversus
524 1176 680 1209 Plimnicas,
694 1186 783 1213 neque
797 1178 902 1206 Arabes
928 1182 954 1206 in
966 1179 1086 1208 Palaesti-

301 1228 362 1251 nos.
376 1229 465 1256 neque
487 1222 552 1249 item
578 1220 698 1257 {Egyptii
715 1223 847 1251 adversus
864 1224 995 1252 finitimos
1016 1226 1088 1252 mili-

302 1268 367 1294 tiam
383 1272 539 1296 eserceant.
564 1267 617 1295 Sed
642 1276 675 1295 ex
693 1269 740 1295 illo
758 1270 785 1296 in
814 1269 887 1296 hunc
905 1278 993 1305 usque
1003 1271 1085 1303 diem,

302 1313 357 1340 Deo
371 1314 487 1346 favente,
502 1313 530 1340 in
545 1321 628 1340 unum
645 1314 737 1340 munia
749 1314 866 1347 coivere,
879 1318 907 1341 et
918 1322 1021 1347 revera,
1031 1316 1088 1343 sic-

304 1362 336 1384 ut
364 1357 391 1384 in
412 1358 552 1392 prophetia
570 1358 674 1385 dictum
701 1358 800 1391 fuerat,
828 1359 995 1386 abundantia
1011 1367 1062 1394 pac
1075 1368 1089 1387 s

303 1411 337 1431 ex
349 1403 475 1438 gentibus
490 1404 598 1438 prodiit,
627 1408 655 1431 et
679 1410 750 1431 unus
764 1403 854 1437 Jesus,
871 1409 898 1432 et
915 1405 949 1432 ab
965 1406 1024 1439 ipso
1039 1405 1088 1433 de—

304 1451 458 1478 nuntiatum
480 1451 644 1485 evangelicae
659 1451 791 1479 doctrina:
808 1452 931 1484 verbum,
950 1451 1089 1487 principa-

301 1500 371 1527 tum,
403 1503 419 1522 a
442 1496 511 1522 mari
537 1504 623 1530 usque
646 1496 680 1523 ad
705 1505 790 1528 mare,
809 1497 860 1524 hoc
876 1501 918 1524 est
930 1497 964 1524 ab
983 1498 1088 1525 oriente

302 1541 359 1569 sole
368 1549 453 1575 usque
466 1540 499 1567 ad
512 1541 692 1575 occidentem,
704 1547 731 1569 et
741 1550 757 1569 a
773 1541 931 1570 ﬂuminibus
947 1542 980 1569 ad
990 1551 1088 1578 etpor—

302 1583 438 1611 rectiones
450 1587 539 1616 terrae,
553 1583 624 1611 sicut
634 1592 666 1611 ea
682 1584 912 1619 significaverant,
930 1593 991 1620 quae
1014 1587 1087 1621 apud

301 1632 459 1665 prophetam
469 1629 596 1664 pnedicta
609 1635 684 1662 sunt.
695 1631 810 1666 accepit;
834 1639 894 1666 quae
909 1639 975 1659 sane
990 1631 1086 1667 Aquila

302 1682 410 1710 quoque
425 1675 451 1702 in
464 1675 536 1702 hunc
560 1675 668 1702 modum
683 1675 876 1710 interpretatus
889 1681 932 1704 est
946 1684 952 1702 :
973 1686 982 1703 ι
999 1679 1031 1703 Lt
1047 1677 1087 1704 io-

304 1725 403 1755 quetur
420 1729 515 1756 pacem
524 1722 552 1748 in
568 1721 706 1756 gentibus,
723 1725 749 1748 et
763 1726 885 1756 potestas
904 1723 963 1758 ejus
986 1731 1001 1750 ιι
1018 1723 1087 1750 mari

302 1775 389 1800 usque
400 1767 433 1793 ad
444 1775 528 1798 mare,
538 1771 564 1794 et
574 1776 588 1793 ιι
599 1767 756 1794 liulilinibns
767 1776 854 1803 usque
862 1768 894 1795 ad
903 1770 970 1795 fines
981 1773 1067 1797 terrm.
1075 1780 1084 1795 ι

303 1812 343 1839 Tu
357 1820 418 1840 vero
427 1812 482 1839 haec
491 1819 649 1847 comparato
663 1820 724 1840 cum
739 1813 793 1840 illis
804 1821 865 1846 quae
874 1814 900 1840 in
910 1815 1016 1848 psalmo
1026 1822 1089 1842 con-

302 1859 433 1890 tinentur.
443 1859 487 1893 qui
497 1859 646 1893 inscriptus
656 1866 696 1886 est
704 1859 730 1886 in
743 1859 988 1894 Salomouem,qnaa
995 1861 1088 1887 videli-

303 1910 346 1931 cet
359 1905 393 1932 de
405 1904 460 1932 lilio
478 1905 549 1939 regis
559 1913 590 1932 ex
607 1905 710 1933 semine
734 1905 889 1933 Salomonis
911 1906 1030 1933 oriundo
1045 1906 1088 1933 di-

303 1949 455 1981 euntur;de
468 1957 521 1984 quo
530 1949 554 1976 is
563 1950 683 1984 psalmus
697 1949 732 1976 ita
747 1949 866 1984 loquitur
880 1959 887 1976 :
905 1960 913 1975 ι
926 1949 1088 1977 Etdomina-

305 1996 378 2022 bitur
389 2003 404 2022 ιι
422 1996 490 2022 mari
506 2003 592 2030 usque
608 1996 641 2022 ad
654 2003 738 2029 mare,
757 2000 784 2023 et
798 2004 812 2023 a
828 1996 985 2025 ﬂuminibus
1001 2005 1088 2033 usque

305 2042 338 2068 ad
348 2042 414 2069 lines
429 2042 502 2069 orbis
515 2042 623 2069 terrze'.
640 2051 649 2067 ι
662 2041 746 2070 Porro
756 2043 826 2070 idem
839 2043 882 2070 hic
892 2044 1015 2078 psalmus
1025 2052 1086 2071 eam

1133 355 1202 384 εἶναι
1224 359 1273 384 καὶ
1290 359 1372 385 τέκνα
1388 357 1506 394 Χριστοῦ
1525 359 1572 386 καὶ
1587 359 1640 386 τῶν
1660 359 1816 386 ἀποστόλων
1831 360 1926 391 αὐτοῦ,

1133 400 1177 429 οἷα
1191 404 1223 429 ὲκ
1240 403 1342 439 μητρὸς
1359 404 1410 438 τῆς
1427 403 1480 429 τῶν
1502 404 1637 430 Ἰουδαίων
1657 403 1818 438 συναγωγῆς
1830 403 1927 439 προελ-

1134 449 1238 479 θόντας.
1260 449 1314 476 Καὶ
1336 449 1366 475 τὸ
1388 448 1451 484 ἑξῆς
1469 450 1496 475 δὲ
1516 450 1667 485 ἐπληροῦτο
1683 450 1730 476 ἐπὶ
1746 451 1779 485 τῇ
1800 449 1848 476 τοῦ
1867 450 1927 476 Σω-

1134 495 1216 530 τῆρος
1231 495 1309 530 ἡμῶν
1322 495 1467 531 παρουσίᾳ.
1484 496 1584 531 Εἰρήνη
1597 495 1662 530 γοῦν
1676 495 1706 528 ἐξ
1720 495 1806 522 ἐθνῶν
1816 495 1927 530 γέγονεν

1135 539 1189 567 ἀπὸ
1199 540 1253 567 τῶν
1267 541 1370 575 χρόνων
1385 542 1434 576 τῆς
1449 541 1566 575 ἀφίξεως
1580 541 1672 574 αὑτοῦ,
1687 542 1730 568 οἵα
1742 542 1926 568 οὑδεπώπστει

1136 587 1185 613 οὐκ
1200 587 1239 613 ἔτι
1250 587 1315 621 γοῦν
1331 587 1422 619 πόλεις
1434 588 1553 619 πόλεσιν,
1564 585 1601 619 ὡς
1617 586 1646 614 τὸ
1663 588 1737 624 πρὶν,
1752 587 1926 623 πολεμοῦσιν,

1136 632 1196 658 οὐδὲ
1213 632 1284 668 ἐθνη-
1298 633 1384 659 ἔθνεσι
1402 634 1610 668 συρράσσουσιν,
1625 634 1690 665 οὐδ’,
1707 634 1744 665 ὡς
1759 633 1789 660 τδ
1800 633 1925 665 παλαιὸν,

1137 677 1152 703 ὁ
1173 677 1228 703 τῶν
1251 677 1400 713 ἀνθρώπων
1426 678 1481 712 βίος
1499 679 1694 709 ἀκαταπατεὶ,
1713 678 1765 704 οὐδ’
1793 677 1928 713 Ἀθηναῖοι

1140 723 1190 758 μὲν
1204 723 1427 758 Λακεδαιμονίοις
1452 722 1692 758 ἐπιστρατεύονται
1704 743 1711 754 ,
1731 722 1812 757 Σύροι
1825 722 1854 749 δὲ
1867 722 1928 749 1Ιιοί-

1138 768 1218 801 νιξιν,
1241 769 1362 804 ’Δράδιοι
1375 769 1403 794 δὲ
1419 769 1624 800 Παλαιστίνοις,
1641 768 1688 794 καὶ
1708 767 1852 802 Αἰγύπτιοι
1871 769 1928 800 τοῖς

1139 813 1346 849 πλησιοχώροις.
1370 815 1489 841 Ἦνωται
1512 814 1540 841 δὲ
1562 814 1592 846 ἐξ
1612 814 1715 841 ἐκείνου
1739 815 1787 841 σὺν
1807 815 1866 850 Θεῷ
1893 815 1928 842 τὰ

1141 859 1244 891 πάντα,
1269 860 1316 886 καὶ
1344 859 1449 895 ἀληθῶς
1480 860 1581 895 πλῆθος
1607 861 1716 895 εἰρήνης
1735 860 1764 893 ἐξ
1792 860 1874 887 ῑιθνῶν
1898 861 1927 894 ἔξ

1105 892 1125 919 Β
1138 903 1242 931 ἐκείνου
1257 906 1300 931 καὶ
1317 906 1357 937 εἰς
1367 892 1446 941 δεῦρο
1456 892 1578 940 γέγονεν,
1596 892 1800 942 ἀκολούθωςῗτῇ
1819 892 1926 943 λιτροφηζ

1137 950 1208 986 τείᾳ.
1219 951 1306 979 Μόνος
1321 951 1349 978 δὲ
1371 952 1484 987 Ἰησοῦς,
1498 952 1545 978 καὶ
1556 954 1570 979 ὁ
1580 952 1613 978 δι’
1625 952 1709 979 αὐτοῦ
1720 952 1867 989 κηρυχθεὶς
1877 953 1927 988 τῆς

1138 997 1318 1032 εὑαγγελικῆς
1329 997 1502 1030 διδασκαλίας
1515 998 1593 1032 λόγος
1610 997 1690 1034 ἧρξεν
1700 997 1753 1026 ἀπὸ
1767 1001 1817 1035 τῆς
1828 999 1927 1027 θαλάσ-

1139 1049 1188 1075 σης
1200 1041 1252 1073 ἓως
1266 1042 1414 1078 θαλάσσης,
1431 1044 1484 1070 ἀπὸ
1495 1045 1544 1079 τῆς
1556 1045 1593 1071 ἔω
1610 1046 1650 1076 εἰς
1664 1045 1709 1071 τὸν
1728 1046 1927 1082 καταδυόμενον

1143 1087 1228 1121 ἥλιον,
1247 1088 1294 1114 καὶ
1317 1089 1371 1115 ἀπὸ
1394 1090 1523 1125 ποταμῶν
1536 1091 1574 1121 είς
1585 1090 1634 1122 ’.ὰς
1649 1091 1789 1124 διεκϐολὰς
1799 1093 1850 1128 τῆς
1863 1092 1926 1128 γῆς,

1137 1132 1290 1165 ἀκολούθως
1300 1135 1358 1166 τοῖς
1368 1135 1396 1161 ὲν
1405 1135 1444 1170 τῷ
1457 1136 1582 1172 προφήτῃ
1594 1137 1828 1172 προλελεγμένοις.
1839 1138 1927 1174 Ἀπερ

1138 1179 1185 1205 καὶ
1199 1181 1212 1205 ό
1233 1179 1346 1212 Ἀκύλας
1359 1177 1409 1207 ὧδέ
1421 1190 1479 1213 πως
1490 1182 1660 1218 ἡρμήνευσεν
1675 1183 1769 1210 εἰπών·
1790 1193 1800 1209 ι
1814 1183 1870 1210 Καὶ
1878 1183 1926 1210 λα·

1138 1223 1213 1260 λήσει
1228 1226 1338 1261 εἰρήνην
1353 1227 1382 1253 ἐν
1403 1228 1458 1258 τοῖς
1479 1227 1583 1259 ἔθνεσι,
1610 1229 1657 1255 καὶ
1675 1229 1691 1263 ἡ
1715 1229 1824 1262 ἐξουσία
1843 1227 1926 1256 αὐτοῦ

1140 1269 1193 1295 ἀπὸ
1222 1269 1360 1307 θαλάσσης
1390 1272 1442 1303 ἕως
1467 1272 1620 1309 θαλάσσης,
1644 1274 1690 1300 καὶ
1716 1274 1770 1301 ἀπὸ
1796 1275 1925 1310 ποταμῶν

1138 1315 1190 1347 ἕως
1201 1317 1325 1352 περάτων
1342 1318 1393 1353 τῆς
1410 1319 1470 1354 γῆς.
1491 1328 1500 1344 ι
1512 1319 1605 1346 Ταῦτα
1619 1320 1647 1347 δὲ
1658 1323 1714 1353 τοῖς
1726 1322 1755 1348 ὲν
1769 1321 1807 1356 τῷ
1827 1321 1926 1358 ψαλμῷ

1139 1364 1282 1399 σύγκρινον
1301 1364 1340 1400 τῷ
1362 1366 1592 1402 ἐπιγεγραμμένῳ
1622 1369 1661 1399 είς
1691 1368 1835 1403 Σολομῶνα
1863 1367 1927 1404 περὶ

1138 1411 1185 1437 τοῦ
1210 1410 1267 1437 υἱοῦ
1292 1411 1338 1437 τοῦ
1359 1410 1508 1446 βασιλέως,
1531 1411 1630 1448 δηλαδὴ
1649 1413 1695 1440 τοῦ
1713 1414 1745 1440 ἐκ
1771 1414 1926 1450 σπέρματος

1139 1456 1295 1492 Σολομῶνος
1327 1457 1577 1493 προελευσομένουε,
1609 1459 1780 1494 λεγομένοις,
1809 1460 1874 1496 περὶ
1894 1454 1925 1487 οὗ

1139 1503 1220 1537 φησιν
1243 1503 1257 1529 ὁ
1278 1502 1402 1538 ψαλμός”
1422 1513 1431 1528 ι
1447 1504 1501 1530 Καὶ
1523 1503 1731 1538 κατακυριεύσει
1753 1505 1805 1532 ἀπὸ
1827 1505 1926 1532 Galam

1101 1562 1122 1590 ο
1140 1557 1189 1584 σης
1212 1549 1264 1580 ἓως
1293 1548 1442 1584 θαλάσσης,
1464 1549 1510 1575 καὶ
1528 1549 1580 1576 ἀπὸ
1611 1550 1738 1586 ποταμῶν
1765 1551 1819 1583 ἕως
1840 1551 1926 1587 περάο

1139 1602 1194 1620 των
1212 1594 1262 1628 τῆς
1284 1594 1470 1630 οἰκουμένης.)
1487 1595 1617 1630 Σημαίνει
1633 1597 1661 1622 δὲ
1677 1597 1722 1623 καὶ
1742 1598 1790 1632 τὴν
1811 1596 1927 1624 ἐνταῦθα

1140 1639 1306 1675 δηλουμένην
1318 1641 1428 1676 εἰρήνην
1441 1643 1454 1668 ό
1466 1641 1546 1673 αὐτὸς
1558 1641 1665 1677 ψαλμὸς
1677 1642 1789 1677 φάσκων
1801 1651 1809 1658 ·
1823 1652 1835 1669 ‹
1851 1644 1928 1670 ’Δναι

1139 1684 1212 1711 τελεῖ
1224 1686 1252 1711 ὲν
1267 1687 1327 1717 ταῖς
1342 1687 1460 1721 ἡμέραις
1477 1687 1558 1714 αὐτοῦ
1572 1688 1727 1725 δικαιοσύνη
1742 1708 1749 1720 ,
1763 1689 1810 1716 καὶ
1827 1689 1927 1726 πλῆθος

1140 1732 1259 1766 εἰρήνης.
1276 1742 1285 1757 ι
1307 1732 1363 1758 Καὶ
1383 1728 1495 1764 Ἡσαΐας
1509 1733 1538 1759 δὲ
1560 1734 1664 1766 τούτοις
1682 1734 1821 1771 συντρέχει
1841 1735 1874 1762 δι’
1889 1732 1928 1763 ὧν

1141 1785 1226 1811 φησι·
1250 1787 1259 1802 ι
1279 1778 1333 1804 Καὶ
1355 1778 1520 1812 συγκόψουσι
1545 1779 1681 1815 μαχαίρας
1695 1780 1784 1807 αὐτῶν
1805 1782 1846 1813 εἰς
1864 1781 1928 1818 dpo-

1140 1827 1207 1857 τρα,
1226 1823 1272 1849 καὶ
1291 1823 1340 1854 τὰς
1366 1822 1477 1855 ζιδὺνας
1502 1823 1592 1851 αὐτῶν
1615 1826 1654 1857 εἰς
1677 1825 1807 1861 δρέπανα.
1826 1827 1883 1855 Καὶ
1897 1827 1927 1854 οὐ

1141 1869 1252 1904 λήψεται
1276 1869 1316 1896 ἔτι
1340 1869 1414 1901 ἔθνος
1437 1871 1480 1897 ἐπ’
1504 1871 1579 1902 ἔθνος
1605 1872 1757 1908 μάχαιραν,
1774 1873 1822 1900 καὶ
1841 1873 1872 1900 οὐ
1891 1875 1927 1910 μοι

1143 1914 1263 1950 μάθωσιν
1278 1916 1316 1942 ἔτι
1336 1916 1473 1951 πολεμεῖν.
1492 1927 1500 1942 ι
1520 1917 1615 1953 Εὖροις
1642 1918 1663 1944 δ’
1683 1918 1716 1945 ἂν
1740 1920 1786 1946 καὶ
1809 1919 1928 1955 Μιχαίαν

1141 1961 1244 1992 τούτοις
1258 1962 1402 1997 συνᾴδοντα
1413 1982 1420 1994 ,
1439 1963 1486 1989 καὶ
1501 1962 1599 1995 ἄλλους
1617 1963 1725 1997 πλείους
1747 1965 1800 1993 τῶν
1823 1975 1928 2002 προφη-

1140 2007 1206 2034 τῶν.
1231 2008 1394 2043 Ἑπιστήσας
1406 2006 1434 2034 δὲ
1448 2029 1455 2040 ,
1471 2009 1510 2040 ὡς
1521 2009 1589 2045 ἔφην
1601 2030 1608 2041 ,
1623 2011 1680 2042 τοῖς
1695 2011 1810 2046 χρόνοις,
1825 2012 1929 2049 δυνήσῃ

1142 2054 1256 2080 συνιδεῖν
1268 2073 1274 2084 ,
1292 2053 1330 2084 ὡς
1345 2053 1399 2080 ἀπὸ
1418 2054 1471 2080 τῶν
1488 2054 1643 2090 Αὐγούστου
1663 2057 1766 2092 χρόνων
1778 2077 1786 2088 ,
1816 2058 1864 2085 καὶ
1879 2060 1928 2094 τῆς

309 2091 371 2116 item
387 2098 447 2124 qua:
459 2090 503 2117 hic
512 2090 690 2125 significatur,
703 2097 806 2123 pacem,
817 2089 857 2116 sic
868 2087 986 2115 futuram
998 2087 1097 2114 descri-

1141 2099 1201 2125 κατ’
1218 2099 1298 2125 αὑτὸν
1313 2099 1503 2135 ἐπιλαμψάσης
1520 2100 1565 2128 τοῦ
1586 2102 1711 2137 Σωτῆρος
1730 2103 1809 2138 ἡμῶν
1831 2105 1929 2138 ὲπιφαη

308 2136 346 2162 bit
363 2145 369 2162 :
386 2146 395 2161 ι
410 2136 519 2163 Orictur
534 2137 559 2163 in
571 2136 667 2163 diebus
681 2136 741 2170 ejus
761 2135 866 2170 justitia
882 2138 909 2162 et
930 2133 1096 2160 abundantia
1141 2145 1214 2170 ,λείας
1225 2165 1231 2170 _
1248 2145 1298 2170 τῆς
1315 2133 1456 2170 -Ρωιιάίῴν
1481 2133 1628 2170 gmw,ng
1643 2133 1718 2170 Eg”;

1141 2145 1214 2176 νείας
1225 2165 1231 2175 ,
1248 2145 1298 2179 τῆς
1315 2145 1456 2180 Ῥωμαίων
1480 2144 1628 2183 μοναρχίας
1643 2149 1882 2185 ὲπικρατησὰσης,
1899 2148 1928 2177 αἱ

307 2181 382 2210 pacis
395 2180 415 2207 '.
437 2191 445 2206 ι
462 2180 545 2209 isaias
569 2188 679 2215 quoque
702 2189 764 2208 cum
790 2181 832 2207 bis
854 2179 921 2213 ipsis
939 2178 1090 2210 concordat,

313 2231 317 2232 ν
488 2223 515 2232 η
587 2224 627 2232 ,..
679 2228 684 2232 .
720 2225 725 2232 .
755 2224 770 2232 ..
909 2225 915 2231 .

1141 2190 1224 2217 πάλαι
1239 2178 1292 2216 τῶν
1305 2178 1389 2216 ὲθνῶν
1404 2178 1730 2227 διελύθησανδιαστάσεις
1746 2178 1793 2222 καὶ

306 2231 368 2251 cum
386 2224 423 2250 ait
438 2231 445 2249 :
465 2233 474 2249 ι
487 2223 518 2250 Et
533 2224 689 2251 conﬂabunt
701 2224 806 2259 gladios
828 2233 893 2252 suos
909 2225 936 2252 in
950 2233 1086 2257 vomeres,

1143 2236 1214 2270 χίαι,
1243 2235 1289 2262 καὶ
1310 2235 1385 2262 τόνδε
1410 2236 1439 2269 ἐξ
1461 2223 1564 2264 ἐκείνου
1586 2239 1686 2273 τρόπον
1710 2223 1802 2273 τέλους
1829 2223 1929 2277 ἤρξατο

305 2275 333 2296 et
348 2270 484 2297 ianceolas
499 2277 562 2297 suas
591 2270 618 2296 in
633 2269 728 2297 falces.
743 2270 776 2296 Et
793 2278 847 2297 non
863 2274 954 2298 sumet
972 2272 1089 2307 amplius

1141 2269 1284 2315 τυγχάνειν
1300 2281 1334 2308 τὰ
1355 2282 1405 2316 τῆς
1430 2269 1672 2319 τ’τροφητευομξένηιι]ς
1695 2269 1815 2321 “Mm;-
1839 2269 1928 2314 εἶλλλά

305 2323 373 2351 gens
389 2316 415 2342 in
430 2319 536 2351 gentem
551 2315 682 2350 gladium,
694 2320 722 2343 et
737 2323 792 2343 non
816 2316 924 2343 discent
945 2317 1015 2343 ultra
1033 2318 1090 2344 bel-

1143 2325 1190 2351 νῦν
1216 2325 1266 2360 μὲν
1287 2325 1354 2358 τέως
1377 2326 1490 2362 ἤρξατο,
1515 2328 1589 2354 ἔσται
1610 2328 1638 2354 δὲ
1660 2329 1704 2355 ὅτε
1720 2330 1928 2367 πληρέσταταή

307 2363 362 2390 Ιιιιιι
375 2370 469 2398 gerere
484 2363 505 2388 ³.
523 2372 532 2387 ι
551 2362 686 2389 Caeterum
719 2362 858 2389 Michmam
887 2371 995 2398 quoque
1013 2364 1089 2391 inve-

1144 2370 1296 2405 προφητεία
1311 2372 1578 2406 συμπερασθήσεται,
1595 2373 1662 2399 ἐπὰν
1681 2372 1711 2401 τὸ
1727 2362 1864 2411 πλήρωμα

272 2413 282 2419 ‘
307 2410 366 2437 nies
382 2409 477 2437 iisdem
499 2414 682 2437 consentanea
704 2410 849 2442 dicentem,
881 2411 999 2446 itemque
1021 2412 1090 2440 alios

1144 2414 1229 2441 ὲθνῶν
1244 2415 1352 2451 εἰσέλθῃ
1365 2414 1474 2452 τὸλπρὸς
1485 2417 1531 2444 τοῦ
1551 2419 1571 2444 ιε
1577 2418 1622 2454 ροῦ
1642 2409 1802 2446 Ἀποστόλου

307 2461 340 2480 ex
373 2455 511 2489 prophetis
527 2456 638 2483 multos.
668 2455 696 2483 Si
715 2464 778 2483 vero
794 2456 946 2492 diligenter,
968 2462 997 2485 ut
1021 2458 1088 2486 alias
1145 2460 1235 2495 μένον.

307 2501 374 2532 dixi.
388 2507 507 2537 tempora
530 2503 730 2535 observaveris,
752 2504 830 2532 facile
859 2505 958 2533 intueri
973 2508 1085 2541 poteris,
1106 2509 1337 2542 quemadmodum
1367 2510 1402 2537 ab
1436 2511 1551 2546 Augusti
1581 2512 1761 2547 temporibus,
1784 2517 1811 2541 et
1832 2522 1847 2541 a
1867 2513 1929 2542 Salo

309 2548 409 2575 vatoris
424 2549 511 2576 nostri
520 2549 648 2577 adventu.
663 2550 709 2584 qui
725 2558 773 2584 per
786 2559 818 2578 ea
848 2554 971 2586 tempora
1002 2553 1127 2585 emicuit,
1148 2562 1210 2581 cum
1239 2555 1273 2582 ad
1299 2564 1382 2582 unum
1408 2557 1547 2583 redactum
1578 2556 1762 2586 Romanorum
1784 2559 1929 2594 imperium

309 2591 398 2618 omnia
413 2592 595 2625 obtinuisset,
628 2599 734 2621 veteres
754 2595 876 2629 gentium
913 2596 1083 2629 differentiae,
1099 2602 1126 2625 et
1146 2599 1313 2634 multiplices
1340 2601 1510 2636 principatus
1534 2602 1628 2629 aboliti
1644 2609 1719 2635 sunt,
1735 2591 1869 2639 atque-ex
1882 2604 1930 2632 illo

309 2637 336 2663 in
346 2637 419 2665 hunc
431 2639 550 2672 modum,
582 2648 642 2675 qua:
658 2641 691 2667 ad
714 2649 808 2676 pacem
828 2643 1007 2677 pertinerent,
1043 2653 1123 2679 quam
1145 2647 1284 2681 propheta:
1298 2648 1491 2683 prmdixcrant,
1509 2648 1646 2677 ea.linem
1665 2658 1746 2678 suum
1771 2637 1930 2688 contingere

309 2684 594 2717 ca:perint.Ca‘.tcrum
624 2687 755 2715 hactenus
780 2689 891 2723 quidem
924 2689 1018 2724 erepit,
1058 2693 1162 2726 tempus
1196 2697 1287 2719 autem
1322 2694 1421 2724 veniet.
1439 2696 1829 2733 cumplcnissimeprophetia
1855 2684 1930 2726 com-

310 2730 436 2764 piebitur,
453 2732 497 2758 ubi
514 2733 633 2766 gentium
658 2734 798 2768 plenitudo
813 2735 935 2770 ingressa
950 2736 1017 2763 illud
1031 2735 1125 2769 fuerit,
1142 2737 1214 2772 quod
1228 2747 1242 2765 a
1260 2744 1356 2768 sancto
1367 2740 1497 2776 Apostolo
1514 2730 1617 2770 dictum
1634 2747 1677 2770 est
1685 2730 1722 2770 δ’.

345 2857 356 2875 ⁷
374 2858 446 2887 Psal.
468 2868 548 2894 un,
565 2861 592 2890 8.
630 2863 640 2879 '
658 2862 723 2891 ibid.
744 2862 768 2891 Ἰ.
806 2864 816 2880 ⁸
836 2864 890 2893 isa.
907 2873 936 2899 tl,
962 2865 988 2895 ι.
1025 2866 1047 2883 ³·
1066 2866 1147 2895 lium.
1164 2874 1211 2902 ιι,
1226 2866 1270 2896 25.
