2099 3217
186 147 239 175 718

635 143 963 173 DEMONSTBATIONIS
980 144 1211 175 EVANGELIC/E
1228 146 1292 174 LIB.
1312 147 1357 175 1x.

1763 151 1816 178 7H

191 199 263 230 Ἃπᾶ
292 200 345 227 τοῦ
362 200 488 238 πέίιιιαιμοῇΔ
495 199 558 238 pri".
572 215 607 220 —
619 201 690 238 Περὶ
711 201 759 234 Ὧς
776 199 855 228 ἁνγὰ
870 199 910 234 τῷ
923 200 977 233 υἱῷ

1029 200 1112 237 459
1132 202 1154 228 Α
1183 202 1286 236 psalmo
1306 210 1389 231 cxvu.
1402 218 1437 223 —
1460 203 1498 231 De
1517 204 1717 238 acclamatione,
1741 206 1815 234 Ποι-

404 235 492 262 Δασὶδ
501 255 508 268 ,
523 235 759 271 ὲπιφωνήματος.

225 303 233 319 ι
252 292 332 321 Λίθον
353 293 382 320 ὃν
402 293 606 328 ἀπεδοκίμασαν
621 294 646 320 οἱ
662 292 864 329 οἰκοδομοῦντες
879 313 886 326 ,
903 290 979 325 οὗτος

186 339 301 375 ἐγενήθη
321 339 361 370 είς
382 338 502 374 κεφαλὴν
523 339 634 373 γωνίας.
655 339 735 375 Παρὰ
750 338 855 377 Κυρίου
872 339 979 373 ἐγένετο

186 385 257 420 αὕτη
267 405 273 416 ,
285 385 332 411 καὶ
345 385 402 411 ἐστι
419 385 561 420 θαυμαστὴ
577 386 606 412 ὲν
621 385 770 421 ὀφθαλμοῖς
788 385 876 422 ἡμῶν.
904 385 978 421 Αὕτη

186 433 204 467 ἡ
216 431 306 467 ὴμέμα
325 432 358 467 ἢν
373 431 500 466 ἐποίησεν
514 432 529 458 ὁ
545 431 648 467 Κύριος
658 452 665 464 ,
684 431 912 467 ἀγαλλιασώμεοα
933 432 980 458 καὶ

185 476 384 513 εὐφρανθῶμεν
412 478 440 503 ὲν
470 478 550 513 αὐτῇ.
575 476 610 504 Ὦ
636 478 741 514 Κύριε,
772 478 858 504 σῶσον
886 478 936 514 δὴ,
957 475 979 504 ὦ

186 523 292 558 Κύριε,
314 523 443 549 εὑόδωσον
465 523 507 558 δή.
530 523 719 559 Εὐλογημένος
744 524 759 550 6
781 524 928 560 ἐρχόμενος
950 523 979 550 ὲν

187 570 300 604 ὀνόματι
321 569 432 605 Κυρίου.
451 570 518 602 Θεὸς
537 570 638 606 Κύριος
658 570 705 596 καὶ
724 570 858 605 ὲπέφανεν
871 571 947 606 ἡμῖν.
967 579 976 596 ι

189 616 242 642 Τοῦ
258 616 381 652 Σωτῆρος
400 616 478 652 ἡμῶν
500 617 587 651 Ἰησοῦ
602 616 720 652 Χριστοῦ
736 617 901 648 εἰσελθόντος
915 616 979 643 ποτε

188 664 231 695 είς
254 664 289 690 τὰ
320 665 500 700 Ἰεροσόλυμα,
519 666 562 692 ὅτε
582 665 652 693 κατὰ
664 662 712 701 τὴν
729 666 782 701 πρὸ
798 667 900 702 ταύτης
914 676 979 702 προ-

190 710 304 744 φητείαν
323 711 466 747 ὀχούμενος
486 713 537 748 ὄνῳ
556 712 605 747 τὴν
621 713 649 738 ἐν
667 712 705 748 τῷ
720 713 843 749 Ζαχαρία
857 713 979 749 πρόρρη-

191 763 234 782 σιν
255 755 384 793 ἐπλήρου,
403 757 472 784 κατὰ
486 758 532 784 τὸν
552 758 622 785 θεῖον
641 758 851 795 εὐαγγελιστὴν,
869 760 893 785 οἱ
907 759 979 794 ὄχλοι

190 804 357 838 προάγοντες
372 805 452 831 αὐτὸν
465 805 510 831 καὶ
521 805 731 836 ἀκολουθοῦντες
746 806 922 841 ἐπευφήμουν
937 805 980 831 λέ-

190 858 303 885 γοντες·
327 859 335 875 ι
362 850 404 881 Ὠς
427 851 494 877 ἀννὰ
510 850 548 886 τῷ
567 850 618 886 υἱῷ
638 851 729 877 Δαϐίδ.
754 851 942 887 Εὐλογημένος
965 853 980 878 6

189 881 337 931 ἐρχόμενος
353 895 382 920 ὲν
395 895 505 933 ὀνόματι
522 881 635 930 Κυρίου,
656 895 694 926 ὼς
715 895 782 921 ἀννά
801 881 834 921 ὲν-
846 881 902 926 τοῖς
916 881 977 929 ipp
996 881 1016 909 Β

192 949 275 972 στοις.
295 941 357 967 "Ora
373 941 419 967 καὶ
431 941 594 973 εἰσελθόντος
609 941 690 968 αὑτοῦ
705 943 744 974 εἰς
755 942 789 968 τὰ
808 942 978 977 ¹Ιεωσόλυμα

190 986 301 1021 ἐσείσθη
317 987 389 1012 πᾶσα
402 987 418 1021 ὴ
434 986 509 1018 πόλις
523 987 655 1021 λεγόντων
665 996 671 1002 ·
686 987 734 1018 Τίς
747 988 820 1013 ἐστιν
839 983 932 1018 οὗτος;
947 988 978 1013 ()t

189 1031 220 1058 δὲ
240 1031 310 1067 ὃχλοι
331 1031 421 1065 ἔλεγον
433 1040 439 1046 ι
457 1028 541 1062 Οὗτός
555 1032 627 1058 ἐστιν
640 1033 654 1058 6
669 1033 810 1067 προφήτης
833 1031 947 1066 Ἰησοῦς,
966 1032 979 1057 6

190 1077 246 1103 ἀπὸ
260 1075 384 1112 Ναζαρὲο
407 1077 455 1112 τῆς
476 1076 629 1108 Γαλιλαίας.
648 1087 657 1102 ι
688 1077 764 1103 Ἐπεὶ
780 1078 869 1104 τοίνυν
886 1079 918 1104 ἐκ
933 1077 978 1103 τοῦ

190 1123 371 1158 προκειμένου
397 1121 504 1158 ψαλμοῦ
523 1124 647 1158 εἴρηται,
670 1123 720 1154 τὸ,
744 1124 786 1154 Ὠς
811 1124 887 1155 am,
911 1124 979 1158 ὅπερ

191 1168 357 1204 ὲρμηνευθὲν
367 1169 454 1204 δηλοῖ,
472 1168 561 1195 Σῶσον
576 1169 621 1204 δὴ,
633 1169 663 1195 τὸ
675 1169 703 1195 δὲ
724 1169 876 1204 Ἑόραῖκὸν,
902 1170 980 1196 Ἀννὰ

196 1213 311 1240 ’Λδωναῒ
323 1214 360 1244 ὡς
375 1213 453 1245 ἀννὰ,
469 1214 600 1249 περιέχει.
622 1213 700 1240 Ἀλλὰ
713 1214 759 1240 καὶ
771 1214 801 1240 τὸ
811 1235 817 1247 ,
837 1224 845 1238 ι
862 1214 980 1249 Εὐλογη-

193 1259 274 1294 μένος
293 1260 307 1286 ό
322 1259 467 1295 ἐρχόμενος
490 1260 518 1285 ὲν
535 1259 646 1294 ὀνόματι
671 1259 791 1295 Κυρίου,
806 1270 815 1286 ι
833 1260 981 1296 ἐπειδήπερ

191 1306 242 1333 καὶ
256 1306 321 1332 αὐτὸ
333 1306 387 1333 ἀπὸ
405 1305 451 1332 τοῦ
464 1305 546 1332 αὑτοῦ
558 1305 666 1341 ψαλμοῦ
682 1305 859 1342 μετείληπται
872 1327 878 1339 ,
894 1306 980 1333 ταῦτα

189 1352 222 1379 δὲ
245 1352 338 1386 σαφῶς
357 1352 404 1378 ἐπὶ
425 1352 472 1378 τῦν
496 1352 612 1387 Χριστὸν
635 1351 682 1378 τοῦ
704 1351 771 1378 Θεοῦ
793 1353 980 1388 ἁνενήνεκταιο

191 1397 306 1428 εἰκότως
330 1397 369 1429 εἰς
395 1397 476 1424 αὐτὸν
504 1397 550 1423 καὶ
572 1397 606 1424 τὰ
629 1397 709 1424 λοιπὰ
731 1397 780 1432 τῆς
803 1399 980 1434 προρρήσεως

187 1443 385 1479 ἐξειλήφαμεν.
400 1440 483 1475 οὗτος
493 1443 547 1479 γὰρ
564 1443 601 1470 ὢν
618 1443 746 1479 τυγχάνει
762 1443 951 1479 εὐλογημένος,
966 1446 981 1471 6

188 1488 242 1516 καὶ
264 1487 297 1515 δι’
312 1488 405 1525 ἑτέρου
418 1489 558 1525 προφήτου
575 1488 767 1524 ὠνομασμένος
787 1490 800 1516 6
823 1490 980 1526 ἐρχόμενος,

190 1533 242 1561 τοῦ
256 1534 403 1570 φήσαντος
427 1545 437 1560 ί
454 1536 514 1561 Ἔτι
536 1535 647 1570 μικρὸν,
662 1536 709 1562 καὶ
720 1537 734 1562 6
749 1536 893 1571 ἐρχόμενος
910 1537 979 1572 ἣξει,

190 1581 242 1608 και
259 1562 292 1607 ὲᾰ
307 1581 344 1616 μὴ
366 1562 494 1617 χρονῑσῃ,
523 1562 651 1613 [ἧς’καί
673 1562 801 1617 ἐλήλυὸέύ
815 1562 847 1608 ἓν
871 1562 983 1618 ἆμιρᾆ
997 1562 1019 1593 c

191 1627 298 1663 Κυρίου
312 1626 359 1654 τοῦ
372 1627 451 1659 Θεοῦ,
467 1629 514 1654 καὶ
530 1628 636 1663 Πατρός
649 1627 756 1654 ἑαυτοῦ.
769 1629 854 1659 Αὐτὸς
863 1629 886 1655 δ’
898 1629 930 1655 ἂν
943 1629 984 1664 εἴη

192 1673 244 1700 καὶ
264 1681 274 1698 ‹
292 1673 358 1704 Θεὸς
370 1672 472 1708 Κύριος
488 1674 503 1700 6
525 1674 664 1708 ἐπιφανεὶς
680 1674 755 1709 ἡμῖν.
777 1683 786 1699 ›
809 1674 852 1700 Ἐν
872 1675 984 1710 ὀνόματι

193 1719 261 1753 γοῦν
279 1718 326 1746 τοῦ
346 1719 452 1754 Πατρδς
473 1719 554 1746 αὐτοῦ
572 1720 697 1754 ὁμολογεῖ
718 1721 876 1756 ἐληλυθέναι
898 1721 984 1755 λέγων

193 1765 265 1801 πρὸς
289 1766 353 1798 τοὺς
377 1766 518 1797 Ἰουδαίους
531 1775 538 1781 ·
561 1776 569 1792 ι
593 1766 662 1801 Ἐγὼ
681 1767 798 1803 ἐλήλυθα
818 1769 847 1794 ὲν
869 1767 907 1803 τῷ
930 1769 985 1794 όνό-

193 1819 263 1846 ·ματι
284 1810 331 1837 τοῦ
356 1811 461 1845 Πατρός
480 1820 529 1845 μου
542 1831 549 1844 ,
566 1812 613 1838 καὶ
626 1812 655 1838 οὐ
665 1811 819 1847 λαμῆάνετέ
834 1821 866 1846 με
878 1821 884 1827 ·
906 1812 984 1845 ἄλλος

194 1856 244 1883 ὲὰν
256 1856 319 1893 ἔλθῃ
339 1858 368 1883 ὲν
379 1856 418 1892 τῷ
430 1857 541 1892 ὀνόματι
557 1857 596 1892 τῷ
617 1858 689 1893 ἰδίῳ,
703 1858 805 1885 ἐκεῖνον
823 1858 950 1893 λήψεσθε.
972 1868 982 1884 ι

194 1902 282 1935 Αὐτὸς
293 1904 326 1938 δὴ
337 1901 383 1930 οὖν
400 1904 414 1930 6
427 1903 568 1938 ἐπιφανεὶς
584 1905 650 1939 ἡμῖν
663 1903 728 1935 Θεὸς
744 1904 861 1939 Κύριος,
878 1905 892 1930 ό
908 1904 981 1930 εὐλο-

194 1950 328 1985 γημένος,
341 1951 355 1977 6
368 1949 453 1976 ἐλθὼν
467 1951 495 1977 ἐν
506 1950 618 1984 ὀνόματι
630 1950 744 1984 Κυρίου,
758 1950 839 1982 αὐτὸς
851 1948 885 1986 ἧν
904 1951 950 1977 καὶ
970 1951 984 1975 ὁ

193 1995 268 2027 λίθος
281 2016 289 2028 ,
308 1995 336 2022 ὃν
357 1996 561 2031 ἀπεδοκίμασαν
581 1997 605 2022 οἱ
625 1995 708 2027 πάλαι
728 1996 858 2032 πρότερον
883 1997 928 2023 τὸν
952 1997 984 2022 ἐκ

195 2042 348 2078 περιτομῆς
361 2041 424 2069 λαὸν
435 2041 478 2068 διὰ
490 2041 540 2076 τῆς
551 2041 701 2076 Μωσαῖκῆς
716 2041 894 2073 διδασκαλίας
909 2043 983 2069 olm—

194 2088 353 2124 δομοῦντες,
370 2087 398 2119 ὃς
414 2087 459 2115 καὶ
471 2087 697 2123 ἀποδοκιμασθεὶς
711 2088 756 2113 ὑπ’
768 2088 872 2120 αὐτῶν,
885 2089 924 2120 είς
940 2097 984 2115 κε-

197 2133 284 2170 φαλὴν
300 2134 395 2170 ἑτέρας
408 2134 508 2168 γωνίας
520 2133 569 2168 τῆς
582 2133 610 2165 ἐξ
623 2133 706 2159 ἐθνῶν
727 2133 889 2169 Ἐκκλησιας
920 2143 984 2160 κατ-

196 2181 275 2217 έστη,
287 2181 320 2216 ἢν
337 2181 373 2212 ὼς
389 2181 425 2216 μὴ
444 2182 502 2213 τοῖς
519 2181 600 2206 πᾶσιν
613 2180 766 2215 ὁρωμένην,
783 2181 872 2216 μόνοις
889 2181 916 2207 δὲ
928 2183 984 2213 τοῖς

1294 246 1365 266 anna
1382 238 1440 274 ﬁlio
1456 238 1553 267 David.

1067 302 1078 319 ‹
1094 292 1224 329 Lapidem
1239 303 1319 330 quem
1336 295 1552 331 reprobaverunt
1567 296 1732 325 aediﬁcantes
1742 318 1750 330 ,
1773 298 1818 326 hic

1029 340 1167 368 factusest
1176 340 1202 367 in
1212 345 1292 376 caput
1303 342 1404 377 anguli.
1415 342 1435 368 Α
1445 341 1560 370 Domino
1571 342 1671 370 factum
1682 347 1724 371 est
1733 345 1816 376 istud,

1030 389 1057 413 et
1071 390 1112 413 est
1128 385 1253 412 mirabile
1277 387 1302 414 in
1318 387 1406 415 oculis
1423 388 1534 415 nostris.
1562 387 1625 416 Haec
1652 389 1709 416 dies
1735 398 1817 425 quam
1862 398 1866 401 '

1030 431 1095 458 fecit
1110 430 1252 463 Dominus,
1268 433 1436 460 cxsultemus
1450 437 1477 460 et
1493 433 1616 461 laetemur
1632 434 1658 461 in
1670 442 1710 462 ea.
1729 433 1750 462 0
1766 434 1819 462 Do-

1029 477 1103 505 mine
1120 498 1128 508 .
1157 479 1261 505 salvum
1280 479 1322 506 lac
1342 479 1398 513 jam
1417 487 1507 513 nunc;
1526 487 1542 506 o
1561 480 1691 512 Domine,
1707 481 1740 507 da
1757 489 1818 515 pro-

1029 522 1130 551 fectum
1145 523 1201 558 jam
1225 532 1308 559 nunc.
1324 524 1486 552 Benedictus
1508 527 1554 561 qui
1570 527 1643 554 venit
1657 527 1684 554 in
1708 527 1818 553 nomine

1029 568 1137 597 Domini
1154 580 1159 597 :
1179 569 1389 606 [Benelliximus
1410 572 1488 599 vobis
1505 572 1539 599 de
1565 572 1646 600 domo
1661 572 1768 600 Domini
1787 571 1816 608 ι]

1030 614 1103 644 Deus
1118 615 1292 648 Dominus,et
1314 617 1404 643 illuxit
1426 616 1506 644 nobis
1532 617 1562 644 ".
1584 627 1594 644 ›
1614 617 1754 645 Salvatore
1768 625 1818 645 n0<

1012 676 1017 681 -
1030 667 1088 689 stro
1106 661 1170 690 Jesu
1181 662 1290 690 Christo
1306 663 1431 701 ingresso
1445 664 1582 698 quondam
1598 664 1625 691 in
1640 665 1734 691 urbem
1748 664 1812 692 Hie-

1029 708 1176 743 rosolyma,
1191 715 1245 742 quo
1262 713 1393 743 tempore,
1410 708 1480 736 sicut
1495 709 1647 743 prophetia,
1660 717 1741 744 quam
1758 717 1819 745 pro-

1030 754 1102 781 xime
1116 760 1178 782 ante
1196 755 1265 781 hanc
1284 754 1477 789 exposuimus,
1494 756 1630 788 continet,
1655 755 1720 782 dum
1734 757 1817 783 asello

1030 799 1152 828 insidens
1168 800 1291 831 vehitur,
1310 800 1388 827 iidem
1405 801 1468 828 huic
1490 801 1530 828 rei
1558 801 1675 828 faciente
1702 809 1818 836 evange-

1030 845 1091 872 lista
1104 865 1111 876 ,
1141 846 1299 872 vaticinium
1324 847 1397 881 quod
1414 851 1455 874 est
1474 847 1544 881 apud
1571 846 1729 874 Zachariam
1745 855 1818 875 com-

1032 891 1125 925 plevit,
1142 892 1228 918 turbae
1245 900 1305 926 quae
1324 892 1455 926 pralibant
1476 897 1503 919 et
1532 901 1592 928 qum
1617 893 1817 927 sequebantur,

1033 936 1220 963 acclamabant
1239 938 1450 965 benedicentes:
1470 948 1478 963 ι
1496 937 1622 965 ilosanna
1646 937 1701 965 ﬁlio
1720 937 1816 966 David.

1032 983 1194 1011 Benedictus
1211 984 1256 1018 qui
1272 985 1347 1010 venit
1372 984 1398 1010 in
1423 985 1532 1011 nomine
1556 983 1672 1017 Domini,
1695 984 1817 1012 hosanna

1033 1029 1060 1056 in
1083 1030 1234 1057 altissimis.
1260 1029 1320 1063 Quo
1344 1029 1425 1056 etiam
1454 1033 1575 1064 tempore
1598 1037 1660 1057 cum
1687 1030 1818 1057 intrasset

1035 1073 1260 1109 Hierosolymam,
1276 1079 1410 1101 commota
1436 1079 1478 1102 est
1506 1076 1633 1102 universa
1654 1075 1760 1108 civitas,
1775 1075 1817 1102 di-

1033 1127 1098 1147 cens
1115 1129 1120 1147 :
1142 1119 1209 1153 Quis
1223 1124 1265 1147 est
1280 1120 1341 1148 hic?
1360 1120 1457 1148 Turium
1481 1125 1569 1148 autem
1592 1121 1718 1148 dicebant
1735 1131 1742 1148 :
1767 1121 1818 1149 Hic

1033 1170 1074 1193 est
1089 1167 1219 1201 propheta
1243 1166 1323 1194 Jcsus
1339 1175 1354 1194 a
1374 1167 1508 1195 Nazareth
1525 1167 1642 1196 Galilaeae
1657 1169 1689 1195 “.
1709 1177 1719 1194 ι
1745 1168 1818 1201 Quo-

1033 1213 1105 1240 niam
1126 1213 1208 1247 igitur
1224 1220 1257 1241 ex
1281 1214 1405 1249 proximo
1420 1214 1525 1249 psalmo
1539 1214 1641 1241 dictum
1658 1219 1701 1242 est
1731 1215 1795 1242 illud
1808 1235 1816 1246 ,

1034 1259 1168 1291 bosanna,
1185 1259 1257 1294 quod
1277 1260 1300 1287 si
1318 1260 1515 1295 interpreteris,
1537 1261 1682 1296 signiﬁcat,
1713 1262 1817 1289 salvum

1034 1304 1076 1332 fac
1091 1305 1147 1338 jam
1171 1312 1243 1332 nunc
1253 1325 1260 1337 ,
1278 1310 1305 1332 et
1321 1305 1470 1340 Hebraicqs
1484 1311 1639 1340 contextus,
1657 1307 1734 1334 Anna
1746 1307 1818 1335 Ado-

1034 1352 1077 1378 nai
1094 1351 1227 1383 bosanna,
1252 1351 1349 1383 habet,
1381 1336 1485 1379 necn’on
1516 1352 1604 1379 illud:
1630 1352 1818 1386 tBe‘ncdictus

1033 1399 1079 1433 qui
1092 1399 1164 1425 venit
1181 1398 1207 1425 in
1232 1399 1341 1425 nomine
1357 1398 1481 1431 Domini,
1507 1409 1515 1424 I
1546 1400 1634 1434 ipsum
1655 1407 1763 1434 quoque
1784 1401 1818 1426 ah

1033 1444 1128 1471 eodem
1147 1445 1251 1480 psalmo
1265 1448 1307 1472 est
1324 1450 1476 1479 acceptum,
1494 1449 1521 1472 et
1540 1445 1596 1471 hate
1613 1446 1670 1480 ipsa
1689 1445 1768 1480 plane
1785 1446 1818 1472 ad

1033 1490 1173 1518 Christum
1203 1491 1286 1518 Deum
1315 1489 1410 1518 referri
1428 1495 1553 1519 constat:
1573 1491 1669 1519 merito
1691 1492 1723 1519 ad
1746 1500 1818 1519 eum-

1034 1536 1095 1563 dem
1111 1537 1214 1572 reliqua
1231 1544 1339 1572 quoque
1358 1537 1479 1572 ejusdem
1504 1537 1624 1564 vaticinii
1647 1537 1697 1565 hoc
1713 1538 1739 1564 in
1759 1538 1818 1565 loco

1037 1583 1189 1611 retulimus.
1205 1582 1254 1610 Hic
1267 1583 1339 1610 enim
1358 1587 1399 1611 est
1425 1583 1470 1610 ille
1500 1583 1676 1615 benedictus.
1710 1585 1756 1619 qui
1785 1585 1819 1612 ab

1036 1628 1089 1654 alio
1104 1628 1233 1662 propheta
1245 1627 1357 1655 veniens
1370 1631 1412 1655 est
1436 1627 1592 1654 nominatus
1604 1647 1612 1659 ,
1637 1628 1682 1655 ubi
1700 1629 1740 1655 sic
1758 1628 1795 1655 ait
1810 1638 1817 1656 :

1039 1683 1047 1699 ι
1068 1673 1164 1700 Adhuc
1191 1673 1327 1700 modicum
1341 1693 1348 1706 ,
1370 1676 1398 1700 et
1418 1673 1528 1700 veniens
1545 1673 1635 1700 veniet
1650 1678 1676 1701 et
1690 1681 1744 1700 non
1761 1678 1818 1701 tar-

1036 1720 1110 1747 dabit
1123 1720 1155 1752 ¹²,
1174 1729 1183 1745 ι
1201 1720 1248 1754 qui
1265 1719 1328 1747 item
1345 1719 1416 1746 venit
1444 1719 1469 1746 in
1492 1720 1601 1746 nomine
1620 1719 1665 1747 Dei
1687 1725 1714 1747 et
1728 1719 1818 1748 Patris

1036 1767 1088 1794 sui.
1107 1766 1180 1793 Idem
1198 1773 1261 1792 vero
1291 1765 1371 1792 fuerit
1393 1764 1473 1792 etiam
1492 1774 1501 1789 ι
1531 1764 1602 1792 Deus
1622 1765 1753 1793 Dominus
1771 1768 1817 1802 qui

1036 1812 1124 1839 illuxit
1141 1812 1228 1840 nobis.
1249 1821 1258 1837 ι
1279 1811 1371 1846 itaque
1393 1810 1420 1838 in
1448 1811 1557 1838 nomine
1570 1810 1659 1839 Patris
1674 1812 1714 1839 sui
1730 1813 1818 1840 conﬁ-

1035 1861 1108 1885 tetur
1122 1865 1150 1885 se
1167 1857 1275 1884 venisse
1293 1857 1327 1884 ad
1339 1856 1458 1888 Judmos,
1474 1856 1568 1884 dicens
1585 1867 1591 1884 :
1612 1866 1622 1883 σ
1640 1857 1696 1893 Ego
1712 1859 1772 1886 veni
1789 1859 1816 1886 in

1035 1903 1144 1930 nomine
1163 1902 1252 1930 Patris
1263 1903 1326 1934 mei,
1341 1907 1367 1930 et
1385 1910 1437 1929 non
1448 1903 1571 1937 accipitis
1584 1910 1634 1931 me.
1662 1903 1738 1931 Alius
1753 1911 1817 1931 cum

1034 1949 1139 1976 venerit
1154 1949 1181 1976 in
1199 1949 1309 1976 nomine
1330 1948 1440 1983 proprio
1453 1969 1460 1980 ,
1489 1949 1565 1976 illum
1592 1949 1733 1984 accipietis
1751 1950 1784 1976 ¹³.
1805 1961 1815 1976 ι

1035 1995 1086 2023 Hic
1101 1996 1160 2032 ipse
1171 1996 1265 2031 igitur,
1278 1996 1325 2031 qui
1342 1996 1429 2023 illuxit
1445 1996 1524 2024 nobis
1536 1995 1608 2024 Deus
1621 1996 1753 2027 Dominus
1771 1998 1819 2026 Le-

1034 2042 1170 2075 nedictus,
1185 2041 1231 2077 qui
1251 2043 1325 2069 venit
1349 2042 1377 2069 in
1397 2042 1505 2070 nomine
1528 2041 1655 2074 Domini,
1682 2043 1751 2078 lapis
1773 2044 1820 2072 illo

1035 2087 1098 2120 fuit,
1110 2095 1190 2122 quem
1204 2087 1427 2123 reprobaverunt,
1439 2088 1483 2122 qui
1496 2087 1631 2123 quondam
1642 2092 1724 2116 antea
1735 2097 1819 2124 popu-

1035 2134 1090 2161 lum
1107 2133 1318 2161 circumcisione
1331 2134 1483 2168 signatum.
1507 2133 1589 2170 560
1605 2142 1652 2169 per
1671 2133 1818 2164 Mosaicam

1035 2179 1186 2207 doctrinam
1199 2179 1370 2207 aediﬁcabant
1385 2189 1392 2207 :
1407 2180 1452 2215 qui
1465 2181 1527 2207 item
1545 2178 1645 2208 abillis
1657 2182 1818 2216 reprobatus

198 2228 375 2263 προφητικοῖς
404 2226 568 2261 ὀφθαλμοῖς,
593 2225 751 2261 Θαυμαστὴν
772 2224 840 2253 εἶναι
866 2235 946 2262 φησιν
969 2227 982 2254 ὁ

1034 2225 1062 2252 in
1077 2225 1166 2260 capite
1181 2224 1293 2252 alterius
1308 2225 1411 2260 anguli.
1427 2224 1548 2252 collectae
1566 2225 1660 2260 utique
1681 2226 1715 2254 de
1728 2227 1817 2262 genti-

197 2271 276 2306 λόγος
289 2272 399 2306 φάσκων
415 2279 421 2286 ·
449 2281 456 2296 ι
473 2272 528 2298 Καὶ
546 2271 602 2298 ἐστι
626 2271 769 2307 θαυμαστὴ
789 2272 818 2299 ἐν
834 2272 981 2307 ὀφθαλμοῖς

197 2318 286 2354 ἡμῶν.
310 2328 320 2344 ι
336 2318 390 2354 Τὴν
402 2318 431 2344 δὲ
449 2318 608 2351 ἐπιφάνειαν
621 2318 700 2344 αὑτοῦ
717 2319 797 2345 πάλιν
808 2318 914 2354 ἡμέραν
925 2319 982 2345 ὀνο-

201 2364 291 2401 μάζει,
307 2365 340 2399 ἢν
352 2364 478 2399 ἐποίησεν
493 2365 507 2390 6
520 2363 629 2399 Κύριος,
645 2364 706 2390 ἐπεὶ
722 2364 768 2390 καὶ
784 2364 840 2398 φῶς
853 2362 888 2399 ἦν
903 2365 982 2396 αὐτὸς

198 2410 230 2437 τὸ
244 2410 377 2446 ἀληθινὸν,
397 2409 445 2436 καὶ
467 2409 541 2444 ἥλιος
561 2408 732 2444 δικαιοσύνης
744 2430 751 2441 ,
771 2409 818 2435 καὶ
829 2409 920 2444 ἡμέρα
936 2408 981 2435 τοῦ

199 2457 267 2484 Θεοῦ
277 2476 284 2487 ,
299 2457 327 2483 ὲν
370 2456 473 2490 γένοιτο
487 2455 535 2482 καὶ
547 2456 620 2490 ἡμᾶς
635 2456 720 2481 εἰπεῖν
736 2464 742 2470 ·
761 2464 769 2480 ι
779 2455 851 2490 Αὕτη
864 2455 982 2490 ήήμὲρα

199 2503 232 2539 ῆν
246 2503 370 2537 ἐποίησεν
387 2503 401 2528 6
420 2501 519 2537 Κύριος
530 2521 537 2532 ,
556 2500 781 2536 ἀγαλλιασώμεθα
802 2501 848 2528 καὶ
864 2502 982 2536 εὐφραν-

199 2549 257 2584 οῶμ
264 2557 291 2575 :v
300 2549 328 2574 ἐν
336 2549 415 2583 αὐτῇ.
423 2557 431 2572 ι
444 2548 498 2574 Καὶ
507 2547 608 2573 τούτων
616 2547 645 2573 δὲ
655 2547 748 2573 τοῦτον
759 2555 891 2582 συντετμη
895 2547 982 2582 μένων

198 2594 245 2621 τὸν
265 2595 381 2629 τρόπον,
401 2593 495 2628 καιρὸς
519 2592 566 2619 καὶ
591 2593 636 2619 ἐπὶ
656 2592 704 2624 τὰς
724 2593 788 2628 περὶ
809 2592 854 2619 τοῦ
880 2592 982 2624 πάθους

199 2640 282 2668 αὑτοῦ
299 2639 448 2676 μεταϐῆναι
461 2638 636 2674 προφητείας.

1034 2271 1086 2299 bus
1098 2270 1235 2304 Ecclesiae,
1249 2275 1289 2299 est
1301 2272 1476 2304 constitutus,
1489 2277 1569 2307 quam
1579 2272 1814 2306 saneEcclesiam,

1034 2324 1089 2343 non
1106 2320 1134 2344 ut
1144 2324 1202 2344 eam
1217 2325 1277 2351 quae
1290 2317 1324 2344 ab
1338 2317 1465 2344 omnibus
1476 2337 1484 2348 ,
1510 2317 1556 2344 sed
1571 2322 1601 2345 ut
1628 2326 1687 2345 eam
1703 2326 1762 2353 quae
1783 2319 1818 2346 ab

1035 2363 1097 2390 unis
1117 2363 1282 2398 propheticis
1293 2364 1379 2391 oculis
1391 2368 1528 2395 cernatur,
1540 2364 1726 2391 admirabilem
1744 2372 1816 2396 esse,

1035 2409 1073 2436 ait
1089 2409 1293 2440 oraculum,ubi
1308 2410 1347 2436 sic
1359 2410 1396 2436 ait
1410 2419 1417 2436 :
1438 2419 1447 2434 ‹
1461 2409 1493 2436 Et
1503 2414 1544 2436 est
1555 2409 1711 2437 mirabilein
1731 2410 1818 2437 oculis

1034 2455 1145 2483 nostris.
1158 2464 1167 2480 I
1186 2455 1336 2482 Adventum
1352 2463 1417 2482 vero
1431 2455 1490 2490 ejus
1501 2472 1508 2486 ,
1523 2462 1620 2482 rursus
1642 2454 1712 2482 diem
1730 2455 1818 2483 nomi-

1034 2505 1102 2534 nat,
1134 2508 1214 2536 quam
1241 2501 1305 2528 fecit
1335 2501 1484 2534 Dominus,
1514 2500 1732 2536 quandoquidem
1758 2501 1818 2536 ipse

1035 2548 1115 2574 etiam
1130 2547 1176 2574 lux
1190 2546 1239 2574 fuit
1256 2554 1329 2580 vera,
1344 2551 1371 2574 et
1385 2547 1425 2574 sol
1445 2546 1570 2581 iustitiae,
1592 2551 1619 2574 et
1632 2547 1690 2575 dies
1707 2546 1773 2579 Dei,
1789 2547 1817 2574 in

1035 2601 1088 2628 qua
1102 2593 1206 2620 utinam
1221 2593 1297 2620 nobis
1309 2601 1416 2628 quoque
1429 2592 1519 2619 dieere
1535 2593 1615 2619 liceat
1628 2603 1634 2619 :
1655 2602 1664 2617 ι
1682 2592 1744 2619 "me
1759 2592 1818 2619 dies

1035 2645 1116 2673 quam
1144 2637 1208 2666 fecit
1231 2638 1363 2665 Dominus
1381 2658 1389 2671 ,
1413 2638 1580 2666 exsultemus
1603 2642 1629 2666 et
1650 2638 1773 2666 laetemur
1788 2639 1817 2666 in

199 2697 242 2717 ea.
262 2699 271 2715 ι
288 2689 420 2716 Caeterum
444 2694 506 2715 cum
529 2687 586 2714 haec
605 2695 619 2713 a
635 2688 713 2715 nobis
731 2688 757 2715 in
775 2688 848 2715 hunc
871 2687 982 2715 modum
1000 2687 1118 2714 breviter
1132 2687 1329 2722 comprehensa
1360 2687 1425 2720 sint,
1448 2690 1555 2722 tempus
1579 2686 1635 2721 jam
1658 2687 1761 2722 fuerit,
1782 2685 1818 2715 ad

200 2742 248 2763 eas
259 2742 319 2770 qua:
334 2735 367 2762 de
388 2733 514 2768 passione
533 2732 605 2760 illius
634 2733 791 2768 loquuntur,
807 2733 977 2769 prophetias,
998 2734 1124 2762 transire.

238 2826 260 2842 “
280 2824 353 2852 Ριξξι.
371 2833 442 2852 cxvu
455 2847 462 2856 ,
478 2825 576 2852 2i—26.
616 2823 636 2839 “
655 2823 751 2850 Matth.
768 2829 828 2854 xxt,
844 2821 921 2850 9-H.
960 2822 981 2838 ¹²
1002 2821 1104 2850 Iiabac.
1124 2831 1158 2855 ll,
1177 2823 1193 2850 3
1243 2823 1264 2839 ¹³
1282 2821 1362 2851 Joan.
1379 2831 1412 2856 v,
1429 2822 1474 2850 65.

341 2928 473 2958 ΡΑτιιοι..
491 2925 548 2958 Gn.
573 2924 675 2956 XXII.
