2099 3217
171 193 222 220 717

621 191 945 219 DEMONSTRATIOMS
963 179 1191 219 russeum
1209 191 1274 222 ue.
1294 193 1327 220 x.

1740 197 1791 224 ’118

169 249 219 278 καὶ
232 249 282 285 τὴν
301 249 428 285 ἀπαρχὴν
447 247 493 275 τοῦ
510 248 563 276 τῶν
585 249 736 285 ἀνθρώπων
748 249 842 284 γένους
865 250 957 276 καλλι-

1014 254 1160 283 serventur,
1187 250 1252 277 dum
1279 258 1359 278 sacro
1390 258 1502 279 munere
1531 251 1661 287 fungitur,
1685 258 1790 288 patrem

169 296 355 332 ερησάμενος,
374 296 561 332 προσηγάγετο
582 295 622 330 τῷ
635 296 732 331 Πατρὶ,
754 295 788 322 δι’
805 292 835 322 οὗ
857 296 903 322 καὶ
923 298 955 332 τῇ

169 341 388 377 τῶνάνθρώπων
409 341 530 377 ὡμίλησε
547 341 635 375 φύσει,
653 342 702 368 οὐκ
719 341 806 373 ἄλλως
820 341 956 378 δυναμένῃ

167 387 257 421 Λόγον
271 386 339 413 Θεοῦ
353 387 400 414 καὶ
412 387 551 422 δυνάμεως
561 388 706 423 ἀσωμάτου
719 388 765 414 καὶ
780 389 875 423 νοερᾶς
890 388 957 423 ἐπη-

169 434 226 469 κόῳ
242 433 378 468 γενέσθαι,
396 433 455 460 οὐδέ
471 442 497 460 τι
524 433 614 469 μεῖζον
634 433 742 469 σαρκῶν
764 435 811 461 καὶ
825 434 957 469 σωμάτων

141 491 145 495 ~
169 478 203 504 δι’
217 477 363 513 ὀφθαλμῶν
384 478 485 513 σαρκὸς
500 478 651 514 ἐπινοῆσαι.
667 479 737 505 Ὅσα
759 478 848 505 τοίνυν
864 479 910 504 ἐπὶ
929 478 958 505 τὸ

169 523 360 559 ταπεινότερον
371 523 470 557 δόξειεν
485 524 513 550 ἐν
526 525 581 556 τοῖς
595 525 783 560 προκειμένοις
797 526 861 561 περὶ
876 525 957 552 αὑτοῦ

169 569 306 604 λέγεσθαι,
314 569 399 597 ταῦτα
409 569 454 596 τὸν
468 570 564 606 Ἀμνὺν
576 571 641 606 όρᾷν
653 570 700 597 τοῦ
709 571 786 603 Θεοῦ,
793 571 838 598 τὸν
848 571 959 607 αἴροντα

169 615 219 651 τὴν
233 616 371 652 ἁμαρτίαν
383 616 428 642 τοῦ
447 617 560 651 κόσμου,
577 618 624 644 καὶ
644 617 674 643 τὸ
692 618 790 652 σκῆνος
809 618 839 644 τὸ
853 618 958 653 ἀνθρώ-

170 669 248 688 πειον
277 661 422 688 ὑποϐάλλει
448 664 527 689 νοεῖν.
559 663 655 698 ’Λμνὸς
672 663 720 698 μὲν
736 664 790 700 γὰρ
814 661 848 700 ἦν
874 665 959 700 αἴρων

169 705 219 741 τὴν
231 707 367 742 ἁμαρτίαν
380 707 426 734 τοῦ
443 708 555 743 κόσμου,
565 709 635 735 κατὰ
645 709 690 736 τὸν
705 709 857 746 Βαπτιοτὴν
871 711 961 738 Ἰωάν-

169 761 219 788 νην
237 752 281 779 τὸν
304 753 431 788 λέγοντα·
456 763 465 779 ι
484 754 531 781 Ἶδὲ
545 756 559 781 ὁ
578 755 675 790 ’Ᾱμνὸς
692 755 739 782 τοῦ
754 756 832 788 Θεοῦ,
848 757 862 783 ὁ
876 756 960 792 αἴρων

168 797 219 834 τὴν
236 799 372 834 ἁμαρτίαν
398 799 444 826 τοῦ
461 800 562 836 κόσμου
573 809 580 815 ·
597 811 607 826 ι
626 801 710 837 ἀμνὸς
725 802 753 828 δὲ
769 800 803 837 ἦν
816 803 862 829 καὶ
883 804 897 829 ὁ
915 804 961 830 ἐπὶ

169 844 277 880 σφαγὴν
291 845 432 880 ἀγόμενος,
449 846 519 872 κατὰ
535 846 565 872 τδ
589 847 663 882 παρὰ
683 847 722 883 τῷ
751 848 848 883 Ἡσαΐᾳ
872 848 960 883 λόγιον

169 890 288 925 φάσκον⁶
312 900 321 917 ι
342 891 384 923 Ὠς
399 891 532 927 πρόϐατον
557 893 604 919 ἐπὶ
627 893 732 929 σφαγὴν
747 894 816 929 ἢχθη
828 914 835 926 ,
855 895 901 920 καὶ
922 894 960 926 ὡς

168 936 255 972 ἀμνὸς
272 937 394 969 ἐναντίον
417 937 465 963 τοῦ
490 938 629 973 κείροντος
649 938 766 973 ἄφωνος.
792 948 802 965 ›
822 939 890 974 Περὶ
911 939 958 966 τοῦ

167 980 252 1008 αὑτοῦ
266 981 293 1008 δὲ
307 981 345 1013 ὡς
362 982 425 1017 περὶ
445 983 532 1018 ἀμνοῦ
548 982 657 1017 ἐλέγετο
677 984 723 1010 καὶ
737 983 778 1015 τὸ,
796 994 805 1009 ι
825 984 891 1011 Ἀπὸ
905 985 959 1011 τῶν

167 1026 310 1063 ἁμαρτιῶν
325 1027 370 1054 τοῦ
382 1028 446 1054 λαοῦ
461 1037 510 1063 μου
523 1028 593 1064 ηχθη
606 1030 646 1061 εἰς
662 1029 775 1057 θάνατον
785 1038 792 1044 ·
810 1039 820 1056 ι
836 1030 889 1057 ἔδει
906 1031 960 1066 γὰρ

166 1073 215 1099 τὸν
237 1073 334 1108 Ἀμνὸν
348 1074 394 1100 τοῦ
411 1073 479 1100 Θεοῦ
492 1075 537 1101 τὸν
553 1075 604 1101 ὑπὸ
617 1075 662 1101 τοῦ
678 1075 795 1110 μεγάλου
811 1077 960 1112 ἀρχιερέως

165 1119 355 1155 ἀναληφθέντα
370 1121 440 1155 ὑπὲρ
450 1121 504 1147 τῶν
523 1121 624 1148 λοιπῶν
643 1122 780 1156 συγγενῶν
795 1122 897 1157 ἀμνῶν,
912 1123 959 1149 καὶ

154 1165 240 1203 -ὑπὲρ
252 1167 342 1203 πάσης
356 1169 406 1203 τῆς
422 1167 595 1204 ἀνθρωπίνης
608 1168 708 1204 ἀγέλης
729 1168 822 1195 θυσίαν
844 1168 883 1204 τῷ
897 1169 957 1204 Θεῷ

167 1212 365 1247 προσαχθῆναι.
389 1222 398 1238 ι
428 1213 535 1249 Ἐπειδὴ
564 1213 619 1248 γὰρ
647 1214 680 1240 δι’
711 1214 855 1250 ἀνθρώπου
875 1215 889 1240 ό
911 1215 959 1241 θά-

166 1266 248 1289 νατος
265 1257 310 1284 καὶ
327 1258 360 1285 δι’
380 1258 521 1295 ἀνθρώπου
537 1261 553 1295 ἡ
567 1260 712 1291 ἀνάστασις
732 1261 749 1295 ή
766 1261 798 1286 ἐκ
819 1260 932 1296 νεκρῶν,
946 1271 956 1286 ι

166 1304 252 1339 φησὶν
266 1305 280 1330 ὸ
301 1303 459 1335 Ἀπόστολος
469 1313 475 1319 ·
495 1305 540 1331 καὶ
556 1314 564 1330 ι
577 1305 671 1340 ὥσπερ
687 1304 720 1331 δι’
732 1305 791 1336 ἐνὸς
810 1305 960 1341 παραπτώρ

168 1357 256 1385 ματος
274 1350 313 1381 εἰς
338 1349 440 1382 πάντας
457 1350 616 1386 ἀνθρώπους
638 1351 678 1381 είς
693 1350 867 1386 κατάκριμα,
889 1350 959 1378 οὕτω

166 1395 217 1422 καὶ
231 1395 263 1421 δι’
280 1395 339 1428 ἐνὸς
355 1395 538 1431 δικαιώματος
556 1398 596 1428 εἰς
614 1397 717 1428 πάντας
738 1395 899 1431 ἀνθρώπους
919 1398 958 1428 εἰς

165 1441 309 1469 δικαίωσιν
325 1442 411 1478 ζωῆς·
431 1452 440 1468 ι
460 1442 536 1469 ἔνθεν
551 1443 598 1469 καὶ
614 1443 695 1474 αὐτὸς
715 1443 778 1474 τοὺς
798 1443 846 1478 μὲν
863 1443 959 1470 ἑαυτοῦ

168 1487 295 1524 μαθητὰς
309 1487 380 1523 ζωὴν
400 1489 447 1514 καὶ
461 1489 519 1523 φῶς
540 1489 586 1515 καὶ
603 1488 739 1524 ’ἀλήθειαν
761 1488 855 1515 ἑαυτὸν
878 1487 958 1520 εἶναι,

165 1534 281 1566 καὶτὰς
306 1534 402 1566 λοιπὰς
425 1534 546 1567 ἐπινοίας
568 1535 618 1570 τῆς
643 1535 703 1562 κατ’
717 1535 798 1562 αὐτὸν
821 1534 959 1569 θεολογίας

166 1580 306 1613 ἐπαίδευε,
317 1582 372 1612 τοῖς
383 1580 410 1606 δὲ
423 1581 555 1617 ἀμυήτοις
568 1581 622 1607 τῶν
635 1582 693 1608 κατ’
705 1581 785 1607 αὑτὸν
798 1582 957 1616 ἀπορρήτων

165 1626 260 1660 ἐλεγε-
279 1636 288 1652 ι
299 1627 331 1653 Τί
349 1636 382 1662 με
396 1628 503 1662 ζητεῖτε
519 1628 678 1654 ἀποκτεῖναι
694 1627 847 1663 ἄνθρωπον,
862 1627 891 1658 ὃς
909 1626 957 1661 τὴν

165 1672 298 1708 ἀλήθειαν
310 1674 372 1707 ὑμῖν
385 1672 537 1709 λελάληκα;
548 1683 557 1698 ι
573 1674 677 1709 Ὥσπερ
693 1671 740 1699 οῦν
757 1673 790 1699 τὰ
804 1673 854 1708 τῆς
869 1673 957 1699 θεολο-

164 1719 232 1753 γίας
253 1719 384 1755 ἰδιώματα
405 1721 434 1746 ὲν
457 1721 513 1751 τοῖς
537 1719 690 1755 ἔμπροσθεν
711 1719 888 1751 ἀποδέδοται,
913 1719 958 1746 τὸν

164 1765 261 1800 ὅμοιον
282 1765 313 1801 δὴ
335 1765 436 1802 τρόπον
461 1765 600 1792 κάνταῦθα
619 1765 666 1792 τοῦ
692 1765 778 1800 ἀμνοῦ
804 1765 837 1791 τὰ
853 1765 959 1800 ἀνθρω-

166 1811 280 1846 ποπαθῆ
298 1812 521 1848 παραστήσεται,
536 1812 589 1838 τῶν
614 1812 667 1847 πρὸ
686 1810 733 1838 τοῦ
751 1810 853 1842 πάθους
874 1810 956 1838 αὑτοῦ

167 1857 263 1893 μέσων
280 1858 374 1891 όντων,
392 1858 459 1894 ὁμοῦ
477 1867 507 1885 τε
524 1857 618 1893 ἄμφω,
635 1857 670 1884 τά
685 1866 715 1883 τε
735 1857 805 1884 κατά
830 1856 876 1883 τὸν
892 1857 958 1883 Θεὸν

166 1903 218 1930 καὶ
239 1903 274 1931 τὰ
298 1905 369 1932 κατά
391 1905 436 1931 τὸν
459 1905 602 1940 ἄνθρωπον
622 1903 703 1931 αὑτοῦ
732 1903 957 1939 περιειληφότων.

167 1949 279 1978 Τούτων
301 1951 445 1987 χρησίμως
467 1953 532 1987 ἡμῖν
555 1951 820 1988 προτετηρημένων,
838 1951 888 1986 ήδη
913 1951 959 1977 καὶ

166 1997 225 2024 τῶν
239 1997 337 2033 λογίων
357 1998 447 2025 αὐτῶν
463 1997 641 2033 ἐφαψὼμεθα,
657 1998 720 2034 περὶ
735 1998 785 2033 τῆς
808 1997 891 2024 Ἰούδα
911 1996 958 2023 τοῦ

167 2043 311 2079 προδότου,
322 2045 368 2071 καὶ
383 2044 437 2070 τῶν
455 2045 503 2071 σὺν
519 2043 593 2079 αὐτῷ
608 2044 678 2070 κατά
687 2043 734 2070 τοῦ
749 2042 868 2078 Χριστοῦ
884 2051 960 2077 γενο-

169 2089 257 2125 μένης
274 2091 417 2126 συσκευῆς,
435 2091 498 2126 περί
513 2099 543 2117 τε
564 2091 619 2117 τῶν
636 2091 707 2126 ἀμφὶ
727 2089 772 2116 τὸν
798 2089 893 2124 καιρὸν
910 2088 958 2115 τοῦ

168 2135 272 2168 πάθους
287 2136 369 2164 αὐτοῦ
387 2136 609 2173 συμϐεϐηκότων.

1008 302 1088 322 suum
1102 300 1207 323 exorat.
1227 296 1303 323 Alias
1319 300 1408 323 autem
1423 300 1551 332 tanquam
1574 302 1600 325 et
1622 298 1715 333 Agnus
1731 299 1791 332 Dei.

1008 341 1054 375 qui
1082 341 1157 367 tollat
1171 346 1280 376 peccata
1309 343 1413 374 mundi.
1430 348 1456 370 et
1471 344 1528 371 ovis
1545 352 1606 378 quae
1629 346 1663 372 ad
1691 346 1792 374 caedem

1008 386 1133 414 ducatur.
1156 387 1213 414 Hoc
1228 392 1318 415 autem
1336 388 1387 415 fuit
1404 389 1492 423 ipsum
1513 389 1661 417 humanum
1679 399 1790 427 corpus,

1008 433 1080 467 quod
1106 433 1151 461 illo
1168 434 1255 460 instar
1280 434 1343 468 agni
1366 438 1447 469 alque
1462 435 1531 466 ovis,
1550 443 1611 462 cum
1636 437 1670 463 de
1698 442 1792 465 nostro

1009 486 1088 514 grege
1106 479 1189 506 veluti
1204 478 1328 507 Pontifex
1356 481 1566 515 assumpsissct,
1595 482 1722 516 primitiis
1740 485 1791 510 hu-

1009 525 1082 552 mani
1108 525 1216 560 generis
1241 525 1329 553 l‘auste
1353 526 1523 561 feliciterque
1550 530 1688 562 operatus,
1718 529 1792 558 Patri

1009 577 1109 598 munus
1126 571 1228 603 attulit,
1244 579 1292 606 per
1308 571 1379 606 quod
1395 572 1474 598 etiam
1488 580 1548 599 cum
1563 573 1680 600 humana
1694 579 1792 602 natura

1009 617 1202 643 commercium
1226 617 1329 650 habuit,
1347 625 1407 652 quae
1423 618 1524 652 alioqui
1543 626 1630 653 neque
1657 619 1704 646 Dei
1726 620 1794 647 Ver-

1009 662 1085 695 bum,
1100 671 1188 698 neque
1213 664 1266 690 vim
1286 664 1472 698 incorpoream
1503 668 1583 699 anuc
1600 666 1791 701 intelligentem

1010 710 1138 737 exaudire
1152 713 1198 736 aut
1220 709 1357 744 percipere
1373 710 1516 744 potuisset,
1543 718 1630 745 neque
1645 711 1792 747 quidquam

1011 763 1092 790 supra
1105 763 1214 783 carnem
1242 760 1288 782 aut
1303 763 1402 790 corpus
1426 763 1474 790 per
1489 757 1584 784 oculos
1599 758 1722 792 corporis
1752 759 1792 784 in-

1010 801 1091 829 tueri.
1107 801 1280 836 Quaecunque
1305 802 1387 836 igitur
1412 802 1446 829 de
1472 803 1518 829 illo
1545 803 1572 830 in
1591 804 1632 830 his
1646 812 1706 838 qua:
1719 812 1792 831 nunc

1010 852 1171 879 tractamus,
1195 848 1324 875 humilius
1343 847 1528 883 abjectiusque
1548 849 1600 876 dici
1618 849 1791 881 videbuntur,

1011 901 1043 920 ea
1059 898 1182 928 spectare
1192 893 1296 928 Aguum
1312 893 1369 923 Dei.
1386 894 1432 927 qui
1444 894 1512 920 tollit
1529 898 1668 928 peccatum
1686 894 1791 925 mundi,

1010 945 1164 973 corpusque
1190 938 1255 964 illud
1282 938 1441 970 humanum,
1463 939 1620 966 meminisse
1646 939 1791 973 oportebit.

1011 983 1104 1018 Agnus
1117 983 1161 1010 ille
1174 982 1283 1017 quidem
1298 982 1358 1015 fuit,
1375 983 1472 1010 tollens
1487 988 1628 1018 peccatum
1645 983 1750 1016 mundi,
1763 987 1794 1011 ut

1009 1028 1129 1063 Baptista
1143 1019 1388 1055 Joannesldicebat
1403 1038 1409 1054 :
1427 1038 1436 1053 ‹
1466 1028 1545 1060 Ecce,
1572 1029 1668 1064 inquit;
1698 1029 1793 1064 Agnus

1010 1075 1068 1107 Dei,
1083 1075 1128 1110 qui
1141 1075 1212 1102 tollit
1227 1078 1369 1109 peccatum
1384 1075 1477 1101 mundi
1495 1075 1527 1108 '5;
1544 1084 1552 1100 ι
1565 1083 1652 1109 agnus
1665 1075 1738 1107 item,
1756 1075 1791 1102 ad

1010 1122 1109 1149 caedem
1135 1121 1244 1152 ductus,
1262 1124 1292 1150 ut
1309 1126 1351 1148 est
1369 1121 1396 1147 in
1419 1120 1493 1148 Isaiae
1514 1122 1651 1156 propheta:
1669 1123 1791 1155 oraculo,

1009 1168 1082 1202 quod
1109 1167 1145 1194 ita
1165 1167 1202 1194 ait
1220 1176 1226 1194 :
1248 1176 1257 1192 (
1277 1166 1419 1201 Tanquam
1434 1168 1493 1194 ovis
1514 1167 1546 1193 ad
1568 1168 1667 1195 caulem
1693 1169 1793 1196 ductus

1009 1216 1062 1242 est.
1091 1215 1118 1239 et
1143 1215 1271 1246 tanquam
1298 1219 1384 1246 agnus
1413 1219 1504 1239 coram
1540 1212 1668 1239 tondente
1695 1213 1792 1239 obmu-

1010 1258 1061 1285 tuit
1079 1258 1110 1285 ’³.
1128 1267 1137 1283 ι
1158 1257 1195 1285 De
1208 1257 1303 1284 eodem
1322 1265 1386 1284 vero
1415 1261 1544 1291 tanquam
1568 1257 1602 1285 de
1629 1266 1698 1292 agno
1710 1259 1792 1285 etiam

1010 1303 1074 1330 illud
1091 1303 1193 1330 dictum
1207 1307 1246 1330 est
1267 1312 1274 1329 :
1293 1312 1302 1328 ‹
1321 1302 1359 1329 Ex
1375 1304 1495 1337 peccatis
1518 1303 1610 1337 populi
1627 1304 1678 1330 mei
1692 1304 1792 1330 ductus

1010 1354 1052 1377 est
1065 1349 1098 1376 ad
1115 1353 1228 1376 mortem
1244 1349 1265 1364 ¹⁶
1284 1358 1290 1375 :
1311 1358 1320 1374 ι
1337 1349 1478 1383 oportebat
1507 1349 1578 1375 enim
1603 1348 1708 1385 Agnum
1733 1348 1791 1378 Dei.

1010 1397 1057 1432 qui
1071 1404 1086 1422 a
1103 1396 1221 1423 maximo
1234 1395 1364 1422 Pentiﬁce
1382 1398 1539 1429 assumptus
1556 1395 1655 1427 fuerat,
1681 1402 1730 1429 pro
1749 1403 1792 1423 re-

1010 1443 1091 1478 liquis
1104 1442 1227 1477 cognatis
1242 1443 1331 1477 agnis,
1346 1447 1374 1469 et
1390 1449 1438 1476 pro
1454 1442 1527 1468 omni
1558 1441 1675 1468 humano
1700 1449 1791 1476 grege,

1011 1489 1066 1517 Deo
1079 1489 1217 1516 victimam
1246 1489 1346 1516 afferri.
1376 1489 1442 1515 Nam
1462 1498 1470 1513 I
1491 1489 1618 1523 quoniam
1639 1496 1686 1523 per
1706 1488 1793 1515 homi-

1010 1544 1071 1563 nem
1088 1543 1172 1567 mors,
1198 1542 1246 1570 per
1260 1534 1397 1561 hominem
1413 1535 1494 1561 etiam
1512 1535 1676 1561 resurrectio
1690 1541 1704 1560 ιι
1721 1541 1794 1561 mor~

1011 1583 1064 1609 tuis
1078 1582 1109 1614 ",
1132 1592 1141 1608 ι
1157 1581 1245 1616 inquit
1261 1581 1416 1615 Apostolus,
1431 1585 1457 1606 et
1471 1589 1480 1604 ι
1500 1580 1571 1607 sicut
1587 1587 1634 1614 per
1654 1580 1735 1607 unius
1746 1581 1794 1606 dc-

1008 1628 1100 1655 lictum
1127 1627 1153 1654 in
1168 1634 1263 1655 omnes
1278 1626 1401 1653 homines
1417 1626 1445 1652 in
1458 1625 1709 1652 condemnationem
1719 1645 1727 1656 ,
1753 1626 1793 1653 sic

1009 1681 1056 1708 per
1069 1673 1149 1700 unius
1163 1672 1308 1707 justitiam,
1325 1672 1353 1697 in
1368 1678 1462 1697 omnes
1480 1670 1604 1697 homines
1618 1670 1646 1697 in
1657 1670 1793 1705 justiﬁea-

1008 1719 1109 1746 tionem
1124 1719 1186 1745 vita:
1203 1718 1235 1750 ¹⁸,
1264 1727 1273 1744 ι
1290 1726 1324 1745 ex
1340 1717 1392 1744 hoc
1407 1717 1464 1751 ipse
1479 1724 1587 1750 quoque
1601 1716 1658 1743 suis
1682 1715 1791 1751 quidem

1010 1764 1151 1799 discipulis
1165 1771 1194 1791 se
1206 1767 1233 1790 et
1245 1763 1340 1794 vitam,
1352 1766 1379 1790 et
1394 1762 1493 1793 lucem,
1512 1766 1538 1789 et
1560 1762 1700 1788 veritatem
1720 1769 1790 1792 essa.

1008 1815 1035 1838 et
1051 1811 1155 1845 reliqua
1170 1809 1252 1845 463
1276 1809 1366 1836 omnia
1393 1815 1452 1842 quae
1477 1815 1509 1834 ex
1535 1807 1668 1842 theologia
1686 1807 1720 1834 de
1746 1807 1792 1834 illo

1008 1856 1230 1888 considerantur,-
1243 1854 1414 1883 ostendebat.
1430 1853 1471 1880 Ad
1487 1853 1616 1887 profanos
1632 1857 1721 1881 autem
1731 1874 1739 1885 ,
1766 1857 1792 1880 ιιι

1009 1910 1171 1930 arcanorum
1197 1902 1284 1936 ipsius
1312 1905 1437 1936 expertes
1467 1900 1572 1928 dicebat
1588 1908 1594 1926 :
1613 1909 1622 1924 ι
1654 1898 1724 1932 Quid
1750 1907 1794 1926 me

1010 1948 1131 1984 quaeritis
1145 1948 1297 1974 interﬁcere
1311 1946 1448 1974 hominem
1459 1967 1465 1978 ,
1483 1947 1528 1981 qui
1556 1945 1696 1972 veritatem
1715 1945 1793 1972 vobis

1012 1997 1120 2024 locutus
1135 2003 1194 2024 sum
1206 1995 1244 2022 "7
1262 2005 1271 2021 ι
1282 1993 1515 2028 Quemadmodum
1527 1993 1608 2027 igitur
1621 1999 1681 2026 quae
1692 1991 1795 2018 theoloo

1012 2043 1062 2078 giae
1076 2043 1109 2069 de
1124 2042 1170 2069 illo
1184 2041 1292 2076 propria
1308 2044 1390 2074 sunt,
1413 2040 1440 2067 in
1465 2039 1604 2074 prioribus
1630 2038 1708 2065 libris
1730 2041 1794 2065 sunt

1011 2087 1146 2123 exposita,
1156 2087 1193 2113 ita
1210 2087 1235 2113 in
1252 2086 1304 2113 hoc
1317 2093 1378 2120 quae
1393 2085 1426 2112 ad
1442 2085 1503 2120 agni
1524 2084 1657 2110 humanas
1672 2082 1794 2109 aﬂ‘eetio-

1011 2141 1070 2166 nes,
1083 2133 1275 2168 patibilemque
1292 2136 1416 2159 naturam
1431 2131 1576 2166 pertinent,
1587 2129 1794 2156 tractabuntur:

167 2191 232 2220 quae
252 2185 333 2212 medii
348 2168 491 2219 cujusdam
505 2168 593 2212 instar
613 2183 703 2216 luere,
717 2183 751 2210 ad
773 2190 804 2210 ea
827 2190 888 2217 quae
913 2181 1067 2216 passionem
1095 2180 1168 2207 illius
1192 2183 1409 2210 antecesserunt,
1435 2181 1462 2205 et
1499 2182 1613 2211 utraque
1634 2176 1715 2204 simul
1737 2168 1814 2202 tum‘

167 2238 203 2259 ea
216 2238 278 2266 qua:
300 2230 333 2258 ad
353 2228 436 2258 Deum
455 2230 607 2266 pertinent,
623 2233 680 2256 tum
699 2236 730 2256 ea
745 2236 805 2263 qua:
828 2228 861 2255 ad
881 2227 1030 2259 hominem,
1059 2225 1105 2260 qui
1128 2225 1174 2252 ille
1197 2228 1267 2257 erat,
1285 2225 1426 2259 complexa
1445 2227 1520 2250 sunt.
1539 2221 1687 2256 Postquam
1713 2222 1797 2257 igitur

167 2278 348 2306 hacanobis
362 2285 417 2305 non
444 2277 577 2305 inutiliter
600 2276 757 2308 observata;
782 2278 943 2309 retentaque
963 2276 1038 2304 sunt,
1066 2272 1122 2306 jam
1140 2275 1196 2298 tum
1221 2270 1280 2305 ipsa
1309 2271 1390 2297 etiam
1416 2269 1527 2296 oracula
1550 2267 1661 2303 aggredi
1688 2271 1795 2302 tempus

166 2331 233 2352 esse
245 2325 360 2357 videtur,
377 2331 438 2359 qua;
448 2328 475 2351 et
488 2324 584 2350 Judam
597 2323 775 2358 proditorem,
791 2328 908 2356 cumque
923 2328 956 2348 eo
976 2319 1095 2346 futuram
1112 2319 1243 2346 adversus
1260 2317 1399 2345 Christum
1414 2316 1654 2350 conspirationem,
1682 2317 1708 2341 et
1736 2321 1796 2348 qua:

167 2371 211 2399 illi
226 2372 278 2400 sub
288 2371 377 2406 ipsum
394 2371 530 2406 passionis
544 2376 649 2405 tempus
663 2374 792 2398 eventura
806 2373 899 2400 erant.
917 2367 1119 2403 signiﬁcabant.

174 2429 255 2472 Ἀπὸ.
266 2428 400 2472 ψαλμοῦ.
405 2432 445 2463 μ’.
463 2445 499 2472 —.-
516 2428 588 2472 [Ιερζ
615 2427 712 2472 Ἰούδα,
726 2426 958 2472 τοῦνπρρδόῖοιι,

1014 2424 1031 2452 Α
1047 2425 1149 2458 psalmo
1165 2431 1208 2451 XL.
1224 2438 1258 2442 —-
1275 2422 1313 2449 De
1328 2421 1401 2448 Iuda
1419 2421 1562 2456 proditore,
1577 2423 1601 2446 et
1623 2419 1655 2446 iis
1668 2419 1713 2453 qui
1734 2426 1794 2444 cum

1051 2468 1075 2472 -.ι
1105 2459 1216 2472 :..-:.J:..-
1248 2458 1371 2472 ..ιιι-μη...
1403 2457 1566 2472 οηΙηηιιι-υιηι
1597 2459 1715 2472 ηηεΙηιηι
1733 2461 1794 2472 rnu-

205 2461 338 2492 καὶτῶιῖ
367 2461 429 2491 σὺᾶ
454 2464 532 2497 αὐτῷ
555 2461 617 2497 ’τὴν
644 2463 719 2489 κατά
744 2461 797 2489 τοῦ
821 2461 958 2496 Σωτῆρος

204 2498 291 2535 ἡμῶν
300 2499 465 2534 ἐπιϐουλὴν
476 2498 763 2533 συσκευασαμένων.

208 2568 219 2584 ο
232 2559 375 2594 Μακάριος
393 2558 408 2584 ὸ
422 2556 519 2584 συνιὼν
536 2556 582 2582 ἐπὶ
608 2556 714 2591 πτωχὸν
731 2555 778 2582 καὶ
800 2555 914 2590 πένητα,
930 2553 958 2578 ὲν

160 2604 263 2642 ἡμέρᾳ
275 2605 381 2640 πονηρᾷ
398 2603 507 2639 ῥύσεται
521 2602 601 2628 αὐτὸν
617 2603 631 2627 ὁ
647 2601 758 2638 Κύριος.
783 2599 885 2636 Κύριος
900 2598 958 2625 δια-

161 2650 288 2687 φυλάξαι
297 2650 388 2683 αὐτὸν,
398 2651 445 2677 καὶ
457 2649 538 2685 ζήσαι
551 2648 641 2678 αὐτὸν,
654 2647 701 2674 καὶ
718 2646 868 2682 μακαρίσαι
879 2645 960 2672 αὑτὸν

161 2700 194 2724 ἑν
212 2698 248 2733 τῇ
258 2698 305 2732 γῇ,
322 2695 370 2723 καὶ
391 2696 428 2732 μὴ
444 2694 558 2731 παραδῷ
579 2694 660 2721 αὑτὸν
676 2694 717 2724 εἱς
737 2694 832 2728 χεῖρας
854 2690 959 2726 ἐχθρῶν

167 2743 264 2771 αὐτοῦ.
283 2743 384 2779 Κύριος
400 2742 526 2778 βοηθήσει
539 2740 613 2775 αὐτῷ
629 2739 675 2766 ἐπὶ
694 2738 788 2773 κλίνης
802 2736 897 2772 ὀδύνης
913 2736 960 2763 αὐ-

167 2789 229 2822 ¹ιοῦ,
242 2789 306 2825 ὅλην
318 2789 367 2825 τὴν
381 2787 474 2824 κοίτην
490 2786 572 2814 αὐτοῦ
589 2779 721 2822 ἔστρεψας
732 2785 760 2811 ὲν
771 2784 804 2819 τῇ
821 2781 961 2819 ἀρρωστίᾳ

168 2836 262 2864 αὑτοῦ.
285 2835 357 2870 Ἐγὼ
376 2833 457 2862 εἴπα-
481 2834 567 2869 Κύριε
579 2853 586 2865 ,
614 2831 724 2866 ἐλέησόν
740 2838 774 2866 με
786 2851 794 2863 ,
812 2828 887 2856 ἴασαι
911 2828 960 2862 τὴν

206 2892 230 2908 ⁸³
248 2892 327 2921 Joan.
346 2900 369 2925 ι,
389 2892 434 2920 29,
497 2891 518 2906 ⁸³
538 2890 590 2918 lsa.
616 2898 680 2922 Lm,
698 2889 723 2922 7,
795 2888 816 2904 ιο
837 2886 902 2914 ibid.
921 2886 946 2913 8.

169 2935 219 2956 vm
232 2949 239 2962 ,
258 2928 303 2955 40.

497 2891 518 2906 ”
538 2890 590 2918 lsa.
616 2898 680 2922 Lm,
698 2889 723 2922 7,

1047 2468 1076 2486 eo
1104 2459 1216 2486 insidias
1245 2458 1372 2485 adversus
1400 2457 1568 2484 Saluatore”:
1597 2459 1716 2482 nostrum
1733 2461 1796 2481 con—

1048 2499 1071 2522 ῧί
1075 2501 1178 2521 ηιαονε.

1050 2561 1059 2577 ι
1070 2551 1171 2579 Beatus
1181 2550 1227 2585 qui
1241 2549 1365 2585 intelligit
1375 2555 1458 2583 super
1470 2553 1584 2583 egenum
1598 2550 1625 2573 et
1639 2551 1794 2580 pauperem,

1014 2598 1042 2625 in
1063 2597 1107 2625 die
1116 2596 1188 2624 mala
1205 2595 1332 2622 liberabit
1347 2602 1408 2622 eum
1425 2593 1564 2620 Dominus.
1584 2590 1716 2617 Dominus
1730 2596 1799 2617 eon-

1014 2647 1103 2671 servet
1116 2649 1189 2674 eum,
1205 2645 1233 2668 et
1246 2640 1362 2668 viviﬁcet
1374 2647 1435 2667 eum
1447 2659 1455 2671 ,
1472 2643 1499 2666 et
1512 2639 1621 2664 beatum
1637 2635 1720 2663 faciat
1733 2643 1794 2663 eum
1809 2647 1811 2650 ‹

1013 2691 1042 2717 in
1056 2694 1140 2722 terra,
1154 2693 1248 2716 etnon
1270 2687 1358 2714 tradat
1373 2693 1436 2713 eum
1451 2685 1478 2711 in
1502 2691 1600 2711 manus
1622 2683 1797 2710 inimicorum

1014 2737 1084 2771 ejus.
1102 2735 1234 2762 Dominus
1248 2741 1327 2769 opem
1345 2733 1414 2759 feret
1426 2731 1465 2757 illi
1481 2737 1563 2764 super
1578 2730 1677 2756 lectum
1695 2727 1798 2755 doloris

1014 2783 1085 2817 ejus,
1098 2781 1257 2809 universum
1277 2783 1392 2808 stratum
1405 2778 1464 2812 ejus
1471 2776 1586 2804 versasti
1600 2775 1628 2802 in
1644 2774 1798 2802 inﬁrmitate

1014 2828 1084 2863 ejus.
1098 2826 1154 2862 Ego
1161 2826 1216 2854 dixi
1231 2835 1238 2853 :
1253 2825 1377 2857 Domine,
1389 2824 1519 2851 miserere
1533 2822 1670 2854 mei,sana
1678 2820 1797 2847 animam

1018 2885 1134 2913 "ICor.
1154 2893 1205 2918 xv,
1236 2885 1280 2915 2L
1355 2883 1376 2900 ’⁵
1397 2883 1476 2910 Rom.
1495 2890 1527 2913 v,
1552 2881 1595 2908 18.
1670 2879 1689 2894 ’³
1720 2877 1796 2906 Joan.
