2099 3217
289 153 345 181 Ήῡ

627 146 766 179 EUSEBII
781 148 1023 177 CESARIE'SSIS
1041 148 1118 177 OPP.
1140 148 1232 176 PARS
1248 149 1282 176 ll.
1302 164 1339 170 -
1355 148 1607 178 APOLOGETICA.

1871 149 1925 178 720

291 209 461 245 meam,quia
475 208 583 244 peccavi
598 207 665 240 tibi;
679 206 785 234 inimici
803 202 858 234 mei
869 206 1000 234 dixerunt
1013 207 1083 233 mala

1137 206 1224 243 ψυχήν
1238 215 1308 243 μου,
1325 207 1366 234 ὅτι
1382 207 1506 243 ἥμαρτον
1528 207 1579 235 σοι.
1605 207 1637 234 οι
1653 207 1744 243 ἐχθροί
1766 215 1817 242 μου
1843 205 1926 235 εἶπαν

291 256 360 285 mihi
374 255 500 290 :quando
510 253 652 286 morietur,
666 259 694 281 et
710 253 810 288 peribit
825 260 924 280 nomen
946 253 1008 287 ejus
1022 253 1034 280 ?
1049 253 1082 280 Et

291 303 316 336 s_i
326 301 530 338 ingrediebatur
536 305 566 327 ut
571 299 687 331 videret,
699 307 769 326 vana
783 299 947 334 loquebatur
953 307 1002 326 cor
1009 299 1033 334 ej
1038 307 1081 332 us,

291 348 467 384 congregavit.
479 346 652 381 iniquitatem
668 345 732 378 sibi,
749 346 941 381 egrediebatur
954 345 1040 377 foras,
1055 350 1083 373 et

290 394 454 430 loquebatur
468 392 497 420 in
509 392 653 428 idipsumt.
680 391 826 419 adversum
841 399 885 418 me
899 392 1084 419 susurrabant

292 449 387 469 omnes
413 440 518 467 inimici
535 438 599 470 mei,
619 438 766 465 adversum
783 446 825 465 me
836 438 995 472 cogitabant
1011 438 1083 464 mala

291 488 369 519 mihi,
385 487 497 514 verbum
512 485 637 520 iniquum
649 484 1008 512 constitueruntadversum
1026 492 1082 516 me,

293 534 417 570 nunquid
434 532 481 567 qui
495 531 607 566 dormit,
619 539 675 558 non
690 530 803 565 adjiciet
818 534 848 557 ut
864 535 991 565 resurgat
1008 531 1020 556 ?
1046 534 1084 557 et-

292 582 365 609 enim
383 581 464 608 homo
490 579 567 615 pacis
579 586 646 606 meae
659 598 667 611 ι
684 579 711 606 in
729 585 784 614 quo
793 578 912 613 speravi,
928 578 974 612 qui
986 577 1085 605 edebat

294 635 379 663 panes
396 634 482 659 meos,
500 625 687 661 magnilicavit
710 632 792 659 super
816 631 860 652 me
888 624 1086 659 supplantatio-

295 683 368 703 nem.
385 674 424 702 Tu
440 678 544 706 autem,
553 672 680 705 Domine,
692 672 823 699 miserere
836 671 937 703 mei,et
948 671 1085 698 resuscita

294 729 348 753 me,
364 725 391 748 et
406 720 554 747 retribuam
572 719 612 746 eis
625 728 633 752 ;
648 718 676 746 in
692 718 744 745 hoc
755 717 871 753 cognovi
889 717 963 753 quod
975 717 1084 745 voluisti

294 776 349 799 me,
362 767 492 803 quoniam
506 765 651 802 “anon
663 765 792 800 gaudebit
803 764 933 792 inimicus
948 772 1025 792 meus
1042 772 1086 792 su-

295 822 343 848 per
352 822 406 843 me.
419 820 463 840 me
469 817 558 839 autem
570 814 680 846 propter
690 810 876 838 innocentiam
890 809 1047 844 suscepisti,
1058 812 1086 836 et

296 858 466 887 conﬁrmasti
489 865 532 885 me
547 857 575 884 in
592 860 740 891 conspectu
770 860 816 882 tuo
830 855 856 882 in
869 860 1000 882 aeternum
1018 856 1050 881 η.
1073 864 1082 880 ι

297 904 432 937 Quoniam
448 903 573 931 nonnulli
583 902 713 936 suspicati
721 905 785 928 sunt
794 901 893 928 librum
901 902 1084 934 Psalmorum,

297 951 416 986 hymnos
427 954 531 976 tantum
550 950 576 975 in
589 948 674 975 Deum
684 952 711 975 et
725 948 847 974 carmina
857 948 1008 983 theologica
1018 956 1085 975 con-

297 998 396 1027 tinere,
412 996 544 1032 praesagia
559 1002 624 1022 vero
639 999 686 1021 aut
699 994 733 1021 de
750 994 831 1021 rebus
852 994 951 1020 futuris
969 995 1087 1029 prophe-

297 1043 352 1069 tias
366 1050 420 1069 non
432 1042 508 1073 item,
523 1041 638 1076 primum
653 1039 719 1066 illud
734 1039 1087 1074 eritobservandum,quod

299 1086 512 1114 innumerabilia
535 1089 615 1116 sunt,
634 1092 695 1119 quae
717 1084 742 1110 in
762 1084 816 1110 illis
832 1083 922 1110 futura
938 1089 1086 1119 caqunlur,

297 1141 360 1171 qua:
371 1133 482 1168 quidem
507 1133 617 1167 longum
634 1134 707 1158 esset
724 1130 751 1156 in
777 1131 922 1164 praesentia
947 1114 1086 1164 colligere,

300 1179 347 1207 sed
354 1180 421 1207 satis
434 1178 518 1206 fuerit
528 1178 561 1205 ad
573 1177 687 1212 hujusce
696 1176 829 1211 propositi
837 1176 1086 1207 conﬁrmationem,

299 1226 407 1253 duobus
422 1233 496 1253 nunc
522 1225 561 1251 uti
579 1224 704 1259 psalmis,
717 1223 765 1257 qui
793 1222 844 1257 ipsi
861 1222 970 1256 quidem
996 1222 1088 1257 Asaph

300 1272 425 1306 inscripti
442 1274 515 1302 sunt,
531 1269 596 1297 dicti
620 1276 685 1296 vero
705 1269 792 1303 ipsius
810 1267 894 1293 David
907 1267 1086 1301 temporibus.

300 1319 378 1345 Tunc
390 1317 462 1345 cnim
478 1323 540 1343 cum
557 1316 647 1350 Asaph
667 1322 738 1342 unus
746 1317 819 1341 esset
832 1320 864 1339 ex
887 1312 920 1339 iis
935 1311 1002 1338 viris
1025 1318 1089 1338 san-

300 1365 352 1392 ctis
363 1364 409 1398 qui
420 1362 540 1398 psalmos
554 1361 699 1392 canebant,
714 1365 745 1387 ut
771 1360 903 1395 scriptum
914 1363 956 1386 est
975 1358 1003 1384 in
1019 1351 1089 1384 libro

299 1410 347 1446 qui
365 1409 586 1443 Paralipomenon
603 1407 774 1438 inscribitur,
795 1406 915 1441 psalmos
929 1405 976 1440 qui
995 1403 1032 1430 illi
1046 1408 1089 1430 at-

301 1456 471 1487 tribuuntur,
490 1454 584 1482 divino
598 1453 705 1484 alllatus
727 1452 830 1487 Spiritu
845 1450 1006 1479 enuntiavit.
1019 1449 1090 1482 Quid

301 1503 384 1538 igitur
399 1500 589 1537 hujuscemodi
603 1499 701 1535 psalmi
714 1499 857 1526 continent
871 1498 884 1524 i
899 1497 1029 1524 nimirum
1046 1503 1090 1523 va-

301 1550 407 1581 ticiuia,
437 1548 538 1584 quibus
559 1547 717 1574 Judazorum
741 1545 822 1580 regiae
837 1544 957 1572 civitatis
972 1543 1088 1570 vastatio

302 1595 468 1631 praedicitur,
482 1601 544 1629 qua:
560 1592 678 1619 vastatio
687 1590 789 1618 Iudaeis
805 1589 904 1617 accidit
917 1596 989 1616 anno
1004 1587 1087 1616 circi-

296 1646 344 1669 ‘ter
356 1639 576 1676 quingentesimo
594 1642 657 1673 post
672 1636 808 1672 ejusmodi
831 1635 1002 1662 vaticinium.
1018 1633 1089 1669 Ergo

302 1687 424 1723 psalmus
434 1687 651 1721 septuagesimus
662 1683 771 1714 tertius,
780 1682 827 1716 qui
834 1682 991 1708 intellectus
998 1679 1090 1714 Asaph

302 1731 474 1763 inscribitur,
490 1731 527 1758 ita
543 1730 626 1757 habet-
639 1738 646 1757 :
658 1727 711 1756 «Ut
721 1727 799 1763 quid,
816 1727 900 1760 Deus,
919 1725 1045 1762 repulisti
1061 1725 1090 1752 in

302 1777 409 1805 ﬁnem?
436 1777 522 1804 iratus
542 1778 585 1803 est
600 1774 677 1801 [οι-οι·
705 1777 770 1800 tuus
796 1779 877 1806 super
902 1778 967 1799 oves
982 1777 1090 1805 pascuae

302 1823 376 1850 tuae?
392 1829 496 1849 memor
505 1825 565 1849 esto
580 1818 802 1855 congregationis
815 1822 883 1848 tuae,
900 1824 981 1852 quam
999 1823 1090 1850 posse-

303 1868 368 1896 disti
385 1868 419 1895 ab
447 1867 536 1900 initio,
562 1866 703 1894 redemisti
718 1865 822 1900 virgam
838 1862 1005 1891 hereditatis
1021 1867 1088 1894 tuae,

303 1920 383 1942 mons
405 1913 471 1941 Sion
486 1913 541 1946 hic,
552 1913 579 1940 in
595 1921 650 1948 quo
666 1911 795 1939 habitasti
812 1911 838 1938 in
853 1918 896 1942 eo.
915 1910 975 1937 leva
991 1916 1089 1936 manus

304 1964 365 1988 tuas
383 1961 410 1987 in
422 1959 564 1995 superbias
578 1965 673 1986 eorum
689 1957 717 1984 in
732 1957 824 1990 ﬁnem,
837 1960 939 1992 quanta
954 1955 1090 1990 maligna-

303 2010 349 2033 tus
363 2009 406 2033 est
421 2005 550 2032 inimicus
565 2005 593 2032 in
609 2003 711 2032 sanctis
744 2003 799 2030 tuis
811 2022 818 2034 ,
838 2007 865 2030 et
889 2002 1000 2037 gloriati
1026 2004 1091 2028 sunt

303 2051 350 2086 qui
363 2051 481 2079 oderunt
496 2055 522 2077 te
537 2050 565 2077 in
578 2048 667 2076 medio
681 2047 860 2076 solemnitatis
869 2051 931 2078 tuae,
940 2050 1090 2082 posuerunt

304 2098 381 2133 signa
397 2105 446 2124 sua
461 2097 538 2132 signa
555 2106 561 2123 :
575 2101 667 2124 etnon
681 2100 867 2131 cognoverunt
885 2095 957 2122 sicut
974 2094 1001 2121 in
1015 2093 1089 2120 exitu

303 2144 430 2178 desuper,
444 2143 521 2178 quasi
537 2143 565 2170 iu
576 2143 643 2170 silva
656 2142 793 2177 lignorum
820 2140 964 2169 securibus
978 2139 1089 2167 excide-

303 2192 368 2215 runt
377 2189 477 2224 januas
489 2188 549 2223 ejus
572 2188 599 2214 in
614 2187 742 2221 idipsum,
756 2187 784 2213 in
799 2186 890 2213 securi
907 2190 934 2213 et
949 2189 1024 2212 vecte
1039 2184 1087 2211 de-

300 2234 429 2269 jecerunt
441 2241 512 2265 eam,
537 2233 720 2260 incenderunt
728 2232 784 2267 igni
795 2231 983 2259 sanctuarium
999 2235 1088 2261 tuum,

1104 1618 1123 1644 C

1133 253 1208 280 κακά
1222 262 1267 289 μοι
1276 261 1283 268 ”
1306 253 1372 280 πότε
1388 253 1564 280 ἀτωῦανεῖται
1579 254 1627 280 καὶ
1640 253 1781 281 ἀπολεῖται
1796 254 1827 281 τὸ
1838 254 1927 289 δνομα

1132 299 1235 332 αὐτοῦς
1258 299 1313 326 Καὶ
1329 300 1354 326 εί
1369 299 1559 336 εἰσεπορεύετο
1567 300 1616 327 τοῦ
1633 300 1697 327 ἰδεῖν
1708 321 1716 333 ,
1731 301 1820 336 μάτην
1835 301 1927 329 ἐλάλει

1133 346 1150 381 ή
1165 346 1263 382 καρδία
1280 345 1374 378 αὐτοῦ,
1391 346 1544 382 συνήγαγεν
1559 347 1675 381 ἀνομίαν
1812 347 1926 380 E55150-

1134 392 1229 428 ρεύετο
1245 392 1309 426 ἔξω,
1329 392 1377 419 καὶ
1392 392 1480 420 ἐλάλει
1490 393 1542 420 ἐπὶ
1555 393 1586 420 τὸ
1597 393 1672 420 αὑτό.
1692 394 1759 420 Κατ’
1779 392 1848 429 ἐμοῦ
1864 394 1926 429 ἑψι·

1134 438 1243 475 Θύριζον
1260 441 1361 471 πάντες
1378 440 1402 466 οἱ
1419 439 1510 475 ἐχθροί
1522 448 1591 475 μου,
1613 441 1673 466 κατ’
1688 440 1755 476 ἐμοῦ
1771 440 1925 475 ἐλογίζοντο

1134 486 1207 512 κακά
1214 495 1268 520 μοι.
1279 486 1324 522 Μὴ
1332 488 1346 512 ὁ
1355 485 1524 521 κοιμώμενος
1531 486 1590 521 οὐχὶ
1598 486 1745 522 προσθήσει
1750 486 1798 513 τοῦ
1806 487 1926 523 ἀναστῆ-

1134 541 1178 559 ναι
1188 541 1195 564 ;
1204 532 1250 559 καὶ
1256 532 1478 568 γὰρὸἇνθρωπος
1488 532 1543 567 τῆς
1553 532 1663 568 εἰρήνης
1675 541 1736 568 μου,
1748 533 1791 568 ἐφ’
1800 533 1831 559 ὃν
1843 533 1926 569 ἠλπι-

1137 580 1202 610 σα,ὁ
1214 578 1310 605 ἐσθίων
1322 579 1421 614 ἄρτους
1434 587 1496 614 μου,
1509 578 1675 614 ἐμεγάλυνεν
1684 579 1727 605 ἐπ’
1744 579 1795 615 ἐμὲ
1812 588 1925 616 πτερνι-

1136 624 1214 660 σμόν.
1223 625 1258 651 Σὺ
1267 625 1411 660 δὲ,Κύριε,
1422 625 1530 660 ἐλέησόν
1541 633 1585 660 με,
1601 625 1648 651 καὶ
1663 625 1814 661 ἀνάστησόν
1823 634 1868 661 με,
1878 625 1926 654 καὶ

1135 670 1316 697 ἀνταποδώσω
1328 671 1427 703 αὐτοῖς.
1448 671 1491 698 Ἑν
1503 671 1592 706 τούτῳ
1607 671 1702 705 ἔγνων⁷
1720 672 1760 698 ὅτι
1776 671 1926 708 τεθέληκᾶς

1137 726 1181 753 με,
1198 719 1237 744 ὅτι
1255 718 1284 744 οὐ
1301 718 1337 753 μὴ
1349 719 1466 754 ἑπιχαρῇ
1483 719 1497 744 ὁ
1514 717 1609 753 ἐχθρός
1625 727 1674 754 μου
1691 719 1735 745 ἐπ’
1750 719 1822 754 ἐμοί.
1842 720 1926 756 Ἐμοῦ

1135 764 1162 790 δὲ
1185 764 1229 790 διὰ
1248 764 1297 800 τὴν
1316 764 1433 791 ἀκακίαν
1451 763 1615 797 ἀντελάὸου,
1634 765 1680 791 καὶ
1706 764 1874 798 ὲὸεὸαίωσάς
1892 775 1926 801 με

1136 810 1250 836 ἐνώπιον
1263 818 1310 836 σου
1325 811 1364 842 εἰς
1381 811 1426 837 τὸν
1447 811 1542 837 αἰῶνα.
1560 821 1568 837 ›
1588 811 1695 846 Ἐπειδὴ
1718 819 1791 842 τινες
1814 811 1926 848 ὑπειλὴ-

1138 865 1203 891 qua:
1219 856 1267 891 τὴν
1284 856 1375 891 βίϐλον
1386 856 1439 883 τῶν
1454 857 1577 892 Ψαλμῶν
1586 857 1686 892 ὕμνους
1705 857 1783 892 μόνον
1793 858 1834 889 είς
1849 857 1925 890 Θεὸν,

1138 903 1184 929 καὶ
1201 902 1272 937 ᾠδὰς
1289 902 1445 936 θεολογικὰς
1460 903 1608 939 περιέχειν,
1621 903 1652 930 οὺ
1668 904 1720 939 μὴν
1738 903 1784 930 καὶ
1803 903 1928 940 προγνώ-

1139 957 1205 980 aug,
1222 948 1281 974 οὐδὲ
1300 948 1450 984 μελλόντων
1468 949 1644 984 προφητείας,
1654 948 1732 975 τοῦτο
1748 948 1857 984 πρῶτον
1868 950 1928 975 ἑπι-

1137 996 1285 1031 τηρητέον,
1311 995 1348 1026 ὡς
1374 994 1458 1030 μυρία
1482 995 1637 1027 θεσπίζεται
1652 995 1685 1022 δι’
1707 995 1816 1027 αὐτῶν,
1837 995 1856 1022 ἃ
1881 996 1928 1022 καὶ

1140 1041 1243 1076 μακρὸν
1261 1041 1293 1067 ἂν
1310 1041 1352 1076 εἴη
1371 1041 1534 1074 συναγαγεῖν
1557 1041 1603 1066 ἐπὶ
1618 1040 1664 1067 τοῦ
1688 1041 1831 1074 παρόντος,
1849 1041 1929 1076 ἀρκεῖ

1138 1087 1165 1113 δὲ
1182 1087 1335 1122 χρήσασθαι
1350 1088 1390 1118 εἰς
1407 1086 1561 1122 μαρτυρίαν
1575 1086 1622 1113 τοῦ
1638 1086 1716 1120 λόγου
1731 1086 1778 1113 δύο
1792 1086 1928 1122 ψαλμοῖς·

1139 1133 1386 1169 ἐπιγεγραμμένως
1411 1133 1439 1159 δὲ
1466 1133 1535 1159 κατὰ
1563 1133 1610 1159 τοῦ
1636 1133 1717 1160 Δαϐὶδ
1744 1134 1866 1168 χρόνους.
1892 1133 1929 1159 ’ΐῦ

1138 1179 1288 1214 τηνικαῦτα
1304 1178 1357 1214 γὰρ
1373 1175 1413 1209 εἷς
1430 1178 1483 1204 τῶν
1504 1178 1669 1214 ἱεροψαλτῶν
1685 1180 1699 1205 ὁ
1719 1179 1805 1214 ’Δσὰφ
1824 1179 1927 1214 τυγχά-

1138 1232 1201 1254 νων,
1220 1223 1257 1255 ὡς
1274 1224 1302 1249 ἐν
1318 1224 1351 1258 τῇ
1370 1222 1452 1258 βίϐλῳ
1472 1223 1583 1258 φέρεται
1600 1223 1653 1250 τῶν
1669 1224 1926 1259 Παραλειπομένων,

1138 1270 1201 1300 τοὺς
1226 1269 1482 1305 ἐπιγεγραμμένους
1507 1269 1588 1295 αὐτὸν
1610 1269 1733 1304 ιξαλμοὺς
1757 1268 1823 1304 θείῳ
1844 1269 1928 1296 "vsti-

1141 1323 1204 1350 ματι
1219 1314 1464 1350 προσεφώνησε.Τί
1480 1314 1510 1350 δὴ
1523 1305 1569 1341 οὖν
1582 1314 1754 1350 περιέχουσιν
1768 1315 1792 1341 οὶ
1807 1314 1910 1350 ψαλμοί
1918 1322 1927 1347 ;

1139 1362 1305 1397 προρρήσεις
1334 1361 1384 1396 τῆς
1400 1361 1557 1396 πολιορκίας
1581 1361 1631 1395 τῆς
1661 1359 1803 1396 βασιλικῆς
1824 1360 1929 1393 πόλεως

1139 1407 1185 1433 τοῦ
1205 1407 1340 1433 Ἰουδαίων
1366 1406 1468 1438 ἔθνους,
1484 1407 1545 1442 ἣτις
1560 1406 1672 1440 γέγονεν
1692 1406 1775 1440 ἐγγύς
1791 1414 1842 1432 που
1865 1414 1928 1433 πεν-

1139 1454 1273 1485 τακοσίοις
1298 1453 1369 1479 ἔτεσι
1384 1453 1452 1489 μετὰ
1468 1453 1517 1489 τὴν
1534 1453 1695 1489 πρόρρησιν.
1714 1453 1795 1488 Λέγει
1815 1453 1837 1480 δ’
1853 1450 1899 1481 οὖν
1913 1455 1929 1480 6

1140 1499 1339 1534 ἑϐδομηκοστὸς
1366 1499 1456 1534 τρίτος
1480 1500 1720 1535 ἐπιγεγραμμένος
1740 1499 1874 1532 συνέσεως
1887 1499 1927 1535 τῷ

1150 1545 1246 1580 Ἀσάφ,
1258 1554 1266 1571 ι
1283 1546 1340 1572 Ἵνα
1354 1545 1380 1571 τί
1392 1545 1505 1578 ἀπώσω,
1514 1546 1528 1571 ὁ
1541 1545 1617 1578 Θεὸς,
1635 1547 1674 1577 είς
1682 1545 1757 1578 τέλος
1766 1554 1773 1578 ;
1782 1546 1928 1582 ὠργίσθηό

1142 1589 1227 1624 θυμός
1251 1598 1298 1615 σου
1321 1589 1366 1616 ἐπὶ
1389 1590 1511 1625 πρόϐατα
1536 1589 1623 1626 νομῆς
1646 1599 1710 1623 σου;
1730 1591 1863 1627 μνήσθητι
1877 1591 1928 1626 τῆς

1142 1636 1303 1671 συναγωγῆς
1327 1645 1391 1668 σου,
1413 1634 1447 1672 ἧς
1462 1637 1569 1672 ἐκτήσω
1583 1637 1632 1663 ἀπ’
1656 1637 1758 1673 ἀρχῆς,
1783 1635 1927 1674 ὲλυτρώσω

1142 1683 1239 1719 ῥάϐδον
1269 1683 1450 1718 κληρονομίας
1467 1691 1524 1710 σου.
1543 1684 1625 1719 Ὄρος
1645 1683 1713 1711 Σιὼν
1729 1682 1846 1716 τοῦτο,“δ
1861 1691 1928 1710 κατ-

1141 1730 1297 1765 εσκήνωσας
1318 1729 1347 1754 ὲν
1363 1728 1447 1764 αὐτῷ,
1461 1729 1562 1764 ἕπαρον
1583 1728 1633 1761 τὰς
1646 1730 1740 1765 χεῖράς
1757 1738 1804 1756 σου
1819 1729 1865 1756 ἐπὶ
1878 1729 1928 1761 τὰς

1141 1776 1328 1811 ὑπερηφανίας
1344 1775 1433 1801 αὐτῶν
1449 1776 1489 1807 είς
1510 1775 1596 1807 τέλος.
1611 1775 1680 1802 Ὅσα
1701 1775 1901 1812 ὲπονηρεὺσατο
1912 1775 1928 1802 ὁ

1141 1821 1237 1856 ἐχθρὸς
1264 1822 1293 1847 ἐν
1318 1823 1373 1852 τοῖς
1402 1821 1489 1854 ἁγίοις
1515 1830 1572 1854 σου,
1600 1821 1646 1848 καὶ
1663 1822 1881 1858 ὲνεκαυχήσαντο
1903 1822 1927 1848 ol

1143 1867 1285 1902 μισοῦντές
1300 1876 1329 1893 σε
1353 1868 1382 1893 ὲν
1412 1868 1487 1902 μέσῳ
1506 1867 1558 1902 τῆς
1572 1867 1669 1904 ἑορτῆς
1697 1876 1753 1899 σου,
1780 1867 1871 1897 ἔθεντο
1894 1867 1929 1894 τὰ

1142 1915 1242 1948 σημεῖα
1261 1913 1350 1940 αὐτῶν
1363 1915 1463 1948 σημεῖα
1473 1921 1482 1929 ’
1501 1914 1547 1940 καὶ
1571 1913 1619 1939 οὐκ
1636 1913 1756 1947 ἔγνωσαν
1771 1913 1810 1945 ὡς
1825 1914 1866 1944 είς
1879 1913 1930 1949 τὴν

1141 1958 1229 1991 ἔξοδον
1256 1959 1394 1994 ὑπεράνω.
1417 1958 1461 1990 Ὠς
1485 1960 1513 1984 ὲν
1529 1959 1623 1994 δρυμῷ
1639 1958 1739 1991 eam»,
1761 1958 1868 1992 ἀξίναις
1887 1958 1930 1991 ὲξ-

1142 2004 1242 2039 έκοψαν
1258 2003 1306 2035 τὰς
1320 2004 1405 2039 Θύρας
1421 2004 1506 2039 αὐτῆς
1523 2004 1569 2030 ἐπὶ
1586 2005 1616 2031 τὺ
1632 2004 1706 2035 αὐτὸ,
1718 2006 1747 2030 ὲν
1759 2004 1869 2032 πελέκει
1881 2004 1930 2031 καὶ

1140 2051 1309 2087 λαξευτηρίῳ
1325 2050 1495 2086 κατέρραξαν
1513 2050 1606 2085 αὑτήν.
1626 2049 1804 2085 Ἐνεπύρισαν
1819 2050 1849 2076 ὲν
1863 2050 1929 2086 πυρὶ

1139 2098 1170 2124 τὸ
1187 2097 1362 2133 ἁγιαστὴριόν
1377 2105 1433 2128 σου,
1452 2098 1490 2128 εἰς
1504 2098 1552 2132 τὴν
1567 2097 1618 2131 γῆν
1635 2096 1807 2131 ὲϐεϐήλωσαν
1815 2095 1847 2122 τὸ
1862 2096 1928 2131 σκή-

1140 2153 1219 2179 νωμα
1235 2143 1282 2170 τοῦ
1295 2143 1426 2178 ὀνόματός
1441 2151 1498 2169 σου.
1515 2152 1524 2168 ι
1537 2143 1629 2169 Ταῦτα
1641 2142 1690 2178 μὲν
1703 2143 1718 2169 ὸ
1730 2142 1929 2178 ὲῦδομηκοστὺς

1139 2191 1230 2226 τρίτος
1245 2189 1349 2225 ψαλμὸς
1360 2198 1366 2204 ·
1390 2189 1436 2216 καὶ
1460 2191 1473 2216 ὁ
1489 2189 1686 2225 ἐΰδομηκοστὺς
1700 2189 1728 2215 δὲ
1756 2188 1865 2223 ὄγδοος,
1881 2186 1928 2215 τυῦ

1147 2237 1232 2271 Ἀσὰφ
1257 2236 1303 2263 καὶ
1325 2236 1407 2267 αὐτὸς
1428 2236 1584 2271 τυγχάνων,
1611 2235 1674 2262 τάδε
1697 2235 1837 2271 ⁵περιέχει·
1865 2245 1875 2262 ι
1900 2237 1929 2263 '0

303 2282 331 2307 in
347 2284 420 2308 terra
435 2280 590 2314 polluerunt
602 2278 808 2306 tabernaculum
826 2276 947 2304 nominis
965 2275 1004 2303 tui
1019 2276 1052 2301 ἰ.
1076 2286 1085 2301 ι

1140 2282 1225 2313 Θεὸς,
1252 2281 1411 2315 είσήλθοσαν
1427 2281 1489 2316 ἔθνη
1517 2282 1557 2312 είς
1579 2281 1628 2317 τὴν
1657 2281 1839 2317 κληρονομίαν
1870 2290 1927 2314 σου,

303 2325 484 2362 "mequidem
510 2325 727 2360 septuagesimus
752 2323 848 2350 tertius
871 2322 1005 2358 psalmus.
1039 2322 1088 2349 Se-

301 2372 487 2407 ptuagesimus
495 2375 585 2398 autem
592 2375 717 2403 octavus,
725 2370 772 2404 qui
780 2370 838 2404 ipse
853 2376 961 2403 quoque
968 2372 1010 2395 est
1018 2368 1070 2395 Asa
1077 2383 1087 2389 -

300 2418 418 2453 phi,ba:c
431 2417 553 2444 continet
568 2426 590 2443 :i
603 2416 685 2447 Deus,
700 2413 1088 2450 veneruntgentesinhaeredi—

301 2468 383 2490 talem
394 2468 477 2494 tuam,
485 2463 640 2497 polluerunt
649 2462 777 2496 templum
786 2465 911 2489 sanctum
920 2465 1088 2495 tuum,posu-

301 2508 537 2548 eruntJerusalem
550 2508 631 2544 quasi
649 2515 793 2543 pomorum
810 2508 973 2539 custodiam,
988 2515 1088 2542 posue-

302 2559 367 2581 runt
390 2555 536 2582 morticina
553 2563 694 2583 servorum
707 2559 816 2581 tuorum
830 2562 908 2582 escas
930 2554 1088 2581 volatilibus

303 2601 376 2633 coeli,
388 2609 484 2628 carnes
491 2605 648 2628 sanctorum
657 2605 764 2628 tuorum
778 2601 874 2628 bestiis
883 2604 963 2627 terra:
978 2601 1010 2625 “.
1027 2610 1036 2625 ι
1050 2600 1087 2626 Ex

304 2647 345 2673 his
357 2655 388 2674 ea
400 2655 460 2681 quae
466 2648 540 2682 prius
551 2648 666 2675 recitata
681 2651 754 2679 sunt,
766 2647 827 2674 dico
836 2652 925 2674 autem
933 2654 975 2678 ea,
986 2654 1046 2680 qua:
1055 2647 1089 2673 de

304 2694 504 2728 septuagesimo
511 2694 614 2728 psalmo
621 2695 740 2729 accepim
746 2694 918 2728 us,pra:dic:a
931 2698 994 2722 sunt
1001 2693 1089 2719 adhuc

304 2742 434 2770 regnante
442 2738 686 2773 David,antequam
699 2740 828 2774 templum
841 2748 855 2766 a
869 2739 1015 2766 Salomone
1026 2746 1088 2765 con-

304 2786 438 2809 structum
450 2784 621 2820 esset.ﬂ,65
632 2785 682 2812 Sed
696 2793 774 2812 suum
787 2786 866 2812 ﬁnem
875 2786 1024 2820 contigere,
1035 2793 1086 2812 non

1141 2327 1255 2363 ἐμίαναν
1272 2328 1317 2353 τὸν
1333 2327 1395 2353 ναὸν
1406 2327 1452 2353 τὸν
1469 2327 1545 2360 ἆγιόν
1560 2336 1616 2353 σου.
1629 2327 1739 2354 Ἐθεντο
1754 2328 1928 2364 Ἰερωσαλὴμ

1142 2374 1179 2404 ὡς
1193 2373 1423 2409 ὁπωροφυλάκιον,
1439 2372 1529 2398 ἔθεντο
1542 2372 1579 2399 τὰ
1596 2372 1745 2408 θνησιμαῑα
1757 2374 1810 2400 τῶν
1827 2374 1928 2402 δούλων

1143 2428 1189 2445 σου
1207 2419 1337 2455 βρώματα
1359 2420 1415 2450 τοῖς
1431 2420 1562 2450 πετεινοῖς
1576 2419 1621 2445 τοῦ
1643 2419 1774 2455 οὐρανοῦ,
1794 2421 1844 2452 τὰς
1862 2421 1927 2457 σάρ-

1144 2474 1194 2496 κας
1209 2465 1263 2491 τῶν
1278 2465 1358 2491 ὁσίων
1374 2473 1419 2491 σου
1432 2467 1487 2496 τοῖς
1497 2465 1600 2500 θηρίοις
1615 2465 1664 2500 τῆς
1677 2465 1738 2501 γῆς.
1753 2475 1762 2491 ι
1778 2465 1887 2492 Τούτων
1899 2465 1928 2493 δὲ

1141 2511 1174 2537 τὰ
1198 2511 1246 2545 μὲν
1269 2511 1374 2546 πρῶτα,
1389 2510 1503 2545 λέγωδὲ
1519 2511 1553 2537 τὰ
1576 2511 1630 2536 ἀπὺ
1656 2511 1702 2537 τοῦ
1727 2511 1926 2547 ἐὸδομηκοποῦ

1142 2556 1232 2592 τρίτου
1247 2556 1371 2591 ψαλμοῦ,
1390 2557 1481 2591 εἴρητο
1502 2555 1686 2590 βασιλεύοντος
1702 2556 1742 2582 ἔτι
1763 2555 1810 2582 τοῦ
1834 2556 1926 2587 Nam,

1143 2603 1195 2637 πρὸ
1215 2602 1261 2628 τοῦ
1280 2602 1323 2628 τὸν
1341 2601 1403 2628 ναὸν
1419 2602 1469 2627 ὑπὸ
1489 2600 1642 2636 Σολομῶνος
1653 2600 1907 2636 κατασκευασθῆναι
1918 2609 1926 2616 ·

1142 2648 1234 2679 τέλους
1250 2648 1278 2674 δὲ
1294 2648 1385 2682 ἔτυχεν
1410 2648 1460 2674 οὐκ
1481 2647 1573 2674 ἄλλοτε
1591 2647 1606 2682 ἢ
1623 2646 1731 2682 πρῶτον
1747 2647 1796 2681 μὲν
1811 2646 1858 2673 ἐπὶ
1875 2646 1927 2684 τῆς

1143 2693 1318 2719 Βαϐυλωνίων
1345 2693 1511 2727 πολιορκίας,
1534 2692 1656 2727 δεύτερον
1675 2692 1704 2719 δὲ
1722 2693 1770 2718 ἐπὶ
1795 2692 1843 2718 τοῦ
1862 2692 1927 2721 Ῥωτ

1144 2739 1241 2773 μαῖκοῦ
1263 2739 1329 2772 προς
1350 2738 1491 2769 Ἰουδαίους
1519 2738 1651 2773 πολέμου·
1676 2738 1778 2764 ἕκαστα
1796 2737 1851 2774 γὰρ
1873 2737 1928 2764 τῶν

1142 2785 1293 2820 εἰρημένων
1315 2784 1465 2819 ἐπληροῦτο
1483 2784 1528 2810 ἐπί
1552 2793 1580 2811 τε
1603 2784 1653 2819 τῆς
1678 2783 1789 2819 πρώτης
1803 2784 1850 2811 καὶ
1868 2783 1928 2811 δευ-

338 2866 362 2888 ⁵⁰
379 2871 452 2901 Psal.
469 2881 503 2900 x1.
515 2893 522 2905 ,
536 2874 616 2901 2-15.
654 2876 674 2890 ¹¹
695 2874 767 2902 Psal.
783 2882 886 2906 Lxxm,
904 2874 960 2902 1-7.
1000 2876 1022 2890 ”
1043 2874 1085 2901 Ps:

1137 2882 1235 2901 Lxxvm
1247 2894 1254 2906 ,
1275 2874 1301 2907 l,
1313 2873 1340 2900 2.
