2099 3217
162 207 167 213 ·
184 196 240 224 ³121

637 192 960 239 DEMONSTRATIONIS
978 193 1206 222 EVANGELICE
1223 194 1278 222 LIB
1295 194 1329 222 X.

1742 198 1804 227 \m

188 255 271 290 τέρας
282 251 329 279 τοῦ
342 251 414 287 ἱεροῦ
431 250 617 285 κατασκαφῆς,
630 250 836 286 προγνωσθέντα
850 251 897 277 καὶ
907 252 971 278 ἁνα-
986 254 1007 282 Α

986 254 1007 282 Α
1023 252 1102 284 alias,
1121 260 1201 287 quam
1214 251 1299 279 semel
1312 250 1421 286 quidem
1430 251 1621 287 populantibus
1633 251 1802 290 Babyloniis:

190 298 348 336 φωνηθέντα
371 299 400 325 ὲν
430 299 484 329 τοῖς
506 296 660 332 εἰρημένοις
684 296 807 331 Ψαλμοῖς
840 297 893 324 ὑπὸ
923 296 970 323 τοῦ

196 346 292 380 ’Δσάφ.
308 345 349 371 Τὰ
361 344 388 371 δὲ
399 343 511 379 δεύτερα
522 343 575 370 ἀπὸ
585 342 632 369 τοῦ
648 342 845 378 ἑϐδομηκοστώ
860 344 954 377 ὀγδόου
962 364 969 376 ,

189 391 340 428 ἐπληροῦτο
363 389 432 416 κατὰ
452 389 515 420 τοὺς
540 389 674 423 Ἀντιόχου
698 389 819 424 χρόνους,
838 389 885 415 τοῦ
905 389 969 427 κλη-

190 439 281 470 θέντος
304 435 473 470 Ἐπιφανοῦς,
489 435 528 467 ὂς,
543 436 591 470 τῆς
613 435 711 471 Συρίας
730 435 899 470 βασιλεύσας,
920 437 971 463 ὑπ-

189 486 285 519 άγεται
305 483 353 519 μὲν
370 482 403 509 τὰ
422 482 600 517 Ἰεροσόλυμα,
623 482 722 517 μιαίνει
736 482 763 508 δὲ
783 482 827 509 τὸν
841 482 912 515 ναὸν,
926 484 971 510 καὶ

189 531 316 567 καθαιρεῖ
336 528 366 556 τὸ
396 529 600 563 θυσιαστήριονο
623 528 716 555 ἔπειτα
739 530 802 560 τοὺς
833 529 971 561 Ἰουδαίους

194 576 365 611 Έλληνίζων,
384 574 524 605 πλείστους
540 574 617 605 ὅσους
631 574 720 600 αὐτῶν
740 575 838 610 ἄνδρας
862 576 909 602 καὶ
923 584 971 609 γυ-

187 624 284 654 ναῖκας
307 622 376 657 ὑπὲρ
400 620 446 647 τοῦ
470 620 570 646 οἰκείου
595 621 676 656 νόμου
702 621 749 647 καὶ
772 621 820 656 τῆς
844 621 972 657 πατρῴας

187 669 327 701 εὒσεὸείας
348 668 451 703 ἀνῄρει,
467 666 599 698 ποικίλαις
616 667 839 703 προαικιζόμενος
858 668 971 703 τιμωρί-

190 726 245 748 αις.
260 716 306 747 Εἰς
331 716 431 741 ἐκεῖνον
447 712 588 748 τοιγαροῦν
607 713 651 747 τὸν
672 713 775 748 καιρὸν,
794 714 839 740 καὶ
855 715 894 745 είς
910 714 972 745 τοὺς

191 762 259 798 μετὰ
280 760 366 788 ταῦτα
390 759 428 794 τῷ
458 758 583 793 Ἀντιόχῳ
600 758 634 784 τὰ
657 758 701 784 ἴσα
720 758 883 793 πράξαντας,
908 759 973 785 ἀνα-

187 807 273 842 φωνεῖ
302 807 316 832 ὸ
350 805 435 840 Ἀσὰφ
467 802 497 828 το
520 803 573 830 ἀπὸ
592 802 638 829 τοῦ
666 803 862 838 ἐϐδομηκοστοῦ
881 804 971 837 ὀγδόου

187 851 304 887 ψαλμοῦ.
328 852 468 886 Μαρτυρεῖ
493 850 520 876 δὲ
547 848 585 883 τῷ
607 848 677 883 λόγῳ
692 849 708 882 ἡ
725 848 778 873 τῶν
800 848 972 883 καλουμένων

188 897 374 924 Μακκαὸαίων
401 897 503 932 γραφὴ,
533 894 625 920 τοῦτον
659 893 756 928 ἔχουσα
777 894 824 920 τὸν
855 895 969 930 τρόπον·

192 952 201 969 ι
223 944 277 970 Καὶ
301 942 587 978 προσεπισυνήχθησαν
605 941 671 977 πρὸς
692 941 824 975 Ἰάκειμον
838 941 883 966 καὶ
900 940 970 966 Βαχ-

187 989 266 1024 χὶδην
294 988 436 1024 συναγωγὴ
465 988 647 1023 γραμματέων
667 987 816 1022 ὲκζητοῦσα
837 987 937 1013 δίκαια.
960 997 968 1013 ι

188 1034 245 1060 Καὶ
255 1033 319 1069 ἑξῆς
332 1033 467 1067 ἐπιλέγει·
481 1043 489 1058 ι
505 1034 559 1060 Καὶ
576 1032 680 1068 ὤμοσεν
694 1033 784 1064 αὐτοῖς
794 1032 880 1066 λέγων
890 1041 896 1047 ·
915 1033 972 1059 Οὐκ

187 1079 374 1115 ὲκζητήσομεν
390 1079 453 1114 ὑμῖν
469 1079 563 1110 κακὸν,
573 1079 619 1105 καὶ
635 1079 691 1110 τοῖς
706 1078 790 1112 φίλοις
812 1078 887 1113 ὑμῶν
897 1087 903 1093 ·
926 1079 973 1105 καὶ

188 1123 382 1151 ὲνεπίστευσαν
404 1123 494 1159 αὐτῷ·
519 1123 565 1150 καὶ¹
596 1123 738 1149 συνέλαϐεν
759 1123 788 1156 ἐξ
807 1123 894 1149 αὐτῶν
908 1122 971 1159 ἐξή-

188 1178 271 1197 κοντα
287 1169 395 1206 ἄνδρας,
417 1170 463 1196 καὶ
477 1169 634 1196 ἀπέκτεινεν
650 1169 746 1200 αὐτοὺς
757 1170 785 1195 ἐν
801 1170 892 1205 ἡμέρᾳ
913 1170 970 1205 μιᾷ,

188 1216 261 1243 κατὰ
276 1215 321 1242 τὸν
335 1216 412 1250 λόγον
432 1215 516 1249 Ἀσάφ
531 1216 560 1242 ὃν
575 1214 700 1250 ἔγραψεν,
715 1215 817 1242 ἔδωκαν
832 1215 867 1241 τὰ
881 1215 972 1250 θνησι-

190 1262 258 1297 μαῖα
281 1262 334 1288 τῶν
361 1261 460 1288 δούλων
488 1270 533 1287 σου
558 1261 688 1296 βρώματα
704 1262 760 1292 τοῖς
778 1262 909 1292 πετεινοῖς
925 1260 971 1287 τοῦ

188 1306 315 1342 ούρανοῦ,
332 1307 435 1342 σάρκας
451 1306 532 1333 ὁσίων
554 1315 599 1332 σου
616 1308 672 1338 τοῖς
687 1306 766 1339 ζώοις
787 1307 834 1342 τῆς
852 1307 913 1341 γῆς,
933 1307 974 1333 αἴ-

191 1361 264 1388 ματα
285 1353 371 1379 αὐτῶν
384 1353 493 1388 ἐξέχεαν
508 1353 598 1388 κύκλῳ
616 1352 800 1388 Ἰερουσαλὴμ,
813 1353 858 1379 καὶ
876 1353 924 1379 οὐκ
940 1351 973 1388 ἦν

188 1398 204 1425 ὁ
215 1398 333 1425 θάπτων.
351 1408 360 1424 ›
376 1398 483 1425 Τούτων
501 1398 570 1425 οὕτω
588 1398 794 1434 προρρηθέντων
812 1398 858 1425 καὶ
878 1399 974 1425 ἀποτευ

188 1443 348 1477 λεσθέντων,
366 1445 396 1470 οὐ
412 1444 575 1479 θαυμαστὸν,
590 1445 613 1470 εί
631 1443 700 1471 κατὰ
715 1444 760 1470 τὸν
779 1444 859 1470 αὐτὸν
876 1444 974 1479 τρόπον

189 1491 239 1518 καὶ
272 1491 306 1517 τά
331 1490 526 1527 προεκτεθέντα
548 1490 593 1516 τοῦ
617 1490 833 1526 τεσσαρακοστοῦ
867 1489 973 1525 ψαλμοῦ

188 1536 267 1571 λέγια
295 1536 419 1571 σημαίνει
442 1536 476 1561 τὰ
497 1535 624 1570 μέλλοντα
645 1535 753 1562 ἔσεσθαι
776 1535 845 1562 κατὰ
866 1535 909 1561 τὸν
925 1535 973 1570 τῆς

1021 300 1120 326 iterum
1128 302 1217 326 autem
1225 298 1295 326 bello
1301 298 1372 333 quod
1383 299 1526 326 adversum
1532 298 1639 326 Iudaeos
1645 306 1660 326 a
1671 299 1801 328 Romanis

1021 348 1128 379 gestum
1143 347 1196 376 est,
1208 345 1421 380 unumquodque
1441 345 1513 373 enim
1525 352 1635 377 eorum.
1647 353 1707 381 qua
1727 345 1802 374 dicta

1021 394 1096 422 sunt,
1112 391 1275 425 completum
1294 395 1335 418 est
1357 396 1413 418 tam
1429 392 1517 427 prima
1533 392 1625 428 templi
1648 392 1799 423 eversione.

1021 444 1101 471 quam
1117 445 1148 464 ea
1168 445 1228 472 quae
1249 443 1342 465 secuta
1357 442 1409 470 est,
1431 439 1538 466 tametsi
1558 439 1585 465 in
1602 439 1678 466 hisce
1694 438 1801 466 duobus

1021 482 1133 517 psalmis
1152 487 1179 510 et
1194 484 1333 518 provisum
1356 487 1384 511 et
1399 485 1570 512 enuntiatum
1590 489 1641 512 est.
1660 484 1725 518 Qum
1738 493 1801 512 vero

1021 528 1141 555 secundo
1155 527 1214 555 loco
1226 529 1411 561 recitavimus,
1425 534 1452 556 et
1463 536 1477 555 a
1492 529 1692 564 septuagesimo
1706 533 1802 557 octavo

1021 573 1125 607 psalmo
1149 574 1314 608 accepimus,
1341 575 1476 608 completa
1505 578 1569 602 sunt
1593 576 1652 610 ejus
1675 575 1802 602 Antiochi

1022 619 1200 653 temporibus,
1223 620 1270 654 qui
1286 623 1400 647 vocatus
1416 624 1458 647 est
1481 620 1609 651 illustris,
1632 620 1679 655 qui
1696 628 1757 647 cum
1774 622 1801 648 in

1023 663 1101 699 Syria
1113 670 1247 699 regnaret,
1266 665 1364 700 irrupit
1387 665 1496 700 quidem
1511 666 1539 692 in
1561 666 1657 693 urbem
1675 665 1804 693 Hieroso-

1022 710 1103 745 lyma,
1117 710 1225 737 ftedavit
1237 719 1302 738 vero
1317 711 1459 746 templum,
1473 716 1500 739 et
1519 712 1704 739 sanctuarium
1728 720 1805 739 ever-

1021 757 1063 784 tit.
1077 756 1199 791 Dumque
1221 756 1331 785 Judaeos
1350 757 1507 786 Graecorum
1529 758 1649 786 moribus
1676 758 1748 793 cogit
1764 758 1805 785 vi-

1021 810 1095 835 vere.
1113 803 1328 838 quamplurimus
1346 811 1441 831 eorum
1456 807 1510 830 tam
1526 811 1614 830 mares
1628 810 1710 838 quam
1728 803 1805 831 femi-

1022 856 1082 880 nas,
1096 848 1142 883 qui
1157 856 1245 884 neque
1261 849 1385 884 proprias
1402 849 1476 883 leges
1491 856 1579 883 neque
1594 849 1712 883 patriam
1723 849 1806 883 pieta-

1023 898 1077 920 tem
1089 894 1214 921 deserere
1231 894 1367 928 volebant,
1380 894 1463 922 variis
1476 894 1553 929 prius
1576 899 1686 922 vexatos
1701 895 1805 930 suppli-

1022 939 1083 969 ciis,
1101 939 1246 967 interfecit.
1262 940 1292 967 In
1308 938 1374 968 illud
1394 946 1458 974 ergo
1473 943 1590 974 tempus,
1603 943 1630 966 et
1645 939 1672 966 in
1689 947 1737 967 eos
1757 940 1805 974 qui

1022 985 1146 1020 posthac,
1163 986 1258 1013 eadem
1274 993 1334 1021 quae
1347 986 1499 1013 Antiochus
1514 987 1692 1020 patraverint,
1706 986 1805 1012 clamat

1021 1031 1113 1066 Asaph
1127 1039 1158 1059 ea
1173 1039 1233 1067 quae
1256 1034 1457 1070 septuagesimo
1477 1036 1574 1060 octavo
1595 1032 1700 1067 psalmo
1716 1032 1806 1059 conti--

1022 1081 1130 1104 nentur.
1144 1076 1237 1104 Fidem
1253 1077 1316 1104 huic
1331 1078 1370 1105 rei
1394 1077 1469 1109 facit,
1485 1084 1517 1105 ea
1541 1084 1601 1112 quae
1616 1080 1730 1104 vocatur
1749 1076 1806 1103 Ma-

1022 1123 1174 1150 cabzeorum
1190 1123 1316 1156 historia,
1328 1131 1388 1158 quae
1398 1124 1425 1150 in
1442 1124 1516 1151 hunc
1530 1123 1640 1152 modum
1657 1130 1686 1150 se
1701 1122 1782 1150 habet
1795 1132 1802 1149 :

1026 1177 1035 1193 ι
1050 1167 1082 1194 Et
1097 1172 1283 1196 convenerunt
1299 1168 1333 1195 ad
1347 1167 1482 1196 Jacimum
1503 1172 1531 1196 et
1549 1168 1712 1195 Bacchidem
1735 1175 1804 1194 con-

1022 1213 1143 1248 gregatio
1157 1213 1308 1241 scribarum
1319 1213 1518 1249 requirentium
1529 1214 1668 1249 quaajusta
1680 1218 1745 1240 sunt
1751 1214 1784 1245 ³³,
1792 1223 1800 1238 ι

1022 1263 1050 1285 et
1065 1258 1193 1293 deinceps
1210 1257 1351 1294 adjungit:
1364 1268 1374 1284 ι
1386 1258 1419 1285 Ει
1430 1258 1534 1293 juravit
1548 1258 1602 1285 illis
1618 1257 1731 1285 dicens:
1744 1257 1804 1285 Non

1023 1302 1171 1330 inferemus
1190 1303 1267 1331 vobis
1291 1303 1403 1335 malum,
1422 1310 1510 1338 neque
1530 1302 1625 1330 amicis
1645 1302 1755 1334 vestris,
1778 1307 1805 1329 et

1023 1348 1195 1377 crediderunt
1219 1349 1255 1381 ei,
1274 1354 1301 1376 et
1325 1348 1528 1384 comprehendit
1551 1357 1584 1376 ex
1603 1349 1637 1376 iis
1664 1348 1804 1383 sexaginta

1023 1395 1107 1427 viros,
1122 1398 1149 1422 et
1163 1395 1263 1422 occidit
1276 1402 1324 1423 eos
1338 1395 1365 1422 in
1383 1403 1437 1422 uno
1453 1394 1507 1427 die,
1525 1394 1674 1422 secundum
1692 1394 1805 1422 verbum

1022 1440 1115 1476 Asaph
1129 1441 1202 1476 quod
1222 1441 1343 1475 scripsit,
1355 1441 1488 1469 dederunt
1503 1441 1648 1468 morticina
1664 1447 1805 1468 servorum

1024 1491 1132 1513 tuorum
1155 1493 1233 1514 escas
1251 1486 1408 1514 volatilibus
1428 1487 1500 1519 cmli,
1530 1494 1627 1514 carnes
1648 1490 1806 1514 sanctorum

1025 1537 1132 1559 tuorum
1147 1532 1242 1560 bestiis
1256 1536 1346 1565 terrm,
1366 1535 1581 1568 sanguinemque
1597 1540 1692 1560 eorum
1703 1531 1804 1560 ell‘ude-

188 1581 237 1609 τοῦ
259 1582 382 1616 Σωτῆρος
401 1581 477 1617 ήμῶν
493 1581 636 1617 ἐπιϐουλῆς
650 1582 754 1617 χρόνον,
769 1582 839 1617 άπερ
855 1582 891 1617 μὴ
906 1582 973 1608 πάν·
987 1589 1008 1616 C

987 1589 1008 1616 ο
1025 1583 1088 1605 runt
1101 1580 1129 1606 in
1148 1579 1264 1606 circuitu
1285 1579 1448 1610 Jerusalem,
1474 1583 1500 1606 et
1516 1587 1571 1606 non
1586 1582 1644 1606 erat
1660 1579 1707 1613 qui
1728 1586 1805 1613 δειρο-

189 1635 245 1653 των
261 1626 409 1662 ἀνθρώπων
426 1627 577 1658 συνιέντων,
595 1628 667 1658 ὅπως
685 1627 769 1661 Λόγος
784 1626 820 1653 ὢν
838 1627 915 1659 Θεοῦ,
927 1629 973 1654 καὶ

190 1671 282 1706 σοφία,
301 1671 346 1698 καὶ
362 1671 426 1706 ζωὴ,
435 1671 480 1697 καὶ
494 1671 550 1705 φῶς
563 1671 696 1706 ἀληθινὸν,
706 1673 751 1698 καὶ
763 1672 851 1698 πάντα
862 1672 973 1698 πλοῦτον

189 1715 300 1749 ἀγαθῶν
314 1717 489 1751 κεκτημένος,
504 1716 536 1742 δι’
551 1717 623 1751 ἡμᾶς
645 1716 797 1750 ἐπτώχευσε
825 1716 912 1752 σάρκα
928 1716 974 1742 λα-

190 1761 257 1793 ϐὼν,
273 1763 319 1788 καὶ
340 1763 395 1794 τοῖς
411 1762 441 1788 τὸ
456 1762 532 1796 γένος
546 1760 650 1797 θνητοῖς
669 1762 820 1798 ἀνθρώποις
838 1763 884 1789 καὶ
904 1771 975 1789 πτω-

189 1809 249 1843 χοῖς
265 1808 415 1843 ὁμοιωθεὶς,
425 1809 528 1843 μορφήν
539 1817 568 1834 τε
579 1808 670 1835 δούλου
684 1809 730 1834 καὶ
743 1808 856 1842 πένητος
865 1808 957 1843 άνειλη

190 1854 259 1889 φὼς,
273 1855 317 1881 καὶ
332 1855 447 1889 μάλιστα
459 1855 517 1881 καθ’
530 1855 558 1880 ὂν
571 1855 663 1889 καιρὸν
674 1855 792 1889 ἐπλήρου
804 1854 852 1889 τὴν
865 1854 918 1880 ἀπὸ
928 1854 974 1880 τοῦ

175 1899 298 1937 νψαλμοῦ
321 1901 498 1936 προφητείαν,
529 1900 640 1931 εἰκότως
660 1900 689 1925 ὲν
714 1900 784 1934 ἀρχῇ
800 1899 846 1925 τοῦ
868 1899 974 1934 ψαλμοῦ

190 1946 372 1986 μακαρίζεται
389 1946 402 1971 ὁ
416 1946 499 1972 ταῦτα
511 1946 574 1981 περὶ
590 1946 671 1972 αὑτοῦ
691 1946 802 1976 συνιεὶς,
814 1945 974 1979 ἐπαγγελίας

176 1994 332 2028 τυγχάνων
347 1993 394 2028 τῆς
411 1992 665 2027 ἀναγεγραμμένης.
680 1990 735 2018 Εἶθ’
750 1991 811 2026 ἑξῆς
827 1992 858 2017 ἐκ
871 1990 968 2026 προσώ

190 2047 244 2065 που
252 2037 342 2064 λοιπὸν
354 2037 385 2073 δὴ
400 2037 446 2063 τοῦ
460 2037 573 2072 πένητος
591 2037 637 2063 καὶ
653 2036 769 2071 πτωχοῦ,
779 2035 859 2062 αὑτοῦ
876 2036 977 2071 δηλαδὴ

189 2083 239 2111 τοῦ
259 2083 292 2110 δι’
306 2084 379 2120 ἡμᾶς
399 2083 601 2117 πτωχεύσαντος
623 2083 746 2118 Σωτῆρος
769 2082 863 2118 ἡμῶν,
889 2082 963 2108 ὲπιλέ

190 2138 285 2165 γεται·
305 2139 314 2155 ι
341 2129 410 2163 Ἐγὼ
434 2129 511 2156 εἶπεν
530 2129 625 2165 Κύριε,
653 2129 761 2165 ἐλέησόν
781 2138 823 2165 με.
847 2139 856 2155 ι
875 2130 932 2155 ’Ότι
948 2129 975 2155 δι.

191 2178 225 2204 ὲκ
240 2176 385 2212 προσώπου
398 2176 443 2202 τοῦ
460 2175 585 2210 Σωτῆρος
605 2175 638 2201 τὰ
658 2176 686 2201 ὲν
709 2175 747 2210 τῷ
769 2175 867 2210 ψαλμῷ
881 2174 970 2201 θεσπί-

191 2222 284 2255 ζεται,
303 2223 440 2259 αὐτάρκης
469 2222 572 2258 μάρτυς
595 2222 609 2248 ό
633 2222 828 2257 εὐαγγελιστὴς
853 2222 977 2257 Ἰωάννης

1026 1625 1124 1652 liret".
1142 1634 1152 1650 ›
1172 1624 1241 1652 Cum
1256 1625 1314 1652 haec
1337 1625 1365 1652 in
1380 1624 1453 1651 hunc
1467 1624 1576 1651 modum
1591 1627 1617 1651 et
1638 1624 1766 1658 praedicta
1780 1627 1807 1651 et

1024 1671 1156 1705 completa
1175 1671 1240 1703 sint,
1262 1671 1362 1697 mirum
1377 1670 1462 1698 videri
1484 1678 1538 1698 non
1562 1670 1651 1703 debet,
1673 1671 1697 1696 si
1711 1669 1806 1697 eodem

1025 1717 1105 1743 modo
1114 1717 1196 1744 etiam
1207 1717 1318 1744 oracula
1335 1716 1369 1744 de
1384 1716 1592 1751 quadragesimo
1606 1715 1711 1750 psalmo
1722 1722 1808 1749 nuper

1024 1768 1145 1798 accepta,
1159 1763 1226 1798 quid
1251 1763 1374 1790 futurum
1399 1766 1472 1790 esset
1496 1770 1544 1797 per
1568 1762 1595 1789 id
1617 1766 1732 1796 tempus,
1753 1769 1807 1796 quo

1024 1809 1109 1836 Judzei
1126 1809 1257 1837 adversus
1272 1808 1439 1836 Salvatorem
1457 1812 1580 1835 nostrum
1602 1807 1805 1841 conspirarunt,

1025 1854 1180 1889 signiﬁcant
1195 1863 1202 1881 :
1215 1862 1249 1881 ex
1264 1854 1363 1889 quibus
1389 1861 1450 1881 cum
1466 1852 1588 1880 universi
1612 1851 1737 1879 homines
1752 1858 1805 1878 non

1026 1902 1218 1936 intelligerent,
1235 1908 1355 1936 quonam
1378 1904 1460 1935 pacto
1481 1900 1529 1935 qui
1547 1898 1664 1926 Verbum
1688 1898 1736 1925 Dei
1753 1902 1805 1928 est,

1026 1952 1051 1975 et
1071 1947 1216 1982 sapientia,
1231 1951 1258 1974 et
1277 1947 1343 1978 vita,
1361 1950 1388 1974 et
1411 1947 1504 1973 lumen
1525 1952 1636 1977 verum,
1663 1948 1690 1971 et
1712 1951 1807 1971 omnes

1027 1994 1159 2021 bonorum
1180 1993 1289 2020 divitias
1304 1992 1460 2027 possidens,
1472 1995 1583 2026 propter
1604 1997 1655 2017 uos
1666 1993 1808 2024 assumpto

1025 2047 1148 2074 corpore,
1161 2043 1188 2066 et
1204 2046 1305 2073 pauper
1321 2042 1349 2065 et
1363 2041 1459 2065 natura
1475 2036 1636 2064 mortalibus
1652 2035 1809 2062 hominibus

1026 2090 1052 2114 et
1064 2086 1156 2120 egenis
1176 2085 1274 2112 similis
1290 2085 1325 2112 sit
1340 2084 1439 2116 factus,
1461 2082 1633 2117 formamque
1645 2085 1672 2109 et
1694 2082 1767 2109 servi
1781 2086 1809 2109 et

1027 2131 1152 2166 pauperis
1175 2130 1320 2165 acceperit,
1337 2130 1455 2157 maxime
1477 2136 1531 2163 quo
1550 2132 1671 2163 tempore
1689 2128 1809 2162 comple-

1027 2178 1072 2204 bat
1097 2184 1128 2204 ea
1144 2183 1204 2212 qua
1218 2177 1250 2202 ad
1266 2175 1434 2211 prophetiam
1453 2174 1535 2209 hujus
1549 2173 1648 2208 psalmi
1661 2173 1808 2208 pertinent,

1027 2224 1123 2251 merito
1137 2223 1162 2250 in
1179 2223 1256 2250 initio
1271 2223 1379 2258 psalmi,
1395 2222 1418 2249 is
1432 2224 1462 2248 ut
1480 2221 1575 2248 beatus
1590 2218 1808 2251 commendatur,

191 2269 330 2305 τυγχάνει.
349 2269 460 2304 Ἱστορεῖ
475 2268 538 2304 γὰρ,
558 2269 598 2295 ὅτι
623 2277 632 2294 ι
653 2268 772 2295 Λαὸὼνὸ
795 2268 896 2303 Ἰησοῦς
912 2276 975 2294 ποτε
991 2267 1013 2294 D

991 2267 1013 2294 Ι)
1027 2271 1073 2305 qui
1090 2270 1146 2297 haec
1161 2269 1194 2297 de
1209 2269 1256 2296 illo
1272 2267 1445 2298 intellexerit,
1465 2270 1558 2301 utpote
1583 2265 1629 2300 qui
1643 2264 1808 2299 promissum

191 2313 295 2342 λέντιον
312 2313 504 2351 περιεζώσατο,
522 2315 568 2341 καὶ
589 2314 666 2347 νίψας
684 2315 746 2345 τοὺς
759 2314 841 2346 πόδας
857 2314 910 2340 τῶν
926 2323 976 2349 μα-

191 2360 282 2396 θητῶν
302 2360 384 2387 αὑτοῦ
405 2358 494 2386 εἶπεν·
514 2359 583 2394 Ἐγὼ
597 2357 655 2387 οἴδα
669 2360 715 2391 οὓς
731 2360 903 2395 ἐξελεξάμην·
919 2360 975 2387 ἀλλ’

192 2406 238 2434 ἵνα
302 2406 397 2442 Γραφὴ
414 2406 562 2442 πληρωθῇ·
586 2406 615 2432 ὐ
636 2405 748 2442 τρώγων
775 2407 832 2441 μετ’
849 2406 915 2441 ἐμοῦ
931 2406 976 2433 τὸν

192 2453 276 2489 ἄρτον
297 2453 396 2488 ἐπῆρεν
422 2453 465 2478 επ·
482 2452 531 2487 ἐμὲ
549 2452 597 2488 τὴν
618 2452 734 2487 πτέρναν
756 2452 848 2479 αὑτοῦ.
864 2462 873 2478 ι
893 2452 975 2478 Ποίαν

191 2498 249 2534 γὰρ
266 2498 459 2534 πεπληρῶσθαι
482 2498 590 2534 γραφὴν
609 2499 638 2525 ἐν
653 2498 757 2529 τούτοις
777 2498 869 2533 ἐδήλου
886 2498 943 2525 ἀλλ’
960 2499 976 2533 ἢ

191 2546 243 2581 τὴν
257 2545 303 2572 τοῦ
317 2545 385 2581 μετὰ
397 2547 488 2581 χεῖρας
499 2545 605 2580 ψαλμοῦ
622 2546 651 2572 ὲν
666 2542 688 2579 ᾧ
704 2545 820 2581 εἴρηται-
831 2555 839 2571 ι
859 2546 913 2572 Καὶ
925 2545 977 2581 γὰρ

190 2591 208 2618 ὸ
223 2591 365 2627 ἄνθρωπος
374 2592 424 2626 τῆς
439 2592 549 2627 εἰρήνης
560 2600 619 2626 μου,
634 2592 675 2626 ἐφ’
689 2592 718 2618 ὃν
729 2592 840 2626 ἤλπισα,
853 2592 866 2617 ὁ
881 2591 976 2618 ἐσθίων

192 2637 293 2672 ἄρτους
317 2646 378 2673 μου,
397 2637 560 2673 ἐμεγάλυνεν
580 2638 622 2663 ἐπ’
637 2637 686 2672 ἐμὲ
701 2636 879 2672 πτερνισμόνς
896 2646 906 2662 ›
923 2638 977 2671 Φη-

193 2684 237 2710 σὶν
252 2681 299 2710 οὖν
316 2683 477 2719 ἀρχόμενος·
495 2692 504 2708 ι
526 2681 595 2716 Ἐγὼ
611 2680 674 2708 εἶπα
684 2691 690 2697 ³
707 2682 801 2717 Κύριε,
811 2682 920 2717 ἐλέησόν
933 2691 977 2717 με,

194 2727 270 2755 ἴασαι
284 2729 333 2764 τὴν
349 2729 436 2764 ψυχήν
455 2728 564 2763 μου,ὅτι
575 2726 695 2762 ῆμαρτόν
712 2735 768 2752 σοι·
785 2736 794 2752 ›
814 2726 860 2753 καὶ
874 2726 906 2753 δι’
917 2727 977 2753 ὅλου

191 2773 241 2801 τοῦ
255 2774 363 2810 ψαλμοῦ
373 2784 379 2789 ·
393 2775 464 2810 ἆπερ
482 2773 643 2809 σαφέστερον
653 2774 667 2799 ὁ
678 2772 822 2808 Σύμμαχος
836 2772 929 2799 τοῦτον
937 2771 979 2805 EE-

192 2819 278 2848 έδωκε
290 2821 335 2848 τὸν
351 2820 464 2856 τρόπον·
485 2829 494 2846 ι
515 2819 596 2855 Ἑμοῦ
613 2819 750 2854 λέγοντος”
769 2818 864 2854 Κύριε,
881 2818 979 2845 οἴκτει-

1029 2316 1144 2351 publicae
1170 2314 1308 2342 memoria:
1331 2314 1460 2341 traditum
1492 2312 1622 2339 obtineat.
1636 2311 1718 2347 466
1740 2310 1810 2337 Tum

1028 2361 1167 2395 deinceps,
1183 2360 1254 2395 quod
1271 2363 1406 2395 superest,
1423 2367 1456 2386 ex
1472 2358 1559 2393 ipsius
1582 2357 1710 2392 pauperis
1729 2360 1810 2391 atque

1029 2406 1105 2441 egeni
1119 2413 1247 2440 persona.
1268 2406 1355 2439 ipsius
1379 2404 1507 2432 videlicet
1535 2402 1685 2430 Salvatoris
1700 2401 1809 2433 .nostri,

1029 2452 1076 2487 qui
1092 2455 1202 2486 propter
1214 2459 1264 2478 nos
1278 2451 1386 2486 inopem
1407 2450 1491 2478 vitam
1507 2449 1666 2484 assumpsit,
1683 2448 1794 2483 adjungi
1809 2466 1811 2468 -

1029 2503 1094 2525 tur:
1115 2507 1125 2524 ι
1144 2498 1200 2533 Ego
1215 2498 1283 2530 dixi,
1301 2497 1424 2530 Domine,
1446 2497 1575 2525 miserere
1596 2496 1689 2523 mei“.
1709 2505 1718 2520 ›
1732 2494 1811 2527 Quod

1028 2552 1093 2572 vero
1104 2552 1137 2571 ex
1154 2552 1270 2579 persona
1288 2544 1448 2576 Salvatoris,
1460 2551 1520 2579 quae
1537 2540 1570 2569 ad
1584 2542 1656 2569 hunc
1675 2541 1812 2577 psalmum

1029 2589 1175 2624 pertinent,
1193 2589 1323 2624 prredicta
1347 2590 1413 2621 sint,
1435 2589 1556 2624 optimus
1580 2595 1647 2616 sane
1672 2587 1707 2614 sit
1731 2587 1811 2614 testis

1029 2636 1193 2671 evangelista
1210 2635 1340 2663 Joannes.
1354 2635 1453 2662 Narrat
1476 2635 1560 2665 enim,
1587 2637 1616 2661 ut
1639 2634 1702 2661 olim
1718 2632 1810 2664 Jesus,

1029 2690 1091 2709 cum
1116 2682 1266 2716 accepisset
1292 2682 1416 2713 linteum,
1438 2680 1611 2715 praecinxerit
1634 2687 1674 2712 se,
1696 2687 1812 2713 cumque

1029 2726 1113 2762 pedes
1122 2726 1317 2769 discipulorum
1329 2734 1441 2754 suorum
1455 2725 1596 2757 abluisset,
1609 2724 1708 2751 dixerit
1721 2732 1727 2748 :
1741 2724 1813 2758 «Ego

1030 2772 1088 2799 scio
1099 2779 1168 2807 quos
1182 2772 1320 2807 elegerint,
1339 2772 1386 2800 sed
1406 2775 1435 2799 ut
1457 2771 1625 2806 compleatur
1646 2769 1788 2805 Scriptura
1805 2779 1811 2796 :

1031 2818 1082 2850 Qui
1098 2818 1153 2846 edit
1175 2826 1280 2846 mecum
1298 2826 1405 2854 panem,
1430 2817 1528 2846 levarit
1543 2821 1639 2844 contra
1655 2824 1698 2845 me
1723 2817 1813 2844 calca,-

233 2910 255 2925 "
275 2909 285 2936 Ι
301 2908 423 2937 Macbab.
441 2917 494 2944 vn,
514 2908 557 2936 l2.
595 2909 618 2926 ἰ
636 2908 702 2938 ibid.
721 2907 811 2936 15-17.
849 2907 871 2924 ¹¹
893 2905 966 2935 Psal.
985 2905 1073 2944 n,,_5.
