2099 3217
639 178 774 207 ευδιῖοιι
793 178 1034 207 CESADXESSIS
1049 178 1098 206 ΟΡ]

1144 177 1233 206 PARS
1249 177 1281 206 ll.
1300 193 1336 199 --
1354 177 1601 207 Αροιιοςῖτιω.

1877 173 1936 207 1η

310 247 393 269 nam
407 247 486 267 suum
497 239 529 265 ³³.
546 248 556 265 ι
574 238 680 266 Etenim
694 246 775 274 quam
788 239 898 266 tandem
913 239 994 266 aliam
1008 239 1036 266 in
1053 238 1096 266 liis

1147 239 1194 274 ράν
1215 247 1260 274 με,
1278 238 1353 265 ἴασαι
1375 237 1426 273 τὴν
1439 239 1527 274 ψυχήν
1545 246 1607 274 μου,
1624 237 1671 265 καὶ
1687 238 1711 264 ει
1736 237 1860 274 ἥμαρτον
1875 246 1932 272 σοι.

311 285 482 321 Scripturam
499 284 660 319 completam
675 292 739 312 esse
751 284 870 316 dicebat,
886 284 940 312 nisi
955 292 1015 312 eam
1032 292 1093 319 qua

310 331 339 358 in
354 330 407 358 hoc
418 330 526 365 psalmo
541 329 667 360 habetur,
683 329 731 365 qui
754 337 828 357 nunc
844 330 872 357 in
888 330 1016 357 manibus
1039 335 1092 363 est,

309 377 338 404 in
355 383 411 411 quo
425 376 534 411 quidem
548 375 655 410 psalmo
666 375 733 403 illud
752 375 855 403 dictum
872 380 914 404 est
929 384 936 402 :
959 385 970 402 ε
986 376 1092 403 Etenim

310 420 392 448 bono
404 420 482 453 pacis
496 426 562 446 mea:
579 420 606 445 in
619 426 674 454 quo
690 420 808 454 speravi,
825 421 872 454 qui
892 421 990 448 edebat
1008 428 1093 455 panes

309 473 397 497 meos,
413 466 594 500 magniﬁcavil
610 474 692 500 super
712 475 756 494 me
772 468 1021 502 supplantationem
1029 468 1062 493 ".
1080 478 1090 493 ι

308 512 391 540 Initio
405 521 470 548 ergo
492 514 532 540 sic
553 514 614 540 ait:
633 523 641 538 ι
659 513 714 548 Ego
731 514 798 545 dixi,
818 515 940 545 Domine.
964 516 1093 542 miserere

308 559 372 590 mei.
391 566 457 586 sana
469 560 588 585 animam
606 567 704 591 meam,
718 562 781 595 quia
795 562 904 597 peccavi
921 561 998 588 tibi”
1015 572 1021 588 :
1039 572 1049 587 ι
1066 567 1092 589 et

309 614 358 640 per
375 610 462 632 totum
480 606 624 640 psalmum,
648 615 679 634 ea
697 615 757 642 quae
774 608 880 641 planius
897 609 924 635 in
946 609 1020 635 hunc
1034 616 1093 635 mo-

307 652 372 678 dum
391 650 577 686 Symmachus
597 652 702 679 edidit:
723 662 732 677 ε
761 653 802 680 Me
824 654 949 685 dicente,
967 654 1090 686 Domine,

307 697 440 724 miserere
465 697 529 729 mei,
548 705 615 725 sana
627 699 745 725 animam
761 707 848 726 meam
863 709 869 732 ;
890 704 917 727 et
933 702 954 727 si
982 702 1092 735 peccavi

307 743 366 774 tibi.
386 743 490 769 inimici
518 743 571 770 mei
598 743 725 770 dixerunt
753 744 786 771 de
811 752 854 772 me
879 748 961 779 mala,
983 746 1093 780 quando

307 788 450 821 morietur,
466 792 493 815 et
507 789 607 823 peribit
621 797 718 816 nomen
729 789 806 823 ejus?
817 795 844 817 et
858 799 919 818 cum
938 791 1093 826 ingredere-

307 841 362 868 tur,
378 843 448 862 vana
465 836 625 870 loquebatur
643 843 691 863 cor
706 837 776 871 ejus.
790 838 970 873 congregabat
989 839 1094 873 injusti-

308 882 374 908 tiam
398 882 463 909 sibi.
483 881 551 908 Cum
578 882 754 916 egrederetur
778 883 862 916 foras,
882 884 1090 919 obloquebatur,

308 935 364 956 uno
379 929 472 954 animo
489 928 671 955 susurrabant
684 932 778 955 contra
799 937 842 957 me
856 938 952 957 omnes
964 931 1010 966 qui
1027 932 1091 959 ode-

307 977 371 1001 rant
385 981 439 1005 me.
451 973 485 1000 de
501 982 543 1001 me
556 974 713 1008 cogitabant
731 975 800 1001 mala
818 976 895 1008 mihi,
911 977 1023 1003 verbum
1039 977 1093 1004 ini-

308 1027 392 1054 quum
408 1019 523 1046 eil'usum
539 1024 599 1047 erat
621 1020 692 1047 inter
704 1020 789 1055 ipsos,
808 1025 834 1047 et
854 1022 900 1056 qui
918 1022 1017 1049 cecidit
1037 1030 1092 1050 non

308 1066 426 1101 amplius
443 1070 546 1101 surget,
570 1067 617 1094 sed
641 1072 668 1094 et
689 1067 770 1094 homo
784 1068 830 1102 qui
855 1075 948 1103 pacem
976 1069 1092 1096 habebat

307 1120 425 1145 mecum,
441 1113 485 1141 cui
505 1113 686 1146 conlidebam,
701 1114 847 1141 comedens
873 1122 979 1142 mecum
993 1123 1091 1150 panem

307 1166 409 1190 meum,
427 1159 618 1194 magniﬁcatus
637 1164 679 1187 est
699 1165 795 1187 contra
811 1169 853 1188 me
869 1165 1090 1196 consequenter;

307 1208 336 1231 tu
352 1208 454 1236 autem,
473 1204 735 1237 Domine,miserere
750 1206 813 1238 mei,
829 1211 855 1233 et
869 1207 972 1234 suscita
989 1215 1042 1237 me,
1063 1211 1092 1234 ut

306 1249 458 1277 retribuam
474 1250 515 1277 eis
529 1260 538 1278 τ
552 1255 663 1285 propter
678 1251 729 1278 hoc
742 1258 906 1286 cognoscam
920 1253 992 1287 quod
1006 1253 1091 1285 voles,

307 1298 331 1324 si
346 1305 401 1324 non
416 1297 714 1332 obloquelurinimicus
728 1306 814 1330 meus,
824 1306 866 1325 me
878 1303 967 1326 autem
982 1304 1093 1334 propter

307 1343 510 1378 simplicitatem
526 1344 683 1378 suscepisti,
699 1349 726 1371 et
747 1345 898 1372 constitues
918 1352 960 1371 me
983 1345 1009 1371 in
1026 1353 1093 1371 cnn-

308 1393 406 1424 spccto
417 1393 466 1416 tuo
478 1390 504 1416 in
520 1394 664 1418 aeternum.
683 1400 692 1416 ι
708 1391 776 1417 Cum
795 1391 838 1418 bis
857 1399 920 1418 vero
934 1399 994 1426 qua:
1011 1390 1092 1426 Sym-

308 1435 422 1462 machus
438 1434 523 1463 edidit
535 1435 704 1462 concordant
720 1435 801 1463 etiam
827 1443 858 1462 ea
871 1443 933 1470 qua:
946 1435 980 1461 ab
994 1435 1093 1470 Aquila

307 1481 380 1508 edita
395 1486 469 1513 sunt,
484 1490 620 1516 sensuque
631 1481 701 1509 idem
713 1482 814 1508 valent.
828 1480 949 1508 Primum
964 1481 1047 1516 igitur
1060 1481 1093 1508 de

307 1535 340 1554 eo
363 1528 436 1563 quod
458 1535 490 1555 ex
515 1535 631 1562 persona
659 1527 811 1555 Salvatoris
841 1528 928 1555 nostri
955 1528 1092 1556 enuntiari

307 1574 442 1605 videatur,
460 1573 526 1600 illud
544 1573 617 1608 quod
644 1573 746 1600 dictum
770 1578 830 1601 est:
850 1583 859 1598 ‹
879 1573 951 1600 Sana
973 1574 1090 1601 animam
1105 1583 1128 1612 ο

308 1627 406 1650 meam,
423 1619 486 1654 quia
503 1620 610 1654 peccavi
628 1619 687 1651 tibi,
704 1629 714 1645 ι
730 1620 884 1652 observato,
906 1628 998 1654 quaeso
1013 1626 1048 1653 te,
1064 1624 1093 1647 ut

307 1665 378 1693 idem
394 1666 464 1700 apud
488 1665 680 1701 Symmachum
705 1673 759 1692 non
776 1665 870 1693 eodem
895 1666 975 1693 modo
1000 1674 1028 1694 se
1045 1666 1093 1693 ha-

307 1711 380 1743 beat,
397 1711 444 1739 sed
461 1712 501 1739 sic
515 1721 522 1738 :
538 1711 611 1738 Sana
632 1712 751 1738 animam
775 1719 873 1743 meam,
890 1716 916 1739 et
935 1713 958 1740 si
982 1713 1093 1747 peccavi

306 1757 368 1784 tibi.
384 1767 394 1784 ι
412 1756 458 1784 Sic
472 1761 562 1785 autem
575 1758 627 1785 hoc
641 1757 686 1784 ille
696 1758 743 1790 ait,
757 1762 899 1792 propterea
914 1758 986 1793 quod
1000 1762 1093 1786 nostra

307 1811 402 1831 secum
430 1804 489 1838 ipse
512 1808 621 1838 peccata
646 1804 870 1831 communicavit.
891 1803 930 1831 Ex
956 1813 1010 1840 quo
1027 1805 1093 1832 illud

305 1848 411 1876 dictum
433 1854 497 1877 est:
517 1858 526 1874 ι
543 1849 574 1875 Et
597 1849 728 1877 Dominus
753 1850 865 1876 tradidit
888 1858 950 1877 eum
975 1851 1094 1885 peccatis

307 1894 422 1926 nostris,
437 1899 474 1925 et,
493 1894 552 1928 ipse
576 1899 685 1928 peccata
700 1899 792 1922 nostra
808 1895 898 1922 fert".
919 1905 928 1921 ι
947 1896 1027 1931 467
1043 1895 1094 1922 Fa-

307 1945 370 1966 ctus
385 1943 428 1966 est
445 1939 529 1974 igitur
544 1947 593 1975 pro
606 1940 685 1967 nobis
699 1942 852 1969 exsecratio
867 1942 912 1968 ille
926 1942 1020 1976 Agnus
1035 1941 1092 1974 Dei,

307 1986 354 2020 qui
377 1986 449 2012 tollit
465 1990 606 2020 peccatum
624 1986 728 2018 mundi,
750 1995 830 2021 quem
849 1995 902 2014 non
926 1994 1095 2022 cognoscen-

307 2033 362 2057 tcm
377 2034 528 2064 peccatum,
545 2029 616 2058 Deus
630 2039 678 2065 pro
692 2032 770 2059 nobis
786 2037 926 2066 peccatum
944 2033 1017 2064 fecit,
1029 2032 1093 2059 dum

308 2076 384 2102 illum
402 2077 518 2111 pretium
535 2077 683 2104 animatum
700 2085 731 2104 ac
747 2078 836 2104 vivum
853 2087 902 2113 pro
917 2079 1020 2105 nostris
1035 2085 1094 2104 om-

308 2120 383 2147 nium
399 2121 501 2148 animis
525 2121 618 2153 tradit,
634 2126 663 2148 ut
687 2130 737 2150 nos
751 2123 902 2150 elliciamur
923 2123 1030 2157 justitia
1046 2122 1093 2149 Dei

306 2165 336 2193 in
352 2166 422 2201 ipso.
439 2165 492 2194 Sed
506 2166 617 2202 quando
630 2168 711 2194 etiam
737 2169 763 2195 in
779 2169 985 2196 similitudinem
1001 2169 1094 2196 carnis

306 2213 412 2247 peccati
438 2212 538 2246 factus,
566 2213 758 2241 condemnavit
780 2219 922 2249 peccatum
948 2215 976 2241 in
999 2222 1092 2245 carne,

1142 285 1167 310 ot
1181 284 1272 320 ἐχθροί
1287 292 1338 319 μου
1350 283 1443 318 ἔλεγον
1457 284 1522 319 περὶ
1534 283 1602 319 ἐμοῦ
1617 283 1703 310 κακά’
1712 283 1781 310 Πότε
1793 284 1932 321 ἀποθάνῃ,

1143 330 1190 357 καὶ
1201 330 1342 357 ἀπολεῖται
1357 329 1387 356 τδ
1399 329 1483 365 ὕνομα
1492 329 1592 362 αὑτοῦ;
1608 329 1804 365 Εἱσερχόμενος
1819 332 1934 358 ἐπισκέ-

1141 376 1257 410 ψασθαι,
1284 376 1385 411 μάταια
1411 376 1499 403 ἐλάλει
1522 376 1539 411 ἡ
1563 375 1660 411 καρδία
1686 375 1786 408 αὑτοῦ,
1804 376 1932 411 ἥθροιζεν

1143 421 1249 449 ἀδικίαν
1267 422 1360 457 ἑαυτῇ.
1375 421 1565 456 Ἐξερχόμενος
1576 421 1604 447 δὲ
1617 421 1668 453 ἔξω
1682 422 1833 448 κατελάλει.
1847 423 1932 457 ὀμο-

1143 468 1261 503 θυμαδὸν
1286 468 1442 502 ὲψιθὺριζον
1457 469 1517 494 κατ’
1537 468 1602 503 ἐμοῦ
1625 469 1726 500 πάντες
1746 470 1771 495 oi
1788 469 1933 504 μισοῦντές

1145 522 1189 549 με,
1207 514 1270 548 περὶ
1285 514 1352 549 ἐμοῦ
1364 514 1518 544 ἐννοοῦντες
1532 514 1602 540 κακά
1610 522 1664 548 μοι.
1677 514 1762 547 Λόγος
1771 514 1933 549 παράνομος

1143 561 1274 595 sus-1m
1292 560 1364 587 ἔνδον
1386 561 1484 592 αὐτῶν,
1500 561 1546 587 καὶ
1563 560 1653 587 πεσὼν
1668 562 1759 587 οὐκέτι
1780 562 1933 597 ἀναστήσε-

1142 615 1203 633 ται·
1225 607 1293 633 ἀλλὰ
1319 607 1364 633 καὶ
1384 607 1534 642 ἄνθρωπος,
1552 607 1581 637 ὃς
1601 607 1723 642 εἰρήνευέ
1747 616 1802 644 μοι,
1820 605 1845 641 ᾧ
1863 608 1931 634 ἑπε-

1143 652 1256 683 ποίθειν,
1273 652 1417 678 συνεσθίων
1440 662 1483 687 μοι
1506 653 1586 687 ἄρτον
1609 654 1685 688 ἐμὸν,
1706 653 1930 689 κατεμεγαλύνθη

1145 706 1204 733 μου.
1222 698 1395 729 Ἀκολοὺθως,
1409 699 1440 725 σὺ
1451 699 1490 729 δὲ,
1504 698 1738 734 Κύριε,οῖκτειρόν
1755 707 1799 733 με,
1814 698 1861 725 καὶ
1883 699 1934 725 ἀν-

1143 743 1248 778 έγειρόν
1267 751 1310 778 με,
1327 743 1369 769 ἵνα
1389 742 1570 769 ἀνταποδώσω
1584 743 1685 774 αὐτοῖς.
1703 744 1751 769 Διά
1765 742 1846 769 τοῦτο
1858 743 1914 777 γνῶ
1924 758 1932 763 -

1144 790 1287 824 σομαι,ὃτι
1304 789 1437 824 Θελήσεις,
1455 789 1502 815 ἐὰν
1532 789 1568 824 μὴ
1593 789 1766 825 καταλαλήσῃ
1790 790 1805 816 ὁ
1833 789 1935 825 ἐχθρός

1145 844 1204 870 μου.
1227 835 1309 870 Ἐμοῦ
1320 836 1347 861 δὲ
1359 835 1402 861 διὰ
1415 835 1463 870 τὴν
1476 835 1613 869 ἁπλότητα
1628 835 1768 869 ἀντέσχον,
1783 835 1830 861 καὶ
1842 843 1931 870 παρα-

1144 882 1251 916 στήσεις
1268 889 1302 915 με
1326 880 1477 916 ἔμπροσθέν
1495 889 1541 906 σου
1564 880 1597 906 δι’
1611 880 1716 912 animo;
1733 890 1742 906 ι
1765 880 1933 915 Ἰσοδυναμεῖ

1142 926 1171 953 δὲ
1194 928 1250 958 τοῖς
1268 925 1314 952 τοῦ
1331 926 1478 961 Συμμάχου
1495 926 1541 952 καὶ
1561 926 1595 952 τὰ
1615 926 1737 952 Ἀκόλου.
1755 926 1868 962 Πρῶτον
1883 923 1930 952 οὖν

1143 972 1207 1007 περὶ
1231 971 1277 997 τοῦ
1304 971 1391 997 δοκεῖν
1408 971 1589 1006 ἀπεμφαίνειν
1606 972 1638 998 ἐκ
1652 971 1797 1006 προσώπου
1813 971 1861 998 τοῦ
1874 971 1931 998 Σω-

1142 1018 1222 1053 τῆρος
1237 1017 1315 1052 ἡμῶν
1330 1017 1360 1043 τὸ
1371 1017 1524 1052 εξρημένον,
1533 1018 1572 1049 τὸ,
1586 1028 1595 1043 ι
1607 1018 1695 1043 Ἰασαι
1707 1018 1755 1053 τὴν
1765 1018 1855 1053 ψυχήν
1867 1026 1930 1053 μου,

1141 1064 1182 1090 ὅτι
1206 1063 1328 1099 ἧμαρτόν
1349 1071 1400 1095 σοι,
1419 1073 1429 1088 ι
1444 1064 1575 1098 τηρήσεις
1589 1063 1619 1089 τδ
1634 1063 1709 1099 παρὰ
1728 1063 1768 1098 τῷ
1788 1063 1931 1099 Συμμάχῳ

1144 1109 1181 1144 μὴ
1202 1109 1288 1140 οὕτως
1312 1108 1381 1143 ἔχον,
1397 1109 1474 1140 ἀλλὰ,
1493 1118 1502 1134 ο
1524 1110 1611 1135 Ἰασαι
1627 1110 1676 1144 τὴν
1695 1109 1784 1144 ψυχήν
1803 1118 1864 1145 μου,
1884 1110 1932 1136 καὶ

1142 1157 1166 1182 ει
1178 1156 1300 1191 ἥμαρτον
1317 1164 1367 1182 σοι.
1388 1165 1397 1180 ι
1415 1156 1469 1182 Καὶ
1491 1155 1563 1182 οὓτω
1579 1156 1608 1182 δὲ
1623 1155 1703 1182 τοῦτό
1726 1164 1817 1191 φησιν,
1838 1156 1931 1192 ἐπειδὴ

1141 1203 1191 1234 τὰς
1216 1203 1353 1238 ἡμετέρας
1373 1204 1519 1229 κοινοποιεῖ
1546 1203 1585 1234 είς
1608 1203 1702 1229 ἑαυτὸν
1723 1202 1869 1238 ἁμαρτίας.
1886 1203 1935 1229 Διὸ

1142 1248 1265 1275 λέλεκται
1276 1257 1282 1263 ’
1299 1258 1307 1274 t
1321 1249 1375 1275 Rat
1386 1248 1487 1284 Κύριος
1503 1248 1662 1284 παρέδωκεν
1675 1249 1755 1275 αὑτὸν
1770 1250 1831 1280 ταῖς
1844 1249 1933 1284 ἁμαρ-

1142 1295 1212 1325 τίαις
1232 1294 1310 1330 ἡμῶν
1322 1303 1328 1308 -
1344 1304 1352 1319 ι
1372 1294 1428 1324 καὶ,
1445 1304 1453 1319 ι
1474 1294 1558 1325 Αὐτὸς
1572 1294 1709 1329 ἁμαρτίας
1724 1294 1803 1329 ἡμῶν
1817 1294 1906 1330 φέρει.
1919 1304 1928 1320 ι

1143 1339 1240 1373 Γέγονε
1257 1340 1321 1374 γοῦν
1333 1340 1402 1375 ὑπὲρ
1415 1340 1491 1375 ἡμῶν
1510 1340 1615 1375 κατάρα
1629 1341 1642 1366 ὁ
1660 1340 1756 1374 Ἀμνὸς
1770 1340 1817 1366 τοῦ
1829 1339 1933 1371 Θεοῦ,ὀ

1143 1386 1227 1421 αἴρων
1250 1386 1297 1421 τὴν
1322 1386 1456 1420 ἁμαρτίαν
1478 1385 1525 1411 τοῦ
1549 1386 1649 1420 κόσμου
1661 1394 1667 1400 '
1683 1386 1712 1412 ὃν
1727 1386 1772 1412 καὶ
1785 1385 1823 1421 μὴ
1833 1386 1931 1420 γνόντα

1144 1433 1280 1468 ἁμαρτίαν
1305 1433 1320 1459 ὁ
1348 1432 1414 1463 Θεὸς
1437 1432 1506 1467 ὑπὲρ
1527 1432 1605 1467 ἡμῶν
1628 1432 1764 1468 ἁμαρτίαν
1790 1433 1933 1468 ἐποίησεν,

1143 1479 1287 1513 ἀντίψυχον
1306 1479 1376 1514 ὑπὲρ
1400 1479 1507 1504 πάντων
1524 1478 1601 1513 ἡμῶν
1618 1479 1766 1514 προέμενος
1784 1479 1875 1510 αὐτὸν,
1887 1479 1933 1506 ἵνα

1143 1527 1223 1561 ἡμεῖς
1237 1526 1379 1561 γενώμεθα
1391 1525 1546 1560 δικαιοσύνη
1564 1524 1631 1551 Θεοῦ
1643 1526 1671 1551 ἐν
1686 1524 1769 1560 αὐτῷ.
1789 1525 1859 1551 Ἀλλ’
1870 1525 1935 1552 ἐπεὶ

1144 1573 1189 1598 καὶ
1207 1573 1235 1598 ὲν
1250 1571 1400 1607 ὁμοιώματι
1430 1571 1529 1606 σαρκὸς
1554 1571 1688 1606 ἁμαρτίας
1702 1571 1847 1606 γενόμενος
1866 1580 1933 1598 κατ’

1147 1617 1238 1652 έκρινε
1252 1617 1300 1651 τὴν
1311 1616 1445 1652 ἁμαρτίαν
1453 1617 1482 1642 ἐν
1494 1617 1526 1651 τῇ
1540 1616 1629 1651 σαρκὶ.
1642 1616 1752 1647 εἰκότως
1766 1617 1930 1652 προςέρεται

1146 1666 1181 1692 τὰ
1196 1665 1351 1700 ἐκκείμενα.
1365 1664 1425 1690 Ὅτι
1445 1664 1472 1689 Et
1489 1663 1538 1695 τὰς
1558 1663 1694 1699 ἡμετέρας
1710 1664 1847 1699 ἁμαρτίας
1863 1663 1932 1696 ἐξοιο

1147 1710 1313 1745 κειρόμενος,
1331 1709 1374 1736 διὰ
1403 1709 1452 1745 τὴν
1474 1709 1542 1744 πρὸς
1564 1710 1636 1744 ἡμᾶς
1649 1709 1759 1745 ἀγάπην
1772 1710 1819 1736 καὶ
1839 1709 1931 1744 φιλαν-

1147 1757 1280 1792 θρωπίαν,
1295 1755 1381 1782 ταῦτα
1396 1764 1486 1789 φησιν,
1507 1755 1569 1789 ἑξῆς
1582 1755 1757 1786 ὑποκαταὸἀς
1767 1756 1796 1781 ἐν
1810 1755 1884 1790 αὐτῷ
1893 1755 1932 1790 τῷ

1147 1802 1244 1838 ψαλμῷ
1258 1801 1390 1836 ἐπιφέρει,
1407 1800 1507 1835 λέγων·
1528 1810 1536 1825 ι
1558 1800 1638 1835 Ἐμοῦ
1651 1800 1680 1827 δὲ
1692 1800 1735 1827 διὰ
1749 1800 1798 1836 τὴν
1815 1801 1932 1828 ἀκακίαν

1147 1849 1308 1876 ἁντελάσουο
1327 1857 1335 1873 ι
1355 1847 1447 1881 σαφῶς
1461 1847 1491 1873 τὸ
1508 1847 1690 1882 ἀπειρόκακον
1706 1846 1752 1873 τοῦ
1771 1846 1869 1881 Ἀμνοῡ
1883 1846 1930 1874 τοῦ

1147 1894 1214 1921 Θεοῦ
1227 1893 1369 1929 παριστὰς.
1382 1891 1444 1922 Πῶς
1456 1892 1484 1918 δὲ
1500 1893 1548 1923 τὰς
1562 1892 1699 1926 ἡμετέρας
1709 1892 1844 1927 ἁμαρτίας
1860 1891 1930 1924 ἐξοι-

1147 1939 1284 1970 κειοῦται;
1303 1937 1348 1964 καὶ
1363 1937 1421 1968 πῶς
1439 1937 1529 1972 φέρειν
1540 1936 1647 1970 λέγεται
1661 1936 1710 1968 τὰς
1721 1936 1834 1971 ἀνομίας
1841 1936 1930 1971 ἡμῶν,

1147 1986 1163 2021 ἢ
1182 1984 1240 2011 καθ’
1257 1984 1271 2010 ὃ
1287 1983 1365 2018 σῶμα
1372 1982 1453 2009 αὑτοῦ
1467 1980 1534 2008 εἶναι
1547 1982 1695 2018 λεγόμεθσ.;
1709 1982 1780 2009 κατὰ
1789 1982 1836 2009 τὸν
1853 1982 1932 2009 ’Λπό-

1148 2031 1240 2058 στολον
1254 2030 1377 2065 φήσαντα
1387 2038 1394 2044 ·
1407 2038 1416 2054 ι
1427 2028 1521 2063 Ὑμεῖς
1537 2029 1565 2055 δέ
1581 2029 1641 2054 ὲστε
1656 2028 1734 2064 σῶμα
1746 2027 1931 2064 Χριστοῦ,καὶ

1148 2076 1215 2111 μέλη
1230 2076 1261 2101 ἐκ
1275 2075 1390 2110 μέρους·
1410 2073 1456 2100 καὶ
1474 2073 1534 2099 καθ’
1553 2073 1568 2099 ὃ
1585 2073 1734 2108 πάσχοντος
1750 2073 1810 2105 ἑνὸς
1824 2073 1930 2109 μέλους,

1148 2121 1301 2156 συμπάσχει
1319 2120 1407 2146 πάντα
1418 2119 1452 2146 τὰ
1466 2119 1543 2154 μέλη,
1559 2129 1568 2144 ι
1579 2119 1648 2146 οὕτω
1658 2120 1711 2146 τῶν
1723 2119 1827 2146 πολλῶν
1842 2119 1932 2155 μελῶν

1147 2168 1304 2203 πασχόντων
1315 2167 1362 2193 καὶ
1377 2166 1597 2202 ἁμαρτανόντων,
1610 2167 1657 2192 καὶ
1677 2166 1757 2198 αὐτὸς
1775 2166 1847 2193 κατὰ
1869 2166 1932 2198 τοὺς

1147 2215 1196 2249 τῆς
1223 2212 1392 2248 συμπαθείας
1413 2212 1518 2245 λόγους,
1535 2211 1692 2248 (ἐπειδήπερ
1712 2211 1851 2247 εὐδόκησε,
1864 2211 1931 2239 Θεοῦ

306 2259 405 2286 merito
428 2258 606 2294 proferuntur
631 2267 663 2286 ea
692 2267 752 2294 quae
773 2261 830 2294 jam
855 2261 977 2295 exposita
1016 2264 1090 2287 sunt.

1146 2259 1230 2292 Λόγος
1243 2257 1291 2288 ὣν,
1309 2257 1415 2292 μορψὴν
1428 2256 1520 2282 δούλου
1529 2256 1631 2287 λαϐεῖν,
1648 2257 1694 2283 καὶ
1710 2256 1749 2292 τῷ
1766 2256 1849 2292 κοινῷ
1868 2256 1933 2283 πάν-

306 2304 385 2338 Quod
405 2309 496 2332 autem
517 2309 630 2340 peccata
654 2310 760 2337 nostra,
786 2313 836 2332 sua
860 2306 962 2333 faciens
985 2309 1095 2340 propter

305 2351 468 2378 charitatem
483 2359 548 2387 erga
562 2359 613 2378 nos
635 2359 668 2377 ac
683 2351 898 2378 benevolentiam
911 2371 919 2383 ,
938 2352 995 2378 hmc
1010 2351 1093 2383 dicat,

305 2398 435 2434 deinceps
449 2399 573 2426 oratione
589 2407 752 2434 progressus
766 2399 794 2426 in
811 2399 906 2426 eodem
931 2399 1037 2434 psalmo
1049 2398 1096 2425 de-

305 2449 454 2477 monstrat,
467 2446 561 2472 dicens
576 2455 582 2471 :
601 2454 609 2470 ι
626 2444 666 2472 lle
681 2449 771 2471 autem
786 2449 897 2480 propter
912 2444 1095 2472 innocentiam

305 2492 451 2526 suscepisti
462 2491 495 2518 “.
522 2501 532 2517 ι
558 2491 664 2524 Quibus
686 2491 777 2519 verbis
800 2491 959 2526 planissime
984 2491 1090 2526 Agnum

305 2536 365 2569 Dei,
383 2536 473 2564 omnis
497 2537 561 2563 mali
585 2540 723 2571 expertem
741 2541 767 2563 et
784 2537 940 2563 innocuum
963 2538 1090 2565 ostendit.

308 2583 362 2610 Sed
377 2591 430 2618 quo
447 2584 555 2611 tandem
575 2583 656 2610 modo
675 2583 720 2610 ille
740 2586 850 2617 peccata
866 2587 960 2610 nostra
984 2591 1032 2610 sua
1056 2583 1095 2610 l‘e-

306 2630 355 2662 cit,
374 2633 401 2656 et
419 2637 475 2664 quo
499 2630 563 2656 item
590 2629 671 2656 modo
704 2628 861 2663 iniquitates
885 2634 995 2656 nostras
1018 2629 1096 2655 tulit?

307 2682 372 2702 niun
388 2683 421 2702 ex
433 2683 466 2701 eo
482 2675 554 2710 quod
568 2683 668 2710 corpus
680 2675 753 2701 illius
770 2682 820 2701 nos
833 2682 894 2702 esse
906 2675 971 2701 dicti
987 2683 1093 2706 sumus,

307 2724 338 2746 ut
349 2721 387 2746 ait
407 2720 553 2754 Apostolus
566 2730 571 2746 :
595 2729 604 2745 ι
619 2719 673 2747 Vos
688 2725 778 2746 autem
797 2720 864 2756 estis
880 2727 980 2754 corpus
992 2719 1094 2746 Christi

308 2768 337 2792 et
352 2766 473 2792 membra
494 2773 526 2792 ex
555 2769 640 2799 parte,
665 2769 692 2792 et
713 2773 744 2791 er
771 2773 803 2791 eo
825 2765 898 2800 quod
922 2765 986 2791 dum
1010 2773 1094 2791 unum

310 2809 463 2837 membrum
486 2809 597 2844 patitur.
625 2810 705 2836 simul
721 2812 812 2836 omnia
838 2818 899 2837 eum
915 2817 947 2837 eo
973 2809 1094 2836 membra

1142 2312 1195 2330 των
1217 2302 1295 2337 ἡμῶν
1322 2301 1480 2336 σκηνώματι
1503 2299 1701 2335 συναφθῆναι·)
1717 2302 1780 2332 τοὺς
1802 2301 1857 2327 τῶν
1881 2309 1933 2328 πα-

1145 2349 1263 2384 σχόντων
1279 2347 1366 2382 μελῶν
1383 2347 1480 2377 πόνους
1502 2347 1542 2377 είς
1565 2346 1660 2372 ἑαυτὸν
1677 2346 1873 2382 ἀναλαμϐάνει,
1886 2346 1932 2373 καὶ

1144 2395 1193 2426 τὰς
1209 2394 1344 2429 ἡμετέρας
1361 2393 1454 2423 νόσους
1469 2392 1645 2424 ἰδιοποιεῖται,
1659 2393 1706 2418 καὶ.
1727 2392 1836 2419 πάντων
1853 2391 1933 2427 ἡμῶν

1146 2440 1294 2476 ὑπεραλγεῖ
1314 2440 1360 2465 καὶ
1382 2439 1539 2474 ὺπερπονεῖ,
1557 2437 1627 2464 κατὰ
1638 2439 1701 2470 τοὺς
1714 2439 1763 2473 τῆς
1782 2438 1934 2474 φιλανθρωι

1145 2488 1210 2518 πίας
1223 2486 1330 2521 νόμους.
1347 2485 1384 2510 Οὐ
1398 2484 1476 2519 μόνον
1487 2484 1514 2510 δὲ
1528 2483 1613 2510 ταῦτα
1625 2483 1729 2518 πράξας
1744 2485 1758 2510 ὁ
1777 2483 1875 2519 Ἀμνδς
1884 2483 1933 2510 τοῦ

1145 2532 1224 2564 Θεοῦ,
1242 2531 1309 2558 ἀλλὰ
1331 2531 1376 2557 καὶ
1395 2530 1464 2565 ὑπὲρ
1480 2529 1557 2564 ἡμῶν
1577 2529 1718 2560 κολασθεὶς
1734 2529 1781 2556 καὶ
1797 2528 1934 2565 τιμωρίαν

1146 2577 1281 2612 ὑποσχὼν,
1302 2577 1334 2612 ἣν
1354 2576 1432 2606 αὐτὸς
1450 2576 1498 2610 μὲν
1515 2575 1563 2601 οὐκ
1580 2574 1702 2609 ὤφειλεν,
1719 2574 1776 2601 ἀλλ’
1790 2575 1871 2609 ἡμεῖς
1886 2572 1933 2600 τοῦ

1146 2624 1263 2660 πλήθους
1279 2623 1371 2649 ἕνεκεν
1390 2621 1443 2647 τῶν
1468 2621 1750 2656 πεπλημμελημένων,
1767 2621 1833 2655 ἡμῖν
1848 2618 1935 2651 αἴτιος

1145 2671 1195 2705 τῆς
1216 2670 1269 2695 τῶν
1293 2668 1498 2703 ἁμαρτημάτων
1524 2667 1645 2701 ἀφέσεως
1668 2668 1795 2702 κατέστη,
1814 2667 1862 2694 ἁτε
1888 2666 1935 2694 τὸν

1147 2716 1216 2751 ὑπὲρ
1234 2714 1312 2750 ἡμῶν
1332 2714 1527 2748 ἀναδεξάμενος
1541 2713 1664 2745 θάνατον,
1683 2713 1819 2748 μάστιγάς
1835 2721 1865 2739 τε
1887 2712 1935 2739 καὶ

1149 2760 1250 2795 ὕϐρεις,
1269 2760 1315 2786 καὶ
1336 2760 1446 2794 ἀτιμίας
1472 2760 1536 2793 ἡμῖν
1552 2758 1764 2794 ὲποφειλομένας
1788 2760 1830 2791 εἰς
1853 2758 1934 2785 αὑτὸν

1150 2808 1286 2843 μεταθεὶς,
1307 2807 1353 2833 καὶ
1373 2806 1421 2842 τὴν
1450 2807 1513 2840 ἡμῖν
1534 2806 1789 2842 προστετιμημένην
1811 2805 1935 2841 κατάραν

346 2900 369 2917 ¹¹
387 2898 466 2928 Joan.
484 2909 548 2933 nn,
567 2902 608 2928 t8.
647 2903 669 2918 ’⁷
690 2901 762 2929 Psal.
779 2910 829 2935 τι,
847 2902 890 2929 i0.
931 2903 953 2918 "‘
976 2901 1043 2930 ibid.
1062 2900 1087 2929 ὅ.

1143 2901 1147 2916 ¹
1169 2899 1225 2928 lsa:
1242 2907 1307 2933 Lm,
1325 2898 1383 2927 4-6.
1421 2889 1535 2926 κῬεειΙ.
1553 2904 1603 2928 ιι..
1622 2897 1665 2924 t5.
