2099 3217
201 224 255 252 725

653 220 977 250 DEMONSTBATIONlS
995 220 1224 249 EVANGELICIE
1243 219 1307 247 LIB.
1328 219 1361 248 Χ.

1767 216 1821 245 726

199 284 243 318 σφ’
256 282 351 311 ἑαυτὸν
374 281 498 313 ἑλκύσας,
514 281 657 316 γενόμενος
673 280 744 315 ὑπὲρ
764 279 842 316 ήμῶν
859 278 980 315 κατάρα·

1035 278 1213 314 patiuntur",
1229 287 1240 304 ›
1255 277 1292 305 ita
1306 276 1448 307 nimirum,
1460 275 1555 303 multis
1565 275 1636 302 enim
1652 274 1817 310 patientibus

199 328 248 355 καὶ
275 328 302 354 τί
319 327 373 363 γὰρ
394 327 465 359 ἄλλο,
482 327 499 362 ἢ
523 325 683 361 άντίψυχον;
709 325 749 352 διό
769 334 852 361 φησιν
876 325 905 357 ἐξ
921 327 988 360 ἡμε-

196 373 279 409 τέρου
306 372 451 409 προσώπου
477 372 507 398 τὸ
531 371 633 406 λόγιον·
656 380 666 397 ι
691 371 736 406 Τῷ
765 370 877 406 μώλωπι
904 369 986 397 αὐτοῦ

199 419 280 454 ἡμεῖς
319 418 449 454 ίάθημεν·
493 417 540 444 καὶ
574 417 675 453 Κύριος
710 417 867 452 παρέδωκεν
906 416 987 442 αὑτὸν

198 466 260 496 ταῖς
281 464 427 500 ἁμαρτίαις
457 463 544 499 ήμῶν.
567 473 576 489 ι
597 464 677 490 Ὥστε
698 464 809 495 εἰκότως
834 462 901 489 ὲνῶν
923 462 986 489 sad-

197 510 246 536 τὸν
271 509 345 544 ἡμῖν,
373 509 445 544 ἡμᾶς
469 517 498 534 τε
529 507 620 543 αὐτῷ,
643 508 689 534 καὶ
711 508 745 534 τὰ
767 507 888 543 ἡμέτερα
913 507 985 542 πάθη

199 554 410 590 ῐδιοποιούμενός
430 545 525 589 φησιν·
542 563 551 580 (
576 553 646 587 Ἐγὼ
666 551 739 580 εἶπα·
757 553 853 589 Κύριε,
877 552 986 589 ἐλέησόν

200 609 246 636 με,
259 599 332 627 ί¹ασαι
349 601 399 636 τὴν
409 601 497 636 ψυχήν
514 601 622 635 poma-rt
636 599 757 635 ἤμαρτὸν
769 608 817 625 σοι.
833 608 843 624 ι
853 598 986 634 Ὀρῶντας

197 645 346 677 δὲείκότως
368 645 431 676 τοὺς
448 644 671 676 ἐπιϐουλεύοντας
683 645 713 671 ού
731 644 809 679 μόνον
825 643 986 679 ἀνθρώπους

197 689 268 716 ἀλλὰ
278 690 324 717 καὶ
331 689 462 725 ἀοράτους
473 689 599 724 δυνάμεις
613 688 662 725 τὴν
674 688 895 724 ὑπερϐάλλουσαν
909 689 985 724 ἰσχὺν

197 735 280 762 αὑτοῦ
295 735 346 770 τῆς
369 735 444 767 θείας
461 735 644 771 προσηγορίας
664 734 711 761 καὶ
733 734 779 760 τοῦ
798 734 938 769 ὀνόματος,
951 733 984 760 δι’

194 777 228 807 οὗ
241 781 338 817 μικρὸν
347 780 459 817 ὕστερον
471 780 640 816 Χριστιανῶν
655 780 703 815 τὴν
715 781 803 806 πᾶσαν
816 780 984 815 κατέπλησεν

194 829 370 864 οίκουμένην,
389 828 495 855 σϐέσειν
514 827 597 863 αὐτὴν
608 825 682 863 οἶμαι
700 827 887 863 ὑπειληφέναι,
907 828 931 853 εί
950 826 984 852 τὰ

195 873 267 910 πρὸς
290 875 405 901 θάνατον
430 873 650 900 ὲπιϐουλεύσαιεν
675 874 757 909 αὐτῷ.
779 873 863 900 Τοῦτο
885 873 916 909 δὴ
937 871 984 900 οὖν

195 920 264 947 αὐτὸ
278 920 408 955 διελέγχει
429 919 557 954 φάσκων·
578 928 587 945 ι
602 921 633 946 Οί
649 919 739 956 ἐχθροί
755 929 805 956 μου
818 918 897 946 εἶπαν
910 920 983 946 κακά

1036 328 1064 352 et
1079 323 1256 359 peccantibus
1272 322 1412 354 membris,
1431 322 1489 357 ipsc
1509 329 1617 357 quoque
1631 322 1736 350 ratione
1750 330 1818 350 con-

1037 369 1181 397 sentientis
1221 368 1274 396 sibi
1305 367 1421 395 invicem
1448 370 1554 395 natura)
1579 367 1817 403 (quandoquidem

1037 423 1097 443 cum
1115 414 1161 442 Dei
1176 414 1295 442 Verbum
1310 417 1394 446 esset,
1410 414 1434 441 ei
1451 413 1563 449 placuit,
1572 417 1599 440 et
1618 413 1733 441 formam
1745 415 1816 442 servi
1860 435 1864 443 .

1036 461 1171 495 accipere,
1186 464 1213 487 et
1228 460 1366 487 communi
1380 459 1501 486 omnium
1514 463 1609 486 nostro
1620 459 1760 487 domicilio
1775 467 1817 487 co-

1036 506 1135 542 pulari)
1150 506 1310 541 patientium
1326 507 1510 533 membrorum
1521 505 1630 533 labores
1646 505 1674 532 in
1694 505 1816 540 seipsum

1035 552 1194 587 assumpsit,
1214 555 1240 578 et
1256 555 1366 579 nostras
1383 550 1546 578 valetudinis
1556 550 1737 583 inﬁrmitates,
1751 558 1816 578 suas

1035 597 1110 630 fecit,
1127 602 1154 625 et
1166 605 1198 625 ex
1214 598 1319 632 legibus
1335 597 1514 624 humanitatis
1529 604 1578 632 pro
1596 596 1722 624 omnibus
1737 596 1816 623 nobis

1034 648 1061 672 et
1075 643 1183 671 dolores
1198 647 1224 670 et
1239 643 1345 670 labores
1361 643 1498 670 sustinuit.
1515 642 1647 670 Caeterum
1665 649 1719 669 non
1735 641 1815 668 modo

1034 690 1116 717 rebus
1131 690 1175 717 his
1187 689 1272 724 gestis
1287 688 1333 716 Dei
1348 689 1452 723 Agnus,
1469 696 1561 716 verum
1575 688 1657 716 etiam
1671 695 1722 723 pro
1736 687 1815 714 nobis

1034 740 1169 763 tormenta
1197 742 1306 770 passus,
1329 735 1516 771 supplicioque
1539 734 1662 767 allectus,
1677 741 1732 769 quo
1757 733 1815 768 ipse

1034 782 1142 817 quidem
1158 781 1257 818 dignus
1278 782 1389 810 minime
1409 785 1478 813 erat.
1499 781 1546 809 sed
1565 788 1615 808 nos
1634 780 1687 815 ipsi
1703 783 1815 815 propter

1033 827 1235 854 multitudinem
1255 832 1442 862 peccatorum,
1455 831 1486 854 ut
1500 829 1610 862 peccata
1623 825 1702 855 nobis
1721 825 1815 852 dimit-

1038 877 1172 905 terentur,
1188 877 1284 900 auctor
1300 873 1406 902 exstitit
1421 882 1427 899 :
1447 875 1540 907 utpote
1565 871 1611 907 qui
1625 878 1674 906 pro
1690 870 1769 898 nobis
1788 873 1814 896 et

1033 921 1146 945 mortem
1159 917 1282 950 subierit,
1299 923 1325 945 et
1338 917 1461 950 verbera,
1477 921 1503 944 et
1514 917 1624 952 probra,
1639 920 1666 943 et
1676 919 1814 943 contume-

198 974 259 1002 μοι⁹
286 966 355 992 Πότε
375 965 549 992 ἀποθανεῖται
571 966 617 992 καὶ
632 965 770 992 ἀπολεῖται
784 965 815 992 τὺ
834 965 919 1001 ὄνομα
935 966 980 992 αὑ-

1033 963 1094 995 lias,
1110 963 1210 998 quibus
1225 971 1276 989 nos
1290 962 1365 998 digni
1378 970 1498 993 eramus,
1515 963 1542 989 in
1558 962 1676 997 seipsum
1694 965 1814 988 transtu-

194 1011 261 1044 τοΰ;
279 1021 289 1038 ι
311 1011 386 1038 Ἐπεὶ
400 1011 428 1037 δὲ
447 1010 707 1048 καθυποκρινόμενοι
721 1010 874 1046 προσῄεσαν
886 1011 982 1046 πειρά-

194 1057 288 1088 ζοντες
309 1057 382 1088 ὅπως
404 1056 484 1083 αὑτὸν
505 1055 711 1090 παγιδεύσωσιν,
727 1056 764 1087 ὡς
779 1057 796 1091 ἡ
813 1056 872 1082 θεία
888 1055 981 1091 Γραφὴ

195 1104 339 1138 μαρτυρεῖ,
350 1102 442 1129 ἄλλοτε
458 1101 539 1133 ἄλλας
552 1101 649 1132 αὐτοὺς
664 1101 812 1136 προφάσεις
828 1102 874 1128 καὶ
898 1110 982 1137 κατη-

192 1148 289 1184 γορίας
309 1149 368 1175 κατ’
385 1148 467 1175 αὐτοῦ
482 1147 693 1179 συσκευάζεσθαι
712 1148 865 1184 ίστοροῦσα,
878 1148 981 1176 τούτων

191 1194 275 1221 ἕνεκα
284 1193 413 1228 ἐπιλέγει·
429 1203 438 1219 ι
452 1194 507 1220 Καὶ
519 1194 542 1220 εί
555 1193 742 1229 εἰσεπορεύετο
751 1194 797 1220 τοῦ
807 1194 880 1226 ίδεῖν,
894 1194 981 1230 μάτην

191 1239 283 1267 ἐλάλει
308 1241 324 1275 ή
345 1239 445 1276 καρδία
466 1239 557 1271 αὑτοῦ,
577 1241 726 1276 συνήγαγεν
745 1240 859 1276 ἀνομίαν
881 1240 980 1276 ἐαυτῷ.

198 1285 390 1323 Ἐξεπορεύετο
402 1285 454 1319 ἐξω
467 1287 513 1312 καὶ
527 1286 615 1313 ὲλάλει
635 1287 682 1314 ἐπὶ
695 1286 725 1313 τὺ
734 1287 800 1313 αὐτὸ
810 1286 955 1322 κατ’ὲμοῦ.
969 1297 978 1313 ι

197 1331 278 1368 Ἑξῆς
291 1332 319 1358 δὲ
332 1332 438 1364 τούτοις
453 1332 502 1368 ἤδη
517 1332 608 1367 σαφῶς
620 1333 745 1368 ἐμφαίνει
758 1333 805 1360 καὶ
819 1333 899 1360 αὐτὸν
912 1334 982 1359 ἐκεῖ·

189 1384 239 1404 νον
264 1376 309 1402 τὸν
335 1376 544 1403 δυσσεϐέστατον
562 1377 711 1413 προδότην·
731 1377 824 1412 ἐπειδὴ
842 1378 981 1404 συνέΰαινε

191 1420 254 1457 μεθ’
273 1421 305 1453 ἃς
321 1422 452 1457 πεποίητο
475 1421 612 1457 συνθήκας
638 1424 695 1454 τοῖς
715 1423 827 1458 ἄρχουσι
841 1423 896 1449 τῶν
915 1423 981 1449 Ἰου-

188 1465 274 1495 δαίων
295 1468 425 1503 περὶτῆς
451 1467 496 1494 τοῦ
519 1468 676 1495 διδασκάλου
703 1469 855 1504 προδοσίας,
885 1469 980 1505 μηκέτ’

186 1511 313 1549 ἁπαντᾷν
326 1513 406 1540 αὐτὸν
420 1513 542 1548 συνήθως
552 1514 597 1540 ἐπὶ
609 1514 657 1550 τὴν
664 1514 719 1541 τῶν
727 1514 805 1541 θείων
814 1515 981 1550 μαθημάτων

188 1557 374 1592 διδασκαλίαν,
400 1560 461 1595 μηδ’
477 1560 514 1592 ὡς
529 1559 605 1595 παρὰ
624 1560 783 1586 διδάσκαλον
794 1561 898 1596 quot-rd»),
918 1557 980 1596 μηδ’

188 1604 300 1655 δμοίως*
312 1606 371 1655 τοῖς
392 1605 495 1641 ἑτέροις
517 1605 700 1642 παραὸάλλειν
723 1607 757 1641 τῇ
784 1605 830 1632 τοῦ
854 1606 979 1641 Σωτῆρος
991 1626 1012 1655 C

187 1650 330 1689 διατριϐῇ,
345 1650 402 1677 ἀλλ’
414 1651 461 1678 ὲπὶ
476 1651 515 1687 τῷ
527 1652 704 1679 κατοπτεύειν
717 1652 764 1679 καὶ
779 1652 904 1688 θηρεύειν
915 1661 977 1680 και-

190 1695 250 1732 ρὸν,
264 1697 308 1723 ὅτε
324 1697 382 1724 δέοι,
391 1697 531 1724 ἐπιθέσθαι
542 1697 624 1733 αὐτῷ.
642 1697 727 1724 Τοῦτο
742 1698 765 1724 δ’
774 1695 819 1725 οὖν
833 1699 880 1725 καὶ
895 1707 979 1735 κατη-

188 1743 312 1778 γορεῖται
342 1743 468 1778 πράττων
495 1743 547 1770 ὑπὸ
569 1743 624 1770 τῶν
664 1743 745 1779 ιερῶν
770 1744 976 1778 εύαγγελιστῶν,

188 1784 229 1815 ὧν
243 1788 258 1814 ὁ
276 1788 325 1824 μὲν
346 1788 485 1821 Ματθαῖός
502 1798 568 1825 φησι
578 1798 594 1805 ··
607 1799 616 1816 ι
629 1790 695 1816 Τότε
712 1789 852 1825 πορευθεὶς
868 1787 908 1822 εἷς
923 1790 978 1817 τῶν

187 1834 304 1865 δώδεκα,
320 1835 335 1860 ὁ
349 1834 494 1870 λεγόμενος
516 1835 614 1866 Ἰούδας
634 1834 821 1871 Ἰσκαριώτης,
835 1836 903 1871 πρὸς
914 1837 977 1869 τοὺς

187 1880 337 1916 ἀρχιερεῖς,
358 1878 434 1907 εἶπεν
447 1881 552 1912 αὐτοῖς’
571 1881 604 1907 Τί
620 1880 711 1907 θέλετέ
732 1890 776 1916 μοι
790 1881 891 1913 δοῦναι,
901 1882 978 1916 κάγὼ

188 1926 256 1961 ὑμῖν
282 1926 434 1962 παραδώσω
455 1927 557 1959 αὑτόν;
579 1927 610 1953 Οἱ
634 1927 662 1954 δὲ
683 1927 799 1962 ἔστησαν
825 1928 899 1964 αὑτῷ
920 1937 978 1964 τρι-

186 1972 291 1999 άκοντα
308 1972 501 2008 ἀργύρια..Καὶ
514 1973 568 2000 ἀπὸ
581 1973 643 2000 τότε
659 1973 749 2009 ἐζήτει
764 1974 914 2010 εὐκαιρίαν,
933 1971 979 2002 ἵνα

186 2017 270 2045 αὑτὸν
284 2018 396 2054 παραδῷ
408 2019 512 2051 αὐτοῖς·
529 2029 538 2045 ι
549 2019 564 2045 ὁ
575 2019 603 2045 δὲ
613 2019 725 2055 Μάρκος
736 2028 743 2035 ·
756 2029 765 2045 ι
778 2021 833 2047 Καὶ
852 2020 948 2052 Ἰούδας
962 2022 976 2048 ὁ

193 2063 370 2100 Ἰσκαριώτης
391 2061 432 2096 εἷς
457 2064 509 2092 τῶν
533 2065 636 2092 δώδεκα
658 2065 762 2101 ἀπῆλθε
776 2066 843 2101 πρὸς
855 2067 917 2098 τοὺς
927 2063 979 2103 άρέ

186 2112 290 2146 χιερεῖς
304 2111 348 2138 ἵνα
370 2111 451 2138 αὐτὸν
474 2111 586 2147 παραδῷ
606 2112 706 2144 αὐτοῖς.
723 2113 754 2139 Oi
771 2113 800 2139 δὲ
812 2113 976 2146 ἀκούσαντες

183 2156 335 2192 ἐχάρησαν,
351 2157 399 2184 καὶ
423 2157 619 2193 ἐπηγγείλαντο
638 2158 712 2193 αὐτῷ
727 2158 858 2195 ἀργύριον
872 2159 973 2187 δοῦναι.

184 2201 243 2228 Καὶ
255 2201 343 2236 ἐζήτει
355 2202 414 2234 πῶς
425 2202 505 2229 αὐτὸν
521 2203 656 2239 εὐκαίρως
671 2204 782 2240 παραδῷ
793 2213 800 2220 ·
817 2214 826 2230 ι
839 2205 853 2231 ὁ
866 2205 894 2232 δὲ
905 2206 975 2232 Λου-

184 2246 240 2277 κᾶς
253 2246 350 2282 γράφει
369 2247 454 2282 λέγων
465 2257 471 2262 ·
489 2257 498 2274 ι
514 2249 628 2285 Είσῆλθε
644 2249 672 2277 δὲ
688 2251 702 2276 ὸ
716 2251 836 2284 Σατανᾶς
849 2252 889 2284 είς
911 2251 975 2278 Ἰού-

183 2292 235 2318 δαν
245 2292 291 2319 τὸν
304 2293 515 2329 ἐπικαλούμενον
534 2295 718 2332 Ἰσκαριώτην,
729 2296 792 2324 ὄντα
808 2297 841 2324 ὲκ
853 2297 900 2324 τοῦ
914 2298 974 2334 ἀρι-
988 2303 1011 2330 ι)

184 2338 257 2374 θμοῦ
269 2339 322 2366 τῶν
333 2340 445 2367 δώδεκα.
465 2341 519 2367 Καὶ
532 2341 655 2368 ἀπελθὼν
675 2342 838 2378 συνελάλησε
849 2344 906 2375 τοῖς
925 2345 975 2380 ἀρ-

182 2383 308 2421 χιερεῦσι
325 2387 372 2413 κα).
385 2386 589 2421 γραμματεῦσι,
609 2387 656 2413 καὶ
673 2388 729 2419 τοῖς
751 2390 912 2423 στρατηγοῖς
926 2388 972 2414 τοῦ

183 2429 272 2465 ἱεροῦ,
286 2427 329 2456 ἵνα
347 2431 427 2457 αὑτὸν
446 2431 559 2469 παραδῴ
576 2431 677 2463 αὐτοῖς.
698 2432 753 2459 Καὶ
765 2433 912 2468 ἐχάρησαν,
926 2434 973 2460 καὶ

184 2475 327 2503 συνέθεντο
349 2476 422 2511 αὐτῷ
444 2476 574 2512 ἀργύριον
591 2476 689 2504 δοῦναι.
703 2478 757 2504 Καὶ
772 2478 861 2514 ἐζήτει
879 2479 972 2506 εὐκαι-

183 2521 248 2558 ρίαν
259 2520 305 2548 τοῦ
319 2521 483 2557 παραδοῦναι
497 2523 577 2548 αὑτὸν
587 2523 679 2555 αὐτοῖς
688 2523 754 2559 ἄτερ
763 2524 850 2558 ὄχλουι
862 2534 870 2549 ι
882 2524 973 2553 Ταῦτα

181 2567 217 2602 δὴ
233 2565 279 2595 οὖν
296 2568 364 2594 αὐτὰ
379 2568 545 2600 θεσπίζουσα
564 2570 580 2604 ὴ
609 2568 677 2604 μετὰ
701 2571 794 2605 χεῖρας
819 2570 969 2605 πρόρρησις

181 2611 304 2646 ἐπιλέγει
313 2621 319 2628 ”
331 2614 399 2640 (Καὶ
409 2614 433 2639 εἰ
447 2613 633 2649 εἰσεπορεύετο
639 2614 685 2641 τοῦ
695 2615 768 2647 ίδεῖν,
783 2617 870 2650 μάτην
880 2616 968 2643 ἐλάλει

180 2659 200 2694 ἡ
209 2658 306 2694 καρδία
313 2659 406 2690 αὐτοῦ,
417 2661 569 2695 συνήγαγεν
583 2660 696 2695 ἀνομίαν
706 2661 804 2696 ἐαυτῷ.
815 2661 970 2697 Ἐξεπορεύ-

181 2712 230 2731 ετο
240 2704 302 2738 ἔξω,
314 2705 360 2732 καὶ
370 2705 458 2732 ἐλάλει
474 2706 520 2732 ἐπὶ
531 2705 561 2732 τὸ
571 2706 645 2732 αὐτό.
656 2706 722 2732 Κατ’
736 2706 802 2741 ἐμοῦ
814 2707 968 2742 ὲῴιθύριζον

181 2750 284 2783 πάντες
291 2751 315 2777 οἱ
324 2751 414 2787 ἐχθροί
428 2761 488 2787 μου.
501 2761 511 2778 ι
521 2753 549 2779 'O
557 2752 622 2787 γοῦν
632 2752 971 2789 Σύμμαχος,‹Είσερχόμε-

180 2803 238 2827 νος,
254 2805 263 2822 ι
280 2796 372 2831 φησὶν,
387 2798 600 2832 ιὲπισκοπῆσαι,
623 2798 723 2833 μάταια
744 2798 833 2825 ἐλάλει
847 2800 969 2835 ήκαρδία

181 2841 276 2875 αὐτοῦ,
289 2842 416 2878 ἤθροιζεν
425 2843 534 2871 ἀδικίαν
547 2845 641 2880 ἑαυτῇ.
663 2844 856 2880 Ἐξερχόμενος
867 2845 896 2872 δὲ
914 2846 965 2879 ἔξω

1032 1008 1103 1040 lerit,
1117 1014 1144 1036 et
1158 1008 1308 1036 exsecratio
1324 1016 1373 1044 pro
1388 1008 1467 1036 nobis
1484 1007 1581 1040 factus,
1599 1008 1813 1035 exsecrationem

1032 1061 1092 1089 quae
1106 1053 1186 1081 nobis
1200 1054 1361 1088 debebatur,
1384 1054 1418 1081 ad
1440 1054 1560 1090 seipsum
1574 1053 1727 1080 attraxerit.
1742 1052 1813 1085 Quid

1031 1100 1105 1127 enim
1120 1100 1194 1129 aliud
1209 1101 1265 1133 ille,
1282 1108 1363 1136 quam
1380 1108 1430 1135 pro
1449 1100 1546 1128 animis
1561 1100 1664 1127 nostris
1675 1099 1814 1135 pretium?

1031 1147 1126 1181 Itaque
1147 1154 1179 1174 es
1197 1154 1313 1182 persona
1332 1150 1426 1175 nostra
1445 1147 1586 1174 oraculum
1606 1147 1664 1174 ait:
1689 1156 1698 1173 ι
1716 1145 1813 1174 Livore

1031 1193 1091 1228 ejus
1107 1201 1157 1221 nos
1178 1194 1266 1221 sanati
1286 1201 1381 1221 sumus
1397 1202 1404 1220 :
1420 1196 1447 1221 et
1465 1192 1596 1221 Dominus
1619 1193 1731 1220 tradidit
1749 1200 1813 1220 eum

1031 1239 1152 1274 peccatis
1172 1240 1274 1268 nostris
1282 1240 1315 1267 ".
1331 1249 1340 1265 ι
1353 1239 1471 1267 Proinde
1489 1239 1586 1267 merito
1607 1239 1671 1266 dum
1691 1238 1813 1273 seipsum

1031 1286 1111 1313 nobis
1121 1284 1272 1321 coniungit,
1287 1290 1313 1313 et
1325 1293 1375 1313 nos
1386 1293 1418 1312 ac
1433 1286 1497 1313 vitia
1512 1289 1607 1313 nestra
1622 1285 1674 1313 sibi
1691 1285 1811 1317 asciscit,

1031 1333 1069 1359 ita
1085 1332 1123 1359 ait
1141 1340 1149 1358 :
1171 1341 1180 1357 ι
1197 1331 1254 1368 Ego
1269 1332 1337 1365 dixi,
1361 1332 1485 1364 Domine,
1506 1332 1637 1359 miserere
1657 1330 1719 1364 mei,
1745 1337 1814 1358 sana

1031 1378 1150 1405 animam
1175 1386 1274 1411 meam,
1291 1378 1355 1413 quia
1376 1379 1487 1414 peccavi
1512 1378 1561 1406 tibi
1581 1388 1587 1406 :
1609 1387 1619 1404 ι
1635 1377 1812 1412 videntesque

1031 1423 1100 1461 item.
1108 1424 1205 1452 merito
1217 1431 1272 1452 non
1288 1425 1377 1452 solum
1393 1425 1568 1452 insidiatores
1580 1424 1715 1455 homines,
1730 1423 1813 1459 488

1031 1469 1079 1496 sed
1097 1470 1179 1497 etiam
1199 1470 1382 1498 insidiatrices
1412 1470 1564 1498 invisibiles
1579 1473 1738 1505 potestates,
1756 1469 1813 1496 vim

1031 1514 1191 1542 immensam
1213 1515 1287 1543 illius
1307 1515 1407 1543 divinae
1431 1516 1620 1551 appellationis
1636 1519 1663 1543 et
1679 1514 1811 1546 nominis,

1031 1567 1085 1594 quo
1108 1560 1181 1588 haud
1205 1561 1244 1588 ita
1263 1562 1349 1589 multo
1372 1566 1434 1597 post
1452 1566 1539 1590 totum
1563 1562 1656 1590 orbem
1678 1566 1812 1589 terrarum

1030 1605 1196 1635 Christianis
1218 1607 1353 1643 implevit,
1377 1608 1452 1635 illam
1477 1615 1506 1636 se
1532 1615 1613 1642 posse
1639 1607 1814 1642 exstinguere

1030 1655 1209 1686 putaverunt,
1240 1653 1264 1680 si
1287 1657 1402 1681 mortem
1429 1653 1468 1680 illi
1495 1653 1728 1681 machinarentur.
1754 1651 1815 1679 Hoc-

1029 1697 1119 1732 ipsum
1135 1698 1218 1732 igitur
1243 1698 1287 1726 his
1309 1699 1400 1728 verbis
1415 1698 1554 1735 redarguit
1571 1707 1577 1725 :
1599 1708 1608 1724 ι
1627 1697 1733 1725 Inimici
1759 1698 1816 1725 mei

1028 1742 1157 1770 dixerunt
1172 1744 1243 1770 mala
1269 1744 1348 1776 mihi,
1369 1744 1480 1780 quando
1506 1744 1639 1771 morietur
1663 1747 1690 1771 et
1713 1743 1816 1778 peribit

1029 1795 1128 1815 nomen
1143 1789 1203 1824 ejus
1215 1789 1258 1816 "‘I
1273 1799 1282 1815 ι
1301 1789 1435 1823 Quoniam
1461 1793 1551 1817 autem
1569 1789 1704 1816 simulatis
1721 1788 1813 1816 verbis

1029 1833 1212 1867 accedebant,
1230 1838 1368 1863 tentantes
1391 1839 1421 1863 ut
1442 1835 1531 1871 ipsum
1553 1838 1680 1870 caperent
1703 1834 1732 1861 in
1754 1841 1811 1862 ser—

1028 1885 1119 1910 mone,
1136 1882 1165 1906 ut
1179 1879 1294 1915 legimus
1316 1880 1387 1915 apud
1408 1881 1527 1908 divinam
1553 1880 1732 1916 Scripturam,
1751 1888 1812 1915 quae

1028 1922 1089 1950 illos
1104 1927 1199 1951 contra
1216 1924 1292 1952 illum
1309 1925 1377 1952 alias
1392 1925 1453 1953 aliis
1465 1929 1492 1952 et
1507 1925 1698 1953 occasionibus
1711 1928 1738 1953 et
1757 1925 1812 1952 cri-

1028 1968 1148 1997 minibus
1174 1973 1284 1998 utcntes
1301 1970 1415 2004 inducit,
1442 1971 1545 1999 idcirco
1567 1971 1634 1998 illud
1660 1970 1809 2006 adiungit:

1030 2023 1040 2039 ε
1055 2014 1088 2042 Ει
1100 2015 1305 2050 ingrediebatur
1321 2023 1351 2044 ιιι
1375 2017 1488 2050 videret,
1503 2025 1572 2045 vana
1587 2017 1749 2053 loquebatur
1764 2025 1811 2044 cor

1026 2061 1097 2094 ejus,
1121 2063 1297 2097 congregavit
1327 2063 1499 2098 iniquitatem
1524 2064 1594 2095 sibi,
1621 2063 1815 2100 egrediebatur.

1029 2105 1103 2133 foras
1116 2110 1143 2134 et
1154 2107 1315 2142 loquebatur
1330 2109 1358 2136 in
1373 2109 1491 2143 idipsum
1506 2113 1600 2136 contra
1611 2109 1712 2137 me“.r
1730 2109 1823 2138 Hisce

1025 2159 1091 2180 vero
1104 2153 1186 2182 rebus
1201 2154 1344 2189 expositis,
1366 2154 1496 2189 deinceps
1521 2155 1609 2190 ipsum
1626 2155 1704 2182 illum
1724 2155 1812 2182 scele-

1025 2197 1177 2225 stissimum
1193 2199 1363 2234 proditorem
1388 2200 1477 2228 verbis
1495 2200 1599 2229 indicat
1614 2208 1621 2226 :
1638 2200 1811 2236 quandoquig

1025 2243 1087 2271 dem
1111 2245 1179 2272 illud
1196 2246 1296 2278 evenit,
1323 2250 1353 2273 ut
1368 2252 1511 2281 postquam
1528 2247 1562 2274 de
1579 2246 1719 2282 prodendo
1739 2254 1811 2282 prae.

1026 2295 1135 2325 ceptore
1154 2299 1216 2319 cum
1237 2292 1407 2328 principibus
1426 2292 1583 2321 Iudaeorum
1605 2296 1702 2328 pactus
1726 2298 1811 2325 esset,

1025 2345 1078 2365 non
1094 2338 1211 2373 amplius
1232 2343 1257 2365 ut
1276 2338 1381 2366 solebat
1405 2338 1438 2365 ad
1456 2338 1548 2366 divina
1571 2343 1705 2373 praecepta
1720 2337 1810 2373 perdi—

1025 2385 1126 2412 scenda
1149 2385 1316 2417 conveniret,
1340 2392 1429 2420 neque
1448 2391 1514 2412 vero
1537 2389 1666 2419 tanquam
1688 2384 1722 2411 ad
1740 2391 1810 2418 prae-

1024 2435 1160 2466 ceptorem
1180 2432 1332 2463 accederet,
1348 2436 1395 2459 aut
1410 2432 1525 2459 aliorum
1542 2439 1617 2459 more
1633 2430 1811 2466 praeceptoris

1025 2477 1223 2505 consuetudine
1242 2481 1376 2509 uteretur,
1401 2478 1448 2506 sed
1465 2483 1573 2513 tempus
1597 2477 1730 2504 duntaxat
1752 2476 1808 2503 εἰν-ι

1024 2523 1205 2558 cumspiceret
1223 2528 1305 2560 atque
1329 2525 1498 2556 observaret,
1524 2531 1578 2559 quo
1606 2523 1705 2550 adoriri
1732 2523 1811 2553 illum

1023 2574 1126 2604 posset.
1137 2569 1255 2598 Proinde
1268 2571 1343 2598 illum
1357 2571 1410 2598 ista
1425 2571 1579 2598 molientem
1597 2576 1629 2596 ac
1642 2572 1807 2604 patrantem,

1023 2617 1110 2644 sancti
1127 2616 1299 2652 evangelista:
1308 2617 1511 2644 criminantur:
1527 2623 1644 2650 quorum
1661 2622 1733 2642 unus
1744 2614 1811 2644 Mat:

1022 2663 1110 2690 thaaus
1127 2663 1171 2691 ita,
1186 2663 1223 2692 ait
1239 2673 1245 2690 :
1263 2673 1271 2688 ι
1288 2663 1365 2690 Tunc
1390 2663 1485 2690 abiens
1503 2669 1575 2689 unus
1598 2669 1632 2689 ex
1653 2660 1810 2692 duodecim,

1022 2710 1069 2745 qui
1088 2710 1230 2737 dicebatur
1246 2709 1331 2737 Judas
1352 2709 1496 2737 lscariotes
1510 2708 1544 2734 ad
1564 2707 1702 2742 principes
1716 2713 1809 2734 sacer-

1023 2755 1129 2788 dotum,
1146 2756 1183 2783 ait
1198 2756 1269 2783 illis:
1287 2755 1358 2788 Quid
1371 2755 1452 2783 vultis
1467 2754 1533 2781 mibi
1548 2753 1624 2786 dare,
1639 2756 1666 2781 et
1681 2759 1731 2788 ego
1745 2759 1810 2778 eum

1023 2803 1101 2830 vobis
1114 2802 1241 2829 tradam?
1256 2803 1295 2830 illi
1321 2806 1411 2830 autem
1432 2799 1672 2831 constitueruntei
1695 2798 1810 2841 triginta

1024 2852 1177 2883 argenteos.
1194 2848 1228 2876 Et
1241 2856 1274 2876 ex
1289 2849 1335 2876 illo
1366 2847 1504 2883 quaerebat
1521 2845 1763 2882 opportunitatem,
1777 2846 1810 2872 ut

217 2932 238 2949 "
259 2932 268 2960 l
284 2931 348 2960 Cor.
366 2939 414 2967 xu,
430 2932 474 2967 26,
488 2932 534 2963 27,
573 2934 593 2951 ³²
613 2934 664 2963 lsa.
684 2942 742 2971 tm,
761 2935 818 2964 4-6.
858 2936 880 2953 ³³
899 2936 973 2965 Psal.

1027 2956 1034 2970 ,
1052 2936 1078 2964 6.
1119 2937 1140 2954 ει
1159 2937 1223 2966 ibid.
1243 2938 1267 2972 7,
1285 2939 1311 2968 s.
