  <div class='ocr_page' id='page_1' title='image "/cluster/home/n/w/nwhite01/storage/ocr_20150623/22/njp.32101077772497/411.png"; bbox 0 0 2099 3217; ppageno 0'>
   <div class='ocr_carea' id='block_1_1' title="bbox 327 212 385 242">
    <p class='ocr_par' dir='ltr' id='par_1_1' title="bbox 327 212 385 242">
     <span class='ocr_line' id='line_1_1' title="bbox 327 212 385 242; baseline -0.017 0"><span class='ocrx_word' id='word_1_1' title='bbox 327 212 385 242; x_wconf 65' lang='grc'><strong>’117</strong></span> 
     </span>
    </p>
   </div>
   <div class='ocr_carea' id='block_1_2' title="bbox 665 201 1114 242">
    <p class='ocr_par' dir='ltr' id='par_1_2' title="bbox 665 201 1114 242">
     <span class='ocr_line' id='line_1_2' title="bbox 665 201 1114 242; baseline -0.002 -2"><span class='ocrx_word' id='word_1_2' title='bbox 665 201 802 241; x_wconf 69' lang='lat' dir='ltr'><strong>cossim</strong></span> <span class='ocrx_word' id='word_1_3' title='bbox 820 211 1060 242; x_wconf 60' lang='lat' dir='ltr'><strong>wsammsrs</strong></span> <span class='ocrx_word' id='word_1_4' title='bbox 1078 212 1114 240; x_wconf 75' lang='grc' dir='ltr'><strong>οι</strong></span> 
     </span>
    </p>
   </div>
   <div class='ocr_carea' id='block_1_3' title="bbox 1165 201 1639 242">
    <p class='ocr_par' dir='ltr' id='par_1_3' title="bbox 1174 212 1639 242">
     <span class='ocr_line' id='line_1_3' title="bbox 1174 212 1639 242; baseline 0 -2"><span class='ocrx_word' id='word_1_5' title='bbox 1174 212 1267 241; x_wconf 78' lang='lat' dir='ltr'><strong>PARS</strong></span> <span class='ocrx_word' id='word_1_6' title='bbox 1285 212 1318 240; x_wconf 81' lang='lat' dir='ltr'><strong>Il.</strong></span> <span class='ocrx_word' id='word_1_7' title='bbox 1338 227 1373 234; x_wconf 83' lang='lat'><strong>——</strong></span> <span class='ocrx_word' id='word_1_8' title='bbox 1390 212 1639 242; x_wconf 75' lang='lat' dir='ltr'><strong>APOLOGETICA.</strong></span> 
     </span>
    </p>
   </div>
   <div class='ocr_carea' id='block_1_4' title="bbox 1899 214 1949 242">
    <p class='ocr_par' dir='ltr' id='par_1_4' title="bbox 1899 214 1949 242">
     <span class='ocr_line' id='line_1_4' title="bbox 1899 214 1949 242; baseline 0.02 -1"><span class='ocrx_word' id='word_1_9' title='bbox 1899 214 1949 242; x_wconf 63' lang='grc' dir='ltr'><strong>’ἷξε</strong></span> 
     </span>
    </p>
   </div>
   <div class='ocr_carea' id='block_1_5' title="bbox 328 270 1114 308">
    <p class='ocr_par' dir='ltr' id='par_1_5' title="bbox 328 270 1114 308">
     <span class='ocr_line' id='line_1_5' title="bbox 328 270 1114 308; baseline -0.001 -8"><span class='ocrx_word' id='word_1_10' title='bbox 328 272 420 308; x_wconf 79' lang='lat' dir='ltr'><strong>ipsum</strong></span> <span class='ocrx_word' id='word_1_11' title='bbox 438 271 480 299; x_wconf 69' lang='lat' dir='ltr'><strong>eis</strong></span> <span class='ocrx_word' id='word_1_12' title='bbox 502 270 666 298; x_wconf 74' lang='lat' dir='ltr'><strong>traderet“.</strong></span> <span class='ocrx_word' id='word_1_13' title='bbox 693 281 703 298; x_wconf 68' lang='grc' dir='ltr'><strong>ι</strong></span> <span class='ocrx_word' id='word_1_14' title='bbox 720 270 829 300; x_wconf 76' lang='lat' dir='ltr'><strong>Marcus</strong></span> <span class='ocrx_word' id='word_1_15' title='bbox 850 275 942 300; x_wconf 83' lang='lat' dir='ltr'><strong>autem</strong></span> <span class='ocrx_word' id='word_1_16' title='bbox 961 271 1002 299; x_wconf 80' lang='lat' dir='ltr'><strong>sic</strong></span> <span class='ocrx_word' id='word_1_17' title='bbox 1024 278 1032 298; x_wconf 88' lang='lat'><strong>:</strong></span> <span class='ocrx_word' id='word_1_18' title='bbox 1055 279 1066 297; x_wconf 82' lang='grc' dir='ltr'><strong>ι</strong></span> <span class='ocrx_word' id='word_1_19' title='bbox 1082 270 1114 299; x_wconf 82' lang='grc' dir='ltr'><strong>ΕΙ</strong></span> 
     </span>
    </p>
   </div>
   <div class='ocr_carea' id='block_1_6' title="bbox 1165 270 1948 308">
    <p class='ocr_par' dir='ltr' id='par_1_6' title="bbox 1167 270 1948 308">
     <span class='ocr_line' id='line_1_6' title="bbox 1167 270 1948 308; baseline 0.003 -10"><span class='ocrx_word' id='word_1_20' title='bbox 1167 271 1318 299; x_wconf 79' lang='grc' dir='ltr'>κατελάλει.</span> <span class='ocrx_word' id='word_1_21' title='bbox 1345 270 1529 308; x_wconf 81' lang='grc' dir='ltr'>ὀμοθυμαδὸν</span> <span class='ocrx_word' id='word_1_22' title='bbox 1552 270 1705 308; x_wconf 79' lang='grc' dir='ltr'>ὲψιθύριζον</span> <span class='ocrx_word' id='word_1_23' title='bbox 1723 272 1784 299; x_wconf 69' lang='grc' dir='ltr'>κατ’</span> <span class='ocrx_word' id='word_1_24' title='bbox 1800 272 1867 307; x_wconf 69' lang='grc' dir='ltr'><strong>ἐμοῦ</strong></span> <span class='ocrx_word' id='word_1_25' title='bbox 1882 273 1948 300; x_wconf 78' lang='grc' dir='ltr'><strong>πάν-</strong></span> 
     </span>
    </p>
   </div>
   <div class='ocr_carea' id='block_1_7' title="bbox 327 316 1116 352">
    <p class='ocr_par' dir='ltr' id='par_1_7' title="bbox 327 316 1116 352">
     <span class='ocr_line' id='line_1_7' title="bbox 327 316 1116 352; baseline -0.004 -4"><span class='ocrx_word' id='word_1_26' title='bbox 327 319 415 348; x_wconf 76' lang='lat' dir='ltr'><strong>Judas</strong></span> <span class='ocrx_word' id='word_1_27' title='bbox 433 317 579 346; x_wconf 79' lang='lat' dir='ltr'><strong>lscariotes</strong></span> <span class='ocrx_word' id='word_1_28' title='bbox 597 325 669 346; x_wconf 86' lang='lat' dir='ltr'><strong>unus</strong></span> <span class='ocrx_word' id='word_1_29' title='bbox 682 326 717 346; x_wconf 78' lang='lat' dir='ltr'><strong>ex</strong></span> <span class='ocrx_word' id='word_1_30' title='bbox 730 317 885 351; x_wconf 85' lang='lat' dir='ltr'><strong>duodecim,</strong></span> <span class='ocrx_word' id='word_1_31' title='bbox 903 317 977 346; x_wconf 86' lang='lat' dir='ltr'><strong>abiit.</strong></span> <span class='ocrx_word' id='word_1_32' title='bbox 988 316 1022 345; x_wconf 88' lang='lat' dir='ltr'><strong>ad</strong></span> <span class='ocrx_word' id='word_1_33' title='bbox 1040 317 1116 352; x_wconf 90' lang='lat' dir='ltr'><strong>prin-</strong></span> 
     </span>
    </p>
   </div>
   <div class='ocr_carea' id='block_1_8' title="bbox 328 363 1116 400">
    <p class='ocr_par' dir='ltr' id='par_1_8' title="bbox 328 363 1116 400">
     <span class='ocr_line' id='line_1_8' title="bbox 328 363 1116 400; baseline -0.004 -7"><span class='ocrx_word' id='word_1_34' title='bbox 328 366 406 400; x_wconf 78' lang='lat' dir='ltr'><strong>cipes</strong></span> <span class='ocrx_word' id='word_1_35' title='bbox 417 363 592 391; x_wconf 79' lang='lat' dir='ltr'><strong>sacerdotum</strong></span> <span class='ocrx_word' id='word_1_36' title='bbox 607 367 638 391; x_wconf 83' lang='lat' dir='ltr'><strong>ut</strong></span> <span class='ocrx_word' id='word_1_37' title='bbox 658 371 721 393; x_wconf 85' lang='lat' dir='ltr'><strong>eum</strong></span> <span class='ocrx_word' id='word_1_38' title='bbox 743 364 798 392; x_wconf 82' lang='lat' dir='ltr'><strong>illis</strong></span> <span class='ocrx_word' id='word_1_39' title='bbox 817 363 946 392; x_wconf 82' lang='lat' dir='ltr'><strong>traderet.</strong></span> <span class='ocrx_word' id='word_1_40' title='bbox 963 363 1003 391; x_wconf 84' lang='lat' dir='ltr'><strong>illi</strong></span> <span class='ocrx_word' id='word_1_41' title='bbox 1024 366 1116 390; x_wconf 86' lang='lat' dir='ltr'><strong>autem</strong></span> 
     </span>
    </p>
   </div>
   <div class='ocr_carea' id='block_1_9' title="bbox 329 409 1114 445">
    <p class='ocr_par' dir='ltr' id='par_1_9' title="bbox 329 409 1114 445">
     <span class='ocr_line' id='line_1_9' title="bbox 329 409 1114 445; baseline -0.003 -7"><span class='ocrx_word' id='word_1_42' title='bbox 329 411 473 438; x_wconf 79' lang='lat' dir='ltr'><strong>audientes</strong></span> <span class='ocrx_word' id='word_1_43' title='bbox 486 409 573 445; x_wconf 71' lang='lat' dir='ltr'><strong>gavisi</strong></span> <span class='ocrx_word' id='word_1_44' title='bbox 591 413 665 437; x_wconf 86' lang='lat' dir='ltr'><strong>sunt.</strong></span> <span class='ocrx_word' id='word_1_45' title='bbox 681 409 715 437; x_wconf 87' lang='lat' dir='ltr'><strong>Et</strong></span> <span class='ocrx_word' id='word_1_46' title='bbox 731 411 916 445; x_wconf 84' lang='lat' dir='ltr'><strong>promiserunt</strong></span> <span class='ocrx_word' id='word_1_47' title='bbox 930 417 959 437; x_wconf 88' lang='lat' dir='ltr'><strong>se</strong></span> <span class='ocrx_word' id='word_1_48' title='bbox 973 413 1114 445; x_wconf 68' lang='lat' dir='ltr'><strong>argentum</strong></span> 
     </span>
    </p>
   </div>
   <div class='ocr_carea' id='block_1_10' title="bbox 326 456 1115 492">
    <p class='ocr_par' dir='ltr' id='par_1_10' title="bbox 326 456 1115 492">
     <span class='ocr_line' id='line_1_10' title="bbox 326 456 1115 492; baseline 0.001 -9"><span class='ocrx_word' id='word_1_49' title='bbox 326 456 354 484; x_wconf 86' lang='lat' dir='ltr'><strong>ei</strong></span> <span class='ocrx_word' id='word_1_50' title='bbox 367 456 481 484; x_wconf 81' lang='lat' dir='ltr'><strong>daturos</strong></span> <span class='ocrx_word' id='word_1_51' title='bbox 496 464 504 482; x_wconf 86' lang='lat'><strong>:</strong></span> <span class='ocrx_word' id='word_1_52' title='bbox 521 459 549 484; x_wconf 86' lang='lat' dir='ltr'><strong>et</strong></span> <span class='ocrx_word' id='word_1_53' title='bbox 561 456 701 492; x_wconf 68' lang='lat' dir='ltr'><strong>quaerebat</strong></span> <span class='ocrx_word' id='word_1_54' title='bbox 714 456 853 492; x_wconf 90' lang='lat' dir='ltr'><strong>quomodo</strong></span> <span class='ocrx_word' id='word_1_55' title='bbox 868 457 945 484; x_wconf 87' lang='lat' dir='ltr'><strong>illum</strong></span> <span class='ocrx_word' id='word_1_56' title='bbox 964 461 1115 492; x_wconf 75' lang='lat' dir='ltr'><strong>opportune</strong></span> 
     </span>
    </p>
   </div>
   <div class='ocr_carea' id='block_1_11' title="bbox 328 501 1112 530">
    <p class='ocr_par' dir='ltr' id='par_1_11' title="bbox 328 501 1112 530">
     <span class='ocr_line' id='line_1_11' title="bbox 328 501 1112 530; baseline -0.001 -1"><span class='ocrx_word' id='word_1_57' title='bbox 328 502 488 530; x_wconf 82' lang='lat' dir='ltr'><strong>traderet&quot;.</strong></span> <span class='ocrx_word' id='word_1_58' title='bbox 509 512 518 528; x_wconf 84' lang='lat' dir='ltr'><strong>i</strong></span> <span class='ocrx_word' id='word_1_59' title='bbox 536 501 626 530; x_wconf 88' lang='lat' dir='ltr'><strong>Lucas</strong></span> <span class='ocrx_word' id='word_1_60' title='bbox 641 509 704 529; x_wconf 88' lang='lat' dir='ltr'><strong>vero</strong></span> <span class='ocrx_word' id='word_1_61' title='bbox 729 502 757 529; x_wconf 92' lang='lat' dir='ltr'><strong>in</strong></span> <span class='ocrx_word' id='word_1_62' title='bbox 780 503 853 529; x_wconf 91' lang='lat' dir='ltr'><strong>hunc</strong></span> <span class='ocrx_word' id='word_1_63' title='bbox 867 502 978 530; x_wconf 92' lang='lat' dir='ltr'><strong>modum</strong></span> <span class='ocrx_word' id='word_1_64' title='bbox 998 502 1112 529; x_wconf 78' lang='lat' dir='ltr'><strong>scribit:</strong></span> 
     </span>
    </p>
   </div>
   <div class='ocr_carea' id='block_1_12' title="bbox 330 547 1115 582">
    <p class='ocr_par' dir='ltr' id='par_1_12' title="bbox 330 547 1115 582">
     <span class='ocr_line' id='line_1_12' title="bbox 330 547 1115 582; baseline 0.001 -9"><span class='ocrx_word' id='word_1_65' title='bbox 330 556 340 572; x_wconf 71' lang='grc' dir='ltr'><strong>ι</strong></span> <span class='ocrx_word' id='word_1_66' title='bbox 358 547 472 574; x_wconf 91' lang='lat' dir='ltr'><strong>Intravit</strong></span> <span class='ocrx_word' id='word_1_67' title='bbox 493 551 584 575; x_wconf 87' lang='lat' dir='ltr'><strong>autem</strong></span> <span class='ocrx_word' id='word_1_68' title='bbox 613 547 729 575; x_wconf 80' lang='lat' dir='ltr'><strong>Satanas</strong></span> <span class='ocrx_word' id='word_1_69' title='bbox 754 550 782 575; x_wconf 90' lang='lat' dir='ltr'><strong>in</strong></span> <span class='ocrx_word' id='word_1_70' title='bbox 806 547 904 574; x_wconf 82' lang='lat' dir='ltr'><strong>Judam</strong></span> <span class='ocrx_word' id='word_1_71' title='bbox 931 548 977 582; x_wconf 88' lang='lat' dir='ltr'><strong>qui</strong></span> <span class='ocrx_word' id='word_1_72' title='bbox 1003 551 1115 574; x_wconf 92' lang='lat' dir='ltr'><strong>vocatur</strong></span> 
     </span>
    </p>
   </div>
   <div class='ocr_carea' id='block_1_13' title="bbox 327 592 1114 625">
    <p class='ocr_par' dir='ltr' id='par_1_13' title="bbox 327 592 1114 625">
     <span class='ocr_line' id='line_1_13' title="bbox 327 592 1114 625; baseline 0.003 -6"><span class='ocrx_word' id='word_1_73' title='bbox 327 592 486 625; x_wconf 85' lang='lat' dir='ltr'><strong>lscariotes,</strong></span> <span class='ocrx_word' id='word_1_74' title='bbox 504 602 588 621; x_wconf 90' lang='lat' dir='ltr'><strong>unum</strong></span> <span class='ocrx_word' id='word_1_75' title='bbox 605 594 638 622; x_wconf 92' lang='lat' dir='ltr'><strong>de</strong></span> <span class='ocrx_word' id='word_1_76' title='bbox 657 593 813 622; x_wconf 85' lang='lat' dir='ltr'><strong>duodecim.</strong></span> <span class='ocrx_word' id='word_1_77' title='bbox 834 593 867 620; x_wconf 88' lang='lat' dir='ltr'><strong>Et</strong></span> <span class='ocrx_word' id='word_1_78' title='bbox 881 594 947 621; x_wconf 85' lang='lat' dir='ltr'><strong>abiit</strong></span> <span class='ocrx_word' id='word_1_79' title='bbox 963 598 990 621; x_wconf 90' lang='lat' dir='ltr'><strong>et</strong></span> <span class='ocrx_word' id='word_1_80' title='bbox 1007 594 1114 621; x_wconf 87' lang='lat' dir='ltr'><strong>locutus</strong></span> 
     </span>
    </p>
   </div>
   <div class='ocr_carea' id='block_1_14' title="bbox 326 641 1115 676">
    <p class='ocr_par' dir='ltr' id='par_1_14' title="bbox 326 641 1115 676">
     <span class='ocr_line' id='line_1_14' title="bbox 326 641 1115 676; baseline -0.001 -8"><span class='ocrx_word' id='word_1_81' title='bbox 326 644 369 668; x_wconf 85' lang='lat' dir='ltr'><strong>est</strong></span> <span class='ocrx_word' id='word_1_82' title='bbox 379 648 440 668; x_wconf 87' lang='lat' dir='ltr'><strong>cum</strong></span> <span class='ocrx_word' id='word_1_83' title='bbox 457 641 629 676; x_wconf 83' lang='lat' dir='ltr'><strong>principibus</strong></span> <span class='ocrx_word' id='word_1_84' title='bbox 644 641 818 670; x_wconf 83' lang='lat' dir='ltr'><strong>sacerdotum</strong></span> <span class='ocrx_word' id='word_1_85' title='bbox 835 645 862 668; x_wconf 89' lang='lat' dir='ltr'><strong>et</strong></span> <span class='ocrx_word' id='word_1_86' title='bbox 886 641 983 668; x_wconf 86' lang='lat' dir='ltr'><strong>scribis</strong></span> <span class='ocrx_word' id='word_1_87' title='bbox 998 645 1025 668; x_wconf 85' lang='lat' dir='ltr'><strong>et</strong></span> <span class='ocrx_word' id='word_1_88' title='bbox 1037 641 1115 668; x_wconf 87' lang='lat' dir='ltr'><strong>duci-</strong></span> 
     </span>
    </p>
   </div>
   <div class='ocr_carea' id='block_1_15' title="bbox 327 686 1112 721">
    <p class='ocr_par' dir='ltr' id='par_1_15' title="bbox 327 686 1112 721">
     <span class='ocr_line' id='line_1_15' title="bbox 327 686 1112 721; baseline 0.001 -9"><span class='ocrx_word' id='word_1_89' title='bbox 327 686 379 713; x_wconf 87' lang='lat' dir='ltr'><strong>bus</strong></span> <span class='ocrx_word' id='word_1_90' title='bbox 396 687 500 721; x_wconf 90' lang='lat' dir='ltr'><strong>templi,</strong></span> <span class='ocrx_word' id='word_1_91' title='bbox 516 690 546 713; x_wconf 87' lang='lat' dir='ltr'><strong>ut</strong></span> <span class='ocrx_word' id='word_1_92' title='bbox 570 694 632 714; x_wconf 82' lang='lat' dir='ltr'><strong>eum</strong></span> <span class='ocrx_word' id='word_1_93' title='bbox 650 687 705 715; x_wconf 91' lang='lat' dir='ltr'><strong>illis</strong></span> <span class='ocrx_word' id='word_1_94' title='bbox 727 687 858 714; x_wconf 80' lang='lat' dir='ltr'><strong>traderet.</strong></span> <span class='ocrx_word' id='word_1_95' title='bbox 875 686 908 713; x_wconf 87' lang='lat' dir='ltr'><strong>Et</strong></span> <span class='ocrx_word' id='word_1_96' title='bbox 931 687 1017 721; x_wconf 76' lang='lat' dir='ltr'><strong>gavisi</strong></span> <span class='ocrx_word' id='word_1_97' title='bbox 1039 691 1112 719; x_wconf 88' lang='lat' dir='ltr'><strong>sunt,</strong></span> 
     </span>
    </p>
   </div>
   <div class='ocr_carea' id='block_1_16' title="bbox 326 732 1114 768">
    <p class='ocr_par' dir='ltr' id='par_1_16' title="bbox 326 732 1114 768">
     <span class='ocr_line' id='line_1_16' title="bbox 326 732 1114 768; baseline 0.001 -10"><span class='ocrx_word' id='word_1_98' title='bbox 326 735 354 758; x_wconf 88' lang='lat' dir='ltr'><strong>et</strong></span> <span class='ocrx_word' id='word_1_99' title='bbox 372 732 443 766; x_wconf 82' lang='lat' dir='ltr'><strong>pacti</strong></span> <span class='ocrx_word' id='word_1_100' title='bbox 463 737 527 760; x_wconf 91' lang='lat' dir='ltr'><strong>sunt</strong></span> <span class='ocrx_word' id='word_1_101' title='bbox 543 737 687 768; x_wconf 76' lang='lat' dir='ltr'><strong>argentum</strong></span> <span class='ocrx_word' id='word_1_102' title='bbox 708 733 746 760; x_wconf 85' lang='lat' dir='ltr'><strong>illi</strong></span> <span class='ocrx_word' id='word_1_103' title='bbox 761 733 847 760; x_wconf 85' lang='lat' dir='ltr'><strong>dare:</strong></span> <span class='ocrx_word' id='word_1_104' title='bbox 863 736 890 761; x_wconf 82' lang='lat' dir='ltr'><strong>et</strong></span> <span class='ocrx_word' id='word_1_105' title='bbox 910 733 1049 768; x_wconf 53' lang='lat' dir='ltr'><strong>quaerebat</strong></span> <span class='ocrx_word' id='word_1_106' title='bbox 1066 740 1114 767; x_wconf 87' lang='lat' dir='ltr'><strong>op-</strong></span> 
     </span>
    </p>
   </div>
   <div class='ocr_carea' id='block_1_17' title="bbox 325 778 1113 812">
    <p class='ocr_par' dir='ltr' id='par_1_17' title="bbox 325 778 1113 812">
     <span class='ocr_line' id='line_1_17' title="bbox 325 778 1113 812; baseline 0 -7"><span class='ocrx_word' id='word_1_107' title='bbox 325 779 533 812; x_wconf 85' lang='lat' dir='ltr'><strong>portunitatem,</strong></span> <span class='ocrx_word' id='word_1_108' title='bbox 547 783 574 806; x_wconf 90' lang='lat' dir='ltr'><strong>ut</strong></span> <span class='ocrx_word' id='word_1_109' title='bbox 589 779 709 806; x_wconf 84' lang='lat' dir='ltr'><strong>traderet</strong></span> <span class='ocrx_word' id='word_1_110' title='bbox 727 779 802 806; x_wconf 92' lang='lat' dir='ltr'><strong>illum</strong></span> <span class='ocrx_word' id='word_1_111' title='bbox 819 781 878 807; x_wconf 91' lang='lat' dir='ltr'><strong>sine</strong></span> <span class='ocrx_word' id='word_1_112' title='bbox 892 779 981 806; x_wconf 88' lang='lat' dir='ltr'><strong>turbis</strong></span> <span class='ocrx_word' id='word_1_113' title='bbox 989 780 1023 807; x_wconf 86' lang='grc'><strong>³⁷.</strong></span> <span class='ocrx_word' id='word_1_114' title='bbox 1041 789 1050 805; x_wconf 66' lang='grc' dir='ltr'><strong>ι</strong></span> <span class='ocrx_word' id='word_1_115' title='bbox 1063 778 1113 805; x_wconf 84' lang='lat' dir='ltr'><strong>Ea—</strong></span> 
     </span>
    </p>
   </div>
   <div class='ocr_carea' id='block_1_18' title="bbox 327 824 1114 859">
    <p class='ocr_par' dir='ltr' id='par_1_18' title="bbox 327 824 1114 859">
     <span class='ocr_line' id='line_1_18' title="bbox 327 824 1114 859; baseline -0.001 -8"><span class='ocrx_word' id='word_1_116' title='bbox 327 824 388 851; x_wconf 84' lang='lat' dir='ltr'><strong>dem</strong></span> <span class='ocrx_word' id='word_1_117' title='bbox 405 824 488 858; x_wconf 70' lang='lat' dir='ltr'><strong>igitur</strong></span> <span class='ocrx_word' id='word_1_118' title='bbox 503 825 575 856; x_wconf 63' lang='lat' dir='ltr'><strong>lmc,</strong></span> <span class='ocrx_word' id='word_1_119' title='bbox 592 825 749 851; x_wconf 86' lang='lat' dir='ltr'><strong>vaticinium</strong></span> <span class='ocrx_word' id='word_1_120' title='bbox 767 826 840 859; x_wconf 87' lang='lat' dir='ltr'><strong>quod</strong></span> <span class='ocrx_word' id='word_1_121' title='bbox 856 832 930 852; x_wconf 85' lang='lat' dir='ltr'><strong>nunc</strong></span> <span class='ocrx_word' id='word_1_122' title='bbox 944 825 970 852; x_wconf 92' lang='lat' dir='ltr'><strong>in</strong></span> <span class='ocrx_word' id='word_1_123' title='bbox 987 824 1114 851; x_wconf 87' lang='lat' dir='ltr'><strong>manibus</strong></span> 
     </span>
    </p>
   </div>
   <div class='ocr_carea' id='block_1_19' title="bbox 325 870 1113 906">
    <p class='ocr_par' dir='ltr' id='par_1_19' title="bbox 325 870 1113 906">
     <span class='ocr_line' id='line_1_19' title="bbox 325 870 1113 906; baseline 0 -9"><span class='ocrx_word' id='word_1_124' title='bbox 325 874 378 902; x_wconf 83' lang='lat' dir='ltr'><strong>est,</strong></span> <span class='ocrx_word' id='word_1_125' title='bbox 390 878 503 902; x_wconf 83' lang='lat' dir='ltr'><strong>canens,</strong></span> <span class='ocrx_word' id='word_1_126' title='bbox 513 871 550 897; x_wconf 87' lang='lat' dir='ltr'><strong>ita</strong></span> <span class='ocrx_word' id='word_1_127' title='bbox 562 870 614 897; x_wconf 92' lang='lat' dir='ltr'><strong>ait:</strong></span> <span class='ocrx_word' id='word_1_128' title='bbox 625 871 674 897; x_wconf 71' lang='grc' dir='ltr'><strong>«Ει</strong></span> <span class='ocrx_word' id='word_1_129' title='bbox 682 871 882 906; x_wconf 77' lang='lat' dir='ltr'><strong>ingrcdiebatur</strong></span> <span class='ocrx_word' id='word_1_130' title='bbox 891 875 919 898; x_wconf 90' lang='lat' dir='ltr'><strong>ut</strong></span> <span class='ocrx_word' id='word_1_131' title='bbox 928 870 1113 903; x_wconf 86' lang='lat' dir='ltr'><strong>vidcret,vana</strong></span> 
     </span>
    </p>
   </div>
   <div class='ocr_carea' id='block_1_20' title="bbox 327 916 1112 953">
    <p class='ocr_par' dir='ltr' id='par_1_20' title="bbox 327 916 1112 953">
     <span class='ocr_line' id='line_1_20' title="bbox 327 916 1112 953; baseline 0.001 -9"><span class='ocrx_word' id='word_1_132' title='bbox 327 916 491 951; x_wconf 89' lang='lat' dir='ltr'><strong>loquebatur</strong></span> <span class='ocrx_word' id='word_1_133' title='bbox 507 924 554 943; x_wconf 85' lang='lat' dir='ltr'><strong>cor</strong></span> <span class='ocrx_word' id='word_1_134' title='bbox 573 917 644 951; x_wconf 84' lang='lat' dir='ltr'><strong>ejus.</strong></span> <span class='ocrx_word' id='word_1_135' title='bbox 659 919 835 953; x_wconf 71' lang='lat' dir='ltr'><strong>congregavit</strong></span> <span class='ocrx_word' id='word_1_136' title='bbox 855 918 1027 952; x_wconf 82' lang='lat' dir='ltr'><strong>iniquitatem</strong></span> <span class='ocrx_word' id='word_1_137' title='bbox 1050 917 1112 945; x_wconf 85' lang='lat' dir='ltr'><strong>sibi.</strong></span> 
     </span>
    </p>
   </div>
   <div class='ocr_carea' id='block_1_21' title="bbox 326 962 1110 999">
    <p class='ocr_par' dir='ltr' id='par_1_21' title="bbox 326 962 1110 999">
     <span class='ocr_line' id='line_1_21' title="bbox 326 962 1110 999; baseline 0 -10"><span class='ocrx_word' id='word_1_138' title='bbox 326 962 700 999; x_wconf 64' lang='lat' dir='ltr'><strong>mEgrediebaturforas.</strong></span> <span class='ocrx_word' id='word_1_139' title='bbox 715 968 741 990; x_wconf 83' lang='lat' dir='ltr'><strong>et</strong></span> <span class='ocrx_word' id='word_1_140' title='bbox 751 965 912 999; x_wconf 81' lang='lat' dir='ltr'><strong>loquebatur</strong></span> <span class='ocrx_word' id='word_1_141' title='bbox 926 964 953 990; x_wconf 91' lang='lat' dir='ltr'><strong>in</strong></span> <span class='ocrx_word' id='word_1_142' title='bbox 964 963 1110 998; x_wconf 70' lang='lat' dir='ltr'><strong>idipsum.»</strong></span> 
     </span>
    </p>
   </div>
   <div class='ocr_carea' id='block_1_22' title="bbox 325 1008 1114 1045">
    <p class='ocr_par' dir='ltr' id='par_1_22' title="bbox 325 1008 1114 1045">
     <span class='ocr_line' id='line_1_22' title="bbox 325 1008 1114 1045; baseline 0 -9"><span class='ocrx_word' id='word_1_143' title='bbox 325 1009 428 1037; x_wconf 86' lang='lat' dir='ltr'><strong>Contra</strong></span> <span class='ocrx_word' id='word_1_144' title='bbox 444 1017 486 1036; x_wconf 84' lang='lat' dir='ltr'><strong>me</strong></span> <span class='ocrx_word' id='word_1_145' title='bbox 509 1010 692 1037; x_wconf 83' lang='lat' dir='ltr'><strong>susurrabant</strong></span> <span class='ocrx_word' id='word_1_146' title='bbox 709 1017 805 1038; x_wconf 83' lang='lat' dir='ltr'><strong>omnes</strong></span> <span class='ocrx_word' id='word_1_147' title='bbox 825 1010 928 1037; x_wconf 89' lang='lat' dir='ltr'><strong>inimici</strong></span> <span class='ocrx_word' id='word_1_148' title='bbox 953 1010 1016 1036; x_wconf 90' lang='lat' dir='ltr'><strong>mei.</strong></span> <span class='ocrx_word' id='word_1_149' title='bbox 1035 1008 1114 1045; x_wconf 85' lang='lat' dir='ltr'><strong>Sym-</strong></span> 
     </span>
    </p>
   </div>
   <div class='ocr_carea' id='block_1_23' title="bbox 326 1055 1112 1091">
    <p class='ocr_par' dir='ltr' id='par_1_23' title="bbox 326 1055 1112 1091">
     <span class='ocr_line' id='line_1_23' title="bbox 326 1055 1112 1091; baseline -0.001 -8"><span class='ocrx_word' id='word_1_150' title='bbox 326 1056 441 1083; x_wconf 84' lang='lat' dir='ltr'><strong>machus</strong></span> <span class='ocrx_word' id='word_1_151' title='bbox 457 1061 546 1083; x_wconf 86' lang='lat' dir='ltr'><strong>autem</strong></span> <span class='ocrx_word' id='word_1_152' title='bbox 564 1065 570 1082; x_wconf 88' lang='lat'><strong>:</strong></span> <span class='ocrx_word' id='word_1_153' title='bbox 590 1066 598 1081; x_wconf 78' lang='grc' dir='ltr'><strong>ι</strong></span> <span class='ocrx_word' id='word_1_154' title='bbox 615 1056 782 1091; x_wconf 80' lang='lat' dir='ltr'><strong>Ingrediens,</strong></span> <span class='ocrx_word' id='word_1_155' title='bbox 799 1055 900 1091; x_wconf 85' lang='lat' dir='ltr'><strong>inquit,</strong></span> <span class='ocrx_word' id='word_1_156' title='bbox 911 1059 940 1082; x_wconf 92' lang='lat' dir='ltr'><strong>ut</strong></span> <span class='ocrx_word' id='word_1_157' title='bbox 953 1056 1112 1091; x_wconf 88' lang='lat' dir='ltr'><strong>inspiceret,</strong></span> 
     </span>
    </p>
   </div>
   <div class='ocr_carea' id='block_1_24' title="bbox 326 1101 1112 1137">
    <p class='ocr_par' dir='ltr' id='par_1_24' title="bbox 326 1101 1112 1137">
     <span class='ocr_line' id='line_1_24' title="bbox 326 1101 1112 1137; baseline -0.001 -8"><span class='ocrx_word' id='word_1_158' title='bbox 326 1108 396 1129; x_wconf 87' lang='lat' dir='ltr'><strong>vana</strong></span> <span class='ocrx_word' id='word_1_159' title='bbox 411 1102 576 1137; x_wconf 80' lang='lat' dir='ltr'><strong>loquebatur</strong></span> <span class='ocrx_word' id='word_1_160' title='bbox 590 1109 638 1128; x_wconf 92' lang='lat' dir='ltr'><strong>cor</strong></span> <span class='ocrx_word' id='word_1_161' title='bbox 653 1102 724 1136; x_wconf 86' lang='lat' dir='ltr'><strong>ejus,</strong></span> <span class='ocrx_word' id='word_1_162' title='bbox 743 1102 928 1137; x_wconf 79' lang='lat' dir='ltr'><strong>congregabat</strong></span> <span class='ocrx_word' id='word_1_163' title='bbox 948 1101 1112 1136; x_wconf 88' lang='lat' dir='ltr'><strong>iujustitiam</strong></span> 
     </span>
    </p>
   </div>
   <div class='ocr_carea' id='block_1_25' title="bbox 326 1147 1114 1184">
    <p class='ocr_par' dir='ltr' id='par_1_25' title="bbox 326 1147 1114 1184">
     <span class='ocr_line' id='line_1_25' title="bbox 326 1147 1114 1184; baseline -0.001 -8"><span class='ocrx_word' id='word_1_164' title='bbox 326 1149 389 1176; x_wconf 79' lang='lat' dir='ltr'><strong>sibi.</strong></span> <span class='ocrx_word' id='word_1_165' title='bbox 418 1149 567 1183; x_wconf 77' lang='lat' dir='ltr'><strong>Egrediens</strong></span> <span class='ocrx_word' id='word_1_166' title='bbox 594 1153 685 1176; x_wconf 85' lang='lat' dir='ltr'><strong>autem</strong></span> <span class='ocrx_word' id='word_1_167' title='bbox 715 1149 790 1177; x_wconf 85' lang='lat' dir='ltr'><strong>foras</strong></span> <span class='ocrx_word' id='word_1_168' title='bbox 813 1149 1022 1184; x_wconf 85' lang='lat' dir='ltr'><strong>obloquebatur.</strong></span> <span class='ocrx_word' id='word_1_169' title='bbox 1053 1147 1114 1176; x_wconf 90' lang='lat' dir='ltr'><strong>Uno</strong></span> 
     </span>
    </p>
   </div>
   <div class='ocr_carea' id='block_1_26' title="bbox 326 1195 1114 1230">
    <p class='ocr_par' dir='ltr' id='par_1_26' title="bbox 326 1195 1114 1230">
     <span class='ocr_line' id='line_1_26' title="bbox 326 1195 1114 1230; baseline 0 -8"><span class='ocrx_word' id='word_1_170' title='bbox 326 1195 418 1222; x_wconf 79' lang='lat' dir='ltr'><strong>animo</strong></span> <span class='ocrx_word' id='word_1_171' title='bbox 438 1195 622 1223; x_wconf 83' lang='lat' dir='ltr'><strong>susurrabant</strong></span> <span class='ocrx_word' id='word_1_172' title='bbox 649 1199 746 1222; x_wconf 89' lang='lat' dir='ltr'><strong>contra</strong></span> <span class='ocrx_word' id='word_1_173' title='bbox 770 1203 814 1223; x_wconf 92' lang='lat' dir='ltr'><strong>me</strong></span> <span class='ocrx_word' id='word_1_174' title='bbox 827 1202 925 1223; x_wconf 84' lang='lat' dir='ltr'><strong>omnes</strong></span> <span class='ocrx_word' id='word_1_175' title='bbox 936 1196 982 1230; x_wconf 94' lang='lat' dir='ltr'><strong>qui</strong></span> <span class='ocrx_word' id='word_1_176' title='bbox 997 1196 1114 1223; x_wconf 85' lang='lat' dir='ltr'><strong>oderunt</strong></span> 
     </span>
    </p>
   </div>
   <div class='ocr_carea' id='block_1_27' title="bbox 323 1240 1114 1277">
    <p class='ocr_par' dir='ltr' id='par_1_27' title="bbox 323 1240 1114 1277">
     <span class='ocr_line' id='line_1_27' title="bbox 323 1240 1114 1277; baseline 0.001 -9"><span class='ocrx_word' id='word_1_177' title='bbox 323 1249 378 1269; x_wconf 89' lang='lat' dir='ltr'><strong>me.</strong></span> <span class='ocrx_word' id='word_1_178' title='bbox 398 1251 408 1267; x_wconf 83' lang='lat' dir='ltr'><strong>I</strong></span> <span class='ocrx_word' id='word_1_179' title='bbox 435 1240 516 1270; x_wconf 89' lang='lat' dir='ltr'><strong>Solus</strong></span> <span class='ocrx_word' id='word_1_180' title='bbox 530 1242 614 1277; x_wconf 75' lang='lat' dir='ltr'><strong>igitur</strong></span> <span class='ocrx_word' id='word_1_181' title='bbox 630 1246 761 1276; x_wconf 88' lang='lat' dir='ltr'><strong>tanquam</strong></span> <span class='ocrx_word' id='word_1_182' title='bbox 784 1241 926 1270; x_wconf 79' lang='lat' dir='ltr'><strong>familiaris</strong></span> <span class='ocrx_word' id='word_1_183' title='bbox 941 1246 968 1269; x_wconf 93' lang='lat' dir='ltr'><strong>et</strong></span> <span class='ocrx_word' id='word_1_184' title='bbox 992 1242 1114 1277; x_wconf 90' lang='lat' dir='ltr'><strong>discipu-</strong></span> 
     </span>
    </p>
   </div>
   <div class='ocr_carea' id='block_1_28' title="bbox 325 1287 1112 1323">
    <p class='ocr_par' dir='ltr' id='par_1_28' title="bbox 325 1287 1112 1323">
     <span class='ocr_line' id='line_1_28' title="bbox 325 1287 1112 1323; baseline 0.003 -10"><span class='ocrx_word' id='word_1_185' title='bbox 325 1287 368 1313; x_wconf 88' lang='lat' dir='ltr'><strong>lus</strong></span> <span class='ocrx_word' id='word_1_186' title='bbox 383 1287 535 1322; x_wconf 69' lang='lat' dir='ltr'><strong>ingressus,</strong></span> <span class='ocrx_word' id='word_1_187' title='bbox 551 1287 794 1322; x_wconf 82' lang='lat' dir='ltr'><strong>circumspiciebat</strong></span> <span class='ocrx_word' id='word_1_188' title='bbox 807 1291 834 1314; x_wconf 89' lang='lat' dir='ltr'><strong>et</strong></span> <span class='ocrx_word' id='word_1_189' title='bbox 853 1287 1012 1323; x_wconf 77' lang='lat' dir='ltr'><strong>explorabat</strong></span> <span class='ocrx_word' id='word_1_190' title='bbox 1027 1288 1112 1320; x_wconf 85' lang='lat' dir='ltr'><strong>intus,</strong></span> 
     </span>
    </p>
   </div>
   <div class='ocr_carea' id='block_1_29' title="bbox 325 1332 1112 1368">
    <p class='ocr_par' dir='ltr' id='par_1_29' title="bbox 325 1332 1112 1368">
     <span class='ocr_line' id='line_1_29' title="bbox 325 1332 1112 1368; baseline 0.001 -9"><span class='ocrx_word' id='word_1_191' title='bbox 325 1332 442 1361; x_wconf 85' lang='lat' dir='ltr'><strong>insidias</strong></span> <span class='ocrx_word' id='word_1_192' title='bbox 469 1333 496 1360; x_wconf 92' lang='lat' dir='ltr'><strong>in</strong></span> <span class='ocrx_word' id='word_1_193' title='bbox 519 1334 602 1361; x_wconf 85' lang='lat' dir='ltr'><strong>corde</strong></span> <span class='ocrx_word' id='word_1_194' title='bbox 625 1341 676 1361; x_wconf 88' lang='lat' dir='ltr'><strong>suo</strong></span> <span class='ocrx_word' id='word_1_195' title='bbox 694 1333 846 1360; x_wconf 68' lang='lat' dir='ltr'><strong>occultans.</strong></span> <span class='ocrx_word' id='word_1_196' title='bbox 860 1332 994 1368; x_wconf 79' lang='lat' dir='ltr'><strong>Egressus</strong></span> <span class='ocrx_word' id='word_1_197' title='bbox 1010 1337 1112 1367; x_wconf 86' lang='lat' dir='ltr'><strong>autem,</strong></span> 
     </span>
    </p>
   </div>
   <div class='ocr_carea' id='block_1_30' title="bbox 324 1377 1112 1412">
    <p class='ocr_par' dir='ltr' id='par_1_30' title="bbox 324 1377 1112 1412">
     <span class='ocr_line' id='line_1_30' title="bbox 324 1377 1112 1412; baseline 0 -8"><span class='ocrx_word' id='word_1_198' title='bbox 324 1385 387 1404; x_wconf 89' lang='lat' dir='ltr'><strong>cum</strong></span> <span class='ocrx_word' id='word_1_199' title='bbox 403 1377 529 1412; x_wconf 86' lang='lat' dir='ltr'><strong>pluribus</strong></span> <span class='ocrx_word' id='word_1_200' title='bbox 543 1385 598 1405; x_wconf 90' lang='lat' dir='ltr'><strong>uno</strong></span> <span class='ocrx_word' id='word_1_201' title='bbox 610 1379 703 1404; x_wconf 92' lang='lat' dir='ltr'><strong>animo</strong></span> <span class='ocrx_word' id='word_1_202' title='bbox 717 1378 782 1406; x_wconf 84' lang='lat' dir='ltr'><strong>etin</strong></span> <span class='ocrx_word' id='word_1_203' title='bbox 800 1377 871 1405; x_wconf 91' lang='lat' dir='ltr'><strong>idem</strong></span> <span class='ocrx_word' id='word_1_204' title='bbox 882 1377 1112 1412; x_wconf 89' lang='lat' dir='ltr'><strong>obloquebantur,</strong></span> 
     </span>
    </p>
   </div>
   <div class='ocr_carea' id='block_1_31' title="bbox 323 1422 1113 1458">
    <p class='ocr_par' dir='ltr' id='par_1_31' title="bbox 323 1422 1113 1458">
     <span class='ocr_line' id='line_1_31' title="bbox 323 1422 1113 1458; baseline -0.001 -7"><span class='ocrx_word' id='word_1_205' title='bbox 323 1423 390 1451; x_wconf 88' lang='lat' dir='ltr'><strong>dum</strong></span> <span class='ocrx_word' id='word_1_206' title='bbox 403 1422 573 1451; x_wconf 88' lang='lat' dir='ltr'><strong>Salvatorein</strong></span> <span class='ocrx_word' id='word_1_207' title='bbox 597 1424 717 1451; x_wconf 90' lang='lat' dir='ltr'><strong>inimicis</strong></span> <span class='ocrx_word' id='word_1_208' title='bbox 735 1423 871 1454; x_wconf 87' lang='lat' dir='ltr'><strong>tradebat.</strong></span> <span class='ocrx_word' id='word_1_209' title='bbox 887 1427 914 1450; x_wconf 91' lang='lat' dir='ltr'><strong>et</strong></span> <span class='ocrx_word' id='word_1_210' title='bbox 933 1423 1050 1451; x_wconf 88' lang='lat' dir='ltr'><strong>latenter</strong></span> <span class='ocrx_word' id='word_1_211' title='bbox 1065 1431 1113 1458; x_wconf 88' lang='lat' dir='ltr'><strong>pa-</strong></span> 
     </span>
    </p>
   </div>
   <div class='ocr_carea' id='block_1_32' title="bbox 323 1461 1113 1505">
    <p class='ocr_par' dir='ltr' id='par_1_32' title="bbox 323 1461 1113 1505">
     <span class='ocr_line' id='line_1_32' title="bbox 323 1461 1113 1505; baseline 0.001 -9"><span class='ocrx_word' id='word_1_212' title='bbox 323 1470 481 1498; x_wconf 87' lang='lat' dir='ltr'><strong>ciscebatur</strong></span> <span class='ocrx_word' id='word_1_213' title='bbox 494 1478 556 1497; x_wconf 78' lang='lat' dir='ltr'><strong>cum</strong></span> <span class='ocrx_word' id='word_1_214' title='bbox 574 1470 744 1505; x_wconf 86' lang='lat' dir='ltr'><strong>principibus</strong></span> <span class='ocrx_word' id='word_1_215' title='bbox 754 1461 911 1496; x_wconf 71' lang='lat' dir='ltr'><strong>Judaeorum</strong></span> <span class='ocrx_word' id='word_1_216' title='bbox 927 1476 989 1496; x_wconf 94' lang='lat' dir='ltr'><strong>cum</strong></span> <span class='ocrx_word' id='word_1_217' title='bbox 1005 1470 1039 1496; x_wconf 89' lang='lat' dir='ltr'><strong>de</strong></span> <span class='ocrx_word' id='word_1_218' title='bbox 1052 1469 1113 1497; x_wconf 89' lang='lat' dir='ltr'><strong>aliis</strong></span> 
     </span>
    </p>
   </div>
   <div class='ocr_carea' id='block_1_33' title="bbox 324 1515 1112 1550">
    <p class='ocr_par' dir='ltr' id='par_1_33' title="bbox 324 1515 1112 1550">
     <span class='ocr_line' id='line_1_33' title="bbox 324 1515 1112 1550; baseline -0.001 -7"><span class='ocrx_word' id='word_1_219' title='bbox 324 1515 418 1548; x_wconf 84' lang='lat' dir='ltr'><strong>rebus,</strong></span> <span class='ocrx_word' id='word_1_220' title='bbox 431 1520 489 1543; x_wconf 90' lang='lat' dir='ltr'><strong>tum</strong></span> <span class='ocrx_word' id='word_1_221' title='bbox 506 1524 571 1543; x_wconf 87' lang='lat' dir='ltr'><strong>vero</strong></span> <span class='ocrx_word' id='word_1_222' title='bbox 589 1516 671 1543; x_wconf 84' lang='lat' dir='ltr'><strong>etiam</strong></span> <span class='ocrx_word' id='word_1_223' title='bbox 692 1515 726 1542; x_wconf 88' lang='lat' dir='ltr'><strong>de</strong></span> <span class='ocrx_word' id='word_1_224' title='bbox 747 1515 863 1550; x_wconf 83' lang='lat' dir='ltr'><strong>pecunia</strong></span> <span class='ocrx_word' id='word_1_225' title='bbox 878 1522 931 1550; x_wconf 88' lang='lat' dir='ltr'><strong>qua</strong></span> <span class='ocrx_word' id='word_1_226' title='bbox 947 1523 976 1542; x_wconf 88' lang='lat' dir='ltr'><strong>se</strong></span> <span class='ocrx_word' id='word_1_227' title='bbox 994 1515 1112 1542; x_wconf 85' lang='lat' dir='ltr'><strong>traditu-</strong></span> 
     </span>
    </p>
   </div>
   <div class='ocr_carea' id='block_1_34' title="bbox 324 1561 1111 1598">
    <p class='ocr_par' dir='ltr' id='par_1_34' title="bbox 324 1561 1111 1598">
     <span class='ocr_line' id='line_1_34' title="bbox 324 1561 1111 1598; baseline -0.003 -8"><span class='ocrx_word' id='word_1_228' title='bbox 324 1570 386 1590; x_wconf 85' lang='lat' dir='ltr'><strong>rum</strong></span> <span class='ocrx_word' id='word_1_229' title='bbox 403 1562 478 1590; x_wconf 91' lang='lat' dir='ltr'><strong>illum</strong></span> <span class='ocrx_word' id='word_1_230' title='bbox 501 1562 685 1598; x_wconf 81' lang='lat' dir='ltr'><strong>promittebat,</strong></span> <span class='ocrx_word' id='word_1_231' title='bbox 703 1566 730 1588; x_wconf 88' lang='lat' dir='ltr'><strong>et</strong></span> <span class='ocrx_word' id='word_1_232' title='bbox 754 1561 788 1589; x_wconf 90' lang='lat' dir='ltr'><strong>de</strong></span> <span class='ocrx_word' id='word_1_233' title='bbox 805 1569 858 1596; x_wconf 89' lang='lat' dir='ltr'><strong>qua</strong></span> <span class='ocrx_word' id='word_1_234' title='bbox 886 1569 939 1588; x_wconf 88' lang='lat' dir='ltr'><strong>una</strong></span> <span class='ocrx_word' id='word_1_235' title='bbox 954 1569 1015 1588; x_wconf 83' lang='lat' dir='ltr'><strong>cum</strong></span> <span class='ocrx_word' id='word_1_236' title='bbox 1044 1561 1111 1596; x_wconf 91' lang='lat' dir='ltr'><strong>ipsis</strong></span> 
     </span>
    </p>
   </div>
   <div class='ocr_carea' id='block_1_35' title="bbox 323 1606 1113 1642">
    <p class='ocr_par' dir='ltr' id='par_1_35' title="bbox 323 1606 1113 1642">
     <span class='ocr_line' id='line_1_35' title="bbox 323 1606 1113 1642; baseline 0.001 -8"><span class='ocrx_word' id='word_1_237' title='bbox 323 1606 380 1635; x_wconf 80' lang='lat' dir='ltr'><strong>illis</strong></span> <span class='ocrx_word' id='word_1_238' title='bbox 392 1608 563 1636; x_wconf 78' lang='lat' dir='ltr'><strong>susurrabat.</strong></span> <span class='ocrx_word' id='word_1_239' title='bbox 574 1606 610 1633; x_wconf 81' lang='lat' dir='ltr'><strong>Ex</strong></span> <span class='ocrx_word' id='word_1_240' title='bbox 624 1614 678 1642; x_wconf 92' lang='lat' dir='ltr'><strong>quo</strong></span> <span class='ocrx_word' id='word_1_241' title='bbox 691 1607 742 1634; x_wconf 80' lang='lat' dir='ltr'><strong>ait:</strong></span> <span class='ocrx_word' id='word_1_242' title='bbox 755 1616 763 1632; x_wconf 82' lang='grc' dir='ltr'><strong>ι</strong></span> <span class='ocrx_word' id='word_1_243' title='bbox 776 1606 973 1642; x_wconf 79' lang='lat' dir='ltr'><strong>Egrediebatur</strong></span> <span class='ocrx_word' id='word_1_244' title='bbox 989 1606 1073 1639; x_wconf 78' lang='lat' dir='ltr'><strong>foras,</strong></span> <span class='ocrx_word' id='word_1_245' title='bbox 1086 1611 1113 1635; x_wconf 89' lang='lat' dir='ltr'><strong>et</strong></span> 
     </span>
    </p>
   </div>
   <div class='ocr_carea' id='block_1_36' title="bbox 325 1652 1112 1689">
    <p class='ocr_par' dir='ltr' id='par_1_36' title="bbox 325 1652 1112 1689">
     <span class='ocr_line' id='line_1_36' title="bbox 325 1652 1112 1689; baseline -0.004 -7"><span class='ocrx_word' id='word_1_246' title='bbox 325 1655 489 1689; x_wconf 66' lang='lat' dir='ltr'><strong>loquebatur</strong></span> <span class='ocrx_word' id='word_1_247' title='bbox 504 1654 530 1680; x_wconf 87' lang='lat' dir='ltr'><strong>in</strong></span> <span class='ocrx_word' id='word_1_248' title='bbox 559 1653 687 1688; x_wconf 87' lang='lat' dir='ltr'><strong>idipsum.</strong></span> <span class='ocrx_word' id='word_1_249' title='bbox 715 1652 854 1681; x_wconf 80' lang='lat' dir='ltr'><strong>Adversus</strong></span> <span class='ocrx_word' id='word_1_250' title='bbox 871 1661 914 1680; x_wconf 90' lang='lat' dir='ltr'><strong>me</strong></span> <span class='ocrx_word' id='word_1_251' title='bbox 931 1653 1112 1681; x_wconf 85' lang='lat' dir='ltr'><strong>susurrabant</strong></span> 
     </span>
    </p>
   </div>
   <div class='ocr_carea' id='block_1_37' title="bbox 324 1699 1112 1735">
    <p class='ocr_par' dir='ltr' id='par_1_37' title="bbox 324 1699 1112 1735">
     <span class='ocr_line' id='line_1_37' title="bbox 324 1699 1112 1735; baseline -0.003 -8"><span class='ocrx_word' id='word_1_252' title='bbox 324 1707 421 1728; x_wconf 88' lang='lat' dir='ltr'><strong>omnes</strong></span> <span class='ocrx_word' id='word_1_253' title='bbox 439 1700 542 1727; x_wconf 89' lang='lat' dir='ltr'><strong>inimici</strong></span> <span class='ocrx_word' id='word_1_254' title='bbox 557 1700 621 1727; x_wconf 89' lang='lat' dir='ltr'><strong>mei.</strong></span> <span class='ocrx_word' id='word_1_255' title='bbox 636 1699 789 1727; x_wconf 80' lang='lat' dir='ltr'><strong>Adversum</strong></span> <span class='ocrx_word' id='word_1_256' title='bbox 803 1707 847 1726; x_wconf 90' lang='lat' dir='ltr'><strong>me</strong></span> <span class='ocrx_word' id='word_1_257' title='bbox 867 1699 1024 1735; x_wconf 79' lang='lat' dir='ltr'><strong>cogitabant</strong></span> <span class='ocrx_word' id='word_1_258' title='bbox 1042 1699 1112 1726; x_wconf 86' lang='lat' dir='ltr'><strong>mala</strong></span> 
     </span>
    </p>
   </div>
   <div class='ocr_carea' id='block_1_38' title="bbox 323 1745 1112 1780">
    <p class='ocr_par' dir='ltr' id='par_1_38' title="bbox 323 1745 1112 1780">
     <span class='ocr_line' id='line_1_38' title="bbox 323 1745 1112 1780; baseline -0.003 -6"><span class='ocrx_word' id='word_1_259' title='bbox 323 1747 402 1774; x_wconf 77' lang='lat' dir='ltr'><strong>mihi.</strong></span> <span class='ocrx_word' id='word_1_260' title='bbox 426 1746 544 1773; x_wconf 76' lang='lat' dir='ltr'><strong>Verbum</strong></span> <span class='ocrx_word' id='word_1_261' title='bbox 576 1746 700 1780; x_wconf 87' lang='lat' dir='ltr'><strong>iniquum</strong></span> <span class='ocrx_word' id='word_1_262' title='bbox 736 1745 939 1773; x_wconf 87' lang='lat' dir='ltr'><strong>conslituerunt</strong></span> <span class='ocrx_word' id='word_1_263' title='bbox 967 1746 1112 1773; x_wconf 87' lang='lat' dir='ltr'><strong>adversum</strong></span> 
     </span>
    </p>
   </div>
   <div class='ocr_carea' id='block_1_39' title="bbox 324 1791 1110 1827">
    <p class='ocr_par' dir='ltr' id='par_1_39' title="bbox 324 1791 1110 1827">
     <span class='ocr_line' id='line_1_39' title="bbox 324 1791 1110 1827; baseline -0.003 -7"><span class='ocrx_word' id='word_1_264' title='bbox 324 1801 368 1820; x_wconf 85' lang='lat' dir='ltr'><strong>me</strong></span> <span class='ocrx_word' id='word_1_265' title='bbox 380 1793 414 1820; x_wconf 78' lang='grc'><strong>⁸⁸.</strong></span> <span class='ocrx_word' id='word_1_266' title='bbox 437 1802 446 1818; x_wconf 73' lang='grc' dir='ltr'><strong>ι</strong></span> <span class='ocrx_word' id='word_1_267' title='bbox 462 1792 577 1820; x_wconf 80' lang='lat' dir='ltr'><strong>Videtur</strong></span> <span class='ocrx_word' id='word_1_268' title='bbox 607 1796 697 1820; x_wconf 86' lang='lat' dir='ltr'><strong>autem</strong></span> <span class='ocrx_word' id='word_1_269' title='bbox 727 1792 881 1827; x_wconf 83' lang='lat' dir='ltr'><strong>pactionem</strong></span> <span class='ocrx_word' id='word_1_270' title='bbox 911 1791 944 1819; x_wconf 92' lang='lat' dir='ltr'><strong>de</strong></span> <span class='ocrx_word' id='word_1_271' title='bbox 965 1791 1110 1826; x_wconf 82' lang='lat' dir='ltr'><strong>argenteis,</strong></span> 
     </span>
    </p>
   </div>
   <div class='ocr_carea' id='block_1_40' title="bbox 325 1838 1112 1874">
    <p class='ocr_par' dir='ltr' id='par_1_40' title="bbox 325 1838 1112 1874">
     <span class='ocr_line' id='line_1_40' title="bbox 325 1838 1112 1874; baseline -0.004 -8"><span class='ocrx_word' id='word_1_272' title='bbox 325 1839 438 1866; x_wconf 84' lang='lat' dir='ltr'><strong>verbum</strong></span> <span class='ocrx_word' id='word_1_273' title='bbox 455 1838 591 1874; x_wconf 90' lang='lat' dir='ltr'><strong>iniquum,</strong></span> <span class='ocrx_word' id='word_1_274' title='bbox 605 1838 763 1873; x_wconf 87' lang='lat' dir='ltr'><strong>prophetice</strong></span> <span class='ocrx_word' id='word_1_275' title='bbox 787 1838 930 1865; x_wconf 87' lang='lat' dir='ltr'><strong>nominare</strong></span> <span class='ocrx_word' id='word_1_276' title='bbox 947 1847 953 1864; x_wconf 87' lang='lat'><strong>:</strong></span> <span class='ocrx_word' id='word_1_277' title='bbox 972 1841 1019 1864; x_wconf 91' lang='lat' dir='ltr'><strong>aut</strong></span> <span class='ocrx_word' id='word_1_278' title='bbox 1030 1838 1112 1866; x_wconf 83' lang='lat' dir='ltr'><strong>etiam</strong></span> 
     </span>
    </p>
   </div>
   <div class='ocr_carea' id='block_1_41' title="bbox 327 1883 1113 1919">
    <p class='ocr_par' dir='ltr' id='par_1_41' title="bbox 327 1883 1113 1919">
     <span class='ocr_line' id='line_1_41' title="bbox 327 1883 1113 1919; baseline -0.003 -8"><span class='ocrx_word' id='word_1_279' title='bbox 327 1886 363 1912; x_wconf 91' lang='lat' dir='ltr'><strong>ita</strong></span> <span class='ocrx_word' id='word_1_280' title='bbox 379 1885 457 1915; x_wconf 82' lang='lat' dir='ltr'><strong>dicit,</strong></span> <span class='ocrx_word' id='word_1_281' title='bbox 474 1890 617 1919; x_wconf 86' lang='lat' dir='ltr'><strong>propterea</strong></span> <span class='ocrx_word' id='word_1_282' title='bbox 634 1884 707 1918; x_wconf 79' lang='lat' dir='ltr'><strong>quod</strong></span> <span class='ocrx_word' id='word_1_283' title='bbox 724 1883 826 1911; x_wconf 80' lang='lat' dir='ltr'><strong>nefaria</strong></span> <span class='ocrx_word' id='word_1_284' title='bbox 841 1887 867 1911; x_wconf 90' lang='lat' dir='ltr'><strong>et</strong></span> <span class='ocrx_word' id='word_1_285' title='bbox 878 1884 971 1918; x_wconf 91' lang='lat' dir='ltr'><strong>iniqua</strong></span> <span class='ocrx_word' id='word_1_286' title='bbox 982 1883 1113 1911; x_wconf 78' lang='lat' dir='ltr'><strong>adversus</strong></span> 
     </span>
    </p>
   </div>
   <div class='ocr_carea' id='block_1_42' title="bbox 327 1929 1113 1964">
    <p class='ocr_par' dir='ltr' id='par_1_42' title="bbox 327 1929 1113 1964">
     <span class='ocr_line' id='line_1_42' title="bbox 327 1929 1113 1964; baseline -0.001 -7"><span class='ocrx_word' id='word_1_287' title='bbox 327 1930 403 1958; x_wconf 85' lang='lat' dir='ltr'><strong>illum</strong></span> <span class='ocrx_word' id='word_1_288' title='bbox 425 1930 593 1964; x_wconf 74' lang='lat' dir='ltr'><strong>cogitabant,</strong></span> <span class='ocrx_word' id='word_1_289' title='bbox 606 1932 699 1963; x_wconf 90' lang='lat' dir='ltr'><strong>utpote</strong></span> <span class='ocrx_word' id='word_1_290' title='bbox 723 1929 770 1964; x_wconf 93' lang='lat' dir='ltr'><strong>qui</strong></span> <span class='ocrx_word' id='word_1_291' title='bbox 792 1929 868 1955; x_wconf 92' lang='lat' dir='ltr'><strong>illum</strong></span> <span class='ocrx_word' id='word_1_292' title='bbox 885 1929 1113 1964; x_wconf 79' lang='lat' dir='ltr'><strong>exstinguendum</strong></span> 
     </span>
    </p>
   </div>
   <div class='ocr_carea' id='block_1_43' title="bbox 327 1974 1112 2010">
    <p class='ocr_par' dir='ltr' id='par_1_43' title="bbox 327 1974 1112 2010">
     <span class='ocr_line' id='line_1_43' title="bbox 327 1974 1112 2010; baseline -0.001 -8"><span class='ocrx_word' id='word_1_293' title='bbox 327 1981 354 2002; x_wconf 85' lang='lat' dir='ltr'><strong>et</strong></span> <span class='ocrx_word' id='word_1_294' title='bbox 372 1979 433 2008; x_wconf 86' lang='lat' dir='ltr'><strong>post</strong></span> <span class='ocrx_word' id='word_1_295' title='bbox 449 1983 544 2002; x_wconf 86' lang='lat' dir='ltr'><strong>necem</strong></span> <span class='ocrx_word' id='word_1_296' title='bbox 567 1974 741 2006; x_wconf 87' lang='lat' dir='ltr'><strong>abolendum,</strong></span> <span class='ocrx_word' id='word_1_297' title='bbox 758 1983 847 2009; x_wconf 86' lang='lat' dir='ltr'><strong>neque</strong></span> <span class='ocrx_word' id='word_1_298' title='bbox 862 1975 979 2010; x_wconf 86' lang='lat' dir='ltr'><strong>amplius</strong></span> <span class='ocrx_word' id='word_1_299' title='bbox 991 1975 1061 2003; x_wconf 91' lang='lat' dir='ltr'><strong>inter</strong></span> <span class='ocrx_word' id='word_1_300' title='bbox 1073 1975 1112 2002; x_wconf 91' lang='lat' dir='ltr'><strong>vi-</strong></span> 
     </span>
    </p>
   </div>
   <div class='ocr_carea' id='block_1_44' title="bbox 328 2019 1112 2054">
    <p class='ocr_par' dir='ltr' id='par_1_44' title="bbox 328 2019 1112 2054">
     <span class='ocr_line' id='line_1_44' title="bbox 328 2019 1112 2054; baseline 0.003 -10"><span class='ocrx_word' id='word_1_301' title='bbox 328 2027 376 2047; x_wconf 78' lang='lat' dir='ltr'><strong>ros</strong></span> <span class='ocrx_word' id='word_1_302' title='bbox 395 2019 588 2054; x_wconf 87' lang='lat' dir='ltr'><strong>requirendum</strong></span> <span class='ocrx_word' id='word_1_303' title='bbox 612 2020 822 2047; x_wconf 89' lang='lat' dir='ltr'><strong>arbitrarentur.</strong></span> <span class='ocrx_word' id='word_1_304' title='bbox 839 2019 905 2047; x_wconf 87' lang='lat' dir='ltr'><strong>Tale</strong></span> <span class='ocrx_word' id='word_1_305' title='bbox 924 2023 966 2047; x_wconf 87' lang='lat' dir='ltr'><strong>est</strong></span> <span class='ocrx_word' id='word_1_306' title='bbox 990 2020 1062 2049; x_wconf 89' lang='lat' dir='ltr'><strong>enim</strong></span> <span class='ocrx_word' id='word_1_307' title='bbox 1079 2019 1112 2046; x_wconf 91' lang='lat' dir='ltr'><strong>il-</strong></span> 
     </span>
    </p>
   </div>
   <div class='ocr_carea' id='block_1_45' title="bbox 326 2065 1113 2101">
    <p class='ocr_par' dir='ltr' id='par_1_45' title="bbox 326 2065 1113 2101">
     <span class='ocr_line' id='line_1_45' title="bbox 326 2065 1113 2101; baseline 0.001 -9"><span class='ocrx_word' id='word_1_308' title='bbox 326 2065 374 2092; x_wconf 88' lang='lat' dir='ltr'><strong>lud</strong></span> <span class='ocrx_word' id='word_1_309' title='bbox 394 2076 399 2093; x_wconf 97' lang='lat'>:</span> <span class='ocrx_word' id='word_1_310' title='bbox 419 2075 428 2092; x_wconf 81' lang='grc' dir='ltr'><strong>ι</strong></span> <span class='ocrx_word' id='word_1_311' title='bbox 446 2065 574 2101; x_wconf 81' lang='lat' dir='ltr'><strong>Nunquid</strong></span> <span class='ocrx_word' id='word_1_312' title='bbox 589 2066 635 2100; x_wconf 92' lang='lat' dir='ltr'><strong>qui</strong></span> <span class='ocrx_word' id='word_1_313' title='bbox 649 2066 761 2100; x_wconf 85' lang='lat' dir='ltr'><strong>dormit,</strong></span> <span class='ocrx_word' id='word_1_314' title='bbox 777 2075 830 2093; x_wconf 87' lang='lat' dir='ltr'><strong>non</strong></span> <span class='ocrx_word' id='word_1_315' title='bbox 854 2066 963 2101; x_wconf 85' lang='lat' dir='ltr'><strong>adjiciet</strong></span> <span class='ocrx_word' id='word_1_316' title='bbox 977 2070 1006 2093; x_wconf 90' lang='lat' dir='ltr'><strong>ut</strong></span> <span class='ocrx_word' id='word_1_317' title='bbox 1022 2073 1113 2093; x_wconf 87' lang='lat' dir='ltr'><strong>resur-</strong></span> 
     </span>
    </p>
   </div>
   <div class='ocr_carea' id='block_1_46' title="bbox 326 2112 1113 2148">
    <p class='ocr_par' dir='ltr' id='par_1_46' title="bbox 326 2112 1113 2148">
     <span class='ocr_line' id='line_1_46' title="bbox 326 2112 1113 2148; baseline 0.004 -11"><span class='ocrx_word' id='word_1_318' title='bbox 326 2116 373 2148; x_wconf 68' lang='lat' dir='ltr'><strong>gat</strong></span> <span class='ocrx_word' id='word_1_319' title='bbox 392 2112 433 2138; x_wconf 66' lang='lat'><strong>&#39;9?</strong></span> <span class='ocrx_word' id='word_1_320' title='bbox 450 2122 459 2138; x_wconf 71' lang='grc' dir='ltr'><strong><em>ι</em></strong></span> <span class='ocrx_word' id='word_1_321' title='bbox 484 2112 557 2147; x_wconf 87' lang='lat' dir='ltr'><strong>quod</strong></span> <span class='ocrx_word' id='word_1_322' title='bbox 582 2112 698 2139; x_wconf 89' lang='lat' dir='ltr'><strong>lucidius</strong></span> <span class='ocrx_word' id='word_1_323' title='bbox 724 2113 836 2148; x_wconf 85' lang='lat' dir='ltr'><strong>protulit</strong></span> <span class='ocrx_word' id='word_1_324' title='bbox 867 2112 1048 2148; x_wconf 85' lang='lat' dir='ltr'><strong>Symmachus</strong></span> <span class='ocrx_word' id='word_1_325' title='bbox 1071 2112 1113 2140; x_wconf 90' lang='lat' dir='ltr'><strong>his</strong></span> 
     </span>
    </p>
   </div>
   <div class='ocr_carea' id='block_1_47' title="bbox 326 2156 1111 2193">
    <p class='ocr_par' dir='ltr' id='par_1_47' title="bbox 326 2156 1111 2193">
     <span class='ocr_line' id='line_1_47' title="bbox 326 2156 1111 2193; baseline 0 -10"><span class='ocrx_word' id='word_1_326' title='bbox 326 2157 442 2185; x_wconf 87' lang='lat' dir='ltr'><strong>verbis:</strong></span> <span class='ocrx_word' id='word_1_327' title='bbox 471 2167 479 2183; x_wconf 83' lang='grc' dir='ltr'><strong>ι</strong></span> <span class='ocrx_word' id='word_1_328' title='bbox 506 2156 538 2183; x_wconf 87' lang='lat' dir='ltr'><strong>Et</strong></span> <span class='ocrx_word' id='word_1_329' title='bbox 560 2158 606 2192; x_wconf 87' lang='lat' dir='ltr'><strong>qui</strong></span> <span class='ocrx_word' id='word_1_330' title='bbox 632 2157 732 2185; x_wconf 82' lang='lat' dir='ltr'><strong>cecidit</strong></span> <span class='ocrx_word' id='word_1_331' title='bbox 761 2165 815 2184; x_wconf 90' lang='lat' dir='ltr'><strong>non</strong></span> <span class='ocrx_word' id='word_1_332' title='bbox 844 2158 915 2184; x_wconf 90' lang='lat' dir='ltr'><strong>ultra</strong></span> <span class='ocrx_word' id='word_1_333' title='bbox 947 2162 1080 2193; x_wconf 80' lang='lat' dir='ltr'><strong>resurget.</strong></span> <span class='ocrx_word' id='word_1_334' title='bbox 1102 2167 1111 2183; x_wconf 84' lang='grc'><strong>›</strong></span> 
     </span>
    </p>
   </div>
   <div class='ocr_carea' id='block_1_48' title="bbox 326 2202 1115 2239">
    <p class='ocr_par' dir='ltr' id='par_1_48' title="bbox 326 2202 1115 2239">
     <span class='ocr_line' id='line_1_48' title="bbox 326 2202 1115 2239; baseline 0 -9"><span class='ocrx_word' id='word_1_335' title='bbox 326 2203 424 2239; x_wconf 78' lang='lat' dir='ltr'><strong>Aquila</strong></span> <span class='ocrx_word' id='word_1_336' title='bbox 441 2211 514 2235; x_wconf 88' lang='lat' dir='ltr'><strong>vero,</strong></span> <span class='ocrx_word' id='word_1_337' title='bbox 546 2213 554 2228; x_wconf 81' lang='grc' dir='ltr'><strong>ι</strong></span> <span class='ocrx_word' id='word_1_338' title='bbox 573 2203 673 2238; x_wconf 80' lang='lat' dir='ltr'><strong>thui,</strong></span> <span class='ocrx_word' id='word_1_339' title='bbox 690 2203 790 2238; x_wconf 86' lang='lat' dir='ltr'><strong>inquit,</strong></span> <span class='ocrx_word' id='word_1_340' title='bbox 807 2202 959 2234; x_wconf 85' lang='lat' dir='ltr'><strong>dormierit,</strong></span> <span class='ocrx_word' id='word_1_341' title='bbox 977 2211 1030 2230; x_wconf 91' lang='lat' dir='ltr'><strong>non</strong></span> <span class='ocrx_word' id='word_1_342' title='bbox 1046 2203 1115 2237; x_wconf 88' lang='lat' dir='ltr'><strong>adji-</strong></span> 
     </span>
    </p>
   </div>
   <div class='ocr_carea' id='block_1_49' title="bbox 293 2248 1116 2284">
    <p class='ocr_par' dir='ltr' id='par_1_49' title="bbox 293 2248 1116 2284">
     <span class='ocr_line' id='line_1_49' title="bbox 293 2248 1116 2284; baseline 0.001 -9"><span class='ocrx_word' id='word_1_343' title='bbox 293 2270 301 2283; x_wconf 46' lang='grc' dir='ltr'>π</span> <span class='ocrx_word' id='word_1_344' title='bbox 326 2249 382 2277; x_wconf 85' lang='lat' dir='ltr'><strong>ciet</strong></span> <span class='ocrx_word' id='word_1_345' title='bbox 396 2252 426 2276; x_wconf 92' lang='lat' dir='ltr'><strong>ut</strong></span> <span class='ocrx_word' id='word_1_346' title='bbox 440 2253 567 2284; x_wconf 79' lang='lat' dir='ltr'><strong>resurgat</strong></span> <span class='ocrx_word' id='word_1_347' title='bbox 580 2248 622 2276; x_wconf 73' lang='grc' dir='ltr'><strong>⁸ος</strong></span> <span class='ocrx_word' id='word_1_348' title='bbox 646 2259 654 2274; x_wconf 77' lang='lat' dir='ltr'><strong>i</strong></span> <span class='ocrx_word' id='word_1_349' title='bbox 671 2254 697 2276; x_wconf 89' lang='lat' dir='ltr'><strong>ct</strong></span> <span class='ocrx_word' id='word_1_350' title='bbox 712 2250 769 2276; x_wconf 60' lang='lat' dir='ltr'><strong>hac</strong></span> <span class='ocrx_word' id='word_1_351' title='bbox 791 2249 901 2284; x_wconf 88' lang='lat' dir='ltr'><strong>quidem</strong></span> <span class='ocrx_word' id='word_1_352' title='bbox 927 2248 1017 2276; x_wconf 88' lang='lat' dir='ltr'><strong>adhuc</strong></span> <span class='ocrx_word' id='word_1_353' title='bbox 1040 2257 1116 2276; x_wconf 89' lang='lat' dir='ltr'><strong>com-</strong></span> 
     </span>
    </p>
   </div>
   <div class='ocr_carea' id='block_1_50' title="bbox 1166 315 1947 354">
    <p class='ocr_par' dir='ltr' id='par_1_50' title="bbox 1166 315 1947 354">
     <span class='ocr_line' id='line_1_50' title="bbox 1166 315 1947 354; baseline -0.004 -9"><span class='ocrx_word' id='word_1_354' title='bbox 1166 326 1212 350; x_wconf 85' lang='grc' dir='ltr'><strong>τες</strong></span> <span class='ocrx_word' id='word_1_355' title='bbox 1227 317 1252 345; x_wconf 84' lang='lat' dir='ltr'><strong>ol</strong></span> <span class='ocrx_word' id='word_1_356' title='bbox 1268 317 1409 353; x_wconf 81' lang='grc' dir='ltr'>μισοῦντές</span> <span class='ocrx_word' id='word_1_357' title='bbox 1426 326 1470 354; x_wconf 85' lang='grc' dir='ltr'>με.</span> <span class='ocrx_word' id='word_1_358' title='bbox 1490 327 1499 343; x_wconf 81' lang='lat' dir='ltr'><strong>i</strong></span> <span class='ocrx_word' id='word_1_359' title='bbox 1518 318 1605 350; x_wconf 81' lang='grc' dir='ltr'><strong>Μόνος</strong></span> <span class='ocrx_word' id='word_1_360' title='bbox 1626 317 1675 353; x_wconf 83' lang='grc' dir='ltr'><strong>μὲν</strong></span> <span class='ocrx_word' id='word_1_361' title='bbox 1689 315 1735 344; x_wconf 82' lang='grc' dir='ltr'>οὖν</span> <span class='ocrx_word' id='word_1_362' title='bbox 1751 316 1788 352; x_wconf 76' lang='grc' dir='ltr'>ὡς</span> <span class='ocrx_word' id='word_1_363' title='bbox 1805 316 1838 343; x_wconf 81' lang='grc' dir='ltr'>ἃν</span> <span class='ocrx_word' id='word_1_364' title='bbox 1850 316 1947 352; x_wconf 75' lang='grc' dir='ltr'>γνώρι-</span> 
     </span>
    </p>
   </div>
   <div class='ocr_carea' id='block_1_51' title="bbox 1168 362 1947 400">
    <p class='ocr_par' dir='ltr' id='par_1_51' title="bbox 1168 362 1947 400">
     <span class='ocr_line' id='line_1_51' title="bbox 1168 362 1947 400; baseline -0.001 -10"><span class='ocrx_word' id='word_1_365' title='bbox 1168 372 1219 400; x_wconf 85' lang='grc' dir='ltr'><strong>μος</strong></span> <span class='ocrx_word' id='word_1_366' title='bbox 1228 364 1275 390; x_wconf 78' lang='grc' dir='ltr'><strong>καὶ</strong></span> <span class='ocrx_word' id='word_1_367' title='bbox 1288 363 1411 400; x_wconf 82' lang='grc' dir='ltr'>μαθητὴς</span> <span class='ocrx_word' id='word_1_368' title='bbox 1418 364 1493 399; x_wconf 86' lang='grc' dir='ltr'>παρὰ</span> <span class='ocrx_word' id='word_1_369' title='bbox 1502 363 1659 390; x_wconf 76' lang='grc' dir='ltr'><strong>διδάσκαλον</strong></span> <span class='ocrx_word' id='word_1_370' title='bbox 1666 362 1767 395; x_wconf 72' lang='grc' dir='ltr'>εἰσιὼν,</span> <span class='ocrx_word' id='word_1_371' title='bbox 1776 363 1947 399; x_wconf 81' lang='grc' dir='ltr'>περιεσκόπει</span> 
     </span>
    </p>
   </div>
   <div class='ocr_carea' id='block_1_52' title="bbox 1166 408 1948 446">
    <p class='ocr_par' dir='ltr' id='par_1_52' title="bbox 1166 408 1948 446">
     <span class='ocr_line' id='line_1_52' title="bbox 1166 408 1948 446; baseline -0.003 -9"><span class='ocrx_word' id='word_1_372' title='bbox 1166 411 1213 437; x_wconf 78' lang='grc' dir='ltr'>καὶ</span> <span class='ocrx_word' id='word_1_373' title='bbox 1239 410 1452 446; x_wconf 81' lang='grc' dir='ltr'>κατεμάνθανεν,</span> <span class='ocrx_word' id='word_1_374' title='bbox 1484 409 1557 437; x_wconf 77' lang='grc' dir='ltr'>ἔνδον</span> <span class='ocrx_word' id='word_1_375' title='bbox 1579 410 1625 437; x_wconf 72' lang='grc' dir='ltr'><strong>ἐπὶ</strong></span> <span class='ocrx_word' id='word_1_376' title='bbox 1648 410 1698 445; x_wconf 87' lang='grc' dir='ltr'>τῆς</span> <span class='ocrx_word' id='word_1_377' title='bbox 1717 408 1813 436; x_wconf 79' lang='grc' dir='ltr'>ἑαυτοῦ</span> <span class='ocrx_word' id='word_1_378' title='bbox 1837 409 1948 445; x_wconf 78' lang='grc' dir='ltr'>καρδίας</span> 
     </span>
    </p>
   </div>
   <div class='ocr_carea' id='block_1_53' title="bbox 1166 456 1948 493">
    <p class='ocr_par' dir='ltr' id='par_1_53' title="bbox 1166 456 1948 493">
     <span class='ocr_line' id='line_1_53' title="bbox 1166 456 1948 493; baseline -0.003 -9"><span class='ocrx_word' id='word_1_379' title='bbox 1166 457 1295 493; x_wconf 83' lang='grc' dir='ltr'>κρύπτων</span> <span class='ocrx_word' id='word_1_380' title='bbox 1322 457 1371 493; x_wconf 81' lang='grc' dir='ltr'><strong>τὴν</strong></span> <span class='ocrx_word' id='word_1_381' title='bbox 1399 457 1553 493; x_wconf 72' lang='grc' dir='ltr'>ἐπιϐουλήν.</span> <span class='ocrx_word' id='word_1_382' title='bbox 1569 456 1662 489; x_wconf 84' lang='grc' dir='ltr'>Ἑξιὼν</span> <span class='ocrx_word' id='word_1_383' title='bbox 1677 456 1723 489; x_wconf 81' lang='grc' dir='ltr'><strong>δὲ,</strong></span> <span class='ocrx_word' id='word_1_384' title='bbox 1742 456 1810 491; x_wconf 85' lang='grc' dir='ltr'>μετὰ</span> <span class='ocrx_word' id='word_1_385' title='bbox 1821 456 1948 483; x_wconf 70' lang='grc' dir='ltr'>πλειόνων</span> 
     </span>
    </p>
   </div>
   <div class='ocr_carea' id='block_1_54' title="bbox 1166 501 1948 538">
    <p class='ocr_par' dir='ltr' id='par_1_54' title="bbox 1166 501 1948 538">
     <span class='ocr_line' id='line_1_54' title="bbox 1166 501 1948 538; baseline -0.004 -8"><span class='ocrx_word' id='word_1_386' title='bbox 1166 503 1335 538; x_wconf 79' lang='grc' dir='ltr'><strong>ὁμοθυμαδὸν</strong></span> <span class='ocrx_word' id='word_1_387' title='bbox 1350 504 1396 530; x_wconf 82' lang='grc' dir='ltr'><strong>καὶ</strong></span> <span class='ocrx_word' id='word_1_388' title='bbox 1413 504 1459 530; x_wconf 72' lang='grc' dir='ltr'>ἐπὶ</span> <span class='ocrx_word' id='word_1_389' title='bbox 1468 503 1498 530; x_wconf 75' lang='grc' dir='ltr'>τὺ</span> <span class='ocrx_word' id='word_1_390' title='bbox 1518 503 1582 529; x_wconf 77' lang='grc' dir='ltr'>αὐτὸ</span> <span class='ocrx_word' id='word_1_391' title='bbox 1599 502 1750 534; x_wconf 79' lang='grc' dir='ltr'>κατελάλει,</span> <span class='ocrx_word' id='word_1_392' title='bbox 1771 502 1828 534; x_wconf 84' lang='grc' dir='ltr'>τοῖς</span> <span class='ocrx_word' id='word_1_393' title='bbox 1844 501 1948 537; x_wconf 74' lang='grc' dir='ltr'>ἐχθροῖς</span> 
     </span>
    </p>
   </div>
   <div class='ocr_carea' id='block_1_55' title="bbox 1165 547 1946 586">
    <p class='ocr_par' dir='ltr' id='par_1_55' title="bbox 1165 547 1946 586">
     <span class='ocr_line' id='line_1_55' title="bbox 1165 547 1946 586; baseline -0.004 -10"><span class='ocrx_word' id='word_1_394' title='bbox 1165 550 1307 586; x_wconf 73' lang='grc' dir='ltr'>προδιδοὺς</span> <span class='ocrx_word' id='word_1_395' title='bbox 1335 550 1381 576; x_wconf 77' lang='grc' dir='ltr'>τὸν</span> <span class='ocrx_word' id='word_1_396' title='bbox 1406 550 1528 585; x_wconf 79' lang='grc' dir='ltr'><strong>Σωτῆρα,</strong></span> <span class='ocrx_word' id='word_1_397' title='bbox 1549 550 1595 576; x_wconf 69' lang='grc' dir='ltr'><strong>καὶ</strong></span> <span class='ocrx_word' id='word_1_398' title='bbox 1612 548 1821 584; x_wconf 75' lang='grc' dir='ltr'><strong>συνταττόμενος</strong></span> <span class='ocrx_word' id='word_1_399' title='bbox 1831 549 1886 579; x_wconf 82' lang='grc' dir='ltr'>τοῖς</span> <span class='ocrx_word' id='word_1_400' title='bbox 1895 547 1946 574; x_wconf 76' lang='grc' dir='ltr'>τῶν</span> 
     </span>
    </p>
   </div>
   <div class='ocr_carea' id='block_1_56' title="bbox 1172 591 1947 632">
    <p class='ocr_par' dir='ltr' id='par_1_56' title="bbox 1172 591 1947 632">
     <span class='ocr_line' id='line_1_56' title="bbox 1172 591 1947 632; baseline -0.005 -9"><span class='ocrx_word' id='word_1_401' title='bbox 1172 597 1306 623; x_wconf 77' lang='grc' dir='ltr'><strong>Ἰουδαίων</strong></span> <span class='ocrx_word' id='word_1_402' title='bbox 1328 596 1440 632; x_wconf 78' lang='grc' dir='ltr'>ἄρχουσι</span> <span class='ocrx_word' id='word_1_403' title='bbox 1453 595 1601 630; x_wconf 71' lang='grc' dir='ltr'><strong>λεληθότως</strong></span> <span class='ocrx_word' id='word_1_404' title='bbox 1625 594 1688 630; x_wconf 75' lang='grc' dir='ltr'>περὶ</span> <span class='ocrx_word' id='word_1_405' title='bbox 1711 594 1820 629; x_wconf 82' lang='grc' dir='ltr'>ἐτέρων,</span> <span class='ocrx_word' id='word_1_406' title='bbox 1841 593 1870 620; x_wconf 80' lang='grc' dir='ltr'>οὐ</span> <span class='ocrx_word' id='word_1_407' title='bbox 1897 591 1947 628; x_wconf 81' lang='grc' dir='ltr'>μὴν</span> 
     </span>
    </p>
   </div>
   <div class='ocr_carea' id='block_1_57' title="bbox 1166 637 1947 677">
    <p class='ocr_par' dir='ltr' id='par_1_57' title="bbox 1166 637 1947 677">
     <span class='ocr_line' id='line_1_57' title="bbox 1166 637 1947 677; baseline -0.006 -8"><span class='ocrx_word' id='word_1_408' title='bbox 1166 642 1234 669; x_wconf 78' lang='grc' dir='ltr'>ἀλλὰ</span> <span class='ocrx_word' id='word_1_409' title='bbox 1253 643 1300 668; x_wconf 80' lang='grc' dir='ltr'><strong>καὶ</strong></span> <span class='ocrx_word' id='word_1_410' title='bbox 1326 642 1388 677; x_wconf 78' lang='grc' dir='ltr'>περὶ</span> <span class='ocrx_word' id='word_1_411' title='bbox 1411 641 1464 668; x_wconf 79' lang='grc' dir='ltr'>τῶν</span> <span class='ocrx_word' id='word_1_412' title='bbox 1487 642 1645 676; x_wconf 77' lang='grc' dir='ltr'>χρημάτων,</span> <span class='ocrx_word' id='word_1_413' title='bbox 1663 641 1705 674; x_wconf 78' lang='grc' dir='ltr'><strong>ἐφ’</strong></span> <span class='ocrx_word' id='word_1_414' title='bbox 1722 637 1762 671; x_wconf 74' lang='grc' dir='ltr'>οἷς</span> <span class='ocrx_word' id='word_1_415' title='bbox 1780 638 1947 675; x_wconf 78' lang='grc' dir='ltr'><strong>παραδώσειν</strong></span> 
     </span>
    </p>
   </div>
   <div class='ocr_carea' id='block_1_58' title="bbox 1165 684 1947 722">
    <p class='ocr_par' dir='ltr' id='par_1_58' title="bbox 1165 684 1947 722">
     <span class='ocr_line' id='line_1_58' title="bbox 1165 684 1947 722; baseline -0.005 -8"><span class='ocrx_word' id='word_1_416' title='bbox 1165 687 1246 714; x_wconf 68' lang='grc' dir='ltr'>αὐτὸν</span> <span class='ocrx_word' id='word_1_417' title='bbox 1262 688 1426 722; x_wconf 81' lang='grc' dir='ltr'><strong>ὑπισχνεῖτο,</strong></span> <span class='ocrx_word' id='word_1_418' title='bbox 1449 688 1512 722; x_wconf 79' lang='grc' dir='ltr'>περὶ</span> <span class='ocrx_word' id='word_1_419' title='bbox 1532 684 1568 712; x_wconf 74' lang='grc' dir='ltr'><strong>ὧν</strong></span> <span class='ocrx_word' id='word_1_420' title='bbox 1589 688 1648 722; x_wconf 78' lang='grc' dir='ltr'>μετ’</span> <span class='ocrx_word' id='word_1_421' title='bbox 1666 686 1752 713; x_wconf 81' lang='grc' dir='ltr'>αὐτῶν</span> <span class='ocrx_word' id='word_1_422' title='bbox 1770 685 1881 712; x_wconf 76' lang='grc' dir='ltr'>ἐκείνων</span> <span class='ocrx_word' id='word_1_423' title='bbox 1892 685 1947 719; x_wconf 71' lang='grc' dir='ltr'><strong>ἑψι-</strong></span> 
     </span>
    </p>
   </div>
   <div class='ocr_carea' id='block_1_59' title="bbox 1166 730 1947 768">
    <p class='ocr_par' dir='ltr' id='par_1_59' title="bbox 1166 730 1947 768">
     <span class='ocr_line' id='line_1_59' title="bbox 1166 730 1947 768; baseline -0.003 -9"><span class='ocrx_word' id='word_1_424' title='bbox 1166 733 1267 768; x_wconf 80' lang='grc' dir='ltr'>ούριζε.</span> <span class='ocrx_word' id='word_1_425' title='bbox 1284 733 1329 759; x_wconf 87' lang='grc' dir='ltr'><strong>Διό</strong></span> <span class='ocrx_word' id='word_1_426' title='bbox 1351 741 1448 767; x_wconf 83' lang='grc' dir='ltr'>φησιν·</span> <span class='ocrx_word' id='word_1_427' title='bbox 1470 742 1478 757; x_wconf 82' lang='grc' dir='ltr'><strong>ι</strong></span> <span class='ocrx_word' id='word_1_428' title='bbox 1507 732 1699 768; x_wconf 76' lang='grc' dir='ltr'>Ἐξεπορεύετο</span> <span class='ocrx_word' id='word_1_429' title='bbox 1722 731 1784 764; x_wconf 76' lang='grc' dir='ltr'>ἔξω,</span> <span class='ocrx_word' id='word_1_430' title='bbox 1800 732 1847 758; x_wconf 74' lang='grc' dir='ltr'>καὶ</span> <span class='ocrx_word' id='word_1_431' title='bbox 1861 730 1947 757; x_wconf 67' lang='grc' dir='ltr'>ἐλάλει</span> 
     </span>
    </p>
   </div>
   <div class='ocr_carea' id='block_1_60' title="bbox 1166 775 1947 812">
    <p class='ocr_par' dir='ltr' id='par_1_60' title="bbox 1166 775 1947 812">
     <span class='ocr_line' id='line_1_60' title="bbox 1166 775 1947 812; baseline -0.001 -9"><span class='ocrx_word' id='word_1_432' title='bbox 1166 778 1211 804; x_wconf 70' lang='grc' dir='ltr'><strong>ἐπὶ</strong></span> <span class='ocrx_word' id='word_1_433' title='bbox 1225 777 1255 803; x_wconf 78' lang='grc' dir='ltr'><strong>τὸ</strong></span> <span class='ocrx_word' id='word_1_434' title='bbox 1273 777 1348 803; x_wconf 83' lang='grc' dir='ltr'>αὑτό.</span> <span class='ocrx_word' id='word_1_435' title='bbox 1366 777 1432 803; x_wconf 80' lang='grc' dir='ltr'>Κατ’</span> <span class='ocrx_word' id='word_1_436' title='bbox 1447 777 1514 812; x_wconf 77' lang='grc' dir='ltr'>ἐμοῦ</span> <span class='ocrx_word' id='word_1_437' title='bbox 1535 776 1689 812; x_wconf 58' lang='grc' dir='ltr'>ἐψιθύριζον</span> <span class='ocrx_word' id='word_1_438' title='bbox 1706 777 1804 807; x_wconf 81' lang='grc' dir='ltr'>πάντες</span> <span class='ocrx_word' id='word_1_439' title='bbox 1817 778 1840 802; x_wconf 79' lang='grc' dir='ltr'>οξ</span> <span class='ocrx_word' id='word_1_440' title='bbox 1859 775 1947 812; x_wconf 74' lang='grc' dir='ltr'>ἐχθροί</span> 
     </span>
    </p>
   </div>
   <div class='ocr_carea' id='block_1_61' title="bbox 1167 822 1948 858">
    <p class='ocr_par' dir='ltr' id='par_1_61' title="bbox 1167 822 1948 858">
     <span class='ocr_line' id='line_1_61' title="bbox 1167 822 1948 858; baseline 0 -9"><span class='ocrx_word' id='word_1_441' title='bbox 1167 831 1227 858; x_wconf 81' lang='grc' dir='ltr'>μου,</span> <span class='ocrx_word' id='word_1_442' title='bbox 1239 823 1298 850; x_wconf 84' lang='grc' dir='ltr'>κατ’</span> <span class='ocrx_word' id='word_1_443' title='bbox 1311 822 1377 858; x_wconf 79' lang='grc' dir='ltr'>ἐμοῦ</span> <span class='ocrx_word' id='word_1_444' title='bbox 1407 822 1556 857; x_wconf 71' lang='grc' dir='ltr'><strong>ἐλογίζοντο</strong></span> <span class='ocrx_word' id='word_1_445' title='bbox 1574 823 1647 849; x_wconf 88' lang='grc' dir='ltr'>κακά</span> <span class='ocrx_word' id='word_1_446' title='bbox 1663 831 1716 857; x_wconf 86' lang='grc' dir='ltr'>μοι.</span> <span class='ocrx_word' id='word_1_447' title='bbox 1733 823 1816 856; x_wconf 82' lang='grc' dir='ltr'>Λόγον</span> <span class='ocrx_word' id='word_1_448' title='bbox 1833 822 1948 858; x_wconf 76' lang='grc' dir='ltr'>παράνο-</span> 
     </span>
    </p>
   </div>
   <div class='ocr_carea' id='block_1_62' title="bbox 1167 866 1982 903">
    <p class='ocr_par' dir='ltr' id='par_1_62' title="bbox 1167 866 1982 903">
     <span class='ocr_line' id='line_1_62' title="bbox 1167 866 1982 903; baseline -0.002 -9"><span class='ocrx_word' id='word_1_449' title='bbox 1167 877 1215 903; x_wconf 84' lang='grc' dir='ltr'>μον</span> <span class='ocrx_word' id='word_1_450' title='bbox 1236 868 1378 894; x_wconf 79' lang='grc' dir='ltr'><strong>κατέθεντο</strong></span> <span class='ocrx_word' id='word_1_451' title='bbox 1398 869 1457 894; x_wconf 82' lang='grc' dir='ltr'>κατ’</span> <span class='ocrx_word' id='word_1_452' title='bbox 1472 867 1551 903; x_wconf 70' lang='grc' dir='ltr'>ἐμοῦ.</span> <span class='ocrx_word' id='word_1_453' title='bbox 1574 877 1583 892; x_wconf 71' lang='grc' dir='ltr'><strong>ι</strong></span> <span class='ocrx_word' id='word_1_454' title='bbox 1606 868 1696 893; x_wconf 75' lang='grc' dir='ltr'>Ἐοικε</span> <span class='ocrx_word' id='word_1_455' title='bbox 1710 867 1738 893; x_wconf 70' lang='grc' dir='ltr'><strong>δὲ</strong></span> <span class='ocrx_word' id='word_1_456' title='bbox 1753 866 1803 902; x_wconf 81' lang='grc' dir='ltr'><strong>τὴν</strong></span> <span class='ocrx_word' id='word_1_457' title='bbox 1814 866 1948 902; x_wconf 76' lang='grc' dir='ltr'>συνταγὴν</span> <span class='ocrx_word' id='word_1_458' title='bbox 1978 894 1982 899; x_wconf 84' lang='lat'><strong>_</strong></span> 
     </span>
    </p>
   </div>
   <div class='ocr_carea' id='block_1_63' title="bbox 1165 913 1947 949">
    <p class='ocr_par' dir='ltr' id='par_1_63' title="bbox 1165 913 1947 949">
     <span class='ocr_line' id='line_1_63' title="bbox 1165 913 1947 949; baseline -0.001 -9"><span class='ocrx_word' id='word_1_459' title='bbox 1165 913 1213 949; x_wconf 86' lang='grc' dir='ltr'><strong>τὴν</strong></span> <span class='ocrx_word' id='word_1_460' title='bbox 1243 914 1306 949; x_wconf 70' lang='grc' dir='ltr'>περὶ</span> <span class='ocrx_word' id='word_1_461' title='bbox 1331 913 1384 940; x_wconf 80' lang='grc' dir='ltr'>τῶν</span> <span class='ocrx_word' id='word_1_462' title='bbox 1410 913 1547 949; x_wconf 76' lang='grc' dir='ltr'><strong>ἀργυρίων</strong></span> <span class='ocrx_word' id='word_1_463' title='bbox 1571 913 1648 947; x_wconf 71' lang='grc' dir='ltr'>λόγον</span> <span class='ocrx_word' id='word_1_464' title='bbox 1668 913 1822 948; x_wconf 73' lang='grc' dir='ltr'>παράνομον</span> <span class='ocrx_word' id='word_1_465' title='bbox 1840 913 1884 939; x_wconf 83' lang='grc' dir='ltr'><strong>διὰ</strong></span> <span class='ocrx_word' id='word_1_466' title='bbox 1899 913 1947 948; x_wconf 83' lang='grc' dir='ltr'>τῆς</span> 
     </span>
    </p>
   </div>
   <div class='ocr_carea' id='block_1_64' title="bbox 1166 958 1947 994">
    <p class='ocr_par' dir='ltr' id='par_1_64' title="bbox 1166 958 1947 994">
     <span class='ocr_line' id='line_1_64' title="bbox 1166 958 1947 994; baseline -0.001 -9"><span class='ocrx_word' id='word_1_467' title='bbox 1166 959 1333 994; x_wconf 73' lang='grc' dir='ltr'>προφητείας</span> <span class='ocrx_word' id='word_1_468' title='bbox 1343 958 1484 993; x_wconf 80' lang='grc' dir='ltr'>ὀνομάζειν</span> <span class='ocrx_word' id='word_1_469' title='bbox 1494 967 1500 973; x_wconf 84' lang='grc'><strong>“</strong></span> <span class='ocrx_word' id='word_1_470' title='bbox 1512 958 1527 994; x_wconf 82' lang='grc' dir='ltr'>ἢ</span> <span class='ocrx_word' id='word_1_471' title='bbox 1539 958 1585 985; x_wconf 80' lang='grc' dir='ltr'><strong>καὶ</strong></span> <span class='ocrx_word' id='word_1_472' title='bbox 1596 959 1636 984; x_wconf 80' lang='grc' dir='ltr'><strong>ὅτι</strong></span> <span class='ocrx_word' id='word_1_473' title='bbox 1653 958 1736 993; x_wconf 77' lang='grc' dir='ltr'>ἀσεεῆ</span> <span class='ocrx_word' id='word_1_474' title='bbox 1749 958 1794 984; x_wconf 79' lang='grc' dir='ltr'><strong>καὶ</strong></span> <span class='ocrx_word' id='word_1_475' title='bbox 1804 958 1947 993; x_wconf 76' lang='grc' dir='ltr'>παράνομα</span> 
     </span>
    </p>
   </div>
   <div class='ocr_carea' id='block_1_65' title="bbox 1165 1004 1948 1041">
    <p class='ocr_par' dir='ltr' id='par_1_65' title="bbox 1165 1004 1948 1041">
     <span class='ocr_line' id='line_1_65' title="bbox 1165 1004 1948 1041; baseline 0.001 -10"><span class='ocrx_word' id='word_1_476' title='bbox 1165 1007 1225 1032; x_wconf 82' lang='grc' dir='ltr'>κατ’</span> <span class='ocrx_word' id='word_1_477' title='bbox 1255 1005 1337 1032; x_wconf 81' lang='grc' dir='ltr'>αὑτοῦ</span> <span class='ocrx_word' id='word_1_478' title='bbox 1356 1005 1513 1037; x_wconf 73' lang='grc' dir='ltr'>διενοοῦντο,</span> <span class='ocrx_word' id='word_1_479' title='bbox 1535 1006 1571 1038; x_wconf 78' lang='grc' dir='ltr'>ὡς</span> <span class='ocrx_word' id='word_1_480' title='bbox 1592 1004 1625 1031; x_wconf 82' lang='grc' dir='ltr'><strong>ἂν</strong></span> <span class='ocrx_word' id='word_1_481' title='bbox 1656 1005 1872 1041; x_wconf 72' lang='grc' dir='ltr'>σϐεσθησομένου</span> <span class='ocrx_word' id='word_1_482' title='bbox 1903 1005 1948 1032; x_wconf 77' lang='grc' dir='ltr'><strong>καὶ</strong></span> 
     </span>
    </p>
   </div>
   <div class='ocr_carea' id='block_1_66' title="bbox 1164 1050 1947 1087">
    <p class='ocr_par' dir='ltr' id='par_1_66' title="bbox 1164 1050 1947 1087">
     <span class='ocr_line' id='line_1_66' title="bbox 1164 1050 1947 1087; baseline 0.003 -11"><span class='ocrx_word' id='word_1_483' title='bbox 1164 1050 1415 1086; x_wconf 17' lang='grc' dir='ltr'>διαφθαπσομένου</span> <span class='ocrx_word' id='word_1_484' title='bbox 1432 1051 1499 1085; x_wconf 78' lang='grc' dir='ltr'>μετὰ</span> <span class='ocrx_word' id='word_1_485' title='bbox 1517 1052 1561 1077; x_wconf 82' lang='grc' dir='ltr'>τὸν</span> <span class='ocrx_word' id='word_1_486' title='bbox 1579 1052 1703 1082; x_wconf 81' lang='grc' dir='ltr'>θάνατον,</span> <span class='ocrx_word' id='word_1_487' title='bbox 1714 1052 1760 1078; x_wconf 80' lang='grc' dir='ltr'>καὶ</span> <span class='ocrx_word' id='word_1_488' title='bbox 1775 1051 1874 1087; x_wconf 80' lang='grc' dir='ltr'><strong>μηκέτι</strong></span> <span class='ocrx_word' id='word_1_489' title='bbox 1895 1051 1947 1084; x_wconf 58' lang='grc' dir='ltr'><strong>ζῶε</strong></span> 
     </span>
    </p>
   </div>
   <div class='ocr_carea' id='block_1_67' title="bbox 1166 1097 1947 1133">
    <p class='ocr_par' dir='ltr' id='par_1_67' title="bbox 1166 1097 1947 1133">
     <span class='ocr_line' id='line_1_67' title="bbox 1166 1097 1947 1133; baseline 0.001 -10"><span class='ocrx_word' id='word_1_490' title='bbox 1166 1106 1208 1123; x_wconf 87' lang='grc' dir='ltr'><strong>σιν</strong></span> <span class='ocrx_word' id='word_1_491' title='bbox 1231 1097 1487 1132; x_wconf 77' lang='grc' dir='ltr'>ὲξετασθησομένου.</span> <span class='ocrx_word' id='word_1_492' title='bbox 1510 1097 1635 1124; x_wconf 83' lang='grc' dir='ltr'>Τοιοῦτον</span> <span class='ocrx_word' id='word_1_493' title='bbox 1663 1098 1717 1133; x_wconf 83' lang='grc' dir='ltr'>γάρ</span> <span class='ocrx_word' id='word_1_494' title='bbox 1737 1098 1795 1124; x_wconf 78' lang='grc' dir='ltr'>ἐστι</span> <span class='ocrx_word' id='word_1_495' title='bbox 1815 1097 1855 1130; x_wconf 77' lang='grc' dir='ltr'><strong>τὸ,</strong></span> <span class='ocrx_word' id='word_1_496' title='bbox 1871 1107 1880 1123; x_wconf 80' lang='grc' dir='ltr'><strong>ι</strong></span> <span class='ocrx_word' id='word_1_497' title='bbox 1904 1097 1947 1133; x_wconf 78' lang='grc' dir='ltr'><strong>Μὴ</strong></span> 
     </span>
    </p>
   </div>
   <div class='ocr_carea' id='block_1_68' title="bbox 1164 1142 1948 1179">
    <p class='ocr_par' dir='ltr' id='par_1_68' title="bbox 1164 1142 1948 1179">
     <span class='ocr_line' id='line_1_68' title="bbox 1164 1142 1948 1179; baseline 0 -9"><span class='ocrx_word' id='word_1_498' title='bbox 1164 1144 1179 1170; x_wconf 80' lang='grc' dir='ltr'>ὁ</span> <span class='ocrx_word' id='word_1_499' title='bbox 1193 1142 1361 1178; x_wconf 69' lang='grc' dir='ltr'><strong>κοιμώμενος</strong></span> <span class='ocrx_word' id='word_1_500' title='bbox 1375 1143 1435 1178; x_wconf 80' lang='grc' dir='ltr'><strong>οὐχὶ</strong></span> <span class='ocrx_word' id='word_1_501' title='bbox 1451 1143 1598 1178; x_wconf 81' lang='grc' dir='ltr'><strong>προσθήσει</strong></span> <span class='ocrx_word' id='word_1_502' title='bbox 1612 1143 1658 1170; x_wconf 85' lang='grc' dir='ltr'><strong>τοῦ</strong></span> <span class='ocrx_word' id='word_1_503' title='bbox 1670 1143 1815 1178; x_wconf 82' lang='grc' dir='ltr'>ἀναστῆναι</span> <span class='ocrx_word' id='word_1_504' title='bbox 1828 1152 1835 1176; x_wconf 83' lang='grc'>;</span> <span class='ocrx_word' id='word_1_505' title='bbox 1854 1153 1862 1168; x_wconf 81' lang='grc' dir='ltr'><strong>ι</strong></span> <span class='ocrx_word' id='word_1_506' title='bbox 1882 1144 1948 1179; x_wconf 80' lang='grc' dir='ltr'>ὅπερ</span> 
     </span>
    </p>
   </div>
   <div class='ocr_carea' id='block_1_69' title="bbox 1164 1188 1948 1225">
    <p class='ocr_par' dir='ltr' id='par_1_69' title="bbox 1164 1188 1948 1225">
     <span class='ocr_line' id='line_1_69' title="bbox 1164 1188 1948 1225; baseline 0 -10"><span class='ocrx_word' id='word_1_507' title='bbox 1164 1189 1323 1225; x_wconf 69' lang='grc' dir='ltr'>λευκότερον</span> <span class='ocrx_word' id='word_1_508' title='bbox 1344 1190 1359 1216; x_wconf 82' lang='grc' dir='ltr'>ὁ</span> <span class='ocrx_word' id='word_1_509' title='bbox 1380 1189 1526 1224; x_wconf 85' lang='grc' dir='ltr'><strong>Σύμμαχος</strong></span> <span class='ocrx_word' id='word_1_510' title='bbox 1541 1189 1669 1224; x_wconf 71' lang='grc' dir='ltr'><strong>ἐξέφηνεν</strong></span> <span class='ocrx_word' id='word_1_511' title='bbox 1684 1188 1767 1216; x_wconf 74' lang='grc' dir='ltr'>εἰπὼν</span> <span class='ocrx_word' id='word_1_512' title='bbox 1779 1197 1785 1203; x_wconf 83' lang='lat'>&#39;</span> <span class='ocrx_word' id='word_1_513' title='bbox 1807 1198 1816 1215; x_wconf 88' lang='grc'><em>‹</em></span> <span class='ocrx_word' id='word_1_514' title='bbox 1837 1190 1891 1216; x_wconf 76' lang='grc' dir='ltr'><strong>Καὶ</strong></span> <span class='ocrx_word' id='word_1_515' title='bbox 1906 1197 1948 1216; x_wconf 77' lang='grc' dir='ltr'><strong>πι-</strong></span> 
     </span>
    </p>
   </div>
   <div class='ocr_carea' id='block_1_70' title="bbox 1165 1234 1947 1271">
    <p class='ocr_par' dir='ltr' id='par_1_70' title="bbox 1165 1234 1947 1271">
     <span class='ocr_line' id='line_1_70' title="bbox 1165 1234 1947 1271; baseline 0 -10"><span class='ocrx_word' id='word_1_516' title='bbox 1165 1234 1220 1262; x_wconf 88' lang='grc' dir='ltr'><strong>σὼν</strong></span> <span class='ocrx_word' id='word_1_517' title='bbox 1231 1235 1318 1262; x_wconf 75' lang='grc' dir='ltr'>οὐκέτ’</span> <span class='ocrx_word' id='word_1_518' title='bbox 1334 1236 1548 1271; x_wconf 51' lang='lat' dir='ltr'><strong>(inertiae-rain</strong></span> <span class='ocrx_word' id='word_1_519' title='bbox 1564 1236 1578 1261; x_wconf 84' lang='lat'><em>6</em></span> <span class='ocrx_word' id='word_1_520' title='bbox 1591 1235 1619 1261; x_wconf 88' lang='grc' dir='ltr'><strong>δὲ</strong></span> <span class='ocrx_word' id='word_1_521' title='bbox 1638 1235 1752 1267; x_wconf 83' lang='grc' dir='ltr'>Ἀκύλας</span> <span class='ocrx_word' id='word_1_522' title='bbox 1766 1236 1858 1270; x_wconf 68' lang='grc' dir='ltr'><strong>φηοδὶν,</strong></span> <span class='ocrx_word' id='word_1_523' title='bbox 1879 1234 1947 1261; x_wconf 74' lang='grc' dir='ltr'><strong>ιΚαὶ</strong></span> 
     </span>
    </p>
   </div>
   <div class='ocr_carea' id='block_1_71' title="bbox 1164 1280 1948 1317">
    <p class='ocr_par' dir='ltr' id='par_1_71' title="bbox 1164 1280 1948 1317">
     <span class='ocr_line' id='line_1_71' title="bbox 1164 1280 1948 1317; baseline 0 -9"><span class='ocrx_word' id='word_1_524' title='bbox 1164 1281 1194 1313; x_wconf 78' lang='grc' dir='ltr'>ὃς</span> <span class='ocrx_word' id='word_1_525' title='bbox 1207 1281 1240 1308; x_wconf 82' lang='grc' dir='ltr'>ἂν</span> <span class='ocrx_word' id='word_1_526' title='bbox 1253 1281 1382 1317; x_wconf 78' lang='grc' dir='ltr'>κοιμηθῇ,</span> <span class='ocrx_word' id='word_1_527' title='bbox 1399 1281 1429 1308; x_wconf 90' lang='grc' dir='ltr'>οὺ</span> <span class='ocrx_word' id='word_1_528' title='bbox 1450 1281 1599 1317; x_wconf 79' lang='grc' dir='ltr'>προσθήσει</span> <span class='ocrx_word' id='word_1_529' title='bbox 1617 1281 1663 1307; x_wconf 74' lang='grc' dir='ltr'><strong>τοῦ</strong></span> <span class='ocrx_word' id='word_1_530' title='bbox 1687 1280 1851 1316; x_wconf 79' lang='grc' dir='ltr'>ἀναστῆναι;</span> <span class='ocrx_word' id='word_1_531' title='bbox 1871 1290 1881 1306; x_wconf 71' lang='grc' dir='ltr'><strong>ι</strong></span> <span class='ocrx_word' id='word_1_532' title='bbox 1893 1281 1948 1308; x_wconf 79' lang='grc' dir='ltr'><strong>Καὶ</strong></span> 
     </span>
    </p>
   </div>
   <div class='ocr_carea' id='block_1_72' title="bbox 1164 1324 1948 1362">
    <p class='ocr_par' dir='ltr' id='par_1_72' title="bbox 1164 1324 1948 1362">
     <span class='ocr_line' id='line_1_72' title="bbox 1164 1324 1948 1362; baseline -0.001 -9"><span class='ocrx_word' id='word_1_533' title='bbox 1164 1327 1251 1353; x_wconf 77' lang='grc' dir='ltr'>ταῦτα</span> <span class='ocrx_word' id='word_1_534' title='bbox 1266 1327 1306 1353; x_wconf 77' lang='grc' dir='ltr'><strong>ἔτι</strong></span> <span class='ocrx_word' id='word_1_535' title='bbox 1324 1326 1420 1358; x_wconf 85' lang='grc' dir='ltr'>κοινῶς</span> <span class='ocrx_word' id='word_1_536' title='bbox 1435 1327 1498 1362; x_wconf 82' lang='grc' dir='ltr'>περὶ</span> <span class='ocrx_word' id='word_1_537' title='bbox 1513 1326 1620 1353; x_wconf 78' lang='grc' dir='ltr'>πάντων</span> <span class='ocrx_word' id='word_1_538' title='bbox 1637 1326 1744 1362; x_wconf 77' lang='grc' dir='ltr'>εἴρηται</span> <span class='ocrx_word' id='word_1_539' title='bbox 1757 1326 1810 1353; x_wconf 86' lang='grc' dir='ltr'><strong>τῶν</strong></span> <span class='ocrx_word' id='word_1_540' title='bbox 1821 1326 1889 1353; x_wconf 83' lang='grc' dir='ltr'>κατὰ</span> <span class='ocrx_word' id='word_1_541' title='bbox 1903 1324 1948 1351; x_wconf 66' lang='grc' dir='ltr'><strong>’ὢν</strong></span> 
     </span>
    </p>
   </div>
   <div class='ocr_carea' id='block_1_73' title="bbox 1164 1371 1948 1408">
    <p class='ocr_par' dir='ltr' id='par_1_73' title="bbox 1164 1371 1948 1408">
     <span class='ocr_line' id='line_1_73' title="bbox 1164 1371 1948 1408; baseline -0.001 -9"><span class='ocrx_word' id='word_1_542' title='bbox 1164 1373 1259 1408; x_wconf 85' lang='grc' dir='ltr'>καιρὸν</span> <span class='ocrx_word' id='word_1_543' title='bbox 1290 1372 1337 1400; x_wconf 82' lang='grc' dir='ltr'>τοῦ</span> <span class='ocrx_word' id='word_1_544' title='bbox 1362 1373 1464 1405; x_wconf 84' lang='grc' dir='ltr'>πάθους</span> <span class='ocrx_word' id='word_1_545' title='bbox 1484 1372 1746 1399; x_wconf 78' lang='grc' dir='ltr'>ὲπιῦεὸουλευκότων</span> <span class='ocrx_word' id='word_1_546' title='bbox 1767 1372 1858 1407; x_wconf 79' lang='grc' dir='ltr'>αὐτῷ·</span> <span class='ocrx_word' id='word_1_547' title='bbox 1877 1371 1948 1404; x_wconf 80' lang='grc' dir='ltr'><strong>ἰδίως</strong></span> 
     </span>
    </p>
   </div>
   <div class='ocr_carea' id='block_1_74' title="bbox 1162 1415 1947 1454">
    <p class='ocr_par' dir='ltr' id='par_1_74' title="bbox 1162 1415 1947 1454">
     <span class='ocr_line' id='line_1_74' title="bbox 1162 1415 1947 1454; baseline 0 -10"><span class='ocrx_word' id='word_1_548' title='bbox 1162 1418 1192 1445; x_wconf 82' lang='grc' dir='ltr'><strong>δὲ</strong></span> <span class='ocrx_word' id='word_1_549' title='bbox 1221 1418 1301 1445; x_wconf 83' lang='grc' dir='ltr'>πάλιν</span> <span class='ocrx_word' id='word_1_550' title='bbox 1321 1418 1386 1454; x_wconf 75' lang='grc' dir='ltr'>περὶ</span> <span class='ocrx_word' id='word_1_551' title='bbox 1401 1417 1448 1444; x_wconf 75' lang='grc' dir='ltr'>τοῦ</span> <span class='ocrx_word' id='word_1_552' title='bbox 1473 1418 1611 1453; x_wconf 81' lang='grc' dir='ltr'>προδότου.</span> <span class='ocrx_word' id='word_1_553' title='bbox 1624 1418 1662 1449; x_wconf 87' lang='grc' dir='ltr'>ὡς</span> <span class='ocrx_word' id='word_1_554' title='bbox 1683 1419 1716 1444; x_wconf 83' lang='grc' dir='ltr'>ἂν</span> <span class='ocrx_word' id='word_1_555' title='bbox 1732 1417 1795 1453; x_wconf 84' lang='grc' dir='ltr'>περὶ</span> <span class='ocrx_word' id='word_1_556' title='bbox 1812 1415 1947 1453; x_wconf 77' lang='grc' dir='ltr'>μαθητευ-</span> 
     </span>
    </p>
   </div>
   <div class='ocr_carea' id='block_1_75' title="bbox 1163 1463 1947 1500">
    <p class='ocr_par' dir='ltr' id='par_1_75' title="bbox 1163 1463 1947 1500">
     <span class='ocr_line' id='line_1_75' title="bbox 1163 1463 1947 1500; baseline 0 -10"><span class='ocrx_word' id='word_1_557' title='bbox 1163 1463 1255 1495; x_wconf 81' lang='grc' dir='ltr'>θέντος</span> <span class='ocrx_word' id='word_1_558' title='bbox 1271 1464 1355 1498; x_wconf 79' lang='grc' dir='ltr'><strong>αὐτῷ,</strong></span> <span class='ocrx_word' id='word_1_559' title='bbox 1373 1463 1434 1499; x_wconf 75' lang='grc' dir='ltr'><strong>ἑξῆς</strong></span> <span class='ocrx_word' id='word_1_560' title='bbox 1457 1463 1581 1499; x_wconf 82' lang='grc' dir='ltr'>ἐπιφέρει</span> <span class='ocrx_word' id='word_1_561' title='bbox 1593 1464 1692 1498; x_wconf 84' lang='grc' dir='ltr'>λέγων’</span> <span class='ocrx_word' id='word_1_562' title='bbox 1713 1473 1722 1489; x_wconf 82' lang='grc' dir='ltr'><strong>ι</strong></span> <span class='ocrx_word' id='word_1_563' title='bbox 1740 1463 1795 1490; x_wconf 77' lang='grc' dir='ltr'>Καὶ</span> <span class='ocrx_word' id='word_1_564' title='bbox 1805 1464 1859 1500; x_wconf 85' lang='grc' dir='ltr'>γὰρ</span> <span class='ocrx_word' id='word_1_565' title='bbox 1876 1465 1890 1490; x_wconf 74' lang='grc' dir='ltr'><strong>ὁ</strong></span> <span class='ocrx_word' id='word_1_566' title='bbox 1903 1464 1947 1490; x_wconf 76' lang='grc' dir='ltr'><strong>ἂν·</strong></span> 
     </span>
    </p>
   </div>
   <div class='ocr_carea' id='block_1_76' title="bbox 1163 1509 1948 1545">
    <p class='ocr_par' dir='ltr' id='par_1_76' title="bbox 1163 1509 1948 1545">
     <span class='ocr_line' id='line_1_76' title="bbox 1163 1509 1948 1545; baseline -0.001 -9"><span class='ocrx_word' id='word_1_567' title='bbox 1163 1509 1271 1545; x_wconf 83' lang='grc' dir='ltr'>θρωπος</span> <span class='ocrx_word' id='word_1_568' title='bbox 1299 1510 1350 1545; x_wconf 76' lang='grc' dir='ltr'>τῆς</span> <span class='ocrx_word' id='word_1_569' title='bbox 1378 1510 1489 1545; x_wconf 77' lang='grc' dir='ltr'><strong>εἰρήνης</strong></span> <span class='ocrx_word' id='word_1_570' title='bbox 1509 1518 1569 1545; x_wconf 79' lang='grc' dir='ltr'>μου,</span> <span class='ocrx_word' id='word_1_571' title='bbox 1588 1509 1629 1543; x_wconf 71' lang='grc' dir='ltr'><strong>ἐφ’</strong></span> <span class='ocrx_word' id='word_1_572' title='bbox 1643 1509 1672 1536; x_wconf 83' lang='grc' dir='ltr'><strong>ὃν</strong></span> <span class='ocrx_word' id='word_1_573' title='bbox 1689 1509 1800 1545; x_wconf 75' lang='grc' dir='ltr'>ἤλπισα,</span> <span class='ocrx_word' id='word_1_574' title='bbox 1823 1509 1838 1535; x_wconf 85' lang='grc'>6</span> <span class='ocrx_word' id='word_1_575' title='bbox 1853 1509 1948 1535; x_wconf 75' lang='grc' dir='ltr'>ἐσθίων</span> 
     </span>
    </p>
   </div>
   <div class='ocr_carea' id='block_1_77' title="bbox 1163 1554 1946 1591">
    <p class='ocr_par' dir='ltr' id='par_1_77' title="bbox 1163 1554 1946 1591">
     <span class='ocr_line' id='line_1_77' title="bbox 1163 1554 1946 1591; baseline -0.003 -9"><span class='ocrx_word' id='word_1_576' title='bbox 1163 1556 1262 1591; x_wconf 76' lang='grc' dir='ltr'>ἄρτους</span> <span class='ocrx_word' id='word_1_577' title='bbox 1279 1565 1340 1591; x_wconf 88' lang='grc' dir='ltr'>μου,</span> <span class='ocrx_word' id='word_1_578' title='bbox 1357 1556 1523 1591; x_wconf 76' lang='grc' dir='ltr'><strong>ἐμεγάλυνεν</strong></span> <span class='ocrx_word' id='word_1_579' title='bbox 1545 1555 1588 1582; x_wconf 70' lang='grc' dir='ltr'><strong>ἐπ’</strong></span> <span class='ocrx_word' id='word_1_580' title='bbox 1605 1554 1654 1590; x_wconf 74' lang='grc' dir='ltr'>ἐμὲ</span> <span class='ocrx_word' id='word_1_581' title='bbox 1671 1555 1834 1590; x_wconf 81' lang='grc' dir='ltr'>πτερνισμὸν</span> <span class='ocrx_word' id='word_1_582' title='bbox 1845 1563 1852 1568; x_wconf 91' lang='grc'><strong>·</strong></span> <span class='ocrx_word' id='word_1_583' title='bbox 1868 1564 1877 1580; x_wconf 71' lang='grc' dir='ltr'><strong>ι</strong></span> <span class='ocrx_word' id='word_1_584' title='bbox 1891 1555 1946 1581; x_wconf 83' lang='grc' dir='ltr'>ἀνθ’</span> 
     </span>
    </p>
   </div>
   <div class='ocr_carea' id='block_1_78' title="bbox 1164 1600 1947 1638">
    <p class='ocr_par' dir='ltr' id='par_1_78' title="bbox 1164 1600 1947 1638">
     <span class='ocr_line' id='line_1_78' title="bbox 1164 1600 1947 1638; baseline -0.004 -9"><span class='ocrx_word' id='word_1_585' title='bbox 1164 1600 1193 1629; x_wconf 76' lang='grc' dir='ltr'>οὗ</span> <span class='ocrx_word' id='word_1_586' title='bbox 1211 1603 1290 1629; x_wconf 83' lang='grc' dir='ltr'>πάλιν</span> <span class='ocrx_word' id='word_1_587' title='bbox 1307 1603 1320 1628; x_wconf 80' lang='grc' dir='ltr'>ὁ</span> <span class='ocrx_word' id='word_1_588' title='bbox 1336 1602 1492 1638; x_wconf 81' lang='grc' dir='ltr'><strong>Σύμμαχος,</strong></span> <span class='ocrx_word' id='word_1_589' title='bbox 1507 1611 1517 1627; x_wconf 77' lang='grc' dir='ltr'><strong>ι</strong></span> <span class='ocrx_word' id='word_1_590' title='bbox 1529 1602 1583 1628; x_wconf 76' lang='grc' dir='ltr'><strong>Καὶ</strong></span> <span class='ocrx_word' id='word_1_591' title='bbox 1596 1601 1746 1638; x_wconf 77' lang='grc' dir='ltr'>ἄνθρωπος,</span> <span class='ocrx_word' id='word_1_592' title='bbox 1761 1611 1770 1627; x_wconf 81' lang='grc'><strong>›</strong></span> <span class='ocrx_word' id='word_1_593' title='bbox 1781 1601 1872 1636; x_wconf 75' lang='grc' dir='ltr'>φησὶν,</span> <span class='ocrx_word' id='word_1_594' title='bbox 1892 1611 1901 1626; x_wconf 77' lang='grc' dir='ltr'><strong>ι</strong></span> <span class='ocrx_word' id='word_1_595' title='bbox 1917 1601 1947 1631; x_wconf 76' lang='grc' dir='ltr'>ὃς</span> 
     </span>
    </p>
   </div>
   <div class='ocr_carea' id='block_1_79' title="bbox 1163 1645 1948 1684">
    <p class='ocr_par' dir='ltr' id='par_1_79' title="bbox 1163 1645 1948 1684">
     <span class='ocr_line' id='line_1_79' title="bbox 1163 1645 1948 1684; baseline -0.001 -10"><span class='ocrx_word' id='word_1_596' title='bbox 1163 1648 1288 1684; x_wconf 75' lang='grc' dir='ltr'>εξρὴνευέ</span> <span class='ocrx_word' id='word_1_597' title='bbox 1315 1657 1370 1683; x_wconf 81' lang='grc' dir='ltr'>μοι,</span> <span class='ocrx_word' id='word_1_598' title='bbox 1446 1647 1609 1679; x_wconf 75' lang='grc' dir='ltr'>ἐπεποίθειν,</span> <span class='ocrx_word' id='word_1_599' title='bbox 1641 1647 1786 1674; x_wconf 80' lang='grc' dir='ltr'>συνεσθίων</span> <span class='ocrx_word' id='word_1_600' title='bbox 1809 1656 1853 1682; x_wconf 83' lang='grc' dir='ltr'><strong>μοι</strong></span> <span class='ocrx_word' id='word_1_601' title='bbox 1869 1647 1948 1682; x_wconf 75' lang='grc' dir='ltr'>ἄρτον</span> 
     </span>
    </p>
   </div>
   <div class='ocr_carea' id='block_1_80' title="bbox 1163 1691 1948 1728">
    <p class='ocr_par' dir='ltr' id='par_1_80' title="bbox 1163 1691 1948 1728">
     <span class='ocr_line' id='line_1_80' title="bbox 1163 1691 1948 1728; baseline -0.003 -9"><span class='ocrx_word' id='word_1_602' title='bbox 1163 1693 1239 1728; x_wconf 74' lang='grc' dir='ltr'>ἐμὸν,</span> <span class='ocrx_word' id='word_1_603' title='bbox 1256 1692 1482 1728; x_wconf 77' lang='grc' dir='ltr'>κατεμεγαλύνθη</span> <span class='ocrx_word' id='word_1_604' title='bbox 1501 1701 1561 1728; x_wconf 90' lang='grc' dir='ltr'>μου.</span> <span class='ocrx_word' id='word_1_605' title='bbox 1584 1702 1593 1718; x_wconf 73' lang='grc' dir='ltr'><strong>ι</strong></span> <span class='ocrx_word' id='word_1_606' title='bbox 1620 1693 1761 1728; x_wconf 82' lang='grc' dir='ltr'>Χείριστος</span> <span class='ocrx_word' id='word_1_607' title='bbox 1773 1692 1826 1727; x_wconf 84' lang='grc' dir='ltr'>γὰρ</span> <span class='ocrx_word' id='word_1_608' title='bbox 1842 1691 1948 1727; x_wconf 81' lang='grc' dir='ltr'>ἀληθῶς</span> 
     </span>
    </p>
   </div>
   <div class='ocr_carea' id='block_1_81' title="bbox 1162 1737 1949 1774">
    <p class='ocr_par' dir='ltr' id='par_1_81' title="bbox 1162 1737 1949 1774">
     <span class='ocr_line' id='line_1_81' title="bbox 1162 1737 1949 1774; baseline -0.003 -9"><span class='ocrx_word' id='word_1_609' title='bbox 1162 1740 1288 1766; x_wconf 74' lang='grc' dir='ltr'>ἁπάντων</span> <span class='ocrx_word' id='word_1_610' title='bbox 1311 1739 1359 1766; x_wconf 73' lang='grc' dir='ltr'>καὶ</span> <span class='ocrx_word' id='word_1_611' title='bbox 1388 1740 1584 1774; x_wconf 73' lang='grc' dir='ltr'><strong>ἐναργέστατος</strong></span> <span class='ocrx_word' id='word_1_612' title='bbox 1599 1740 1612 1765; x_wconf 80' lang='grc' dir='ltr'><strong>ὁ</strong></span> <span class='ocrx_word' id='word_1_613' title='bbox 1629 1738 1696 1774; x_wconf 78' lang='grc' dir='ltr'>μετὰ</span> <span class='ocrx_word' id='word_1_614' title='bbox 1706 1738 1796 1774; x_wconf 82' lang='grc' dir='ltr'>κοινὴν</span> <span class='ocrx_word' id='word_1_615' title='bbox 1812 1737 1949 1774; x_wconf 80' lang='grc' dir='ltr'>τράπεζαν</span> 
     </span>
    </p>
   </div>
   <div class='ocr_carea' id='block_1_82' title="bbox 1163 1783 1948 1820">
    <p class='ocr_par' dir='ltr' id='par_1_82' title="bbox 1163 1783 1948 1820">
     <span class='ocr_line' id='line_1_82' title="bbox 1163 1783 1948 1820; baseline -0.004 -8"><span class='ocrx_word' id='word_1_616' title='bbox 1163 1785 1210 1812; x_wconf 56' lang='grc' dir='ltr'><strong>καὶ¹</strong></span> <span class='ocrx_word' id='word_1_617' title='bbox 1224 1784 1272 1820; x_wconf 82' lang='grc' dir='ltr'>τὴν</span> <span class='ocrx_word' id='word_1_618' title='bbox 1290 1785 1318 1811; x_wconf 79' lang='grc' dir='ltr'><strong>ὲν</strong></span> <span class='ocrx_word' id='word_1_619' title='bbox 1348 1784 1435 1819; x_wconf 79' lang='grc' dir='ltr'>λόγοις</span> <span class='ocrx_word' id='word_1_620' title='bbox 1456 1784 1502 1811; x_wconf 83' lang='grc' dir='ltr'>τοῦ</span> <span class='ocrx_word' id='word_1_621' title='bbox 1531 1784 1690 1811; x_wconf 80' lang='grc' dir='ltr'>διδασκάλου</span> <span class='ocrx_word' id='word_1_622' title='bbox 1717 1783 1820 1819; x_wconf 75' lang='grc' dir='ltr'>τροφὴν</span> <span class='ocrx_word' id='word_1_623' title='bbox 1848 1783 1893 1810; x_wconf 75' lang='grc' dir='ltr'><strong>ἐπὶ</strong></span> <span class='ocrx_word' id='word_1_624' title='bbox 1915 1784 1948 1810; x_wconf 79' lang='grc' dir='ltr'>τὰ</span> 
     </span>
    </p>
   </div>
   <div class='ocr_carea' id='block_1_83' title="bbox 1162 1828 1949 1866">
    <p class='ocr_par' dir='ltr' id='par_1_83' title="bbox 1162 1828 1949 1866">
     <span class='ocr_line' id='line_1_83' title="bbox 1162 1828 1949 1866; baseline -0.004 -9"><span class='ocrx_word' id='word_1_625' title='bbox 1162 1831 1246 1866; x_wconf 76' lang='grc' dir='ltr'>χείρω</span> <span class='ocrx_word' id='word_1_626' title='bbox 1274 1830 1409 1865; x_wconf 78' lang='grc' dir='ltr'>τραπεὶς,</span> <span class='ocrx_word' id='word_1_627' title='bbox 1435 1831 1481 1856; x_wconf 78' lang='grc' dir='ltr'>καὶ</span> <span class='ocrx_word' id='word_1_628' title='bbox 1509 1832 1564 1862; x_wconf 84' lang='grc' dir='ltr'>τοῖς</span> <span class='ocrx_word' id='word_1_629' title='bbox 1590 1830 1721 1861; x_wconf 73' lang='grc' dir='ltr'>ἐναντίοις</span> <span class='ocrx_word' id='word_1_630' title='bbox 1737 1829 1784 1855; x_wconf 74' lang='grc' dir='ltr'>τὸν</span> <span class='ocrx_word' id='word_1_631' title='bbox 1804 1828 1949 1863; x_wconf 78' lang='grc' dir='ltr'><strong>εὐεργέτην</strong></span> 
     </span>
    </p>
   </div>
   <div class='ocr_carea' id='block_1_84' title="bbox 1162 1868 1950 1912">
    <p class='ocr_par' dir='ltr' id='par_1_84' title="bbox 1162 1868 1950 1912">
     <span class='ocr_line' id='line_1_84' title="bbox 1162 1868 1950 1912; baseline -0.005 -8"><span class='ocrx_word' id='word_1_632' title='bbox 1162 1877 1408 1912; x_wconf 71' lang='grc' dir='ltr'>ἁνταμειψάμενος.</span> <span class='ocrx_word' id='word_1_633' title='bbox 1430 1876 1500 1903; x_wconf 79' lang='grc' dir='ltr'><strong>’Δλλ’</strong></span> <span class='ocrx_word' id='word_1_634' title='bbox 1517 1876 1663 1911; x_wconf 72' lang='grc' dir='ltr'>ἐπειδήπερ</span> <span class='ocrx_word' id='word_1_635' title='bbox 1684 1868 1902 1905; x_wconf 68' lang='grc' dir='ltr'>ἐπιϐουλεύοντες</span> <span class='ocrx_word' id='word_1_636' title='bbox 1925 1875 1950 1900; x_wconf 78' lang='grc' dir='ltr'><strong>οι</strong></span> 
     </span>
    </p>
   </div>
   <div class='ocr_carea' id='block_1_85' title="bbox 1163 1919 1950 1958">
    <p class='ocr_par' dir='ltr' id='par_1_85' title="bbox 1163 1919 1950 1958">
     <span class='ocr_line' id='line_1_85' title="bbox 1163 1919 1950 1958; baseline -0.005 -9"><span class='ocrx_word' id='word_1_637' title='bbox 1163 1922 1256 1958; x_wconf 78' lang='grc' dir='ltr'>ἐχθροὶ</span> <span class='ocrx_word' id='word_1_638' title='bbox 1269 1923 1361 1957; x_wconf 79' lang='grc' dir='ltr'>ἔλεγον</span> <span class='ocrx_word' id='word_1_639' title='bbox 1373 1931 1380 1938; x_wconf 86' lang='grc'><strong>·</strong></span> <span class='ocrx_word' id='word_1_640' title='bbox 1396 1932 1405 1948; x_wconf 76' lang='grc' dir='ltr'><strong>ι</strong></span> <span class='ocrx_word' id='word_1_641' title='bbox 1419 1923 1488 1949; x_wconf 79' lang='grc' dir='ltr'>Πότε</span> <span class='ocrx_word' id='word_1_642' title='bbox 1502 1922 1688 1952; x_wconf 81' lang='grc' dir='ltr'>ἀποθανεῖται,</span> <span class='ocrx_word' id='word_1_643' title='bbox 1709 1921 1754 1948; x_wconf 75' lang='grc' dir='ltr'>καὶ</span> <span class='ocrx_word' id='word_1_644' title='bbox 1765 1921 1906 1947; x_wconf 84' lang='grc' dir='ltr'>ἀπολεῖται</span> <span class='ocrx_word' id='word_1_645' title='bbox 1919 1919 1950 1946; x_wconf 73' lang='grc' dir='ltr'>τὸ</span> 
     </span>
    </p>
   </div>
   <div class='ocr_carea' id='block_1_86' title="bbox 1163 1965 1949 2004">
    <p class='ocr_par' dir='ltr' id='par_1_86' title="bbox 1163 1965 1949 2004">
     <span class='ocr_line' id='line_1_86' title="bbox 1163 1965 1949 2004; baseline -0.004 -9"><span class='ocrx_word' id='word_1_646' title='bbox 1163 1968 1248 2004; x_wconf 77' lang='grc' dir='ltr'>δνομα</span> <span class='ocrx_word' id='word_1_647' title='bbox 1261 1969 1343 1996; x_wconf 76' lang='grc' dir='ltr'>αὑτοῦ</span> <span class='ocrx_word' id='word_1_648' title='bbox 1355 1978 1378 2002; x_wconf 80' lang='lat' dir='ltr'><strong>;i</strong></span> <span class='ocrx_word' id='word_1_649' title='bbox 1399 1968 1483 2004; x_wconf 76' lang='grc' dir='ltr'>ᾤοντό</span> <span class='ocrx_word' id='word_1_650' title='bbox 1498 1977 1527 1994; x_wconf 88' lang='grc' dir='ltr'><strong>τε</strong></span> <span class='ocrx_word' id='word_1_651' title='bbox 1540 1967 1704 2003; x_wconf 75' lang='grc' dir='ltr'>κοιμηθέντα</span> <span class='ocrx_word' id='word_1_652' title='bbox 1717 1966 1812 2002; x_wconf 74' lang='grc' dir='ltr'>μηκέτ’</span> <span class='ocrx_word' id='word_1_653' title='bbox 1830 1965 1949 2001; x_wconf 78' lang='grc' dir='ltr'><strong>ἀναστή-</strong></span> 
     </span>
    </p>
   </div>
   <div class='ocr_carea' id='block_1_87' title="bbox 1165 2011 1950 2050">
    <p class='ocr_par' dir='ltr' id='par_1_87' title="bbox 1165 2011 1950 2050">
     <span class='ocr_line' id='line_1_87' title="bbox 1165 2011 1950 2050; baseline -0.006 -8"><span class='ocrx_word' id='word_1_654' title='bbox 1165 2016 1271 2048; x_wconf 85' lang='grc' dir='ltr'>σεσθαι,</span> <span class='ocrx_word' id='word_1_655' title='bbox 1294 2015 1389 2041; x_wconf 79' lang='grc' dir='ltr'>τούτου</span> <span class='ocrx_word' id='word_1_656' title='bbox 1421 2015 1500 2050; x_wconf 81' lang='grc' dir='ltr'>χάριν</span> <span class='ocrx_word' id='word_1_657' title='bbox 1527 2014 1607 2045; x_wconf 77' lang='grc' dir='ltr'>αὐτὸς</span> <span class='ocrx_word' id='word_1_658' title='bbox 1628 2014 1641 2038; x_wconf 84' lang='grc' dir='ltr'>ὁ</span> <span class='ocrx_word' id='word_1_659' title='bbox 1663 2013 1756 2048; x_wconf 83' lang='grc' dir='ltr'>Σωτὴρ</span> <span class='ocrx_word' id='word_1_660' title='bbox 1778 2011 1825 2038; x_wconf 73' lang='grc' dir='ltr'>καὶ</span> <span class='ocrx_word' id='word_1_661' title='bbox 1850 2011 1950 2046; x_wconf 80' lang='grc' dir='ltr'>Κύριος</span> 
     </span>
    </p>
   </div>
   <div class='ocr_carea' id='block_1_88' title="bbox 1163 2057 1950 2097">
    <p class='ocr_par' dir='ltr' id='par_1_88' title="bbox 1163 2057 1950 2097">
     <span class='ocr_line' id='line_1_88' title="bbox 1163 2057 1950 2097; baseline -0.006 -9"><span class='ocrx_word' id='word_1_662' title='bbox 1163 2063 1179 2097; x_wconf 70' lang='grc' dir='ltr'><strong>ἡ</strong></span> <span class='ocrx_word' id='word_1_663' title='bbox 1185 2062 1242 2097; x_wconf 86' lang='grc' dir='ltr'>μῶν</span> <span class='ocrx_word' id='word_1_664' title='bbox 1258 2061 1387 2088; x_wconf 78' lang='grc' dir='ltr'>τάναντία</span> <span class='ocrx_word' id='word_1_665' title='bbox 1411 2060 1515 2091; x_wconf 80' lang='grc' dir='ltr'>τούτοις</span> <span class='ocrx_word' id='word_1_666' title='bbox 1540 2059 1694 2094; x_wconf 73' lang='grc' dir='ltr'>εὐχόμενος.</span> <span class='ocrx_word' id='word_1_667' title='bbox 1713 2058 1759 2084; x_wconf 70' lang='grc' dir='ltr'>καὶ</span> <span class='ocrx_word' id='word_1_668' title='bbox 1769 2058 1818 2093; x_wconf 80' lang='grc' dir='ltr'>τῆς</span> <span class='ocrx_word' id='word_1_669' title='bbox 1832 2057 1950 2084; x_wconf 72' lang='grc' dir='ltr'>ἀναστάο</span> 
     </span>
    </p>
   </div>
   <div class='ocr_carea' id='block_1_89' title="bbox 1165 2102 1948 2140">
    <p class='ocr_par' dir='ltr' id='par_1_89' title="bbox 1165 2102 1948 2140">
     <span class='ocr_line' id='line_1_89' title="bbox 1165 2102 1948 2140; baseline -0.006 -6"><span class='ocrx_word' id='word_1_670' title='bbox 1165 2116 1233 2139; x_wconf 79' lang='grc' dir='ltr'>σεως</span> <span class='ocrx_word' id='word_1_671' title='bbox 1261 2107 1407 2138; x_wconf 79' lang='grc' dir='ltr'><strong>ἀκωλύτως</strong></span> <span class='ocrx_word' id='word_1_672' title='bbox 1439 2107 1530 2140; x_wconf 80' lang='grc' dir='ltr'>τυχεῖν</span> <span class='ocrx_word' id='word_1_673' title='bbox 1558 2105 1641 2137; x_wconf 78' lang='grc' dir='ltr'>ἀξιῶν</span> <span class='ocrx_word' id='word_1_674' title='bbox 1660 2104 1704 2131; x_wconf 76' lang='grc' dir='ltr'>τὸν</span> <span class='ocrx_word' id='word_1_675' title='bbox 1725 2103 1846 2139; x_wconf 79' lang='grc' dir='ltr'><strong>Πατέρα,</strong></span> <span class='ocrx_word' id='word_1_676' title='bbox 1867 2102 1948 2138; x_wconf 71' lang='grc' dir='ltr'>φησι·</span> 
     </span>
    </p>
   </div>
   <div class='ocr_carea' id='block_1_90' title="bbox 1167 2148 1950 2189">
    <p class='ocr_par' dir='ltr' id='par_1_90' title="bbox 1167 2148 1950 2189">
     <span class='ocr_line' id='line_1_90' title="bbox 1167 2148 1950 2189; baseline -0.005 -10"><span class='ocrx_word' id='word_1_677' title='bbox 1167 2164 1176 2179; x_wconf 78' lang='grc' dir='ltr'><strong>ι</strong></span> <span class='ocrx_word' id='word_1_678' title='bbox 1192 2155 1228 2181; x_wconf 82' lang='grc' dir='ltr'><strong>Σὺ</strong></span> <span class='ocrx_word' id='word_1_679' title='bbox 1245 2155 1283 2185; x_wconf 74' lang='grc' dir='ltr'><strong>δὲ,</strong></span> <span class='ocrx_word' id='word_1_680' title='bbox 1301 2153 1396 2189; x_wconf 78' lang='grc' dir='ltr'>Κύριε,</span> <span class='ocrx_word' id='word_1_681' title='bbox 1413 2152 1522 2186; x_wconf 72' lang='grc' dir='ltr'><strong>ἐλέησόν</strong></span> <span class='ocrx_word' id='word_1_682' title='bbox 1538 2160 1581 2186; x_wconf 85' lang='grc' dir='ltr'>με,</span> <span class='ocrx_word' id='word_1_683' title='bbox 1605 2151 1652 2178; x_wconf 74' lang='grc' dir='ltr'>καὶ</span> <span class='ocrx_word' id='word_1_684' title='bbox 1678 2150 1826 2184; x_wconf 63' lang='grc' dir='ltr'>ἀναστῆσον</span> <span class='ocrx_word' id='word_1_685' title='bbox 1843 2158 1888 2184; x_wconf 85' lang='grc' dir='ltr'>με,</span> <span class='ocrx_word' id='word_1_686' title='bbox 1902 2148 1950 2176; x_wconf 80' lang='grc' dir='ltr'><strong>καὶ</strong></span> 
     </span>
    </p>
   </div>
   <div class='ocr_carea' id='block_1_91' title="bbox 1164 2193 1950 2231">
    <p class='ocr_par' dir='ltr' id='par_1_91' title="bbox 1164 2193 1950 2231">
     <span class='ocr_line' id='line_1_91' title="bbox 1164 2193 1950 2231; baseline -0.009 -4"><span class='ocrx_word' id='word_1_687' title='bbox 1164 2199 1346 2227; x_wconf 79' lang='grc' dir='ltr'>ἀνταποδώσω</span> <span class='ocrx_word' id='word_1_688' title='bbox 1359 2199 1459 2230; x_wconf 72' lang='grc' dir='ltr'>αὐτοῖς.</span> <span class='ocrx_word' id='word_1_689' title='bbox 1481 2198 1524 2224; x_wconf 87' lang='grc' dir='ltr'><strong>Ἐν</strong></span> <span class='ocrx_word' id='word_1_690' title='bbox 1539 2197 1625 2231; x_wconf 78' lang='grc' dir='ltr'>τούτῳ</span> <span class='ocrx_word' id='word_1_691' title='bbox 1637 2196 1731 2230; x_wconf 79' lang='grc' dir='ltr'>ἔγνων,</span> <span class='ocrx_word' id='word_1_692' title='bbox 1746 2195 1787 2221; x_wconf 82' lang='grc' dir='ltr'>ὅτι</span> <span class='ocrx_word' id='word_1_693' title='bbox 1803 2193 1950 2229; x_wconf 74' lang='grc' dir='ltr'>τεθέληκάς</span> 
     </span>
    </p>
   </div>
   <div class='ocr_carea' id='block_1_92' title="bbox 1167 2240 1950 2281">
    <p class='ocr_par' dir='ltr' id='par_1_92' title="bbox 1167 2240 1950 2281">
     <span class='ocr_line' id='line_1_92' title="bbox 1167 2240 1950 2281; baseline -0.009 -8"><span class='ocrx_word' id='word_1_694' title='bbox 1167 2255 1211 2281; x_wconf 80' lang='grc' dir='ltr'>με,</span> <span class='ocrx_word' id='word_1_695' title='bbox 1227 2246 1309 2272; x_wconf 82' lang='grc' dir='ltr'>ὅτιού</span> <span class='ocrx_word' id='word_1_696' title='bbox 1329 2244 1365 2280; x_wconf 84' lang='grc' dir='ltr'>μὴ</span> <span class='ocrx_word' id='word_1_697' title='bbox 1383 2245 1501 2280; x_wconf 80' lang='grc' dir='ltr'>ὲπιχαρῇ</span> <span class='ocrx_word' id='word_1_698' title='bbox 1518 2245 1531 2270; x_wconf 84' lang='grc' dir='ltr'><strong>ὁ</strong></span> <span class='ocrx_word' id='word_1_699' title='bbox 1554 2242 1649 2278; x_wconf 77' lang='grc' dir='ltr'>ἐχθρός</span> <span class='ocrx_word' id='word_1_700' title='bbox 1662 2250 1713 2277; x_wconf 90' lang='grc' dir='ltr'><strong>μου</strong></span> <span class='ocrx_word' id='word_1_701' title='bbox 1732 2242 1774 2267; x_wconf 72' lang='grc' dir='ltr'><strong>ἐπ’</strong></span> <span class='ocrx_word' id='word_1_702' title='bbox 1791 2241 1863 2276; x_wconf 76' lang='grc' dir='ltr'>ὲμοε.</span> <span class='ocrx_word' id='word_1_703' title='bbox 1876 2240 1950 2267; x_wconf 70' lang='grc' dir='ltr'><strong>»Καὶ</strong></span> 
     </span>
    </p>
   </div>
   <div class='ocr_carea' id='block_1_93' title="bbox 302 2286 1114 2329">
    <p class='ocr_par' dir='ltr' id='par_1_93' title="bbox 302 2293 1113 2329">
     <span class='ocr_line' id='line_1_93' title="bbox 302 2293 1113 2329; baseline -0.001 -7"><span class='ocrx_word' id='word_1_704' title='bbox 302 2293 308 2327; x_wconf 57' lang='grc' dir='ltr'><strong><em>ἕ</em></strong></span> <span class='ocrx_word' id='word_1_705' title='bbox 327 2295 448 2322; x_wconf 88' lang='lat' dir='ltr'><strong>muniter</strong></span> <span class='ocrx_word' id='word_1_706' title='bbox 467 2294 501 2322; x_wconf 83' lang='lat' dir='ltr'><strong>de</strong></span> <span class='ocrx_word' id='word_1_707' title='bbox 528 2295 665 2322; x_wconf 81' lang='lat' dir='ltr'><strong>universis</strong></span> <span class='ocrx_word' id='word_1_708' title='bbox 693 2295 765 2322; x_wconf 86' lang='lat' dir='ltr'><strong>dicta</strong></span> <span class='ocrx_word' id='word_1_709' title='bbox 782 2299 858 2326; x_wconf 88' lang='lat' dir='ltr'><strong>sunt,</strong></span> <span class='ocrx_word' id='word_1_710' title='bbox 885 2294 932 2329; x_wconf 89' lang='lat' dir='ltr'><strong>qui</strong></span> <span class='ocrx_word' id='word_1_711' title='bbox 957 2295 1009 2322; x_wconf 89' lang='lat' dir='ltr'><strong>sub</strong></span> <span class='ocrx_word' id='word_1_712' title='bbox 1025 2295 1113 2329; x_wconf 86' lang='lat' dir='ltr'><strong>ipsum</strong></span> 
     </span>
    </p>
   </div>
   <div class='ocr_carea' id='block_1_94' title="bbox 1165 2286 1951 2329">
    <p class='ocr_par' dir='ltr' id='par_1_94' title="bbox 1167 2286 1951 2326">
     <span class='ocr_line' id='line_1_94' title="bbox 1167 2286 1951 2326; baseline -0.005 -9"><span class='ocrx_word' id='word_1_713' title='bbox 1167 2290 1299 2326; x_wconf 75' lang='grc' dir='ltr'><strong>πρόδηλόν</strong></span> <span class='ocrx_word' id='word_1_714' title='bbox 1317 2298 1349 2324; x_wconf 78' lang='grc' dir='ltr'><strong>γε</strong></span> <span class='ocrx_word' id='word_1_715' title='bbox 1368 2290 1428 2316; x_wconf 78' lang='grc' dir='ltr'>τινα</span> <span class='ocrx_word' id='word_1_716' title='bbox 1452 2289 1551 2325; x_wconf 79' lang='grc' dir='ltr'>τρόπον</span> <span class='ocrx_word' id='word_1_717' title='bbox 1567 2288 1635 2324; x_wconf 77' lang='grc' dir='ltr'>μετὰ</span> <span class='ocrx_word' id='word_1_718' title='bbox 1650 2288 1698 2323; x_wconf 80' lang='grc' dir='ltr'>τὴν</span> <span class='ocrx_word' id='word_1_719' title='bbox 1714 2288 1746 2314; x_wconf 85' lang='grc' dir='ltr'>ὲκ</span> <span class='ocrx_word' id='word_1_720' title='bbox 1760 2286 1864 2323; x_wconf 80' lang='grc' dir='ltr'>νεκρῶν</span> <span class='ocrx_word' id='word_1_721' title='bbox 1885 2286 1951 2314; x_wconf 77' lang='grc' dir='ltr'><strong>ἀνᾶ-</strong></span> 
     </span>
    </p>
   </div>
   <div class='ocr_carea' id='block_1_95' title="bbox 302 2335 1112 2377">
    <p class='ocr_par' dir='ltr' id='par_1_95' title="bbox 302 2335 1112 2377">
     <span class='ocr_line' id='line_1_95' title="bbox 302 2335 1112 2377; baseline 0.001 -9"><span class='ocrx_word' id='word_1_722' title='bbox 302 2335 303 2338; x_wconf 28' lang='grc'><strong>¹</strong></span> <span class='ocrx_word' id='word_1_723' title='bbox 326 2342 466 2377; x_wconf 88' lang='lat' dir='ltr'><strong>passionis</strong></span> <span class='ocrx_word' id='word_1_724' title='bbox 487 2345 595 2376; x_wconf 81' lang='lat' dir='ltr'><strong>tempus</strong></span> <span class='ocrx_word' id='word_1_725' title='bbox 610 2341 724 2369; x_wconf 84' lang='lat' dir='ltr'><strong>insidias</strong></span> <span class='ocrx_word' id='word_1_726' title='bbox 741 2341 780 2368; x_wconf 90' lang='lat' dir='ltr'><strong>illi</strong></span> <span class='ocrx_word' id='word_1_727' title='bbox 797 2340 930 2368; x_wconf 78' lang='lat' dir='ltr'><strong>fecerunt.</strong></span> <span class='ocrx_word' id='word_1_728' title='bbox 947 2340 981 2367; x_wconf 79' lang='lat' dir='ltr'><strong>At</strong></span> <span class='ocrx_word' id='word_1_729' title='bbox 989 2349 1112 2369; x_wconf 79' lang='lat' dir='ltr'><strong>seorsum</strong></span> 
     </span>
    </p>
   </div>
   <div class='ocr_carea' id='block_1_96' title="bbox 326 2387 1115 2423">
    <p class='ocr_par' dir='ltr' id='par_1_96' title="bbox 326 2387 1115 2423">
     <span class='ocr_line' id='line_1_96' title="bbox 326 2387 1115 2423; baseline 0 -9"><span class='ocrx_word' id='word_1_730' title='bbox 326 2389 360 2415; x_wconf 90' lang='lat' dir='ltr'><strong>de</strong></span> <span class='ocrx_word' id='word_1_731' title='bbox 372 2388 521 2423; x_wconf 89' lang='lat' dir='ltr'><strong>proditore,</strong></span> <span class='ocrx_word' id='word_1_732' title='bbox 549 2393 678 2422; x_wconf 86' lang='lat' dir='ltr'><strong>tanquam</strong></span> <span class='ocrx_word' id='word_1_733' title='bbox 693 2387 727 2414; x_wconf 86' lang='lat' dir='ltr'><strong>de</strong></span> <span class='ocrx_word' id='word_1_734' title='bbox 743 2394 775 2414; x_wconf 90' lang='lat' dir='ltr'><strong>eo</strong></span> <span class='ocrx_word' id='word_1_735' title='bbox 785 2395 865 2421; x_wconf 85' lang='lat' dir='ltr'><strong>quem</strong></span> <span class='ocrx_word' id='word_1_736' title='bbox 878 2387 935 2422; x_wconf 87' lang='lat' dir='ltr'><strong>ipsc</strong></span> <span class='ocrx_word' id='word_1_737' title='bbox 948 2393 977 2414; x_wconf 90' lang='lat' dir='ltr'><strong>ut</strong></span> <span class='ocrx_word' id='word_1_738' title='bbox 994 2387 1115 2422; x_wconf 85' lang='lat' dir='ltr'><strong>discipu—</strong></span> 
     </span>
    </p>
   </div>
   <div class='ocr_carea' id='block_1_97' title="bbox 327 2433 1115 2468">
    <p class='ocr_par' dir='ltr' id='par_1_97' title="bbox 327 2433 1115 2468">
     <span class='ocr_line' id='line_1_97' title="bbox 327 2433 1115 2468; baseline -0.001 -8"><span class='ocrx_word' id='word_1_739' title='bbox 327 2435 382 2461; x_wconf 88' lang='lat' dir='ltr'><strong>lum</strong></span> <span class='ocrx_word' id='word_1_740' title='bbox 400 2435 575 2466; x_wconf 80' lang='lat' dir='ltr'><strong>instituisset,</strong></span> <span class='ocrx_word' id='word_1_741' title='bbox 594 2434 723 2468; x_wconf 82' lang='lat' dir='ltr'><strong>deinceps</strong></span> <span class='ocrx_word' id='word_1_742' title='bbox 749 2433 884 2468; x_wconf 83' lang='lat' dir='ltr'><strong>adjungit,</strong></span> <span class='ocrx_word' id='word_1_743' title='bbox 898 2433 993 2461; x_wconf 81' lang='lat' dir='ltr'><strong>dicens</strong></span> <span class='ocrx_word' id='word_1_744' title='bbox 1011 2441 1017 2459; x_wconf 87' lang='lat'><strong>:</strong></span> <span class='ocrx_word' id='word_1_745' title='bbox 1041 2443 1049 2459; x_wconf 83' lang='grc' dir='ltr'><strong>ι</strong></span> <span class='ocrx_word' id='word_1_746' title='bbox 1069 2433 1115 2460; x_wconf 86' lang='lat' dir='ltr'><strong>Et-</strong></span> 
     </span>
    </p>
   </div>
   <div class='ocr_carea' id='block_1_98' title="bbox 327 2479 1115 2515">
    <p class='ocr_par' dir='ltr' id='par_1_98' title="bbox 327 2479 1115 2515">
     <span class='ocr_line' id='line_1_98' title="bbox 327 2479 1115 2515; baseline -0.003 -8"><span class='ocrx_word' id='word_1_747' title='bbox 327 2481 400 2508; x_wconf 84' lang='lat' dir='ltr'><strong>enim</strong></span> <span class='ocrx_word' id='word_1_748' title='bbox 414 2480 495 2507; x_wconf 90' lang='lat' dir='ltr'><strong>homo</strong></span> <span class='ocrx_word' id='word_1_749' title='bbox 513 2481 588 2515; x_wconf 71' lang='lat' dir='ltr'><strong>pacis</strong></span> <span class='ocrx_word' id='word_1_750' title='bbox 607 2487 682 2511; x_wconf 69' lang='lat' dir='ltr'><strong>mete,</strong></span> <span class='ocrx_word' id='word_1_751' title='bbox 699 2479 727 2506; x_wconf 92' lang='lat' dir='ltr'><strong>in</strong></span> <span class='ocrx_word' id='word_1_752' title='bbox 754 2487 808 2514; x_wconf 88' lang='lat' dir='ltr'><strong>quo</strong></span> <span class='ocrx_word' id='word_1_753' title='bbox 823 2479 941 2514; x_wconf 84' lang='lat' dir='ltr'><strong>speravi,</strong></span> <span class='ocrx_word' id='word_1_754' title='bbox 957 2479 1002 2514; x_wconf 90' lang='lat' dir='ltr'><strong>qui</strong></span> <span class='ocrx_word' id='word_1_755' title='bbox 1018 2479 1115 2506; x_wconf 83' lang='lat' dir='ltr'><strong>edebat</strong></span> 
     </span>
    </p>
   </div>
   <div class='ocr_carea' id='block_1_99' title="bbox 327 2525 1112 2561">
    <p class='ocr_par' dir='ltr' id='par_1_99' title="bbox 327 2525 1112 2561">
     <span class='ocr_line' id='line_1_99' title="bbox 327 2525 1112 2561; baseline -0.003 -8"><span class='ocrx_word' id='word_1_756' title='bbox 327 2534 412 2561; x_wconf 81' lang='lat' dir='ltr'><strong>panes</strong></span> <span class='ocrx_word' id='word_1_757' title='bbox 429 2534 516 2558; x_wconf 82' lang='lat' dir='ltr'><strong>meos,</strong></span> <span class='ocrx_word' id='word_1_758' title='bbox 531 2525 715 2560; x_wconf 78' lang='lat' dir='ltr'><strong>magniﬁcavit</strong></span> <span class='ocrx_word' id='word_1_759' title='bbox 738 2532 820 2560; x_wconf 87' lang='lat' dir='ltr'><strong>super</strong></span> <span class='ocrx_word' id='word_1_760' title='bbox 842 2532 885 2552; x_wconf 90' lang='lat' dir='ltr'><strong>me</strong></span> <span class='ocrx_word' id='word_1_761' title='bbox 912 2525 1112 2560; x_wconf 87' lang='lat' dir='ltr'><strong>supplantatio-</strong></span> 
     </span>
    </p>
   </div>
   <div class='ocr_carea' id='block_1_100' title="bbox 330 2572 1112 2608">
    <p class='ocr_par' dir='ltr' id='par_1_100' title="bbox 330 2572 1112 2608">
     <span class='ocr_line' id='line_1_100' title="bbox 330 2572 1112 2608; baseline 0 -8"><span class='ocrx_word' id='word_1_762' title='bbox 330 2581 391 2600; x_wconf 90' lang='lat' dir='ltr'><strong>nem</strong></span> <span class='ocrx_word' id='word_1_763' title='bbox 409 2574 442 2600; x_wconf 70' lang='grc' dir='ltr'><strong>δ’.</strong></span> <span class='ocrx_word' id='word_1_764' title='bbox 458 2584 467 2600; x_wconf 74' lang='grc' dir='ltr'><strong>ι</strong></span> <span class='ocrx_word' id='word_1_765' title='bbox 485 2573 538 2600; x_wconf 86' lang='lat' dir='ltr'><strong>Pro</strong></span> <span class='ocrx_word' id='word_1_766' title='bbox 555 2581 608 2608; x_wconf 90' lang='lat' dir='ltr'><strong>quo</strong></span> <span class='ocrx_word' id='word_1_767' title='bbox 624 2581 732 2600; x_wconf 87' lang='lat' dir='ltr'><strong>rursum</strong></span> <span class='ocrx_word' id='word_1_768' title='bbox 745 2572 925 2608; x_wconf 79' lang='lat' dir='ltr'><strong>Symmachus</strong></span> <span class='ocrx_word' id='word_1_769' title='bbox 943 2582 948 2600; x_wconf 92' lang='lat'>:</span> <span class='ocrx_word' id='word_1_770' title='bbox 962 2572 1010 2600; x_wconf 68' lang='lat' dir='ltr'><strong>«Et</strong></span> <span class='ocrx_word' id='word_1_771' title='bbox 1021 2573 1112 2603; x_wconf 89' lang='lat' dir='ltr'><strong>homo.</strong></span> 
     </span>
    </p>
   </div>
   <div class='ocr_carea' id='block_1_101' title="bbox 328 2618 1114 2654">
    <p class='ocr_par' dir='ltr' id='par_1_101' title="bbox 328 2618 1114 2654">
     <span class='ocr_line' id='line_1_101' title="bbox 328 2618 1114 2654; baseline 0 -9"><span class='ocrx_word' id='word_1_772' title='bbox 328 2618 428 2653; x_wconf 87' lang='lat' dir='ltr'><strong>inquit,</strong></span> <span class='ocrx_word' id='word_1_773' title='bbox 440 2619 486 2653; x_wconf 90' lang='lat' dir='ltr'><strong>qui</strong></span> <span class='ocrx_word' id='word_1_774' title='bbox 504 2626 596 2654; x_wconf 85' lang='lat' dir='ltr'><strong>pacem</strong></span> <span class='ocrx_word' id='word_1_775' title='bbox 611 2619 727 2646; x_wconf 87' lang='lat' dir='ltr'><strong>habebat</strong></span> <span class='ocrx_word' id='word_1_776' title='bbox 740 2626 857 2651; x_wconf 87' lang='lat' dir='ltr'><strong>tnecum,</strong></span> <span class='ocrx_word' id='word_1_777' title='bbox 874 2619 919 2646; x_wconf 91' lang='lat' dir='ltr'><strong>cui</strong></span> <span class='ocrx_word' id='word_1_778' title='bbox 933 2618 1114 2650; x_wconf 82' lang='lat' dir='ltr'><strong>conﬁdebam,</strong></span> 
     </span>
    </p>
   </div>
   <div class='ocr_carea' id='block_1_102' title="bbox 327 2663 1118 2699">
    <p class='ocr_par' dir='ltr' id='par_1_102' title="bbox 327 2663 1118 2699">
     <span class='ocr_line' id='line_1_102' title="bbox 327 2663 1118 2699; baseline 0 -9"><span class='ocrx_word' id='word_1_779' title='bbox 327 2663 475 2692; x_wconf 78' lang='lat' dir='ltr'><strong>comedens</strong></span> <span class='ocrx_word' id='word_1_780' title='bbox 498 2671 604 2692; x_wconf 89' lang='lat' dir='ltr'><strong>mecum</strong></span> <span class='ocrx_word' id='word_1_781' title='bbox 620 2671 717 2699; x_wconf 87' lang='lat' dir='ltr'><strong>panem</strong></span> <span class='ocrx_word' id='word_1_782' title='bbox 742 2671 844 2697; x_wconf 89' lang='lat' dir='ltr'><strong>meum,</strong></span> <span class='ocrx_word' id='word_1_783' title='bbox 861 2664 1051 2699; x_wconf 81' lang='lat' dir='ltr'><strong>magniﬁcatus</strong></span> <span class='ocrx_word' id='word_1_784' title='bbox 1073 2667 1118 2691; x_wconf 89' lang='lat' dir='ltr'><strong>est</strong></span> 
     </span>
    </p>
   </div>
   <div class='ocr_carea' id='block_1_103' title="bbox 327 2709 1116 2737">
    <p class='ocr_par' dir='ltr' id='par_1_103' title="bbox 327 2709 1116 2737">
     <span class='ocr_line' id='line_1_103' title="bbox 327 2709 1116 2737; baseline 0 -1"><span class='ocrx_word' id='word_1_785' title='bbox 327 2715 423 2737; x_wconf 88' lang='lat' dir='ltr'><strong>contra</strong></span> <span class='ocrx_word' id='word_1_786' title='bbox 453 2717 507 2737; x_wconf 90' lang='lat' dir='ltr'><strong>me.</strong></span> <span class='ocrx_word' id='word_1_787' title='bbox 526 2719 535 2735; x_wconf 79' lang='grc' dir='ltr'><strong>ι</strong></span> <span class='ocrx_word' id='word_1_788' title='bbox 568 2709 710 2737; x_wconf 87' lang='lat' dir='ltr'><strong>Pessimus</strong></span> <span class='ocrx_word' id='word_1_789' title='bbox 730 2710 803 2737; x_wconf 87' lang='lat' dir='ltr'><strong>enim</strong></span> <span class='ocrx_word' id='word_1_790' title='bbox 832 2718 927 2737; x_wconf 89' lang='lat' dir='ltr'><strong>revera</strong></span> <span class='ocrx_word' id='word_1_791' title='bbox 950 2709 1073 2737; x_wconf 89' lang='lat' dir='ltr'><strong>omnium</strong></span> <span class='ocrx_word' id='word_1_792' title='bbox 1089 2713 1116 2737; x_wconf 90' lang='lat' dir='ltr'><strong>et</strong></span> 
     </span>
    </p>
   </div>
   <div class='ocr_carea' id='block_1_104' title="bbox 328 2755 1115 2791">
    <p class='ocr_par' dir='ltr' id='par_1_104' title="bbox 328 2755 1115 2791">
     <span class='ocr_line' id='line_1_104' title="bbox 328 2755 1115 2791; baseline 0.001 -10"><span class='ocrx_word' id='word_1_793' title='bbox 328 2755 571 2788; x_wconf 82' lang='lat' dir='ltr'><strong>sceleratissimus,</strong></span> <span class='ocrx_word' id='word_1_794' title='bbox 585 2756 632 2790; x_wconf 89' lang='lat' dir='ltr'><strong>qui</strong></span> <span class='ocrx_word' id='word_1_795' title='bbox 647 2760 709 2791; x_wconf 87' lang='lat' dir='ltr'><strong>post</strong></span> <span class='ocrx_word' id='word_1_796' title='bbox 738 2763 911 2783; x_wconf 86' lang='lat' dir='ltr'><strong>communem</strong></span> <span class='ocrx_word' id='word_1_797' title='bbox 938 2763 1071 2787; x_wconf 89' lang='lat' dir='ltr'><strong>mensam,</strong></span> <span class='ocrx_word' id='word_1_798' title='bbox 1089 2759 1115 2782; x_wconf 91' lang='lat' dir='ltr'><strong>et</strong></span> 
     </span>
    </p>
   </div>
   <div class='ocr_carea' id='block_1_105' title="bbox 327 2801 1112 2838">
    <p class='ocr_par' dir='ltr' id='par_1_105' title="bbox 327 2801 1112 2838">
     <span class='ocr_line' id='line_1_105' title="bbox 327 2801 1112 2838; baseline -0.001 -9"><span class='ocrx_word' id='word_1_799' title='bbox 327 2805 390 2835; x_wconf 79' lang='lat' dir='ltr'><strong>post</strong></span> <span class='ocrx_word' id='word_1_800' title='bbox 414 2802 468 2830; x_wconf 88' lang='lat' dir='ltr'><strong>cibi</strong></span> <span class='ocrx_word' id='word_1_801' title='bbox 493 2802 564 2830; x_wconf 85' lang='lat' dir='ltr'><strong>inter</strong></span> <span class='ocrx_word' id='word_1_802' title='bbox 581 2802 664 2830; x_wconf 82' lang='lat' dir='ltr'><strong>verba</strong></span> <span class='ocrx_word' id='word_1_803' title='bbox 683 2802 858 2838; x_wconf 67' lang='lat' dir='ltr'><strong>praeceptoris</strong></span> <span class='ocrx_word' id='word_1_804' title='bbox 886 2801 1112 2836; x_wconf 85' lang='lat' dir='ltr'><strong>assumptionem,</strong></span> 
     </span>
    </p>
   </div>
   <div class='ocr_carea' id='block_1_106' title="bbox 364 2888 1342 2935">
    <p class='ocr_par' dir='ltr' id='par_1_106' title="bbox 364 2888 1342 2935">
     <span class='ocr_line' id='line_1_106' title="bbox 364 2888 1342 2935; baseline 0 -19"><span class='ocrx_word' id='word_1_805' title='bbox 364 2889 503 2935; x_wconf 50' lang='grc' dir='ltr'><strong>ξ’ῌξῖιιιιξξ.</strong></span> <span class='ocrx_word' id='word_1_806' title='bbox 521 2898 601 2923; x_wconf 75' lang='lat' dir='ltr'><strong>uri,</strong></span> <span class='ocrx_word' id='word_1_807' title='bbox 621 2891 662 2918; x_wconf 86' lang='lat' dir='ltr'><strong>l-l.</strong></span> <span class='ocrx_word' id='word_1_808' title='bbox 703 2891 725 2907; x_wconf 80' lang='grc'><strong>⁸⁸</strong></span> <span class='ocrx_word' id='word_1_809' title='bbox 745 2889 827 2919; x_wconf 84' lang='lat' dir='ltr'><strong>Marc.</strong></span> <span class='ocrx_word' id='word_1_810' title='bbox 846 2899 902 2924; x_wconf 72' lang='lat' dir='ltr'><strong>xxv,</strong></span> <span class='ocrx_word' id='word_1_811' title='bbox 922 2890 1025 2925; x_wconf 83' lang='lat' dir='ltr'><strong>l0,&#39;ll.</strong></span> <span class='ocrx_word' id='word_1_812' title='bbox 1064 2890 1085 2917; x_wconf 76' lang='lat'><strong>&#39;.&#39;</strong></span> <span class='ocrx_word' id='word_1_813' title='bbox 1105 2888 1172 2918; x_wconf 88' lang='lat' dir='ltr'><strong>Luc.</strong></span> <span class='ocrx_word' id='word_1_814' title='bbox 1191 2888 1342 2935; x_wconf 34' lang='lat'><strong>“11,3516.</strong></span> 
     </span>
    </p>
   </div>
   <div class='ocr_carea' id='block_1_107' title="bbox 329 2924 500 2962">
    <p class='ocr_par' dir='ltr' id='par_1_107' title="bbox 329 2924 500 2962">
     <span class='ocr_line' id='line_1_107' title="bbox 329 2924 500 2962; baseline -0.012 -8"><span class='ocrx_word' id='word_1_815' title='bbox 329 2924 352 2942; x_wconf 71' lang='grc' dir='ltr'><strong>δ·</strong></span> <span class='ocrx_word' id='word_1_816' title='bbox 371 2925 439 2954; x_wconf 86' lang='lat' dir='ltr'><strong>ibid.</strong></span> <span class='ocrx_word' id='word_1_817' title='bbox 448 2958 453 2962; x_wconf 35' lang='grc' dir='ltr'><strong><em>η</em></strong></span> <span class='ocrx_word' id='word_1_818' title='bbox 461 2925 500 2952; x_wconf 86' lang='lat' dir='ltr'><strong>io.</strong></span> 
     </span>
    </p>
   </div>
   <div class='ocr_carea' id='block_1_108' title="bbox 1164 2332 1950 2370">
    <p class='ocr_par' dir='ltr' id='par_1_108' title="bbox 1164 2332 1950 2370">
     <span class='ocr_line' id='line_1_108' title="bbox 1164 2332 1950 2370; baseline -0.006 -7"><span class='ocrx_word' id='word_1_819' title='bbox 1164 2344 1257 2363; x_wconf 73' lang='grc' dir='ltr'>στασιν</span> <span class='ocrx_word' id='word_1_820' title='bbox 1268 2336 1361 2368; x_wconf 77' lang='grc' dir='ltr'>αὐτοῦ,</span> <span class='ocrx_word' id='word_1_821' title='bbox 1377 2335 1545 2370; x_wconf 80' lang='grc' dir='ltr'>παραχρῆμα</span> <span class='ocrx_word' id='word_1_822' title='bbox 1571 2335 1618 2360; x_wconf 71' lang='grc' dir='ltr'>καὶ</span> <span class='ocrx_word' id='word_1_823' title='bbox 1634 2334 1683 2360; x_wconf 80' lang='grc' dir='ltr'><strong>οὐκ</strong></span> <span class='ocrx_word' id='word_1_824' title='bbox 1699 2334 1739 2365; x_wconf 75' lang='grc' dir='ltr'>εἰς</span> <span class='ocrx_word' id='word_1_825' title='bbox 1756 2332 1864 2369; x_wconf 85' lang='grc' dir='ltr'>μακρὰν</span> <span class='ocrx_word' id='word_1_826' title='bbox 1885 2340 1950 2367; x_wconf 66' lang='grc' dir='ltr'>μετ’</span> 
     </span>
    </p>
   </div>
   <div class='ocr_carea' id='block_1_109' title="bbox 1167 2378 1948 2418">
    <p class='ocr_par' dir='ltr' id='par_1_109' title="bbox 1167 2378 1948 2418">
     <span class='ocr_line' id='line_1_109' title="bbox 1167 2378 1948 2418; baseline -0.006 -8"><span class='ocrx_word' id='word_1_827' title='bbox 1167 2383 1232 2418; x_wconf 77' lang='grc' dir='ltr'>ἦλθε</span> <span class='ocrx_word' id='word_1_828' title='bbox 1257 2384 1320 2414; x_wconf 76' lang='grc' dir='ltr'>τοὺς</span> <span class='ocrx_word' id='word_1_829' title='bbox 1345 2381 1605 2412; x_wconf 76' lang='grc' dir='ltr'>ἐπιϐεϐουλευκότας</span> <span class='ocrx_word' id='word_1_830' title='bbox 1629 2379 1735 2415; x_wconf 78' lang='grc' dir='ltr'>αὺτῴἡ</span> <span class='ocrx_word' id='word_1_831' title='bbox 1761 2378 1948 2410; x_wconf 78' lang='grc' dir='ltr'>ὰνταπόδοσις,</span> 
     </span>
    </p>
   </div>
   <div class='ocr_carea' id='block_1_110' title="bbox 1164 2419 1951 2464">
    <p class='ocr_par' dir='ltr' id='par_1_110' title="bbox 1164 2419 1951 2464">
     <span class='ocr_line' id='line_1_110' title="bbox 1164 2419 1951 2464; baseline -0.006 -8"><span class='ocrx_word' id='word_1_832' title='bbox 1164 2430 1237 2460; x_wconf 82' lang='grc' dir='ltr'>ὅπως</span> <span class='ocrx_word' id='word_1_833' title='bbox 1254 2437 1283 2455; x_wconf 86' lang='grc' dir='ltr'><strong>τε</strong></span> <span class='ocrx_word' id='word_1_834' title='bbox 1297 2430 1311 2455; x_wconf 81' lang='grc' dir='ltr'>ὁ</span> <span class='ocrx_word' id='word_1_835' title='bbox 1327 2428 1421 2464; x_wconf 76' lang='grc' dir='ltr'>ἐχθρὸς</span> <span class='ocrx_word' id='word_1_836' title='bbox 1435 2426 1529 2458; x_wconf 72' lang='grc' dir='ltr'>αὑτοῦ,</span> <span class='ocrx_word' id='word_1_837' title='bbox 1546 2426 1618 2461; x_wconf 81' lang='grc' dir='ltr'>ζωῆς</span> <span class='ocrx_word' id='word_1_838' title='bbox 1635 2426 1822 2461; x_wconf 75' lang='grc' dir='ltr'>τυγχάνοντος,</span> <span class='ocrx_word' id='word_1_839' title='bbox 1837 2419 1951 2455; x_wconf 82' lang='grc' dir='ltr'>θάνατος</span> 
     </span>
    </p>
   </div>
   <div class='ocr_carea' id='block_1_111' title="bbox 1165 2470 1950 2512">
    <p class='ocr_par' dir='ltr' id='par_1_111' title="bbox 1165 2470 1950 2512">
     <span class='ocr_line' id='line_1_111' title="bbox 1165 2470 1950 2512; baseline -0.006 -11"><span class='ocrx_word' id='word_1_840' title='bbox 1165 2475 1347 2512; x_wconf 81' lang='grc' dir='ltr'>κατῃσχύνθη,</span> <span class='ocrx_word' id='word_1_841' title='bbox 1359 2474 1429 2500; x_wconf 80' lang='grc' dir='ltr'>ὥστε</span> <span class='ocrx_word' id='word_1_842' title='bbox 1441 2474 1502 2505; x_wconf 73' lang='grc' dir='ltr'>τοὺς</span> <span class='ocrx_word' id='word_1_843' title='bbox 1516 2472 1727 2505; x_wconf 74' lang='grc' dir='ltr'>ὲπονειδίζοντιις</span> <span class='ocrx_word' id='word_1_844' title='bbox 1745 2472 1847 2498; x_wconf 70' lang='grc' dir='ltr'>εἰπεῖν·</span> <span class='ocrx_word' id='word_1_845' title='bbox 1866 2479 1876 2496; x_wconf 74' lang='grc' dir='ltr'><strong>ε</strong></span> <span class='ocrx_word' id='word_1_846' title='bbox 1895 2470 1950 2497; x_wconf 80' lang='grc' dir='ltr'><strong>Ποῦ</strong></span> 
     </span>
    </p>
   </div>
   <div class='ocr_carea' id='block_1_112' title="bbox 1166 2517 1949 2555">
    <p class='ocr_par' dir='ltr' id='par_1_112' title="bbox 1166 2517 1949 2555">
     <span class='ocr_line' id='line_1_112' title="bbox 1166 2517 1949 2555; baseline -0.008 -7"><span class='ocrx_word' id='word_1_847' title='bbox 1166 2531 1223 2554; x_wconf 80' lang='grc' dir='ltr'>σου,</span> <span class='ocrx_word' id='word_1_848' title='bbox 1237 2521 1345 2552; x_wconf 82' lang='grc' dir='ltr'>θάνατε,</span> <span class='ocrx_word' id='word_1_849' title='bbox 1358 2520 1388 2546; x_wconf 78' lang='grc' dir='ltr'><strong>τὸ</strong></span> <span class='ocrx_word' id='word_1_850' title='bbox 1398 2520 1525 2555; x_wconf 76' lang='grc' dir='ltr'>κέντρονς</span> <span class='ocrx_word' id='word_1_851' title='bbox 1540 2518 1590 2545; x_wconf 84' lang='grc' dir='ltr'>ποῦ</span> <span class='ocrx_word' id='word_1_852' title='bbox 1606 2527 1663 2550; x_wconf 84' lang='grc' dir='ltr'>σου,</span> <span class='ocrx_word' id='word_1_853' title='bbox 1678 2518 1786 2549; x_wconf 77' lang='grc' dir='ltr'>θάνατε,</span> <span class='ocrx_word' id='word_1_854' title='bbox 1800 2517 1831 2543; x_wconf 77' lang='grc' dir='ltr'>τὸ</span> <span class='ocrx_word' id='word_1_855' title='bbox 1843 2518 1916 2548; x_wconf 83' lang='grc' dir='ltr'>νῖκος</span> <span class='ocrx_word' id='word_1_856' title='bbox 1925 2523 1949 2549; x_wconf 73' lang='grc' dir='ltr'>ς»</span> 
     </span>
    </p>
   </div>
   <div class='ocr_carea' id='block_1_113' title="bbox 1173 2562 1952 2603">
    <p class='ocr_par' dir='ltr' id='par_1_113' title="bbox 1173 2562 1952 2603">
     <span class='ocr_line' id='line_1_113' title="bbox 1173 2562 1952 2603; baseline -0.008 -8"><span class='ocrx_word' id='word_1_857' title='bbox 1173 2567 1306 2603; x_wconf 82' lang='grc' dir='ltr'>Ἐντυχὼν</span> <span class='ocrx_word' id='word_1_858' title='bbox 1322 2567 1351 2593; x_wconf 78' lang='grc' dir='ltr'>δέ</span> <span class='ocrx_word' id='word_1_859' title='bbox 1364 2575 1405 2598; x_wconf 83' lang='grc' dir='ltr'><strong>τις</strong></span> <span class='ocrx_word' id='word_1_860' title='bbox 1419 2568 1479 2598; x_wconf 74' lang='grc' dir='ltr'>ταῖς</span> <span class='ocrx_word' id='word_1_861' title='bbox 1492 2566 1561 2601; x_wconf 74' lang='grc' dir='ltr'>μετὰ</span> <span class='ocrx_word' id='word_1_862' title='bbox 1575 2565 1623 2601; x_wconf 83' lang='grc' dir='ltr'>τὴν</span> <span class='ocrx_word' id='word_1_863' title='bbox 1639 2564 1785 2591; x_wconf 79' lang='grc' dir='ltr'>ἀνάστασιν</span> <span class='ocrx_word' id='word_1_864' title='bbox 1801 2563 1848 2590; x_wconf 82' lang='grc' dir='ltr'>τοῦ</span> <span class='ocrx_word' id='word_1_865' title='bbox 1859 2562 1952 2598; x_wconf 82' lang='grc' dir='ltr'><strong>Σωτῆ-</strong></span> 
     </span>
    </p>
   </div>
   <div class='ocr_carea' id='block_1_114' title="bbox 1169 2609 1953 2650">
    <p class='ocr_par' dir='ltr' id='par_1_114' title="bbox 1169 2609 1953 2650">
     <span class='ocr_line' id='line_1_114' title="bbox 1169 2609 1953 2650; baseline -0.009 -9"><span class='ocrx_word' id='word_1_866' title='bbox 1169 2623 1214 2650; x_wconf 71' lang='lat' dir='ltr'><strong>po;</strong></span> <span class='ocrx_word' id='word_1_867' title='bbox 1226 2614 1304 2650; x_wconf 87' lang='grc' dir='ltr'>ἡμῶν</span> <span class='ocrx_word' id='word_1_868' title='bbox 1323 2613 1452 2650; x_wconf 75' lang='grc' dir='ltr'>ἱστορίαις</span> <span class='ocrx_word' id='word_1_869' title='bbox 1466 2613 1504 2649; x_wconf 83' lang='grc' dir='ltr'>τῷ</span> <span class='ocrx_word' id='word_1_870' title='bbox 1527 2613 1648 2647; x_wconf 77' lang='grc' dir='ltr'>Ἰωσήπῳ</span> <span class='ocrx_word' id='word_1_871' title='bbox 1662 2610 1834 2647; x_wconf 76' lang='grc' dir='ltr'>γραφείσαις,</span> <span class='ocrx_word' id='word_1_872' title='bbox 1851 2609 1953 2636; x_wconf 74' lang='grc' dir='ltr'>εἵσεται</span> 
     </span>
    </p>
   </div>
   <div class='ocr_carea' id='block_1_115' title="bbox 1168 2655 1954 2697">
    <p class='ocr_par' dir='ltr' id='par_1_115' title="bbox 1168 2655 1954 2697">
     <span class='ocr_line' id='line_1_115' title="bbox 1168 2655 1954 2697; baseline -0.009 -9"><span class='ocrx_word' id='word_1_873' title='bbox 1168 2662 1217 2693; x_wconf 81' lang='grc' dir='ltr'>τὰς</span> <span class='ocrx_word' id='word_1_874' title='bbox 1234 2660 1414 2697; x_wconf 78' lang='grc' dir='ltr'>μετελθούσας</span> <span class='ocrx_word' id='word_1_875' title='bbox 1430 2660 1460 2686; x_wconf 81' lang='grc' dir='ltr'><strong>τὸ</strong></span> <span class='ocrx_word' id='word_1_876' title='bbox 1476 2659 1608 2686; x_wconf 81' lang='grc' dir='ltr'>Ἰουδαίων</span> <span class='ocrx_word' id='word_1_877' title='bbox 1629 2657 1703 2689; x_wconf 74' lang='grc' dir='ltr'>ἔθνος</span> <span class='ocrx_word' id='word_1_878' title='bbox 1719 2657 1766 2683; x_wconf 72' lang='grc' dir='ltr'>καὶ</span> <span class='ocrx_word' id='word_1_879' title='bbox 1785 2656 1849 2688; x_wconf 71' lang='grc' dir='ltr'>τοὺς</span> <span class='ocrx_word' id='word_1_880' title='bbox 1858 2655 1954 2691; x_wconf 72' lang='grc' dir='ltr'>αρχον-</span> 
     </span>
    </p>
   </div>
   <div class='ocr_carea' id='block_1_116' title="bbox 1168 2700 1952 2741">
    <p class='ocr_par' dir='ltr' id='par_1_116' title="bbox 1168 2700 1952 2741">
     <span class='ocr_line' id='line_1_116' title="bbox 1168 2700 1952 2741; baseline -0.009 -8"><span class='ocrx_word' id='word_1_881' title='bbox 1168 2716 1217 2739; x_wconf 84' lang='grc' dir='ltr'><strong>τας</strong></span> <span class='ocrx_word' id='word_1_882' title='bbox 1234 2706 1322 2733; x_wconf 81' lang='grc' dir='ltr'>αὐτῶν</span> <span class='ocrx_word' id='word_1_883' title='bbox 1340 2704 1491 2741; x_wconf 69' lang='grc' dir='ltr'>συμφορὰς,</span> <span class='ocrx_word' id='word_1_884' title='bbox 1512 2702 1556 2736; x_wconf 70' lang='grc' dir='ltr'>αἷς</span> <span class='ocrx_word' id='word_1_885' title='bbox 1576 2703 1688 2734; x_wconf 68' lang='grc' dir='ltr'>εἰκότως</span> <span class='ocrx_word' id='word_1_886' title='bbox 1716 2700 1952 2737; x_wconf 70' lang='grc' dir='ltr'>περιπεπτώκασι.</span> 
     </span>
    </p>
   </div>
   <div class='ocr_carea' id='block_1_117' title="bbox 1168 2747 1952 2789">
    <p class='ocr_par' dir='ltr' id='par_1_117' title="bbox 1168 2747 1952 2789">
     <span class='ocr_line' id='line_1_117' title="bbox 1168 2747 1952 2789; baseline -0.009 -9"><span class='ocrx_word' id='word_1_887' title='bbox 1168 2754 1201 2780; x_wconf 79' lang='grc' dir='ltr'>τὰ</span> <span class='ocrx_word' id='word_1_888' title='bbox 1214 2753 1339 2789; x_wconf 75' lang='grc' dir='ltr'>ἐπίχειρα</span> <span class='ocrx_word' id='word_1_889' title='bbox 1350 2749 1387 2778; x_wconf 82' lang='grc' dir='ltr'><strong>ὧν</strong></span> <span class='ocrx_word' id='word_1_890' title='bbox 1406 2753 1446 2782; x_wconf 66' lang='grc' dir='ltr'>εἰς</span> <span class='ocrx_word' id='word_1_891' title='bbox 1473 2751 1554 2777; x_wconf 83' lang='grc' dir='ltr'>αὐτὸν</span> <span class='ocrx_word' id='word_1_892' title='bbox 1577 2749 1692 2786; x_wconf 79' lang='grc' dir='ltr'>ἔδρασαν</span> <span class='ocrx_word' id='word_1_893' title='bbox 1706 2747 1952 2784; x_wconf 76' lang='grc' dir='ltr'>ἀπολαμϐάνοντες.</span> 
     </span>
    </p>
   </div>
   <div class='ocr_carea' id='block_1_118' title="bbox 1168 2791 1956 2834">
    <p class='ocr_par' dir='ltr' id='par_1_118' title="bbox 1168 2791 1956 2834">
     <span class='ocr_line' id='line_1_118' title="bbox 1168 2791 1956 2834; baseline -0.009 -7"><span class='ocrx_word' id='word_1_894' title='bbox 1168 2800 1222 2827; x_wconf 69' lang='grc' dir='ltr'><strong>Καὶ</strong></span> <span class='ocrx_word' id='word_1_895' title='bbox 1233 2800 1318 2827; x_wconf 75' lang='grc' dir='ltr'>ταῦτα</span> <span class='ocrx_word' id='word_1_896' title='bbox 1336 2798 1385 2834; x_wconf 74' lang='grc' dir='ltr'><strong>μὲν</strong></span> <span class='ocrx_word' id='word_1_897' title='bbox 1399 2799 1439 2829; x_wconf 83' lang='grc' dir='ltr'>εἰς</span> <span class='ocrx_word' id='word_1_898' title='bbox 1456 2797 1576 2828; x_wconf 78' lang='grc' dir='ltr'>ἐκείνους</span> <span class='ocrx_word' id='word_1_899' title='bbox 1598 2795 1747 2831; x_wconf 72' lang='grc' dir='ltr'>ἐπληροῦτο</span> <span class='ocrx_word' id='word_1_900' title='bbox 1762 2796 1861 2827; x_wconf 78' lang='grc' dir='ltr'>πάντα,</span> <span class='ocrx_word' id='word_1_901' title='bbox 1884 2791 1956 2820; x_wconf 73' lang='grc' dir='ltr'>κατὰ</span> 
     </span>
    </p>
   </div>
   <div class='ocr_carea' id='block_1_119' title="bbox 1396 2881 1952 2920">
    <p class='ocr_par' dir='ltr' id='par_1_119' title="bbox 1396 2881 1952 2920">
     <span class='ocr_line' id='line_1_119' title="bbox 1396 2881 1952 2920; baseline -0.011 -5"><span class='ocrx_word' id='word_1_902' title='bbox 1396 2888 1417 2904; x_wconf 76' lang='grc'><strong><em>⁸⁸</em></strong></span> <span class='ocrx_word' id='word_1_903' title='bbox 1437 2886 1508 2915; x_wconf 81' lang='lat' dir='ltr'><strong>Psal.</strong></span> <span class='ocrx_word' id='word_1_904' title='bbox 1528 2894 1573 2920; x_wconf 64' lang='grc' dir='ltr'><strong>λι,</strong></span> <span class='ocrx_word' id='word_1_905' title='bbox 1592 2886 1616 2920; x_wconf 81' lang='grc'><strong>’1,</strong></span> <span class='ocrx_word' id='word_1_906' title='bbox 1630 2886 1655 2914; x_wconf 89' lang='grc'><strong>8.</strong></span> <span class='ocrx_word' id='word_1_907' title='bbox 1678 2886 1698 2902; x_wconf 75' lang='grc'><strong>³³</strong></span> <span class='ocrx_word' id='word_1_908' title='bbox 1719 2885 1785 2914; x_wconf 88' lang='lat' dir='ltr'><strong>ibid.</strong></span> <span class='ocrx_word' id='word_1_909' title='bbox 1802 2884 1828 2913; x_wconf 82' lang='lat'><strong>9.</strong></span> <span class='ocrx_word' id='word_1_910' title='bbox 1846 2885 1868 2901; x_wconf 75' lang='lat'><strong>“</strong></span> <span class='ocrx_word' id='word_1_911' title='bbox 1887 2881 1952 2911; x_wconf 84' lang='lat' dir='ltr'><strong>ibid.</strong></span> 
     </span>
    </p>
   </div>
  </div>
