2099 3217
181 204 234 231 729

649 205 978 235 DEMONSTBATIONIS
997 207 1227 237 EVANGELICE
1248 209 1313 237 LIB.
1333 210 1365 238 Χ.

1758 212 1810 241 7Ξῦ

181 262 231 298 τὴν
247 261 399 296 πρόρρησιν
410 270 417 277 ·
446 261 493 289 τοῦ
510 261 538 288 δὲ
557 263 681 299 Σωτῆρος
696 264 774 300 ἡμῶν
787 265 804 301 ἡ
819 266 851 292 ἐκ
867 266 972 302 νεκρῶν

1026 275 1053 295 se
1065 268 1100 295 ad
1112 268 1247 296 deteriora
1261 269 1408 302 convertit,
1419 272 1446 296 et
1461 269 1610 297 contrariis
1624 269 1706 297 rebus
1716 278 1779 297 eum
1794 278 1813 299 τι

182 308 330 338 ἀνάστασις
358 307 468 340 διέδειξε
495 310 552 340 τοῖς
565 310 657 341 πᾶσιν,
674 311 748 343 ὅπως
763 311 791 338 ὲν
808 311 883 347 αὐτῷ
899 312 972 339 εὑδό-

182 363 266 390 κηςεν
292 354 306 381 ὁ
332 354 444 390 Πατὴρ,
475 354 504 386 ὃς
534 356 581 382 καὶ
613 356 695 388 αὐτὸς
718 357 840 384 διδάσκει
866 357 970 392 λέγων·

185 411 194 426 α
217 400 344 436 Ἐλέησόν
360 409 404 436 με,
422 401 469 427 καὶ
491 401 644 438 ἁνάοτησόν
663 412 707 439 με,
725 404 773 430 καὶ
791 404 973 433 ἀνταποδώσω

181 448 284 478 αὐτοῖς.
301 447 345 474 Ἐν
364 447 452 483 τούτῳ
473 446 570 482 ἔγνων,
592 449 634 475 ὅτι
658 450 807 486 τεθέληκάς
824 460 868 486 με,
885 452 926 478 ὅτι
942 452 972 478 οὐ

184 493 221 529 μὴ
237 494 354 529 ὲπιχαρῇ
366 494 381 520 ὸ
392 493 488 529 ἐχθρός
507 503 556 530 μου
572 495 615 521 ἐπ’
630 496 702 531 ἐμοί.
722 506 731 522 ι
754 497 864 529 Τούτοις
884 499 974 525 ἐπιλέ-

182 548 244 574 γει⁸
265 550 273 565 ι
295 539 376 575 Ἐμοῦ
403 540 431 566 δὲ
455 540 500 567 διὰ
513 541 562 576 τὴν
583 542 699 569 ἀκακίαν
718 543 876 570 ἀντελάὁου.
895 554 904 569 ι
918 545 973 571 Καὶ

181 587 260 622 τήρει
272 595 303 620 γε
316 586 376 613 τίνα
392 587 492 622 τρόπον
508 588 581 623 αὐτῷ
594 588 634 623 τῷ
648 588 706 624 Θεῷ
719 589 767 615 καὶ
787 590 874 625 Πατρὶ
890 589 972 616 αὐτοῦ

181 632 232 668 τὴν
257 631 339 667 εὐχὴν
368 632 555 668 ἀναπέμπων,
584 634 631 660 ὲπ).
663 635 782 672 τοσαύτῃ
816 635 971 672 τεθάρρηκε

183 679 336 714 παρρησίᾳ,
348 679 386 711 ὡς
400 680 518 707 ἀκακίαν
530 680 618 716 ἑαυτῷ
633 683 791 718 μαρτυρεῖν,
802 682 889 709 καίτοι
904 683 988 709 ἀνω-ν

183 723 255 758 τέρω
267 724 371 759 φήσας·
391 734 400 750 ι
421 725 511 752 Ἰαεαι
530 726 579 761 τὴν
602 725 690 762 ψυχήν
707 736 768 762 μου,
786 728 827 754 ὅτι
848 728 973 764 ἥμαρτον

185 777 236 795 σοι.
254 779 264 795 ι
289 769 368 797 Ἀλλὰ
383 770 414 797 τὸ
432 771 491 806 μὲν,
509 781 517 797 ι
533 772 655 807 ἥμαρτον
673 781 725 805 σοι,
749 783 757 798 ι
771 773 866 805 ὁποίας
883 773 972 809 ἔχεται

182 814 303 847 διανοίας
329 816 571 853 προδιειλήῳαμεν.
590 819 643 845 Καὶ
659 820 673 845 ὁ
687 819 833 854 Σύμμαχος
849 820 877 846 δὲ
892 820 974 854 σαφέ-

183 870 279 898 στερον
295 863 465 899 παρέστησεν
485 863 586 891 είπών·
601 874 610 890 ί
628 866 717 892 Ἰασαι
735 865 786 900 τὴν
805 865 894 901 ψυχήν
910 875 972 901 μου,

184 908 232 934 καὶ
263 909 287 934 εί
310 909 433 945 ἦμαρτόν
463 918 523 936 σοι’
545 920 554 936 ι
571 910 585 937 ὃ
599 911 645 938 καὶ
661 911 726 937 αὐτὸ
746 911 843 945 λέγοιτ’
859 911 892 939 ἂν
909 913 973 947 περὶ

183 953 240 982 τῶν
255 955 397 991 ἡμετέρων
410 952 624 993 ἁμαρτημάτων,
636 957 707 993 ειπερ
720 958 734 983 ὁ
747 958 840 994 Σωτὴρ
855 959 901 985 καὶ
918 958 974 985 Κύ-
989 952 1009 979 Β

187 1009 243 1036 pro;
261 1001 339 1037 ἡμῶν
352 1003 391 1034 εἰς
419 1004 515 1030 ἑαυτὸν
534 1003 683 1037 ἀνεδέξατο.
710 1005 745 1030 Th
760 1005 800 1036 δὲ,
819 1015 827 1030 ι
853 1005 934 1040 Ἑμοῦ
948 1006 975 1032 δὲ

183 1046 229 1073 διὰ
237 1048 288 1083 τὴν
305 1048 422 1076 ἀκακίαν
436 1050 593 1081 ἀντελάὸου,
605 1060 614 1075 ι
626 1050 673 1086 τὴν
682 1050 713 1076 δι’
730 1050 789 1077 ὅλου
802 1051 975 1087 καθαρότητα

182 1092 236 1127 τῆς
251 1093 334 1121 αὐτοῦ
349 1094 456 1130 φύσεως
480 1095 638 1132 παρίστησι,
659 1096 692 1122 δι’
714 1096 746 1131 ἣν
760 1097 806 1123 καὶ
819 1098 848 1123 τὸ
871 1097 976 1134 ἑδραῖον

183 1140 231 1166 καὶ
245 1140 372 1168 ἄσειστον
389 1142 438 1177 τῆς
452 1142 535 1177 ζωῆς,
547 1143 593 1169 καὶ
608 1143 658 1178 τῆς
677 1143 745 1178 μετὰ
765 1144 814 1179 τὴν
831 1144 977 1171 ἀνάστασιν

182 1185 266 1213 αὐτοῦ
282 1187 418 1223 σωτηρίας
441 1188 573 1215 διδάσκων
589 1189 726 1223 ἐπιλέγει·
744 1199 753 1215 ι
773 1190 827 1216 Καὶ
848 1189 976 1217 ὲὸεδαίω-

185 1232 235 1263 σάς
251 1241 284 1268 με
298 1233 412 1260 ἐνώπιόν
428 1243 474 1262 σου
498 1235 537 1267 εἰς
556 1235 601 1261 τὸν
612 1235 713 1262 αἰῶνα”
730 1246 740 1262 ι
751 1236 778 1272 ἢ,
795 1246 804 1262 ε
819 1237 874 1263 Καὶ
890 1245 976 1273 παρα-

184 1279 294 1314 στήσεις
322 1288 355 1315 με
384 1280 537 1317 ἔμπροσθέν
567 1290 613 1308 σου
636 1281 670 1304 δι’
697 1283 802 1314 αἰῶνος,
819 1292 828 1308 ›
845 1283 916 1310 κατὰ
929 1283 975 1310 τὸν

183 1324 220 1352 Σύ
225 1334 342 1361 μμαχον.

1022 322 1078 349 quo
1087 314 1247 350 juvabatur,
1268 320 1295 344 et
1309 315 1443 343 beneﬁcia
1457 315 1595 350 capiebat,
1613 316 1811 345 remuneravit.

1021 361 1056 388 At
1086 369 1153 390 vero
1179 363 1309 398 quoniam
1337 361 1441 389 inimici
1478 361 1639 390 insidiantes
1672 362 1812 397 dicebant,

1025 419 1034 434 ε
1047 409 1156 444 quando
1172 409 1316 441 morietur,
1328 413 1355 436 et
1369 408 1468 443 peribit
1481 415 1582 436 nomen
1594 408 1654 443 ejus
1667 408 1679 435 ?
1697 418 1706 435 ι
1719 413 1746 436 et
1761 417 1813 444 pu-

1022 455 1116 482 tabant
1134 460 1223 482 morte
1245 455 1364 490 sopitum
1390 463 1445 482 non
1477 455 1595 490 amplius
1610 459 1812 489 surrecturum,

1022 500 1126 527 idcirco
1139 501 1196 536 ipse
1215 500 1340 527 Salvator
1354 508 1386 527 ac
1406 500 1537 528 Dominus
1555 500 1637 536 470
1659 505 1755 529 noster
1769 501 1814 529 his

1023 547 1136 574 adversa
1152 551 1290 581 precatur,
1306 550 1332 574 et
1342 546 1486 574 reditionis
1500 546 1534 574 ad
1551 547 1635 574 vitam
1649 548 1709 575 sine
1723 547 1813 583 impe-

1022 594 1144 620 dimento
1165 601 1194 620 se
1209 597 1361 628 compotem
1380 593 1436 620 ﬁeri
1454 592 1562 620 Patrem
1581 601 1661 621 suum
1684 599 1755 626 orat,
1771 594 1815 622 di-

1022 647 1107 666 cens:
1125 648 1134 664 c
1152 639 1192 666 Tu
1205 643 1305 670 autem.
1322 639 1445 672 Domine,
1464 639 1593 667 miserere
1616 640 1680 673 mei,
1699 645 1725 668 et
1751 647 1814 668 sus-

1023 685 1076 712 cita
1089 693 1142 716 me,
1160 689 1186 712 et
1199 685 1347 712 retribuam
1365 686 1416 713 eis.
1433 685 1461 713 In
1478 687 1531 714 hoc
1546 687 1661 721 cognovi
1675 685 1747 721 quod
1766 693 1814 714 vo-

1024 731 1098 757 luisti
1117 739 1169 763 me,
1185 732 1258 766 quod
1275 739 1328 758 non
1345 732 1476 766 gaudebit
1488 733 1617 760 inimicus
1637 740 1715 760 meus
1730 740 1816 768 super

1024 785 1066 804 me
1078 777 1111 805 υ.
1133 787 1141 804 ι
1163 777 1195 804 Ει
1209 785 1276 806 sane
1292 778 1364 805 haud
1383 779 1532 806 obscurum
1548 783 1601 810 est,
1618 787 1698 814 quem
1712 779 1740 806 in
1755 787 1815 806 mo-

1023 824 1088 851 dum
1105 829 1249 860 postquam
1264 833 1278 852 a
1293 827 1409 853 mortuis
1424 826 1515 857 rediit,
1530 827 1668 861 evestigio
1679 825 1814 862 nequeita

1023 870 1109 897 multo
1122 874 1193 905 post,
1204 879 1250 898 eos
1267 871 1313 906 qui
1326 871 1364 898 illi
1390 872 1506 900 insidias
1522 876 1681 900 struxerant
1695 872 1816 900 retribu-

1025 917 1063 944 tio
1079 918 1134 944 ulta
1155 918 1201 950 sit,
1218 922 1302 953 utque
1328 925 1371 950 ea,
1384 926 1445 953 quae
1463 918 1524 946 vita:
1547 919 1607 953 ejus
1624 919 1734 946 inimica
1756 921 1816 946 erat

1025 970 1109 995 mors,
1136 964 1172 990 sit
1197 964 1300 998 pudore
1323 963 1450 998 confusa,
1477 965 1546 992 adeo
1577 965 1622 991 illa
1648 964 1758 1000 quidem
1785 968 1816 992 ut

1025 1010 1104 1046 quasi
1122 1010 1251 1044 probrum
1268 1011 1291 1038 ci
1317 1010 1479 1045 objicientes
1496 1011 1618 1038 dicerent
1637 1020 1643 1038 :
1665 1021 1674 1036 ι
1695 1010 1747 1038 Ubi
1762 1015 1814 1042 est,

1026 1063 1111 1087 mors,
1129 1057 1256 1083 stimulus
1266 1057 1347 1084 tuus?
1358 1057 1404 1084 ubi
1416 1062 1468 1089 est,
1479 1065 1563 1090 mors,
1574 1058 1690 1085 victoria
1704 1061 1749 1084 tua
1759 1056 1813 1083 ‘5?»

1026 1101 1170 1135 Cteterum,
1187 1102 1210 1130 si
1225 1103 1287 1137 quis
1311 1103 1441 1131 historias
1466 1108 1589 1139 tempora
1616 1107 1679 1139 post
1704 1103 1815 1130 reditio~

1026 1156 1088 1176 nent
1109 1149 1143 1177 ad
1159 1150 1242 1177 vitam
1260 1149 1411 1178 Salvatoris
1428 1151 1516 1177 nostri
1540 1151 1709 1185 complexas,
1724 1157 1785 1184 quae
1800 1156 1817 1175 a

1026 1194 1146 1230 Josepho
1166 1195 1328 1230 conscriptae
1350 1196 1417 1228 sint,
1440 1196 1582 1227 evolverit.
1613 1195 1693 1223 facile
1715 1194 1818 1222 videbit

1027 1247 1151 1274 quaenam
1163 1240 1335 1268 calamitates
1357 1240 1498 1267 Iudaicam
1515 1244 1624 1276 gentem
1648 1244 1730 1274 atque
1755 1238 1816 1274 ejus

1027 1286 1164 1321 principes
1180 1287 1348 1319 invaserint,
1364 1291 1446 1322 atque
1460 1287 1616 1318 aﬂlixerint.
1632 1287 1659 1313 in
1675 1293 1744 1321 quas
1759 1293 1818 1312 me-

1027 1332 1081 1360 rito
1101 1332 1139 1359 illi
1159 1332 1327 1364 inciderunt,
1341 1337 1371 1360 ut
1393 1332 1506 1361 sceleris
1520 1333 1592 1368 quod
1620 1332 1648 1359 in
1676 1332 1753 1359 illum
1770 1339 1818 1366 pa-

180 1373 324 1398 traverant
339 1372 451 1406 prmmia
475 1371 556 1408 digna
579 1366 733 1408 reciperent
747 1382 754 1402 ι
769 1378 795 1402 et
812 1373 870 1402 haec
893 1375 1003 1409 quidem
1023 1377 1115 1404 omnia
1140 1377 1271 1405 adversus
1287 1378 1348 1405 illos
1373 1378 1509 1412 completa
1529 1366 1608 1409 sunt,
1634 1381 1664 1404 ut
1676 1377 1818 1404 oraculum

183 1418 356 1454 prmjlixerat.
382 1418 531 1448 Salvatoris
554 1424 643 1448 autem
665 1421 752 1448 nostri
779 1421 812 1448 de
833 1426 919 1449 morte
938 1422 971 1449 ad
990 1423 1072 1449 vitam
1098 1423 1195 1450 reditio
1225 1424 1304 1458 plane
1321 1424 1450 1452 omnibus
1465 1425 1818 1458 demonstravit.quantum

183 1464 238 1491 sibi
253 1463 334 1493 Pater
351 1464 380 1492 in
403 1465 450 1493 illo
472 1466 616 1501 placuerit,
633 1475 714 1502 quam
738 1467 848 1502 quidem
873 1474 930 1495 rem
955 1468 1013 1502 ipse
1031 1468 1161 1500 ostendit,
1179 1469 1274 1497 dicens
1289 1478 1295 1496 :
1314 1466 1323 1494 ἒ
1340 1468 1470 1497 Miserere
1487 1470 1551 1500 mei,
1566 1473 1592 1496 ct
1606 1470 1709 1496 suscita
1723 1477 1775 1499 me.
1790 1472 1818 1496 et

184 1511 335 1539 retribuam
363 1512 414 1540 eis.
438 1511 468 1540 ln
492 1513 544 1541 hoc
567 1514 682 1549 cognovi
703 1515 775 1550 quod
807 1514 917 1542 voluisti
941 1523 995 1547 me,
1026 1515 1099 1550 quod
1127 1523 1180 1542 non
1208 1516 1335 1551 gaudebit
1367 1516 1495 1544 inimicus
1525 1524 1602 1543 meus
1624 1523 1707 1550 super
1734 1523 1785 1542 me.
1805 1525 1816 1541 ι

183 1556 288 1584 Deinde
304 1557 450 1594 adjungit:
470 1568 479 1584 ι
501 1558 543 1586 Me
557 1564 647 1587 autem
661 1565 772 1595 propter
787 1561 971 1588 innocentiam
993 1562 1149 1597 suscepisti.
1164 1573 1173 1588 ›
1191 1563 1308 1590 Attende
1330 1566 1420 1590 autem
1439 1570 1558 1597 quonam
1587 1568 1666 1597 pacto
1682 1562 1735 1597 ipsi
1763 1561 1819 1589 Deo

183 1609 212 1632 et
231 1603 306 1632 Patri
330 1613 380 1632 suo
409 1606 578 1641 supplicans,
601 1611 676 1634 tanta
702 1612 795 1635 utatur
820 1609 945 1636 libertate
971 1610 1109 1644 loquendi,
1136 1614 1165 1638 ut
1192 1611 1244 1638 sibi
1267 1610 1321 1645 ipsi
1344 1611 1506 1637 innocentiae
1531 1610 1716 1637 testimonium
1742 1610 1819 1637 exhi-

184 1649 259 1681 beat,
283 1649 392 1677 tametsi
417 1652 543 1686 superius
570 1652 640 1679 dixit
657 1662 683 1679 ιι
698 1651 769 1680 Sana
795 1653 912 1680 animam
931 1662 1030 1688 meam,
1050 1656 1114 1690 quia
1131 1656 1240 1690 peccavi
1258 1657 1317 1683 tibi.
1335 1665 1344 1682 ι
1366 1655 1418 1683 Sed
1444 1655 1509 1682 illud
1534 1655 1654 1690 quidem,
1670 1665 1679 1681 ι
1707 1657 1819 1691 peccavi

184 1696 246 1727 tibi,
265 1699 356 1730 {quo
369 1703 452 1725 sensu
474 1698 510 1724 sit
534 1698 735 1733 accipiendum,
755 1704 834 1727 antea
864 1701 972 1735 planum
994 1700 1118 1734 fecimus,
1135 1702 1207 1736 quod
1240 1701 1420 1738 Symmachus
1442 1702 1563 1737 apertius
1587 1702 1724 1736 exposuit,
1755 1710 1817 1729 cum

185 1741 255 1772 dixit
275 1751 282 1769 :
300 1751 310 1768 ‹
325 1742 397 1770 Sana
420 1744 538 1771 animam
556 1753 657 1777 meam,
673 1746 726 1773 etsi
741 1747 850 1781 peccavi
873 1747 922 1773 tibi
939 1756 945 1773 :
966 1756 974 1773 I
994 1747 1067 1782 quod
1084 1756 1149 1776 sane
1162 1749 1250 1783 ipsum
1269 1749 1350 1776 etiam
1368 1749 1401 1776 de
1428 1749 1547 1783 peccatis
1568 1750 1671 1776 nostris
1685 1749 1739 1776 dici
1768 1756 1817 1783 po-

185 1791 251 1820 test,
269 1795 329 1821 quae
346 1786 471 1815 Salvator
496 1797 528 1817 ac
552 1789 683 1818 Dominus
701 1796 792 1819 noster
814 1792 842 1818 in
866 1792 984 1826 seipsum
1005 1794 1134 1828 suscepit.
1161 1793 1227 1820 illud
1246 1799 1335 1821 autem
1358 1804 1363 1821 :
1383 1803 1391 1819 ι
1411 1794 1452 1821 Me
1479 1799 1569 1822 autem
1592 1799 1700 1829 propter
1728 1795 1807 1820 inno—

186 1835 304 1860 centiam
336 1834 493 1868 suscepisti,
523 1844 532 1860 ι
561 1835 709 1870 puritatem
738 1840 844 1864 naturae
869 1837 966 1871 ipsius,
994 1845 1074 1872 quam
1102 1842 1186 1864 totam
1212 1838 1378 1873 possidebat,
1398 1839 1576 1869 demonstrat,
1592 1846 1625 1865 ex
1641 1847 1693 1872 qua
1709 1838 1811 1872 purita-

188 1883 216 1906 te
252 1878 338 1905 vitam
372 1887 481 1914 quoque
503 1884 530 1908 et
551 1882 666 1909 salutem
686 1883 811 1910 stabilem
838 1887 919 1918 atque
939 1884 1130 1912 inconcussam
1163 1889 1224 1921 post
1249 1886 1366 1913 reditum
1393 1886 1480 1921 ipsius
1505 1885 1537 1911 ad
1564 1886 1646 1911 vitam
1679 1892 1818 1920 exponens

187 1925 312 1960 adjungit
329 1934 335 1952 :
353 1934 362 1950 ι
385 1925 418 1952 Et
433 1926 603 1955 conﬁrmasti
620 1936 662 1956 me
678 1927 705 1955 in
722 1934 871 1963 conspectu
889 1934 934 1957 tuo
949 1930 976 1957 in
995 1934 1137 1964 aeternum,
1155 1941 1164 1958 ›
1197 1935 1244 1958 aut
1268 1932 1347 1959 aliter
1365 1941 1372 1960 ί
1393 1941 1402 1957 ι
1422 1930 1454 1958 Et
1471 1931 1622 1959 constitues
1639 1938 1682 1958 me
1704 1935 1767 1958 ante
1783 1935 1811 1958 to

187 1973 216 2002 in
230 1979 371 2008 aeternum,
387 1986 396 2002 ι
415 1980 445 2003 ut
458 1976 656 2010 interpretatus
671 1979 713 2003 cst
730 1975 921 2011 Symmachus.

194 2032 261 2072 Ἀπῤ
275 2033 328 2072 τοῖς
340 2032 462 2072 ψαλμοῦ
477 2032 529 2072 κδ’.
545 2048 580 2053 --
591 2033 651 2072 ςἘτι
658 2033 731 2072 ’περὶ
745 2032 914 2072 τοιξἸούδα,
926 2033 973 2072 καὶ

1026 2032 1105 2068 47]
1118 2032 1138 2058 Α
1154 2032 1256 2072 psaltria
1273 2040 1326 2060 LIV.
1342 2031 1460 2072 —:lltem
1484 2032 1515 2059 de
1536 2031 1609 2072 luti/2
1626 2036 1652 2072 et
1673 2033 1705 2060 de
1725 2033 1760 2072 iis
1773 2034 1818 2068 qui

224 2067 283 2094 τῶν
293 2067 354 2094 σὺν
365 2068 446 2100 αὐτῷ
458 2067 515 2102 τὴν
530 2067 604 2095 κατὰ
620 2068 672 2094 τοῦ
681 2068 808 2101 Χριστοῦ
818 2068 976 2102 συσκευῖιν

223 2102 443 2137 πεποιημένων.

227 2169 237 2185 ε
261 2159 413 2191 Ἐνώτισαι,
425 2161 439 2186 ὀ
451 2160 526 2192 Θεὸς,
542 2160 591 2196 τὴν
614 2161 765 2196 προσευχήν
782 2169 844 2195 μου,
870 2160 916 2186 καὶ
941 2159 977 2195 μὴ

189 2204 320 2240 ὑπερίδῃς
349 2204 397 2240 τὴν
424 2205 514 2241 δέησίν
533 2214 596 2241 μου.
625 2205 747 2241 Πρόσχες
766 2214 821 2241 μοι,
848 2206 895 2232 καὶ
924 2207 979 2232 sia-

189 2250 307 2278 άκουσον
339 2259 399 2286 μου.
415 2251 567 2287 Ἑλυπήϐην
590 2253 618 2278 ὲν
635 2252 668 2286 τῇ
697 2251 838 2286 ἀδολεσχίᾳ
859 2260 918 2286 μου,
933 2252 979 2278 καὶ

189 2296 342 2333 ὲταράχθην
374 2297 427 2324 ἀπὸ
456 2297 547 2333 φωνῆς
573 2297 680 2333 ἐχθροῦ,
713 2298 759 2324 καὶ
785 2298 838 2324 ἀπὸ
865 2297 991 2332 θλίψεωξ

189 2342 367 2378 ὰμαρτωλοῦ”
389 2343 430 2370 ὅτι
456 2343 593 2375 ἐξέκλιναν
609 2344 652 2370 ἐπ’
669 2343 718 2379 ἐμὲ
743 2343 868 2379 ἀνομίαν,
888 2344 934 2370 καὶ
950 2344 978 2369 ἐν

188 2389 258 2424 ὀργῇ
286 2389 425 2415 ὲνεκότουν
453 2397 508 2424 μοι.
542 2389 574 2415 Ἡ
601 2389 698 2425 καρδία
720 2397 770 2425 μου
791 2389 929 2425 ἐταράχθη
951 2390 979 2415 ἐν

189 2434 263 2470 ἐμοὶ,
291 2435 337 2461 καὶ
365 2434 450 2461 δειλία
477 2433 591 2462 θανάτου
616 2434 748 2461 ἐπέπεσεν
766 2436 809 2461 ἐπ’
825 2434 979 2470 ὲμέ.Φὸὃος

190 2481 238 2508 καὶ
254 2480 353 2515 τρόμος
369 2479 451 2516 ἦλθεν
463 2480 505 2506 ἐπ’
522 2480 583 2516 ἐμὲ,
599 2480 646 2506 καὶ
659 2479 778 2514 ἐκάλυψε
799 2488 832 2515 με
849 2480 954 2512 σκότος,
967 2489 976 2505 ι

189 2525 285 2553 καὶτὰ
303 2526 382 2560 ἑξῆς·
403 2523 443 2558 οἷς
461 2526 598 2560 ἐπιλέγει·
617 2535 626 2552 ι
649 2525 865 2558 Καταπόντισον,
882 2525 978 2561 Κύριε,

189 2573 237 2601 καὶ
249 2574 389 2600 καταδίελε
400 2573 450 2605 τὰς
464 2572 589 2607 γλώσσας
605 2572 709 2600 αὐτῶν·
725 2574 766 2600 ὅτι
781 2570 850 2599 εἶδον
866 2572 980 2607 ἀνομίαν

190 2619 240 2645 καὶ
259 2617 413 2652 ἀντιλογίαν
430 2618 459 2644 ὲν
472 2620 506 2654 τῇ
519 2618 604 2645 πόλει.
625 2618 745 2654 Ἡμέρας
763 2618 810 2645 καὶ
823 2617 918 2649 νυκτὸς
930 2626 979 2644 κο-

191 2663 291 2690 κλώσει
317 2663 402 2700 αὐτὴν
425 2663 472 2690 ἐπὶ
486 2663 521 2690 τὰ
535 2664 613 2699 τείχη
633 2664 727 2699 αὐτῆς,
746 2664 793 2691 καὶ
816 2664 915 2699 ἀνομία
933 2664 980 2690 καὶ

190 2710 276 2741 κόπος
293 2710 321 2736 ὲν
333 2709 409 2745 μέσῳ
423 2709 517 2745 αὐτῆς,
527 2710 574 2737 καὶ
596 2709 702 2737 ἀδικία·
724 2711 771 2736 καὶ
792 2710 842 2736 οὐκ
858 2709 980 2741 ἐξέλιπεν

190 2756 225 2782 ὲκ
239 2756 294 2782 τῶν
315 2755 451 2783 πλατειῶν
477 2756 562 2792 αὐτῆς
581 2755 660 2787 τόκος
688 2756 734 2782 καὶ
752 2755 836 2787 δόλος.
859 2756 930 2788 Ὅτι,
955 2757 980 2782 εἰ

192 2801 289 2838 ἤχθρὺς
311 2801 434 2829 ὠνείδισέ
455 2811 500 2838 με,
523 2802 664 2838 ὑπήνεγκα
690 2801 732 2828 ἄν.
756 2802 788 2828 Εἰ
807 2801 821 2827 ὁ
839 2801 925 2836 μισῶν
946 2810 979 2837 με

193 2848 238 2874 ἐπ’
253 2847 304 2883 ἐμὲ
319 2848 621 2884 ὲμεγαλορῤημόνησεν,
641 2847 760 2884 ὲκρύὸην
777 2847 810 2874 ἂν
826 2847 869 2873 ἐπ’
885 2846 966 2874 αὐτοῦ

1064 2066 1122 2094 tif."
1143 2076 1172 2094 ea
1202 2067 1327 2099 adversus
1353 2066 1489 2094 Christum
1518 2067 1727 2101 conjitrationem
1746 2066 1816 2103 [ece-

1064 2108 1135 2130 runt.

1067 2171 1076 2186 ι
1098 2161 1217 2189 Auribus
1234 2161 1354 2196 percipe,
1371 2159 1454 2191 Deus,
1468 2160 1618 2187 orationem
1632 2168 1730 2192 meam,
1747 2166 1773 2187 et
1784 2168 1819 2188 ne

1029 2206 1186 2241 despexeris
1200 2206 1419 2242 deprecationem
1444 2213 1543 2234 meam.
1566 2205 1668 2233 Przesta
1685 2210 1817 2234 attentum

1030 2256 1056 2279 te
1067 2252 1144 2284 mihi,
1163 2256 1189 2280 et
1211 2252 1310 2279 exaudi
1335 2260 1388 2279 me.
1407 2252 1593 2279 Contristatus
1611 2260 1670 2280 sum
1689 2252 1716 2279 in
1733 2260 1819 2288 nuga-

1029 2299 1102 2325 tione
1121 2306 1191 2332 mea,
1206 2302 1233 2326 et
1244 2298 1423 2325 conturbatus
1438 2306 1498 2326 sum
1515 2306 1532 2325 a
1548 2306 1613 2326 voce
1633 2299 1746 2331 inimici,
1757 2304 1782 2326 et
1802 2306 1818 2324 a

1029 2345 1204 2371 tribulatione
1218 2345 1388 2379 peccatoris:
1413 2346 1542 2380 quoniam
1571 2346 1776 2373 declinaverunt
1789 2345 1817 2372 in

1029 2396 1071 2416 me
1086 2389 1268 2424 iniquitatem,
1281 2393 1308 2416 et
1330 2390 1357 2416 in
1375 2390 1415 2416 ira
1441 2390 1548 2418 molesti
1573 2395 1652 2417 erant
1668 2389 1744 2416 mihi.
1763 2389 1818 2418 Cor

1030 2442 1119 2461 meum
1130 2435 1322 2462 conturbatum
1335 2439 1375 2463 est
1389 2436 1416 2462 in
1429 2443 1481 2468 me,
1493 2439 1520 2463 et
1535 2435 1652 2463 formido
1666 2436 1762 2462 mortis
1773 2442 1818 2462 ce-

1030 2481 1096 2507 cidit
1112 2488 1194 2515 super
1209 2488 1261 2508 me.
1277 2480 1370 2508 Timor
1383 2485 1409 2508 et.
1420 2485 1522 2509 tremor
1530 2485 1664 2508 venerunt
1675 2489 1756 2516 super
1764 2489 1821 2514 me,

1030 2529 1056 2552 et
1070 2529 1251 2553 contexerunt
1270 2534 1313 2554 me
1329 2527 1448 2554 tenebra:
1459 2527 1494 2559 μ,
1509 2537 1518 2552 ι
1535 2531 1561 2554 et
1581 2534 1642 2561 qua:
1653 2531 1816 2561 sequuntur.

1031 2572 1130 2607 quibus
1148 2572 1287 2608 adjungit:
1309 2581 1318 2598 ι
1342 2572 1496 2607 Ρταιείρίιει,
1523 2571 1648 2604 Domine,
1678 2576 1704 2599 et
1729 2571 1822 2599 divide

1030 2617 1137 2652 linguas
1149 2625 1244 2644 eorum
1260 2626 1265 2642 :
1277 2617 1405 2652 quoniam
1414 2618 1468 2644 vidi
1484 2617 1654 2651 iniquitatem
1668 2621 1695 2644 et
1709 2621 1823 2644 contra-.

1031 2663 1179 2691 dictionem
1196 2663 1224 2690 in
1234 2664 1353 2690 civitate.
1364 2663 1411 2690 Die
1425 2671 1457 2690 ac
1469 2667 1549 2690 nocte
1563 2663 1744 2690 circumdabit
1757 2671 1821 2690 eain

1032 2717 1114 2744 super
1128 2717 1221 2737 muros
1235 2709 1305 2744 ejus,
1321 2714 1347 2737 et
1375 2709 1505 2745 iniquitas
1530 2713 1558 2736 et
1584 2709 1661 2736 labor
1686 2709 1713 2735 in
1730 2709 1819 2736 medio

1033 2756 1093 2791 ejus
1105 2760 1132 2783 et
1151 2756 1285 2790 injustitia
1303 2765 1309 2783 :
1327 2759 1354 2784 et
1370 2763 1425 2783 non
1451 2756 1551 2783 defecit
1576 2755 1609 2783 de
1635 2755 1732 2790 plateis
1759 2755 1821 2791 ejus

1034 2810 1117 2829 usura
1132 2806 1159 2830 et
1167 2802 1258 2830 dolus.
1273 2801 1407 2835 Quoniam
1423 2801 1446 2829 si
1464 2801 1592 2829 inimicus
1609 2801 1710 2837 probro
1723 2808 1766 2828 uie
1780 2801 1819 2828 af-

1033 2846 1151 2879 fecisset,
1170 2847 1363 2876 sustinuissem
1381 2847 1485 2883 utique.
1517 2846 1550 2875 Et
1575 2848 1598 2876 si
1624 2847 1648 2876 is
1664 2846 1711 2882 qui
1725 2846 1820 2876 oderat

230 2937 253 2954 ⁸¹
273 2936 345 2965 Dsal.
364 2945 408 2972 χι,
429 2937 470 2972 Η,
489 2937 532 2965 i2.
570 2937 592 2954 "
611 2937 622 2964 Ι
638 2937 701 2966 Cor.
719 2945 771 2972 xv,
789 2936 832 2966 55.
872 2936 893 2954 “
912 2935 984 2965 Psal.
1002 2943 1058 2971 Liv,
1081 2935 1139 2963 2-6.
