2099 3217
314 207 366 237 πὶ

613 206 747 235 EUSEBII
764 206 1002 235 CESARIENSIS
1021 205 1097 235 OPP.
1117 205 1206 234 PARS
1226 206 1259 234 ll.
1277 221 1313 227 —
1331 205 1580 235 APOLOGETICA.

1878 204 1929 232 73!

312 271 369 295 ne,
385 269 469 297 super
481 270 525 290 me
538 269 634 297 magna
648 262 756 290 locutus
770 261 877 294 fuisset,
892 262 1096 290 abscondissetn
1111 264 1135 293 Α

1111 262 1184 293 ΑΣίι
1209 262 1248 294 δὲ,
1273 262 1399 298 ἄνθρωπε
1424 262 1543 298 ίσόψυχε,
1562 261 1673 297 ἡγεμών
1695 269 1745 297 μου
1766 262 1928 296 ulmo-ti

314 316 358 336 me
370 308 485 336 forsitan
510 308 544 334 ab
556 315 598 335 eo.
615 307 655 335 Tu
670 316 734 335 vero
747 308 828 334 homo
839 308 986 340 unanimis,
999 313 1025 335 et
1041 307 1096 335 dux

313 360 402 384 meus,
418 357 444 380 et
458 356 539 380 notus
555 360 632 380 meus
645 362 651 379 :
668 353 715 387 qui
731 354 758 380 in
769 352 839 379 idem
853 352 948 380 dulces
959 360 1097 387 compara-

313 398 362 425 bas
388 397 454 424 mihi
478 397 564 425 cibos.
593 397 622 424 ln
639 397 719 424 domo
741 396 789 424 Dei
811 397 1010 425 ambulavimus
1033 405 1096 425 cum

312 450 449 470 consensu
464 443 497 470 ".
517 452 527 468 ι
546 443 583 469 Ex
599 443 642 470 his
662 443 744 477 igitur
769 442 834 469 illud
853 451 860 470 :
878 451 888 468 ι
913 442 940 469 Si
969 443 1096 471 inimicus

310 487 414 520 probro
423 495 467 514 me
482 486 626 520 aﬂ‘ecisset,
642 487 833 515 sustinuissem
849 487 951 522 utique.
973 486 1006 514 Et
1029 488 1052 515 si
1072 489 1095 515 is

312 532 359 566 qui
372 531 468 558 oderat
485 539 537 563 me,
559 539 641 566 super
663 539 707 560 me
735 540 832 567 magna
860 533 967 560 locutus
988 532 1093 566 fuisset,

312 577 516 605 abscondissem
547 585 590 604 me
606 577 720 605 forsitan
747 578 781 605 ab
804 586 846 605 eo.
879 578 919 605 Tu
935 587 998 606 vero
1015 579 1096 606 homo

313 623 460 655 unanimis,
471 628 499 650 et
509 623 564 650 dux
578 631 666 655 meus,
683 629 710 651 et
724 629 805 652 nottts
820 632 908 656 meus,
918 625 965 660 qui
981 625 1009 652 in
1025 625 1095 652 idem

313 668 407 696 dulces
424 669 603 704 comparabas
624 669 689 696 milli
710 670 798 701 cibos,
818 679 827 695 ι
857 670 945 698 simile
965 675 1006 698 est
1031 671 1068 698 illi
1086 681 1093 698 :

314 723 325 739 ι
347 714 454 741 Etenim
475 714 558 741 ltomo
582 715 658 749 pacis
686 723 762 746 meat,
786 716 811 742 in
833 724 888 751 quo
915 717 1032 751 speravi.
1048 718 1094 752 qui

311 759 409 787 edebat
423 767 506 794 panes
519 768 603 792 meos,
621 760 802 796 magniﬁcavit
813 770 895 796 super
906 770 949 789 me
964 763 1094 797 supplan-

311 805 442 831 tationem
458 804 480 819 "
497 815 503 831 :
521 815 530 830 ι
549 805 621 840 quod
637 813 698 832 cutn
711 807 744 833 de
758 806 827 833 Juda
844 807 881 834 sit
895 807 1093 842 accipiendum,

312 850 341 876 in
353 850 488 884 superiori
510 851 651 885 prophetia
665 851 783 886 positum
799 856 851 879 est.
868 852 902 879 Ut
917 860 981 888 ergo
998 853 1024 879 in
1048 854 1095 880 illo

310 895 463 927 dicebatur,
477 896 558 923 homo
575 898 650 931 pacis
667 897 813 932 aliquando
828 898 912 926 fuisse
922 919 929 931 ,
946 899 992 934 qui
1007 907 1094 934 quon-

1151 316 1212 342 μου,
1228 307 1257 339 ὃς
1269 308 1314 334 ἐπὶ
1324 307 1355 334 τὸ
1369 308 1433 334 αὑτὸ
1458 308 1607 342 ἐγλύκανάς
1621 316 1664 342 μοι
1683 306 1827 342 ἐδέσματα,
1846 308 1876 334 ἐν
1890 307 1928 343 τῷ

1147 353 1214 387 οἴκῳ
1240 353 1286 379 τοῦ
1303 353 1368 379 Θεοῦ
1393 353 1577 389 ἐπορεύθημεν
1598 353 1627 379 ἐν
1642 353 1760 387 ὁμονοία.
1779 361 1788 378 ι
1807 352 1854 386 To,
1870 361 1881 378 α
1897 353 1928 380 BI

1149 397 1242 432 ἐχθρὸς
1254 398 1372 424 ὠνείδισέ
1391 406 1434 432 με,
1448 398 1586 432 ὑπήνεγκα
1601 397 1644 430 ἂν,
1666 406 1675 422 ι
1690 397 1736 422 καὶ
1749 406 1758 422 ι
1773 397 1804 423 El
1814 398 1828 423 6
1843 397 1928 432 μισῶν

1151 452 1183 478 με
1196 444 1239 470 ἐπ’
1257 444 1307 479 ἐμὲ
1331 443 1629 478 ἐμεγαλοῤῥημόνησεν,
1645 442 1763 478 ὲκρύδην
1773 443 1806 470 ἂν
1822 443 1865 468 ἐπ’
1879 444 1928 470 αὖε

1147 490 1205 516 τοῦ.
1218 490 1254 516 Σὺ
1270 490 1308 520 δὲ,
1324 490 1449 525 ἄνθρωπε
1472 489 1592 524 ίσόψυχε,
1611 488 1722 524 ἡγεμών
1737 497 1787 524 μου
1801 489 1849 515 καὶ
1862 498 1930 523 γνω-

1149 536 1195 562 στέ
1213 544 1273 570 μου,
1289 536 1319 567 ὃς
1340 536 1387 562 ἐπὶ
1407 536 1438 562 τὸ
1450 536 1514 561 αὐτὸ
1529 535 1680 569 ἐγλύκανάς
1698 543 1743 569 μοι
1756 534 1902 570 ἐδέσματα,
1917 545 1926 560 ι

1147 581 1238 616 ὅμοιόν
1268 582 1326 607 ἐστι
1343 581 1392 615 τῷ,
1412 590 1421 606 ι
1441 581 1494 607 Καὶ
1505 580 1558 615 γὰρ
1570 581 1584 607 6
1600 579 1742 615 ἄνθρωπος
1756 579 1806 614 τῆς
1818 580 1929 615 εἰρήνης

1150 635 1210 662 μου,
1227 627 1269 660 ἐφ’
1284 626 1314 652 ὃν
1325 626 1458 661 ἧλπισα.ὁ
1470 625 1566 652 ἐσθίων
1577 625 1675 660 ἄρτους
1691 633 1752 659 μου,
1765 625 1928 659 ἐμεγάλυνεν

1148 672 1253 707 ἐπ’ἐμέ
1279 671 1458 707 πτερνισμόν·
1477 681 1486 697 ι
1501 671 1564 706 περὶ
1583 670 1630 697 τοῦ
1663 670 1746 697 Ἰούδα
1775 671 1804 696 ἐν
1821 671 1854 705 τῇ
1876 670 1929 705 πρὸ

1148 719 1247 753 ταύτης
1274 718 1424 753 προφητείᾳ
1453 718 1580 752 κειμένῳ.
1597 717 1700 752 Ὠσπερ
1714 713 1760 743 οὖν
1782 716 1811 742 ἐν
1832 716 1929 750 ἐκεινῳ

1148 764 1284 790 ἐδείκνυτο
1306 763 1446 799 ἄνθρωπος
1465 764 1576 798 είρήνης
1593 762 1658 789 ποτὲ
1682 761 1810 796 γεγονὼς,
1830 762 1875 788 ὅτε
1889 761 1929 796 τῷ

1148 810 1254 845 Σωτῆρι
1267 809 1459 844 ἐμαθητεύετο,
1474 807 1514 840 εἷς
1532 809 1579 835 καὶ
1594 808 1673 840 αὐτὸς
1688 807 1735 834 τοῦ
1744 808 1799 834 τῶν
1815 807 1928 834 ἀποστό-

1148 854 1200 880 λων
1222 853 1338 889 ἀριθμοῦ
1366 853 1535 888 χρηματίσας
1546 862 1552 868 ·
1565 853 1636 879 οὕτω
1650 852 1698 880 καὶ
1715 853 1744 879 ἐν
1763 852 1803 887 τῷ
1818 860 1929 888 προκει-

1150 899 1221 934 μένῳ
1236 886 1537 933 ίσόιῖνυχοςκαίῆγεμὼν
1552 898 1598 924 καὶ
1608 897 1727 931 γνωστὸς
1743 886 1817 932 αὐτῷ
1841 886 1926 932 προσ-
1963 886 1973 898 ⁸

312 941 374 968 dam
387 948 402 968 a
420 940 558 969 Salvatore
571 943 773 975 instituebatur,
789 951 851 970 cum
866 943 925 979 ipse
940 952 1048 980 quoque
1061 952 1094 972 ex
1111 942 1131 969 Β

1111 942 1131 969 Β
1144 944 1313 980 αγορεύεται.
1324 945 1377 971 Καὶ
1386 944 1464 971 πάλιν
1473 944 1510 975 ὥς
1518 944 1547 970 ἐν
1554 943 1650 978 ἐκείνῳ
1659 943 1722 979 περὶ
1730 942 1811 970 αὑτοῦ
1819 942 1913 978 εἴρητο
1920 951 1926 958 ·

313 995 427 1014 numero
440 989 625 1022 apostolorum
642 984 712 1017 unus
731 994 814 1021 esset,
826 990 866 1017 sic
889 990 968 1017 etiam
982 990 1009 1017 in
1025 998 1095 1025 prte-

312 1033 394 1065 senti,
409 1037 436 1061 et
461 1035 607 1067 unanimis,
633 1040 659 1063 et
687 1035 752 1067 dux.
771 1039 797 1063 et
825 1039 907 1063 notus
931 1036 1019 1064 dictus
1042 1040 1095 1064 est.

311 1078 378 1106 ltem
395 1079 622 1114 quemadmodum
638 1081 666 1108 itt
686 1081 733 1108 illo
749 1081 782 1108 de
796 1081 891 1108 eodem
913 1082 1014 1108 dictutn
1030 1087 1073 1109 est
1088 1092 1094 1109 :

315 1134 325 1151 ι
343 1125 393 1158 Qui
409 1126 506 1153 edebat
532 1134 618 1162 partes
637 1135 723 1159 meos,
739 1127 922 1162 magttilicavit
947 1136 1028 1162 super
1054 1135 1097 1155 me

311 1173 578 1208 supplantationem,
612 1183 622 1198 ι
649 1173 684 1200 ita
709 1174 790 1200 etiam
819 1180 892 1200 nunc
917 1181 951 1200 ex
980 1180 1096 1209 persona

311 1219 400 1253 ipsius
416 1218 518 1246 dicitur
534 1218 601 1246 illud
618 1228 624 1245 :
643 1228 653 1244 ι
670 1218 722 1251 Qui
742 1219 769 1245 in
784 1218 855 1246 idem
872 1218 965 1246 dulces
987 1226 1098 1253 compa-

311 1265 394 1292 rabas
410 1265 476 1292 mihi
493 1264 581 1292 cibos.
593 1274 604 1290 ι
617 1263 723 1291 Etenim
736 1272 769 1291 ex
782 1264 816 1291 iis
826 1264 883 1299 ipse
897 1271 1006 1299 quoque
1027 1272 1096 1292 unus

312 1315 382 1343 erat,
397 1312 444 1345 qui
457 1310 492 1337 ad
506 1318 646 1343 arcanam,
663 1318 717 1345 qua
727 1318 788 1338 cum
808 1311 866 1337 suis
882 1311 1023 1345 discipulis
1037 1315 1097 1338 ute-

312 1356 405 1387 batur,
433 1355 583 1384 Salvatoris
607 1357 694 1384 nostri
719 1356 945 1384 consuetudinem
968 1357 1097 1391 spiritua-

312 1401 421 1436 letuque
439 1402 531 1429 cibum
556 1402 690 1438 assumpti
720 1402 849 1429 fuerant:
874 1401 954 1437 472
974 1410 1036 1429 nam
1063 1403 1096 1429 ad

312 1446 455 1482 profanam
470 1447 671 1475 multitudinem
686 1451 713 1474 et
723 1446 757 1473 ad
773 1447 866 1474 turbas
882 1454 944 1473 cum
958 1447 1039 1474 verba
1055 1447 1096 1474 fa~

313 1497 397 1524 ceret,
410 1494 548 1528 parabolis
559 1494 694 1521 utebatur.
709 1493 781 1520 Solis
795 1500 859 1520 vero
870 1493 929 1520 suis
943 1493 1095 1528 discipulis,

314 1539 342 1566 in
354 1547 469 1574 quorum
484 1539 607 1567 ordinem
632 1540 713 1567 etiam
730 1538 815 1566 Judas
837 1539 974 1566 admissus
997 1539 1095 1571 fuerat,

313 1585 434 1620 apertius
445 1585 536 1612 omnia
551 1584 765 1612 demonstrabat.
786 1584 823 1612 Ex
839 1593 894 1620 quo
908 1585 974 1613 illttd
993 1585 1095 1613 dictum

313 1635 374 1658 est:
394 1640 403 1656 ι
420 1629 470 1663 Qui
486 1630 583 1657 edebat
598 1638 682 1665 panes
700 1638 791 1662 meos,
806 1631 990 1666 magniﬁcavit
1016 1639 1098 1666 super

313 1683 358 1703 me
381 1676 646 1710 supplantationem;
670 1685 678 1701 ι
697 1680 724 1703 et
750 1676 840 1703 illud:
865 1685 874 1702 ι
907 1677 953 1711 qui
977 1677 1005 1704 in
1027 1677 1098 1704 idem

313 1721 407 1748 dulces
423 1721 600 1756 comparabas
615 1721 680 1748 mihi
697 1722 784 1753 cibos,
815 1733 825 1750 1
853 1722 926 1758 quod
951 1729 1017 1748 sane
1042 1723 1099 1750 evio

314 1766 425 1794 dentius
445 1765 581 1801 expressit
600 1766 698 1800 Aquila
717 1767 827 1801 quidem
843 1775 883 1794 διο
901 1773 908 1793 :
923 1776 932 1792 (
951 1766 1004 1799 Qui
1017 1766 1099 1797 simul

313 1811 394 1839 dulce
413 1811 638 1847 comparabamus
655 1819 797 1839 arcanum.
819 1821 828 1838 ι
846 1811 1026 1846 Symmachus
1050 1818 1099 1838 an-

314 1861 368 1884 tem
381 1857 422 1884 sic
439 1866 445 1884 :
463 1866 472 1882 (
491 1856 542 1889 Qui
556 1857 628 1883 inter
644 1865 694 1884 nos
708 1857 978 1884 communicabamus
991 1856 1098 1884 dulcem

315 1902 450 1930 sermonis
463 1902 701 1930 consuetudinem.
722 1912 731 1928 ι
749 1902 802 1930 Pro
813 1903 860 1930 illo
871 1910 954 1929 vero:
971 1912 980 1928 ι
998 1902 1039 1929 Tu
1053 1911 1100 1930 au-

315 1951 370 1973 tem
391 1947 473 1973 homo
491 1947 638 1978 unanituis,
652 1947 707 1974 dux
724 1956 810 1979 meus,
828 1951 855 1975 et
870 1952 952 1975 notus
978 1956 1066 1981 meus,
1086 1958 1095 1974 ι

317 1992 497 2028 Symmachus
514 1993 550 2019 ita
575 1993 710 2020 convertit
726 2003 734 2020 ι
754 2002 762 2018 ι
783 1993 824 2020 Tu
841 1998 931 2020 autem
947 1994 1028 2020 homo
1041 2002 1099 2021 mo-

315 2038 355 2066 ris
370 2038 491 2073 ejusdem
507 2046 624 2069 mecum,
636 2042 662 2065 et
671 2038 725 2065 dux
743 2046 830 2070 meus,
846 2043 872 2066 et
885 2043 966 2066 notus
981 2047 1073 2066 meus:
1087 2048 1096 2065 ι

316 2092 378 2110 nam
392 2092 454 2111 cum
473 2084 506 2111 ad
530 2088 633 2111 tantam
653 2083 811 2119 dignitatem
835 2090 993 2120 assumptus
1014 2089 1098 2118 esset,

315 2133 343 2156 et
356 2129 391 2157 ob
404 2129 430 2156 id
447 2130 518 2157 inter
533 2130 635 2164 primos
650 2129 800 2157 Salvatoris
813 2131 917 2158 amicos
929 2136 1098 2163 censeretur,

316 2175 414 2202 merito
432 2175 465 2203 de
481 2183 513 2203 eo
533 2177 573 2203 sic
588 2176 626 2202 ait
644 2185 651 2202 :
669 2185 678 2201 ι
694 2175 722 2202 Si
741 2176 868 2203 inimicus
886 2177 985 2211 probro
1002 2185 1045 2204 me
1059 2176 1101 2204 af-

316 2220 438 2252 fecisset,
453 2221 646 2248 sustinuissem
670 2222 773 2256 utique,
793 2231 801 2247 »
819 2226 846 2248 et
862 2230 922 2256 qum
936 2227 1098 2257 sequuntur.

1150 1000 1159 1015 ι
1171 990 1199 1016 ’0
1214 989 1310 1016 ἐσθίων
1327 990 1425 1024 ἄρτους
1439 998 1500 1024 μου,
1515 989 1678 1024 ἐμεγάλυνεν
1694 989 1736 1015 ἐπ’
1752 988 1803 1023 ἐμὲ
1820 996 1929 1024 mapm-

1147 1036 1214 1070 σμόν
1226 1045 1249 1062 -ι
1269 1036 1314 1062 τὸν
1331 1036 1411 1062 αὐτὸν
1439 1036 1537 1071 τρόπον
1553 1036 1598 1062 καὶ
1619 1035 1666 1061 ἐπὶ
1679 1034 1726 1062 τοῦ
1744 1034 1878 1070 παρόντος
1891 1034 1930 1066 είς

1147 1081 1227 1108 αὐτοῦ
1253 1082 1395 1116 πρόσωπον
1404 1081 1511 1115 λέγεται
1523 1081 1563 1112 τὸ,
1584 1090 1593 1106 ι
1609 1081 1657 1112 Ὃς
1673 1080 1720 1107 ἐπὶ
1731 1079 1761 1106 τὺ
1775 1080 1841 1106 αὐτὸ
1851 1079 1931 1114 ἐγλύ·

1147 1127 1230 1158 κανὰς
1248 1135 1292 1162 μοι
1304 1127 1446 1161 ἐδέσματα.
1463 1135 1472 1152 ι
1486 1126 1541 1152 Καὶ
1563 1126 1618 1162 γὰρ
1638 1126 1692 1152 τῶν
1712 1125 1930 1161 καταξιουμένυν

1147 1171 1193 1197 καὶ
1205 1170 1284 1201 αὐτὸς
1300 1167 1339 1201 εἷς
1360 1168 1393 1205 ῆν
1419 1171 1469 1206 τῆς
1484 1171 1638 1206 ἀπορρήτου
1650 1171 1719 1206 πρὸς
1730 1171 1793 1202 τοὺς
1808 1169 1931 1206 μαθητὰς

1146 1216 1193 1242 τοῦ
1206 1216 1328 1251 Σωτῆρος
1344 1216 1422 1251 ἡμῶν
1433 1217 1539 1251 ὁμιλίας
1560 1224 1590 1242 τε
1609 1216 1655 1242 καὶ
1670 1216 1857 1251 πνευματικῆς
1869 1224 1930 1252 τρο-

1147 1260 1218 1295 φῆς’
1232 1262 1288 1291 τοῖς
1306 1260 1419 1295 μὲνγὰρ
1438 1260 1489 1292 ἔξω
1504 1260 1618 1295 πλήθεσι
1644 1261 1691 1288 καὶ
1712 1263 1768 1292 τοῖς
1791 1260 1881 1296 ὄχλοις
1901 1261 1931 1288 ἐν

1147 1306 1312 1342 παραϐολαῖς
1330 1306 1428 1339 ἐλάλει,
1449 1307 1538 1342 μονοις
1559 1307 1587 1333 δὲ
1603 1308 1659 1339 τοῖς
1675 1306 1772 1334 ἑαυτοῦ
1787 1306 1930 1343 μαθηταῖς,

1146 1353 1175 1378 ἐν
1200 1349 1240 1383 οἷς
1271 1353 1317 1378 καὶ
1333 1353 1352 1378 6
1379 1352 1477 1384 Ἰούδας
1498 1351 1657 1388 ἐξητάζετο,
1690 1352 1802 1379 ἐπέλυεν
1813 1352 1930 1381 ἅπαντα.

1146 1397 1191 1423 Διὸ
1218 1397 1357 1424 λέλεκται·
1376 1408 1386 1423 ι
1409 1399 1438 1424 ὐ
1448 1398 1544 1424 ἐσθίων
1571 1398 1669 1433 ἄρτους
1693 1407 1743 1434 μου
1766 1398 1931 1434 ἐμεγάλυνεν

1147 1442 1189 1469 ἐπ’
1203 1442 1253 1477 ἐμὲ
1275 1442 1450 1478 πτερνισμὺν,
1470 1452 1479 1468 ι
1496 1442 1553 1473 καὶ,
1570 1452 1579 1467 ι
1601 1442 1648 1474 ’ος
1667 1441 1712 1468 ἐπὶ
1725 1441 1756 1468 τὺ
1773 1441 1839 1468 αὐτὸ
1854 1440 1931 1475 ἐγλύ-

1147 1485 1230 1516 κανὰς
1245 1494 1288 1520 μοι
1306 1485 1454 1521 ἐδέσματα’
1475 1495 1484 1511 ›
1507 1486 1578 1521 ἅπερ
1600 1485 1765 1521 σαφέστερον
1777 1485 1906 1521 ἐξέφηνεν
1917 1485 1931 1512 6

1148 1531 1196 1566 μὲν
1216 1531 1329 1562 Ἀκύλας
1354 1531 1454 1558 εἰπών·
1473 1541 1482 1556 ι
1505 1532 1537 1558 οἳ
1561 1531 1628 1566 ὁμοῦ
1646 1531 1832 1566 ἐγλυκάναμεν
1846 1530 1932 1566 ἁπόῤ-

1148 1578 1244 1612 ρητον’
1268 1587 1276 1602 ι
1292 1578 1306 1603 6
1324 1576 1352 1602 δὲ
1371 1577 1532 1612 Σύμμαχος·
1553 1586 1563 1602 ι
1581 1577 1683 1608 Οἴτινες
1693 1575 1933 1612 ἐκοινολογούμεθα

1148 1622 1274 1656 γλυκεῖαν
1296 1621 1413 1657 ὁμιλίαν.
1436 1632 1445 1648 ι
1469 1622 1540 1649 Ἀντὶ
1562 1622 1590 1648 δὲ
1601 1622 1657 1653 τοῦ,
1672 1631 1682 1648 ι
1702 1622 1737 1648 Σὺ
1753 1622 1791 1654 δὲ,
1806 1622 1932 1658 ἄνθρωπε

1150 1667 1269 1702 ίσόψυχε,
1287 1667 1398 1702 ἡγεμών
1415 1676 1475 1703 μου,
1492 1667 1540 1694 καὶ
1564 1667 1667 1701 γνωστέ
1681 1675 1742 1702 μου,
1758 1676 1767 1693 ι
1785 1667 1800 1693 6
1820 1666 1934 1702 Σύμμα-

1149 1712 1194 1747 χος
1211 1721 1275 1747 φησι
1288 1721 1294 1727 ”
1315 1722 1324 1737 ‹
1344 1713 1379 1738 Σὺ
1393 1713 1431 1744 δὲ,
1446 1712 1571 1748 ἄνθρωπε
1585 1712 1718 1748 ὁμότροπέ
1737 1712 1854 1748 (totum!)
1869 1712 1934 1747 ⁴ἡγε-

1151 1758 1207 1792 μών
1232 1767 1292 1793 μου,
1317 1759 1363 1784 καὶ
1389 1759 1493 1792 γνωστέ
1512 1766 1578 1793 μου”
1600 1767 1609 1783 ι
1635 1758 1784 1794 ἐπειδήπερ
1799 1758 1934 1784 τοσούτων

1148 1803 1297 1839 ἠξιωμένος
1326 1804 1402 1837 φίλος
1425 1805 1454 1829 ἐν
1479 1804 1535 1834 τοῖς
1553 1802 1669 1837 μάλιστα
1684 1801 1718 1838 ῆν
1733 1802 1780 1829 τοῦ
1797 1802 1933 1838 ἃυτῆρος,

1148 1849 1259 1879 εἰκότως
1275 1849 1340 1884 φησὶ
1359 1849 1421 1884 περὶ
1441 1848 1523 1875 αὐτοῦ
1535 1848 1574 1878 τὸ,
1597 1856 1607 1872 ι
1625 1847 1695 1878 Ὅτι.
1708 1847 1732 1873 ει
1749 1846 1845 1882 ἐχθρὸς
1857 1845 1936 1872 ὠνεί-

1148 1894 1205 1921 δισέ
1223 1903 1266 1929 με,
1281 1895 1421 1929 ὑπήνεγκα
1435 1894 1466 1920 ἂν
1479 1901 1485 1907 “
1507 1903 1515 1919 ι
1534 1893 1580 1919 καὶ
1593 1891 1627 1918 τὰ
1639 1891 1712 1926 ἑξῆς.
1728 1891 1819 1918 Ταῦτα
1831 1890 1859 1917 δὲ
1872 1890 1935 1926 περὶ

1148 1940 1195 1966 τοῦ
1218 1940 1303 1967 Ἰούδα
1330 1940 1471 1971 θεσπίσας,
1489 1938 1642 1970 ἀκολούθως
1656 1938 1704 1973 τὴν
1717 1939 1749 1964 ἐκ
1759 1936 1806 1963 τοῦ
1819 1936 1935 1963 θανάτου

1150 1986 1285 2021 σωτηρίαν
1296 1986 1342 2012 καὶ
1364 1985 1506 2020 ἀποφυγὴν
1522 1984 1617 2011 ἑαυτοῦ
1639 1984 1812 2020 προδιδάσκει
1829 1982 1933 2016 λέγων·

1152 2042 1161 2058 ‹
1189 2031 1257 2066 Ἐγὼ
1275 2032 1342 2066 πρὸς
1352 2032 1397 2057 τὸν
1410 2031 1475 2057 Θεὸν
1489 2030 1634 2066 ἐκέκραξα,
1649 2030 1696 2057 καὶ
1711 2030 1726 2056 6
1737 2029 1838 2064 Κύριος
1849 2027 1935 2055 ἔσωσε

1151 2086 1194 2114 με.
1217 2077 1351 2111 Ἐσπέρας
1368 2078 1415 2103 καὶ
1436 2076 1508 2112 πρωῒ
1520 2077 1567 2103 καὶ
1584 2075 1756 2112 μεσημϐρίας
1768 2075 1936 2110 διηγήςομαι

1150 2125 1196 2151 καὶ
1223 2123 1380 2157 ἀπαγγελῶ,
1406 2123 1452 2149 καὶ
1477 2122 1665 2149 εἰσακούσεται
1690 2122 1740 2157 τῆς
1766 2119 1859 2156 φωνῆς
1873 2128 1934 2155 μου.

1150 2169 1321 2206 Λυτρὼσεται
1335 2171 1363 2195 ἐν
1380 2170 1475 2205 εἰρήνῃ
1490 2169 1539 2204 τὴν
1556 2168 1645 2204 ψυχήν
1658 2177 1709 2203 μου
1720 2175 1727 2182 ·
1740 2176 1750 2193 ι
1765 2167 1803 2198 ὡς
1821 2167 1850 2192 ἐν
1869 2166 1934 2201 εὐχῇ

1149 2216 1194 2241 τὸν
1212 2215 1264 2250 πρδ
1279 2214 1325 2241 τοῦ
1342 2215 1456 2241 Θανάτου
1480 2214 1575 2249 καιρὸν
1594 2212 1731 2248 σημαίνει,
1743 2211 1803 2238 καθ’
1814 2211 1844 2238 ὃν
1859 2210 1907 2237 καὶ
1920 2210 1936 2236 6

316 2265 368 2295 Ubi
385 2271 474 2294 autem
495 2267 552 2294 haec
569 2267 602 2295 de
626 2267 695 2294 Juda
720 2267 829 2299 cecinit,
844 2267 942 2294 ordine
969 2267 1098 2302 deinceps
1115 2277 1137 2304 ι)

1115 2277 1137 2304 D
1157 2261 1255 2292 Ἰούδας
1273 2260 1307 2287 τὰ
1319 2261 1368 2295 τῆς
1379 2261 1438 2286 κατ’
1455 2259 1536 2286 αὑτοῦ
1554 2259 1697 2294 προδοσίας
1711 2258 1934 2284 συνεσκευάσατο-

316 2313 505 2340 liberationem
525 2320 539 2339 a
570 2317 656 2340 mortc
684 2313 894 2348 evasioncmque
921 2320 997 2339 suam
1024 2316 1098 2340 tanto

316 2362 380 2386 ante
393 2358 495 2385 indicat
516 2359 569 2386 illis
584 2358 674 2386 verbis
689 2367 716 2385 τι
738 2358 793 2393 Ego
815 2358 848 2384 ad
873 2356 957 2385 Deum
972 2357 1098 2390 clamavi,

315 2409 343 2432 et
354 2403 485 2431 Dominus
499 2404 612 2431 salvavit
629 2412 680 2431 mc.
695 2403 815 2439 Vespere
823 2407 850 2431 et
862 2411 941 2431 mane
951 2408 977 2430 et
988 2403 1101 2431 meridie

317 2451 436 2478 narrabo
451 2455 479 2478 et
493 2451 672 2482 annuntiabo,
686 2455 712 2478 et
729 2450 856 2477 exaudiet
874 2457 969 2477 vocem
998 2456 1099 2481 meam,

319 2497 431 2524 redimet
448 2497 474 2523 in
487 2505 553 2532 pace
564 2498 681 2523 animam
694 2504 780 2524 meam
789 2496 822 2523 ⁸⁷.
839 2506 848 2522 ι
868 2495 913 2523 Sic
926 2500 1055 2530 tanquam
1072 2496 1100 2522 in

319 2549 398 2576 prece
412 2546 518 2576 tempus
533 2541 604 2576 quod
635 2545 749 2568 mortem
777 2541 934 2573 antecessit,
955 2541 1100 2576 significat,

319 2594 373 2621 quo
389 2587 498 2621 quidem
514 2590 635 2621 tempore
644 2585 728 2613 Judas
747 2594 856 2621 quoque
871 2586 903 2613 ad
919 2585 1101 2621 proditionem

320 2633 529 2666 comparabatur
541 2636 636 2659 contra
649 2632 735 2660 illum.
751 2631 829 2659 Tunc
845 2632 917 2659 enim
931 2631 1056 2658 Salvator
1070 2638 1102 2657 ac

321 2676 452 2704 Dominus
467 2681 569 2709 noster,
588 2677 670 2704 Veluti
698 2677 733 2704 ob
749 2677 897 2711 perniciem
918 2680 1000 2711 atque
1017 2676 1102 2702 inter-

323 2721 389 2748 itum
404 2723 446 2748 sui
463 2721 605 2750 familiaris
631 2723 727 2750 dolens
751 2730 935 2757 maerensque,
959 2730 990 2748 ac
1016 2722 1104 2748 multo

323 2767 404 2793 etiam
423 2768 510 2802 magis
522 2769 557 2795 ob
567 2769 650 2796 totius
664 2767 784 2795 Iudaicae
804 2768 892 2803 gentis
911 2767 1102 2802 perditionem,

324 2813 452 2846 tanquatn
468 2812 502 2839 ob
513 2820 577 2840 suos
586 2813 619 2840 ad
633 2813 768 2840 insaniam
784 2812 920 2845 redactos,
931 2815 958 2839 et
973 2815 1103 2846 tanquam

1152 2306 1218 2333 Τότε
1229 2305 1275 2332 οὖν
1290 2306 1303 2331 6
1317 2306 1411 2341 Σωτὴρ
1438 2305 1484 2331 καὶ
1503 2304 1603 2340 Κύριος
1617 2303 1705 2339 ἡμῶν,
1717 2303 1755 2334 ὡς
1772 2303 1819 2329 ἐπὶ
1834 2301 1938 2338 ὀλέθρῳ

1153 2353 1199 2379 καὶ
1211 2351 1323 2386 ἀπολεία
1336 2351 1382 2377 τοῦ
1393 2350 1530 2386 γνωρίμου
1551 2348 1700 2384 δυσφορῶν,
1716 2348 1763 2374 καὶ
1783 2347 1822 2373 ἐτι
1837 2346 1937 2382 μᾶλλον

1153 2398 1200 2424 ἐπὶ
1215 2398 1248 2432 τῇ
1260 2396 1306 2423 τοῦ
1330 2397 1429 2427 παντὸς
1449 2395 1582 2422 Ἰουδαίων
1594 2394 1685 2425 ἔθνους
1696 2392 1826 2428 ἀποϐολῇ,
1843 2391 1937 2427 ὥσπερ

1154 2442 1200 2469 ἐπὶ
1235 2443 1383 2478 μεμηνόσιν
1409 2441 1528 2473 οἰκείοις,
1542 2441 1588 2467 καὶ
1606 2439 1643 2471 ὡς
1659 2440 1706 2466 ἐπὶ
1720 2438 1858 2473 φιλτάτοις
1867 2445 1938 2472 συμ-

1155 2489 1276 2524 πὰσχων,
1287 2489 1376 2515 πᾶσαν
1386 2488 1434 2522 τὴν
1448 2487 1515 2522 πρὸς
1527 2487 1624 2517 αὐτοὺς
1631 2485 1738 2520 ὁμιλίαν
1750 2485 1796 2511 καὶ
1810 2483 1938 2510 διδασκα-

1154 2534 1224 2566 λίαν,
1235 2534 1279 2561 διὰ
1306 2533 1337 2560 τὸ
1360 2533 1442 2568 μηδὲν
1460 2532 1556 2563 αὐτοὺς
1580 2530 1759 2566 ὠφεληκέναι,
1782 2528 1940 2564 ἀδολεσχίαν

1156 2580 1300 2611 ἀποκαλεῖ,
1315 2579 1426 2614 φάσκων
1437 2587 1443 2593 ·
1455 2588 1464 2604 ι
1476 2577 1628 2612 Ἑλυπήθην
1639 2577 1668 2602 ἐν
1678 2577 1711 2610 τῇ
1722 2574 1864 2610 ἀδολεσχίᾳ
1873 2582 1946 2609 μου,.

1159 2627 1206 2653 καὶ
1231 2625 1384 2661 ἐταράχθην
1396 2624 1450 2650 ἀπὸ
1472 2623 1562 2658 φωνῆς
1576 2621 1684 2657 ἐχθροῦ,
1699 2621 1746 2647 καὶ
1757 2620 1810 2647 ἀπὸ
1821 2619 1939 2654 θλίψεως

1153 2670 1314 2706 ἁμαρτωλοῦ
1325 2679 1331 2685 ·
1346 2671 1386 2697 ὅτι
1396 2670 1558 2701 ὲξέκλιναν,›
1569 2668 1661 2702 φησὶν,
1675 2676 1685 2692 ι
1699 2667 1742 2693 ἐπ’
1761 2665 1811 2701 ἐμὲ
1823 2664 1940 2700 ἀνομίαν

1155 2718 1202 2743 καὶ
1217 2719 1245 2743 ἐν
1262 2717 1328 2752 ὀργῇ
1344 2716 1483 2742 ἐνεκότουν
1502 2723 1546 2750 μοι
1559 2722 1566 2729 ·
1584 2723 1593 2739 ›
1607 2713 1678 2748 ἅπερ
1700 2711 1812 2738 δύναται
1827 2711 1876 2747 μὲν
1891 2710 1941 2737 καὶ

1155 2762 1201 2788 ἐπὶ
1224 2764 1286 2794 τοὺς
1313 2762 1443 2798 ἄρχοντας
1460 2760 1513 2786 τῶν
1529 2761 1561 2786 ἐκ
1578 2759 1728 2795 περιτομῆς
1743 2756 1942 2793 ἀναφέρεσθαι,

1157 2809 1219 2839 τοὺς
1232 2808 1374 2843 ἐχθρωδῶς
1390 2808 1435 2834 καὶ
1458 2805 1684 2837 ὲπιὸουλευτικῶς
1695 2803 1845 2839 ἐνεδρεύειν
1857 2801 1942 2829 αὐτὰρ

369 2896 392 2912 δ’
411 2895 480 2925 Psal.
494 2904 547 2930 Ltv,
560 2897 648 2927 10-15.
674 2900 710 2937 _"
728 2899 800 2928 Psal.
818 2907 869 2935 ιι,
885 2899 930 2927 l0.
967 2899 991 2919 ⁸⁷
1008 2898 1081 2927 Psal.
1098 2906 1152 2933 Ltr,
1174 2897 1266 2925 17-19.
