2099 3217
188 194 239 223 733

624 196 948 229 DBMONSTRATIONIS
965 197 1194 226 EVANGELICE
1213 197 1276 225 LIB.
1298 196 1331 225 Χ.

1746 200 1795 228 ηε

186 251 371 288 πειρωμένους
380 259 387 267 ⁸
404 251 512 278 δύναται
522 251 550 278 δὲ
559 252 678 288 καὶπερὶ
690 253 829 288 δυνάμεων
845 253 965 289 ἀοράτων
979 255 1003 284 Α

964 255 1003 284 ιΑ
1017 254 1052 281 ob
1069 254 1122 281 sibi
1143 253 1321 281 charissimas
1345 253 1532 280 misericordia
1560 257 1722 286 commotus,
1734 263 1793 282 om<

185 298 284 332 ἔξωθεν
290 298 371 325 αὐτὸν
382 298 636 334 προσπολεμουσῶν,
647 299 693 326 καὶ
708 299 756 335 τὴν
769 300 801 326 δι’
816 299 964 335 ἀνθρώπων

185 345 358 380 κατασκευὴν
385 344 551 380 ἐνεργουσῶν
575 344 720 378 λέγεσθαιο
741 345 759 371 ἃ
781 345 828 372 καὶ
844 345 964 381 συνᾴδειν

187 399 233 425 μοι
249 391 322 418 δοκεῖ
330 391 390 422 -τοῖς
406 390 434 416 ἐν
457 390 495 425 τῷ
512 390 668 426 Εὐαγγελίῳ
683 391 727 416 ὑπ’
744 391 825 418 αὑτοῦ
835 390 963 426 λελεγμέυ

185 446 241 469 νοις
257 436 328 464 κατὰ
337 436 383 462 τὸν
396 435 442 462 τοῦ
459 435 561 467 πάθους
573 437 678 471 καιρὸν,
690 436 734 463 ὅτε
747 436 819 470 λέγει
831 438 886 468 τοῖς
900 438 964 463 ἑαυ-

184 483 232 511 τοῦ
267 481 420 519 μαθηταῖς·
453 491 462 507 ι
489 482 639 518 Περίλυπός
664 483 737 508 ἐστιν
768 483 784 518 ἡ
819 482 890 517 ψυχή
915 491 963 517 μου

184 530 238 562 ἕως
266 529 390 556 θανάτου.
413 528 530 555 Μείνατε
559 525 609 555 ὦδε
623 549 629 560 ,
656 529 701 555 καὶ
722 530 880 564 γρηγορεῖτε
906 528 963 562 μετ’

184 575 253 610 ἐμοῦ
265 583 272 590 ⁸
289 584 298 600 ι
316 574 363 601 καὶ
377 573 456 600 πάλιν
466 582 473 588 ·
488 583 497 599 ε
518 574 573 600 Νῦν
585 574 683 609 ἡψυχή
701 583 749 609 μου
764 575 935 610 τετάρακται.
952 584 961 600 t

186 619 288 654 Ὅμοια
303 618 367 654 γοῦν
385 618 488 649 τούτοις
503 619 560 645 ἐστὶ
574 619 620 645 καὶ
634 618 667 644 τά
681 620 709 645 ὲν
721 618 758 654 τῷ
774 619 881 654 ψαλμῷ,
899 620 927 645 ἐν

184 664 324 691 λέλεκται·
350 673 359 689 t
383 664 414 690 Ἠ
433 663 530 699 καρδία
549 673 599 699 μου
623 664 759 699 ἐταράχθη
784 665 812 690 ὲν
825 665 895 700 ἐμοὶ,
918 665 964 691 καὶ

182 710 270 737 δειλία
286 709 400 737 θανάτου
415 710 547 736 ἐπέπεσεν
562 711 604 736 ἐπ’
620 710 679 747 ἐμέ.
701 710 783 742 Φόϐος
804 711 851 737 καὶ
866 711 965 747 τρόμος

182 755 265 792 ἦλθεν
277 756 319 782 ἐπ’
337 756 396 792 ἐμὲ,
413 757 459 782 καὶ
473 756 590 791 ὲκὰλυψέ
610 765 642 791 με
654 757 746 788 σκότος
758 765 764 772 ·
786 766 795 782 ι
814 756 846 783 δι’
862 754 899 783 ὧν
912 758 965 786 τῶν

183 803 378 838 ἀντικειμένων
391 803 531 838 δυνάμεων
542 803 591 834 τὰς
605 803 664 829 καθ’
677 803 758 829 αὐτοῦ
774 803 860 838 ὁρμὰς
873 803 966 839 σημαί-

184 857 235 875 νει.
264 848 309 880 Ὦς
333 848 397 882 γοῦν
422 849 450 875 ὲν
473 850 532 880 ταῖς
560 849 737 884 προφητείαις
761 848 913 884 ὠνόμασταί
938 858 964 875 τι

184 893 292 930 πνεῦμα
315 894 452 930 πορνείας,
479 894 549 921 κατὰ
573 894 614 924 τὸ,
644 903 652 919 t
673 894 811 929 Πνεύματι
839 895 965 930 πορνείας

1014 308 1076 328 nem
1099 308 1152 335 qua
1169 307 1231 327 cum
1249 299 1302 328 illis
1318 299 1444 326 utebatur
1456 317 1460 321 -
1473 300 1608 327 sermonis
1621 301 1796 328 consuetudi-

1015 354 1075 374 nem
1089 353 1121 372 ac
1136 345 1301 376 doctrinam,
1317 352 1350 372 eo
1374 345 1445 379 quod
1465 345 1518 372 illis
1545 345 1612 372 nihil
1636 346 1794 380 profuisset,

1015 393 1189 427 nugationem
1213 391 1341 426 appellat,
1365 390 1459 419 dicens
1475 400 1481 418 :
1500 401 1509 416 ‹
1537 391 1721 420 Contristatus
1734 400 1794 421 sum

1015 439 1042 465 in
1059 438 1207 473 nugatione
1228 445 1297 470 mea,
1313 442 1340 465 et
1354 437 1536 464 conturbatus
1557 445 1616 465 sum
1633 445 1649 464 a
1665 446 1733 467 voce
1743 439 1796 466 ini-

1016 484 1090 516 mici,
1103 488 1129 510 et
1144 491 1158 510 a
1174 483 1348 510 tribulatione
1363 485 1514 517 peccatoris
1532 491 1539 509 :
1557 484 1685 518 quoniam
1711 484 1795 511 decli-

1015 534 1160 562 naverunt,
1172 529 1270 564 inquit,
1291 530 1319 556 in
1337 537 1379 556 me
1397 529 1611 564 iniquitatem.et
1628 530 1655 556 in
1671 530 1710 557 ira
1735 538 1794 558 mo-

1015 574 1077 601 lesti
1089 578 1166 601 erant
1187 574 1252 601 mibi
1270 584 1276 600 :
1297 583 1306 599 ›
1329 582 1390 608 quae
1410 574 1519 609 quidem
1536 579 1652 609 possunt
1665 575 1747 602 etiam
1761 576 1794 603 ad

1015 619 1150 655 principes
1164 618 1319 646 Iudaeorum
1336 619 1442 651 referri,
1457 620 1503 654 qui
1519 620 1630 648 inimico
1642 621 1796 648 insidianti-

1016 673 1067 700 que
1078 666 1168 692 animo
1181 666 1380 692 circumvenire
1393 666 1468 692 illum
1481 667 1660 694 conabantur.
1680 667 1796 695 Possunt

1015 712 1095 738 etiam
1113 710 1147 738 de
1171 711 1352 745 potestatibus
1368 712 1567 744 invisibilibus,
1583 721 1642 747 qum
1661 714 1795 741 extrinse-

1015 765 1064 783 cus
1091 756 1166 782 ilium
1192 756 1396 791 oppugnabant,
1416 763 1448 782 ac
1461 764 1508 790 per
1523 756 1646 793 homines
1671 758 1734 785 talia
1757 759 1795 785 illi

1015 801 1253 833 machinabantur,
1269 801 1394 836 intelligi.
1419 800 1537 829 Proinde
1552 802 1646 829 eadem
1673 803 1739 830 mihi
1759 804 1796 830 vir

1015 847 1114 874 dentur
1130 846 1298 874 concordare
1314 854 1375 874 cum
1397 848 1430 874 iis
1448 855 1508 882 quae
1521 847 1554 874 ab
1569 849 1627 882 ipso
1655 848 1681 875 in
1708 847 1796 875 Evan-

1015 893 1085 926 gelio
1106 892 1178 919 dicta
1201 895 1265 920 sunt
1285 892 1336 919 sub
1351 893 1439 926 ipsum
1459 893 1595 927 passionis
1618 899 1733 928 tempusI
1751 894 1794 921 ubi

182 939 382 976 ἐπλανήθησαν,
404 949 413 965 ›
426 940 473 966 καὶ
495 940 558 967 ἄλλο
575 939 680 974 πνεῦμα
696 939 854 975 πλανήσεως
880 941 909 966 ἐν
931 941 963 976 τῇ
981 932 1001 958 Β

981 932 1001 958 Β
1016 937 1052 963 ait
1081 937 1114 964 ad
1135 945 1201 965 suos
1226 937 1376 972 discipulos
1394 947 1400 965 :
1421 948 1429 963 ι
1448 937 1548 966 Tristis
1563 943 1605 966 est
1624 939 1714 966 anima
1736 947 1794 966 mea

183 987 278 1022 ἐρήμῳ
289 995 296 1002 ⁸
322 986 367 1013 τὸν
390 986 471 1012 αὑτὸν
493 987 593 1022 τρόπον
610 987 656 1012 καὶ
671 986 777 1021 πνεῦμα
791 986 905 1013 θανάτου
922 988 964 1022 εἴη

182 1031 217 1059 ἂν
227 1031 326 1064 δειλίας
337 1032 486 1068 ποιητικὸν,
497 1032 535 1064 ὡς
546 1033 592 1058 καὶ
603 1031 711 1067 πνεῦμα
727 1032 816 1067 ἰσχύος
830 1033 876 1059 καὶ
888 1033 964 1059 δυνά-

184 1087 256 1114 μεως
270 1079 317 1106 καὶ
330 1078 453 1114 ἀνδρείας
466 1078 516 1113 τῆς
529 1078 600 1105 κατὰ
610 1078 675 1106 Θεὸν
691 1078 872 1114 ἐνεργητικόν.
888 1078 965 1105 Οὕτω

181 1124 204 1151 δ’
220 1123 253 1151 ἂν
274 1124 380 1160 λεχθείη
399 1124 505 1159 πνεῦμα
528 1124 609 1159 φόϐου
632 1125 678 1151 καὶ
694 1124 805 1160 τρόμου,
822 1124 868 1151 καὶ
884 1124 964 1151 πάλιν

181 1167 275 1203 ἓτερον
291 1167 366 1203 παρὰ
381 1167 466 1194 ταῦτα
482 1168 588 1203 πνεῦμα
603 1168 684 1203 φόϐου
701 1169 747 1196 καὶ
765 1168 930 1205 συγχύσεως,
946 1169 964 1196 ἃ

181 1213 231 1240 καὶ
245 1213 346 1248 σχεδὸν,
364 1214 460 1246 εἰπεῖν,
478 1214 561 1240 ἅπασι
585 1215 632 1249 μὲν
649 1216 705 1246 τοῖς
719 1215 747 1240 ἐν
762 1215 903 1251 μαρτυρίῳ
919 1215 963 1241 τὸν

182 1259 254 1295 ὑπὲρ
285 1259 424 1291 εὐσεϐείας
457 1259 571 1286 θάνατον
604 1260 808 1296 ἁναόεχομένοις
843 1261 964 1296 ὲφορμᾷν

180 1305 273 1336 εἴωθε,
292 1304 359 1332 πολὺ
375 1305 456 1332 πλέον
477 1305 505 1332 δὲ
521 1306 566 1332 καὶ
587 1305 685 1341 μᾶλλον
708 1306 868 1333 ἐπιτέθειται
892 1306 964 1341 αὐτῷ

178 1351 228 1378 τὸν
243 1351 312 1387 ὑπὲρ
333 1351 458 1378 ἁπάντων
477 1350 590 1378 θάνατον
606 1351 788 1386 ὑπομείναντι.
813 1351 884 1387 Πλὴν
907 1352 964 1378 ἀλλ’

180 1395 239 1423 εἴτε
253 1396 359 1432 πνεῦμα
370 1396 470 1428 δειλίας
484 1397 530 1422 καὶ
546 1396 669 1428 θανάτου,
684 1396 739 1422 εἴτε
755 1396 836 1431 φόϐου
848 1398 894 1424 καὶ
906 1396 965 1432 τρό-

182 1451 248 1478 μου,
265 1443 281 1478 ῆ
300 1442 327 1468 εἴ
349 1451 391 1474 τις
409 1442 490 1478 ἑτέρα
509 1441 617 1477 τοιαύτη
644 1441 756 1476 δύναμις
776 1442 963 1468 ὲπιπέπτωκεν

180 1487 267 1523 αὐτῷ,
280 1487 337 1514 ἀλλ’
349 1488 406 1515 οΰτι
422 1496 453 1522 γε
468 1487 631 1524 κατέῤῥαξεν
645 1487 724 1514 αὐτόν
737 1496 743 1502 ·
758 1488 828 1519 ἐπεὶ,
845 1485 888 1514 οἶα
903 1496 964 1522 γεν-

180 1536 257 1566 ναῖος
273 1534 400 1570 ἀθλητὴς,
414 1533 462 1569 τὴν
480 1534 529 1569 μὲν
549 1533 649 1560 δειλίαν
665 1533 711 1560 τοῦ
728 1532 852 1565 θανάτου,
869 1542 964 1560 πεποι-

180 1580 260 1616 θήσει
283 1579 364 1615 ζωῆς,
382 1579 474 1615 (αὐτὸς
493 1579 546 1616 γὰρ
567 1581 582 1615 ή
599 1580 677 1616 ζωὴ,)
693 1579 800 1616 μακρὰν
815 1580 963 1616 ἀπέρριψεν

179 1625 405 1660 ἀποσεισάμενος.
428 1625 562 1656 Ὡσαύτως
584 1625 613 1651 δὲ
636 1625 682 1651 καὶ
705 1625 734 1651 τὸ
754 1625 864 1652 ἐπελθὸν
890 1624 963 1660 αὐτῷ

179 1671 290 1707 πνεῦμα
303 1670 384 1706 φόϐου
399 1671 415 1706 ἤ
434 1671 533 1707 τρόμου
547 1671 684 1706 ποιητικὸν
698 1671 831 1706 πνεύματι
847 1671 964 1706 θάρσους

179 1717 229 1744 καὶ
249 1716 388 1751 δυνάμεως
414 1716 460 1742 καὶ
476 1716 565 1751 ἰσχύος
582 1716 747 1752 πορρωτάτω
761 1716 941 1751 άπηκόντισεν
954 1724 960 1730 ·

179 1763 254 1795 ἐπεὶ,
271 1762 342 1790 κατὰ
353 1763 400 1789 τὸν
422 1763 545 1794 Ἡσαΐαν,
566 1772 574 1788 ι
594 1762 796 1789 έπανεπαύσατο
817 1762 861 1788 ἐπ’
883 1762 962 1788 αὐτὴν

181 1807 253 1844 μετὰ
270 1808 322 1836 τῶν
344 1808 429 1836 ἄλλων
447 1809 607 1844 πνευμάτων
623 1809 670 1835 καὶ
684 1807 789 1843 πνεῦμα
806 1807 901 1843 βουλῆς
918 1808 963 1834 καὶ

180 1853 282 1890 ἰσχύος.
301 1864 311 1881 ι
335 1854 416 1882 Οὕτω
438 1855 483 1881 καὶ
499 1854 530 1881 τὸ
546 1854 653 1889 πνώμα
675 1854 721 1880 τοῦ
743 1854 853 1885 σκότους
871 1856 903 1889 τῇ
916 1853 962 1880 τοῦ

181 1896 250 1927 ιδιδυ
264 1900 352 1935 φωτὸς
366 1900 535 1927 ἀπεσκέδασε
557 1900 685 1935 δυνάμει·
703 1901 763 1926 ἐπεὶ
780 1909 789 1925 ι
813 1899 844 1926 τὸ
862 1899 918 1935 φῶς
935 1900 963 1926 ὲν

178 1947 215 1982 τῇ
233 1946 326 1982 σκοτία
344 1946 409 1973 αὐτὸ
424 1947 454 1973 ού
468 1946 626 1974 κατέλαϐενί
641 1955 650 1972 ›
667 1946 764 1982 Εὖροις
779 1946 800 1973 δ’
815 1946 848 1973 ἂν
861 1945 895 1972 τὰ
909 1954 962 1972 πα-

179 1992 321 2028 ραπλήσια
336 1992 440 2024 τούτοις
454 1994 500 2020 καὶ
518 1993 547 2019 ἐν
566 1992 680 2028 εἰκοστῷ
697 1992 796 2028 πρώτῳ
810 1991 919 2027 ψαλμῷ,
934 1993 963 2019 ὲν

177 2039 220 2075 τῷ
237 2039 316 2067 πάλιν
328 2040 360 2066 ἐκ
373 2039 420 2066 τοῦ
438 2039 518 2067 αὑτοῦ
533 2039 655 2066 λέλεκται
670 2037 813 2074 προσώπου
824 2047 830 2053 ·
859 2048 868 2063 ι
883 2039 964 2074 Περι-

178 2085 339 2112 εκύκλωσάν
351 2094 384 2121 με
397 2085 490 2120 μόσχοι
503 2085 603 2117 πολλοὶ,
615 2084 710 2120 ταῦροι
723 2085 812 2116 πίονες
823 2085 963 2120 περιέσχον

179 2140 227 2167 με.
244 2131 370 2165 Ἥνοιξαν
389 2131 432 2158 ἐπ’
449 2131 499 2167 ἐμὲ
523 2131 553 2157 τὺ
571 2131 658 2166 στόμα
680 2130 778 2162 αὑτῶν,
802 2131 839 2162 ὼς
861 2130 928 2157 λέων
949 2131 964 2157 ό

177 2176 312 2214 ἁρπάζων
329 2177 375 2203 καὶ
393 2176 559 2213 ὼρυόμενος·
580 2185 590 2202 t
614 2176 660 2202 καὶ
678 2176 771 2202 πάλιν·
790 2184 799 2200 ι
819 2175 878 2202 ’Ότι
899 2175 963 2201 ἐκύο

177 2222 288 2249 κλωσάν
311 2231 344 2258 με
360 2222 440 2254 κύνες
461 2222 562 2254 πολλοὶ,
581 2221 723 2257 συναγωγὴ
742 2221 963 2257 πονηρευομένων

977 1600 999 1630 C

1016 990 1100 1017 usque
1114 982 1147 1009 ad
1163 986 1404 1014 mortem,manele
1417 983 1460 1010 hic
1471 987 1497 1010 et
1504 984 1613 1018 vigilate
1627 991 1731 1011 mecum
1743 984 1793 1011 ⁸⁵.»

1016 1024 1047 1050 Ει
1062 1032 1157 1052 rursus
1174 1034 1180 1051 :
1199 1034 1208 1050 ‹
1229 1024 1306 1051 Nunc
1318 1025 1410 1051 anima
1426 1032 1484 1051 mea
1502 1026 1662 1053 conturbata
1675 1030 1716 1054 est
1730 1026 1762 1053 δ’.
1782 1035 1794 1053 ι

1014 1069 1094 1106 473
1107 1069 1213 1096 Similia
1229 1077 1347 1104 namque
1361 1070 1403 1097 his
1417 1074 1481 1097 sunt
1494 1072 1587 1104 etiam,
1599 1079 1660 1107 qua:
1674 1072 1795 1107 psalmus

1015 1117 1058 1144 hic
1075 1116 1206 1147 continet,
1232 1116 1279 1143 ubi
1298 1117 1337 1143 sic
1362 1117 1420 1145 ait:
1448 1116 1525 1143 tCor
1539 1125 1627 1144 meum
1648 1118 1796 1145 conturba-

1014 1166 1072 1188 tum
1088 1162 1167 1189 estin
1179 1169 1232 1193 me,
1247 1166 1274 1188 et
1286 1161 1403 1189 formido
1416 1162 1512 1189 mortis
1527 1163 1625 1189 cecidit
1640 1171 1722 1197 super
1741 1171 1794 1196 me,

1013 1213 1040 1235 et
1061 1211 1243 1234 contexerunt
1259 1215 1301 1235 me
1328 1209 1464 1236 tenebrze:
1482 1218 1490 1234 ›
1507 1209 1607 1244 quibus
1622 1209 1713 1237 verbis
1729 1217 1796 1236 con.-

1014 1253 1156 1280 trariarum
1166 1257 1329 1288 potestatum
1341 1258 1455 1281 conatus
1463 1254 1605 1281 adversum
1614 1262 1642 1281 se
1649 1254 1793 1290 signiﬁcat.

1014 1298 1248 1331 Quemadmodum
1267 1300 1338 1326 enim
1354 1300 1380 1326 in
1395 1300 1543 1334 prophetiis
1563 1300 1721 1326 nominatur
1735 1300 1796 1334 qui-

1014 1344 1075 1372 dem
1096 1345 1210 1379 spiritus
1234 1345 1434 1377 fornicationis,
1463 1349 1490 1372 ut
1507 1350 1548 1374 est
1572 1346 1656 1373 illud:
1672 1355 1680 1371 ι
1697 1346 1794 1381 spiritu

1014 1389 1203 1418 fornicationis
1219 1391 1422 1423 aberravernnt,
1437 1391 1459 1407 ⁵⁰
1473 1401 1482 1417 ι
1501 1396 1527 1418 et
1537 1392 1607 1419 alius
1623 1392 1737 1426 spiritus
1749 1399 1796 1419 er-

1013 1436 1085 1464 roris
1100 1436 1127 1463 in
1143 1437 1262 1468 deserto,
1286 1437 1323 1463 ita
1336 1437 1417 1464 etiam
1442 1437 1553 1471 spiritus
1575 1437 1656 1464 fuerit
1672 1437 1795 1465 formidi-

1014 1491 1075 1511 nem
1091 1485 1186 1511 mortis
1202 1483 1320 1511 elliciens
1338 1493 1344 1511 :
1362 1491 1428 1511 sane
1444 1487 1471 1510 ut
1487 1484 1568 1511 etiam
1586 1484 1697 1518 spiritus
1713 1483 1794 1511 robo-

1014 1530 1062 1562 ris,
1092 1534 1118 1557 et
1144 1530 1287 1564 potentia,
1310 1534 1338 1558 et
1363 1530 1530 1557 fortitudinis
1555 1530 1630 1564 ejus,
1657 1538 1717 1564 quae
1741 1529 1796 1557 Deo

1015 1577 1102 1604 aliena
1126 1585 1182 1604 non
1209 1581 1262 1611 est,
1283 1581 1388 1605 auctor.
1412 1577 1501 1610 Quare
1524 1577 1564 1604 sic
1587 1577 1667 1604 etiam
1690 1577 1797 1604 dicetur

1015 1623 1127 1658 spiritus
1141 1624 1247 1650 timoris
1267 1630 1298 1650 ac
1312 1623 1448 1652 tremoris.
1466 1627 1492 1650 et
1507 1631 1603 1650 rursus
1617 1623 1687 1650 alius
1699 1626 1796 1657 praeter

1015 1668 1074 1701 bos,
1098 1668 1212 1703 spiritus
1239 1668 1345 1695 timoris
1363 1672 1389 1695 et
1413 1667 1594 1699 confusionis,
1615 1667 1661 1702 qui
1685 1667 1795 1702 quidem

1014 1722 1099 1749 paruo,
1109 1718 1139 1741 ut
1154 1714 1190 1741 ita
1205 1713 1330 1746 dixerim,
1349 1721 1444 1741 omnes
1461 1719 1575 1741 mortem
1588 1721 1637 1748 pro
1651 1721 1714 1741 vera
1731 1714 1796 1741 reli-

1013 1760 1092 1795 gione
1115 1760 1265 1787 testimonii
1286 1760 1375 1795 gratia
1399 1760 1557 1792 subeuntes,
1582 1759 1710 1786 invadere
1728 1767 1796 1786 con-

1014 1812 1170 1837 sueverunt,
1183 1813 1214 1832 ae
1222 1805 1308 1832 multo
1318 1805 1399 1832 etiam
1411 1805 1497 1839 magis
1510 1804 1641 1839 longeque
1655 1805 1796 1831 vehemen-

1015 1851 1066 1879 tius
1080 1851 1155 1878 illum
1170 1850 1290 1886 aggressi
1308 1854 1382 1882 sunt,
1398 1850 1444 1884 qui
1460 1857 1510 1884 pro
1525 1849 1653 1876 omnibus
1680 1853 1794 1875 mortem

1014 1897 1143 1925 sustinuit
1158 1907 1165 1924 :
1181 1901 1366 1925 verumtamen
1387 1896 1444 1923 sive
1464 1895 1577 1930 spiritus
1597 1894 1750 1922 formidinis
1767 1898 1794 1922 et

1014 1944 1120 1976 mortis,
1135 1943 1192 1970 sive
1207 1943 1313 1970 timoris
1328 1945 1355 1969 et
1368 1942 1504 1973 tremoris,
1519 1942 1576 1968 sive
1593 1941 1644 1968 alia
1661 1941 1793 1976 quaepiam

1013 1989 1136 2024 ejusdem
1147 1989 1256 2024 generis
1270 1992 1391 2023 potestas
1405 1987 1481 2014 illum
1495 1987 1590 2014 adorta
1606 1992 1657 2020 est,
1672 1994 1703 2013 ea
1719 1986 1794 2013 illum

1014 2044 1069 2063 non
1084 2035 1229 2070 confregit,
1249 2039 1394 2069 propterea
1407 2033 1479 2069 quod
1499 2038 1628 2068 tanquam
1646 2039 1795 2067 generosus

1013 2085 1142 2112 certator,
1164 2080 1338 2107 formidinem
1359 2079 1467 2114 quidem
1490 2078 1607 2110 mortis,
1631 2077 1795 2104 confidentia

1013 2126 1076 2153 vita:
1094 2125 1164 2160 (ipse
1183 2125 1255 2152 enim
1281 2124 1358 2158 vita),
1378 2123 1474 2158 procul
1487 2123 1659 2150 deturbatum
1683 2121 1794 2156 abjecit.

1013 2171 1102 2198 Alium
1122 2174 1213 2198 autem
1238 2170 1284 2205 qui
1308 2170 1396 2204 ipsum
1418 2169 1481 2196 item
1507 2169 1645 2195 invaserat
1669 2167 1794 2202 spiritum

1014 2217 1120 2245 timoris
1131 2221 1158 2244 et
1168 2216 1296 2244 tremoris
1309 2216 1479 2246 efficientem,
1494 2215 1592 2250 spiritu
1612 2212 1794 2244 confidentiae,

179 2268 324 2304 περιέσχον
341 2276 390 2303 με·
411 2277 421 2293 υ
439 2267 486 2294 καὶ
506 2265 582 2299 αὖθις
595 2276 602 2282 ·
621 2277 630 2293 ‹
647 2267 743 2294 Ῥῦσαι
757 2267 811 2293 ἀπὸ
828 2266 963 2302 ῥομφαίας
979 2266 1000 2293 l)

979 2266 1000 2293 1)
1014 2268 1041 2291 et
1055 2263 1192 2300 potentia,
1207 2267 1235 2290 et
1253 2263 1370 2296 roboris,
1388 2263 1546 2297 longissime
1562 2269 1576 2288 a
1596 2269 1625 2289 se
1644 2261 1795 2295 praecipita-

175 2315 232 2350 τὴν
255 2313 342 2349 ψυχήν
363 2323 424 2350 μου,
447 2314 493 2340 καὶ
510 2315 542 2340 ὲκ
557 2314 646 2349 χειρὸς
670 2314 749 2345 κυνὸς
764 2313 812 2348 τὴν
833 2312 963 2348 μονογενῆ

179 2368 243 2396 μου.
259 2359 348 2387 Σῶσόν
363 2369 396 2395 με
412 2361 444 2386 ὲκ
465 2360 596 2395 στόματος
609 2360 724 2392 λέοντος,
739 2360 785 2386 καὶ
806 2358 859 2386 ἀπὸ
881 2358 964 2394 κερά-

177 2414 235 2433 των
253 2405 443 2441 μονοκρώτων
457 2406 505 2440 τὴν
520 2405 681 2433 ταπείνωσίν
696 2414 756 2440 μου.
775 2415 783 2430 ι
800 2404 897 2439 Σαφῶς
910 2404 964 2439 γὰρ

177 2452 211 2478 ὲν
222 2451 327 2483 τούτοις
340 2451 469 2487 δυνάμεις
485 2451 615 2487 πονηρὰς,
630 2450 757 2486 ταύρους,
774 2451 820 2477 καὶ
837 2451 960 2486 μόσχους,

178 2496 230 2524 καὶ
249 2496 366 2530 λέοντας,
382 2498 428 2524 καὶ
443 2497 536 2529 κύνας,
550 2498 595 2524 καὶ
617 2497 803 2532 μονοκέρωτας
821 2496 961 2528 ἀποκαλεῖ,

177 2542 210 2570 αἶ
227 2542 370 2578 περιέσχον
387 2543 435 2578 μὲν
448 2543 527 2569 αὑτὸν
542 2543 589 2569 καὶ
601 2541 822 2578 περιεκύκλωσαν
839 2541 907 2567 κατὰ
918 2541 962 2567 τὸν

176 2588 228 2615 τοῦ
247 2587 348 2620 πάθους
368 2589 450 2615 αὐτοῦ
467 2588 571 2624 καιρὸν,
588 2589 618 2614 οὐ
638 2588 691 2623 μὴν
712 2588 758 2614 καὶ
776 2586 922 2622 ἐνεργῆσαι
937 2595 963 2612 τι

178 2634 242 2661 κατ’
257 2634 337 2660 αὑτοῦ
352 2634 517 2669 δεδύνηνται.
530 2634 583 2659 Καὶ
597 2633 683 2660 ταῦτα
699 2633 757 2667 μὲν,
775 2633 799 2658 εἰ
814 2632 861 2658 καὶ
876 2631 961 2658 ταῦτα

177 2678 227 2706 τοῦ
250 2678 356 2714 ψαλμοῦ
381 2679 416 2706 τὰ
436 2679 506 2714 μέρη
527 2679 573 2705 ἐπὶ
593 2678 638 2704 τὸν
663 2677 777 2712 Σωτῆρα
800 2677 847 2703 καὶ
861 2676 961 2712 Κύριον

178 2724 260 2761 ἡμῶν
272 2724 397 2759 ἀνάγοιτο
409 2733 415 2740 ·
431 2725 454 2750 εί
467 2725 495 2751 δὲ
514 2724 550 2760 μὴ
570 2723 612 2749 ἐπ’
627 2723 718 2754 αὑτὸν,
735 2721 792 2748 ἁλλ’
809 2722 850 2756 ἐφ’
870 2722 962 2756 ἕτερον

178 2770 342 2805 πρόσωπον,
366 2770 523 2804 ἐπιστήσεις
545 2769 592 2795 καὶ
619 2767 698 2798 αὐτὸς
719 2767 756 2798 ὡς
780 2766 813 2793 ἂν
839 2766 962 2801 ἐξομαλι-

180 2813 279 2842 σθέντα
292 2812 328 2840 τὰ
339 2813 408 2840 κατὰ
426 2813 471 2840 τὸν
487 2813 576 2840 τόπον.
599 2811 672 2846 Πλὴν
685 2810 752 2837 ἀλλὰ
772 2812 819 2838 καὶ
834 2811 898 2846 περὶ
913 2811 962 2846 τῆς

1014 2310 1053 2337 vit
1073 2308 1328 2344 :quandoquidem,
1354 2313 1383 2335 ut
1405 2312 1447 2335 est
1470 2307 1540 2342 apud
1562 2307 1670 2338 isaiam,
1692 2305 1795 2341 quievit

1015 2363 1098 2390 super
1116 2363 1178 2383 eum
1196 2363 1251 2382 una
1263 2362 1325 2382 cum
1341 2354 1403 2382 aliis
1417 2354 1570 2388 spiritibus,
1582 2354 1662 2380 etiam
1679 2352 1794 2387 spiritus

1016 2402 1124 2429 consilii
1147 2405 1174 2429 et
1191 2402 1371 2431 fbrtitudinis.
1389 2400 1435 2428 Sic
1458 2408 1540 2435 porro
1563 2401 1644 2427 etiam
1667 2399 1793 2433 spiritum

1015 2448 1188 2475 tenebrarum
1199 2447 1301 2482 proprii
1317 2447 1426 2474 luminis
1443 2446 1469 2473 vi
1484 2446 1636 2480 dissipavit,
1654 2449 1793 2478 propterea

1015 2493 1086 2528 quod
1104 2502 1113 2519 ι
1133 2493 1178 2520 lux
1191 2493 1219 2520 in
1235 2492 1354 2520 tenebris
1371 2493 1452 2524 lucet,
1468 2496 1495 2519 et
1520 2492 1637 2518 tenebrm
1659 2497 1718 2516 eam
1739 2497 1794 2516 non

1015 2538 1320 2574 comprehenderunt".
1337 2548 1346 2564 ι
1364 2538 1509 2569 Caeterum,
1530 2537 1573 2564 his
1593 2536 1690 2564 similia
1711 2536 1792 2562 etiam

1016 2585 1043 2611 in
1057 2584 1188 2619 vigesimo
1207 2584 1294 2618 primo
1312 2584 1417 2618 psalmo
1434 2582 1555 2609 invenire
1569 2581 1681 2616 poteris,
1697 2581 1724 2607 in
1739 2588 1793 2614 quo

1013 2637 1047 2657 ex
1062 2629 1183 2664 ejusdem
1199 2636 1315 2664 persona
1330 2636 1425 2656 rursus
1438 2627 1503 2655 illud
1518 2628 1620 2654 dictum
1634 2630 1676 2654 est
1689 2636 1696 2654 ε
1712 2636 1721 2652 ε
1733 2626 1793 2653 Cir-

1014 2675 1212 2702 eumdederunt
1232 2683 1275 2702 me
1289 2675 1367 2702 vituli
1383 2674 1458 2701 multi
1475 2683 1481 2701 :
1495 2674 1565 2700 tauri
1590 2674 1703 2708 pingues
1717 2673 1794 2701 obse-

1013 2719 1111 2747 derunt
1126 2728 1178 2747 me.
1191 2720 1363 2755 Aperuerunt
1378 2727 1459 2754 super
1474 2727 1515 2746 me
1528 2727 1559 2747 os
1572 2726 1651 2746 suum
1667 2719 1738 2746 sicut
1751 2719 1792 2746 leo

1014 2765 1124 2801 rapiens
1138 2769 1165 2792 et
1182 2766 1292 2800 rugiens
1303 2766 1336 2792 ⁶¹.
1355 2777 1364 2792 ι
1387 2765 1420 2791 Et
1435 2772 1552 2792 rursus:
1568 2774 1577 2790 ι
1594 2764 1727 2797 Quoniam
1739 2764 1793 2791 cir—

1014 2811 1210 2838 cumdederunt
1225 2819 1268 2838 me
1282 2818 1365 2838 canes
1379 2811 1455 2838 multi
1467 2819 1472 2836 :
1482 2811 1626 2838 concilium
1641 2810 1793 2846 malignan-

216 2904 238 2924 ι·
257 2902 352 2931 Matth.
371 2911 450 2937 xm,
468 2903 512 2931 58.
551 2903 572 2922 δ’
591 2902 669 2933 Joan.
685 2911 740 2937 ιιι,
756 2903 801 2931 27.
839 2903 862 2920 ⁸ο
883 2903 945 2931 Ose.
962 2893 1006 2936 Iv,
1021 2902 1045 2929 ιε

839 2903 862 2920 ⁸⁸
883 2903 945 2931 Ose.
962 2893 1006 2936 Iv‘,
1021 2902 1063 2929 12.
1101 2902 1122 2918 ἰ
1142 2901 1220 2930 Joan.
1238 2910 1263 2937 I,
1280 2902 1306 2930 5.
1345 2903 1366 2919 "
1386 2901 1458 2930 Psal.
1478 2910 1536 2935 ut,
1555 2902 1598 2938 15,
1614 2901 1655 2929 Η.
