2099 3217
342 198 397 227 735
670 195 806 223 EL'SEBII
825 194 1066 223 CESARIENSIS
1083 194 1159 224 OPP.
1179 194 1270 222 PARS
1290 193 1323 222 11.
1345 208 1381 214 -
1399 191 1648 221 APOLOGETICA.
1915 191 1966 219 736

340 257 410 285 tium
427 256 535 284 obsedit
550 263 594 283 me
604 255 638 282 ⁸³.
656 265 665 282 ι
682 255 714 282 Et
727 263 843 283 rursus:
863 264 873 281 ι
890 253 962 282 Erue
976 263 992 282 a
1013 254 1128 288 framea,
1144 259 1167 287 Α

1144 259 1167 287 Α
1182 254 1236 281 τῶν
1257 253 1391 281 Ἰουδαίων
1405 252 1606 289 μητροπόλεως,
1619 251 1706 286 αὐτῆς
1720 250 1752 286 δὴ
1765 250 1815 285 τῆς
1831 250 1966 286 Ἰερουσα-

302 307 305 311 ·
341 301 425 334 Deus,
449 301 567 328 animam
585 308 683 333 meam,
707 304 735 328 et
756 300 791 328 de
815 307 897 327 manu
917 301 995 328 canis
1016 300 1125 328 unicam

1178 300 1244 336 λὴμ,
1259 299 1411 330 ἀκολούθως
1425 299 1493 334 μετά
1504 298 1551 333 τὴν
1565 297 1635 325 κατά
1649 297 1702 324 τῶν
1717 296 1964 324 ἐπιϐουλευσάντων

340 354 440 375 meam.
459 345 540 373 Salva
555 353 599 373 me
613 354 647 373 ex
666 353 714 374 ore
731 346 828 378 leonis,
841 350 867 373 et
882 353 897 372 a
912 345 1044 373 cornibus
1062 345 1125 372 uni—

1178 346 1253 382 αὑτῷ
1279 345 1429 381 πρόρρησιν
1454 344 1573 378 ἐπιλέγει
1598 344 1678 378 ἑξῆς”
1707 352 1716 368 ι
1742 341 1818 369 Εἶδον
1849 343 1963 378 ἀνομίαν

340 393 466 420 cornium
495 392 676 420 humilitatem
702 401 791 420 meam
806 393 840 420 ".
857 403 866 419 ι
894 393 979 420 Plane
1000 393 1071 420 enim
1097 392 1126 419 in

1178 393 1226 420 καὶ
1249 392 1402 427 ἀντιλογίαν
1423 392 1451 418 ὲν
1467 393 1498 426 τῇ
1517 391 1590 417 πόλει
1603 399 1609 404 ·
1631 399 1640 415 ι
1662 389 1709 416 καὶ
1724 389 1758 416 τὰ
1773 389 1876 420 τούτοις
1896 388 1963 416 ἀκό-

338 439 382 466 his
407 438 542 474 malignas
564 443 724 474 potestates,
746 442 899 471 taurorum,
924 443 952 466 et
965 438 1124 470 vitulorum,

1176 438 1268 470 λουθα,
1281 439 1298 466 ἃ
1311 438 1358 466 καὶ
1370 437 1465 469 ὁποίας
1477 437 1566 472 ἔχεται
1583 435 1700 467 διανοίας
1713 435 1742 462 ού
1756 435 1804 462 νῦν
1818 435 1898 471 σχολὴ
1921 434 1961 462 δι-

337 488 366 512 et
385 484 506 517 leonum,
534 488 562 512 et
585 492 695 517 canum,
720 488 747 512 et
770 485 942 512 unicornium
967 484 1125 512 nominibus
1175 485 1310 521 ηγεϊσθαι.

338 531 469 566 appellat,
492 539 553 566 qua
571 532 681 566 quidem
709 532 785 559 illum
807 532 859 560 sub
875 533 964 568 ipsum
991 532 1130 568 passionis
1148 537 1256 568 tempus
1276 532 1443 560 obsederunt
1463 538 1495 558 ac
1522 529 1775 561 circumdederunt,
1799 527 1882 564 474
1907 535 1963 556 non

337 580 429 604 tamen
451 578 533 604 etiam
561 578 663 612 aliquid
696 578 802 606 elllcere
835 584 930 607 contra
963 580 1039 607 illum
1065 583 1223 615 potuerunt.
1254 579 1287 607 Et
1314 580 1372 607 haec
1405 579 1514 614 quidem
1539 577 1618 605 talem
1643 576 1760 604 habeant
1778 576 1921 606 rationem,
1939 575 1964 604 si

337 622 419 649 modo
433 623 515 650 etiam
533 623 573 651 lia:
597 625 693 659 psalmi
713 630 813 660 partes,
840 626 873 653 ad
902 626 1070 654 Salvatorem
1091 627 1291 663 Dominumque
1321 630 1446 654 nostrum
1475 625 1644 652 referantur.
1669 622 1746 656 Quod
1761 623 1784 650 si
1807 629 1862 649 non
1883 621 1917 648 ad
1931 621 1964 648 il-

337 668 403 700 lum,
413 669 459 696 sed
487 670 520 696 ad
545 671 624 697 aliam
649 679 804 705 personam,
825 673 883 707 ipse
903 680 1012 708 quoque
1036 673 1180 708 diligenter
1204 673 1338 704 attendes,
1367 675 1398 699 ut
1417 679 1448 699 ea
1466 678 1526 706 quae
1543 670 1577 697 ad
1606 670 1694 704 ipsum
1712 668 1784 695 hunc
1798 667 1886 694 locum
1902 674 1964 702 per.

336 715 436 747 tinent,
460 716 511 743 sibi
535 717 651 744 invicem
672 723 778 752 aequata
807 719 1003 753 respondeant.
1035 718 1228 746 Verumtamen
1258 719 1292 747 de
1314 719 1372 754 ipsa
1393 717 1476 745 etiam
1504 715 1661 743 Judaeorum
1685 715 1804 745 civitate,
1828 713 1862 740 de
1892 713 1963 748 ipsa:

337 762 460 796 inquam,
483 762 646 796 Jerusalem,
672 764 767 791 ordine
790 764 919 800 deinceps
943 769 1004 800 post
1023 765 1183 792 vaticinium
1216 765 1250 793 de
1275 764 1310 792 iis
1343 763 1390 798 qui
1426 762 1540 790 insidias
1562 762 1602 789 illi
1635 761 1762 793 iecerint,
1791 759 1915 794 adjungit
1937 759 1965 785 in

337 809 411 836 hunc
433 810 542 837 modum
558 820 586 838 ει
602 810 662 838 Vidi
679 811 850 846 iniquitatem
872 817 900 840 et
924 812 1168 840 contradictionem
1188 811 1216 840 in
1241 811 1369 840 civitate:
1385 821 1394 836 ι
1408 814 1435 838 et
1457 817 1518 846 quae
1545 813 1707 844 sequuntur,
1730 815 1791 843 quae
1807 814 1863 842 quo
1879 813 1963 834 sensu

337 857 393 884 sint
411 858 580 892 accipienda,
599 866 654 885 non
671 864 714 886 est
731 867 803 887 nunc
819 861 948 887 narrandi
961 864 1079 895 tempus.

337 917 359 943 Α
376 917 479 953 psalmo
492 925 568 944 cvm.
583 933 617 937 —
629 918 695 945 Item
713 919 744 945 de
757 917 840 949 Iuda.
860 923 885 946 et
912 919 944 946 de
966 919 1076 953 su/I'ecto
1098 919 1126 946 in
1140 922 1162 950 Β

1140 922 1162 950 Β
1181 918 1253 945 Ἀπὸ
1273 916 1333 953 τοῦᾷ
1344 915 1466 953 ψαλμοῦ
1483 918 1585 953 ρηιι-
1601 914 1661 953 Ἔτι
1682 912 1747 953 περὶ
1777 912 1830 939 τοῦ
1858 911 1960 953 Ἰούδα,

419 951 505 979 locum
521 953 576 987 ejus
592 953 723 988 apostolo,
744 954 768 980 et
783 954 814 980 de
830 946 903 989 gente
917 946 1043 981 Iudaica.
1141 946 1160 950 ν
1213 961 1248 989 κα

1141 946 1160 950 ⁷
1213 953 1262 989 καὶ
1283 946 1473 989 τοᾷ-εἰς’τὴῂ
1483 946 1586 989 χώραν
1606 946 1962 989 (έῠςςοῦλάητειοίιξχθέντος

1213 982 1397 1018 ἀποστόλου,
1421 982 1470 1012 καὶ
1487 982 1554 1018 περὶ
1571 983 1624 1010 τοῦ
1645 982 1790 1009 Ἰουδαίων
1808 982 1926 1015 ἔθνους.

377 1050 385 1066 1
400 1039 481 1072 Deus,
505 1040 610 1067 laudem
629 1048 716 1067 meam
732 1048 766 1067 ne
786 1040 914 1073 tacueris,
935 1041 998 1076 quia
1010 1049 1041 1069 os
1059 1049 1124 1077 pec-

1214 1053 1223 1070 ι
1240 1045 1270 1071 '0
1284 1043 1359 1075 Θεὸς,
1371 1042 1420 1077 τὴν
1435 1041 1537 1069 αῐνεσίν
1555 1049 1605 1076 μου
1623 1039 1660 1075 μὴ
1676 1039 1905 1075 παρασιωπήσῃς.
1921 1039 1961 1067 ὅτι

336 1085 439 1114 caloris
458 1090 486 1113 et
499 1093 530 1113 os
551 1085 639 1112 dolosi
658 1093 740 1122 super
754 1093 797 1113 tne
819 1090 942 1120 apertum
962 1090 1013 1115 est.
1027 1086 1123 1116 Locuti

1177 1090 1263 1125 στόμα
1278 1087 1439 1125 ἀμαρτωλοῦ
1453 1087 1500 1114 καὶ
1515 1087 1601 1122 στόμα
1612 1085 1697 1112 δολίου
1714 1086 1756 1112 ἐπ’
1775 1084 1824 1120 ἐμὲ
1837 1085 1958 1120 ἠνοίχθη.

337 1134 402 1159 sunt
427 1130 571 1158 adversum
592 1138 634 1158 me
657 1131 749 1166 lingua
770 1131 877 1163 dolosa,
901 1135 927 1159 et
951 1132 1123 1160 sermonibus

1182 1134 1333 1170 Ἐλάλησαν
1354 1134 1415 1160 κατ’
1431 1132 1497 1169 ὲμοῦ
1519 1131 1627 1167 γλώσσῃ
1642 1130 1727 1166 δολίᾳ,
1745 1130 1792 1158 καὶ
1807 1130 1897 1165 λόγοις
1915 1129 1958 1166 μί-

336 1175 393 1203 odii
416 1175 658 1203 circumdederunt
684 1183 748 1208 me,
780 1180 807 1203 et
827 1182 1054 1212 oppugnaverunt
1079 1185 1123 1205 me

1176 1189 1238 1213 σους
1264 1179 1423 1206 ἐκύκλωσαν
1447 1186 1491 1214 με,
1513 1177 1562 1204 καὶ
1586 1177 1757 1212 ἐπολέμησαν
1785 1184 1819 1211 με
1844 1175 1956 1212 δωρεάν.

670 195 806 223 EL'SEBII
825 194 1066 235 CESARIENSIS
1083 194 1159 224 OPP.
1179 194 1270 222 PARS
1290 193 1323 222 11.
1345 208 1381 214 -
1399 191 1499 221 Αροι(

825 194 1066 235 CESARIENSIS
1083 194 1159 224 OPP.
1179 194 1270 222 PARS
1290 193 1323 222 11.
1345 208 1381 214 -
1399 191 1647 221 APOLOGETICA.

336 1222 432 1257 gratis.
447 1221 501 1248 Pro
517 1229 550 1248 eo
565 1224 594 1248 ut
609 1229 652 1248 me
666 1221 821 1256 diligerent,
838 1220 1020 1249 detrahebant
1035 1223 1120 1256 mihi;

335 1274 388 1302 ego
411 1271 501 1293 autem
521 1266 643 1293 orabam.
672 1265 704 1292 Et
729 1270 879 1300 posuerunt
905 1266 1049 1295 adversum
1079 1275 1122 1295 me

336 1312 406 1339 mala
423 1319 472 1346 pro
485 1311 574 1342 bonis,
593 1315 619 1337 et
636 1310 728 1337 odium
746 1318 795 1345 pro
808 1311 953 1338 dilectione
965 1319 1034 1339 mea.
1050 1312 1122 1339 Con-

337 1358 421 1384 stitue
444 1364 527 1391 super
550 1364 612 1383 eum
635 1360 815 1391 peccatorem,
841 1361 868 1384 et
890 1357 1015 1385 diabolus
1036 1362 1088 1386 stet
1106 1365 1121 1385 a

337 1403 442 1430 dextris
464 1402 534 1437 ejus.
551 1401 619 1428 Dum
642 1402 792 1436 judicatur,
813 1406 891 1429 exeat
909 1403 1120 1436 condemnatus,

337 1452 365 1476 et
380 1449 470 1476 oratio
496 1449 556 1482 ejus
579 1447 624 1474 liat
648 1448 676 1474 in
699 1451 852 1482 peccatum.
877 1447 956 1476 Fiant
979 1449 1037 1476 dies
1061 1449 1121 1484 ejus

339 1495 430 1529 pauci,
446 1497 473 1522 et
487 1495 672 1529 episcopatum
687 1494 747 1529 ejus
761 1494 878 1529 accipiat
891 1495 960 1522 alter
969 1495 1002 1523 ".
1020 1506 1029 1521 ι
1043 1495 1120 1528 Quod

337 1543 419 1568 etiam
446 1541 501 1567 lucc
525 1540 558 1567 ad
584 1540 750 1575 proditorem
765 1539 861 1566 Judam
887 1541 941 1568 sint
967 1541 1119 1574 referenda,

338 1587 454 1614 idoneus
469 1594 535 1613 sane
550 1591 609 1614 esto
623 1586 700 1613 testis
715 1586 855 1620 apostolus
871 1585 979 1619 Petrus,
998 1588 1044 1622 qui
1061 1591 1121 1622 post
1136 1604 1158 1634 Ο

340 1633 491 1660 Salvatoris
514 1632 602 1659 nostri
626 1639 780 1663 ascensum,
804 1632 906 1659 coactis
937 1633 963 1658 in
982 1640 1065 1659 unum
1081 1633 1107 1660 lo

338 1687 400 1706 cum
416 1679 547 1713 apostolis
559 1678 697 1709 omnibus,
710 1678 824 1712 aliisque
842 1679 1051 1713 quamplurimis
1066 1678 1122 1705 fra-

339 1725 436 1757 tribus,
454 1725 481 1751 in
503 1724 599 1751 mediis
618 1724 671 1751 illis
688 1724 763 1751 stetit
789 1728 870 1758 atque
892 1725 929 1750 ait
945 1734 950 1751 :
967 1733 975 1748 ι
995 1723 1050 1751 Viri
1067 1724 1122 1751 [ηι-

339 1777 406 1803 tres,
422 1771 543 1805 oportuit
557 1770 661 1805 impleri
680 1768 849 1804 Scripturau.
861 1769 941 1802 hanc,
957 1778 1039 1805 quam
1053 1778 1122 1805 pra:—

338 1818 407 1844 (lixit
428 1816 548 1851 Spiritus
571 1823 682 1844 sanctus
703 1824 751 1851 per
766 1823 796 1843 os
823 1815 906 1842 David
928 1817 962 1843 de
976 1816 1057 1848 Juda,
1075 1817 1121 1852 qui

340 1863 390 1890 luit
405 1863 459 1890 dux
477 1870 571 1890 eorum
585 1862 630 1896 qui
652 1861 916 1896 comprehenderunt
930 1860 1041 1894 Iesum;
1058 1862 1122 1896 quia

339 1913 500 1935 numeratus
520 1912 578 1934 erat
594 1908 748 1940 nobiscum,
771 1911 797 1935 et
817 1908 932 1935 sortitus
946 1912 1005 1935 erat
1022 1912 1122 1935 sortem

339 1954 486 1982 ministerii
512 1955 604 1988 hujus.
630 1953 678 1980 llic
706 1954 788 1988 igitur
818 1953 938 1988 possedit
969 1961 1064 1989 agrum
1089 1954 1123 1981 de

339 2000 464 2028 mercede
488 1999 629 2033 injustitim
644 2007 699 2026 sua:
713 2008 719 2025 ;
731 2004 757 2026 et
773 2007 923 2033 suspensus
936 2000 1043 2034 crepuit
1067 2007 1123 2026 me-

339 2045 412 2077 dius,
437 2048 463 2072 et
482 2044 567 2072 eﬂ'usa
594 2048 657 2072 sunt
680 2046 770 2072 omnia
795 2045 901 2072 viscera
915 2045 985 2079 ejus.
999 2044 1079 2080 475
1092 2044 1124 2071 Et

339 2095 433 2118 notum
461 2090 561 2117 factum
590 2094 630 2118 est
657 2090 784 2117 omnibus
807 2091 993 2117 habitantibus
1013 2090 1124 2118 Jerusa-

339 2137 412 2164 lem:
428 2136 465 2163 ita
492 2141 520 2163 ut
546 2137 727 2171 appellaretur
749 2144 813 2171 ager
836 2136 881 2163 ille
905 2136 997 2171 lingua
1017 2143 1122 2169 eorum,

339 2182 534 2215 Akeldamach,
550 2182 602 2209 hoc
617 2187 668 2213 est,
683 2183 754 2217 Ager
763 2182 910 2217 sanguinis.
928 2182 1068 2217 Scriptum
1082 2184 1124 2208 est

338 2229 410 2256 enim
426 2227 454 2254 in
470 2228 540 2255 libro
554 2227 743 2255 Psalmorum:
760 2237 769 2253 ι
784 2227 844 2254 Fiat
863 2228 1042 2254 commoratio
1063 2226 1124 2262 ejus

1182 1227 1255 1252 ’Δντὶ
1269 1225 1316 1253 τοῦ
1332 1225 1441 1260 ἀγαπᾷν
1458 1233 1503 1259 με,
1521 1223 1685 1251 ὲνδιέϐαλλόν
1701 1231 1749 1258 με’
1764 1222 1820 1257 ἐγὼ
1834 1222 1863 1249 δὲ
1878 1231 1960 1258 προσ-

1173 1271 1307 1307 ηυχόμην.
1325 1271 1381 1298 Kal.
1401 1270 1491 1297 ἔθεντο
1510 1269 1570 1297 κατ’
1585 1269 1652 1305 ὲμοῦ
1670 1269 1744 1296 κακὰ
1764 1268 1826 1295 ἀντὶ
1838 1267 1956 1302 ἀγαθῶν,

1174 1317 1221 1343 καὶ
1237 1318 1313 1352 μῖσος
1327 1315 1388 1343 ἀντὶ
1405 1316 1455 1350 τῆς
1469 1313 1632 1350 ἀγαπήσεως
1645 1322 1706 1349 μου.
1720 1312 1897 1347 Κατάστησον
1914 1312 1958 1339 ἐπ’

1175 1362 1256 1390 αὑτὸν
1271 1362 1440 1398 ἁμαρτωλὸν,
1455 1362 1502 1388 καὶ
1516 1360 1636 1392 διάϐολος
1650 1361 1740 1395 στήτω
1753 1360 1785 1386 ὲκ
1796 1358 1891 1392 δεξιῶν
1907 1359 1957 1386 αὐ-

1174 1407 1233 1434 τοῦ.
1252 1408 1295 1434 Ἐν
1309 1407 1348 1443 τῷ
1364 1407 1502 1443 κρίνεσθαι
1517 1406 1597 1433 αὑτὸν
1610 1405 1710 1438 ἐξέλθοι
1727 1404 1957 1439 καταδεδικασμέ-

1174 1462 1228 1485 νος,
1243 1453 1291 1480 καὶ
1303 1454 1320 1489 ὴ
1336 1453 1471 1489 προσευχὴ
1493 1452 1574 1480 αὑτοῦ
1591 1452 1732 1487 γενηθήτω
1748 1452 1788 1483 είς
1809 1451 1956 1486 ἁμαρτίαν.

1174 1499 1366 1535 Γενηθήτωσαν
1383 1500 1410 1526 al
1428 1500 1528 1535 ἡμέραι
1552 1497 1634 1525 αὑτοῦ
1651 1498 1749 1532 ὀλίγαι.
1770 1498 1817 1524 καὶ
1832 1498 1881 1533 τὴν
1897 1497 1957 1524 ὲπι-

1176 1546 1277 1582 σκοπὴν
1291 1546 1372 1573 αὑτοῦ
1389 1546 1493 1572 λαϐέτω
1508 1546 1610 1581 ἕτερος.
1629 1554 1637 1570 ι
1653 1537 1707 1571 Καὶ
1717 1544 1767 1579 τῆς
1780 1544 1834 1570 τῶν
1849 1551 1959 1579 προκει-

1175 1591 1262 1626 μένων
1278 1592 1324 1618 ὲπὶ
1340 1592 1384 1618 τὸν
1407 1591 1536 1627 προδότην
1557 1590 1654 1617 Ἰούδαν
1670 1589 1809 1626 ἀναφορᾶς
1829 1589 1959 1624 ἐχέγγυος

1174 1637 1277 1673 μάρτυς
1292 1638 1306 1662 ὁ
1327 1637 1472 1669 ἀπόστολος
1489 1636 1599 1673 Πέτρος,
1619 1636 1686 1672 μετὰ
1703 1635 1751 1671 τὴν
1770 1635 1816 1662 τού
1834 1630 1958 1669 Σωτῆρος

1172 1683 1250 1718 ἡμῶν
1267 1683 1397 1718 ἀνάληψιν
1422 1683 1596 1718 συνηγμένων
1614 1682 1668 1709 τῶν
1683 1681 1838 1709 ἀποστόλων
1850 1681 1958 1707 πάντων

1173 1729 1221 1755 σὺν
1244 1729 1290 1755 καὶ
1312 1729 1401 1761 ἄλλοις
1426 1729 1543 1756 πλείοσιν
1563 1728 1697 1763 ἀδελφοῖς,
1725 1727 1806 1763 μέσος
1830 1726 1957 1756 ἀναστὰς,

1173 1775 1219 1800 καὶ
1234 1774 1318 1801 ταῦτα
1335 1776 1421 1810 φήσας
1433 1783 1439 1790 ·
1462 1784 1470 1800 ι
1487 1775 1599 1810 Ἄνδρες
1616 1774 1734 1809 ἀδελφοὶ,
1749 1774 1800 1800 ἔδει
1816 1772 1958 1808 πληρωθῆ-

1172 1829 1215 1847 ναι
1232 1821 1279 1856 τὴν
1296 1821 1415 1856 Γραφὴν,
1431 1821 1463 1856 ἢν
1480 1822 1592 1857 προεῖπε
1604 1819 1635 1846 τὸ
1650 1819 1760 1854 Πνεῦμα
1776 1819 1806 1844 τὸ
1822 1818 1900 1852 ἅγιον
1915 1817 1958 1843 διὰ

1174 1867 1305 1901 στόματος
1330 1866 1411 1892 Δαεὶδ
1432 1867 1495 1902 περὶ
1515 1866 1598 1892 Ἰούδα
1619 1865 1665 1892 τοῦ
1689 1865 1832 1900 γενομένου
1861 1862 1957 1899 ὁδηγοῦ

1173 1913 1228 1942 τοῖς
1246 1911 1419 1938 συλλαϐοῦσιν
1441 1911 1542 1947 Ἰησοῦν
1559 1911 1599 1938 ὅτι
1618 1910 1858 1946 κατηριθμημένος
1875 1907 1908 1944 ἦν
1930 1910 1960 1936 ἐν

1173 1957 1252 1991 ἡμῖν,
1270 1957 1316 1983 καὶ
1333 1956 1410 1991 ἔλαχε
1426 1957 1471 1983 τὸν
1496 1956 1596 1992 κλῆρον
1611 1957 1661 1991 τῆς
1684 1955 1821 1986 διακονίας
1845 1955 1958 1990 ταύτης.

1173 1999 1257 2033 Οὗτος
1273 2002 1322 2037 μὲν
1335 2001 1382 2028 οὖν
1396 2003 1528 2038 ἐκτήσατο
1546 2002 1644 2038 χωρίον
1667 2002 1700 2028 ὲκ
1718 2000 1814 2036 μισθοῦ
1831 2001 1880 2035 τῆς
1900 2000 1959 2026 ἀδι-

1174 2048 1234 2079 κίας
1249 2048 1343 2081 αὐτοῦ,
1368 2048 1414 2074 καὶ
1435 2048 1538 2083 πρηνὴς
1561 2048 1704 2082 γενόμενος
1726 2046 1842 2081 ἐλάκησε
1867 2046 1958 2080 μέσος,

1174 2094 1220 2119 καὶ
1231 2093 1343 2129 ἐξεχύθη
1362 2093 1449 2120 πάντα
1461 2094 1494 2120 τὰ
1510 2093 1651 2128 σπλάγχνα
1664 2092 1755 2119 αὐτοῦ.
1770 2092 1825 2118 Καὶ
1840 2091 1960 2126 γνωστὸν

1175 2139 1283 2173 ἐγένετο
1308 2140 1375 2166 πᾶσι
1397 2141 1453 2170 τοῖς
1475 2139 1644 2166 κατοικοῦσιν
1671 2137 1865 2174 Ἰερουσαλὴμ,
1888 2136 1959 2162 ὥστε

1174 2184 1305 2220 κληθῆναι
1321 2185 1352 2211 τὸ
1367 2185 1465 2221 χωρίον
1487 2185 1575 2211 ὲκεῖνο
1587 2186 1620 2220 τῇ
1644 2184 1696 2220 ἰδίᾳ
1712 2183 1844 2218 διαλέκτῳ
1870 2182 1959 2209 αὐτῶν

1181 2229 1360 2265 Ἀκελδαμὰχ,
1375 2230 1389 2256 ὅ
1403 2230 1460 2256 ἐστι
1476 2230 1582 2265 Χωρίον
1597 2230 1722 2265 αἵματος.
1738 2229 1893 2264 Γέγραπται
1904 2228 1959 2262 γὰρ

338 2274 458 2306 deserta,
474 2278 501 2302 et
525 2283 578 2302 non
595 2275 630 2302 sit
643 2274 691 2309 qui
710 2274 813 2301 habitet
828 2274 856 2300 in
870 2281 913 2306 ea,
933 2278 961 2301 et
980 2274 1123 2309 episcopa-
1138 2274 1160 2302 D

1138 2274 1160 2302 D
1174 2276 1203 2301 ὲν
1215 2275 1297 2310 βίϐλῳ
1311 2275 1443 2311 Ψαλμῶψ
1463 2285 1472 2301 ι
1484 2275 1626 2311 Γενηθήτω
1641 2276 1658 2310 ἡ
1673 2274 1784 2306 ἔπαυλις
1799 2273 1882 2301 αὐτοῦ
1893 2274 1957 2309 ἕρη-

339 2325 396 2348 tum
413 2321 474 2356 ejus
492 2320 608 2355 accipiat
625 2321 694 2347 alter
705 2320 739 2347 ⁸⁸.
756 2329 766 2346 ι
783 2319 882 2347 Petrus
896 2327 961 2347 vero
979 2327 1043 2347 cum
1058 2320 1122 2348 talia

338 2367 464 2400 dixisset,
491 2367 607 2402 subjecit
636 2367 662 2393 iu
691 2366 781 2395 locum
807 2365 883 2393 Iudae
913 2366 996 2393 alium
1020 2366 1123 2394 assumi

338 2417 480 2449 oportere,
505 2421 560 2448 quo
590 2412 733 2440 duodecim
765 2412 950 2446 apostolorum
971 2419 1121 2444 numerus,

338 2459 385 2494 qui
405 2458 559 2486 diminutus
583 2457 680 2490 fuerat.
705 2458 898 2492 compleretur,
924 2461 953 2484 ut
968 2458 1124 2493 .prophetia

340 2512 418 2532 suum
435 2504 514 2532 linem
531 2504 712 2540 contingeret.
738 2504 798 2537 Quo
820 2504 902 2531 etiam
918 2507 1040 2540 tempore
1061 2511 1124 2532 cum

340 2560 400 2579 sors
411 2552 485 2587 jacta
498 2555 582 2582 esset,
596 2559 628 2578 ea
642 2550 740 2578 cecidit
752 2558 834 2585 super
855 2549 1005 2582 Matthiam,
1017 2554 1044 2578 et
1055 2557 1123 2577 con-

341 2603 499 2625 numeratus
512 2601 554 2625 est
571 2605 632 2625 cum
650 2596 794 2624 duodecim
810 2596 953 2632 apostolis.
975 2596 1042 2623 Cum
1065 2597 1122 2624 haec

342 2643 424 2678 igitur
445 2643 471 2670 in
491 2643 564 2671 hunc
590 2643 698 2670 modum
723 2646 833 2678 peracta
856 2643 922 2673 sint,
945 2642 1070 2678 sequitur
1093 2646 1122 2668 ut

341 2696 486 2724 personam
505 2696 565 2723 quae
580 2689 607 2715 in
630 2689 681 2715 hoc
700 2688 806 2723 psalmo
826 2688 958 2722 loquitur,
977 2695 1031 2715 non
1042 2687 1124 2714 aliam

342 2738 403 2758 esse
417 2732 592 2763 arbitremur,
605 2740 688 2767 quam
703 2731 853 2759 Salvatoris
871 2732 970 2762 nostri,
987 2731 1035 2766 qui
1055 2732 1126 2759 assi-

344 2781 450 2809 gnatam
471 2778 522 2804 sibi
537 2785 551 2804 a
565 2777 645 2806 Patre
668 2778 720 2805 sub
742 2778 830 2813 ipsum
856 2778 993 2812 passionis
1018 2782 1125 2813 tempus

343 2823 504 2856 orationem,
523 2824 630 2859 publica
654 2829 730 2852 tanto
747 2828 810 2852 ante
837 2832 884 2859 per
909 2823 1041 2859 Spiritum
1061 2831 1126 2852 san-

1177 2329 1235 2356 μος,
1250 2321 1296 2347 καὶ
1314 2320 1352 2356 μὴ
1369 2320 1437 2346 ἔστω
1451 2321 1464 2347 ό
1477 2320 1609 2347 κατοικῶν
1625 2321 1653 2346 ἐν
1673 2320 1753 2355 αὐτῇ,
1771 2319 1818 2346 καὶ
1833 2319 1883 2354 τὴν
1899 2321 1959 2345 ἑπι-

1175 2365 1278 2401 σκοπὴν
1290 2365 1373 2392 αὑτοῦ
1389 2364 1493 2392 λαϐέτω
1506 2366 1608 2401 ἔτερος.
1625 2375 1635 2391 ι
1649 2365 1742 2392 Ταῦτα
1753 2364 1818 2399 γοῦν
1830 2365 1844 2390 ὁ
1858 2365 1960 2400 Πέτρος

1175 2411 1258 2437 εἰπὼν
1274 2411 1429 2438 ὑποτίθεται
1449 2411 1541 2447 ἕτερον
1556 2412 1616 2438 ἀντὶ
1632 2410 1678 2437 τοῦ
1698 2410 1781 2437 Ἰούδα
1800 2410 1855 2436 δεῖν
1870 2418 1959 2445 παρα-

1175 2457 1266 2484 λαϐεῖν
1281 2458 1321 2489 εἰς
1336 2458 1380 2484 τὸν
1395 2457 1521 2484 λείποντα
1535 2457 1589 2484 τῶν
1605 2456 1706 2483 δώδεκα
1732 2456 1888 2483 ἀποστόλων
1899 2456 1960 2490 ἀρι-

1175 2502 1253 2538 θμὸν,
1269 2503 1343 2534 ὅπως
1358 2503 1486 2539 πληρωθῇ
1503 2503 1533 2530 τὸ
1548 2503 1598 2538 τῆς
1608 2502 1784 2538 προφητείας,
1800 2502 1875 2533 Ὅτε,
1891 2501 1960 2536 κλή-

1175 2558 1222 2585 ρου
1246 2549 1402 2584 γενομένου,
1420 2549 1515 2576 ἔπεσεν
1531 2549 1546 2575 ὁ
1563 2548 1663 2584 κλῆρος
1684 2549 1729 2575 ἐπὶ
1751 2547 1886 2578 Ματθίαν,
1912 2546 1960 2574 καὶ

1177 2595 1414 2630 σογκατεψηφίσθη
1433 2595 1501 2630 μετὰ
1514 2594 1567 2622 τῶν
1589 2594 1691 2621 δώδεκα
1706 2593 1872 2620 ἀποστόλων.
1890 2592 1959 2619 Τού-

1175 2649 1228 2667 των
1239 2640 1323 2672 οὖτως
1336 2640 1555 2672 ἐκτελεσθέντων,
1571 2640 1722 2671 ἀκολούθως
1737 2639 1769 2666 ἂν
1781 2639 1823 2675 εἴη
1840 2639 1871 2665 τὸ
1882 2638 1959 2672 λέγον

1174 2688 1203 2713 ὲν
1225 2686 1264 2721 τῷ
1289 2685 1387 2722 ψαλμῷ
1412 2687 1555 2722 πρόσωπον
1575 2686 1623 2721 οὐχ
1649 2686 1740 2721 ἓτερον
1759 2685 1807 2711 τοῦ
1833 2684 1958 2719 Σωτῆρος

1174 2732 1263 2768 ἡμῶν,
1281 2732 1309 2764 ὃς
1325 2731 1363 2767 τῷ
1383 2733 1469 2768 Πατρὶ
1484 2732 1531 2768 τὴν
1547 2732 1770 2767 ἀναπεμφθεῐσαν
1786 2729 1861 2765 αὐτῷ
1885 2728 1959 2764 παρὰ

1175 2778 1220 2805 τὸν
1232 2777 1278 2804 τοῦ
1293 2777 1394 2810 πάθους
1409 2778 1502 2814 καιρὸν
1518 2777 1598 2813 εὐχὴν
1610 2778 1658 2814 τῆς
1671 2777 1713 2804 διὰ
1727 2776 1774 2803 τοῦ
1783 2776 1862 2810 ἁγίου
1875 2774 1958 2801 Ilva}-

1179 2834 1261 2860 ματος
1284 2825 1444 2860 ἀναγραφῆς
1466 2823 1607 2860 προλαϐὼν
1632 2821 1792 2858 κατηξίωσε,
1812 2821 1842 2848 τὸ
1864 2820 1960 2856 μέλλον

381 2912 403 2927 ³³
426 2911 496 2939 Psal.
514 2921 569 2946 ni,
591 2913 632 2940 l7.
672 2914 693 2930 "
714 2913 778 2941 ibid.
795 2913 894 2946 2i,‘2:‘..
935 2914 956 2928 "
976 2913 1047 2940 Psal.
1067 2921 1148 2943 cun,
1164 2912 1223 2940 2—8.
1261 2913 1283 2929 "
1303 2912 1361 2939 Act.
1381 2920 1405 2946 ι,
1423 2911 1515 2940 ιο-ῑο.
