2099 3217
164 217 218 244 737

604 217 929 246 DEMONSTRATIONIS
949 217 1178 246 EVANGELiCzE
1199 216 1308 245 ωαχ.

1732 217 1785 246 758

163 273 229 311 περὶ
243 272 326 301 αὑτοῦ
344 273 530 310 συμϐήσεσθαι
546 274 687 307 θεσπίσας.
704 275 787 311 Φησὶν
803 273 867 302 οὖν·
886 285 896 300 ‹
921 276 949 302 '0

999 280 1072 303 ctum
1090 276 1275 311 descriptione
1296 275 1435 311 dignatus,
1452 275 1525 311 quod
1549 275 1601 303 sibi
1619 283 1671 303 usu
1692 279 1786 304 ventu-

161 321 239 353 Θεὸς,
260 321 310 356 τὴν
326 321 427 348 αῐνεσίν
446 329 496 356 μου
515 321 552 357 μὴ
566 322 793 357 παρασιωπήσῃς,
808 331 818 347 ι
835 321 884 357 τὴν
901 321 945 348 ὑπ’

161 366 245 396 αὑτοῦ
268 367 462 403 παραδοθεῖσαν
483 369 538 399 τοῖς
559 368 640 394 αὑτοῦ
668 367 800 404 μαθηταῖς
821 367 948 395 διδασκα-

160 414 232 447 λίαν,
249 414 297 442 καὶ
308 414 358 448 τῆς
373 414 469 449 καινῆς
483 414 620 450 Διαθήκης
634 414 683 450 τὴν
703 414 804 442 αῖνεσιν
821 423 946 451 παρακα-

160 459 217 487 λῶν
244 460 282 496 μὴ
308 460 549 496 κατασιγασθῆναι,
579 460 646 488 ἀλλὰ
673 461 720 488 καὶ
746 462 786 493 είς
810 461 855 488 τὸν
884 461 947 497 ἑξῆς

160 505 269 534 ἅπαντα
284 506 368 533 αἰῶνα
385 501 552 542 παραμεῖναι
563 506 603 542 τῷ
619 507 676 543 βίῳ.
697 516 706 533 ι
718 507 809 543 Στόμα
819 507 847 534 δὲ
860 508 948 544 ἁμαρ-

158 552 247 579 τωλοῦ
264 553 311 579 καὶ
327 553 413 588 στόμα
427 552 511 580 δολίου
532 563 541 579 ι
554 554 656 589 κυρίως
680 553 713 580 ἂν
729 553 835 589 λεχθείη
851 554 881 580 τὺ
899 553 945 580 τοῦ

166 598 261 631 Ἰούδα,
279 598 308 630 ὃς
329 598 471 634 πορευθεὶς
486 599 553 635 πρὸς
576 600 638 632 τοὺς
654 600 790 636 ἀρχιερεῖς
804 598 880 627 εἶπεν
899 601 947 627 αύ-

158 646 217 677 τοῖς
229 654 235 660 ·
255 655 264 671 ι
281 645 313 672 Τί
329 645 419 672 θέλετέ
433 655 478 681 μοι
492 646 592 678 δοῦναι,
610 645 688 680 κάγὼ
707 647 770 682 ὑμῖν
792 646 946 682 παραδώσω

158 691 242 718 αὐτόν
254 700 261 723 ς
274 692 304 718 Οἱ
319 692 347 718 δὲ
359 692 474 728 ἔστησαν
486 692 560 728 αὐτῷ
573 693 718 729 τριάκοντα
732 693 876 728 στατῆρας.
891 693 946 720 Καὶ

159 737 215 764 ἀπὸ
230 737 290 764 τότε
303 736 392 773 ἐζήτει
407 738 559 775 εὐκαιρίαν,
574 739 615 765 ἵνα
630 738 709 766 αὺτὸν
723 738 861 774 παραδῷ.»
884 739 944 765 Τοι-

159 780 232 810 αῦτα
242 783 307 818 γοῦν
321 784 380 810 κατ’
403 783 484 810 αὑτοῦ
507 784 678 820 συνθέμενος,
696 781 735 816 εἷς
754 783 787 820 ἦν
807 783 862 811 τῶν
878 783 946 820 μετὰ

158 827 246 855 ταῦτα
262 829 309 855 σὺν
326 829 398 864 σὺτῷ
414 830 598 865 ἀνακειμένων
613 831 640 857 ὲν
651 830 689 866 τῷ
702 831 748 857 τοῦ
764 831 860 866 Πάσχα
878 839 946 866 συμ-

159 874 261 909 ποσίῳ,
277 875 318 901 ἅτε
336 875 382 901 καὶ
398 875 478 907 αὐτὸς
495 877 509 902 ὁ
530 875 624 911 Σωτὴρ
640 876 716 911 ἡμῶν
735 876 856 903 ἀνέκειτο
877 876 945 911 μετὰ

159 920 215 947 τῶν
241 920 352 952 δώδεκα,
378 921 519 948 ἐσθιόντων
544 931 573 948 τε
598 921 686 948 αὐτῶν
709 921 799 949 εἶπεν
829 933 838 948 ι
861 923 944 959 ’Λμὴν

1000 329 1060 349 rum
1071 326 1140 354 erat,
1152 322 1260 350 cecinit.
1277 321 1321 349 Ait
1332 321 1420 357 igitur
1432 331 1438 350 :
1455 331 1464 348 (
1480 322 1565 354 Deus,
1578 321 1684 349 laudem
1697 330 1786 350 meam

1000 375 1034 395 ne
1056 367 1193 395 tacueris:
1211 377 1220 392 )
1237 367 1284 395 ubi
1301 368 1429 395 videlicet
1451 367 1604 395 doctrinam
1630 375 1712 402 quam
1728 369 1787 403 ipse

1000 411 1058 439 suis
1072 411 1214 447 discipulis
1231 412 1326 444 tradit,
1346 417 1373 439 et
1397 412 1504 439 laudem
1526 413 1589 439 novi
1605 411 1785 445 Testamenti,

1000 467 1055 487 non
1077 467 1138 487 esse
1154 459 1329 494 premendam
1355 459 1464 486 silentio
1487 458 1660 492 exhortatur,
1690 458 1737 486 sed
1758 459 1787 487 in

1000 513 1081 533 omne
1101 505 1223 533 futurum
1247 513 1335 532 :evum
1357 505 1391 531 ad
1410 504 1473 531 vitae
1496 504 1621 532 humana;
1639 504 1785 532 utilitatem

1000 559 1168 587 permanere.
1188 561 1196 577 I
1207 551 1244 578 Os
1259 555 1349 578 autem
1361 551 1526 586 peccatoris,
1536 555 1563 578 et
1574 558 1606 578 os
1614 551 1712 583 dolosi,
1725 560 1736 577 ι
1754 559 1787 578 os

1000 598 1086 633 ipsius
1105 597 1182 625 ludas
1211 597 1321 633 proprie
1347 597 1528 624 nominaverit
1551 597 1708 632 quispiam,
1739 597 1785 632 qui

1000 651 1061 670 cum
1085 644 1197 671 abiissct
1214 644 1247 670 ad
1266 643 1405 678 principes
1430 643 1615 677 sacerdotum,
1639 643 1680 670 eis
1695 643 1785 670 dixit:

1002 699 1012 716 ι
1030 690 1100 723 Quid
1111 690 1193 718 vultis
1208 690 1274 717 mihi
1291 689 1368 721 dare,
1384 693 1411 716 et
1426 697 1476 724 ego
1492 697 1554 716 eum
1567 690 1644 717 vobis
1661 690 1765 716 tradam
1776 689 1790 716 ?

999 737 1034 764 At
1049 737 1087 764 illi
1102 737 1308 764 constituerunt
1322 737 1348 764 ei
1364 736 1476 771 triginta
1494 740 1620 763 stateres.
1636 735 1668 762 Et
1687 744 1720 763 ex
1741 736 1789 762 illo

999 783 1137 819 quaerebat
1164 784 1348 816 occasionem,
1369 788 1398 809 ut
1420 782 1497 809 illmn
1519 782 1560 809 eis
1583 782 1711 817 proderet
1725 782 1759 810 ".
1775 791 1786 808 ι

999 828 1067 855 Cum
1093 836 1158 863 ergo
1181 828 1245 855 talia
1267 832 1364 855 contra
1382 828 1458 854 illum
1475 828 1587 854 molitus
1609 833 1691 859 esset,
1715 835 1788 854 unus

999 879 1094 909 postea
1115 875 1165 901 fuit
1182 882 1214 901 ex
1239 874 1273 901 iis
1298 874 1423 908 quicum
1448 873 1494 900 illo
1518 873 1544 900 in
1562 873 1685 908 paschali
1708 880 1786 900 creua

1000 918 1198 950 accubuerunt,
1211 926 1266 953 quo
1284 922 1406 952 tempore
1422 918 1479 953 ipse
1495 926 1603 952 quoque
1616 917 1741 945 Salvator
1756 926 1789 946 ac

159 967 235 1002 ἀμὴν
249 966 319 1000 λέγω
334 968 407 1002 ὑμῖν,
431 968 471 995 ὄτι
488 966 528 999 εἷς
550 968 578 1001 ἐξ
605 968 680 1004 ὑμῶν
696 968 851 1004 παραδώσει
870 978 913 1004 με.
934 979 943 994 ι

999 963 1130 991 Dominus
1145 969 1237 991 noster
1253 964 1432 990 accumbebat
1453 971 1505 990 una
1522 971 1583 990 eum
1603 964 1670 998 ipsis
1684 964 1788 991 duode-

159 1012 217 1038 Καὶ
233 1011 393 1047 λυπούμενοι
409 1013 510 1048 σφόδρα
533 1013 648 1049 ἤρξαντο
663 1013 752 1047 λέγειν
769 1013 882 1044 ἕκαστος
897 1013 946 1039 αὑ-

159 1056 216 1083 τῶν
227 1065 234 1072 ·
255 1066 264 1082 ι
279 1058 351 1094 Μήτι
366 1058 421 1092 ἐγώ
436 1059 504 1094 εἰμι,
519 1058 619 1094 Κύριε;
642 1068 650 1084 ι
670 1059 698 1084 ὲν
715 1056 754 1091 οἷς
769 1056 803 1094 ἦν
819 1059 865 1085 καὶ
883 1058 947 1085 ’ἰού-

158 1102 221 1135 δας.
238 1103 276 1135 ὃς,
291 1104 320 1130 τὸ
336 1104 438 1140 πλῆρες
453 1105 554 1136 παντὸς
570 1104 644 1131 δόλου
661 1105 706 1131 καὶ
718 1105 857 1140 είρωνείας
876 1105 948 1132 ἀνοί-

160 1149 211 1181 ξας
238 1149 332 1184 στόμα,
358 1150 515 1186 ἀποκριθεὶς
547 1148 637 1177 εἶπεν·
674 1160 682 1175 ι
702 1152 774 1186 Μήτι
806 1150 861 1185 ἐγώ
877 1153 945 1186 εἰμι,

166 1194 279 1228 Ῥα66ί;
301 1205 310 1221 ι
327 1195 416 1222 Δόλιον
431 1196 527 1231 στόμα,
544 1196 578 1222 δι’
591 1192 621 1222 οὗ
637 1196 668 1222 τὸ
689 1197 801 1231 σημεῖον
818 1198 873 1228 τοῖς
887 1198 947 1222 ἑπι-

160 1239 266 1272 6ούλοις
280 1240 326 1267 τοῦ
343 1241 466 1277 Σωτῆρος
480 1242 558 1277 ἡμῶν
573 1241 676 1277 ἐδήλου,
691 1241 777 1276 λέγων
788 1250 795 1257 ·
814 1250 824 1267 ι
841 1242 888 1268 "0v
900 1241 948 1268 ἐὰν

159 1284 277 1320 φιλήσω,
296 1285 376 1317 αὑτός
396 1285 453 1311 ἐστι
465 1294 471 1300 ·
490 1287 643 1322 κρατήσατε
661 1286 742 1313 αὐτόν
755 1295 762 1301 '
780 1296 790 1312 ι
809 1286 823 1313 ὃ
843 1287 890 1313 καὶ
910 1287 948 1312 εἰ·

159 1329 231 1362 πὼν,
247 1330 319 1366 ἔργῳ
338 1330 382 1358 τὸν
402 1331 475 1358 δόλον
489 1331 656 1368 ἀπεπλήρου,
673 1333 717 1359 ὅτε
737 1332 892 1368 προσελθὼν
908 1333 948 1369 τῷ

167 1376 267 1412 Ἰησοῦ,
293 1375 367 1403 εἶπεν
387 1377 477 1412 αὐτῷ·
499 1387 508 1403 ι
530 1379 626 1413 Χαῖρε,
647 1379 756 1405 Ῥαδϐί-
774 1380 820 1406 καὶ
837 1380 947 1414 κατεφί-

158 1421 243 1457 λησεν
267 1422 356 1449 αὐτόν.
378 1423 405 1449 Ὀ
421 1423 449 1449 δὲ
470 1424 573 1459 Ἰησοῦς
594 1422 670 1451 εἶπεν
685 1425 775 1460 αὐτῷ·
796 1435 805 1451 ι
829 1425 946 1462 Ἑταῖρε,

159 1468 205 1502 ἐφ’
219 1464 241 1501 ᾧ
258 1469 355 1504 πάρει;
374 1478 383 1494 ι
410 1469 456 1495 καὶ
479 1469 557 1496 πάλιν
570 1478 577 1485 '
606 1479 614 1496 ι
636 1469 730 1502 Ἰούδα,
755 1471 886 1506 φιλήματι
903 1471 947 1498 τὸν

160 1514 227 1540 Υίὺν
240 1514 286 1541 τοῦ
301 1515 443 1551 ἀνθρώπου
458 1517 612 1552 παραδίδως
624 1525 646 1549 ς)
656 1518 762 1545 Τούτων
776 1518 797 1544 δ’
808 1516 854 1545 οὖν
868 1518 948 1545 ἕνεκα

160 1560 305 1596 πῳλαὸὼν
327 1561 370 1588 διὰ
392 1562 439 1589 τοῦ
462 1563 569 1598 ψαλμοῦ
593 1572 693 1598 φησιν·
726 1573 736 1590 ‹
770 1565 830 1591 Ὅτι
861 1565 948 1600 στόμα

159 1607 323 1642 ἁμαρτωλοῦ
336 1608 383 1635 καὶ
406 1609 492 1644 στόμα
508 1609 592 1636 δολίου
608 1610 650 1636 ἐπ’
665 1610 715 1646 ἐμὲ
729 1611 850 1646 ἠνοίχθη.
873 1611 949 1638 Ἐλά-

157 1652 248 1688 λησαν
267 1654 327 1680 κατ’
351 1654 418 1689 ἐμοῦ
445 1653 555 1691 γλώσσῃ
577 1655 662 1690 δολία,
678 1656 724 1682 καὶ
747 1655 835 1690 λόγοις
854 1656 948 1691 μίσους

159 1697 320 1726 ἑκύκλωσάν
334 1708 368 1735 με
381 1700 492 1736 δωρεάν.
513 1709 523 1727 ι
544 1701 627 1728 Ἔνθα
650 1702 719 1737 μετὰ
733 1702 780 1729 τοῦ
803 1702 886 1730 Ἰούδα
902 1706 949 1730 καὶ

158 1744 217 1771 τῶν
233 1743 331 1772 λοιπῶν
343 1745 397 1772 τῶν
413 1745 660 1774 ἐπιϐουλευσάντων
676 1747 751 1783 αὐτῷ
774 1749 948 1785 μνημονεύει.

158 1790 245 1825 Λέγει
257 1790 279 1817 δ’
294 1789 340 1819 οὖν
362 1791 392 1818 τδ
413 1792 589 1827 Εὐαγγέλιον,
613 1794 651 1826 ὡς
673 1794 738 1830 ἄρα,
753 1794 800 1821 τοῦ
824 1795 950 1831 Σωτῆρος

159 1836 242 1873 ἡμῶν
257 1836 297 1864 ἔτι
319 1839 375 1869 τοῖς
395 1838 491 1866 ἑαυτοῦ
517 1839 652 1874 μαθηταῖς
672 1840 825 1875 λαλοῦντος,
849 1851 859 1867 ι
883 1842 948 1869 Ἰδοὺ

165 1883 270 1915 Ἰούδας
285 1880 325 1915 εἷς
344 1884 398 1911 τῶν
417 1883 518 1911 δώδεκα
542 1883 618 1920 ἦλθε,
635 1887 683 1912 καὶ
701 1886 758 1921 μετ’
776 1887 857 1914 αὑτοῦ
872 1887 949 1922 ὄχλος

159 1929 248 1961 πολὺς
262 1930 329 1965 μετὰ
345 1930 485 1966 μαχαιρῶν
497 1931 544 1958 καὶ
554 1931 650 1964 ξύλων,
666 1932 720 1959 ἀπὸ
734 1933 786 1960 τῶν
801 1933 948 1969 ἀρχιερέων

159 1976 211 2002 καὶ
230 1976 421 2012 πρεσόυτέρων
435 1976 481 2003 τοῦ
498 1977 562 2004 λαοῦ
574 1985 580 1993 ·
604 1986 613 2004 ›
639 1976 680 2010 οἷς
701 1978 748 2005 καὶ
763 1976 839 2006 εἶπεν
860 1980 874 2006 ὁ
892 1979 947 2006 Κύ-

161 2030 241 2058 ριος·
258 2031 268 2047 ι
294 2022 338 2054 Ὧς
359 2022 404 2049 ἐπὶ
425 2023 526 2060 λῃστὴν
548 2023 684 2060 ἐξήλθετε,
712 2024 780 2059 μετὰ
808 2025 948 2061 μαχαιρῶν

161 2069 212 2096 καὶ
233 2068 318 2101 ξύλων
340 2070 482 2098 συλλαϐεῖν
505 2080 552 2107 με;
576 2071 637 2098 καθ’
660 2072 766 2108 ἡμέραν
788 2072 855 2109 πρὸς
877 2074 949 2109 ὑμᾶς

159 2113 333 2150 ἐκαθεζόμην
349 2116 377 2142 ὲν
400 2116 438 2151 τῷ
455 2116 520 2152 ἰερῷ
538 2116 678 2150 διδάσκων,
695 2117 741 2144 καὶ
763 2118 812 2144 οὐκ
831 2118 948 2154 ἐκρατή-

161 2159 230 2185 σατέ
244 2168 287 2194 με.
306 2160 390 2187 Τοῦτο
403 2160 431 2187 δὲ
450 2161 509 2188 ὅλον
523 2161 642 2196 γέγονεν,
658 2162 701 2189 ἵνα.
722 2162 900 2199 πληρωθῶσιν
919 2164 947 2190 αῖ

160 2204 183 2230 Γ
185 2204 272 2240 ραφαὶ
300 2205 354 2232 τῶν
383 2206 539 2242 προφητῶν.
559 2216 568 2232 ›
599 2207 659 2234 Ἔτι
685 2207 714 2234 δέ
745 2216 825 2244 φησιν
854 2209 882 2235 ἐν
909 2208 948 2244 τῷ

159 2251 278 2286 ψαλμῷο
299 2261 309 2277 ι
333 2252 404 2279 Ἀντὶ
426 2252 472 2279 τοῦ
499 2253 608 2289 ἀγαπᾷν
633 2262 676 2289 με,
699 2254 865 2282 ὲνδιέὸαλλόν
893 2263 945 2291 με·

997 1009 1060 1041 cim,
1081 1011 1128 1044 qui
1154 1010 1236 1037 etiam
1258 1009 1466 1036 comedentibus
1488 1009 1542 1036 illis
1564 1009 1653 1036 dixit:
1674 1019 1683 1035 ι
1699 1009 1787 1036 Amen

997 1062 1076 1082 amen
1105 1055 1166 1082 dico
1193 1055 1292 1087 vobis,
1318 1055 1390 1090 quod
1418 1063 1490 1082 unus
1515 1059 1637 1082 vestrum
1661 1063 1705 1082 me
1736 1060 1790 1082 tra-

997 1101 1052 1129 det.
1070 1112 1079 1128 ι
1098 1101 1131 1128 Et
1146 1103 1209 1129 dum
1230 1101 1308 1129 valde
1336 1102 1548 1133 contristantur,
1566 1106 1709 1137 coeperunt
1729 1103 1788 1129 sin-

998 1148 1052 1182 guli
1075 1147 1166 1175 dicere
1187 1157 1196 1174 »
1210 1157 1217 1174 2
1230 1147 1359 1183 Nunquid
1380 1155 1431 1182 ego
1449 1156 1525 1179 sum,
1547 1147 1659 1175 Domine
1668 1149 1712 1174 ‘3?
1728 1159 1736 1174 I
1758 1148 1787 1176 In

997 1194 1098 1229 quibus
1119 1198 1178 1222 erat
1200 1194 1280 1221 etiam
1295 1193 1392 1227 ludas,
1411 1194 1457 1229 qui
1483 1201 1546 1220 cum
1565 1195 1654 1221 omnis
1677 1194 1733 1221 doli
1755 1202 1788 1222 ac

998 1239 1180 1266 simulationis
1212 1239 1321 1274 plenum
1346 1246 1376 1265 os
1401 1239 1553 1274 aperuisset
1577 1239 1734 1274 respondit,
1756 1247 1788 1266 ac

998 1284 1066 1312 dixit
1084 1294 1090 1312 :
1113 1293 1123 1310 ι
1137 1284 1266 1319 Nunquid
1289 1292 1339 1320 ego
1370 1292 1447 1316 sum,
1474 1283 1611 1311 Rabbi“?
1626 1294 1635 1310 ι
1657 1283 1787 1312 Dolosum

998 1337 1062 1364 ergo
1071 1337 1113 1362 os,
1126 1337 1180 1365 quo
1192 1329 1400 1357 insidiatoribus
1414 1329 1565 1356 Salvatoris
1576 1330 1665 1357 nostri
1679 1330 1787 1365 signum

997 1377 1152 1412 proposuit,
1172 1376 1267 1404 dicens
1281 1386 1288 1404 :
1305 1385 1314 1401 ι
1332 1376 1530 1411 Quemcunque
1540 1377 1682 1404 osculatus
1698 1377 1787 1410 fuero,

999 1423 1058 1458 ipse
1071 1427 1123 1455 est,
1141 1428 1230 1450 tcncte
1244 1431 1306 1450 cum
1320 1423 1353 1450 “.
1370 1433 1380 1449 ι
1398 1422 1477 1456 Quod
1491 1431 1553 1450 cum
1565 1423 1680 1451 dixisset
1690 1423 1785 1456 verbo,

999 1476 1029 1496 re
1054 1476 1163 1504 quoque
1188 1469 1247 1503 ipsa
1271 1469 1364 1496 dolum
1389 1470 1555 1505 complevit,
1582 1477 1637 1505 quo
1660 1469 1790 1498 videlicet

999 1520 1121 1552 tempore
1154 1524 1216 1544 cum
1245 1517 1279 1544 ad
1308 1517 1401 1545 Jesum
1431 1519 1606 1551 accessisset,
1634 1518 1703 1546 dixit
1733 1520 1786 1547 ei:

1002 1562 1108 1594 «Salve,
1121 1561 1208 1590 Rabbi
1220 1572 1227 1590 :
1242 1568 1268 1590 et
1281 1564 1422 1592 osculatus
1435 1569 1477 1592 est
1488 1572 1550 1592 eum
1562 1565 1595 1592 ".
1607 1574 1617 1592 ι
1629 1564 1710 1594 Jesus
1722 1573 1791 1594 vero

1001 1607 1035 1635 ad
1059 1609 1136 1636 illum
1159 1608 1229 1636 dixit
1243 1618 1250 1637 :
1264 1617 1274 1634 ι
1290 1608 1405 1641 Amice,
1434 1609 1467 1637 ad
1489 1610 1556 1644 quid
1582 1611 1724 1639 venisti?»
1755 1611 1789 1639 Et

1000 1662 1096 1682 rursus
1112 1664 1118 1682 ε
1134 1664 1143 1680 ι
1161 1653 1242 1686 Juda,
1263 1656 1360 1683 osculo
1376 1655 1461 1683 ﬁlium
1480 1656 1599 1684 hominis
1618 1657 1706 1686 tradis
1719 1658 1760 1685 ην
1774 1668 1785 1686 ι

998 1700 1191 1736 @76l1arum
1216 1708 1282 1736 ergo
1314 1709 1406 1729 rerum
1441 1709 1525 1729 causa
1557 1706 1636 1730 tanto
1665 1707 1728 1731 ante
1759 1704 1788 1731 in

999 1747 1105 1782 psalmo
1120 1747 1158 1774 ait
1175 1756 1182 1774 :
1199 1756 1208 1773 ι
1223 1746 1357 1780 Quoniam
1382 1755 1414 1775 os
1434 1749 1588 1783 peccatoris
1602 1752 1629 1776 et
1648 1756 1679 1777 os
1698 1749 1789 1777 dolosi

999 1801 1081 1828 super
1101 1800 1145 1820 me
1158 1797 1283 1828 apertum
1302 1797 1354 1821 est.
1370 1792 1468 1821 Locuti
1484 1797 1549 1822 sunt
1564 1798 1660 1822 contra
1680 1802 1724 1822 me
1734 1795 1788 1822 lin-

999 1846 1050 1874 gua
1062 1838 1157 1866 dolosa
1171 1841 1198 1866 et
1213 1839 1389 1867 sermonibus
1404 1839 1460 1867 odii
1473 1839 1714 1867 circumdederunt
1731 1848 1787 1872 me.

998 1890 1024 1913 et
1037 1889 1264 1921 oppugnaverunt
1278 1893 1322 1913 me
1338 1885 1424 1921 gratis
1439 1895 1446 1914 :
1464 1895 1474 1912 ι
1491 1886 1538 1913 ubi
1556 1893 1619 1914 cum
1642 1887 1702 1922 ipso
1715 1886 1786 1925 Juda

999 1931 1081 1958 etiam
1104 1931 1274 1966 reliquorum
1297 1931 1433 1965 meminit,
1450 1932 1496 1967 qui
1512 1932 1565 1967 ipsi
1581 1931 1696 1960 insidias
1713 1932 1787 1960 fece—

998 1980 1072 2003 runt.
1084 1975 1179 2012 Itaque
1194 1977 1284 2012 ipsum
1297 1976 1475 2012 Evangcllum
1490 1981 1595 2010 narrat,
1607 1978 1787 2013 quemadmo-

998 2021 1062 2049 dum
1078 2021 1219 2050 Salvatore
1233 2019 1329 2050 nostro
1346 2030 1412 2051 suos
1428 2023 1518 2050 adhuc
1533 2024 1688 2059 alloqucnte
1702 2025 1787 2052 disci-

998 2068 1088 2102 pulos,
1106 2068 1151 2096 ille
1173 2070 1297 2096 venerit:
1315 2077 1324 2095 ι
1340 2068 1422 2101 Ecce,
1445 2069 1545 2104 inquit,
1562 2069 1647 2098 Judas
1665 2079 1737 2099 unus
1752 2071 1787 2099 de

998 2110 1143 2138 duodecim
1157 2111 1242 2144 venit,
1261 2115 1288 2139 et
1309 2119 1373 2139 cum
1393 2119 1426 2139 eo
1449 2113 1530 2140 turba
1547 2113 1632 2140 multa
1652 2121 1714 2141 cum
1732 2115 1788 2149 gla-

998 2156 1051 2184 diis
1065 2160 1092 2184 et
1106 2157 1198 2192 lignis,
1216 2165 1231 2186 a
1248 2158 1421 2193 principibus
1438 2159 1612 2187 sacerdotum
1625 2165 1652 2187 et
1669 2161 1787 2188 seniori-

997 2203 1049 2231 bus
1075 2204 1166 2239 populi
1187 2204 1219 2232 ".
1241 2214 1250 2231 ›
1287 2204 1393 2237 Quibus
1422 2206 1504 2233 etiam
1531 2205 1663 2235 Dominus
1691 2207 1786 2235 dixit:

1001 2260 1010 2277 I
1028 2249 1169 2286 Tanquam
1185 2251 1218 2278 ad
1232 2251 1365 2279 latronem
1381 2251 1506 2280 exivistis
1522 2261 1584 2280 cum
1598 2254 1697 2289 gladiis
1708 2257 1735 2282 et
1750 2254 1787 2281 li-

161 2296 220 2330 ὲγὼ
233 2297 261 2323 δὲ
279 2298 503 2335 προσηυχόμηνει
522 2299 587 2326 αὐτὸ
609 2299 701 2331 τέλους
719 2300 874 2336 ἐτύγχανεν,
890 2301 945 2334 ὅτε,
962 2314 963 2317 π

999 2296 1060 2331 guis
1079 2297 1311 2331 comprehendere
1331 2297 1393 2325 me?
1407 2297 1530 2332 quotidie
1546 2299 1617 2334 apud
1640 2307 1690 2326 vos
1706 2298 1787 2327 sede—

159 2342 211 2369 τοῦ
228 2343 352 2379 Σωτῆρος
368 2344 446 2379 ἡμῶν
462 2345 490 2371 ὲν
504 2344 715 2381 τῷλκαλουμένῳ
727 2346 888 2382 Γεθσημανῇ
899 2357 950 2382 χω-

161 2388 216 2423 ρίῳ
232 2388 300 2422 μετὰ
311 2388 365 2415 τῶν
381 2388 475 2416 ἕνδεκα
492 2390 648 2417 ἀποστόλων
665 2392 892 2427 προσευχομένου,
908 2401 950 2428 μι-

160 2434 230 2470 κρόν
250 2442 279 2460 τε
305 2435 531 2471 ἀναχωρήσαντος
553 2436 652 2468 αὐτῶν,
677 2437 724 2463 καὶ
749 2438 949 2473 προσπεσόντος

160 2479 202 2515 τῷ
216 2481 313 2516 Πατρὶ,
328 2482 451 2517 δεύτερόν
467 2491 496 2509 τε
514 2482 662 2517 εὐξαμένου
677 2484 723 2509 καὶ
735 2484 834 2519 τρίτον,
851 2485 864 2511 ὁ
884 2485 949 2512 Ἰού-

160 2527 212 2558 δας
227 2527 274 2554 σὺν
288 2529 344 2560 τοῖς
357 2528 469 2563 ἄρχουσι
482 2528 534 2555 τῶν
554 2528 685 2555 Ἰουδαίων
696 2529 729 2556 τὰ
742 2530 792 2564 τῆς
804 2531 949 2566 ἐπιϐουλῆς

160 2572 239 2607 αὐτῷ
255 2574 411 2610 κατήρτυε,
425 2574 548 2607 συνάγων
565 2574 612 2600 καὶ
637 2574 772 2610 προξενῶν
795 2576 825 2601 τὸ
849 2575 948 2610 πλῆθος

161 2617 219 2645 τῶν
235 2619 302 2653 μετὰ
319 2619 459 2655 μαχαιρῶν
472 2619 516 2646 καὶ
526 2619 610 2652 ξύλων
622 2620 761 2646 συλλαϐεῖν
775 2621 854 2647 αὐτὸν
869 2629 950 2657 παρε-

162 2664 367 2699 σκευασμένων.
390 2665 470 2691 Κακὶι
486 2665 513 2691 δὲ
532 2666 571 2697 εἰς
594 2665 674 2692 αὑτὸν
698 2665 789 2692 ἔθεντο
807 2666 866 2693 ἀντὶ
883 2667 950 2700 ἀγα-

162 2709 227 2741 ῡῶν,
249 2710 296 2736 καὶ
312 2711 389 2745 μῖσος
408 2711 467 2737 ἀντὶ
483 2711 532 2746 τῆς
548 2712 713 2747 ἀγαπήσεως
730 2711 823 2743 αὑτοῦ,
840 2713 883 2739 ὅτε
905 2721 950 2739 πο-

160 2754 234 2789 νηρὰ
253 2755 411 2782 διετέθειντο
424 2756 468 2782 τὸν
488 2757 601 2792 Σωτῆρα
618 2757 664 2783 καὶ
678 2757 823 2792 εὐεργέτην
843 2757 889 2784 καὶ
905 2757 945 2784 δι-

160 2800 306 2833 δάσκαλον,
326 2802 424 2838 μυρίας
440 2802 506 2834 ὅσας
522 2803 608 2834 ἰάσεις
622 2803 668 2830 καὶ
688 2802 844 2838 θεραπείας,
859 2803 945 2837 λόγων

199 2895 222 2910 ⁸⁷
242 2894 338 2921 Matth.
358 2903 439 2925 xxvr,
458 2895 502 2926 Μ,
523 2895 565 2922 15.

163 2927 188 2946 ⁸⁸
208 2929 304 2957 Matth.
324 2937 404 2963 xxvi,
423 2930 467 2958 47.
507 2929 528 2947 ⁶⁴
546 2929 612 2958 ibid.
630 2929 673 2965 55,
685 2929 728 2957 56.

603 2894 626 2910 ⁸⁸
646 2893 712 2921 ibid.
728 2894 830 2929 2|,2‘2.
870 2895 892 2910 "
913 2894 978 2922 ibi'l.
992 2893 1043 2922 25.
1082 2893 1104 2910 ‘°
1126 2893 1191 2921 ibid.
1209 2893 1253 2920 48.
1293 2893 1313 2909 ⁶¹
1335 2892 1401 2921 ibid.
1418 2892 1462 2920 49.

998 2340 1060 2368 bam
1075 2340 1102 2368 in
1125 2341 1227 2376 templo
1248 2341 1361 2373 docens,
1383 2346 1410 2369 et
1429 2350 1484 2370 non
1505 2343 1633 2371 tenuistis
1655 2351 1707 2371 me.
1727 2343 1786 2371 Hoc

995 2391 1086 2414 autem
1105 2390 1190 2413 totum
1211 2386 1313 2415 factum
1337 2391 1391 2420 est,
1407 2392 1438 2415 ut
1453 2388 1619 2424 impleantur
1636 2389 1786 2424 Scriptum

997 2433 1191 2468 prophetarum
1201 2434 1233 2461 ⁸⁸.
1248 2443 1257 2459 ι
1271 2433 1405 2461 Pmlerea
1416 2443 1481 2462 vero
1489 2435 1563 2470 quod
1576 2436 1614 2462 ait
1623 2436 1649 2462 in
1658 2436 1765 2470 psalmo
1774 2445 1783 2463 :

1001 2490 1009 2506 ι
1025 2480 1078 2507 Pro
1101 2488 1133 2508 eo
1153 2484 1182 2508 ut
1198 2489 1241 2508 me
1256 2481 1411 2516 diligerent,
1432 2483 1611 2510 detrahebant
1635 2483 1712 2514 mihi,
1733 2491 1785 2518 ego

998 2530 1087 2553 autem
1110 2527 1241 2554 orabam:
1261 2537 1270 2552 ›
1289 2527 1378 2562 ipsum
1396 2536 1504 2563 quoque
1520 2532 1585 2555 tunc
1608 2536 1687 2555 suum
1703 2529 1783 2556 linem

997 2572 1121 2607 contigit,
1138 2580 1200 2599 cum
1222 2572 1364 2601 Salvatore
1385 2577 1480 2601 nostro
1496 2575 1523 2600 in
1540 2574 1600 2601 loco
1619 2575 1666 2609 qui
1681 2574 1784 2602 dicitur

998 2617 1173 2646 Gethsemani
1191 2626 1252 2646 cum
1268 2619 1396 2646 undecim
1412 2619 1544 2654 apostolis
1560 2625 1667 2651 orante,
1685 2621 1783 2655 paulu-

999 2665 1109 2700 lumque
1128 2664 1163 2692 ab
1185 2664 1240 2692 illis
1263 2664 1386 2699 digresso
1411 2668 1440 2690 ut
1468 2665 1652 2699 procumbens
1674 2665 1783 2693 Patrem

998 2714 1167 2745 precaretur,
1182 2710 1335 2744 iterumque
1354 2714 1381 2737 et
1396 2709 1476 2736 tertio
1501 2709 1682 2744 supplicante,
1697 2709 1785 2739 Judas

1000 2763 1061 2783 eum
1075 2756 1246 2791 principibus
1260 2755 1417 2782 Judaeorum
1439 2755 1554 2782 insidias
1570 2755 1608 2782 illi
1623 2757 1784 2787 maturavit.

999 2802 1063 2830 dum
1080 2804 1152 2838 cogit
1171 2803 1228 2838 ipse
1241 2806 1269 2830 et
1283 2802 1413 2830 conducit
1426 2802 1520 2837 copias
1533 2809 1594 2837 qua:
1611 2808 1672 2829 cum
1683 2802 1782 2838 gladiis

1518 2894 1540 2910 ⁸³
1559 2892 1626 2922 Luc.
1643 2901 1718 2928 χχιι,
1732 2892 1779 2923 48.
