2099 3217
640 208 773 237 EUSEBll
793 206 1036 236 CAESARIENSIS
1055 206 1130 235 OPP.
1151 206 1241 233 PARS
1255 206 1287 235 Il.
1308 222 1342 227 -—
1363 206 1611 236 APOLOGE‘IICA.

1896 209 1949 238 ’1ιο

318 272 348 296 et
376 267 506 299 fustibus,
534 270 565 294 ut
591 266 669 294 illum
698 265 975 302 comprehenderent,
1007 269 1104 300 parata

1160 273 1190 291 τε
1205 264 1387 297 διδασκαλίας,
1409 266 1456 292 καὶ
1473 266 1601 298 παντοίας
1617 266 1749 301 ὡφελείας
1764 267 1855 300 αὐτοῖς
1878 276 1949 305 παρ-

317 318 407 344 erant.
430 313 507 340 Tunc
532 316 622 340 autem
647 312 718 339 mala
735 312 869 339 adversus
890 312 980 347 ipsum
1006 319 1107 346 posue-

317 364 384 388 runt
397 367 445 394 pro
458 358 550 390 bonis,
566 362 594 386 et
606 358 698 385 odium
714 366 764 393 pro
774 358 922 385 dilectione
934 358 1032 393 ipsius,
1045 365 1108 385 cum

317 405 398 432 malis
414 403 565 431 ali'eCerunt
580 404 669 438 ipsum
685 403 854 431 Salvatoreni
870 408 896 431 et
912 404 980 430 liene
993 403 1027 431 de
1041 403 1107 438 ipsis

317 452 458 483 meritum,
476 455 503 478 et
523 451 696 485 magistrum,
718 451 763 485 qui
790 450 1003 477 innumerabiles
1025 457 1107 477 sana-

316 496 407 523 tiones
426 500 454 523 et
481 496 612 526 medelas,
638 502 852 529 sermonumque
878 494 1052 526 documenta,
1081 499 1108 521 et

316 543 407 569 omnis
426 542 535 572 ueneris
559 542 689 568 utilitates
706 541 773 576 ipsis
784 550 808 576 pl
816 543 947 568 :estiterat
961 551 967 567 :
982 549 1051 576 quas
1072 541 1107 568 ob

316 595 362 614 res
379 595 440 614 cum
456 587 527 613 mala
543 595 593 622 pro
603 587 683 614 bonis
701 588 833 614 adversus
848 588 935 622 ipsum
952 588 1104 622 posuerint,

316 637 343 659 et
363 634 456 660 odium
478 640 527 668 pro
551 633 699 660 dilectione
719 634 815 667 ipsius,
841 634 939 660 merito
955 633 1079 668 adjungit
1096 643 1103 660 :

319 686 328 701 ι
347 677 488 706 Constitue
506 686 590 713 super
600 686 661 705 eum
676 683 860 713 peccatorem,
875 683 902 705 et
915 679 1041 706 diabolus
1053 684 1106 706 stet

316 732 331 750 a
345 724 450 752 dextris
475 725 545 759 ejus.
570 724 638 752 Dum
655 726 810 759 judicatur,
839 730 918 752 exeat
938 726 1106 753 condemna-

315 775 370 801 tus,
391 774 418 797 et
440 771 529 797 oratio
559 771 619 805 ejus
641 771 687 798 fiat
713 771 740 798 in
767 777 920 806 peccatum.
944 772 1023 799 Fiant
1045 773 1104 799 dies

314 816 374 851 ejus
393 819 483 852 pauci,
507 822 534 844 et
558 818 744 853 episcopatum
771 818 830 851 ejus
851 819 968 852 accipiat
994 819 1072 845 alter.
1092 828 1100 844 ι

314 863 380 896 Quae
401 864 509 897 quidem
530 863 588 898 ipsa
609 872 689 898 quem
715 864 816 891 exitum
841 865 937 891 sortita
955 865 1019 896 sint,
1040 873 1104 891 san-

313 913 376 936 ctus
400 909 542 943 apostolus
565 908 662 936 Petrus
687 910 768 944 paulo
795 915 857 937 ante
878 911 1019 940 indicavit,
1039 910 1103 936 dum

316 954 485 988 Scripturam
495 954 565 981 lianc
574 954 607 981 ad
619 955 707 989 ipsum
721 955 887 990 proditorem
902 956 1100 983 accommodat.
1119 945 1140 973 Β

312 999 348 1026 Et
362 1007 426 1027 sane
450 1000 499 1027 tibi
517 1000 567 1035 ipsi
594 1001 702 1027 interim
719 1001 783 1028 licet
805 1001 914 1034 intueri,
938 1011 1001 1029 num
1020 1011 1103 1037 super

312 1043 455 1072 Iudaicam
474 1050 581 1080 gentem
605 1047 771 1074 constitutus
794 1047 829 1074 sit
853 1047 981 1082 princeps
999 1055 1030 1074 ac
1047 1048 1101 1074 dux

313 1095 457 1126 peccator,
495 1092 538 1119 cui
569 1092 695 1120 videlicet
724 1097 785 1127 post
827 1095 930 1121 scelera
969 1095 1102 1122 adversus

314 1137 480 1165 Salvatorem
508 1142 631 1165 nostrum
653 1140 836 1168 audacissime
866 1141 1023 1173 commissa,
1046 1146 1102 1168 tra-

312 1183 361 1210 diti
388 1186 472 1215 sunt,
499 1183 609 1210 interim
634 1192 684 1218 pro
711 1185 833 1220 antiquis
854 1190 881 1212 et
903 1186 1025 1221 ipsorum
1050 1186 1100 1213 do-

311 1229 434 1256 mesticis
471 1229 580 1264 Deoque
617 1230 713 1257 amicis
750 1231 940 1265 principibus,
977 1233 1100 1260 externis

312 1275 393 1311 477
409 1279 436 1302 et
451 1276 598 1302 simulacra
620 1276 775 1303 colentibus
796 1277 899 1304 servire
919 1278 1018 1304 coacti.
1041 1278 1100 1305 Ca:-

312 1324 402 1347 terum
423 1321 486 1355 quis
507 1321 615 1348 tandem
640 1329 695 1348 non
719 1323 897 1357 Obstupescat
924 1323 1010 1358 ipsius
1034 1332 1100 1358 pra:-

310 1368 442 1395 dictionis
464 1368 614 1395 eventum?
638 1376 700 1395 nam
726 1377 788 1396 cum
813 1370 956 1396 oraculum
981 1370 1097 1404 dixerit,

314 1423 324 1439 ι
338 1413 418 1440 Fiant
429 1414 487 1441 dies
500 1414 559 1448 ejus
574 1414 669 1449 pauci,
686 1426 694 1441 ι
707 1420 815 1442 constat
828 1416 907 1450 plane
922 1424 1002 1451 quam
1017 1417 1099 1445 breve

311 1464 373 1495 post
387 1464 506 1488 structas
521 1461 654 1488 adversus
671 1460 840 1489 Salvator-cm
855 1466 977 1489 nostrum
995 1463 1029 1490 ab
1045 1464 1098 1491 illis

311 1505 442 1537 insidias,
467 1513 548 1532 omne
573 1506 656 1533 fuerit
681 1510 804 1540 tempus,
830 1515 885 1541 quo
910 1515 1021 1535 manere
1045 1509 1098 1535 visi

311 1556 386 1580 sunt.
407 1551 473 1579 Post
495 1552 568 1587 quod
591 1557 698 1587 tempus
718 1554 896 1580 novissimam
916 1556 1097 1581 vastationem

310 1603 519 1632 extremumque
535 1599 678 1625 interitum
695 1599 768 1634 passi
791 1603 874 1631 sunt,
891 1607 922 1626 ex
940 1607 994 1633 quo
1014 1600 1096 1627 etiam

309 1644 499 1679 episcopatum
525 1652 620 1672 eorum
645 1646 750 1679 accepit
773 1646 851 1678 alter,
877 1645 1004 1672 conditus
1029 1646 1098 1673 vide-

309 1691 374 1719 !iect
391 1699 439 1726 per
453 1691 593 1719 Christum
610 1699 698 1719 novus
717 1692 844 1727 populus.
860 1691 946 1719 Porro
961 1693 1041 1719 etiam
1060 1700 1099 1719 re-

310 1738 383 1773 liqua
394 1738 476 1773 hujus
487 1739 584 1773 psalmi
597 1739 688 1766 omnia
703 1745 750 1773 per
764 1739 861 1766 horum
875 1739 997 1774 ipsorum
1011 1747 1100 1766 exem-

309 1784 370 1820 plar
386 1785 543 1820 intelliges:
561 1793 621 1820 quae
646 1794 710 1813 vero
734 1793 897 1821 sequuntur,
913 1791 940 1813 et
963 1786 1041 1821 quasi
1066 1786 1100 1813 de

308 1831 474 1867 quibusdam
499 1830 576 1866 Iudae
599 1832 662 1858 ﬁliis
683 1832 738 1858 dici
754 1831 893 1864 videntur,
910 1832 965 1859 illis
983 1832 1074 1859 verbis
1089 1841 1095 1858 :

312 1887 321 1902 ι
337 1876 416 1903 Fiant
441 1877 486 1903 (illi
510 1877 571 1911 eius
595 1877 712 1912 orphani
728 1877 761 1908 “,
777 1886 786 1902 ι
801 1881 828 1904 et
844 1884 1023 1911 quaecumque
1046 1877 1099 1903 alia

310 1923 354 1950 his
371 1923 471 1950 similia
488 1928 568 1955 sunt,
589 1923 743 1950 referentur
761 1923 850 1958 primo
866 1923 976 1958 quidem
993 1923 1053 1950 loco
1071 1923 1098 1949 in

309 1969 400 2004 ipsum
415 1968 513 1996 Judam
526 1990 533 2002 ,
551 1973 612 2004 post
629 1970 705 1996 illum
721 1977 785 1996 vero
800 1970 883 1996 etiam
901 1970 928 1996 in
943 1977 1039 1996 omnes
1060 1969 1099 1996 illi

310 2015 416 2043 similes
440 2016 560 2042 salutare
586 2015 698 2042 verbum
725 2016 885 2050 prodentes.
908 2015 1010 2042 Eadem
1031 2023 1096 2042 vero

310 2062 419 2089 ratione
438 2062 575 2097 intelliges
598 2070 711 2089 uxorem
727 2070 837 2097 quoque
852 2062 912 2097 ejus
923 2082 930 2093 ,
946 2066 973 2089 et
988 2067 1099 2096 peccata

310 2108 413 2144 patris,
429 2112 457 2135 et
479 2108 537 2143 ejus
553 2116 613 2143 qua:
636 2108 723 2143 ipsius
743 2113 832 2135 mater
847 2108 958 2140 dicitur,
980 2107 1099 2134 Judaicre

309 2154 400 2189 gentis
417 2153 545 2181 videlicet
559 2154 792 2189 congregationis.
816 2153 853 2181 De
873 2154 924 2180 hac
938 2154 1010 2180 enim
1029 2153 1099 2180 arbi-

310 2205 370 2227 tror
383 2200 438 2227 dici
456 2200 523 2227 illud
537 2210 544 2227 :
563 2210 572 2226 ι
588 2200 621 2226 Ει
639 2204 781 2235 peccatum
797 2200 895 2226 matris
910 2200 969 2233 ejus
986 2208 1039 2226 non
1055 2200 1099 2226 dc-

310 2247 400 2274 leatur
414 2246 446 2273 ⁶⁸.
464 2255 473 2271 ι
486 2245 682 2273 Verumtamen
706 2247 778 2273 sicut
800 2246 827 2272 in
850 2253 882 2272 ea
897 2253 957 2280 qua:
975 2245 1098 2279 proxime

311 2292 460 2319 antecessit
483 2291 643 2327 prophetia.
671 2299 774 2325 egenus
799 2296 826 2318 et
849 2298 952 2325 pauper
977 2291 1098 2317 nomino-
1113 2306 1134 2333 Β

312 2337 392 2365 batur
417 2336 544 2363 Salvator
566 2343 598 2363 ac
620 2335 752 2363 Dominus
769 2339 871 2367 noster,
889 2336 970 2362 veluti
989 2336 1098 2363 demon-

311 2383 460 2411 stravimus
472 2383 500 2409 in
512 2382 559 2409 illo
576 2391 582 2408 :
598 2391 607 2407 ι
621 2381 720 2409 Beatus
735 2382 781 2416 qui
801 2382 926 2416 intelligit
942 2389 1026 2416 super
1039 2390 1098 2417 ege-

311 2437 376 2457 num
390 2433 416 2457 et
431 2436 579 2464 pauperem
589 2429 628 2454 ⁶⁷;
643 2439 651 2454 ι
663 2429 699 2455 ita
712 2428 794 2455 etiam
808 2428 835 2455 in
851 2429 978 2463 praesenti
994 2429 1098 2463 psalmo

310 2477 407 2504 iisdem
423 2479 537 2502 vocatur
553 2475 719 2501 nominibus.
743 2474 823 2501 Fiant
844 2475 917 2501 cnim
938 2475 983 2502 illa
1003 2479 1030 2502 et
1052 2476 1096 2502 illa

311 2522 364 2557 ipsi
377 2521 469 2553 Judae,
482 2521 569 2555 iisque
582 2520 629 2555 qui
645 2520 684 2546 illi
700 2520 800 2547 similia
812 2520 932 2546 azmnlati
948 2520 1020 2552 sint,
1036 2527 1096 2554 pro-

312 2573 371 2604 pter
386 2568 431 2595 illa
447 2575 508 2602 qua:
523 2573 567 2595 est
582 2574 682 2598 ausus,
702 2566 801 2601 inquit.
818 2566 947 2598 Quaenam
965 2574 1029 2593 vero
1045 2568 1096 2593 ista

311 2616 383 2646 sint,
400 2613 540 2649 adjungit,
559 2613 655 2641 dicens
671 2623 677 2640 ι
698 2622 706 2638 ι
724 2611 777 2639 Pro
792 2620 824 2640 eo
840 2612 912 2648 quod
928 2621 983 2639 non
998 2616 1041 2640 est
1058 2621 1097 2640 re-

312 2661 443 2688 cordatus
464 2660 555 2687 facere
578 2659 797 2687 misericordiam
811 2679 818 2692 ,
836 2664 863 2686 et
880 2663 1042 2694 persecutus
1057 2663 1099 2687 est

312 2707 449 2734 hominem
478 2714 625 2741 pauperem
653 2712 680 2733 et
700 2714 833 2742 egenum,
857 2710 884 2733 et
904 2710 1097 2740 compunctum

312 2752 409 2785 corde,
423 2756 452 2779 ut
462 2757 548 2779 morte
563 2751 689 2779 alliceret.
705 2752 739 2779 Et
755 2752 850 2779 dilexit
865 2752 1096 2784 exsecrationem,

312 2800 340 2824 et
356 2797 446 2824 veniet
466 2797 502 2824 ei.
527 2797 560 2824 Et
582 2798 670 2826 noluit
695 2798 930 2831 benedictionem,
948 2802 975 2825 et
1000 2798 1094 2832 procul

313 2842 483 2870 amovebitur
504 2843 539 2870 ab
558 2851 590 2871 eo
608 2844 640 2871 °'.
656 2854 665 2870 ι
677 2844 743 2873 Post
768 2853 830 2881 quae
855 2845 938 2872 verba
965 2844 1094 2880 deinceps

1158 311 1327 346 εσχημένον·
1343 311 1401 338 ἀνθ’
1426 309 1475 344 ὦν,
1491 312 1638 348 ἐπειδήπερ
1660 312 1734 340 κακὰ
1756 313 1816 340 ἀντὶ
1836 313 1949 348 ἀγαθῶν

1158 355 1250 382 ἔθεντο
1272 356 1332 383 κατ’
1351 356 1445 388 αὑτοῦ,
1468 357 1515 384 καὶ
1536 359 1612 392 μῖσος
1634 358 1695 384 ἀντὶ
1717 358 1767 393 τῆς
1783 359 1948 394 ἀγαπήσεως

1159 402 1251 433 αὑτοῦ,
1275 403 1387 434 εἰκότως
1410 403 1545 438 ἐπιλέγει·
1572 414 1581 429 ι
1607 405 1784 440 Καταστησον
1804 406 1846 431 ἐπ’
1866 406 1947 433 αὑτὸν

1158 449 1326 485 ἁμαρτωλὸν,
1342 450 1388 476 καὶ
1405 450 1526 481 διάϐολος
1543 451 1633 486 στήτω
1645 451 1677 477 ἐκ
1691 451 1784 484 δεξιῶν
1797 451 1889 478 αὑτοῦ.
1904 453 1946 480 Ἐν

1157 495 1196 530 τῷ
1222 496 1362 531 κρίνεσθαι
1384 497 1463 523 αὐτὸν
1480 497 1583 530 ἐξέλθοι
1604 497 1878 533 καταδεδικασμένος,
1901 499 1946 526 καὶ

1157 543 1173 577 ἡ
1199 543 1335 578 προσευχὴ
1361 543 1442 569 αὐτοῦ
1465 543 1605 579 γενηθήτω
1629 544 1669 575 είς
1691 545 1838 579 ἁμαρτίαν.
1862 545 1945 580 Γενην

1157 588 1281 623 θήτωσαν
1303 590 1330 615 αἱ
1356 590 1456 625 ἡμέραι
1480 589 1561 616 αὐτοῦ
1582 590 1679 624 ὀλίγαι,
1702 591 1749 616 καὶ
1764 591 1813 625 τὴν
1834 592 1946 618 ἐπισκο-

1157 634 1210 670 πὴν
1226 635 1307 662 αὐτοῦ
1327 635 1431 662 λαϐέτω
1446 636 1555 671 ἓτερος-
1575 646 1584 661 ι
1608 636 1625 662 ἃ
1647 637 1694 662 καὶ
1712 636 1781 662 αὺτὰ
1797 638 1891 664 ὁποίαν
1905 638 1944 664 εἶ-

1156 682 1224 717 ληφε
1244 683 1293 719 τὴν
1317 682 1463 714 ἔκϐασιν,ὸ
1481 683 1552 718 ἰερὲις
1573 684 1721 714 ἀπόστολος
1747 683 1850 718 Πέτρος
1877 693 1944 720 προ-

1156 727 1244 754 λαῦὼν
1268 728 1441 763 διεσάφησεν,
1463 730 1505 754 ἐπ’
1529 730 1608 755 αὑτὸν
1634 729 1764 764 προΜ-ῖην
1787 730 1945 767 ἐφαρμόσας

1154 773 1203 808 τὴν
1228 774 1350 809 Γραφὴν.
1368 775 1422 800 Καί
1447 783 1486 801 σοι
1505 775 1532 801 δὲ
1553 775 1625 809 αὑτῴ
1642 776 1756 810 πάρεστι
1780 778 1904 812 συνορᾷν,
1919 777 1944 804 εί

1156 820 1194 855 μὴ
1210 820 1374 846 καθέσταται
1398 821 1444 847 ἐπὶ
1469 821 1498 847 τὺ
1524 822 1659 848 Ἰουδαίων
1683 821 1758 853 ἔθνος
1782 822 1874 857 ἄρχων
1897 823 1944 850 καὶ

1155 867 1306 902 ἡγούμενος
1320 867 1492 902 ἁμαρτωλὸς,
1504 864 1525 901 ᾦ
1539 868 1607 903 μετὰ
1619 868 1653 894 τὰ
1666 868 1834 903 τολμηθέντα
1852 870 1944 901 αὐτοῖς

1155 912 1225 940 κατὰ
1252 913 1297 939 τοῦ
1329 913 1453 949 Σωτῆρος
1476 914 1554 950 ἡμῶν
1579 915 1777 950 παρεδόθησαν,
1801 916 1860 942 ἀντὶ
1889 915 1944 942 τῶν

1156 959 1241 985 πάλαι
1263 959 1370 985 οἰκείων
1400 961 1446 986 καὶ
1470 960 1600 995 θεοφιλῶν
1626 962 1763 997 ἀρχόντων
1787 961 1944 997 ἀλλοφύλοις

1156 1007 1203 1033 καὶ
1221 1004 1425 1042 εἰδωλολάτραις
1447 1007 1581 1033 δουλεύειν
1607 1008 1872 1043 κατηναγκασμένοι.
1896 1008 1944 1041 Τίς

1155 1052 1177 1078 δ’
1189 1053 1238 1078 οὐκ
1250 1053 1282 1079 ἂν
1291 1052 1439 1088 θαυμάσειε
1451 1054 1628 1089 προρρήσεως
1642 1054 1671 1080 τὺ
1687 1054 1858 1089 ἀποτέλεσμα
1870 1063 1878 1086 ;
1893 1055 1944 1090 φή-

1157 1107 1251 1130 σαντος
1272 1098 1326 1134 γὰρ
1343 1099 1390 1125 τοῦ
1411 1099 1508 1133 λόγου·
1535 1109 1544 1124 ι
1565 1099 1763 1135 Τενηθήτωσαν
1786 1100 1814 1127 αί
1842 1101 1944 1137 ἡμέραι

1156 1144 1235 1171 αὺτοῦ
1254 1145 1356 1179 ὀλίγαι,
1375 1155 1383 1171 ι
1404 1146 1487 1180 σαφὲς
1505 1146 1579 1177 ὅπως
1598 1146 1724 1181 βραχὺςό
1743 1148 1796 1179 πᾶς
1809 1147 1944 1181 διεγένετο

1156 1190 1225 1225 μετὰ
1234 1191 1282 1226 τὴν
1294 1192 1340 1217 τοῦ
1351 1192 1475 1227 Σωτῆρος
1488 1192 1565 1227 ἡμῶν
1578 1192 1723 1227 ἐπιϐουλὴν
1735 1193 1825 1219 αὐτῶν
1837 1193 1941 1229 χρόνος,

1155 1237 1214 1263 καθ’
1231 1237 1259 1263 ὃν
1277 1237 1368 1269 ἔδοξαν
1390 1237 1526 1273 διαμένειν
1539 1247 1545 1253 ·
1563 1238 1621 1273 μεθ’
1637 1238 1666 1265 ὃν
1681 1239 1730 1274 τὴν
1751 1239 1870 1274 ὑστάτην
1895 1239 1942 1266 ὑπ-

1153 1283 1263 1318 έμειναν
1287 1284 1444 1319 πολιορκίαν
1463 1285 1509 1310 καὶ
1520 1284 1569 1320 τὴν
1585 1285 1703 1320 παντελῆ
1717 1285 1886 1321 καθαίρεσιν,
1899 1285 1942 1321 ἐφ’

1153 1326 1170 1364 ᾖ
1197 1330 1244 1355 καὶ
1268 1329 1317 1364 τὴν
1341 1330 1491 1365 ἐπισκοπὴν
1511 1330 1601 1357 αὐτῶν
1622 1331 1716 1358 ἐλαϐεν
1742 1332 1843 1366 ἕτερος,
1859 1332 1873 1358 ὁ
1898 1331 1942 1359 διὰ

1153 1375 1270 1410 Χριστοῦ
1287 1376 1490 1412 συγκροτηθείς.
1512 1377 1566 1403 Καὶ
1585 1377 1619 1403 τὰ
1633 1377 1712 1404 λοιπὰ
1726 1378 1754 1404 δέ
1772 1378 1819 1404 rei
1835 1377 1941 1414 ψαλμοῦ

1153 1421 1243 1452 αὐτοῖς
1261 1421 1365 1453 τούτοις
1386 1422 1560 1457 καταλλήλως
1580 1424 1687 1458 νοήσεις
1697 1432 1703 1438 ·
1720 1423 1754 1450 τὰ
1769 1424 1797 1450 δὲ
1812 1423 1892 1458 ἑξῆς,
1904 1423 1942 1456 ὠς

1153 1467 1215 1501 περί
1229 1475 1308 1493 τινων
1325 1467 1389 1493 υἱῶν
1404 1467 1451 1494 τοῦ
1472 1468 1554 1494 Ἰούδα
1569 1468 1710 1504 λεγόμενα,
1726 1469 1754 1494 ἐν
1768 1468 1821 1503 τῷ,
1835 1478 1844 1494 ι
1856 1469 1941 1505 Γενη-

1153 1511 1278 1546 θήτωσαν
1295 1513 1319 1538 οἱ
1340 1514 1393 1539 υἱοὶ
1408 1514 1490 1540 αὑτοῦ
1512 1514 1640 1549 ὀρφανοὶ;
1662 1524 1671 1539 i
1689 1514 1736 1540 καὶ
1750 1514 1783 1541 τὰ
1798 1514 1940 1550 παραπλή-

1153 1564 1214 1589 crta,
1234 1557 1354 1590 ἁιιάγοιτ¹
1371 1558 1403 1584 ἂν
1428 1559 1473 1584 καὶ
1493 1558 1536 1584 ἐπ’
1556 1559 1636 1585 αὐτὸν
1663 1558 1712 1594 μὲν
1729 1560 1940 1595 προηγουμένως

1151 1601 1196 1628 τὸν
1221 1602 1330 1635 Ἰούδαν,
1361 1604 1419 1638 μετ’
1441 1605 1544 1630 ἐκεῖνον
1571 1604 1599 1631 δὲ
1622 1605 1668 1631 καὶ
1687 1605 1733 1631 ἐπὶ
1757 1607 1861 1637 πάντας
1878 1606 1940 1638 τοὺς

1150 1649 1258 1684 ὁμοίους
1293 1650 1366 1685 αὺτῷ
1399 1650 1444 1676 τὸν
1483 1651 1616 1687 σωτήριον
1646 1651 1723 1685 λόγον
1756 1651 1938 1687 προδιδόντας.

1149 1696 1331 1731 Καταλλήλως
1350 1697 1378 1723 δὲ
1402 1697 1509 1731 νοήσεις
1528 1697 1574 1724 καὶ
1588 1698 1638 1732 τὴν
1653 1699 1770 1732 γυναῖκα
1785 1697 1879 1731 αὑτοῦ,
1893 1698 1941 1725 καὶ

1148 1741 1196 1773 τὰς
1208 1743 1342 1778 ἁμαρτίας
1356 1742 1409 1769 τῶν
1424 1743 1549 1778 πατέρων
1559 1743 1652 1775 αὐτοῦ,
1667 1744 1714 1770 καὶ
1728 1744 1778 1779 τῆς
1792 1744 1941 1780 λεγομένης

1150 1788 1250 1823 μητρὸς
1265 1788 1348 1814 αὐτοῦ
1360 1810 1367 1821 ,
1384 1789 1433 1823 τῆς
1447 1790 1493 1815 τοῦ
1515 1790 1646 1816 Ἰουδαίων
1661 1790 1751 1822 ἔθνους
1768 1791 1937 1826 συναγωγῆς.

1149 1835 1216 1870 Περὶ
1231 1834 1315 1869 αὐτῆς
1330 1834 1384 1870 γὰρ
1398 1835 1518 1870 ἡγοῦμαι
1533 1835 1658 1870 λέγεσθαι
1673 1837 1713 1868 τὸ,
1726 1847 1735 1862 ι
1750 1837 1805 1863 Καὶ
1819 1838 1836 1872 ὴ
1848 1838 1939 1872 ἁμαρ-

1149 1880 1194 1906 τία
1209 1879 1258 1914 τῆς
1269 1880 1371 1915 μητρὸς
1385 1881 1467 1907 αὐτοῦ
1484 1881 1520 1917 μὴ
1536 1882 1714 1918 ἐξαλειφθείη.
1731 1893 1740 1908 ι
1757 1883 1830 1919 Πλὴν
1845 1883 1940 1918 ῶσπερ

1149 1927 1177 1951 ἐν
1191 1927 1223 1961 τῇ
1242 1926 1294 1961 πρὸ
1308 1926 1408 1962 ταύτης
1425 1928 1578 1963 προφητείᾳ
1592 1929 1699 1963 πτωχὸς
1715 1929 1762 1956 καὶ
1775 1930 1862 1965 πένης
1871 1929 1938 1956 ὠνο-

1151 1970 1250 2006 μάζετο
1273 1972 1287 1997 ό
1310 1972 1405 2006 Σωτὴρ
1429 1973 1475 1998 καὶ
1496 1972 1597 2008 Κύριος
1620 1973 1712 2008 ἡμῶν.
1737 1973 1864 2010 καθάπερ
1886 1975 1940 2001 ὰπ-

1149 2015 1289 2051 εδείξαμεν
1304 2016 1332 2041 ἐν
1347 2016 1402 2052 τῷ,
1422 2027 1431 2042 ι
1450 2018 1590 2053 Μακάριος
1608 2020 1622 2045 ὁ
1646 2018 1743 2046 συνιὼν
1765 2020 1812 2046 ἐπὶ
1831 2019 1939 2055 πτωχὸν

1150 2061 1196 2087 καὶ
1216 2061 1329 2096 πένητα·
1350 2071 1359 2086 ι
1376 2062 1420 2088 τὸν
1436 2062 1516 2088 αὑτὸν
1535 2063 1635 2097 τρόπον
1651 2065 1697 2090 καὶ
1718 2065 1748 2090 ἐν
1766 2064 1806 2100 τῷ
1823 2065 1939 2101 παρόντι

1149 2106 1248 2142 ψαλμῷ
1269 2107 1373 2139 τούτοις
1393 2108 1570 2144 ἐπικέκληται
1593 2112 1648 2141 τοῖς
1663 2110 1787 2145 ὀνόμασι.
1799 2111 1868 2137 Τάδε
1883 2111 1940 2148 γὰρ

1149 2154 1195 2180 καὶ
1213 2153 1274 2180 τάδε
1283 2154 1425 2190 γενηθήτω
1434 2156 1472 2190 τῷ
1487 2156 1581 2186 Ἰούδα,
1590 2157 1636 2182 καὶ
1651 2159 1705 2188 τοῖς
1719 2158 1753 2183 τὰ
1765 2158 1846 2193 ὃμοια
1864 2159 1940 2193 αὐτῷ

1149 2201 1296 2238 ἐζηλωκόσι
1317 2202 1361 2228 διὰ
1379 2202 1412 2229 τὰ
1426 2203 1614 2238 τετολμημένα
1626 2203 1716 2239 αὐτῷ,
1732 2205 1809 2240 φησί.
1825 2206 1892 2232 Τίνα
1910 2205 1939 2233 δὲ

1149 2248 1246 2280 ταῦτα,
1262 2249 1385 2283 ἐπιφέρει
1400 2249 1493 2283 λέγων·
1514 2259 1522 2274 ι
1548 2250 1618 2276 ‘AvO‘
1631 2247 1667 2276 ὧν
1682 2251 1732 2277 οὐκ
1751 2251 1875 2287 ἐμνήσθη
1889 2251 1938 2279 τοῦ

1151 2294 1262 2329 ποιῆσαι
1279 2294 1350 2326 ἕλεος
1360 2316 1366 2327 ,
1381 2295 1427 2321 καὶ
1441 2295 1600 2328 κατεδίωξεν
1615 2297 1756 2332 ἄνθρωπον
1773 2298 1878 2334 πένητα
1891 2300 1939 2327 καὶ

1149 2341 1256 2375 πτωχὸν
1281 2341 1327 2367 καὶ
1345 2343 1578 2377 κατανενυγμένον
1592 2345 1625 2378 τῇ
1641 2343 1738 2380 καρδίᾳ
1752 2344 1799 2371 τοῦ
1815 2345 1940 2374 θανατῶ-

1150 2395 1205 2413 σαι.
1229 2388 1282 2414 Καὶ
1296 2388 1422 2423 ἠγάπησε
1438 2389 1559 2425 κατάραν
1569 2411 1575 2423 ,
1585 2390 1631 2416 καὶ
1646 2390 1704 2426 ἥξει
1721 2391 1811 2426 αὐτῷ·
1827 2393 1876 2419 καὶ
1887 2392 1940 2420 οὐκ

1149 2433 1279 2468 ἠθέλησεν
1294 2434 1432 2468 εὐλογίαν,
1452 2436 1498 2461 καὶ
1514 2436 1732 2472 μακρυνθήίσεται
1755 2439 1802 2464 ἀπ’
1816 2438 1911 2466 αὐτοῦ.
1925 2448 1936 2466 ι

1149 2476 1197 2509 Οἷς
1211 2478 1274 2511 ἑξῆς
1289 2479 1455 2511 ἐπικαταϐὰς
1465 2501 1472 2512 ,
1484 2478 1559 2512 αὖθις
1575 2481 1677 2517 πένητα
1692 2483 1738 2509 καὶ
1753 2484 1860 2519 πτωχὸν
1874 2485 1939 2511 ἐαυ-

1148 2524 1193 2550 τὸν
1209 2525 1335 2559 ὀνομάζει
1349 2525 1448 2559 λέγων·
1468 2536 1476 2552 ι
1498 2527 1553 2553 Καὶ
1564 2528 1610 2560 σὺ,
1626 2528 1722 2564 Κύριε,
1735 2529 1834 2565 Κύριε,
1855 2531 1938 2566 ποίη-

1151 2579 1195 2596 σον
1221 2572 1280 2605 μετ’
1295 2570 1362 2606 ἐμοῦ
1387 2571 1458 2603 ἕλεος
1479 2572 1571 2598 ἕνεκεν
1589 2572 1635 2599 τοῦ
1661 2574 1791 2609 ὀνόματός
1812 2584 1876 2608 σου,
1896 2577 1939 2604 ὅτι

1150 2616 1267 2650 χρηστὸν
1290 2616 1320 2642 τὸ
1337 2616 1410 2648 ἐλεὸς
1433 2625 1489 2643 σου.
1513 2617 1606 2644 Ῥῦσαί
1631 2627 1676 2653 με,
1700 2619 1740 2645 ὅτι
1761 2621 1868 2656 πτωχὸς
1892 2623 1938 2649 καὶ

1149 2661 1232 2696 πένης
1246 2662 1303 2696 εἰμὶ
1317 2661 1381 2695 ἐγώ.
1403 2671 1412 2688 ι
1429 2660 1476 2693 UT;
1491 2662 1549 2697 μεθ’
1564 2663 1644 2699 ἕτερα
1657 2664 1792 2699 ἐπιλέγειο
1812 2675 1822 2692 ι
1840 2666 1879 2693 Τὰ
1891 2667 1938 2701 τό·

1148 2708 1215 2734 νατά
1238 2716 1289 2742 μου
1310 2707 1460 2743 ὴσθὲνησαν
1480 2709 1534 2735 ἀπὸ
1547 2710 1690 2744 νηστείας,
1708 2712 1755 2738 καὶ
1769 2712 1785 2746 ἡ
1802 2712 1870 2748 σάρξ
1885 2721 1936 2748 μου

1147 2752 1280 2788 ἠλλοιώθη
1303 2753 1337 2779 δι’
1355 2754 1442 2780 ἔλαιον
1461 2763 1468 2768 ·
1484 2755 1529 2781 καὶ
1548 2754 1603 2789 ἐγὼ
1624 2756 1755 2792 ἐγενήθην
1770 2757 1871 2790 ὄνειδος
1886 2759 1936 2786 αὺ-

1147 2799 1212 2829 τοῖς.
1231 2798 1344 2825 Εἴδοσάν
1368 2808 1418 2834 με,
1433 2799 1480 2826 καὶ
1500 2799 1649 2827 ἐσάλευσαν
1669 2802 1791 2836 κεφαλὰς
1803 2802 1904 2830 αὐτῶν.
1922 2811 1934 2830 ι

1151 2846 1184 2872 Ἀ
1200 2845 1246 2871 καὶ
1263 2845 1331 2871 αὐτὰ
1345 2845 1437 2877 τέλους
1453 2846 1599 2881 ἐτύγχανεν
1613 2847 1656 2873 ὅτε
1676 2857 1684 2873 ι
1704 2848 1727 2874 οἱ
1743 2849 1935 2886 παραπορευό-

307 2948 311 2954 -
346 2929 463 2970 _"_Pul.
478 2938 560 2965 cvm,
577 2933 603 2961 9.
643 2934 666 2950 ⁶⁶
686 2934 752 2963 ibid.
771 2935 814 2964 ﬂ.
842 2936 876 2973 \"
897 2932 970 2964 Psal.
993 2935 1080 2972 “,2.
1118 2935 1140 2952 “
1158 2935 1230 2964 Psal.
1248 2943 1329 2969 cvm,
1348 2935 1436 2963 i648.
