2099 3217
151 191 203 219 ‘Ml

626 190 954 225 DEMONSTRATIONIS
972 190 1204 219 EVANGELICAE
1225 190 1288 218 LIB.
1313 191 1347 218 Χ.

1722 195 1775 223 7c!

149 258 227 286 μενοι
248 249 436 286 ἐϐλασφήμουν
459 250 539 278 αὐτὸν
552 271 559 284 ,
586 251 724 284 κινοῦντες
747 251 797 284 τὰς
818 251 929 285 κεφαλὰς

966 250 1112 284 ιοηιίοηθ
1135 258 1314 286 progressus,
1338 258 1434 279 rursus
1451 258 1597 286 pauperem
1617 255 1699 288 atque
1713 260 1773 289 ego

147 295 249 329 αὑτῶν,
262 296 310 323 καὶ
323 296 445 330 λέγοντες
453 305 478 323 ·›
488 296 601 329 Ἀλλους
617 296 727 330 ἔσωσεν,
741 297 835 324 ἑαυτὸν
845 297 876 324 οὐ
889 297 936 323 δύ-

147 350 227 369 ναται
245 341 340 368 σῶσαι.
359 351 368 367 ι
392 341 467 368 Ἐπεὶ
477 341 505 368 δὲ
527 342 608 368 εἰσέτι
623 342 670 368 νῦν
684 344 708 369 οἱ
726 343 757 369 ὲκ
774 343 934 378 περιτομῆς,

145 388 196 424 τὴν
207 387 261 415 τῶν
275 388 398 424 πατέρων
412 388 500 415 αὑτῶν
513 389 552 420 είς
567 389 679 420 ἑαυτοὺς
694 389 763 424 ἀρὰν
775 389 933 424 ἐπισπώμε-

146 442 202 466 νοι,
222 434 391 469 βλασφήμοις
411 434 457 461 καὶ
473 434 582 460 ἀσεϐέσι
601 435 704 470 ῥήμασι
726 435 934 470 ἀναθεματίζειν

143 480 192 506 τὸν
203 479 317 515 Σωτῆρα
330 480 377 506 καὶ
391 479 491 515 Κύριον
507 479 593 515 ἡμῶν,
607 481 653 506 καὶ
665 481 727 512 τοὺς
741 482 780 512 εἰς
795 481 874 508 αὑτὸν
885 490 934 508 πε-

144 526 326 557 πιστευκότας
349 526 470 557 ἅπαντας
494 525 621 558 εἰώθασι,
645 526 739 553 τούτου
769 527 847 563 χάριν
872 528 934 563 ἑξῆς

143 571 281 606 ἐπιλέγει·
304 581 312 597 ε
331 571 537 607 Καταράσονται
549 572 641 604 αὐτοὶ,
655 573 747 599 καὶσὺ
766 573 931 609 εὐλογήσεις.

144 619 177 644 Οἱ
191 618 398 654 ὲπανιστάμενοί
411 627 455 653 μοι
470 618 698 654 αἰσχυνθήτωσαψ
713 620 727 645 ὁ
741 619 769 645 δὲ
783 619 873 651 δοῦλός
886 629 932 646 σου

143 664 367 700 εὐφρανθήσεται.
394 664 613 691 Ἐνδυσάσθωσαν
627 666 651 691 et
666 666 883 698 ἐνδιαϐαλλοντές
899 676 931 701 με

142 710 276 747 διντροπὴν
286 731 294 743 ,
307 711 353 737 καὶ
365 711 601 746 περιϐαλέσθωσαν
618 711 656 742 ὡς
670 711 790 738 διπλοΐδα
801 713 932 748 αἰσχύνην

142 755 242 783 αὐτῶν.
268 755 337 790 Ἐγὼ
350 756 378 782 δὲ
390 756 619 791 ὲξομολογήσομαι
634 755 672 790 τῷ
684 756 777 791 Κυρίῳ
791 756 892 792 σφόδρα
903 758 931 783 ἐν

141 802 183 838 τῷ
195 802 307 838 στόματί
326 811 387 838 μου,
403 802 450 828 καὶ
460 802 488 828 ἐν
505 802 579 837 μέσῳ
598 801 702 828 πολλῶν
718 802 816 829 αἰνέσω
828 803 907 829 αὐτόν
922 813 928 818 ·

141 848 184 875 ὅτι
203 848 326 884 παρέστη
351 849 382 874 ὲκ
405 847 499 880 δεξιῶν
519 847 642 882 πένητος,
657 847 703 874 τοῦ
724 848 807 874 σῶσαι
823 849 855 875 ἐκ
877 849 929 875 τῶν

141 895 363 922 καταδιωκόντων
383 894 432 929 τὴν
453 894 541 929 ψυχήν
564 892 625 929 μου.
646 903 655 920 ι
672 894 727 920 Καὶ
750 895 881 930 πρόδηλόν
899 904 928 929 γε

140 941 250 972 ὁπόσοις
261 940 346 967 εἰσέτι
364 941 411 967 καὶ
421 940 467 967 νῦν
479 941 504 966 οἱ
516 939 566 971 τὰς
582 941 641 966 κατ’
656 940 736 967 αὐτοῦ
749 940 818 976 ἀρὰς
831 942 859 967 ὲν
874 943 932 972 ταῖς

141 986 248 1013 ἑαυτῶν
277 988 446 1021 συναγωγαῖς
470 986 626 1022 ποιούμενοι
651 986 793 1013 παλαίουσι
820 989 930 1018 κακοῖς,

140 1032 197 1072 ἀπὸ
210 1032 265 1059 τῶν
278 1032 366 1059 αὐτῶν
383 1033 486 1068 χρόνων
505 1032 565 1068 μηδ’
579 1033 647 1064 ὅλως
660 1033 806 1059 ἀνανεῦσαι
822 1033 930 1068 δεδυνη-

142 1077 229 1113 μένοι,
242 1078 315 1109 ὅπως
328 1086 357 1104 τε
366 1077 446 1109 αὐτὸς
461 1075 534 1104 αἶνον
545 1076 584 1112 τῷ
597 1077 684 1112 Πατρὶ
699 1078 727 1104 ὲν
742 1078 816 1112 μέσῳ
828 1078 931 1104 πολλῶν

138 1122 228 1149 ἐθνῶν
244 1122 288 1149 τὸν
308 1122 352 1149 διὰ
371 1123 421 1158 τῆς
444 1122 540 1157 καινῆς
565 1121 701 1157 Διαθήκης
721 1121 803 1148 αὐτοῦ
829 1131 930 1158 καταρ-

137 1167 254 1201 τίζεται,
270 1169 397 1203 συνεργὸν
412 1168 458 1195 τὸν
474 1167 592 1202 Πατέρα,
609 1167 655 1193 καὶ
671 1168 720 1201 τῆς
735 1167 831 1194 ἑαυτοῦ
844 1168 931 1200 δεξιᾶς

138 1214 275 1250 πάρεδρον
292 1213 474 1249 κεκτημένος·
491 1213 531 1240 διό
542 1221 639 1248 φησιν·
653 1221 661 1238 t
681 1213 723 1239 Ἐν
737 1213 811 1248 μέσῳ
826 1213 929 1239 πολλῶν

139 1261 241 1287 αἰνέσω
255 1260 351 1292 αὑτὸν,
368 1260 410 1286 ὅτι
427 1259 551 1295 παρέστη
564 1260 595 1285 ὲκ
606 1258 700 1290 δεξιῶν
714 1259 837 1294 πένητος.
851 1268 860 1283 ι
876 1258 929 1285 Καὶ

137 1306 188 1342 τὴν
207 1305 275 1342 μετὰ
295 1306 340 1332 τὸν
362 1305 475 1332 θάνατον
492 1305 573 1331 αὑτοῦ
591 1305 725 1340 σωτηρίαν
740 1304 869 1332 διδάσκει.
888 1305 930 1331 λέ-

138 1360 195 1385 γων
207 1359 214 1366 “
237 1361 245 1377 ι
261 1350 313 1377 Τοῦ
332 1351 415 1377 σῶσαι
432 1352 464 1377 ὲκ
480 1350 533 1377 τῶν
551 1350 770 1378 καταδιωχόντων
783 1352 831 1387 τὴν
842 1352 929 1387 ψυχήν

140 1406 206 1432 μου.
228 1407 237 1423 ι
263 1396 404 1433 ’Δνωτέρω
424 1397 488 1431 γοῦν
505 1397 591 1432 φήσας
607 1397 652 1422 τό·
669 1406 677 1421 ι
699 1397 866 1428 Κατεδίωξεν
881 1397 928 1423 ἅν-

138 1442 253 1485 θρωπον
269 1442 371 1478 πένητα
384 1443 430 1468 καὶ
447 1443 552 1477 πτωχὸν
563 1462 569 1473 ,
588 1443 634 1469 καὶ
649 1442 879 1476 κατανενυγμένον
895 1443 927 1477 τῇ

137 1488 240 1524 καρδίᾳ.
252 1488 299 1515 τοῦ
316 1487 488 1520 θανατῶσαι,
509 1497 517 1513 ι
533 1489 579 1514 καὶ
592 1488 684 1522 σαφῶς
695 1487 817 1523 δηλώσας
832 1487 927 1514 ἑαυτοῦ

989 304 1056 324 num
1074 297 1194 331 seipsum
1210 297 1350 328 nominat,
1366 297 1461 325 dicens
1475 307 1481 325 :
1497 308 1506 324 ‹
1521 298 1554 326 Et
1575 302 1602 326 tu
1614 320 1622 332 ,
1640 298 1754 327 Domine
1765 320 1773 333 ,

988 343 1102 370 Domine
1114 365 1121 376 ,
1139 343 1180 370 fac
1195 352 1300 371 mecum
1317 344 1534 372 misericordiam
1549 351 1659 380 propter
1674 354 1773 373 nomen

988 394 1079 421 tuum,
1098 389 1161 424 quia
1177 389 1295 425 benigna
1316 394 1358 418 est
1375 391 1565 418 misericordia
1591 396 1638 418 tua
1674 391 1772 420 Libera

987 442 1047 467 me,
1070 434 1134 469 quia
1156 442 1258 470 egenus
1283 441 1310 463 et
1331 444 1434 471 pauper
1451 445 1511 463 sum
1526 445 1576 472 ego
1592 437 1624 465 θ’.
1642 437 1772 471 ιρυίιιιιε

987 484 1049 515 post
1066 481 1118 507 alia
1133 480 1257 516 adjungit
1273 492 1279 509 :
1295 491 1303 507 ‹
1318 482 1412 509 Genua
1430 490 1490 510 mea
1511 484 1646 511 inﬁrmata
1671 488 1735 512 sunt
1756 493 1772 512 a

984 527 1106 562 jejunio,
1124 531 1150 555 et
1165 536 1230 555 caro
1245 536 1303 555 mea
1320 529 1461 557 immutata
1476 535 1518 557 est
1534 535 1644 565 propter
1657 532 1746 558 oleum
1761 541 1769 559 :

986 577 1012 600 et
1028 581 1078 608 ego
1093 573 1182 602 factus
1198 582 1258 601 sum
1285 576 1461 609 opprobrium
1487 577 1551 604 illis.
1570 576 1702 604 Viderunt
1727 585 1769 605 me

985 623 1012 646 et
1030 624 1175 647 moverunt
1192 622 1281 656 capita
1297 629 1346 649 sua
1361 622 1382 637 ⁷⁰
1396 631 1402 649 :
1419 632 1428 647 ι
1443 631 1502 656 qua:
1517 631 1582 650 sane
1598 624 1656 658 ipsa
1673 624 1771 651 nihilo-

985 666 1076 693 minus
1099 675 1179 693 suum
1204 667 1284 694 ﬁnem
1307 674 1455 695 consecuta
1473 672 1554 699 sunt,
1571 678 1625 704 quo
1646 674 1770 705 tempore

984 712 1029 746 qui
1046 713 1239 746 prmteribant,
1260 714 1461 741 maledicebant
1479 716 1504 743 ei
1522 720 1662 742 moventes
1678 717 1769 750 capita

985 766 1034 786 sua
1053 764 1080 786 et
1098 759 1220 787 dicentes
1235 770 1240 786 :
1256 769 1264 785 ι
1279 761 1356 788 Alios
1372 761 1462 788 salvos
1477 762 1541 789 fecit
1552 782 1558 794 ,
1575 762 1694 797 seipsuin
1712 770 1766 790 non

983 809 1073 839 potest
1087 806 1192 833 salvum
1208 806 1297 834 facere
1307 807 1340 834 '“.
1355 807 1507 840 )Quouiam
1522 816 1586 836 vero
1598 809 1678 836 etiam
1694 816 1768 836 nunc

982 849 1068 877 Judazi
1087 855 1194 885 patrum
1210 859 1324 879 suorum
1344 852 1371 879 in
1387 853 1493 888 seipsos
1506 853 1590 889 478
1606 855 1769 882 exsecratio-

983 904 1044 923 nem
1065 896 1235 925 attrahentes
1256 898 1473 926 exsecrabilibus
1495 902 1522 926 et
1545 899 1657 926 nefariis
1676 900 1767 928 verbis

951 947 969 973 Β
984 942 1113 970 detestari
1136 942 1305 970 Salvatorem
1327 951 1359 970 ac
1380 943 1525 971 Dominum
1548 949 1691 977 nostrum,
1712 953 1767 972 om-

983 996 1087 1023 nesque
1101 989 1258 1024 quicunque
1279 989 1306 1016 in
1323 989 1403 1017 ﬁdem
1427 990 1486 1024 ejus
1506 991 1683 1023 transierint,
1704 999 1767 1019 con-

983 1042 1114 1068 suevere,
1134 1035 1239 1062 idcirco
1259 1036 1388 1071 deinceps
1413 1036 1536 1071 adjungit
1554 1046 1560 1063 :
1577 1046 1587 1062 ι
1603 1036 1766 1064 Maledicent

983 1080 1036 1112 illi,
1051 1084 1076 1107 et
1091 1083 1120 1107 tu
1134 1080 1289 1108 benedices.
1308 1081 1359 1113 Qui
1376 1082 1520 1116 insurgunt
1534 1082 1562 1108 in
1577 1089 1620 1109 me
1630 1102 1637 1114 ,
1653 1082 1766 1110 confun-

981 1124 1100 1152 dantur:
1125 1133 1222 1154 servus
1246 1130 1336 1153 autem
1359 1130 1424 1154 tuus
1444 1127 1589 1154 lmtabitur.
1615 1128 1765 1154 lnduantur

981 1172 1026 1206 qui
1050 1171 1196 1199 detrahunt
1213 1172 1297 1204 mihi,
1322 1172 1443 1206 pudore,
1467 1177 1493 1199 et
1508 1173 1667 1208 aperiantur
1695 1174 1765 1200 sicut

981 1218 1119 1253 diploide,
1145 1218 1307 1246 confusione
1333 1226 1393 1246 sua.
1417 1218 1473 1254 Ego
1498 1223 1589 1246 autem
1615 1219 1765 1246 conﬁtebor

982 1263 1095 1291 Domino
1107 1265 1134 1291 in
1147 1272 1194 1292 ore
1209 1272 1268 1292 meo
1284 1275 1290 1291 :
1303 1268 1329 1292 et
1344 1265 1370 1292 in
1386 1265 1475 1292 medio
1488 1265 1636 1292 multorum
1649 1265 1765 1291 laudabo

980 1317 1052 1337 eum.
1081 1309 1214 1343 Quoniam
1239 1310 1327 1338 astitit
1348 1318 1361 1338 a
1377 1310 1481 1339 dextris
1494 1310 1639 1346 pauperis,
1659 1314 1691 1338 ut
1709 1310 1765 1339 sal-

980 1364 1040 1382 vam
1063 1355 1166 1383 faceret
1181 1364 1196 1383 a
1213 1357 1440 1392 persequentibus
1462 1358 1580 1384 animam
1604 1365 1693 1384 meam
1703 1358 1736 1386 "’.
1751 1366 1761 1383 1

979 1401 1012 1428 Et
1027 1410 1093 1429 sane
1106 1406 1214 1429 constat
1228 1410 1309 1438 quam
1325 1403 1419 1430 multis
1435 1402 1516 1430 etiam
1532 1410 1605 1430 nunc
1619 1403 1702 1430 rebus
1716 1403 1765 1430 ad-

979 1447 1066 1474 versis
1088 1447 1280 1475 conﬁictentur
1303 1448 1459 1484 quicunque
1487 1449 1690 1476 exsecrationes
1716 1448 1764 1475 ad-

979 1501 1074 1520 versus
1090 1494 1164 1520 illum
1183 1494 1210 1521 in
1236 1494 1293 1522 suis
1322 1494 1500 1522 conventibus
1521 1494 1643 1529 jactant',
1666 1494 1765 1529 quippe

136 1536 186 1563 τὸν
195 1535 309 1562 θάνατον
321 1535 497 1571 περιγράφων
507 1536 556 1571 τὴν
569 1535 734 1571 προφητείαν
745 1534 792 1570 τὴν
805 1534 872 1569 μετὰ
883 1535 928 1561 τὸν

979 1538 1023 1571 qui
1039 1539 1072 1565 ab
1086 1539 1182 1566 iisdem
1200 1541 1369 1575 temporibus
1383 1549 1417 1567 ne
1432 1540 1568 1575 respirare
1581 1540 1701 1575 quidem,
1717 1544 1765 1566 aut

138 1582 254 1609 οὰνατον
268 1581 349 1608 αὑτοῦ
364 1582 497 1617 σωτηρίαν
512 1581 619 1617 ᾐνίξατο
634 1581 728 1607 εἰπών·
742 1590 750 1606 ε
765 1580 824 1606 ’Ότι
846 1581 929 1616 παρέ-

980 1584 1118 1617 suspicere
1135 1592 1253 1619 unquam
1277 1585 1425 1620 potuerint,
1442 1593 1577 1620 quamque
1598 1585 1641 1612 ille
1651 1584 1765 1611 feliciter

138 1636 190 1663 στη
208 1629 240 1654 ὲκ
259 1628 353 1661 δεξιῶν
369 1628 493 1664 πένητος,
508 1626 555 1653 τοῦ
574 1627 658 1653 σῶσαι
678 1627 710 1653 ἐκ
729 1626 782 1653 τῶν
798 1626 926 1652 καταδιω-

976 1629 1002 1656 ίη
1020 1630 1108 1657 medio
1125 1632 1271 1658 multarum
1295 1632 1414 1666 gentium
1438 1639 1486 1665 per
1510 1639 1588 1658 suum
1609 1631 1694 1665 ipsius
1710 1629 1765 1657 Νο-

131 1674 241 1702 ,κόντων
254 1675 303 1710 τὴν
318 1674 405 1710 ψυχήν
423 1683 482 1709 μου.
505 1683 513 1699 ι

981 1682 1043 1701 vmn
1061 1674 1263 1702 Testamentum
1275 1683 1325 1703 suo
1340 1675 1413 1702 Patri
1429 1675 1533 1703 laudem
1557 1676 1688 1710 perliciat,
1700 1675 1764 1702 dum

135 1722 264 1750 eumdem
294 1722 401 1750 Patrem
423 1722 575 1756 adjutorem
603 1724 630 1748 et
657 1727 712 1748 sua:
733 1720 837 1747 dextra:
856 1727 1022 1748 assessorem
1049 1722 1164 1755 obtinet,
1191 1731 1259 1757 quas
1285 1723 1320 1750 ob
1342 1731 1386 1750 res
1411 1722 1447 1749 ita
1462 1723 1619 1757 loquitur”
1635 1722 1662 1749 In
1674 1721 1764 1748 medio

136 1769 286 1796 multorum
306 1767 422 1796 laudabo
443 1774 517 1798 eum,
532 1766 595 1801 quia
617 1766 703 1793 astitit
718 1773 733 1792 a
755 1765 859 1792 dextris
889 1766 1026 1799 pauperis.
1047 1775 1056 1792 ›
1078 1767 1197 1795 Salutem
1219 1773 1347 1802 praeterea
1367 1775 1426 1802 qua:
1450 1767 1536 1802 ipsius
1568 1769 1683 1793 mortem
1717 1771 1762 1791 se-

134 1818 203 1841 cula
235 1819 288 1846 est.
315 1814 394 1842 docet
416 1814 458 1841 his
481 1813 590 1840 verbis:
616 1821 625 1838 (
643 1810 677 1839 Ut
701 1812 803 1839 salvam
831 1812 933 1839 faceret
950 1820 964 1839 a
984 1815 1209 1849 persequentibus
1226 1814 1343 1841 animam
1359 1822 1457 1842 meam.
1477 1823 1486 1839 ι
1504 1813 1592 1848 Supra
1612 1812 1686 1839 enim
1700 1819 1762 1839 cum

135 1859 206 1887 illud
217 1860 337 1888 dixerit:
357 1869 366 1886 ι
385 1860 548 1888 Persecutus
566 1862 608 1886 est
624 1859 760 1887 hominem
775 1868 921 1895 pauperem
941 1866 967 1889 et
983 1871 1107 1898 egenum,
1125 1867 1151 1890 et
1167 1866 1359 1897 compunctum
1385 1862 1485 1893 corde.
1512 1866 1543 1888 ut
1566 1864 1652 1888 morte
1674 1859 1764 1887 allice-

135 1911 190 1938 ret,
206 1915 216 1932 l
245 1906 378 1942 planeque
405 1913 482 1933 suam
507 1909 622 1932 mortem
651 1905 832 1938 indicaverit,
861 1907 924 1934 dum
943 1909 1111 1943 prophetiam
1135 1908 1338 1936 circumscribit
1358 1918 1364 1936 :
1386 1912 1444 1935 tum
1467 1915 1532 1935 vero
1564 1907 1678 1934 salutem
1702 1914 1763 1941 quas

135 1956 255 1979 mortem
279 1952 365 1986 ipsius
384 1956 478 1980 secuta
505 1955 564 1984 est,
590 1950 753 1987 signiﬁcavit
766 1970 773 1983 ,
805 1951 899 1980 dicens
918 1963 924 1980 :
948 1963 956 1979 ι
975 1954 1108 1987 Quoniam
1125 1955 1211 1981 astitit
1229 1963 1244 1982 a
1259 1955 1362 1982 dextris
1382 1954 1520 1989 pauperis,
1542 1957 1572 1980 ut
1604 1953 1706 1980 salvam
1722 1952 1762 1979 fa-

135 2002 214 2027 cere:
229 2006 244 2026 a
261 1999 485 2034 persequentibus
498 1999 616 2026 animam
630 2006 729 2026 meam.
745 2007 754 2024 ι

141 2057 217 2085 Ἀπὸ
227 2056 279 2084 τοῦ
287 2056 480 2090 Ζαχαρίορ.-
489 2056 550 2082 "Eu
563 2055 629 2089 περὶ
639 2056 692 2082 τοῦ
700 2055 792 2082 Ἰούδα
804 2055 853 2082 καὶ
867 2055 926 2082 τῶν

173 2088 401 2127 ἀρτυρίῳνᾶιὲθ
417 2088 472 2127 ὧνᾲ
478 2091 549 2127 τὸνᾲ
562 2088 670 2127 Κύριον
687 2090 838 2127 προῦδωκε
848 2110 855 2122 ,
875 2090 924 2127 καὶ

174 2125 317 2161 περὶτῆς
338 2125 492 2159 ἀποϐολῆς
515 2125 573 2152 τῶν·
596 2126 675 2159 παρὰ
703 2125 853 2157 Ἰουδαίοις
878 2126 924 2159 ἀρ-

171 2163 290 2197 χόντων
303 2170 334 2188 τε
349 2161 398 2187 καὶ
411 2161 592 2195 ἀρχομένων.

176 2227 187 2243 ί
203 2216 259 2244 Καὶ
281 2216 399 2252 λήψομαι
422 2216 532 2252 ἐμαυτῷ
561 2217 607 2243 δυο
629 2217 759 2252 ῥάϐδους,
786 2216 836 2252 τὴν
862 2216 926 2252 μίαν

135 2268 258 2296 ικάλεσα
271 2268 381 2300 κάλλος,
399 2268 445 2294 καὶ
461 2268 510 2303 τὴν
527 2267 622 2303 ἑτέραν
634 2268 750 2294 ἐκάλεσα
767 2268 924 2303 σχοίνισμα,

135 2319 187 2347 καὶ
204 2318 326 2354 ποιμανῶ
342 2318 376 2344 τὰ
393 2317 516 2354 πρόϐατά
530 2325 590 2351 μου,
608 2317 654 2342 καὶ
668 2315 757 2351 ἐξαρῶ
775 2316 837 2347 τοὺς
853 2317 927 2350 τρεῖς
943 2318 966 2346 ι)
978 2303 1089 2354 Bai???

137 2365 272 2401 ¹[ποιμένας
283 2364 312 2391 ἐν
331 2363 395 2399 μηνὶ
411 2363 467 2394 ένὶ,
484 2362 530 2389 καὶ
547 2361 743 2397 βαρυνθήσεται
754 2363 770 2397 ὴ
783 2361 856 2396 ψυχή
875 2369 925 2395 μου

136 2412 182 2438 ἐπ’
200 2409 308 2441 αὐτούς.
324 2410 379 2436 Kal.
390 2409 443 2444 γὰρ
462 2408 489 2434 αἱ
507 2407 588 2443 ψυχαὶ
606 2407 694 2434 αὐτῶν
710 2406 864 2442 ὲπωρύοντο
882 2408 925 2433 ἐπ’

137 2461 207 2496 ἐμὲ,
225 2460 273 2487 καὶ
292 2457 373 2486 εἶτ-ια’
396 2459 433 2485 Οὐ
455 2457 578 2493 ποιμανῶ
597 2458 684 2492 ὑμᾶς·
706 2458 736 2483 τὸ
757 2456 926 2491 ἀποθνῆσκον

137 2510 346 2546 ἀποθνησκέτω,
362 2509 408 2535 καὶ
419 2508 448 2534 τὸ
468 2508 591 2534 ἐκλεῖπον
604 2507 762 2539 ὲκλειπέτω,
778 2506 867 2534 καὶτὰ
878 2515 927 2533 κα-

137 2557 259 2585 τάλοιπα
274 2555 445 2585 ὲσθιέτωσαν,
458 2554 571 2585 ἕκαστος
582 2553 631 2584 τὰς
642 2553 745 2588 σάρκας
754 2552 801 2578 τοῦ
814 2552 926 2588 πλησίον

139 2604 235 2634 αὑτοῦ.
253 2605 309 2632 Καὶ
322 2604 439 2639 λήψομαι
447 2603 496 2638 τὴν
510 2602 604 2638 ῥάϐδον
619 2601 666 2637 τὴν
682 2601 775 2636 καλὴν,
785 2602 830 2628 καὶ
843 2601 928 2637 ἀπορ-

140 2658 213 2694 ρίψω
228 2656 314 2692 αὐτὴν
336 2655 383 2682 τοῦ
400 2653 572 2681 διασκεδάσαι
588 2653 636 2688 τὴν
657 2652 792 2688 Διαθήκην
812 2662 861 2688 μου
871 2673 878 2685 ,
894 2653 928 2688 ἢν

139 2708 270 2744 διεθέμην
285 2706 353 2743 πρὸς
368 2706 469 2736 πάντας
483 2705 546 2735 τοὺς
561 2703 650 2734 λαούς.
668 2703 721 2729 Καὶ
736 2703 929 2738 διασκεδασθή-

142 2767 219 2786 aetat
239 2759 269 2784 ὲν
285 2758 319 2793 τῇ
336 2757 426 2793 ἡμέρᾳ
448 2755 548 2791 ἐκείνῃ,
566 2754 612 2781 καὶ
628 2753 775 2788 γνώσονται
795 2754 819 2780 οἱ
839 2754 929 2780 Χανα-

142 2807 211 2833 ναῖοι
235 2805 270 2832 τὰ
295 2803 418 2839 πρόϐατα
437 2801 472 2828 τὰ
495 2800 685 2835 φυλασσόμενα
709 2809 764 2835 μοι⁷
783 2800 824 2826 ὅτι
843 2800 930 2833 Λόγος

142 2855 247 2890 Κυρίου
261 2853 329 2881 ἐστί.
341 2852 397 2880 Καὶ
411 2851 466 2887 ἐρῶ
479 2851 546 2887 πρὸς
555 2849 667 2881 αὐτούς’
679 2850 710 2876 Et
720 2848 801 2875 καλὸν
811 2847 929 2878 ἐνώπιον

978 2042 999 2069 Α
1016 2041 1158 2069 Zacltaria.
1174 2058 1208 2062 —
1224 2042 1290 2069 Item
1317 2042 1349 2069 de
1365 2041 1437 2068 Iuda
1463 2045 1488 2068 et
1513 2042 1655 2076 argenteis?
1668 2042 1762 2076 quibus

1013 2078 1156 2105 Dominum
1170 2077 1296 2111 prodidit,
1311 2080 1392 2112 deque
1404 2076 1542 2110 rejectione
1554 2077 1624 2110 apud
1639 2075 1759 2106 Iudaeos.

1013 2117 1067 2139 tam
1083 2121 1173 2139 eorum
1191 2113 1235 2147 qui
1264 2112 1438 2147 imperabant,
1470 2119 1548 2145 quam
1564 2119 1653 2138 eorum
1667 2112 1761 2147 quibus

1012 2148 1201 2181 imperabatur.
1645 2163 1648 2166 ι

1017 2214 1026 2230 ‹
1044 2204 1077 2230 Ει
1091 2203 1197 2238 capiam
1210 2203 1277 2230 mihi
1291 2202 1360 2230 duas
1374 2202 1473 2237 virgas.
1492 2210 1574 2230 unam
1586 2203 1681 2230 vocavi
1700 2203 1761 2237 pul—

979 2250 1182 2282 chritudinem,
1210 2252 1238 2277 et
1268 2249 1380 2276 alteram
1409 2248 1503 2275 vocavi
1537 2247 1704 2281 funiculum,
1735 2254 1762 2275 et

1116 2303 1180 2323 oves
1205 2301 1297 2326 meas,
1325 2298 1352 2321 et
1379 2294 1500 2321 auferam
1526 2298 1582 2321 tres
1598 2298 1721 2328 pastores
1733 2294 1761 2321 in

978 2349 1071 2369 mense
1087 2348 1158 2373 uno,
1177 2344 1204 2367 et
1227 2339 1382 2375 gravabitur
1401 2340 1491 2366 anima
1513 2347 1573 2366 mea
1596 2347 1678 2374 super
1704 2347 1761 2367 eos.

978 2387 1061 2423 5,79
1074 2386 1178 2414 Etenim
1197 2386 1293 2412 anima:
1304 2393 1398 2413 eorum
1417 2385 1557 2420 rugierunt
1569 2392 1651 2419 super
1661 2392 1704 2412 me
1713 2404 1721 2417 ,
1734 2389 1763 2412 et

979 2434 1046 2465 dixi,
1062 2433 1120 2460 Non
1136 2440 1244 2467 pascam
1256 2440 1322 2464 vos;
1340 2431 1412 2466 quod
1430 2432 1554 2462 moritur,
1568 2431 1715 2461 moriatur,
1734 2434 1762 2457 et

979 2479 1052 2515 quod
1062 2479 1161 2510 deﬁcit,
1175 2478 1283 2505 deﬁciat
1297 2488 1302 2505 :
1319 2482 1345 2505 et
1357 2485 1416 2512 quae
1428 2476 1531 2511 reliqua
1547 2480 1611 2503 sunt
1621 2476 1760 2506 devorent.

980 2525 1167 2560 unusquisque
1178 2531 1275 2551 carnes
1289 2523 1405 2559 proximi
1427 2523 1482 2555 sui,
1495 2526 1522 2550 et
1537 2522 1641 2556 capiam
1658 2522 1761 2557 virgam

980 2571 1133 2606 pulchram,
1147 2574 1174 2597 et
1188 2569 1314 2604 abjiciam
1331 2576 1401 2601 eam,
1417 2568 1450 2595 ad
1462 2566 1649 2602 dissipandum
1666 2566 1762 2594 Testa-

982 2621 1102 2645 mentum
1118 2624 1207 2643 meum
1219 2635 1226 2647 ,
1251 2615 1322 2650 quod
1337 2615 1457 2649 disposui
1475 2614 1507 2641 ad
1521 2621 1614 2641 onmes
1630 2612 1744 2648 populos
1754 2632 1761 2642 .

981 2667 1008 2691 et
1025 2663 1202 2697 dissipabitur
1217 2662 1244 2688 in
1262 2661 1305 2688 die
1318 2661 1379 2692 illa,
1402 2664 1430 2688 et
1442 2664 1607 2695 cognoscent
1617 2658 1763 2687 Cbananaai

983 2717 1047 2737 oves
1059 2717 1119 2745 qua:
1130 2708 1321 2736 custodiuntur
1338 2707 1420 2738 mihi,
1436 2707 1507 2742 quod
1523 2706 1642 2734 Verbum
1658 2704 1763 2733 Domini

983 2759 1035 2787 est,
1051 2759 1077 2783 et
1091 2755 1180 2782 dicam
1197 2754 1231 2781 ad
1242 2761 1289 2781 eos
1303 2763 1309 2780 :
1328 2753 1356 2780 Si
1368 2753 1511 2780 honestum
1521 2753 1597 2780 estin
1615 2755 1764 2786 conspectu

982 2807 1082 2834 vestro,
1100 2802 1162 2829 date
1173 2801 1324 2829 mercedem
1337 2807 1424 2827 meam
1436 2819 1443 2831 ,
1459 2804 1505 2826 aut
1525 2799 1643 2831 renuite,
1660 2801 1686 2826 et
1698 2806 1765 2826 con-
1788 2835 1790 2837 ἱ

982 2847 1128 2875 stituerunt
1143 2846 1295 2873 mercedem
1317 2851 1413 2877 meam,
1426 2843 1536 2879 triginta
1554 2845 1716 2877 argenteos=
1737 2844 1766 2867 et

179 2933 203 2950 "
220 2932 310 2960 Palat.
326 2937 403 2962 cvm,
422 2929 469 2964 21,
483 2929 528 2957 22.
566 2929 588 2946 ⁷⁸
608 2927 673 2957 ibid.
690 2927 734 2960 21,
751 2927 796 2955 25.
834 2927 855 2944 ⁷¹
877 2925 929 2955 Mal

967 2946 975 2954 .
993 2927 1082 2959 xxvti,
1100 2926 1144 2959 Η,
1165 2925 1209 2953 ια.
1246 2925 1269 2942 "
1290 2924 1361 2951 Psal.
1377 2930 1460 2955 cvm,
1476 2920 1571 2949 28-51.
