2099 3217
347 194 401 223 145

345 254 417 283 dixit
434 253 566 282 Dominus
582 252 620 300 ad
632 259 685 285 me.
702 251 813 300 Dimitte
832 260 879 280 eos
894 252 923 300 in
937 252 1095 300 fornacem,
1110 257 1138 281 et
1151 271 1175 300 Δ

345 304 440 337 specta
451 308 515 328 num
527 298 706 335 approbatum
728 298 774 331 sit,
794 298 1023 334 quemadmodum
1038 300 1138 335 proba-

345 352 392 376 tos
407 354 467 375 sum
484 353 534 382 pro
548 346 603 374 illis
616 365 624 378 ,
647 349 674 373 et
690 345 783 381 accepi
800 345 914 381 triginta
930 350 1075 381 argenteos
1087 366 1095 379 .
1107 351 1138 375 et

345 394 447 431 projeci
463 401 510 421 eos
529 393 557 420 in
575 393 656 420 domo
672 391 779 420 Domini
794 392 821 419 in
847 391 998 424 fornacem,
1010 396 1037 420 et
1050 393 1137 427 abjeci

345 442 448 475 virgam
464 440 588 470 alteram,
610 446 670 474 qum
695 438 795 466 dicitur
814 438 968 471 funiculus,
995 439 1028 465 ad
1055 439 1137 466 dissi-

345 487 465 522 pandum
479 486 683 514 Testamentum
715 485 786 512 inter
811 485 908 512 Judam
929 490 955 513 et
977 486 1061 513 Israel
1074 486 1106 512 ⁷³.
1123 496 1133 512 ›

346 533 409 561 Haec
424 533 506 568 igitur
522 541 601 560 suum
630 532 710 559 ﬁnem
734 535 882 559 consecuta
901 537 974 563 sunt,
994 539 1049 567 quo
1064 536 1134 559 tem-

346 587 422 614 pore,
436 583 464 605 ut
481 583 523 605 cst
538 577 608 613 apud
625 576 725 604 Lucam
737 597 744 608 ,
774 586 784 602 1
803 576 898 603 abiens
915 577 999 605 Judas
1028 578 1134 604 locutus

344 631 387 653 est
407 633 467 652 cum
483 624 653 659 principibus
677 623 849 651 sacerdotum
868 627 894 650 et
911 624 1021 654 scribis.
1038 627 1065 651 et
1081 624 1133 650 du—

345 671 422 698 cibus
435 670 537 705 templi,
552 669 689 704 quomodo
706 668 781 695 illum
797 669 836 696 eis
851 668 987 700 traderet;
1007 674 1033 696 et
1049 669 1132 704 gavisi

345 719 418 746 sunt,
437 720 463 742 et
482 714 553 749 pacti
571 717 635 740 sunt
651 718 793 748 argentum
812 713 849 739 illi
864 714 930 741 dare
945 713 977 741 ⁷⁸.
996 724 1004 740 ι
1021 713 1055 741 Ut
1068 722 1134 741 vero

343 760 415 796 apud
431 760 550 787 Marcum
567 760 696 795 legimus,
722 766 784 786 cum
809 759 876 786 abiit
897 768 906 784 1
937 759 969 786 ad
995 760 1133 795 principes

343 805 538 836 sacerdotum,
564 808 593 831 ut
615 805 690 830 illum
719 803 862 838 proderet;
891 802 930 830 illi
947 808 1035 831 autem
1049 805 1132 838 gavisi

342 856 425 882 sunt,
446 854 473 878 et
488 850 674 886 promiserunt
700 849 724 876 ei
749 857 779 877 se
809 853 951 884 argentum
976 849 1099 878 daturos.
1121 861 1130 876 ι

343 897 444 925 Verum
469 896 540 932 apud
576 896 625 923 hos
652 896 763 930 quidem
791 899 934 931 argentum
971 895 1133 930 simpliciter

675 192 811 221 EUSEBII
830 192 1071 221 CESARIENSIS
1090 193 1165 222 OPP.
1187 194 1279 224 PARS
1298 195 1331 224 ll.
1352 211 1387 216 —
1406 194 1657 224 APOLOGETICA.

1928 187 1978 215 7U

1189 255 1266 291 ὑμῶν
1282 257 1340 283 ἐστι
1351 276 1358 289 ,
1374 255 1434 283 δότε
1449 256 1495 283 τὸν
1512 255 1608 291 μισθόν
1623 263 1685 291 μου,
1699 253 1720 290 ἢ
1736 252 1901 281 ἀπείπασθε.
1924 252 1980 280 Καὶ

1189 301 1306 337 ἔστησαν
1325 301 1372 329 τὸν
1395 301 1492 338 μισθόν
1516 310 1567 337 μου
1589 300 1736 337 τριάκοντα
1752 298 1901 335 ἀργυροῦς.
1923 298 1980 325 Καὶ

1187 346 1247 375 εἷπε
1269 347 1376 384 Κύριος
1393 348 1462 384 πρὸς
1487 348 1535 384 μὲ-
1554 347 1644 380 Κάθες
1659 347 1757 379 αὐτοὺς
1775 347 1816 378 είς
1877 354 1979 382 χωνιν-

1185 394 1289 430 τήριον.
1322 394 1376 420 Καὶ
1400 393 1498 429 σκέψαι
1518 394 1543 420 εί
1565 393 1676 428 δόκιμόν
1702 394 1793 425 ἐστιν,
1818 392 1850 419 6v
1877 393 1978 428 τρόπον

1186 440 1367 477 ἐδοκιμάσθην
1395 441 1466 476 ὑπὲρ
1493 441 1593 468 αὐτῶν.
1616 440 1670 467 Καὶ
1697 439 1792 466 ἑλαὸον
1816 440 1880 470 τοὺς
1904 439 1978 475 τριά-

1186 495 1267 513 κοντα
1284 487 1420 523 ἀργυροῦς
1432 507 1439 519 ,
1457 488 1504 514 καὶ
1523 486 1646 513 ἐνέϐαλον
1660 486 1759 517 αὐτοὺς
1781 487 1821 517 είς
1837 484 1883 511 τδν
1902 481 1977 512 οἶκον

1185 533 1288 568 Κυρίου
1304 533 1344 564 εἰς
1361 532 1390 559 τὸ
1405 533 1593 568 χωνευτήριον,
1612 532 1659 558 καὶ
1669 531 1810 567 ἀπέῤῥιψα
1821 530 1869 566 τὴν
1880 530 1976 566 ρἀδον

1185 580 1233 615 τὴν
1248 580 1377 615 δευτέραν
1393 580 1422 606 τὺ
1435 580 1587 615 σχοίνισμα,
1605 578 1652 605 τοῦ
1666 577 1840 604 διασκεδάσαι
1854 577 1903 612 τὴν
1915 578 1976 603 Δια-

1185 626 1270 662 θήκην
1288 626 1338 653 ἀνὰ
1356 627 1436 663 μέσον
1444 626 1528 652 Ἰούδα
1545 626 1591 653 καὶ
1606 625 1657 652 ἀνὰ
1676 625 1756 660 μέσον
1770 624 1904 660 Ἰσραήλ.»
1921 623 1975 650 Καὶ

1184 671 1268 698 ταῦτα
1283 671 1375 702 τέλους
1392 671 1599 706 ὲτύγχανεν,ὃτε
1611 691 1618 702 ,
1630 670 1701 696 κατὰ
1722 670 1770 705 μὲν
1787 669 1832 695 τὸν
1850 669 1974 699 Δουκᾶν,

1188 718 1330 744 ιάπελθὼν
1350 719 1364 744 ό
1389 718 1488 750 Ἰούδας
1508 717 1644 744 συνελάλει
1672 718 1727 748 τοῖς
1752 715 1908 752 ἀρχιερεῦσι
1929 715 1975 741 καὶ

1185 765 1346 799 στρατηγοῖς
1362 764 1408 790 τοῦ
1435 763 1518 799 ἱεροῦ,
1541 763 1614 793 ὅπως
1631 761 1712 788 αὐτὸν
1735 760 1848 797 παραδῷ
1864 761 1955 792 αὐτοῖς
1966 768 1973 775 ·

1184 809 1230 835 καὶ
1245 809 1392 845 ἐχάρησαν,
1412 811 1458 836 καὶ
1469 810 1609 836 συνέθεντο
1623 808 1698 844 αὐτῷ
1714 807 1834 844 ἀργύρια
1847 806 1950 834 δοῦναι.-
1961 816 1972 832 ι

1185 856 1261 882 Κατὰ
1275 856 1302 882 δὲ
1314 857 1358 883 τὸν
1373 856 1494 892 Μάρκον,
1502 856 1618 892 ὁπηνίκα
1632 855 1750 890 (ἀπῆλθε
1767 854 1835 890 πρὸς
1849 854 1914 885 τοὺς
1925 854 1976 889 ἀρ-

1184 903 1292 938 χιερεῖς,
1304 903 1346 928 ἵνα
1363 902 1475 937 παραδῷ
1490 903 1579 928 αὐτόν.
1593 903 1624 928 Οἱ
1633 902 1661 928 δὲ
1672 901 1820 936 ἐχάρησαν,
1835 902 1882 927 καὶ
1892 900 1974 933 ἐπεγ-

343 944 514 971 nominatum
539 945 591 969 est.
609 941 686 976 Apud
707 941 861 969 Mattbzeum
877 946 967 969 autem
1002 950 1131 970 numerus

1185 947 1308 981 γείλαντο
1331 948 1404 983 αὐτῷ
1426 947 1544 983 ἀργύρια
1571 947 1673 974 δοῦναι.
1697 956 1705 972 ι
1726 946 1795 972 Ἀλλ’
1818 946 1846 972 ὲν
1870 945 1975 975 τούτοις

343 997 452 1025 quoque
467 988 614 1020 indicatur,
631 989 677 1023 qui
695 996 761 1015 sane
775 988 810 1015 ab
825 997 857 1016 eo
875 997 954 1023 quem
972 989 1064 1023 posuit
1079 989 1131 1016 Za-

342 1037 451 1064 cbarias
464 1036 576 1062 minime
593 1035 739 1069 discrepat.
765 1034 835 1062 Dicit
861 1035 943 1070 igitur
967 1035 1129 1062 Matthams:

345 1093 354 1109 1
371 1083 448 1111 Tunc
465 1083 558 1110 nbicns
574 1090 645 1109 unus
662 1081 695 1109 de
705 1081 859 1111 duodecim.
873 1081 918 1116 qui
932 1081 1033 1108 dicitur
1048 1081 1132 1109 Judas

336 1130 496 1167 'lscariotes,
507 1129 540 1156 ad
554 1129 693 1164 principes
705 1127 970 1159 sacerdotum,dixit
985 1128 1025 1155 eis
1039 1138 1045 1155 :
1061 1127 1130 1161 Quid

341 1177 424 1204 vultis
441 1176 505 1202 mihi
519 1175 595 1205 dare,
610 1179 636 1202 et
652 1182 702 1209 ego
713 1181 775 1200 eum
789 1174 867 1201 vobis
882 1173 1012 1200 tradam?
1024 1175 1063 1201 illi
1080 1182 1131 1201 au-

340 1227 395 1251 tem
409 1222 612 1250 constituerunt
633 1220 656 1247 ci
672 1220 784 1255 triginta
799 1224 917 1247 statercs
932 1220 966 1247 ⁷⁸.
983 1229 991 1246 ι
1009 1220 1132 1248 Consen-

340 1273 420 1296 tanca
432 1268 513 1303 igitur
527 1268 583 1294 haec
598 1272 661 1294 sunt
680 1267 703 1293 ei
720 1266 792 1301 quod
815 1266 842 1293 in
859 1266 1001 1301 prophetia
1027 1267 1130 1294 dictum

340 1319 383 1342 est
394 1323 408 1340 a
426 1313 560 1341 Domino:
580 1322 589 1338 ι
608 1312 639 1339 Ει
653 1313 855 1339 constituerunt
870 1312 1023 1340 mercedem
1041 1321 1128 1340 meum

342 1360 454 1395 triginta
479 1363 634 1394 argenteos.
662 1368 670 1383 ι
704 1357 757 1385 Pro
783 1365 837 1392 quo
864 1358 1044 1393 Symmachus
1069 1360 1131 1393 qui-

340 1407 401 1434 dem
428 1406 484 1432 ait:
505 1414 514 1431 1
542 1403 576 1431 Et
602 1404 839 1439 apprehenderunt
866 1404 1017 1432 mercedem
1043 1413 1129 1431 meam

339 1453 450 1488 triginta
474 1456 628 1487 argenteos.
645 1460 654 1476 ι
683 1450 780 1486 Aquila
796 1457 881 1477 vero:
902 1459 912 1476 1
933 1449 965 1476 Et
981 1450 1130 1477 constitue-

339 1503 404 1527 runt
428 1497 580 1526 mercedem
598 1504 685 1525 meam
698 1497 810 1532 triginta
830 1499 984 1531 argenteos,
1002 1506 1011 1522 ι
1029 1496 1130 1531 quibus

338 1545 406 1572 illud
423 1544 602 1579 adjungitur:
627 1552 637 1569 1
656 1543 689 1570 Et
704 1542 773 1569 dixit
796 1541 929 1569 Dominus
945 1542 979 1569 ad
1003 1549 1067 1569 me:
1085 1542 1130 1568 Di-

337 1591 416 1619 mitte
429 1598 477 1618 eos
491 1590 519 1617 in
535 1590 684 1622 fornacem,
699 1592 727 1616 et
749 1588 812 1616 vide
826 1595 891 1615 num
909 1588 1055 1623 probatum
1073 1588 1126 1621 sit,

335 1637 567 1673 quemadmodum
593 1636 725 1672 probatus
748 1642 808 1662 sum
824 1642 874 1670 pro
891 1635 954 1662 illis.
972 1644 981 1661 ι
1001 1634 1056 1663 Pro
1075 1642 1129 1671 quo

337 1692 435 1712 rursus
449 1684 547 1719 Aquila
570 1682 681 1718 quidem
702 1682 742 1709 sic
758 1681 797 1708 ait
812 1691 818 1708 :
837 1690 846 1707 ι
866 1680 898 1708 Et
915 1681 983 1709 dixit
997 1681 1128 1710 Dominus

335 1731 372 1758 ad
389 1739 450 1759 me:
468 1730 580 1758 Dimitte
593 1737 641 1757 eos
658 1729 685 1756 in
702 1727 852 1764 fornacem,
866 1728 969 1763 projice
986 1736 1033 1756 eos
1047 1729 1081 1756 ad
1097 1729 1128 1756 li-

337 1777 444 1812 gulum,
458 1776 623 1803 immensum
638 1775 755 1809 pretium
771 1781 826 1809 quo
837 1774 987 1801 aestimatus
1004 1781 1064 1801 sum
1079 1782 1127 1809 pro

336 1822 402 1855 illis,
416 1832 425 1848 ι
439 1821 522 1858 480
533 1824 559 1848 et
572 1827 638 1848 sane
651 1819 760 1846 attende
775 1826 894 1854 quonam
911 1822 989 1852 pacto
1002 1818 1059 1853 ipse
1074 1817 1127 1845 Do-

336 1870 431 1897 minus
446 1868 562 1904 pretium
578 1874 657 1895 suum
673 1865 817 1893 conﬁtetur
844 1865 957 1900 triginta
982 1870 1126 1900 argenteos

337 1916 433 1943 datum
447 1922 519 1943 esse.
545 1913 662 1941 Videtur
676 1916 766 1939 autem
783 1912 842 1947 ipsa
857 1912 1002 1938 verborum
1016 1912 1127 1947 excogi-

337 1962 407 1988 tatio
420 1961 501 1988 talem
515 1967 571 1995 pra:
585 1967 615 1987 se
633 1958 703 1986 ferre
719 1966 829 1986 sensum
845 1968 851 1986 :
868 1958 924 1994 Ego
943 1959 1052 1994 quidem
1071 1959 1126 1986 Do-

337 2008 430 2035 minus
446 2014 460 2032 a
477 2008 566 2041 primo
580 2006 714 2040 incipiens
731 2005 775 2032 die
797 2013 937 2041 nunquam
966 2006 1033 2033 desii
1060 2014 1126 2033 mea:

338 2052 514 2087 benignitatis
523 2051 623 2079 indicia
635 2051 712 2078 vobis
719 2050 821 2079 Judaais
833 2051 1126 2086 impendere,innume-

338 2099 525 2133 rabilibusque
543 2105 590 2125 vos
605 2097 745 2125 beneﬁciis
757 2097 874 2129 allicere,
892 2105 946 2124 non
959 2099 1046 2125 solum
1060 2098 1124 2125 dum

338 2144 373 2172 ad
387 2152 436 2172 vos
451 2144 484 2171 ab
505 2143 582 2170 initio
598 2143 744 2178 prophetas
769 2143 847 2170 mitto
859 2163 866 2175 ,
890 2143 936 2170 sed
959 2143 1040 2170 etiam
1059 2143 1123 2170 dum

338 2198 382 2217 me
396 2190 485 2225 ipsum
497 2189 574 2217 vobis
591 2193 751 2224 prazsenteln
766 2189 883 2216 exhibeo
893 2208 900 2221 ,
923 2193 978 2215 tum
994 2189 1021 2216 in
1037 2189 1124 2215 moui.

335 2237 374 2264 tis
390 2244 422 2263 ac
435 2235 616 2266 doeumentis,
632 2234 865 2269 rationalibusque
884 2235 1025 2269 praeceptis
1035 2255 1042 2267 ,
1067 2238 1125 2261 tum

335 2283 366 2310 in
379 2282 467 2317 signis
479 2285 506 2309 et
516 2281 650 2316 portentis
667 2285 693 2308 et
717 2281 777 2308 aliis
799 2281 994 2308 miraculorum
1018 2282 1125 2316 generi-

336 2328 401 2362 .bus,
425 2333 482 2356 tum
510 2328 591 2355 etiam
608 2327 635 2353 in
661 2327 850 2354 saltationibus
878 2331 905 2355 et
930 2327 1058 2361 medelis;
1075 2336 1124 2355 vos

334 2380 403 2407 ergo
414 2372 460 2406 qui
476 2374 550 2398 tanta
562 2371 738 2398 beneﬁcentia
753 2371 827 2406 digni
850 2371 935 2399 habiti
949 2372 1017 2399 estis
1027 2392 1035 2405 ,
1063 2373 1125 2401 date

336 2417 490 2446 mercedem
507 2425 605 2449 meam,
621 2421 668 2444 aut
682 2418 801 2445 renuite:
826 2418 866 2445 sic
880 2418 989 2453 quidem
1005 2418 1039 2446 ab
1053 2419 1122 2451 illis,

337 2469 368 2492 ut
383 2472 431 2500 par
445 2468 496 2497 est,
509 2465 613 2492 fructus
628 2465 747 2499 pietatis,
761 2469 788 2492 et
805 2465 905 2493 iudicia
922 2465 984 2493 ﬁdci
1000 2473 1065 2501 erga
1080 2474 1124 2494 se-

338 2511 426 2547 ipsum
443 2511 596 2546 postulans.
619 2511 654 2537 At
666 2511 704 2538 illi
724 2511 807 2546 (utin
835 2519 867 2539 ea
893 2520 973 2547 quam
999 2514 1123 2548 proxime

337 2563 400 2586 ante
416 2559 485 2585 hanc
502 2559 643 2594 posuimus
670 2558 826 2593 prophetia,
844 2558 946 2585 dictum
961 2560 1024 2592 est),
1046 2568 1054 2584 1
1073 2566 1123 2593 pro

335 2612 371 2631 eo
383 2609 411 2632 ut
423 2613 467 2632 me
482 2605 634 2640 diligerent.
649 2604 828 2631 detrahebant
843 2605 919 2636 mihi,
935 2609 961 2631 et
972 2608 1122 2640 posuerunt

338 2651 482 2678 adversum
499 2659 542 2678 me
558 2651 627 2678 mala
644 2658 693 2685 pro
709 2651 786 2678 bouis
797 2672 804 2683 ,
824 2655 850 2677 et
872 2650 962 2677 odium
988 2658 1037 2685 pro
1051 2650 1120 2677 dile-

336 2697 429 2723 ctione
444 2703 503 2723 mea
520 2697 560 2729 ⁷⁶;
580 2706 589 2722 ι
609 2701 636 2724 et
645 2704 706 2723 cum
723 2696 834 2731 triginta
854 2701 997 2730 argenteos
1018 2695 1121 2723 consti—

337 2742 451 2772 tuerint,
465 2747 595 2777 tanquam
609 2750 671 2769 eum
683 2744 730 2778 qui
740 2743 808 2769 tanti
820 2742 992 2775 venderetur,
1001 2742 1121 2769 aestima-

341 2790 447 2813 verunt.
461 2787 514 2814 Sed
530 2788 659 2823 quoniam
676 2789 892 2823 uniuscujusque
909 2796 979 2823 opus
994 2788 1074 2823 quale
1085 2789 1120 2815 sit

343 2831 412 2866 ignis
425 2834 658 2867 probabit,merito
666 2836 782 2870 imperat
793 2840 821 2862 ut
831 2835 975 2862 mittantur
988 2835 1015 2861 in
1027 2834 1120 2861 forna-

1187 993 1234 1027 μὲν
1248 993 1340 1025 ἁπλῶς
1355 994 1385 1020 τὸ
1396 994 1525 1029 ἀργύριον
1538 993 1704 1029 ὡνόμαστᾱι·
1718 992 1794 1029 παρὰ
1807 993 1836 1018 δὲ
1849 991 1889 1027 τῷ
1903 992 1975 1018 Ματ-

1185 1038 1253 1073 θαίῳ
1270 1039 1466 1074 μνημονεύεται
1487 1039 1533 1065 καὶ
1554 1040 1568 1066 6
1591 1039 1716 1074 ἀριθμὸς,
1735 1038 1854 1074 συνᾴδων
1871 1039 1904 1073 τῇ
1921 1037 1976 1064 ἀπὸ

1183 1084 1229 1110 τοῦ
1245 1085 1378 1120 Ζαχαρίου
1396 1085 1555 1121 παραθέσει.
1573 1085 1652 1119 Λέγει
1671 1085 1693 1112 δ’
1715 1082 1760 1111 οὖν
1781 1085 1795 1111 6
1816 1084 1972 1115 Ματθαῖος·

1187 1143 1195 1156 1
1206 1131 1271 1157 Τότε
1287 1131 1428 1166 πορευθεὶς
1438 1129 1477 1162 εἷς
1492 1131 1545 1157 τῶν
1561 1130 1674 1163 δώδεκα,
1687 1133 1701 1158 6
1711 1131 1859 1166 λεγόμενος
1875 1130 1974 1162 Ἰούδας

1189 1177 1374 1213 Ἰσκαριώτης,
1393 1177 1459 1213 πρὸς
1475 1179 1537 1209 τοὺς
1552 1178 1705 1214 ἀρχιερεῖς,
1723 1176 1798 1205 εἶπεν
1815 1179 1923 1210 αὐτοῖς·
1941 1179 1974 1205 Τί

1184 1223 1273 1249 θέλετὲ
1286 1231 1330 1258 μοι
1347 1223 1458 1255 δοῦναι,
1477 1223 1554 1257 κάγὼ
1573 1224 1636 1259 ὑμῖν
1653 1224 1807 1260 παραδώσω
1823 1225 1926 1257 αὐτόν;
1941 1225 1973 1252 Ol

1182 1269 1210 1296 δὲ
1234 1269 1350 1305 ἔστησαν
1371 1270 1446 1305 αὑτῷ
1468 1270 1613 1305 τριάκοντα
1639 1271 1785 1306 στατῆρας.
1807 1280 1816 1296 ι
1835 1269 1974 1306 Σύμφωνα

1182 1314 1227 1342 οὖν
1235 1316 1320 1342 ταῦτά
1331 1317 1389 1342 ἐστι
1400 1316 1447 1352 τῷ,
1463 1317 1531 1343 «Καὶ
1542 1316 1657 1352 ἔστησαν
1669 1317 1714 1343 τὸν
1726 1317 1820 1351 μισθόν
1832 1325 1883 1353 μου
1894 1317 1974 1354 τριά-

1183 1371 1264 1388 κοντα
1281 1363 1417 1399 ἀργυροῦς
1429 1383 1435 1395 ,
1453 1373 1461 1389 ι
1482 1364 1510 1389 ἐν
1526 1364 1559 1398 τῇ
1585 1363 1739 1399 προφητεία
1760 1363 1900 1400 εἰρημένῳ
1921 1363 1974 1390 ὑπὸ

1181 1407 1227 1435 τοῦ
1245 1409 1358 1444 Κυρίου.
1377 1409 1446 1435 ’Δνθ“
1460 1407 1490 1436 οὗ
1506 1410 1520 1435 6
1534 1409 1583 1444 μὲν
1597 1409 1743 1445 Σύμμαχος
1753 1409 1865 1446 ἐποίησε
1876 1419 1883 1425 ·
1896 1410 1974 1436 «Καὶ

1182 1454 1347 1490 ὲστάθμισαν
1364 1455 1409 1482 τὸν
1427 1455 1521 1490 μισθόν
1534 1465 1584 1491 μου
1601 1456 1748 1491 τριάκοντα
1760 1456 1899 1492 ἀργυροῦς
1910 1464 1917 1471 ·
1938 1465 1948 1482 ι
1958 1457 1974 1483 6

1180 1501 1209 1527 δὲ
1230 1501 1359 1533 Ἀκύλας-
1385 1510 1395 1527 1
1422 1501 1476 1528 Καὶ
1497 1502 1617 1537 ἔστησαν
1638 1503 1683 1529 τὸν
1703 1502 1798 1538 μισθόν
1823 1511 1873 1538 μου
1895 1502 1974 1539 τριά-

1182 1554 1262 1572 κοντα
1274 1546 1410 1582 ἀργυροῦς
1421 1555 1427 1562 ·
1439 1556 1448 1571 ι
1465 1544 1505 1578 οἷς
1522 1547 1687 1581 ὲπιλέγεταια
1711 1557 1720 1572 1
1732 1547 1785 1574 Καὶ
1795 1545 1857 1574 εἶπε
1869 1548 1975 1584 Κύριος

1182 1591 1250 1628 πρὸς
1264 1592 1297 1627 μέ
1309 1600 1315 1606 ·
1333 1592 1424 1623 Κάθες
1435 1592 1534 1623 αὐτοὺς
1550 1593 1590 1623 είς
1600 1592 1630 1618 τὸ
1642 1592 1833 1627 χωνευτήριον,
1849 1591 1895 1618 καὶ
1909 1591 1974 1618 σκέ-

1143 1624 1164 1653 c
1245 1624 1270 1663 εί
1281 1638 1389 1673 δόκιμον
1400 1639 1483 1670 ἐστιν,
1497 1637 1526 1664 ὃν
1541 1624 1834 1674 τρόπον-ἐδοκιμάσθην
1844 1638 1916 1674 ὑπὲρ
1926 1638 1975 1664 αὐ-

1181 1684 1261 1710 τῶν.)
1283 1685 1352 1711 Ἀνθ’
1367 1681 1397 1711 οὗ
1407 1685 1487 1711 πάλιν
1502 1686 1516 1711 6
1534 1685 1582 1720 μὲν
1599 1685 1713 1717 Ἀκύλας
1729 1684 1795 1720 φησί
1806 1693 1813 1700 ο
1830 1682 1973 1712 diuisi-1::

1181 1731 1295 1767 Κύριος·
1305 1731 1396 1766 Ῥίψον
1411 1731 1480 1758 αὖτὰ
1500 1731 1568 1767 πρὸς
1583 1731 1628 1757 τὸν
1646 1730 1776 1766 πλάστην.
1800 1730 1975 1766 ’Υπερμεγέ-

1182 1777 1231 1812 6ης
1247 1779 1262 1809 ἡ
1275 1777 1351 1813 τιμὴ,
1366 1778 1399 1812 ἢν
1416 1777 1547 1813 ἐτιμήθην
1563 1776 1634 1813 ὑπὲρ
1646 1776 1745 1804 αὐτῶν.
1762 1786 1770 1802 ι
1782 1776 1837 1803 Καὶ
1851 1776 1975 1813 πρόσχες

1180 1824 1240 1850 τίνα
1256 1825 1354 1860 τρόπον
1376 1824 1456 1855 αὐτὸς
1472 1825 1486 1850 ό
1499 1823 1600 1859 Κύριος
1615 1823 1698 1859 τιμὴν
1724 1822 1822 1850 ἑαυτοῦ
1843 1822 1975 1857 ὁμολογεῖ

1180 1871 1242 1901 τοὺς
1259 1870 1403 1905 τριάκοντα
1420 1861 1556 1905 {ip-(apii);
1576 1869 1707 1895 δεδόσθαι.
1723 1868 1814 1895 Ἐοικε
1837 1868 1873 1895 δὲ’
1885 1869 1903 1904 ἡ
1918 1868 1973 1903 τῆς

1180 1916 1277 1948 λέξεως
1300 1916 1402 1942 διάνοια
1418 1915 1536 1942 τοιοῦτόν
1552 1924 1612 1942 τινα
1631 1915 1772 1950 ἐμφαίνειν
1795 1914 1876 1942 νοῦν·
1899 1914 1973 1949 Ἐγὼ

1181 1962 1231 1997 μὲν
1256 1963 1270 1988 6
1293 1962 1408 1997 Κύριος,
1428 1963 1459 1988 ὲκ
1482 1961 1593 1997 πρώτης
1615 1961 1767 1996 ἀρξάμενος
1789 1960 1913 1996 ἡμέρας,
1938 1961 1972 1987 οὐ

1179 2008 1295 2035 διέλιπον
1312 2008 1360 2042 τῆς
1375 2007 1492 2042 ἐμαυτοῦ
1509 2007 1691 2043 χρηστότητος
1703 2008 1767 2042 ὑμῖν
1776 2008 1834 2038 τοῖς
1848 2007 1881 2033 ἑκ
1895 2015 1974 2042 πρι-

1179 2054 1264 2089 τομῆς
1277 2053 1410 2088 δείγματα
1426 2053 1563 2089 παρέχων,
1581 2053 1627 2079 καὶ
1638 2053 1723 2089 μυρία
1738 2053 1788 2080 ὅσα
1803 2052 1876 2088 ὑμᾶς
1891 2052 1973 2088 εὐερ-

1179 2099 1275 2133 γετῶν,
1287 2099 1317 2125 οὐ
1330 2098 1408 2134 μόνον
1419 2099 1452 2125 τὰ
1465 2098 1507 2125 διὰ
1523 2098 1578 2125 τῶν
1588 2098 1718 2126 ἀνέκαθεν
1733 2097 1971 2134 προφητῶν,ἃῆ

1179 2144 1225 2170 καὶ
1241 2144 1276 2170 τὰ
1291 2143 1334 2169 διὰ
1350 2143 1398 2179 τῆς
1415 2143 1534 2178 ἐμαυτοῦ
1549 2144 1714 2179 παρουσίας,
1730 2143 1759 2169 ἔν
1777 2152 1807 2170 τε
1823 2144 1884 2176 ταῖς
1900 2151 1971 2177 προ-

1177 2191 1336 2227 τρεπτικαῖς
1364 2189 1548 2221 διδασκαλίαις
1577 2190 1623 2216 καὶ
1648 2190 1704 2220 τοῖς
1737 2188 1856 2223 λογικοῖς
1883 2189 1971 2224 μαθή-

1180 2244 1260 2270 μασιν
1271 2255 1277 2266 ,
1293 2235 1320 2261 ἐν
1336 2243 1365 2261 τε
1382 2237 1438 2266 τοῖς
1454 2235 1575 2270 σημείοις
1590 2236 1636 2262 καὶ
1653 2235 1766 2271 τέρασι,
1785 2234 1831 2261 καὶ
1843 2236 1903 2267 ταῖς
1920 2233 1971 2262 ἄλ-

1178 2281 1238 2312 λαις
1250 2280 1507 2315 Ιπαραδοξοποιίαις,
1525 2281 1584 2312 ταῖς
1600 2288 1629 2306 τε
1651 2280 1737 2306 ίάσεσι
1749 2280 1796 2307 καὶ
1809 2280 1872 2312 ταῖς
1887 2280 1970 2316 Θερα-

1177 2327 1267 2357 πείαις
1277 2335 1283 2341 ·
1301 2327 1378 2362 ὑμεῖς
1392 2326 1420 2352 δὲ
1438 2327 1462 2352 οἱ
1484 2326 1533 2361 τῆς
1549 2326 1684 2362 τοσαύτης
1700 2326 1860 2362 εὐεργεσίας
1883 2325 1970 2361 ἠξιω-

1178 2373 1251 2407 μένοι
1268 2372 1326 2399 ὂότε
1343 2373 1389 2398 τὸν
1405 2372 1496 2408 μισθόν
1515 2381 1566 2407 μου
1577 2393 1584 2403 ,
1601 2373 1617 2408 ἢ
1632 2372 1804 2399 ἀπείπασθε·
1815 2372 1901 2400 αἰτῶν
1914 2373 1968 2400 αὐ-

1175 2417 1237 2447 τοὺς
1246 2436 1253 2447 ,
1265 2416 1303 2447 ὡς
1316 2417 1389 2448 είκδς
1399 2437 1405 2447 ,
1421 2417 1541 2452 καρποὺς
1558 2416 1698 2449 εὐσεϐείας
1710 2437 1717 2448 ,
1733 2417 1778 2444 καὶ
1797 2417 1899 2453 δεῖγμα
1914 2419 1968 2454 τῆς

1175 2463 1214 2494 είς
1233 2462 1313 2488 αὐτὸν
1329 2462 1456 2494 πίστεως.
1475 2463 1505 2489 Ol
1517 2462 1559 2494 δὲ,
1579 2462 1666 2496 (κατὰ
1682 2463 1713 2489 τὸ
1726 2463 1873 2499 εἰρημένον
1887 2464 1916 2490 ὲν
1930 2465 1966 2499 τῇ

1177 2508 1228 2543 πρὸ
1244 2508 1344 2543 ταύτης
1359 2508 1530 2543 παραθέσει,)
1547 2518 1555 2533 1
1576 2509 1634 2535 ἀντὶ
1649 2508 1695 2534 τοῦ
1712 2509 1824 2544 ἀγαπᾷν
1839 2519 1873 2545 με
1896 2510 1968 2536 ἐνδι-

1176 2555 1285 2581 έὸαλλόν
1300 2563 1343 2589 με,
1360 2555 1406 2581 καὶ
1420 2555 1510 2581 ἔθεντο
1524 2556 1583 2581 κατ’
1598 2555 1664 2590 ἐμοῦ
1680 2554 1754 2581 κακὰ
1767 2555 1828 2582 ἀντὶ
1841 2555 1965 2590 ἀγαθῶν.

1175 2601 1222 2627 καὶ
1234 2603 1310 2636 μῖσος
1318 2601 1376 2627 ἀντὶ
1386 2601 1433 2635 τῆς
1448 2600 1612 2635 ἀγαπήσεὼς
1625 2609 1702 2636 pou,»
1716 2602 1867 2637 τριάκοντα
1877 2603 1965 2637 dpro-

1176 2648 1238 2684 ροῦς
1258 2648 1413 2682 στήσαντες,
1430 2647 1523 2682 ὥσπερ
1542 2647 1668 2673 τοσούτου
1684 2647 1766 2674 αὐτὸν
1788 2647 1966 2683 πωλούμενον

1174 2694 1345 2729 ἐτιμήσαντο.
1375 2693 1443 2719 Ἀλλ’
1471 2694 1530 2719 ἐπεὶ
1557 2693 1586 2719 τὸ
1620 2694 1734 2720 ἑκάστου
1763 2693 1845 2730 ἔργον
1871 2695 1965 2721 ὁποῖόν

1174 2741 1232 2766 ἐστι
1244 2740 1273 2766 τὸ
1288 2739 1341 2775 πῦρ
1351 2739 1415 2765 αὐτὸ
1429 2739 1581 2773 δοκιμάσει,
1595 2740 1706 2771 εἰκότως
1725 2741 1891 2776 προστάττει
1899 2743 1966 2769 καθ-

1174 2786 1235 2820 ἦναι
1262 2786 1358 2814 αὐτοῦς
1382 2786 1421 2815 εἰς
1441 2784 1471 2810 τὸ
1486 2785 1682 2820 χωνεντήριον,
1707 2784 1865 2820 ἐπιλέγων·
1883 2795 1893 2811 1
1915 2787 1964 2812 Ὃν

1173 2832 1272 2867 τρόπον
1289 2831 1468 2866 ἐδοκιμάσθην
1488 2831 1557 2866 ὑπὲρ
1577 2831 1677 2857 αὐτῶν.
1699 2841 1708 2856 ›
1729 2831 1921 2869 Χωνευτὴριον
1934 2830 1962 2857 δὲ

373 2919 400 2936 τ’
416 2918 531 2950 Zachar.
546 2927 586 2958 x1,
601 2922 626 2956 7,
641 2922 684 2952 ll.
719 2922 742 2938 ⁷⁸
761 2921 828 2952 Luc.
847 2929 921 2956 un,
939 2922 966 2957 4,
982 2922 1008 2950 5.
1046 2922 1069 2938 "
1088 2919 1183 2949 Matth.
1203 2927 1279 2953 xxw,
1296 2919 1340 2951 14,
1356 2918 1399 2946 l5.
1438 2919 1460 2935 "'
1480 2918 1553 2947 Psal.
1569 2926 1651 2952 cvm,
1668 2918 1694 2952 ι,
1714 2918 1743 2948 5.
