2099 3217
324 152 378 180 ἨἿ

645 150 778 178 EUSEBH
798 149 1038 178 C£SARIENSIS
1052 150 1128 178 OPP.
1149 150 1239 178 PARS
1254 151 1286 178 ll.
1309 167 1343 171 —
1362 151 1614 179 APOLOGETICA.

1878 150 1931 178 ’με

325 213 391 239 illuc
408 211 543 239 accedunt
554 210 660 237 animus
675 209 803 236 informet
815 217 847 236 ac
861 214 983 237 renovet.
996 209 1111 237 Verum-
1124 213 1147 242 Α

1102 212 1210 247 -Δτὴν
1236 211 1364 246 δευτέραν
1392 212 1422 237 τὸ
1446 211 1595 246 σχοίνισμα,
1620 209 1666 236 τοῦ
1691 209 1862 237 διασκεδάσαι
1888 212 1931 247 τὴν

325 263 416 286 tamen
432 265 495 285 cum
512 257 630 292 pretium
647 256 789 290 appreliati
806 256 833 282 in
849 256 895 282 illa
917 256 998 284 domo
1018 256 1108 290 proje-

325 308 411 336 ctum,
425 310 484 330 eam
501 303 586 337 ipsam
605 302 746 336 profanam
762 301 924 333 reddiderit,
940 302 1037 328 merito
1052 305 1109 329 sta-

325 348 374 377 tim
392 347 516 382 adjungit
536 357 543 374 :
561 357 570 372 ι
590 347 622 374 Et
636 348 723 382 abjeci
739 348 843 382 virgam
855 349 980 378 alteram,
998 356 1059 382 quae
1070 348 1110 374 di-

325 395 398 422 citur
413 393 563 424 funiculus,
576 393 610 420 ad
621 393 810 428 dissipandum
826 397 1017 421 testamentum
1038 395 1109 422 inter

324 439 422 467 ludam
438 444 465 466 et
480 439 574 467 Israel.
595 449 604 464 ι
632 439 668 466 Ex
689 439 736 466 illo
760 440 832 467 enim
851 440 896 466 illa
913 441 1001 475 gentis
1016 441 1109 467 multi-

325 486 393 514 tudo
407 486 514 520 abjecta
530 490 572 514 est
583 485 676 520 procul
688 485 722 512 ab
739 487 851 521 antiqua
869 486 915 513 Dei
936 487 1031 517 tutela,
1048 495 1109 521 quae.

325 532 404 568 prius
415 531 477 558 illos
491 531 681 557 conservabat.
693 531 814 557 Alteram
829 535 919 558 autem
930 531 1032 566 virgam
1044 536 1109 566 puto

326 586 376 613 pro
392 578 520 605 universa
537 577 617 604 simul
631 576 744 604 Judaica
758 581 837 612 gente
855 577 906 604 hoc
927 578 955 604 in
978 578 1037 604 loco
1063 585 1110 604 ac-

326 624 379 659 cipi
397 627 532 659 oportere.
545 623 605 656 Qua
622 623 655 650 de
671 631 755 650 causa
771 623 844 650 illam
860 623 942 650 etiam
959 623 1108 651 funiculum

325 675 416 703 vocat,
427 670 536 698 dicens:
546 670 628 706 482
639 679 647 694 ‹
665 669 751 696 Unam
764 671 858 697 vocavi
868 670 1107 705 pulchritudinem,

325 723 352 745 et
369 717 482 745 alteram
500 718 595 744 vocavi
613 716 777 744 funiculum.
796 726 804 742 ι
824 716 893 743 Tum
906 717 940 744 de
953 717 1038 744 altera
1052 717 1108 744 evi-

325 763 422 790 denter
436 763 561 797 adjungit
581 761 647 789 ill'ud
662 771 669 789 :
686 771 695 787 ι
718 762 751 788 Et
765 762 852 797 abjeci
866 762 970 797 virgam
984 763 1108 792 alteram.

325 816 386 844 qua).
399 809 501 842 dicitur
509 809 658 840 funiculus,
673 809 706 835 ad
717 808 905 842 dissipandum
915 812 1108 835 testamentum

326 855 399 882 inter
415 853 513 881 Judam
527 858 554 881 et
574 853 671 881 Israel:
688 863 697 878 ι
714 853 848 889 siquidem
869 854 897 880 hi
920 859 998 881 erant
1019 858 1047 881 ct
1067 854 1110 880 fu-

1161 257 1297 292 Διαθήκην
1312 256 1364 282 ἀνὰ
1377 257 1458 291 μέσον
1479 256 1562 282 Ἰούδα
1575 256 1622 281 καὶ
1634 254 1685 281 ἀνὰ
1699 254 1778 289 μέσον
1794 255 1906 290 Ἰσραήλ.
1921 265 1931 282 ο

1168 301 1212 333 Ἐξ
1228 302 1332 327 ἐκείνου
1347 301 1401 336 γάρ
1420 309 1462 326 τοι
1477 301 1507 326 τὸ
1523 299 1622 335 πλῆθος
1637 299 1684 325 τοῦ
1699 299 1789 330 ἔθνους
1804 299 1932 335 ἀπερρίφη

1161 347 1211 381 τῆς
1227 347 1310 373 πάλαι
1324 346 1454 382 πρότερον
1471 344 1611 380 ὲφορώσης
1627 344 1723 374 αὐτοὺς
1737 344 1882 378 ἐπισκοπῆς
1892 344 1932 370 τοῦ

1161 393 1238 419 Θεοῦ.
1254 392 1387 427 Δευτέραν
1408 391 1436 417 δὲ
1459 390 1554 425 ῥάϐδον
1579 389 1697 424 ἡγοῦμαι
1719 389 1749 414 τὸ
1771 389 1824 414 πᾶν
1839 388 1934 423 ἁθρόως

1168 438 1298 464 Ἰουδαίων
1313 437 1388 468 ἔθνος
1398 436 1513 463 ἐνταῦθα
1527 435 1681 470 δηλοῦσθαι.
1699 433 1784 460 Καλεῖ
1799 433 1820 459 δ’
1833 431 1877 460 οὖν
1891 433 1934 459 αὒ-

1161 485 1210 519 τὴν
1228 483 1380 519 σχοίνισμα,
1396 483 1492 516 λέγων·
1511 491 1520 507 ι
1541 481 1595 516 Τὴν
1614 480 1676 515 μίαν
1699 479 1814 505 ἐκάλεσα
1837 478 1935 511 κάλλος,

1162 530 1208 556 καὶ
1227 530 1275 564 τὴν
1291 529 1419 564 δευτέραν
1439 527 1555 554 ἐκάλεσα
1576 526 1727 561 οχοίνισμα.
1749 535 1757 550 ι
1777 526 1832 551 Καὶ
1853 525 1936 559 σαφῶς

1162 575 1281 609 ἐπιλέγει
1294 575 1357 609 περὶ
1372 574 1422 608 τῆς
1436 573 1564 608 δευτέρας
1578 571 1688 606 φάσκων
1699 579 1706 585 ”
1718 580 1727 595 ί
1741 571 1795 597 Kal.
1808 570 1936 606 ἁπέρῥιψα

1162 621 1210 656 τὴν
1225 620 1321 655 ῥάϐδον
1337 619 1386 653 τὴν
1407 618 1534 653 δευτέραν
1549 618 1580 643 τὸ
1600 617 1752 652 σχοξνισμα,
1769 615 1816 642 τοῦ
1838 616 1936 641 διασκε-

1161 666 1240 693 δάσαι
1255 666 1304 700 τὴν
1319 665 1455 700 Διαϐήκην
1471 663 1522 690 ἀνὰ
1539 663 1620 698 μέσον
1642 662 1726 688 Ἰούδα
1739 662 1785 688 καὶ
1798 661 1849 687 ἀνὰ
1865 661 1936 696 μέσον

1169 712 1286 747 Ἰσραήλ.
1305 720 1313 736 ι
1333 707 1414 737 Οὗτοι
1431 709 1485 745 γὰρ
1500 707 1569 744 ἦσαν
1579 709 1609 734 τὸ
1627 709 1771 743 σχοίνισμα
1791 707 1839 733 καὶ
1863 708 1878 742 ἡ
1894 707 1937 742 ῥά-

1163 758 1223 789 ϐδος
1235 759 1252 793 ἡ
1265 757 1387 792 δευτέρα.
1417 757 1448 782 'H
1469 755 1498 781 δὲ
1516 755 1634 790 προτέρα
1651 754 1746 785 κάλλος
1766 753 1937 788 ὠνομασμένη

1162 804 1215 830 οὐδ’
1236 803 1301 838 ἄλλη
1325 803 1429 836 γένοιτο
1452 801 1500 836 τῆς
1529 801 1703 836 Ἰερουσαλὴμ
1719 800 1813 834 αὐτῆς,
1831 799 1875 825 καὶ
1896 799 1938 834 τῆς

1162 850 1232 877 κατὰ
1248 850 1349 876 Μωσὲα
1369 848 1506 883 λατρείας,
1524 848 1630 882 ἀπάσης
1647 855 1676 873 τε
1693 847 1742 882 τῆς
1760 846 1875 878 παλαιᾶς
1888 847 1938 873 Δια.

325 901 436 928 nicnlus
449 904 477 927 et
493 901 566 935 virga
583 900 677 927 altera.
701 899 780 926 l'rior
801 905 891 927 autem
911 907 972 934 qua:
986 899 1106 934 pulchri-
1127 893 1147 920 Β

1127 893 1147 920 Β
1161 896 1262 932 θήκηςε
1278 895 1325 922 καὶ
1341 895 1418 921 τοῦτο
1431 895 1460 921 δὲ
1482 895 1510 928 ἐξ
1524 894 1609 928 αὐτῆς
1631 893 1795 928 παρίσταται
1816 893 1864 928 τῆς
1880 900 1938 928 προ-

325 946 394 973 tudo
411 946 552 973 nominata
565 949 618 975 est,
631 953 684 972 non
697 945 749 972 alia
768 945 849 973 fuerit
860 953 942 980 quam
958 946 1015 980 ipsa
1029 945 1110 972 Jeru-

325 991 424 1022 salem,
437 990 617 1024 adoratioque
632 989 762 1021 Mosaica,
779 991 924 1025 omnisque
936 991 1026 1025 prisca
1044 998 1111 1017 con-

326 1035 445 1066 stitutio,
466 1042 525 1069 quze
549 1038 626 1061 vetus
649 1035 749 1062 dicitur
774 1039 986 1066 testamentum,-
1007 1035 1111 1070 hocque

325 1082 415 1116 ipsum
432 1081 514 1108 velex
532 1081 590 1116 ipsa
607 1081 750 1116 prophetia
767 1081 845 1116 plane
862 1082 1028 1113 constiterit,
1046 1081 1110 1108 dum

325 1127 364 1154 ait
382 1135 388 1153 :
409 1136 418 1152 (
439 1126 472 1153 Et
489 1126 594 1161 capiam
606 1126 710 1161 virgam
726 1134 814 1153 meam
830 1127 984 1160 pulchram,
999 1131 1026 1154 et
1042 1127 1112 1161 abji-

325 1172 396 1199 ciam
411 1180 470 1199 eam
488 1172 520 1198 ad
537 1171 728 1206 dissipandnm
747 1176 940 1198 testamentum
969 1180 1070 1198 meum.
1099 1182 1108 1198 ι

325 1216 409 1245 Vides
420 1221 449 1245 ut
465 1220 658 1245 testamentum
675 1217 783 1251 quidem
797 1225 888 1249 suum,
914 1217 1018 1252 virgam
1040 1217 1111 1251 prio-

326 1269 383 1289 rem
398 1269 461 1290 esse
475 1262 592 1294 dixerit;
609 1261 724 1288 alteram
737 1268 803 1288 vero
819 1261 932 1296 virgam,
947 1260 1109 1292 funiculum,

325 1312 353 1336 et
368 1312 458 1334 tamen
473 1316 501 1334 si:
520 1312 664 1341 utramque
680 1306 851 1341 abjecturum
867 1307 997 1337 minatur,
1015 1313 1112 1340 quam-

326 1354 368 1381 vis
396 1354 472 1389 prius
494 1353 592 1380 dixerit
617 1362 624 1380 :
650 1362 659 1378 ι
683 1352 716 1379 Et
741 1352 848 1387 capiam
875 1352 941 1378 mihi
969 1352 1020 1386 ipsi
1043 1351 1111 1378 duas

326 1399 428 1434 virgas,
445 1407 527 1426 unam
544 1399 637 1425 vocavi
652 1397 894 1433 pulchritudinem,
904 1402 930 1423 et
941 1398 1053 1423 alteram
1066 1404 1112 1423 vo-

325 1446 385 1474 cavi
405 1445 556 1472 funiculum
574 1455 581 1472 :
600 1455 608 1470 ι
627 1453 676 1480 pro
690 1452 745 1480 quo
759 1444 855 1479 Aquila
868 1443 976 1478 quidem
989 1443 1028 1469 sie
1045 1451 1112 1469 con—

327 1491 408 1517 vertit
426 1500 432 1517 :
451 1499 459 1515 t
479 1489 566 1516 Unam
584 1489 678 1516 vocavi
692 1489 830 1519 decorem,
847 1493 874 1515 et
889 1488 1003 1514 alteram
1016 1487 1110 1514 vocavi

327 1535 490 1562 funiculum.
517 1544 525 1560 ι
545 1533 726 1570 Symmachus
742 1538 832 1560 autem
850 1543 856 1560 ι
881 1542 890 1558 ι
911 1532 986 1559 Hanc
999 1532 1108 1566 quidem

327 1581 422 1608 vocavi
434 1581 572 1611 decorem,
588 1581 661 1607 illam
677 1585 767 1607 autem
792 1579 887 1606 vocavi
914 1577 1076 1605 funiculum.
1097 1587 1106 1603 ι

327 1626 383 1654 Hoc
411 1626 494 1660 igitur
517 1626 652 1652 universae
675 1625 765 1660 gentis
788 1623 1001 1659 pulchritudinis
1028 1623 1111 1650 deco-

327 1672 418 1707 risque
436 1671 557 1702 nominc,
574 1669 694 1696 divinant
708 1670 805 1704 legem,
820 1673 846 1695 et
861 1668 934 1703 quod
948 1669 974 1695 in
990 1676 1021 1695 ea
1045 1676 1110 1695 con-

325 1718 427 1745 tinetur
439 1720 644 1748 testamentum,
657 1716 755 1742 merito
766 1715 896 1750 appellat.
912 1714 1110 1742 Venerabilitas

325 1764 397 1791 enim
413 1763 458 1790 illa
471 1762 547 1790 urbis
559 1761 721 1795 Jerusalem,
734 1765 761 1788 et
774 1768 835 1796 qua:
851 1761 878 1787 in
895 1768 926 1787 ea
953 1760 986 1786 ad
1009 1768 1110 1787 munus

325 1811 482 1847 pontificum
498 1810 726 1844 saeerdotumque
751 1809 934 1843 pertinebant,
949 1811 1005 1834 tum
1027 1807 1109 1834 etiam

324 1857 415 1884 omnia
431 1863 600 1891 quaecunque
614 1856 678 1882 olim
695 1855 767 1890 apud
785 1855 846 1882 illos
863 1854 977 1889 populos
993 1862 1024 1881 ev
1036 1854 1109 1880 divi-

325 1903 369 1930 nis
386 1902 502 1936 legibus,
518 1905 545 1928 et
558 1908 590 1927 ex
607 1900 691 1927 veteri
704 1902 867 1926 testamento
884 1898 917 1925 de
933 1905 1008 1924 more
1033 1897 1109 1932 prius

325 1947 598 1977 administrabantur,
614 1945 714 1972 decens.
726 1944 836 1979 quidam
850 1947 963 1970 ornatus
976 1943 1009 1969 iis
1019 1947 1108 1975 erant,

324 1993 370 2029 qui
387 1993 487 2020 talibus
498 1992 578 2019 rebus
595 1995 768 2018 ornarentur.
782 1989 932 2016 Funiculus
948 1994 1037 2015 autem
1051 1989 1110 2024 ipsa

324 2038 412 2074 gentis
424 2037 570 2064 multitudo
582 2037 652 2071 apud
671 2037 759 2070 ipsum
772 2044 880 2070 quoque
897 2035 998 2062 Mosem
1013 2039 1108 2063 vocata

323 2087 376 2114 est,
391 2083 419 2109 in
437 2083 491 2109 illis
511 2082 602 2109 verbis
617 2091 623 2108 :
649 2091 658 2107 ‹
678 2081 759 2108 Facta
774 2085 816 2108 est
832 2081 920 2115 portio
936 2080 1042 2108 Domini
1061 2089 1110 2116 po-

323 2129 405 2164 pulus
415 2128 475 2162 ejus
485 2127 580 2160 Jacob,
594 2128 732 2155 funiculus
745 2127 904 2154 hereditatis
918 2127 979 2162 ejus
992 2127 1083 2155 Israel.
1095 2138 1106 2154 ι

323 2176 358 2202 ΑΙ.
367 2183 431 2203 vero
440 2175 554 2209 hujusce
563 2175 706 2209 utriusque
715 2174 798 2209 virgae
810 2174 998 2205 mutationem,
1011 2182 1110 2209 magno

324 2220 427 2255 impetu
443 2220 562 2246 futuram
581 2219 615 2246 iis
631 2219 810 2254 temporibus,
830 2219 863 2245 de
890 2219 989 2253 quibus
1005 2219 1107 2246 dictum
1124 2237 1147 2265 υ

323 2271 376 2298 est,
393 2266 515 2293 divinat:
533 2270 638 2301 utpote,
660 2273 722 2292 cum
745 2269 773 2292 et
794 2270 882 2297 vetus,
900 2265 972 2300 quod
991 2266 1066 2301 prius
1081 2267 1107 2294 in

322 2320 355 2339 ea
365 2316 435 2344 erat,
447 2316 651 2341 testamentum,
666 2315 693 2338 et
709 2311 884 2346 pulchritudo
897 2319 958 2346 qua:
975 2312 1001 2338 in
1015 2312 1109 2339 eadem

322 2358 387 2385 olim
398 2357 574 2388 cernebatur,
591 2356 707 2384 delenda
722 2357 803 2383 fuerit
816 2360 842 2384 et
856 2357 889 2383 ad
907 2357 1022 2384 nilli'llm
1038 2358 1112 2385 redi-

325 2404 424 2439 genda,
451 2403 569 2431 simulac
590 2402 677 2437 pretio
700 2403 772 2429 illius
796 2404 952 2434 a-stimato,
988 2404 1034 2439 qui
1061 2404 1111 2431 tri-

321 2451 397 2485 ginta
412 2449 550 2484 argenteis
575 2449 726 2476 aastimatns
743 2453 794 2480 est,
823 2449 862 2475 illi
890 2457 938 2483 pro
962 2457 1010 2476 sua
1033 2450 1108 2484 ipso-

323 2502 383 2521 rum
408 2494 547 2529 impietate
577 2494 680 2521 merita:
713 2494 868 2528 ignominia:
899 2495 1010 2522 obnoxii
1043 2497 1106 2523 facti

323 2543 401 2570 sunt;
415 2539 483 2567 dicit
500 2539 583 2575 igitur
601 2549 607 2566 :
626 2549 635 2564 ι
656 2539 688 2565 Et
702 2540 807 2574 capiam
824 2541 927 2575 virgam
946 2549 1031 2568 meam
1048 2543 1108 2576 pul-

322 2585 428 2617 chram,
445 2589 471 2612 et
484 2585 612 2620 abjiciam
624 2593 683 2625 eam
700 2586 734 2612 ad
751 2586 940 2621 dissipandnm
958 2592 1106 2614 testamen-

322 2635 380 2659 tum
395 2639 497 2659 Ineum.
512 2642 521 2658 ›
533 2631 566 2659 Et
574 2640 671 2660 rursus
684 2642 689 2660 :
704 2641 712 2657 ι
725 2631 758 2659 Ει
768 2633 855 2667 abjeci
867 2633 969 2668 virgam
979 2634 1105 2666 alteram,

323 2684 384 2711 quae
391 2676 493 2704 dicitur
504 2677 653 2705 funiculus.
666 2688 674 2703 ι
685 2678 725 2705 Ad
737 2680 803 2708 haec,
815 2686 875 2705 cum
885 2679 911 2705 in
920 2679 1060 2713 prophetia
1070 2679 1108 2705 di-

324 2727 402 2748 catur
411 2721 492 2749 illud:
505 2732 514 2747 ι
526 2721 558 2748 Et
566 2723 686 2750 auferam
694 2729 748 2750 tres
757 2727 881 2759 pastores
890 2724 916 2750 in
925 2731 1016 2750 mense
1024 2731 1087 2755 uno,
1096 2733 1103 2747 ι

323 2766 536 2802 ωδτῠὶιιιυι·
560 2768 599 2795 sic
623 2774 679 2796 tres
697 2771 806 2797 ordines
829 2778 925 2796 eorum
948 2769 1107 2804 significari,

325 2812 371 2845 qui
387 2811 450 2838 olim
467 2813 566 2846 populo
588 2813 633 2841 Dei
657 2820 788 2849 praeerant
824 2823 929 2847 regum.
949 2815 1107 2850 pontificum

324 2862 351 2886 et
365 2856 576 2891 prophetarum;
592 2861 722 2894 quoniam
740 2861 773 2887 ab
791 2859 835 2888 llis
852 2862 949 2888 tribus.
965 2861 1043 2896 quasi
1060 2869 1107 2896 pa-

1162 940 1274 976 (θητείας
1295 940 1437 976 φησάσης-
1458 948 1467 964 ι
1493 939 1548 966 Καὶ
1568 938 1688 974 λήψομαι
1712 938 1761 974 τὴν
1785 938 1879 974 ῥάϐδον
1895 946 1939 973 μω

1161 987 1210 1022 τὴν
1231 986 1326 1022 καλὴν,
1349 986 1396 1013 καὶ
1419 985 1564 1021 ἀπορρίψω
1588 985 1682 1020 αὐτὴν,
1702 985 1748 1010 τοῦ
1774 984 1940 1011 διασκεδάσαι

1160 1033 1209 1068 τὴν
1228 1032 1364 1068 Διαθήκην
1387 1041 1447 1068 μου.
1468 1042 1477 1056 ι
1502 1032 1582 1067 Ὁρᾷς
1603 1031 1642 1062 ὡς
1664 1031 1714 1066 τὴν
1739 1031 1789 1066 μὲν
1812 1031 1940 1066 Διαθήκην

1162 1079 1258 1105 ἑαυτοῦ
1279 1079 1328 1114 τὴν
1351 1078 1447 1114 ῥάϐδον
1472 1077 1571 1113 ἔφησεν
1595 1075 1664 1103 εἶναι
1688 1078 1739 1112 τὴν
1763 1077 1884 1113 πρώτην,
1898 1077 1940 1112 τὴν

1161 1125 1290 1160 δευτέραν
1307 1125 1335 1151 δὲ
1362 1124 1457 1159 ῥάϐδον
1474 1124 1505 1150 τὸ
1528 1124 1682 1158 σχοίνισμα,
1706 1123 1940 1159 πλὴνἚμφοτέρας

1161 1172 1210 1204 τὰς
1224 1171 1336 1206 ῥάϐδους
1351 1169 1510 1205 ἀπορῥίψειν
1524 1170 1639 1201 ἀπειλεῖ,
1651 1169 1790 1205 προειπὼν
1809 1170 1938 1205 πρότερον·

1165 1226 1174 1243 ‹
1195 1217 1249 1246 Καὶ
1265 1216 1383 1251 λήψομαι
1406 1215 1516 1250 ἐμαυτῷ
1531 1215 1576 1241 δύο
1594 1215 1720 1250 ῥάϐδους·
1739 1215 1788 1250 τὴν
1807 1215 1869 1250 μίαν
1880 1215 1939 1241 ἐκά-

1161 1263 1226 1289 λεσα
1243 1262 1348 1294 κάλλος,
1363 1261 1409 1288 καὶ
1424 1261 1473 1296 τὴν
1487 1261 1614 1296 δευτέραν
1629 1262 1746 1288 ἐκάλεσα
1761 1262 1915 1296 σχοίνισμα·
1929 1270 1937 1285 ι

1162 1308 1220 1334 ἀνθ’
1242 1304 1279 1334 ὧν
1303 1307 1317 1333 ὁ
1341 1307 1389 1342 μὲν
1412 1306 1526 1337 ’Λκύλας
1551 1307 1634 1342 φησί’
1655 1317 1664 1332 ‹
1680 1307 1734 1342 Τὴν
1753 1307 1817 1342 μίαν
1834 1306 1940 1333 ἐκάλεσα

1162 1352 1338 1388 εὐπρέπειαν,
1354 1351 1400 1377 καὶ
1415 1351 1464 1386 τὴν
1481 1351 1576 1386 ἑτέραν
1593 1352 1709 1378 ἐκάλεσα
1733 1352 1888 1387 σχοίνισμα·
1905 1361 1913 1377 ›
1927 1352 1940 1378 δ

1161 1399 1188 1425 δὲ
1211 1398 1372 1433 Σύμμαχος·
1397 1408 1405 1423 ι
1431 1398 1485 1433 Τὴν
1504 1398 1551 1432 μὲν
1568 1398 1684 1424 ἐκάλεσα
1707 1398 1882 1434 εὐπρέπειαν,
1898 1398 1940 1433 τὴν

1160 1445 1188 1470 δὲ
1207 1445 1269 1479 μίαν
1289 1444 1404 1470 ἐκάλεσα
1422 1444 1574 1479 σχοίνισμα.
1595 1455 1603 1469 ι
1628 1444 1713 1470 Τοῦτο
1728 1445 1777 1480 μὲν
1791 1443 1837 1471 οὖν
1851 1445 1940 1476 παντὸς

1161 1490 1252 1521 ἕῠνους
1273 1490 1370 1521 κάλλος
1395 1490 1440 1515 καὶ
1462 1489 1638 1525 εὐπρέπειαν,
1655 1490 1700 1516 τδν
1717 1490 1789 1516 θεῖον
1805 1489 1883 1525 νόμον
1900 1489 1940 1515 καὶ

1160 1536 1209 1572 τὴν
1223 1537 1251 1562 ὲν
1269 1535 1342 1571 αὐτῷ
1359 1535 1554 1571 περιεχομένην
1569 1536 1704 1571 Διαοήκην
1719 1536 1861 1571 ὠνόμασεν
1876 1535 1940 1562 £216-

1160 1591 1223 1613 τως.
1242 1582 1283 1608 Τά
1297 1590 1326 1608 τε
1346 1582 1400 1617 γὰρ
1417 1581 1502 1617 σεμνὰ
1517 1582 1565 1617 τῆς
1585 1582 1770 1617 Ἰερουσαλὴμ,
1789 1582 1837 1608 καὶ
1851 1582 1883 1608 τὰ
1897 1581 1940 1616 τῆς

1161 1627 1356 1663 ἀρχιερατικῆς
1386 1627 1563 1663 λειτουργίας,
1593 1627 1639 1654 καὶ
1665 1628 1753 1654 πάντα
1785 1628 1835 1654 ὅσα
1866 1627 1940 1654 πάλαι

1161 1672 1292 1707 πρότερον
1314 1673 1342 1698 ὲν
1366 1672 1457 1704 αὐτοῖς
1481 1672 1550 1698 κατὰ
1572 1674 1632 1703 τοὺς
1661 1673 1748 1704 θείους
1770 1673 1878 1708 νόμους,
1899 1673 1940 1699 καὶ

1161 1717 1231 1744 κατὰ
1258 1718 1307 1752 τὴν
1331 1718 1448 1744 παλαιὰν
1477 1718 1614 1754 Διαοήκην
1636 1719 1825 1751 ἐπολιτεύετο,
1849 1719 1940 1754 κόσμος

1160 1763 1300 1798 εὐπρεπὴς
1324 1763 1428 1798 ὖπῆρχε
1456 1765 1512 1795 τιίς
1537 1764 1588 1790 ὑπὸ
1612 1764 1713 1791 τούτων
1741 1764 1938 1800 κοσμουμένοις.

1160 1809 1307 1843 Σχοίνισμα
1320 1808 1348 1834 δὲ
1363 1809 1392 1834 τὸ
1408 1809 1509 1843 πλῆθος
1525 1809 1571 1835 τοῦ
1584 1809 1676 1841 ἔθνους
1693 1810 1741 1836 καὶ
1758 1811 1834 1846 παρὰ
1856 1810 1940 1836 Midas?

1161 1854 1290 1889 κέκληται
1316 1854 1441 1888 λέγοντι·
1462 1864 1470 1880 I
1502 1855 1630 1890 Ἐγενὴθη
1658 1856 1736 1891 μερὶς
1761 1856 1861 1891 Κυρίου
1885 1855 1940 1886 λαὸς

1161 1900 1242 1926 αὑτοῦ
1256 1900 1362 1932 Ἰακὼϐ,
1371 1901 1514 1936 σχοίνισμα
1524 1901 1705 1937 κληρονομίας
1712 1901 1795 1928 αὑτοῦ
1807 1901 1917 1937 Ἰσραήλ,
1930 1910 1937 1925 ι

1165 1947 1246 1973 Ἀλλὰ
1262 1947 1316 1982 γὰρ
1331 1947 1384 1972 τῶν
1400 1947 1446 1973 δύο
1461 1947 1562 1974 τούτων
1584 1947 1689 1982 ῥάϐδων
1705 1947 1813 1983 ἀθρόως
1838 1947 1940 1983 μεταϐο-

1159 1992 1206 2028 λὴν
1218 1993 1379 2028 γενήσεσθαι
1392 1993 1462 2019 κατὰ
1473 1993 1534 2024 τοὺς
1543 1993 1723 2028 δηλουμένους
1734 1993 1848 2029 χρόνους
1859 1992 1940 2020 θεσπί-

1161 2039 1211 2071 ζει,
1232 2039 1269 2070 ὡς
1285 2039 1396 2075 καὶτῆς
1412 2039 1495 2065 πάλαι
1515 2040 1544 2065 ὲν
1567 2039 1635 2074 αὐτῇ
1662 2039 1780 2071 παλαιᾶς
1801 2039 1938 2074 Διαθήκης.

1160 2086 1207 2111 καὶ
1220 2084 1266 2111 τοῦ
1279 2084 1362 2111 πάλαι
1374 2085 1402 2110 ὲν
1419 2085 1487 2120 αὐτῇ
1502 2084 1615 2116 κάλλους
1626 2084 1888 2120 ἀφανισθησομένου,
1898 2083 1939 2110 τοῦ

1159 2139 1189 2158 τε
1207 2131 1394 2166 σχοινίσματος
1410 2130 1456 2157 καὶ
1472 2130 1519 2156 τοῦ
1537 2130 1636 2162 παντὸς
1652 2130 1744 2162 ἔθνους
1760 2129 1941 2164 διασκεδασθη-

1161 2176 1285 2210 σομένου,
1300 2174 1377 2206 ἐπὰν,
1390 2174 1438 2210 τὴν
1454 2175 1536 2210 τιμὴν
1550 2175 1596 2201 τοῦ
1610 2175 1790 2210 τετιμημένου
1805 2176 1941 2211 τριάκοντα

1160 2221 1298 2257 ἀργυρίων
1320 2220 1520 2255 τιμησάμενοι,
1546 2221 1595 2255 τῆς
1621 2220 1694 2255 σςρῶν
1719 2220 1876 2252 δυσσεϐείας
1897 2220 1939 2254 τὴν

1161 2267 1350 2303 προσήκουσαν
1366 2266 1476 2301 ἀτιμίαν
1490 2266 1643 2301 ὑπόσχοιεν.
1656 2266 1735 2300 Λέγει
1747 2267 1768 2293 δ’
1782 2265 1829 2294 οὖν
1839 2275 1846 2282 ·
1865 2276 1874 2292 ι
1892 2265 1941 2292 Καὶ

1160 2312 1278 2348 λήψομαι
1293 2312 1341 2346 τὴν
1362 2311 1458 2346 ῥάϐδον
1476 2320 1526 2347 μου
1542 2313 1592 2347 τὴν
1614 2312 1708 2347 καλὴν,
1734 2313 1780 2339 καὶ
1805 2312 1940 2349 ἀπορρίψω

1160 2358 1256 2394 αὐτὴν,
1279 2357 1326 2383 τοῦ
1350 2357 1524 2384 διασκεδάσαι
1546 2358 1595 2393 τὴν
1621 2358 1758 2394 Διαϐήκην
1777 2367 1843 2394 μου·
1865 2368 1875 2384 ι
1899 2358 1940 2384 καὶ

1161 2403 1256 2430 πάλιν·
1277 2413 1286 2429 ι
1306 2404 1361 2430 Καὶ
1378 2404 1517 2440 ἀπέῥριψα
1532 2404 1581 2439 τὴν
1598 2404 1693 2439 Ιῥάϐδον
1709 2405 1758 2439 τὴν
1774 2404 1900 2440 δευτέραν
1912 2403 1939 2430 ct

1161 2450 1315 2485 σχιιίνισμα.
1339 2459 1346 2473 ι
1367 2450 1428 2476 Ἐπὶ
1442 2450 1546 2481 τούτοις
1562 2450 1630 2476 ἐπὰν
1646 2451 1662 2485 ἡ
1678 2451 1830 2486 προφητεία
1846 2451 1938 2485 φάσκῃ·

1164 2505 1172 2521 ι
1190 2495 1244 2522 Καὶ
1260 2494 1350 2530 ἐξαρῶ
1366 2495 1428 2526 τοὺς
1444 2496 1518 2530 τρεῖς
1535 2495 1666 2530 ποιμένας
1679 2496 1707 2521 ὲν
1730 2496 1795 2531 μηνὶ
1807 2496 1857 2526 ἑνὶ,
1879 2505 1887 2520 ι
1903 2502 1941 2520 νο-

1162 2541 1231 2577 μίζω
1248 2541 1311 2577 τρία
1327 2541 1454 2575 τάγματα
1471 2540 1636 2567 αίνίττεσθαι
1651 2541 1705 2567 τῶν
1721 2541 1804 2568 πάλαι
1821 2541 1866 2568 τοῦ
1882 2538 1939 2566 λαοῦ

1159 2585 1206 2612 τοῦ
1225 2585 1291 2611 θεοῦ
1306 2584 1493 2617 προεστώτων,
1511 2584 1653 2620 βασιλέων,
1668 2585 1714 2611 καὶ
1727 2585 1886 2621 ἀρχιερέων,
1898 2583 1940 2610 καὶ

1161 2631 1308 2668 προφητῶν
1319 2640 1325 2646 ·
1340 2631 1401 2658 ἐπεὶ
1413 2631 1460 2658 καὶ
1473 2631 1517 2657 διὰ
1531 2631 1585 2658 τῶν
1599 2631 1683 2667 τριῶν
1697 2631 1799 2658 τούτων
1814 2631 1940 2666 ποιμένων

1161 2678 1250 2704 πάντα
1273 2677 1308 2704 τὰ
1333 2677 1402 2703 κατὰ
1420 2678 1483 2709 τοὺς
1508 2676 1593 2703 πάλαι
1620 2677 1751 2713 πρότερον
1774 2676 1938 2712 ᾠκονομεῖτο.

1167 2724 1235 2750 Ἀλλ’
1252 2723 1345 2758 ἐπειδὴ
1361 2722 1524 2759 διαστροφὴν
1547 2723 1594 2748 καί
1610 2723 1634 2748 οί
1659 2724 1732 2758 τρεῖς
1755 2720 1828 2749 οὗτοι
1849 2720 1939 2748 πεπόν-

1161 2770 1222 2796 Θασι
1236 2769 1373 2804 ποιμένες,
1390 2769 1451 2795 καθ’
1465 2769 1512 2795 ἕνα
1532 2770 1625 2804 καιρὸν
1639 2769 1685 2795 τὸν
1701 2769 1748 2795 ἐπὶ
1760 2768 1807 2794 τοῦ
1825 2768 1938 2801 Σωτῆρος

1162 2816 1238 2852 ἡμῶν
1256 2816 1284 2851 (ὃ
1294 2823 1323 2841 τε
1340 2815 1393 2851 γὰρ
1408 2815 1533 2850 βασιλεὺς
1564 2816 1730 2850 παρανόμως
1745 2815 1834 2842 αὐτῶν
1846 2815 1937 2850 ἡγεῖτο,

1161 2861 1307 2896 ἁλλόςυλὸς
1328 2869 1368 2892 τις
1385 2860 1422 2887 ὣν
1445 2862 1490 2887 καὶ
1513 2861 1562 2888 οὐκ
1582 2863 1679 2892 οἰκεῖος
1695 2861 1740 2888 τοῦ
1765 2861 1867 2890 ἔθνους·
1888 2860 1938 2885 ὅτι
