2099 3217
2 642 8 659 ι

2 689 9 706 l

2 737 9 761 ι

2 775 9 808 ς

2 832 10 850 t

2 878 10 896 ι

2 926 10 943 I

2 973 10 990 ι

2 1021 11 1035 Π

2 1068 10 1084 τι

2 1115 10 1135 τ,

2 1162 10 1177 Γ

2 1200 9 1225 ι

4 1256 7 1269 I

2 1301 8 1318 ἰ

3 1347 7 1363 1

2 1396 7 1409 1

2 1445 6 1459 ἰ

212 144 267 172 749
674 146 1001 175 DEMONSTRATIONIS
1015 145 1245 175 EVANGELICzE
1261 144 1325 175 LIB.
1346 146 1380 175 Χ.
1786 149 1839 176 730

211 204 370 240 ἀρχιερεὺς.
394 204 448 231 ὑπὸ
470 204 610 240 Ῥωμαίων
635 204 855 240 παραγενόμενος
882 205 929 232 ἐπὶ
953 204 992 240 τηε

1055 204 1188 237 storibus.
1206 207 1299 234 omnia
1314 212 1376 241 quae
1391 204 1425 233 ad
1443 204 1505 234 illos
1516 209 1623 234 veteres
1635 206 1699 234 olim
1718 207 1837 242 pertine.

211 251 394 286 λειτουργίαν,
411 251 441 277 οὺ
457 250 526 277 κατὰ
547 250 595 286 τὴν
610 250 658 276 τοῦ
679 251 775 285 γένους
794 251 918 287 διαδοχὴν
941 251 1001 277 οὐδὲ

210 297 284 325 κατὰ
293 296 357 327 τοὺς
371 296 498 332 ἐννόμους
518 295 634 331 θεσμοὺς
648 296 694 322 ἐπὶ
709 296 759 331 τὴν
777 297 860 331 τιμὴν
879 296 980 332 παρῄει
993 305 1000 312 -

214 343 230 369 ὃ
243 351 273 369 τε
287 343 430 378 προφήτης
444 342 539 378 μέχρις
562 342 695 373 Ἰωάννου,
713 342 895 378 παυσάμενος,
910 342 1000 369 οὐκέτι

210 391 241 417 ὲν
261 390 351 420 αὐτοῖς
366 390 486 424 ἐνήργει,
499 388 558 415 ἀντὶ
574 388 602 414 δὲ
613 388 706 414 τούτου
722 388 947 424 ψευδοπροφήτης
959 397 1002 420 τις

210 436 313 471 ἀσεϐὴς
330 436 376 462 καὶ
392 434 499 461 πλανῶν
514 435 557 460 τὸν
576 434 636 460 λαὴν
649 435 668 466 ),
686 434 797 465 εἰκὸτως
819 434 853 460 τὲι
871 434 934 469 τρία
951 443 999 469 χα-

213 483 342 517 ρίσματα,
361 481 444 507 πάλαι
467 480 596 516 πρότερον
623 481 692 516 ὑπὲρ
718 480 805 506 πάντα
829 481 929 515 κόσμον
955 481 1000 506 εὑ-

211 528 304 564 πρεπῆ
327 527 356 553 τὺ
380 528 432 553 πᾶν
457 526 531 557 ἔθνος
554 527 717 561 κοσμοῦντα,
742 528 929 562 περιαιρήσειν
955 527 998 561 ὑφ’

209 575 257 601 ἕνα
280 574 373 609 καιρὸν
396 573 502 599 ἀπειλεῖ
523 573 624 606 λέγων·
642 581 650 596 ι
676 573 729 598 Καὶ
746 572 833 608 ἑξεῖρῶ
846 574 908 603 τοὺς
925 574 999 608 τρεῖς

210 620 343 655 ποιμένας
357 621 384 646 ὲν
403 620 466 655 μηνὶ
484 619 532 651 ἐνὶ,
548 620 593 645 καὶ
609 618 804 655 βαρυνθήσεται
822 620 838 654 ἡ
854 619 924 654 ψυχή
947 627 997 654 μου

210 666 256 694 ἐπ’
283 665 395 697 αὐτούς’
418 676 427 691 ι
446 665 502 692 ἀνθ’
519 663 575 692 οὗὸ
601 665 648 700 μὲν
673 664 787 696 ’Λκὺλας
811 665 891 700 φησί·
913 674 921 690 ε
944 665 997 691 Καὶ

208 711 362 748 ἐκολοϐώθη
374 713 390 747 ἡ
403 711 475 747 ψυχή
497 719 545 745 μου
559 711 587 736 ἐν
601 711 692 742 αὐτοῖς
703 719 710 725 ·
734 720 742 734 ι
757 711 770 736 ὁ
784 711 811 736 δὲ
828 711 975 746 Σύμμαχος
987 718 993 724 ·

210 767 221 784 ι
241 758 297 784 Καὶ
313 756 507 792 ὠλιγοῲύχησα
536 757 565 783 ὲν
588 757 678 788 αὐτοῖς
690 766 696 772 ·
716 767 724 782 ι
751 758 765 783 ὀ
781 757 808 784 δὲ
833 757 993 783 Θεοδοτίων·

212 814 221 829 ι
239 803 295 830 Καὶ
310 802 512 838 ὼλιγοψύχησεν
567 802 638 838 ψυχή
656 812 705 838 μου
726 803 767 830 ἐπ’
783 803 891 835 αὐτούς.
912 813 920 828 ι
941 803 995 830 Καὶ

205 850 238 876 τὸ
264 849 348 876 αἴτιόν
370 858 400 883 γε
425 851 474 885 τῆς
498 849 671 884 ὀλιγοψυχίας
694 849 825 881 διδάσκει,
849 849 991 882 ἐπιλέγων·

195 905 218 920 »ι
241 896 296 922 Καὶ
316 896 371 931 γὰρ
387 896 415 922 αἱ
437 896 521 931 ψυχαὶ
542 896 630 923 αὐτῶν
652 895 806 930 ὲπωρύοντο
825 896 866 921 ἐπ’
893 895 960 930 ἐμέ·
984 904 993 920 ι

205 941 266 968 ἀνθ’
284 939 314 967 οὗ
329 941 408 968 πάλιν
428 943 442 968 ὁ
465 942 596 973 Ἀκύλας·
618 952 626 967 ε
643 941 697 968 Καί
718 950 750 976 γε
772 943 788 977 ἡ
810 941 883 976 ψυχὴ
907 941 996 967 αὐτῶν

206 988 359 1024 ἐπέρκασεν
384 989 412 1014 ἐν
435 988 511 1023 ἐμοί·
543 998 552 1013 ι
580 989 593 1014 ὁ
618 988 646 1014 δὲ
670 987 831 1022 Σύμμαχος·
862 997 870 1012 ι
898 988 953 1013 Καὶ
979 988 995 1022 ἡ

204 1034 279 1069 ψυχὴ
304 1033 392 1060 αὐτῶν
416 1034 539 1070 ἤκμασεν
568 1035 596 1060 ὲν
621 1034 692 1070 ἐμοί.
726 1044 736 1060 ›
759 1034 871 1069 Ὅμοιον
895 1033 923 1059 δὲ
945 1033 994 1068 τῷ,

208 1090 218 1105 ί
239 1081 295 1107 Καὶ
315 1081 370 1116 γὰρ
394 1081 422 1106 αἱ
441 1081 526 1116 ψυχαὶ
549 1080 638 1107 αὐτῶν
659 1080 812 1116 ἐπωρὺοντο
834 1081 877 1106 ἐπ’
902 1080 961 1115 ἐμὲ,
984 1091 992 1105 1

206 1125 283 1162 παρὰ
298 1126 559 1162 τοίςἙϐδομήκοντα
575 1127 721 1163 εἰρημένῳ,
740 1126 851 1162 φέρεται
870 1126 945 1161 παρὰ
957 1125 996 1161 τῷ

211 1171 332 1208 Ἱερεμίᾳ
356 1172 388 1198 ἐκ
417 1171 562 1208 προσώπου
590 1172 637 1198 τοῦ
660 1171 761 1207 Κυρίου
793 1172 918 1205 κείμενον
949 1172 993 1197 τό·

158 1227 163 1232 -
207 1226 217 1241 ε
241 1217 471 1251 Ἐγκαταλέλοιπα
482 1218 526 1244 τὸν
535 1215 607 1244 οἶκόν
622 1226 682 1253 μου,
699 1218 791 1253 ἀφῆκα
802 1217 852 1253 τὴν
865 1218 995 1253 κληρονο-

206 1262 272 1297 μίαν
300 1271 360 1297 μου,
384 1263 471 1290 ἔδωκα
493 1263 542 1298 τὴν
568 1263 747 1298 ἠγαπημένην
773 1263 862 1298 ψυχήν
889 1272 939 1298 μου
956 1264 995 1295 είς

204 1310 301 1344 χεῖρας
323 1309 425 1344 ἐχθρῶν
448 1309 547 1344 αὐτῆς·
571 1309 685 1345 ἐγενήθη
711 1310 727 1344 ἡ
753 1309 918 1345 κληρονομία
944 1319 994 1344 μου

204 1355 268 1390 ἐμοὶ
283 1355 320 1386 ὡς
337 1355 404 1381 λέων
420 1356 447 1381 ἐν
463 1355 568 1390 δρυμῷ,
586 1355 684 1382 ἔδωκεν
701 1356 744 1382 ἐπ’
766 1356 816 1391 ἐμὲ
837 1356 886 1391 τὴν
903 1356 994 1391 φωνὴν

204 1399 302 1434 αὐτῆς.
314 1400 358 1435 Μὴ
368 1400 497 1435 σπήλαιον
511 1401 632 1436 ὑαίνηςὴ
648 1401 814 1436 κληρονομία
829 1409 878 1436 μου
892 1400 967 1436 ὲμοί;
982 1411 991 1426 ι

203 1445 324 1478 Εἰκότως
344 1444 390 1472 οὖν
411 1446 455 1472 διὰ
475 1447 561 1473 ταῦτα
576 1447 638 1482 ἑξῆς
652 1447 890 1482 ὲπιιρέρειλέγων·
911 1457 920 1472 ε
940 1447 995 1474 Καὶ

203 1488 288 1517 εἶπα·
305 1491 341 1517 οὐ
366 1491 490 1527 ποιμανῶ
514 1491 602 1527 ὑμᾶς’
628 1491 658 1518 τὸ
683 1492 853 1527 ἀποθνῆσκον
877 1492 994 1527 ἀποθνη-

204 1537 305 1569 σκέτω,
322 1537 411 1563 καὶτὸ
425 1537 550 1563 ἐκλεῖπον
561 1537 718 1569 ἐκλειπέτω,
733 1537 779 1564 καὶ
791 1537 825 1564 τὰ
842 1537 993 1564 κατάλοιπα

202 1583 378 1616 ὲσθιέτωσαν,
400 1584 513 1616 ἕκαστος
536 1584 585 1614 τὰς
608 1584 711 1619 σάρκας
731 1584 777 1610 τοῦ
799 1584 911 1620 πλησίον
931 1585 993 1621 ἑαυ-

201 1631 251 1656 τοῦ
263 1637 270 1643 ·
289 1639 299 1655 )
326 1630 384 1665 μεθ’
399 1629 417 1656 ἃ
438 1630 558 1664 ἐπιλέγει
570 1638 577 1645 ⁸
595 1639 604 1655 ι
627 1631 682 1657 Καὶ
702 1629 820 1666 λήψομαι
834 1630 883 1664 τὴν
897 1629 993 1665 ῥάϐδον

204 1684 258 1712 μου
265 1675 314 1711 τὴν
323 1676 417 1711 καλὴν,
424 1677 471 1702 καὶ
480 1676 624 1712 ἀπορρίψω
634 1677 727 1712 αὐτήν·
735 1686 744 1701 ι
757 1676 815 1702 ἀνθ’
827 1674 857 1702 οὗ
866 1675 991 1707 Ἀκύλας,

206 1731 216 1747 ε
226 1722 283 1749 Καὶ
294 1722 397 1754 ἔλαϐον,
412 1732 421 1747 t
436 1722 512 1758 φησι,
530 1722 591 1758 «τὴν
604 1722 700 1758 ῥάϐδον
714 1731 775 1758 μου,
787 1722 834 1758 τὴν
846 1722 993 1757 εὐπρέπει-

202 1776 250 1799 αν,
267 1769 313 1794 καὶ
324 1767 475 1804 περιέκοψα
493 1768 604 1803 αὑτὴ-ω
625 1768 726 1804 δηλαδὴ
742 1767 791 1802 τὴν
809 1767 881 1794 κατὰ
891 1768 994 1794 Μωσέα

201 1813 341 1849 λατρείαν.
355 1812 459 1839 Οὐκοῦν
472 1813 488 1847 ἠ
500 1813 548 1847 μὲν
561 1811 655 1847 πρώτη
667 1811 763 1847 ῥὰὄδος
775 1813 791 1846 ἡ
804 1812 832 1838 ὲν
841 1812 937 1847 ἀρχαῖς
945 1811 992 1837 τοῦ

201 1860 284 1894 λόγου
309 1859 412 1896 πρώτη,
438 1859 666 1895 συντριϐήσεσθαι
688 1860 735 1885 καὶ
754 1858 991 1893 ἀπορῥιφήσεσοαι

200 1906 321 1940 λέγεται.
333 1908 394 1933 Ὀτε
411 1906 438 1932 δὲ
452 1908 468 1941 ἡ
478 1906 544 1941 τιμὴ
557 1905 602 1931 τοῦ
615 1905 808 1940 τετιμημένου,
819 1905 865 1930 καὶ
879 1904 909 1930 τὺ
923 1904 992 1939 ὑπὲρ

199 1950 284 1978 αὑτοῦ
293 1950 331 1986 τῷ
343 1950 457 1986 προδότῃ
470 1950 544 1976 δοθὲν
558 1949 688 1985 ἀργύριον
700 1949 800 1984 ἐϐλήθη
813 1950 852 1979 et;
864 1949 909 1974 τὺν
920 1946 992 1974 οἷκον

200 1996 318 2031 Κυρίου,
331 1996 369 2027 ὡς
384 1997 424 2028 είς
442 1996 630 2031 χωνευτήριον,
641 1995 700 2020 τότε
714 1995 745 2030 δὴ
760 1995 805 2020 καὶ
823 1993 858 2020 τὰ
869 1993 993 2030 περὶτῆς

199 2039 330 2075 δευτέρας
341 2039 448 2075 ῥάϐδου,
457 2039 504 2066 τοῦ
516 2039 616 2071 παντὸς
623 2039 714 2070 ἔθνους
722 2039 832 2074 δηλαδὴ,
840 2038 993 2069 ἀκολούθως

199 2083 245 2111 οἷα
256 2085 378 2112 πείσεται
390 2085 588 2121 προφητεύεται
599 2087 626 2112 ὲν
637 2086 685 2121 τῷ,
703 2096 712 2111 r
728 2086 782 2112 Καὶ
794 2085 933 2121 ἀπέῥριψα
943 2084 991 2120 τὴν

201 2131 301 2166 ῥάϐδον
314 2131 362 2167 τὴν
373 2131 502 2167 δευτέραν
511 2132 541 2158 τὸ
550 2132 690 2167 σχοίνισμα
695 2132 749 2163 ,τοῦ
758 2131 932 2158 διασκεδάσαι
943 2131 991 2167 τὴν

200 2176 340 2212 Διαθήκην
350 2178 401 2204 ἀνὰ
410 2178 489 2212 μέσον
498 2178 581 2204 Ἰούδα
590 2179 635 2204 καὶ
646 2178 697 2205 ἀνὰ
712 2178 792 2213 μέσον
803 2178 921 2213 Ἰσραήλ·
930 2178 990 2204 »καὶ

1053 250 1129 283 bant,
1153 251 1388 285 gubernabantur.
1408 251 1461 278 Sed
1473 251 1584 287 quando
1604 255 1661 280 tres
1678 252 1723 281 isti
1745 257 1838 287 pasto-

1052 303 1097 323 res
1115 304 1170 323 uno
1184 301 1307 332 tempore
1322 297 1531 324 conversionem
1556 298 1630 332 passi
1643 303 1717 330 sunt,
1742 297 1839 325 Salva-

1052 345 1111 369 tore
1128 342 1221 377 utique
1242 347 1336 370 nostro
1354 343 1516 370 adveniente
1534 343 1608 379 (nam
1627 350 1654 371 et
1667 353 1719 372 rex
1738 351 1839 380 praeter

1051 387 1124 422 leges
1148 392 1269 421 creatus,
1289 396 1344 415 non
1372 389 1406 416 ab
1424 389 1544 424 ipsorum
1572 397 1671 425 genere
1692 390 1836 423 oriundus,

1052 432 1099 458 sed
1129 437 1261 460 externus
1288 433 1355 467 ipsis
1382 438 1447 460 tunc
1466 439 1596 468 praeerat;
1625 438 1652 462 et
1678 435 1800 469 pontifex
1821 436 1856 462 a'

1051 477 1181 509 Romanis
1201 479 1234 505 ad
1254 486 1359 506 sacram
1377 479 1545 507 iunctionem
1558 484 1713 514 provectus,
1731 489 1786 508 non
1801 489 1837 508 ex

1051 520 1226 551 successione
1252 525 1371 559 generis.
1391 533 1479 560 neque
1496 526 1646 553 secundum
1665 527 1739 562 leges
1755 532 1838 562 atque

1050 569 1187 601 instituta,
1212 570 1346 597 honorem
1368 571 1444 597 iiilllll
1471 571 1626 604 obtinebat;
1652 579 1702 599 nec
1719 573 1836 607 prophe-

1050 619 1087 646 ta,
1117 615 1162 650 qui
1180 623 1267 650 usque
1291 616 1325 642 ad
1348 615 1481 642 Joannem
1509 618 1682 652 perveniens,
1705 618 1835 652 desierat,

1049 661 1166 695 amplius
1182 661 1253 695 apud
1276 669 1324 689 eos
1346 662 1521 696 operabatur,
1541 667 1588 690 sed
1605 663 1666 690 loco
1683 663 1743 698 ejus
1758 672 1836 692 men-

1049 707 1102 733 dax
1126 707 1236 742 quidam
1253 708 1384 742 propheta
1399 711 1426 735 et
1443 708 1543 743 impius
1564 710 1694 744 populum
1716 710 1836 746 decipie-

1049 752 1119 787 bat),
1135 754 1233 780 merito
1253 754 1306 781 tria
1335 754 1380 781 illa
1405 755 1487 787 dona,
1509 763 1569 790 quae
1595 756 1733 791 quondam
1751 765 1835 792 supra

1049 807 1129 827 omne
1143 805 1334 827 ornamentum
1346 809 1377 828 ac
1392 802 1475 829 decus
1488 807 1571 830 totam
1586 803 1659 830 illam
1669 809 1773 834 gentem
1789 812 1836 831 or-

1049 845 1160 877 nabant,
1184 846 1355 873 sublaturum
1381 855 1410 875 se
1431 856 1485 875 uno
1502 852 1624 879 tempore
1641 849 1771 879 minatur.
1792 849 1835 877 di-

1049 898 1132 918 cens:
1161 891 1209 918 «Et
1237 892 1358 919 auferam
1381 898 1436 921 tres
1452 899 1576 928 pastores
1603 894 1630 921 in
1655 903 1750 923 mense
1766 904 1833 928 uno,

1049 938 1075 961 et
1091 937 1248 970 gravabitur
1256 938 1345 964 anima
1353 946 1412 965 mea
1422 946 1504 974 super
1515 946 1562 967 eos
1572 948 1596 972 ;›
1609 947 1658 974 pro
1668 947 1722 975 quo
1737 940 1834 975 Aquila

1047 985 1157 1015 quidem
1169 982 1208 1009 sic
1218 983 1272 1010 ait:
1288 993 1297 1008 ε
1312 983 1344 1009 Ει
1357 985 1480 1011 mutilata
1494 988 1535 1012 cst
1548 986 1639 1012 anima
1654 987 1750 1013 meain
1763 988 1831 1019 eis;t

1048 1027 1229 1061 Symmachus
1252 1034 1359 1056 autem:
1390 1030 1437 1056 «Et
1453 1031 1623 1058 exanimatus
1638 1039 1699 1059 sum
1716 1033 1742 1058 in
1757 1034 1831 1066 eisp

1048 1073 1218 1101 Tlieodolion
1236 1080 1326 1102 autem
1340 1085 1345 1102 :
1361 1085 1370 1101 ‹
1385 1075 1416 1102 Ει
1431 1077 1587 1102 exanimata
1606 1082 1647 1104 est
1663 1078 1754 1105 anima
1773 1087 1833 1106 mea

1047 1128 1129 1155 super
1137 1128 1194 1148 eos.
1216 1130 1224 1146 ι
1242 1122 1273 1148 Et
1288 1129 1398 1149 causam
1415 1124 1624 1151 exanimationis
1634 1125 1833 1152 ostenditiniis

1047 1173 1107 1199 quae
1123 1166 1265 1202 adjungit:
1295 1167 1416 1195 «Etenim
1442 1169 1540 1196 anima:
1568 1177 1662 1197 eorum
1690 1171 1833 1205 rugierunt

1047 1219 1130 1246 super
1145 1221 1216 1246 me,»
1237 1220 1286 1248 pro
1301 1221 1356 1248 quo
1370 1222 1467 1241 rursus
1489 1216 1587 1249 Aquila
1603 1217 1655 1243 hoc
1669 1217 1750 1243 modo
1766 1225 1834 1245 con-

1046 1259 1143 1286 vertit:
1160 1269 1169 1284 ί
1184 1259 1290 1286 Etenim
1308 1260 1398 1287 anima
1412 1269 1506 1288 eorum
1522 1262 1691 1290 immaturuit
1713 1264 1739 1290 in
1754 1272 1795 1291 me
1806 1273 1830 1296 ,ι

1048 1305 1228 1341 Symmachus
1245 1312 1352 1334 autem:
1378 1317 1387 1332 ‹
1401 1307 1433 1334 Et
1447 1309 1537 1335 anima
1555 1317 1650 1336 eorum
1671 1311 1784 1337 invaluit
1805 1312 1832 1339 in

1047 1359 1099 1379 me.
1119 1362 1127 1377 ι
1140 1351 1179 1379 llli
1194 1361 1259 1380 vero
1270 1353 1342 1387 quod
1355 1354 1424 1388 apud
1436 1353 1507 1380 LXX
1521 1355 1623 1381 dictum
1633 1359 1690 1382 est:
1711 1355 1831 1384 «Etenim

1046 1399 1144 1426 anima:
1165 1407 1260 1427 eorum
1290 1400 1432 1435 rugierunt
1447 1408 1529 1435 super
1554 1409 1624 1433 me,»
1644 1402 1734 1429 simile
1755 1404 1834 1437 quid-

1046 1444 1108 1471 dam
1122 1444 1210 1472 fertur
1220 1446 1300 1473 etiam
1317 1446 1387 1480 apud
1400 1446 1555 1478 Jeremiam,
1574 1448 1646 1481 quod
1666 1456 1699 1475 ex
1714 1456 1832 1483 persona

1046 1489 1153 1517 Domini
1176 1490 1314 1525 profertur
1339 1492 1382 1518 his
1409 1492 1516 1519 verbis:
1541 1492 1694 1527 tDerequui
1720 1494 1830 1521 domum

1046 1543 1146 1568 meam,
1172 1536 1263 1563 dimisi
1280 1536 1465 1565 baereditatcm
1492 1545 1590 1569 meam,
1613 1539 1673 1565 dedi
1704 1539 1831 1567 dilectam

1045 1582 1162 1609 animam
1178 1590 1266 1610 meam
1293 1582 1320 1609 in
1339 1590 1436 1609 manus
1462 1583 1636 1610 inimicorum
1661 1584 1732 1618 ejus.
1761 1585 1832 1612 facta

1044 1630 1086 1654 est
1102 1627 1248 1655 hau'editas
1262 1635 1321 1655 mea
1337 1628 1402 1654 mihi
1418 1634 1446 1655 ut
1459 1629 1500 1656 leo
1514 1629 1541 1656 in
1559 1629 1637 1661 silva,
1657 1629 1731 1657 dedit
1748 1638 1832 1664 super

1044 1680 1088 1700 me
1104 1681 1198 1700 vocem
1214 1681 1304 1707 suam,
1321 1674 1445 1709 nunquid
1472 1676 1600 1709 spelunca
1621 1676 1721 1711 hyaenae
1744 1677 1828 1704 lia-re-

1044 1719 1115 1746 ditas
1133 1727 1192 1746 mea
1209 1719 1324 1746 mihi"?
1344 1730 1352 1745 ι
1368 1720 1417 1747 bas
1435 1720 1518 1754 igitur
1530 1720 1565 1747 ob
1581 1728 1625 1747 res
1638 1722 1735 1747 merito
1753 1722 1832 1749 dein-

1044 1773 1108 1800 ceps
1131 1765 1271 1800 adjnngit:
1292 1775 1301 1790 ι
1318 1765 1350 1792 Et
1373 1765 1439 1795 dixi.
1456 1765 1515 1792 Non
1538 1774 1647 1800 pascam
1664 1774 1731 1799 vos;
1756 1768 1830 1802 quod

1044 1812 1169 1843 moritur,
1191 1811 1335 1844 moriatur,
1349 1815 1376 1838 et
1390 1811 1463 1846 quod
1477 1811 1579 1844 deﬁcit,
1596 1812 1715 1845 deﬁciat,
1732 1817 1758 1840 et
1769 1821 1830 1849 quas

1044 1857 1148 1892 reliqua
1166 1860 1230 1884 sunt
1243 1857 1383 1890 devorent,
1400 1858 1588 1892 unusquisque
1599 1865 1696 1886 carnes
1710 1860 1828 1894 proximi

1044 1903 1113 1930 sui.)
1133 1903 1197 1931 Post
1213 1911 1274 1938 qua}
1287 1903 1418 1938 subjicit:
1439 1913 1447 1928 ε
1461 1903 1494 1930 Et
1502 1904 1607 1938 capiam
1623 1905 1726 1940 virgam
1740 1913 1828 1932 meam

1043 1949 1196 1983 pulchram,
1208 1952 1235 1975 et
1246 1948 1373 1983 abjiciam
1390 1956 1478 1976 eamn
1498 1948 1552 1976 Pro
1569 1957 1624 1984 quo
1637 1949 1751 1984 Aquila:
1780 1949 1829 1977 «Et

1044 1996 1148 2031 accepi,
1165 1995 1264 2028 inquit.
1295 1995 1398 2028 virgam
1426 2003 1524 2027 meam,
1542 1995 1679 2029 decorem,
1697 2000 1723 2024 et
1737 1996 1828 2024 excidi

1043 2041 1128 2074 illam,
1147 2051 1157 2066 ι
1177 2041 1321 2068 Mosaicam
1353 2040 1478 2069 videlicet
1515 2041 1712 2069 adorationem.
1757 2042 1831 2077 Ergo

1043 2087 1131 2123 prima
1148 2087 1258 2121 quidem
1284 2087 1361 2121 virga
1377 2087 1456 2114 initio
1480 2087 1626 2119 sermonis,
1648 2088 1737 2124 prima
1763 2089 1827 2116 item

1043 2140 1103 2168 quae
1128 2133 1269 2167 frangatur
1296 2137 1324 2160 et
1350 2133 1504 2167 abjieiatur,
1525 2133 1583 2162 fore
1604 2135 1715 2162 dicitur.
1741 2134 1828 2173 ᾗ,εῷ

1042 2179 1111 2207 Cum
1128 2185 1218 2207 autem
1235 2180 1353 2215 pretium
1369 2180 1440 2214 ejus,
1467 2180 1513 2215 qui
1540 2181 1691 2208 aaslimalus
1716 2186 1770 2213 est,
1801 2186 1828 2208 et

199 2223 352 2258 ἐπειδήπερ
362 2223 498 2259 ἀποϐολὴν
506 2224 616 2250 ἐκείνων
626 2224 717 2258 σαφῶς
727 2224 770 2251 διὰ
778 2224 880 2250 τούτων
892 2225 905 2251 ο
912 2224 990 2257 λόγος

1045 2233 1094 2260 pro
1118 2234 1151 2253 eo
1179 2229 1322 2260 argentum
1344 2225 1478 2260 proditori
1504 2230 1656 2261 erogatum,
1675 2227 1826 2261 projectum

175 2289 177 2293 .
199 2268 348 2305 ἐμήνυσεν,
362 2270 473 2300 εἰκότως
489 2269 552 2304 ἑξῆς
570 2270 657 2296 οὐκέτ’
675 2271 773 2301 αὐτοὺς
790 2269 987 2304 ὲπιγνώσεσθαι

199 2314 253 2350 τὴν
267 2314 321 2342 τῶν
339 2316 581 2352 προλοητευομὲνων
600 2315 710 2352 δύναμίν
732 2325 823 2352 φησιν,
840 2316 907 2343 ἀλλὰ
926 2316 988 2347 τοὺς

200 2361 380 2392 Χαναναίους,
391 2361 489 2396 λέγων·
508 2371 516 2386 ι
533 2362 586 2388 Kal
600 2362 746 2396 γνώσονται
761 2363 785 2389 οἱ
799 2363 942 2389 Χαναναῖοι
954 2361 989 2387 τὰ

201 2406 326 2443 πρόὸατα
348 2408 383 2434 τὰ
405 2407 595 2443 φυλασσόμενα
620 2417 675 2445 μοι,
693 2409 759 2436 διότι
783 2408 861 2443 λόγος
884 2408 987 2444 Κυρίου

201 2453 271 2480 ἔστι.
292 2463 302 2479 ι
322 2454 399 2485 Τίνες
413 2454 435 2480 δ’
453 2454 486 2481 ἂν
502 2452 556 2481 εἷεν
571 2456 595 2481 οξ
609 2455 753 2481 Χαναναῖοι
768 2454 824 2480 ἀλλ’
839 2454 855 2490 ἦ
871 2455 951 2490 ἡμεῖς
963 2454 988 2480 οἰ

200 2500 268 2535 πρὶν
280 2499 432 2534 ἀλλόφυλοι,
448 2501 493 2527 καὶ
504 2501 532 2534 ἑξ
544 2501 669 2528 ἁπάντων
680 2501 733 2528 τῶν
747 2501 832 2527 πάλαι
844 2500 931 2527 ἀθέων
943 2501 990 2527 καὶ

200 2545 309 2572 ἀσεϐῶν
323 2546 406 2573 ἐθνῶν
422 2546 545 2582 πρόϐατα
559 2547 598 2582 τῷ
613 2547 722 2583 Χριστῷ
735 2547 950 2583 πεφυλαγμένοι;
965 2548 988 2574 οἳ

200 2591 250 2618 καὶ
262 2591 307 2618 διὰ
319 2594 368 2628 τῆς
383 2592 466 2619 αὑτοῦ
481 2593 590 2628 χάριτος
607 2592 839 2628 μεταϐεϐλήμεθα,
853 2593 900 2620 καὶ
925 2602 988 2619 συν-

200 2637 279 2670 έντες
302 2638 336 2665 τὰ
354 2638 563 2674 τεθεσπισμένα,
577 2638 677 2673 γνῶσιν
690 2639 776 2674 ἀληθῆ
789 2639 835 2665 τοῦ
850 2638 929 2674 λόγου
941 2638 987 2665 τοῦ

199 2683 306 2719 Κυρίου
327 2684 487 2720 εἰλήφαμεν.
501 2685 642 2720 Ἐγνωμέν
662 2693 691 2711 τε
709 2686 788 2720 ἡμεῖς
801 2685 824 2711 οἱ
841 2686 988 2713 Χαναναῖοι

199 2729 249 2756 καὶ
266 2731 421 2766 συνήκαμεν
444 2731 478 2758 τὰ
492 2731 656 2767 δηλούμενα’
671 2731 720 2758 οὐκ
743 2731 863 2766 εγνωσαν
879 2731 907 2758 δὲ
927 2731 987 2759 οὐδὲ

199 2776 323 2812 συνῆκαν
342 2778 366 2804 οἱ
379 2777 425 2804 τὸν
445 2778 552 2814 Ἰσραὴλ
568 2778 711 2813 αὐχοῦντες
728 2778 774 2805 καὶ
790 2778 836 2804 ἐπὶ
851 2777 889 2813 τῷ
903 2778 988 2814 σπέρ-

201 2830 270 2860 νιατι
291 2822 416 2859 Ἀϐραὰμ
433 2825 616 2859 ἐπαιρόμενοι.

236 2893 260 2909 ’³
278 2892 333 2920 Jer.
351 2899 407 2924 xu,
425 2892 481 2924 8,9.

1041 2275 1082 2299 est
1098 2271 1126 2298 in
1155 2271 1267 2298 domum
1285 2271 1393 2298 Domini
1409 2275 1538 2306 tanquam
1555 2272 1583 2298 in
1599 2271 1748 2303 fornacem,
1767 2276 1825 2298 tum

1042 2325 1107 2344 vero
1133 2318 1216 2344 etiam
1246 2325 1276 2344 ea
1305 2325 1365 2351 qua:
1394 2318 1426 2343 ad
1445 2318 1557 2344 alteram
1575 2318 1688 2352 virgata,
1708 2318 1757 2343 line
1773 2321 1825 2349 est.

1042 2371 1103 2399 quze
1128 2363 1161 2389 ad
1178 2363 1335 2390 universam
1351 2367 1458 2398 gentem
1484 2363 1633 2397 pertinent,
1656 2363 1721 2398 quid
1737 2363 1826 2390 latura

1043 2410 1099 2437 sint
1115 2409 1189 2441 mali,
1206 2409 1364 2443 proplietice
1380 2407 1535 2435 declaratur
1548 2408 1575 2434 in
1588 2408 1642 2435 illis
1654 2408 1760 2435 verbis:
1773 2418 1782 2434 ι
1795 2409 1826 2435 Et

1043 2456 1130 2490 abjeci
1148 2457 1252 2490 virgam
1264 2455 1389 2486 alteram.
1407 2454 1559 2482 funiculum
1583 2454 1617 2481 ad
1635 2454 1826 2490 dissipandum

1041 2505 1234 2529 testamentum
1248 2501 1320 2528 inter
1335 2500 1434 2528 Judam
1451 2505 1478 2528 et
1502 2500 1586 2528 Israel
1598 2511 1604 2528 :
1618 2510 1629 2527 ›
1653 2504 1680 2526 et
1696 2500 1824 2535 quoniam

1042 2548 1152 2575 illorum
1167 2546 1345 2582 rejectionem
1362 2547 1405 2573 his
1420 2545 1513 2573 verbis
1530 2546 1610 2581 plane
1627 2545 1768 2572 oraculum
1782 2545 1825 2571 in-

1041 2592 1153 2623 dicavit,
1184 2591 1283 2618 merito
1307 2590 1436 2625 deinceps
1459 2598 1513 2617 non
1542 2590 1659 2625 amplius
1684 2590 1746 2617 illus
1769 2590 1825 2616 vim

1041 2639 1247 2675 prophetiarum
1275 2638 1465 2664 intellecturos
1497 2636 1623 2669 allirmat,
1652 2637 1699 2664 sed
1717 2636 1825 2664 (Ihana-

1042 2693 1127 2717 meos.
1143 2685 1184 2713 sic
1201 2685 1314 2712 dicens:
1334 2683 1382 2710 «Et
1395 2687 1564 2717 cognoscent
1586 2682 1742 2714 Chananei,
1759 2690 1825 2711 oves

1041 2740 1102 2768 quae
1118 2731 1314 2759 custodiuntur
1333 2730 1410 2759 mihi.
1424 2730 1498 2764 quod
1513 2729 1626 2756 verbum
1636 2728 1741 2756 Domini
1751 2733 1824 2756 est.)

1039 2779 1185 2810 Caeterum,
1207 2776 1253 2813 qui
1279 2776 1388 2804 tandem
1415 2775 1461 2803 alii
1484 2774 1585 2803 fuerint
1614 2775 1642 2802 hi
1663 2774 1823 2806 Chananiri,

1039 2832 1120 2861 quam
1134 2832 1184 2852 nos
1197 2823 1269 2859 ipsi?
1283 2823 1329 2858 qui
1344 2822 1423 2858 prius
1439 2823 1519 2851 alieni
1539 2830 1660 2857 eramus,
1681 2829 1706 2851 et
1728 2823 1773 2858 qui
1790 2829 1822 2849 ει
