2099 3217
318 165 366 194 751

653 167 787 195 EUSEBII
806 169 1048 198 CESARlENSlS
1067 171 1141 200 OPP.
1162 171 1254 199 PARS
1273 173 1304 201 ll.
1326 189 1361 194 —
1377 174 1626 205 APOLOGETICA.

1900 179 1947 207 7.72

316 225 454 254 universis
469 226 532 253 olim
545 226 667 261 profanis
680 232 761 263 atque
785 229 875 264 impiis
887 230 1024 264 gentibus,
1042 238 1108 258 ores
1131 231 1241 260 Christo
1259 234 1387 262 custodili
1401 236 1514 263 sumus?
1535 237 1581 271 qui
1605 238 1687 264 etiam
1706 239 1836 266 beneflcio
1871 241 1943 269 illius

315 279 410 300 sumus
425 272 570 303 immutati,
586 277 612 299 et
628 273 686 308 ipsa
702 275 830 301 vaticinia
844 276 1039 310 prophetarum
1087 277 1277 313 intelligentes,
1297 281 1479 315 cognitionem
1510 291 1601 310 veram
1633 285 1708 311 Verbi
1739 284 1847 313 Domini
1867 295 1942 315 acce-

314 319 416 355 pimus.
438 318 520 346 lidem
544 327 594 347 nos
618 321 664 355 qui
685 328 780 349 sumus
794 322 952 357 Chananzei,
980 325 1108 352 novimus
1127 328 1207 360 atque
1224 327 1407 354 intelleximus
1420 336 1451 355 ea
1470 337 1530 364 qua;
1542 330 1680 358 dicuntur.
1714 330 1774 358 Non
1808 337 1942 360 noverunt

314 369 405 392 autem
425 373 512 400 neque
537 365 741 402 intellexerunt,
775 369 822 404 qui
839 370 951 397 nomine
980 369 1063 398 lsrael
1099 372 1262 406 gloriantur,
1283 378 1308 401 et
1337 375 1383 410 qui
1413 383 1505 402 semen
1529 377 1644 405 Abrahae
1656 378 1761 413 jactare
1794 387 1940 409 consueve-

313 416 387 440 runt.

410 469 433 495 Λ
447 469 573 496 Ieremia.
587 485 620 490 —
633 469 700 497 Ilem
714 471 746 498 de
759 471 831 500 Iuda
847 473 1014 500 nominatim.

350 536 359 552 ι
374 526 520 554 Peccatum
536 526 606 554 Juda
620 528 751 563 scriptum
763 533 805 556 est
818 531 888 566 stylo
904 531 991 559 ferreo
1006 532 1032 559 in
1049 541 1100 559 un-

311 581 362 607 gue
376 573 560 606 adamantino,
577 578 721 601 exaratum
734 576 994 610 superlatitudinem
1007 578 1098 606 cordis

309 619 378 653 ejus,
399 624 425 646 et
451 619 478 645 iu
505 619 635 646 cornibus
667 619 794 648 altarium
832 627 995 649 vestrorum.
1030 623 1097 650 Cum

309 663 443 691 recordati
471 664 573 692 fuerint
602 665 650 692 filii
678 673 773 693 eorum
796 674 906 694 ararum
940 676 1051 695 suarum
1071 674 1098 697 et

307 711 434 738 lucorum
449 718 562 738 suorum
583 711 609 738 in
626 711 701 746 ligno
721 713 806 740 denso
819 717 846 739 et
863 713 891 741 in
914 715 1031 742 collibus
1050 724 1097 743 ex-

306 757 399 787 celsis.
418 757 503 784 robur
532 761 610 784 tuum
638 762 664 785 et
686 766 782 786 omnes
809 759 954 788 thesauros
977 765 1040 788 tuos
1069 762 1095 789 in

306 804 485 839 direptionem
501 803 583 835 dabo,
603 809 629 832 et
646 805 753 832 excelsa
766 809 812 832 tua
827 805 854 832 in
871 811 983 840 peccato
1000 808 1026 834 in
1037 816 1096 835 om-

310 849 396 876 nibus
409 848 509 876 finibus
527 851 592 881 luis,
607 853 633 876 et
648 849 800 884 privaberis
817 855 843 878 et
858 851 1048 880 liumiliaberis
1062 854 1095 881 ab

304 893 474 926 haereditate,
491 902 572 928 quam
596 894 658 922 dedi
691 895 750 927 tibi,
772 899 800 922 et
827 897 992 924 transferant
1019 904 1045 925 te
1060 898 1094 925 ad

304 939 434 968 inimicos
454 944 515 968 tuos
533 940 560 967 in
575 944 674 967 terram
691 949 772 976 quam
789 949 843 969 non
856 943 927 970 nosti
941 952 948 976 ;
964 945 1093 978 quoniam

304 986 378 1021 imis
394 993 527 1013 accensus
544 989 586 1012 est
603 986 630 1014 in
645 986 738 1014 lurore
754 995 824 1020 meo,
845 996 932 1024 usque
958 990 984 1016 in
1004 998 1092 1017 szecu-

303 1031 360 1059 lum
374 1032 538 1059 ardebit”.
552 1031 671 1060 Tametsi
693 1034 750 1060 haec
766 1042 820 1061 non
836 1035 906 1070 apud
919 1034 1005 1068 LXX,
1021 1041 1092 1064 altas

302 1087 363 1106 men
383 1079 410 1106 in
427 1079 561 1106 Hebraico
583 1081 657 1107 nacti
673 1085 755 1115 atque
771 1081 798 1108 in
819 1082 989 1116 reliquorum
1008 1084 1092 1110 inter-

302 1128 409 1159 pretum
434 1125 613 1157 editiouibus,
637 1125 702 1153 item
723 1126 750 1153 in
771 1127 999 1161 exquisitioribus
1020 1137 1089 1164 quo~

301 1176 354 1203 que
371 1169 495 1204 ipsorum
522 1169 595 1196 LXX
616 1171 821 1205 exemplaribus
836 1180 898 1199 cum
915 1174 1088 1208 appositione

300 1215 481 1250 stellularum,
501 1216 583 1252 485
600 1217 757 1245 necessario
771 1225 803 1245 ea
819 1219 1005 1253 apposuimus,
1029 1226 1090 1248 tan-

299 1269 380 1296 quam
398 1270 430 1290 ea
446 1270 506 1297 qua:
519 1263 680 1290 nominatim
697 1264 784 1299 ipsum
808 1264 976 1299 proditorem
989 1265 1088 1295 Judam

299 1306 462 1341 significent,
485 1311 513 1334 et
529 1312 670 1343 peccatum
694 1310 767 1344 quod
783 1311 818 1337 ab
840 1310 886 1337 illo
905 1312 1086 1340 commissum

299 1356 351 1382 est,
385 1352 443 1380 ficri
470 1361 522 1380 non
550 1361 630 1389 posse
653 1358 682 1381 ut
703 1363 822 1390 unquam
849 1357 1001 1384 aboleatur.
1030 1358 1086 1386 Hoc

297 1398 370 1426 enim
395 1399 461 1426 mihi
484 1399 590 1427 videtur
624 1401 779 1436 significare
807 1402 891 1430 illud:
915 1413 924 1429 ι
940 1403 1086 1433 Peccatum

297 1441 365 1470 Iuda
383 1445 514 1479 scriptum
531 1450 572 1473 est
597 1447 666 1482 stle
682 1446 771 1475 ferreo
792 1448 820 1475 in
843 1456 932 1483 ungue
954 1450 1086 1478 adaman-

297 1490 384 1516 tino.)
407 1489 539 1518 Polerunt
556 1491 620 1518 item
635 1491 731 1519 referri
756 1492 788 1519 ad
811 1493 967 1520 universam
990 1493 1084 1521 Judai-

296 1543 356 1563 eam
380 1542 499 1572 gentem,
525 1538 626 1573 quibus
658 1538 788 1574 deinceps
811 1540 871 1574 ipso
897 1540 993 1568 ordine
1023 1546 1084 1576 post

269 1606 275 1612 .
296 1582 418 1617 ipsorum
441 1583 531 1611 scelus
557 1583 714 1617 indelebile,
743 1590 905 1618 extremam,
925 1595 986 1622 quae
1007 1588 1082 1623 ipsos

294 1630 422 1663 punitura
438 1633 489 1663 est,
505 1630 653 1664 perniciem
670 1632 873 1664 inter-minatur,
895 1641 956 1667 quae
971 1642 1026 1660 non
1041 1639 1082 1661 est

292 1683 366 1702 nunc
383 1676 521 1710 sigillatim
550 1677 583 1703 ad
605 1677 718 1704 verbum
739 1677 936 1712 interpretandi
962 1683 1079 1714 tempus.

293 1721 345 1749 Sed
361 1723 471 1757 quando
488 1727 542 1750 tam
561 1723 647 1750 multa
662 1723 796 1751 hactenus
812 1724 845 1752 de
862 1732 905 1758 eo,
921 1725 968 1760 qui
985 1724 1080 1752 Salva-

291 1772 377 1795 torem
395 1776 427 1795 ac
441 1767 585 1796 Dominum
601 1774 725 1797 nostrum
744 1774 802 1797 erat
818 1771 986 1805 proditurus,
1003 1771 1080 1798 aliis-

291 1821 344 1848 que
368 1814 414 1849 qui
443 1815 483 1841 illi
507 1815 622 1843 insidias
638 1815 737 1843 facturi
753 1821 843 1848 erant,
860 1816 992 1845 divinitus
1006 1825 1076 1853 pra:-

291 1860 364 1887 dicta
389 1861 584 1895 exposuimus:
613 1867 722 1897 tempus
745 1862 801 1897 jam
828 1862 911 1890 fuerit
938 1872 1000 1898 qua:
1024 1864 1078 1892 sub

291 1906 378 1940 ipsam
407 1907 530 1939 ejusdem
556 1908 711 1943 passionem
740 1912 873 1936 eventura
903 1910 1022 1943 fuerunt,
1050 1916 1080 1938 ut

291 1953 355 1980 item
381 1952 515 1980 divinitus
532 1962 579 1988 per
599 1955 745 1989 prophetas
768 1956 928 1985 deuunliata
950 1959 1015 1991 sint,
1034 1960 1076 1986 iu-

289 1999 369 2026 tueri.

289 2056 327 2081 Ab
343 2056 432 2094 Amos.
449 2071 483 2076 -——
499 2056 537 2094 De
551 2057 614 2084 solis
628 2057 739 2092 a'rfec‘lu.
754 2059 837 2094 quiin
853 2060 910 2094 ipsa
926 2060 1077 2089 Saluatoris

322 2091 406 2132 nostri
421 2092 559 2132 _passione
580 2091 696 2126 accidit,
722 2100 746 2120 et
760 2091 802 2121 'de
819 2091 937 2124 extremo
953 2096 1076 2124 Iudaica:

321 2132 404 2161 genus
419 2132 535 2154 mlemu.

323 2224 332 2240 ι
351 2214 428 2242 Jurat
444 2215 575 2244 Dominus
598 2217 624 2244 in
655 2218 810 2252 superbiam
830 2218 926 2251 Iacob,
953 2220 976 2247 si
1005 2221 1075 2248 obli-

285 2261 403 2288 viscetur
420 2262 445 2289 in
465 2263 606 2291 victoriam
629 2265 721 2291 oruuia
737 2273 820 2300 opera
834 2269 934 2297 vestra,
951 2270 977 2293 ct
992 2275 1074 2302 super

283 2308 327 2336 his
341 2317 396 2336 non
411 2309 564 2337 turbabitur
579 2314 668 2342 terra,
688 2315 714 2338 et
734 2311 836 2346 lugebit
855 2313 945 2340 omnis
961 2313 1007 2348 qui
1025 2313 1073 2340 lia-

283 2354 351 2381 bitat
363 2355 389 2382 in
405 2363 447 2389 ea,
462 2360 489 2383 et
505 2356 635 2384 ascendet
649 2357 728 2391 quasi
742 2357 841 2385 ﬂuvius
857 2359 1070 2391 consummatio,

281 2404 309 2426 et
323 2400 470 2428 descendet
493 2402 571 2437 quasi
602 2401 702 2429 fluvius
719 2402 842 2438 [Egypth
864 2407 891 2430 et
917 2403 969 2430 erit
984 2404 1011 2431 in
1027 2404 1071 2432 die

283 2445 339 2478 illa,
354 2446 422 2474 dicit
437 2446 580 2480 Dominus,
598 2448 703 2475 occidet
719 2449 760 2475 sol
777 2449 805 2475 in
819 2449 940 2481 meridie,
952 2454 978 2477 et
994 2449 1071 2477 obte-

279 2493 441 2521 nebrabitur
455 2502 538 2529 super
555 2500 654 2522 terram
671 2495 697 2521 in
714 2495 757 2522 die
771 2496 815 2522 lux
829 2516 837 2528 ,
867 2499 894 2523 et
913 2501 1069 2524 convertam

279 2539 412 2566 solemnia
430 2544 520 2567 vestra
539 2539 565 2566 in
582 2539 694 2573 luctum,
712 2546 738 2567 ct
750 2541 841 2568 omnia
856 2542 961 2568 cantica
978 2545 1068 2569 vestra

278 2584 306 2612 in
323 2585 488 2617 lamentum,
506 2591 532 2613 et
557 2586 684 2614 inducam
708 2595 791 2621 super
814 2595 922 2615 omnem
946 2587 1067 2614 lumbum

277 2637 400 2664 saccum,
421 2637 447 2659 et
467 2641 548 2667 super
563 2641 645 2661 nnme
663 2637 744 2668 caput
759 2634 905 2666 calviticm,
923 2639 950 2661 et
969 2642 1066 2669 ponam

277 2685 340 2706 eum
356 2682 486 2713 tanquam
498 2679 601 2706 luctum
620 2679 725 2712 dilecti,
744 2683 771 2707 et
785 2681 831 2715 qui
845 2688 908 2707 cum
923 2687 956 2707 eo
968 2680 1068 2707 fuerint

278 2727 408 2759 tanquam
425 2725 495 2752 diem
513 2726 615 2752 doloris
627 2735 634 2753 :
647 2733 710 2753 ecce
722 2726 780 2754 dies
800 2727 921 2759 veniunt,
937 2726 1003 2753 dicit
1015 2725 1069 2753 Do-

279 2769 379 2802 minus,
406 2775 433 2797 ct
452 2770 556 2797 mittam
587 2771 683 2798 famem
705 2773 732 2798 in
759 2776 878 2805 terram,
894 2780 949 2799 nou
968 2772 1066 2799 famem

276 2815 366 2851 panis,
382 2824 468 2851 neque
487 2817 561 2844 sitim
578 2824 663 2852 aqum,
679 2818 727 2845 sed
743 2818 841 2847 famem
859 2818 987 2847 audiendi
1006 2826 1067 2846 ver-

310 2905 333 2920 “
351 2903 407 2932 Jcr.
425 2911 478 2931 xvu
491 2923 498 2936 ,
517 2904 569 2931 ι-ι.

1116 480 1137 506 Α
1158 476 1224 502 Ἀπὸ
1235 477 1287 504 τοῦ
1296 477 1514 512 Ἱερεμίου.-Ἕ
1517 488 1541 505 τι
1550 479 1616 513 περὶ
1623 480 1676 506 τοῦ
1684 480 1777 508 Ἰούδα
1785 483 1938 518 ὀνομαστί.

1105 1157 1125 1184 Β

1194 542 1203 557 ‹
1223 523 1357 569 Ἀιὶαρτία
1378 535 1462 562 Ἰούδα
1473 535 1636 572 γέγραπται..
1644 537 1672 563 ἐν
1685 539 1807 574 γραφείῳ
1828 540 1937 577 σιδηρῷ,

1150 579 1178 605 ὲν
1189 579 1264 614 ὖνυχι
1277 579 1458 617 ἁδαμαντίνῳ,
1473 581 1697 620 ἐγκεκολαμμένη
1709 584 1754 611 ἐπὶ
1766 585 1813 611 τοῦ
1827 587 1938 622 στήθους

1148 624 1198 659 τῆς
1215 625 1327 660 καρδίας
1344 626 1437 658 αὑτοῦ,
1454 627 1499 654 καὶ
1523 629 1578 659 τοῖς
1603 629 1699 665 κέρασι
1722 630 1776 656 τῶν
1795 631 1937 670 θυσιαστη-

1150 670 1215 705 ρίων
1232 671 1318 706 ἡμῶν.
1340 672 1435 698 Ἡνίκα
1458 673 1667 709 ἀναμνησθῶσιν
1688 676 1712 701 ot
1735 676 1787 703 υἱοὶ
1804 678 1892 704 αὐτῶν
1905 679 1936 706 τὰ

1148 716 1328 754 θυσιαστήρια
1353 719 1452 751 αὐτῶν,
1468 720 1514 746 καὶ
1535 719 1570 746 τὰ
1589 721 1657 757 ἄλση
1681 722 1770 749 αὐτῶν
1789 724 1835 750 ἐπὶ
1859 724 1935 756 ξύλου

1146 763 1259 796 δασέος,
1283 765 1330 791 καὶ
1350 765 1396 792 ἐπὶ
1421 766 1522 800 βουνῶν
1547 766 1700 802 μετεώρων,
1718 769 1793 803 ἰσχύν
1819 779 1865 796 σου
1890 772 1935 798 καὶ

1147 810 1250 842 πάντας
1263 812 1326 843 τοὺς
1349 811 1501 848 θησαυρούς
1513 821 1560 839 σου
1577 814 1617 845 είς
1634 815 1772 849 προνομὴν
1786 815 1873 848 δώσω,
1890 819 1935 844 καὶ

1145 856 1179 883 τὰ
1190 856 1280 893 ὑψηλά
1292 866 1338 884 σου
1352 858 1381 884 ἐν
1394 858 1515 894 ἁμαρτίᾳ
1529 860 1556 885 ὲν
1571 860 1637 886 πᾶσι
1650 862 1704 892 τοῖς
1715 861 1798 896 ὁρίοις
1811 870 1868 889 σου.
1882 864 1935 890 Καὶ

1145 904 1328 941 ἀφαιρεθήσῃ,
1344 906 1391 931 καὶ
1406 905 1664 952 ταπεινωθήσηλὰπὸ
1679 907 1730 942 τῆς
1743 908 1933 943 κληρονομίας,

1144 948 1177 986 ἦς
1193 950 1282 977 ἔδωκά
1296 960 1348 983 σοι,
1367 952 1413 978 καὶ
1428 952 1549 978 ἀναϐιϐῶ
1563 948 1637 979 σέέν
1649 955 1705 985 τοῖς
1724 953 1829 989 ἐχθροῖς
1845 963 1890 981 σου
1905 956 1934 982 ἐν

1143 999 1176 1033 τῇ
1201 999 1247 1034 γῇ,
1265 999 1298 1034 ἢν
1320 999 1369 1024 οὐκ
1390 998 1491 1033 ἔγνως·
1514 999 1554 1025 ὅτι
1577 999 1632 1033 πῦρ
1654 1001 1819 1027 ἐκκέκαυται
1845 1002 1872 1027 ὲν
1896 1002 1934 1038 τῷ

1143 1044 1222 1080 θυμῷ
1237 1055 1299 1081 μου,
1311 1045 1363 1075 ἕως
1375 1045 1471 1077 αἰῶνος
1485 1046 1661 1082 καυθήσεται.
1680 1057 1689 1072 ι
1706 1048 1737 1074 Εἰ
1751 1048 1796 1074 καὶ
1811 1049 1847 1084 μὴ
1861 1050 1933 1085 παρὰ

1142 1094 1198 1123 τοῖς
1212 1093 1420 1128 Ἐϐὃομήκοντα,
1436 1091 1546 1119 ἁλλόῗιν
1560 1094 1587 1119 ἐν
1599 1093 1638 1129 τῷ
1650 1094 1785 1129 Ἑϐραῖκῷ
1793 1094 1879 1121 ταῦτα
1887 1096 1916 1121 εὑ
1929 1113 1933 1116 -

1142 1138 1243 1174 ρόντες,
1253 1139 1300 1165 καὶ
1311 1140 1339 1166 ἐν
1350 1140 1410 1171 ταῖς
1418 1139 1471 1165 τῶν
1479 1139 1580 1166 λοιπῶν
1596 1140 1771 1176 έρμηνευτῶν
1783 1140 1931 1172 ὲκδόσεσιν,

1144 1185 1184 1211 ἔτι
1206 1186 1258 1221 μὴν
1277 1185 1346 1221 μετὰ
1369 1185 1545 1222 παραθέσεως
1568 1186 1738 1221 ἀστερίσκων
1757 1188 1804 1213 καὶ
1826 1188 1855 1213 ὲν
1877 1189 1931 1219 τοῖς

1143 1231 1339 1272 ἀκριϐέσιλτῶν
1361 1232 1437 1268 παρὰ
1454 1233 1510 1264 τοῖς
1532 1232 1732 1268 Ἐϐδομήκοντα
1745 1233 1930 1269 ἀντιγράφοις,

1142 1279 1297 1313 ἀναγκαίως
1317 1279 1386 1306 αὐτὰ
1409 1278 1594 1315 παρεθέμεθα,
1609 1279 1656 1305 ἅτε
1675 1280 1721 1306 καὶ
1736 1279 1865 1315 ὀνομαστὶ
1886 1281 1929 1307 τὸν

1143 1326 1274 1361 προδότην
1310 1325 1392 1352 Ἰούδα
1419 1325 1559 1361 δηλοῦντα,
1587 1326 1634 1352 καὶ
1659 1325 1708 1361 τὴν
1733 1326 1929 1363 πεπραγμένην

1140 1372 1214 1408 αὐτῷ
1226 1372 1363 1408 ἁμαρτίαν
1377 1371 1567 1404 ἀνεξάλειπτον
1579 1370 1648 1399 εἶναι
1661 1372 1830 1400 διδάσκοντα,
1845 1372 1930 1400 Τοῦτο

1140 1419 1194 1455 γὰρ
1215 1418 1381 1446 αἰνίττεσθαί
1407 1427 1451 1454 μοι
1470 1418 1544 1444 δοκεῖ
1567 1418 1607 1450 τὸ,
1636 1428 1645 1444 ‹
1682 1419 1815 1454 Ἀμαρτία
1845 1419 1927 1447 Ἰούδα

1139 1466 1324 1501 ἐγγέγραπται
1350 1466 1378 1491 ἐν
1401 1465 1525 1501 γραφείῳ
1547 1465 1658 1500 σιδηρῷ,
1677 1467 1705 1492 ἐν
1719 1465 1794 1501 ὄνυχι
1809 1466 1926 1502 ἀδαμαν-

1137 1515 1212 1547 τινῳ.
1234 1522 1243 1538 ι
1263 1511 1311 1548 Εϊη
1328 1511 1350 1538 δ’
1368 1511 1400 1539 ἃν
1423 1512 1469 1538 καὶ
1493 1512 1539 1538 ἐπὶ
1562 1512 1617 1538 πᾶν
1634 1512 1665 1538 τὸ
1695 1512 1830 1539 Ἰουδαίων
1852 1513 1925 1545 ἔθνος

1137 1558 1338 1594 ἀναφερόμενα,
1352 1554 1393 1590 οἷς
1408 1557 1471 1593 ἑξῆς
1491 1558 1538 1584 καὶ
1552 1557 1705 1590 ἀκολούθως
1720 1559 1788 1593 μετὰ
1801 1559 1851 1594 τὴν
1864 1559 1925 1586 ἀνε-

1137 1604 1278 1637 ξάλειπτον
1303 1604 1392 1631 αὐτῶν
1415 1604 1542 1631 ἀσέϐειαν
1566 1605 1611 1631 τὸν
1638 1604 1802 1639 μετελθόντα
1826 1605 1924 1637 αὐτοὺς

1135 1651 1249 1686 ἔσχατον
1273 1651 1383 1686 δλεθρον
1408 1651 1532 1678 ἀπειλεῖ·
1560 1651 1631 1686 ειπερ
1656 1652 1726 1679 κατὰ
1749 1651 1820 1684 λέξιν
1837 1653 1922 1689 ἑρμη-

1135 1698 1222 1724 νεύειν
1239 1698 1269 1724 οὺ
1284 1697 1331 1724 τοῦ
1353 1697 1487 1733 παρόντος
1499 1697 1629 1733 τυγχάνει
1646 1698 1753 1734 καιροῦ.
1779 1699 1857 1726 Ἀλλὰ
1869 1700 1923 1735 γὰρ

1133 1743 1267 1770 τοσούτων
1281 1743 1344 1779 περὶ
1360 1743 1406 1769 τοῦ
1422 1742 1569 1779 προδώσειν
1586 1744 1726 1779 μέλλοντος
1746 1744 1791 1771 τὸν
1808 1745 1921 1782 Σωτῆρα

1134 1790 1182 1816 καὶ
1197 1789 1298 1825 Κύριον
1313 1789 1400 1825 ἡμῶν,
1425 1789 1479 1815 τῶν
1503 1798 1533 1816 τε
1551 1790 1637 1822 ἄλλως
1659 1790 1919 1819 ἐπιϐεϐουλευκότων

1092 1842 1112 1871 c
1131 1836 1205 1872 αὐτῷ
1220 1835 1517 1872 προαναψωνηθέντων,
1538 1836 1633 1872 καιρὸς
1655 1837 1718 1863 [δεῖν
1735 1838 1831 1864 καὶτὰ
1851 1839 1920 1874 ἁμαὶ

1130 1883 1160 1909 τὸ
1189 1883 1275 1914 πάθος
1304 1882 1389 1909 αὐτοῦ
1420 1882 1551 1918 μέλλοντα
1580 1883 1766 1918 συμϐήσετθαι
1793 1884 1920 1917 θεσπιζόμ

1131 1937 1208 1963 μτνα.

1134 2064 1205 2102 Ἄπι)
1215 2064 1266 2102 τοῦ
1275 2064 1421 2102 Ἄρως-,ὴ
1427 2065 1496 2099 Περὶ
1505 2065 1561 2099 τῆς
1571 2066 1734 2102 ἐκλείψεως
1748 2068 1802 2095 τοῦ
1817 2069 1916 2102 ἡλίου,

1162 2099 1218 2139 τῆς
1234 2100 1282 2126 ἐπὶ
1300 2099 1340 2139 τῷ
1358 2100 1446 2139 πάρει
1472 2101 1525 2139 τοῦ
1545 2099 1679 2139 Σωτῆρος
1697 2102 1780 2139 ἡμῶν
1797 2099 1917 2139 refer-23;

1159 2135 1266 2172 μένης,
1288 2135 1343 2172 καί
1357 2136 1424 2169 περὶ
1447 2136 1500 2162 τοῦ
1521 2137 1689 2170 παντελοῦς
1711 2135 1839 2172 ὀλέθρού
1862 2135 1917 2167 τοῦ

1168 2171 1315 2197 Ἰουδαίων
1328 2171 1445 2204 ἔθνους.

1163 2226 1173 2242 ‹
1196 2216 1306 2252 Ὀμνύει
1328 2217 1432 2253 Κύριος
1453 2217 1524 2244 κατὰ
1547 2219 1736 2254 ὑπερηφανίας
1759 2219 1870 2254 Ἰακὼϐ,
1890 2221 1914 2247 at

1123 2261 1335 2298 ἐπιλησθήσεται
1357 2265 1397 2295 είς
1419 2265 1493 2296 νῖκος
1508 2265 1595 2291 πάντα
1611 2265 1645 2292 τὰ
1666 2265 1732 2301 ἔργα
1755 2266 1846 2302 ὑμῶν,
1868 2269 1914 2294 καὶ

1123 2308 1169 2335 ἐπὶ
1185 2308 1289 2340 τούτοις
1307 2309 1336 2335 οὐ
1348 2309 1550 2345 ταραχθήσεται
1565 2311 1581 2345 ἡ
1598 2310 1644 2345 γῆ,
1658 2311 1705 2337 καὶ
1719 2311 1846 2348 πενθήσει
1860 2314 1914 2344 πᾶς

1123 2355 1137 2381 ὁ
1152 2356 1286 2382 κατοικῶν
1304 2357 1332 2382 ὲν
1355 2357 1435 2392 αὐτῇ,
1451 2357 1497 2383 καὶ
1517 2357 1683 2393 ἀναϐήσεται
1698 2359 1736 2390 ὡς
1756 2359 1877 2395 ποταμὸς
1896 2361 1912 2395 ἠ

1123 2400 1271 2433 συντέλεια,
1294 2402 1341 2428 καὶ
1361 2403 1544 2438 καταϐήσεται
1560 2403 1598 2435 ὡς
1619 2405 1741 2440 ποταμὸς
1761 2406 1910 2440 Αἰγύπτου.

1121 2448 1177 2474 Καὶ
1194 2447 1270 2474 ἔσται
1290 2450 1318 2475 ἐν
1335 2449 1428 2485 ἐκείνῃ
1439 2451 1472 2484 τῇ
1488 2451 1595 2486 ἡμέρᾳ,
1611 2451 1683 2485 λέγει
1707 2451 1818 2488 Κύριος,
1834 2453 1910 2480 δύσε-

1120 2502 1166 2520 ται
1181 2494 1195 2520 ὁ
1208 2494 1282 2529 ἥλιος
1301 2495 1484 2531 μεσημϐρίας,
1501 2496 1547 2522 καὶ
1563 2497 1724 2524 συσκοτάσει
1739 2499 1785 2525 ἐπὶ
1799 2499 1850 2534 τῆς
1861 2500 1911 2534 γῆς

1085 2526 1108 2553 D
1122 2541 1151 2566 ὲν
1164 2526 1255 2576 ἡμέρᾳ.
1268 2526 1307 2567 τὸ.
1316 2526 1381 2576 φῶςί
1398 2526 1452 2568 ἰέαὶ
1465 2526 1644 2578 μεταστρέψω
1661 2543 1711 2575 τὰς
1721 2526 1910 2580 ἑορτὰς

1121 2587 1162 2618 εις
1177 2587 1283 2620 πένθος,
1305 2587 1352 2614 καὶ
1369 2587 1459 2620 πάσας
1479 2589 1529 2620 τὰς
1546 2589 1618 2624 ᾠδὰς
1640 2590 1717 2625 ὑμῶν
1739 2592 1780 2622 εις
1794 2591 1908 2626 θρῆνανι

1122 2633 1168 2659 καὶ
1179 2633 1298 2660 ἁναϐιϐῶ
1316 2633 1361 2660 ἐπὶ
1380 2634 1466 2661 πᾶσαν
1480 2635 1565 2669 ὀσφὺν
1579 2636 1689 2669 σάκκον,
1703 2636 1749 2663 καὶ
1762 2637 1807 2663 ἐπὶ
1822 2638 1909 2665 πᾶσαν

1118 2678 1240 2713 κεφαλὴν
1271 2677 1459 2714 φαλάκρωμα·
1489 2680 1536 2706 καὶ
1559 2680 1676 2716 θήσομαι
1703 2682 1784 2708 αὑτὸν
1815 2683 1908 2720 ὥσπερ

1118 2725 1216 2757 πένθος
1234 2724 1394 2761 ἀγαπητοῦ,
1412 2726 1536 2758 καὶτοὺς
1560 2727 1619 2762 μετ’
1634 2727 1717 2754 αὑτοῦ
1739 2729 1777 2760 ὼς
1803 2729 1908 2766 ἡμέραν

1116 2770 1223 2806 ὀδύνης.
1254 2771 1318 2798 Ἰδοὺ
1338 2771 1439 2807 ἡμέραι
1462 2771 1603 2808 ἔρχονται,
1622 2773 1694 2808 λέγει
1716 2774 1837 2810 Κύριος,
1861 2776 1908 2804 καὶ

1117 2815 1288 2849 ἐξαποστελιῦ
1301 2817 1380 2854 λιμὸν
1393 2819 1438 2844 ἐπὶ
1453 2817 1502 2854 τὴν
1521 2819 1582 2855 γῆν,
1602 2819 1633 2846 οὐ
1648 2819 1725 2856 λιμὸν
1740 2820 1835 2856 ἄρτου,
1847 2821 1906 2849 om
