2099 3217
180 204 236 233 755

623 210 951 240 DEMONSTRATIONI'S
976 212 1205 241 EVANGELICA‘]
1227 210 1291 240 LIB.
1315 211 1347 242 Χ.

1757 215 1808 242 755

181 263 262 298 δίψαν
280 262 385 297 ὕδατος,
402 265 467 292 ἀλλὰ
483 266 560 302 λιμὸν
573 267 619 294 τοῦ
633 268 748 296 ἀκοῦσαι
764 269 843 303 λόγον
858 270 970 307 Κυρίου.

1024 272 1088 298 bum
1102 269 1220 303 Domini,
1229 275 1256 298 et
1269 270 1511 298 commovebuntur
1524 278 1601 305 aqua:
1616 279 1631 298 a
1642 271 1710 298 mari
1723 279 1809 306 usque

182 307 237 334 Καὶ
252 308 462 345 σαλευθήσονται
483 311 566 339 ὕδατα
582 313 636 340 ἀπὸ
652 313 790 350 θαλάσσης
806 315 858 347 ἕως
874 315 972 342 θαλάσ-

183 362 243 389 σης,
260 354 307 381 καὶ
327 355 381 382 ἀπὸ
405 356 490 392 βορρᾶ
513 358 565 390 ἓως
588 359 725 386 ἀνατολῶν
741 361 972 397 περιδραμοῦνται

182 399 326 435 ζητοῦντες
338 401 383 428 τὸν
394 402 472 437 λόγον
481 404 592 440 Κυρίου,
608 406 653 433 καὶ
668 407 699 433 οὐ
714 408 750 442 μὴ
767 407 876 444 εὕρωσι.
892 418 901 434 ι
917 409 972 444 Τὴν

181 447 254 472 κατὰ
269 446 316 473 τοῦ
333 448 460 484 Σωτῆρος
475 450 552 485 ἡμῶν
566 451 645 487 ὒῦριν
659 453 705 479 καὶ
724 453 910 489 ὑπερηφανίαν
925 455 972 481 καὶ

181 493 378 526 ἐπανάστασιν,
402 495 435 531 ἢν
449 497 635 534 ἐπανέστησαν
647 499 720 535 αὑτῷ
730 501 754 526 οἱ
766 501 797 527 ἐκ
811 501 970 536 περιτομῆς,

181 537 348 571 θεσπίζουσα
362 542 378 576 ἡ
394 542 519 576 παροῦσα
535 545 688 579 προφητεία
699 567 705 578 ,
722 546 835 580 ὀμνύναι
857 547 902 573 τὴν
917 548 972 573 Κύ-

182 585 240 620 ριόν
253 595 319 621 φησι
333 587 392 614 καθ’
405 588 592 625 ὑπερηφανίας
605 591 710 624 Ἰακὼϐ,
726 593 764 624 ὡς
777 593 807 620 οὐ
818 593 855 630 μὴ
868 593 972 628 γένοιτο

179 630 251 667 λήθη
267 632 321 659 τῶν
338 633 398 660 κατ’
413 634 495 661 αὑτοῦ
516 636 726 672 τετολμημένων
744 638 852 671 αὐτοῖς,
869 639 915 666 καὶ
931 640 970 666 ὅτι

180 678 296 710 πένθους
321 679 383 711 ἄξια
403 680 525 708 πείσεται
545 683 562 717 ὴ
591 683 626 718 γῆ
645 683 734 710 αὐτῶν
757 684 827 720 μετὰ
848 685 894 712 καὶ
917 685 971 712 τῶν

179 725 342 761 οἰκητόρων,
358 727 404 753 καὶ
420 727 460 753 ὃτι
474 728 563 756 οὐκέθ’
578 729 615 761 ὡς
631 730 661 756 τὸ
676 731 739 765 πρὶν
752 732 791 763 είς
806 731 893 767 βραχὺ
909 741 972 758 παι-

178 770 320 804 δευθέντες
336 771 414 806 αὖθις
426 774 741 811 ἁποκατασταθήσονται,
756 777 813 804 ἀλλ’
830 779 869 809 εἰς
878 778 971 805 συντέ-

178 817 254 845 λειαν
277 819 311 846 τὰ
335 820 394 847 κατ’
417 821 516 852 αὐτοὺς
535 821 603 857 ἥξει.
629 832 637 848 ι
659 823 834 858 Ἀναϐήσεται
861 825 943 858 γοῦν,
959 833 968 850 ι

178 866 274 900 φησὶν,
289 875 299 891 ι
310 867 348 898 ὡς
363 867 483 902 ποταμὸς
497 869 513 903 ἡ
529 866 668 895 συντέλεια
685 869 802 901 αὐτῶν.»
819 870 869 906 τὴν
893 870 972 897 ἐπελ-

179 911 280 938 θοῦσαν
296 912 387 944 αὐτοῖς
402 913 454 939 οὐδ’
471 913 563 940 ἄλλοτε
577 914 593 949 ἢ
611 914 679 941 κατὰ
695 915 745 950 τὴν
765 915 907 950 Ῥωμαίων
923 915 971 950 βα-

180 957 283 984 σιλείαν
296 958 389 994 ὀργὴν,
406 959 526 994 ποταμὸν
539 960 741 996 ἀναόησόμενον
754 962 796 988 ἐπ’
811 962 919 994 αὐτοὺς,
932 962 970 994 ὡς

179 1004 209 1029 ὲν
226 1003 288 1038 ὕψει
303 1004 333 1030 τὸ
354 1005 417 1041 πρὶν
441 1006 536 1037 δντας,
559 1007 751 1042 αἰνιττόμενος.
769 1007 823 1034 Καὶ
843 1008 875 1043 δὴ
900 1008 970 1044 μετὰ

177 1049 229 1085 τὴν
244 1050 408 1085 δηλωθεῖσαν
423 1053 482 1085 κατ’
496 1052 586 1078 αὐτῶν
601 1054 633 1079 ὲκ
644 1053 690 1080 τοῦ
699 1053 767 1080 Θεοῦ
783 1054 876 1090 ὀργὴν,
891 1053 969 1086 αὖθις

177 1095 214 1122 τὰ
239 1097 298 1122 κατ’
313 1097 412 1128 αὐτοὺς
431 1097 592 1133 πράγματα,
610 1108 618 1124 ι
638 1099 675 1130 ὼς
695 1099 827 1135 ποταμὸς,
847 1109 856 1125 »
877 1100 968 1134 φησὶν,

180 1150 192 1168 ι
209 1141 349 1175 Αἰγύπτου
364 1142 561 1178 καταϐήσεται“
577 1153 585 1169 ι
600 1144 632 1170 δι’
655 1141 692 1171 ὧν
713 1143 790 1180 οἶμαι
814 1145 968 1181 δηλοῦσθαι,

177 1187 220 1214 ὅτι
241 1187 276 1214 τὰ
295 1187 378 1214 πάλαι
401 1189 526 1224 μετέωρα
545 1189 591 1216 καὶ
611 1190 685 1226 napi
706 1190 765 1226 Θεῷ
788 1191 968 1227 τετιμημένα,

179 1233 228 1260 καὶ
242 1233 337 1270 ὥσπερ
351 1236 378 1261 ὲν
394 1235 456 1270 ὕψει
472 1237 586 1272 κείμενα
602 1237 825 1274 πλεονεκτήματα
838 1239 885 1266 τοῦ
903 1239 968 1265 ’Πονη-

178 1280 262 1307 δαίων
276 1281 377 1313 ἔθνους,
393 1282 472 1317 ὅμοια
486 1284 541 1314 τοῖς
554 1284 675 1318 ῥευστοῖς
689 1284 735 1310 καὶ
752 1284 830 1319 δίκην
846 1284 969 1320 ποταμοῦ

179 1327 383 1362 παρατρέχουσι
396 1328 449 1354 τῶν
472 1328 593 1354 ἀπίστων
609 1328 693 1355 ἐθνῶν
715 1330 859 1365 πράγμασι
884 1339 969 1357 κατα-

180 1372 321 1407 στήσεται,
333 1373 379 1408 ἀφ’
390 1373 473 1408 ὕψους
485 1383 514 1400 τε
528 1375 567 1406 εἰς
579 1375 706 1401 ταπεινὸν
723 1377 967 1412 περιτραπήσεται.

179 1415 238 1444 Εἶθ’
257 1417 319 1453 ἑξῆς
334 1418 438 1451 τούτοις
457 1419 526 1446 αὐτὰ
542 1420 573 1455 δὴ
589 1420 623 1446 τὰ
642 1422 714 1456 ἀμφὶ
736 1421 781 1448 τὸν
803 1422 897 1458 καιρὺν
922 1423 969 1449 τοῦ

180 1466 315 1500 σωτηρίου
332 1465 434 1498 πάθους
450 1466 641 1502 συμϐεϐηκότα
654 1467 751 1503 δηλῶνν
767 1477 775 1493 ι
792 1468 834 1494 Ἑν
849 1468 966 1504 ἐκείνῃ»

179 1511 258 1545 φησὶ,
273 1520 282 1535 ί
294 1512 326 1546 τῇ
341 1511 444 1547 ἡμέρᾳ,
461 1511 536 1546 λέγει
548 1512 777 1548 Κύριος,δύσεται
797 1515 810 1541 ὁ
825 1514 899 1549 ἥλιος
919 1523 969 1550 με-

179 1555 329 1591 σημϐρίας,
344 1557 389 1584 καὶ
406 1559 568 1585 συσκοτάσει
584 1559 630 1585 ἐπὶ
645 1560 694 1595 τῆς
709 1560 760 1595 γῆς
779 1561 808 1587 ὲν
827 1562 919 1597 ἡμέρᾳ
939 1561 969 1587 τὸ

1023 316 1056 344 ad
1072 324 1156 347 mare.
1172 321 1199 344 et
1214 317 1249 344 ab
1263 316 1391 351 aquilone
1403 324 1489 351 usque
1508 317 1542 346 ad
1557 318 1689 345 orientem
1709 318 1810 345 circui-

1023 363 1090 390 bunt
1114 368 1267 398 quaerentes
1297 363 1409 390 verbum
1437 363 1560 395 Domini,
1587 369 1614 391 et
1646 371 1700 390 non
1731 362 1810 392 Inve-

1023 408 1098 435 nient
1115 409 1149 436 ει.
1171 419 1180 434 ι
1197 408 1395 436 Contumeliam
1416 413 1444 436 et
1466 409 1621 444 superbiam
1641 413 1669 436 et
1689 409 1810 436 insolen-

1023 454 1088 481 tiam
1105 455 1237 482 adversus
1253 454 1420 481 Salvatox'em
1438 458 1575 486 nostrum,
1593 462 1673 490 quam
1690 456 1717 482 in
1733 455 1810 482 illum

1022 501 1176 527 excitarunt
1195 500 1291 532 Judmi,
1305 501 1361 528 haec
1383 501 1525 536 prophetia
1541 501 1703 536 praedicens,
1716 500 1810 535 jurare

1024 546 1166 574 Dominum
1181 547 1220 574 ait
1247 552 1340 574 contra
1366 547 1522 582 superbiam
1548 546 1641 579 Iacob,
1659 547 1741 585 486
1755 555 1809 575 non

1022 590 1140 618 futuram
1152 599 1212 618 esse
1226 591 1388 618 oblivionem
1402 599 1496 619 eorum
1508 612 1515 624 ,
1533 599 1593 627 qua!
1607 595 1702 619 contra
1720 593 1809 627 ipsum

1022 631 1081 664 ausi
1093 637 1158 669 sint,
1175 637 1310 672 dignaque
1327 638 1401 665 luctu
1419 639 1488 665 mala
1504 646 1646 674 passuram
1663 647 1723 667 esse
1736 639 1810 674 ipso-

1021 689 1082 709 rum
1109 686 1218 714 terram,
1243 689 1297 709 una
1312 690 1374 709 cum
1391 683 1606 716 habitatoribus,
1634 692 1722 720 neque
1739 685 1809 711 ultra

1022 728 1092 755 sicut
1119 728 1205 763 prius,
1226 728 1272 755 ubi
1301 729 1421 755 breviter
1435 729 1572 756 emendati
1605 729 1717 761 fuerint,
1748 738 1810 758 esse

1023 774 1119 802 iterum
1137 774 1331 807 restituendos,
1348 774 1395 802 sed
1410 775 1436 802 in
1456 775 1730 807 consummationem,
1749 784 1810 811 qua:

1022 820 1055 847 ad
1072 820 1146 855 ipsos
1161 823 1296 854 spectant,
1311 828 1373 847 esse
1390 825 1513 848 ventura.
1527 830 1536 846 ‹
1555 820 1695 856 Siquidem
1714 829 1811 849 ascen-

1021 863 1075 897 det,
1094 865 1191 900 inquit,
1210 869 1239 893 ut
1253 865 1351 893 ﬂuvius
1367 867 1568 894 consummatio
1583 867 1703 902 ipsorum
1721 877 1726 894 :
1746 877 1754 893 ι
1769 868 1810 895 sic

1023 911 1116 946 utique
1137 911 1205 938 iram
1230 920 1290 947 qum
1320 913 1381 940 illos
1408 921 1462 940 non
1487 913 1555 940 alias
1577 921 1658 948 quam
1680 913 1809 941 Romanis

1021 958 1199 993 regnantibus
1234 959 1387 991 invaserit,
1416 967 1464 994 per
1493 959 1605 986 ﬂuvium
1630 967 1808 987 ascensurum

1021 1011 1103 1038 super
1120 1012 1178 1036 eos,
1195 1004 1279 1032 veluti
1295 1004 1342 1040 qui
1358 1005 1435 1040 prius
1453 1004 1480 1032 in
1497 1005 1607 1033 sublimi
1624 1010 1807 1038 versarentur,

1021 1050 1189 1085 significans.
1205 1050 1338 1086 Deinceps
1367 1055 1429 1086 post
1454 1051 1535 1083 hanc,
1563 1051 1597 1078 de
1623 1059 1676 1086 qua
1705 1051 1808 1078 dictum

1021 1102 1072 1130 est,
1088 1101 1183 1124 contra
1202 1097 1264 1125 illos
1286 1098 1436 1124 immissam
1459 1105 1474 1124 a
1490 1097 1543 1125 Deo
1563 1098 1642 1131 iram,
1660 1105 1757 1126 rursus
1773 1097 1808 1125 ad

1022 1143 1082 1171 illos
1097 1144 1250 1178 spectantia
1272 1144 1389 1178 negotia,
1407 1144 1581 1178 persequitur
1596 1154 1602 1171 :
1618 1152 1627 1169 ι
1649 1143 1684 1171 Ut
1699 1143 1807 1176 ﬂuvius,

1021 1188 1121 1223 inquit,
1141 1188 1253 1225 [Egypti
1282 1187 1438 1217 descendet.
1461 1198 1469 1214 ι
1489 1188 1594 1221 Quibus
1608 1189 1698 1216 verbis
1725 1189 1809 1224 signi-

1021 1234 1095 1261 ﬁcari
1115 1235 1242 1267 arbitror,
1267 1243 1327 1270 qua:
1355 1235 1420 1262 olim
1445 1235 1572 1262 sublimia
1589 1240 1615 1261 et
1629 1234 1700 1270 apud
1725 1234 1807 1262 Deum

1019 1281 1186 1309 venerabilia
1203 1281 1315 1314 fuerint,
1327 1285 1353 1308 et
1369 1289 1430 1316 qua:
1451 1282 1529 1316 quasi
1543 1282 1570 1308 in
1586 1281 1696 1308 sublimi
1714 1281 1809 1315 posita:

1020 1326 1140 1355 Judaicaa
1159 1327 1248 1362 gentis
1277 1327 1459 1362 przclationes,
1476 1335 1507 1354 ea
1525 1327 1624 1354 similia
1641 1330 1667 1354 et
1688 1326 1807 1357 ﬂuentis.

1020 1378 1048 1400 et
1075 1373 1159 1401 rebus
1184 1373 1324 1400 nationum
1352 1373 1404 1400 fide
1433 1373 1603 1406 carentium,
1630 1373 1703 1400 ﬂuvii
1723 1374 1810 1400 instar

1021 1418 1186 1451 labentibus,
1203 1427 1264 1447 esse
1288 1419 1488 1451 constituenda,
1507 1427 1538 1446 ac
1560 1419 1594 1447 de
1615 1419 1767 1447 sublimiori
1781 1419 1808 1447 in

1021 1465 1137 1493 inferius
1162 1473 1222 1494 esse
1238 1465 1443 1501 praecipitanda.
1457 1465 1560 1493 Deinde
1585 1470 1647 1500 post
1674 1465 1730 1493 lucc
1750 1466 1812 1500 ipsa

1021 1519 1081 1547 quae
1106 1512 1180 1538 dicta
1195 1516 1276 1544 sunt,
1304 1512 1364 1547 ipso
1391 1512 1487 1539 ordine
1503 1519 1535 1538 ea
1561 1520 1622 1546 quae
1643 1512 1694 1539 sub
1720 1512 1808 1546 ipsum

1022 1558 1151 1587 salutaris
1182 1559 1319 1594 passionis
1338 1563 1444 1594 tempus
1470 1559 1627 1591 evenerint,
1658 1560 1807 1594 aperiens:

179 1603 252 1637 φῶς·
270 1613 279 1628 ι
296 1604 313 1630 ἃ
330 1604 376 1630 καὶ
396 1605 496 1640 ἐναργῆ
512 1606 561 1640 τὴν
579 1605 690 1632 ἔκϐασιν
713 1606 834 1641 εἴληφεν,
857 1608 901 1634 ὅτε
922 1608 969 1635 τοῦ

1024 1612 1032 1628 ι
1054 1602 1082 1630 In
1100 1603 1156 1636 illo,
1174 1604 1272 1638 inquit.
1288 1603 1343 1637 die,
1358 1603 1425 1631 dicit
1444 1602 1585 1637 Dominus,
1598 1604 1705 1631 occidet
1725 1605 1765 1632 sol
1781 1605 1808 1632 in

179 1649 306 1685 Σωτῆρος
323 1650 400 1685 ἡμῶν
418 1651 588 1685 ὑψωθέντος,
611 1651 682 1678 κατὰ
698 1652 743 1678 τὸν
763 1653 967 1689 εὐαγγελιστὴν,

182 1704 191 1720 ι
204 1695 260 1721 ἀπὸ
275 1695 356 1730 ἕκτης
368 1694 442 1731 ὥρας
457 1696 551 1728 σκότος
563 1696 670 1731 ἐγένετο
686 1697 731 1723 ἐπὶ
744 1698 834 1725 πᾶσαν
848 1698 898 1734 τὴν
918 1699 969 1734 γῆν

178 1741 233 1772 ἕως
246 1741 319 1777 ὥρας
334 1742 463 1778 ὲννάτης·
489 1742 552 1778 περὶ
565 1743 594 1769 δὲ
613 1743 661 1778 τὴν
682 1743 795 1779 ἐννάτην
825 1743 900 1779 ὥραν
923 1744 969 1770 ἁν-

178 1787 295 1822 εϐόησεν
320 1789 334 1814 ό
369 1788 473 1822 Ἰησοῦς
496 1790 571 1824 φωνῇ
599 1788 722 1825 μεγάλῃ,
754 1789 856 1824 λέγων’
877 1789 968 1821 Ἠλεὶ,

186 1834 271 1866 Ἠλεὶ,
280 1834 334 1870 λαμ
338 1835 376 1870 μᾶ.
385 1834 542 1870 σαϐαχθανί.
550 1845 559 1860 ι
573 1835 680 1862 Τούτων
694 1836 723 1862 δὲ
742 1836 836 1863 τοῦτον
844 1837 964 1863 ἐπιτελε-

180 1880 301 1907 σθέντων
310 1880 356 1906 τὸν
365 1881 474 1916 τρόπον,
487 1879 551 1916 ἑξῆς
567 1881 694 1915 ἐπιλέγει·
710 1882 779 1909 «Καὶ
791 1883 970 1918 μεταστρέψω

179 1924 230 1956 τὰς
244 1924 340 1960 ἑορτὰς
360 1925 437 1960 ὑμῶν
461 1927 500 1957 εἰς
517 1926 628 1958 πένθος,
647 1926 693 1953 καὶ
716 1927 805 1958 πάσας
826 1928 875 1959 τὰς
899 1928 970 1963 ᾠδὰς

179 1969 258 2005 ὑμῶν
283 1971 323 2002 εἰς
350 1970 466 2006 θρῆνον·
490 1972 538 1998 καὶ
562 1971 683 1998 ἀναϐιΰῶ
698 1972 744 1998 ἐπὶ
771 1973 860 2000 πᾶσαν
883 1974 970 2009 ὀσφὺν

179 2016 294 2051 σάκκον,
312 2017 358 2043 καὶ
375 2017 421 2042 ἐπὶ
447 2018 536 2044 πᾶσαν
562 2017 681 2054 κεφαλὴν
708 2018 895 2055 φαλάκρωμα·
924 2021 971 2047 καὶ

179 2060 299 2096 θήσομαι
314 2061 395 2088 αὑτὸν
405 2081 412 2092 ,
434 2061 528 2097 ὥσπερ
552 2062 650 2094 πένθος
665 2063 806 2099 ἀγαπητοῦ
819 2083 825 2094 ,
843 2065 890 2091 καὶ
908 2066 971 2097 τοὺς

181 2108 241 2142 μετ’
258 2106 351 2140 αὑτοῦ,
368 2108 406 2139 ὡς
421 2108 528 2143 ἡμέραν
549 2108 652 2144 ὀδύνης.
672 2109 737 2136 Ἰδοὺ
759 2110 860 2146 ἡμέραι
878 2109 971 2146 ἔρχον-

178 2161 236 2185 ται,
245 2153 318 2188 λέγει
328 2153 440 2190 Κύριος,
457 2155 503 2180 καὶ
514 2154 686 2186 ἐξαποστελῶ
697 2155 774 2190 λιμὸν
791 2155 837 2182 ἐπὶ
851 2156 901 2192 τὴν
908 2156 970 2192 γῆν,

178 2199 210 2226 οὐ
231 2199 310 2234 λιμὸν
329 2199 422 2235 ἄρτου,
446 2199 505 2226 οὐδὲ
522 2199 600 2234 δίψαν
619 2199 722 2232 ὕδατος,
740 2200 806 2227 ἀλλὰ
823 2200 900 2236 λιμὸν
923 2200 971 2228 τοῦ

178 2243 295 2270 ἀκοῦσαι
306 2244 384 2278 λόγον
398 2244 510 2280 Κυρίου,
524 2254 532 2269 ι
544 2245 591 2271 καὶ
600 2245 634 2271 τὰ
642 2245 713 2280 ἑξῆς·
725 2245 796 2281 ἅπερ
804 2245 920 2277 ἅπαντα,
930 2246 973 2272 διὰ

1022 1648 1146 1680 meridie,
1173 1652 1200 1676 et
1230 1649 1454 1676 obtcnebrabitnr
1474 1657 1556 1684 super
1579 1654 1678 1676 terram
1710 1650 1737 1676 in
1765 1649 1810 1677 die

1021 1696 1078 1726 lux,
1097 1705 1106 1721 ι
1122 1703 1182 1730 quae
1210 1703 1277 1722 sane
1300 1695 1450 1723 evidentem
1476 1697 1579 1724 exitum
1609 1697 1705 1724 sortita
1734 1700 1809 1729 sunt,

1022 1745 1087 1768 tunc
1100 1749 1162 1768 cum
1181 1740 1323 1769 Salvatore
1340 1742 1368 1768 in
1384 1742 1468 1770 altum
1484 1743 1602 1775 sublato,
1618 1747 1648 1769 ut
1673 1746 1715 1769 est
1737 1741 1809 1777 apud

1021 1788 1215 1823 evangelistam
1227 1809 1234 1821 ,
1249 1797 1259 1814 ι
1279 1788 1302 1814 Α
1317 1792 1393 1816 sexta
1420 1789 1486 1816 hora
1502 1789 1621 1816 tenebrae
1647 1789 1725 1816 facta:
1745 1793 1810 1816 sunt

1022 1842 1103 1869 super
1121 1835 1275 1862 universam
1302 1838 1402 1865 terram
1421 1843 1508 1870 usque
1524 1835 1558 1862 ad
1576 1835 1669 1862 horam
1697 1842 1811 1868 nonam;

1021 1885 1047 1907 et
1058 1882 1130 1908 circa
1146 1881 1240 1908 heram
1259 1889 1358 1909 nonam
1369 1881 1621 1910 exclamavitJesus
1636 1889 1702 1908 voce
1713 1889 1811 1916 magna

1022 1927 1115 1954 dicens
1130 1937 1136 1953 :
1153 1926 1205 1959 Eli,
1221 1926 1272 1959 Eli,
1289 1927 1388 1954 lamma
1403 1927 1583 1955 sabaclitliani
1595 1928 1628 1954 ⁸¹.
1639 1937 1648 1953 ι
1668 1927 1733 1961 Qua:
1747 1935 1810 1954 cum

1022 1974 1050 2000 in
1071 1973 1144 2000 hunc
1161 1972 1272 2000 modum
1291 1981 1370 2001 suum
1392 1973 1471 2001 tinem
1490 1974 1664 2010 contigerint,
1682 1973 1811 2008 deinceps

1022 2018 1147 2054 adjungit
1176 2027 1183 2045 :
1212 2027 1221 2044 ι
1257 2018 1289 2046 Et
1317 2023 1472 2046 convertam
1505 2019 1636 2046 solemnia
1664 2023 1755 2046 vestra
1783 2021 1810 2046 in

1023 2065 1138 2095 luctum,
1160 2070 1187 2092 et
1213 2065 1305 2092 omnia
1330 2064 1436 2092 cantica
1451 2069 1541 2093 vestra
1559 2065 1587 2092 in
1606 2065 1766 2098 Iumentum,
1784 2070 1811 2092 et

1023 2110 1152 2139 inducam
1179 2117 1261 2145 super
1279 2117 1387 2138 omnem
1406 2110 1527 2138 lumbum
1547 2118 1668 2143 saccum,
1686 2114 1714 2137 et
1730 2118 1812 2146 super

1024 2162 1104 2183 omne
1121 2159 1204 2191 caput
1218 2155 1366 2187 calvitiem,
1384 2159 1411 2184 et
1426 2164 1524 2191 ponam
1540 2164 1601 2183 eum
1616 2157 1688 2184 sicut
1708 2157 1811 2183 luctum

1002 2199 1004 2202 ’
1024 2201 1126 2232 dilecti,
1144 2205 1171 2228 et
1187 2209 1235 2229 eos
1248 2200 1295 2237 qui
1312 2209 1375 2228 cum
1391 2201 1451 2237 ipso
1468 2201 1587 2234 fuerint,
1604 2205 1634 2229 ut
1648 2201 1719 2229 diem
1735 2201 1814 2229 dolo-

1024 2247 1073 2275 ris.
1100 2245 1170 2274 Ecce
1186 2246 1244 2275 dies
1264 2247 1393 2280 veniunt,
1415 2247 1482 2275 dicit
1497 2247 1639 2279 Dominus,
1656 2252 1683 2274 et
1706 2248 1813 2274 mittam

178 2291 230 2326 τὴν
238 2290 425 2326 ὑπερηιρανίαν
440 2290 529 2317 αὐτῶν
541 2291 589 2326 τὴν
597 2291 666 2317 κατὰ
677 2291 724 2318 τοῦ
734 2291 851 2328 Χριστοῦ
863 2300 970 2328 γεγενη-

1024 2291 1122 2319 famem
1137 2299 1220 2327 super
1235 2296 1346 2325 terram,
1356 2301 1410 2320 non
1426 2292 1525 2320 famem
1539 2294 1627 2328 panis,
1639 2301 1726 2328 neque
1740 2293 1813 2319 sitim

180 2337 267 2373 μένην
278 2336 386 2365 ἑσεσθαι
397 2336 737 2373 προφητευθέντα,ὲναργῆ
745 2337 910 2373 τὴνὲκϐασιν
922 2338 972 2373 τῆς

179 2383 360 2419 προρρήσεως
385 2383 545 2416 ἀπεδείξατο
563 2383 632 2418 μετὰ
646 2383 695 2419 τὴν
708 2380 779 2410 κατὰ
806 2384 853 2411 τοῦ
879 2385 971 2420 Σωτῆ-

181 2437 229 2464 ρος
247 2428 325 2465 ἡμῶν
339 2428 485 2464 ἐπιϐουλὴν
500 2428 599 2455 αὐτῶν.
609 2429 645 2455 Οὐ
658 2429 790 2465 πρότερον
815 2429 891 2464 γοῦν,
914 2429 970 2456 ἀλλ’

180 2475 210 2508 ξε
228 2474 333 2501 ἐκείνου
353 2474 398 2509 καὶ
411 2475 450 2506 είς
472 2473 552 2510 δεῦρο
568 2474 747 2510 μετέστρεψεν
764 2475 854 2502 αὐτῶν
875 2476 890 2502 ὁ
905 2475 971 2508 Θεὸς

179 2523 231 2553 τὰς
244 2522 341 2558 ἑορτὰς
351 2522 391 2553 είς
407 2521 513 2553 πένθος,
529 2521 576 2548 καὶ
591 2520 641 2552 τὰς
656 2521 727 2556 ᾤδὶις
743 2522 783 2554 είς
798 2521 906 2558 θρῆνον,
921 2523 970 2557 τῆς

181 2567 346 2604 περιϐοήτου
368 2567 558 2604 μητροπόλεως
581 2567 772 2603 ἀποστερήσας
799 2568 907 2599 αὐτοὺς,
925 2569 972 2594 καὶ

180 2614 211 2641 τὸ
223 2615 252 2640 ἐν
266 2613 334 2649 αὐτῇ
353 2613 449 2649 σεμνὸν
463 2613 597 2648 ἀγίασμα,
615 2613 685 2640 κατὰ
698 2614 748 2649 τὴν
769 2614 814 2640 ἐπὶ
829 2613 908 2640 Τίτου
925 2613 972 2640 καὶ

181 2659 388 2691 οὺεσπασιανοῦ
417 2659 559 2695 Ῥωμαίων
593 2659 799 2695 αὐτοκρατόρων
825 2660 973 2694 ἠγεμονίαν

181 2705 315 2737 καθελὼν,
329 2705 367 2737 ὡς
384 2706 451 2742 μηδὲ
470 2705 596 2737 ἐλθόντας
617 2705 746 2733 δύνασθαι
761 2705 804 2731 ἐπ’
820 2705 904 2740 αὐτῆς
924 2705 974 2737 τὰς

181 2752 313 2787 ἐννόμους
334 2751 430 2788 ἑορτὰς
453 2752 500 2778 καὶ
530 2750 699 2787 πανηγύρεις
723 2750 865 2777 ἐπιτελεῖν.
881 2751 913 2777 Τί
934 2751 975 2777 δεῖ

180 2798 282 2830 λέγειν,
296 2799 333 2829 ὡς
347 2798 361 2825 ὁ
376 2798 455 2833 λιμὸς
469 2797 515 2824 τοῦ
529 2797 643 2824 ἀκοῦσαι
657 2797 734 2831 λόγον
751 2797 854 2833 Κυρίου
870 2797 974 2828 πάντας

181 2845 283 2876 αὐτοὺς
301 2844 441 2879 μετῆλθεν,
459 2844 517 2870 ἀνθ’
533 2840 570 2870 ὧν
589 2843 722 2879 ἐξήλασαν
739 2842 843 2869 ἑαυτῶν
856 2843 902 2868 τὸν
927 2843 972 2869 τοῦ

218 2936 238 2951 ⁴¹
260 2935 344 2963 Amos
360 2942 406 2964 vui
421 2954 427 2966 ,
447 2933 520 2959 7—l2.
563 2934 583 2949 "
604 2932 696 2961 Matth.
720 2941 812 2967 xxv”,
830 2932 924 2966 £5.46.

1026 2345 1112 2373 aqua,
1130 2338 1177 2366 sed
1194 2338 1291 2366 famem
1309 2338 1436 2366 audiendi
1463 2339 1578 2366 verbum
1607 2338 1733 2370 Domini,
1760 2349 1769 2364 ›
1785 2342 1813 2366 et

1025 2391 1085 2419 quae
1097 2388 1250 2419 sequuntur
1265 2394 1271 2411 :
1291 2392 1350 2419 qum
1364 2385 1473 2420 quidem
1488 2385 1580 2412 omnia
1595 2389 1706 2420 propter
1718 2392 1813 2419 super-

1024 2430 1098 2458 biam
1125 2431 1258 2465 ipsorum,
1283 2440 1335 2466 qua
1357 2431 1488 2459 adversus
1507 2431 1644 2460 Christum
1672 2431 1714 2458 usi
1737 2435 1813 2464 sunt,

1025 2477 1156 2504 divinitus
1171 2477 1310 2512 praedicta,
1326 2476 1477 2505 evidentem
1488 2477 1591 2504 oraculi
1605 2476 1708 2504 exitum
1720 2480 1813 2504 osten-

1025 2522 1134 2554 derunt,
1144 2527 1204 2557 post
1222 2523 1343 2558 ipsorum
1358 2523 1489 2553 adversus
1505 2522 1673 2549 Salvatorem
1688 2526 1813 2550 nostrum

1026 2569 1150 2596 insidias.
1169 2567 1229 2595 Non
1252 2577 1318 2604 ergo
1340 2573 1403 2597 ante
1422 2569 1488 2596 illud
1515 2572 1637 2603 tempus,
1654 2569 1701 2596 sed
1718 2576 1751 2595 ex
1767 2569 1813 2595 illo

1026 2619 1149 2649 tempore
1165 2614 1192 2640 in
1222 2614 1294 2640 hunc
1311 2621 1399 2649 usque
1415 2613 1486 2641 diem
1509 2614 1641 2641 tolemnia
1659 2613 1767 2640 illorum
1786 2613 1813 2640 in

1025 2661 1128 2687 luctum
1144 2660 1279 2687 convertit
1304 2659 1385 2691 Deus,
1401 2663 1428 2687 et
1452 2659 1558 2687 cantica
1580 2659 1607 2686 in
1635 2660 1783 2687 lamentum
1804 2670 1811 2686 :

1026 2705 1127 2740 quippe
1141 2706 1188 2740 qui
1216 2705 1277 2733 illos
1291 2705 1470 2733 celeberrima
1491 2705 1601 2732 civitate
1616 2705 1772 2740 privaverit,
1788 2708 1814 2732 et

1026 2751 1181 2778 venerabile
1207 2751 1272 2779 illud
1297 2752 1484 2779 sanctuarinm
1514 2751 1585 2786 quod
1614 2751 1640 2778 in
1667 2751 1713 2778 illa
1743 2755 1813 2783 erat,

1025 2797 1107 2833 487
1121 2797 1182 2826 Tito
1197 2806 1229 2825 ac
1242 2797 1414 2833 Vespasiano
1429 2797 1500 2833 apud
1517 2797 1656 2825 Romanos
1679 2799 1814 2833 imperan-

1026 2844 1112 2876 tibus.
1129 2845 1268 2880 everterit,
1285 2853 1372 2881 usque
1388 2845 1456 2872 adeo
1473 2851 1500 2873 ut
1514 2853 1568 2872 non
1590 2844 1708 2879 amplius
1723 2844 1815 2872 venirt
