2099 3217
336 197 388 225 755

673 195 809 224 EUSEB"
829 194 1070 224 CIESARIENSIS
1090 194 1168 223 OPP.
1188 194 1280 222 PARS
1299 194 1331 222 ll.
1351 210 1386 215 —
1404 193 1652 222 APOLOGETECA.

1905 193 1952 221 758

334 261 362 285 et
381 257 520 285 celebrare
541 257 569 284 in
590 263 622 284 ea
637 256 755 290 legitima
779 255 924 287 solemnia,
941 259 966 282 et
989 255 1117 286 legitimos

1175 253 1243 280 Θεοῦ
1267 254 1363 288 Λόγον,
1381 254 1550 290 ὁμοθυμαδὸν
1580 254 1660 280 αὑτὸν
1690 253 1886 288 ἀρνησάμενοι.
1911 253 1953 281 καὶ

333 307 486 330 conventus
502 302 618 337 possint.
633 302 778 332 Cmterum,
795 302 861 337 quid
878 309 947 336 opus
963 305 1006 328 est
1020 301 1123 333 dicere,

1178 299 1380 335 ὰπαρνηθέντες
1397 300 1442 326 ὑπ’
1457 299 1539 326 αὑτοῦ
1548 308 1555 332 ;

333 348 563 384 quemadmodum
592 347 678 375 fames
701 348 828 374 audiendi
849 348 961 375 verbum
978 346 1097 378 Domini,
1117 353 1214 372 omnes
1230 345 1292 373 illos
1309 345 1461 374 invaserit?
1474 353 1616 382 propterea
1633 346 1705 382 quod
1722 347 1816 382 procul
1830 354 1846 373 a
1863 347 1953 382 seipois

333 395 381 422 Dei
398 394 516 422 Verbum
537 394 687 428 exegerim,
703 402 765 421 cuin
790 394 856 421 illud
875 402 930 421 uno
947 394 1040 421 animo
1060 396 1238 427 negaverunt,
1253 398 1278 420 et
1294 392 1330 420 ab
1342 393 1438 420 eodem
1450 395 1540 428 negati
1556 398 1629 421 sunt.

332 463 353 490 Α
371 462 517 492 Zuc/mria.
534 478 568 484 ——
584 462 651 490 Item
663 463 695 490 de
709 464 774 490 solis
785 463 901 497 defectu,
917 468 942 490 et
958 463 990 490 de
1009 467 1123 498 tempore

576 499 706 526 salutaris
726 499 878 526 Passionis.

369 611 378 626 ε
398 599 432 627 Et
456 600 583 627 adveniet
611 599 744 627 Dominus
770 599 842 628 Deus
868 607 956 632 meus,
981 603 1008 627 et
1027 606 1123 627 omnes

330 648 419 675 sancti
433 654 496 674 cum
512 654 563 680 eo;
582 647 610 674 in
625 647 669 674 die
693 647 738 674 illa
751 655 806 674 non
830 647 952 679 eritlux,
972 650 1000 674 et
1021 645 1120 682 frigus,

329 697 357 721 et
372 693 433 728 gelu
458 693 510 721 erit
523 693 550 720 in
571 701 627 720 uno
641 693 695 724 die.
713 698 740 720 et
752 693 812 721 dies
827 693 873 721 ille
888 696 972 720 notus
992 691 1121 725 Domino,

327 742 357 766 et
371 746 461 773 neque
474 738 543 769 dies.
562 746 652 773 neque
667 746 733 770 nox,
749 739 783 766 ad
796 746 938 774 vesperam
954 739 1007 766 erit
1022 738 1079 771 lux,
1094 742 1121 765 et

329 785 358 812 in
370 785 415 812 die
428 785 474 812 illa
489 785 647 820 egredietur
665 793 736 820 aqua
767 785 828 812 viva
839 785 874 813 de
887 784 1054 816 Jerusalem,
1076 783 1120 811 di-

328 830 444 858 midium
459 831 520 865 ejus
535 831 563 857 in
580 839 655 858 mare
669 831 800 866 primum,
813 835 838 858 et
858 831 1001 858 dimidium
1017 831 1078 866 ejus
1093 830 1121 858 in

328 884 406 903 mare
429 881 594 908 extremum,
613 877 640 903 in
659 881 755 904 mstate
767 881 794 904 et
816 877 844 904 in
867 885 932 904 vere
951 877 1003 904 erit
1027 877 1076 909 sic,
1094 880 1122 904 et

328 923 381 950 erit
397 922 529 949 Dominus
544 922 571 949 in
587 930 677 957 regem
693 931 774 957 super
790 925 945 950 universam
957 928 1075 956 terram;
1093 923 1120 950 in

329 970 374 996 die
391 969 437 996 illa
453 970 505 997 erit
532 968 666 996 Dominus
683 977 764 999 unus.
781 974 807 997 et
829 978 928 997 nomen
948 971 1009 1004 ejus
1024 978 1120 1003 unum,

328 1015 454 1043 ambiens
479 1023 588 1043 omnem
611 1020 713 1042 terram
736 1021 763 1043 et
787 1017 1004 1045 solitudinem".
1032 1027 1041 1043 ι
1058 1017 1122 1046 Haac

327 1068 438 1096 quoque
451 1061 478 1088 in
494 1061 612 1088 adventu
625 1061 775 1089 Salvatoris
790 1062 878 1089 nostri
887 1063 1022 1097 completa
1035 1068 1099 1091 sunt
1112 1074 1119 1092 :

327 1115 390 1135 eum
408 1107 529 1140 advenit,
545 1108 604 1135 sive
624 1116 687 1136 cum
711 1109 770 1136 suis
795 1110 883 1137 sacris
903 1110 1046 1144 apostolis.
1063 1111 1122 1139 sive

327 1162 390 1181 eum
412 1154 471 1182 suis
493 1154 608 1186 sanctis,
621 1155 722 1182 divinis
738 1155 864 1183 videlicet
888 1156 1052 1191 quibusdam
1070 1165 1120 1192 po-

327 1201 474 1227 testatibus
489 1204 516 1227 et
532 1200 704 1235 incorporeis
718 1201 872 1236 spiritibus,
894 1210 1001 1230 necnon
1016 1203 1121 1238 angelis

326 1249 355 1273 et
371 1246 507 1274 ministris
531 1247 601 1279 suis,
618 1246 651 1274 de
666 1247 767 1282 quibus
795 1247 897 1275 dictum
921 1252 963 1276 est
980 1249 1007 1276 in
1032 1250 1120 1277 sacris

327 1291 496 1327 Evangeliis,
506 1294 579 1329 quod
591 1293 684 1328 utique
697 1293 730 1320 ad
743 1294 820 1321 illum
834 1295 1002 1323 accesserint
1019 1295 1119 1331 angeli,

327 1344 355 1368 et
373 1341 413 1367 illi
429 1341 656 1368 ministraverint.
673 1340 758 1368 Porro
775 1346 865 1368 autem
884 1341 928 1368 die
944 1342 991 1368 illo
1008 1342 1060 1377 (sic
1071 1350 1120 1369 au-

328 1391 384 1413 tem
396 1394 481 1414 5301*ιὲ
497 1387 594 1414 littera:
620 1392 823 1415 consueverunt
848 1396 930 1415 omne
951 1392 1058 1423 tempus
1071 1396 1119 1415 V0-

327 1439 402 1463 care,
419 1439 474 1465 quo
488 1432 533 1459 ille
551 1433 622 1459 inter
635 1432 759 1460 homines
775 1437 900 1460 versatus
916 1434 968 1468 est)
988 1441 1041 1460 una
1057 1441 1119 1460 cum

328 1477 390 1505 aliis
412 1478 635 1512 prmdictionibus
662 1479 744 1506 etiam
773 1479 845 1514 quod
874 1487 947 1507 nunc
975 1484 1118 1512 tractatur,

327 1524 469 1551 oraculum
481 1525 644 1560 completum
661 1530 714 1559 est,
727 1534 790 1553 cum
804 1527 898 1561 utique
910 1527 962 1554 sub
974 1527 1047 1555 illius
1057 1535 1120 1562 pas-

327 1570 414 1598 sionis
435 1569 541 1607 tempus
557 1572 592 1600 ab
617 1573 684 1600 hora
708 1576 785 1600 Sexta
811 1573 930 1600 tenebrat
953 1572 1030 1600 facta:
1055 1579 1119 1602 sunt

326 1624 411 1652 super
426 1619 581 1646 universam
597 1623 698 1646 terram
723 1627 811 1655 usque
837 1620 871 1646 ad
888 1620 984 1647 horam
1006 1627 1116 1647 nonam.
1133 1611 1154 1639 ε

326 1661 367 1690 Ex
395 1672 450 1698 quo
476 1665 516 1692 sic
533 1665 571 1692 ait
602 1666 745 1700 prophetia
763 1676 768 1693 :
787 1676 796 1692 ι
814 1665 843 1692 1η
860 1666 905 1693 die
928 1666 974 1693 illa
989 1674 1043 1693 non
1066 1667 1118 1694 erit

326 1710 382 1738 lux.
403 1720 412 1736 ι
430 1709 462 1737 Et
478 1719 594 1739 rursus:
613 1721 621 1737 ι
643 1710 676 1738 Et
698 1720 786 1747 neque
801 1713 869 1744 dies,
887 1721 976 1747 neque
1002 1721 1067 1745 nox.
1084 1714 1118 1740 ad

324 1762 467 1788 vesperam
482 1756 535 1782 erit
551 1757 607 1789 lux,
627 1767 636 1782 ι
654 1757 755 1792 quibus
778 1758 870 1784 verbis
887 1759 1031 1793 perspicue
1047 1759 1117 1785 indi-

324 1801 381 1828 cari
396 1807 460 1836 pulo
475 1802 548 1830 illius
564 1804 695 1838 temporis
720 1803 918 1835 conditionem,
939 1812 1001 1831 cum
1022 1803 1118 1831 Salva-

325 1852 384 1874 lore
407 1852 503 1874 nostro
524 1849 607 1875 altius
630 1849 737 1875 sublato
754 1849 781 1876 in
803 1849 862 1884 ipsa
877 1850 931 1877 dici
948 1850 1018 1883 luce,
1033 1850 1117 1886 488

325 1899 380 1919 nox
406 1893 441 1920 ab
464 1893 531 1920 hora
554 1899 630 1920 sexta
651 1894 688 1925 id,
706 1895 778 1929 quod
806 1896 911 1922 circum
941 1902 1041 1923 terram
1062 1901 1114 1928 est,

324 1938 443 1966 obtinuit
454 1946 541 1975 usque
556 1940 589 1966 ad
604 1940 698 1967 horam
715 1949 825 1969 nonam.
842 1940 907 1970 Post
921 1951 1002 1977 quam
1019 1950 1116 1970 rursus

323 1983 514 2013 desinentibus
532 1986 661 2019 tenebris,
678 1987 736 2015 dies
749 1994 775 2016 et
793 1989 836 2016 lux
854 1997 963 2016 reversa
975 1993 1016 2017 est
1033 2000 1040 2017 ε
1055 1995 1117 2025 post

322 2038 386 2067 qua:
401 2039 499 2059 rursus
518 2038 650 2060 consueta
675 2042 728 2061 nox
753 2039 846 2062 secuta
871 2039 923 2064 est.
943 2035 1009 2069 Quae
1023 2037 1114 2063 omnia

322 2084 416 2104 sermo
435 2077 611 2112 propheticus
633 2080 733 2112 innuit,
758 2081 804 2108 ubi
826 2081 886 2109 ait:
904 2092 913 2107 ‹
931 2081 964 2108 Ει
989 2082 1048 2110 dies
1070 2083 1115 2110 ille

322 2127 406 2150 notus
420 2123 545 2156 Domino.
561 2129 587 2152 et
601 2133 690 2161 neque
707 2127 777 2159 dies,
791 2135 879 2162 neque
895 2136 960 2161 nox,
976 2128 1010 2154 ad
1024 2136 1115 2163 vespe-

322 2176 380 2196 ram
395 2170 448 2196 erit
468 2170 525 2201 lux,
541 2180 550 2195 ι
570 2171 629 2199 dies
646 2172 756 2207 quidem
781 2173 828 2201 ille
845 2182 900 2201 non
915 2177 984 2206 erat,
1002 2178 1114 2209 propter

321 2215 489 2243 meridianas
516 2218 653 2251 tenebras,
680 2219 727 2246 sed
755 2227 807 2246 nec
830 2220 894 2247 item
911 2228 976 2251 nox,
1002 2225 1113 2256 propter

321 2260 409 2297 ipsius
418 2262 470 2289 diei
483 2271 636 2295 recursum,
649 2273 729 2299 quem
745 2265 876 2293 indicavit
889 2266 1048 2300 signiﬁcans
1064 2275 1112 2302 per

319 2307 367 2335 iila
384 2309 477 2340 verba,
495 2318 504 2334 ι
523 2309 558 2336 ad
580 2318 723 2345 vesperam
747 2312 799 2338 erit
821 2313 876 2339 lux.
899 2322 909 2338 ›
935 2312 1002 2345 Quis
1021 2318 1113 2341 autem

318 2360 374 2380 non
385 2353 538 2382 admiretur
552 2356 633 2382 etiam
645 2356 767 2384 hibernae
789 2358 863 2384 horae
877 2360 1115 2387 commemoratio-

319 2398 495 2434 nem?qnam
514 2401 600 2435 ipsam
622 2401 715 2428 itidem
732 2403 864 2431 divinavit
877 2405 1031 2438 oraculum,
1050 2413 1113 2433 cum

319 2443 379 2469 ait:
397 2453 406 2469 ι
428 2443 460 2472 Et
484 2445 571 2480 frigus
587 2450 614 2474 et
638 2448 700 2482 gelu
716 2449 779 2475 erit.
796 2459 804 2474 ι
825 2449 903 2482 Quod
927 2451 990 2478 item
1022 2452 1113 2488 ipsum

319 2487 460 2525 Evangelii
489 2493 677 2520 testimonium
703 2496 894 2526 commendat.
923 2505 985 2524 cum
1014 2497 1112 2526 Petrus

319 2534 384 2563 dum
396 2535 488 2565 Iesum
505 2539 639 2574 sequitur,
652 2548 770 2569 accenso
788 2543 850 2577 igne
868 2543 894 2569 in
909 2545 980 2572 atrio
990 2545 1110 2580 Caiphae,

321 2588 374 2608 una
400 2590 463 2610 cum
487 2584 550 2612 aliis
580 2586 761 2614 calefaciebat
785 2596 824 2615 se.
850 2588 967 2617 Proinde
992 2590 1112 2619 Joannes

318 2625 431 2663 frigoris
453 2637 563 2665 quoque
588 2633 753 2660 mentionem
777 2635 951 2669 apertissime
975 2637 1052 2670 facit,
1071 2637 1114 2665 di-

318 2679 405 2702 cens:
422 2684 432 2700 ι
449 2674 566 2704 Stabant
580 2678 654 2705 servi
674 2682 701 2706 et
717 2680 838 2708 ministri
857 2681 891 2708 ad
916 2690 1030 2716 prunas,
1049 2685 1113 2719 quia

318 2717 405 2754 frigus
424 2725 492 2753 erat,
514 2727 540 2750 et
562 2723 759 2752 calefaciebant
776 2734 806 2754 se
814 2726 847 2754 ⁸⁸.
868 2737 877 2753 ι
895 2727 930 2754 Et
944 2728 979 2756 ad
999 2717 1111 2757 verbum

318 2766 428 2801 quidem
445 2767 601 2802 hujusmodi
618 2770 697 2798 ﬁnem
713 2773 973 2810 contigerunt,-qum
987 2777 1026 2803 sic
1041 2785 1113 2812 pra»-

318 2811 390 2840 dicla
406 2816 471 2839 sunt
487 2821 492 2838 :
512 2813 546 2841 ad
561 2823 673 2842 sensum
691 2824 766 2850 vero,
780 2826 843 2846 cum
869 2818 970 2848 Iudaeis
988 2811 1111 2849 salutare

355 2899 380 2916 "
398 2899 516 2929 Zachar.
535 2911 590 2935 xu,
609 2903 689 2932 5-10.
729 2904 841 2934 “Jran.
862 2916 944 2941 mn.
965 2910 1008 2938 l8.

1184 462 1262 500 Ἀπὸ.
1277 463 1330 500 τοῦ
1349 464 1507 498 Ζαχαρίου.
1520 479 1555 500 έ-
1571 465 1633 491 Ἐτι
1655 466 1720 500 περὶ
1732 464 1787 498 τῆς
1801 466 1954 500 ἐκλείψεως

1211 497 1266 524 τοῦ
1289 497 1463 538 ἡεῑὶουξκαὶ
1489 499 1543 526 τοῦ
1558 500 1633 527 κατὰ
1650 497 1850 535 τὸ’σωτῆριον
1868 497 1953 534 1600(-

1213 542 1329 567 καιρου.

1215 601 1225 617 ‹
1240 591 1295 618 Καὶ
1319 593 1453 628 παρέσται
1473 593 1574 629 Κύριος
1590 595 1604 621 ὁ
1628 594 1695 626 Θεός
1712 604 1774 630 μου,
1795 596 1842 622 καὶ
1863 596 1954 628 πάντες

1176 638 1201 663 οξ
1218 637 1290 671 ἅγιοι
1308 639 1366 673 μετ’
1386 638 1478 666 αὐτοῦ,
1497 640 1541 665 Ἐν
1556 640 1648 676 ἐκείνῃ
1663 642 1696 676 τῇ
1711 641 1802 676 ἡμέρᾳ
1816 641 1866 667 οὐκ
1886 641 1954 668 ἐσται

1175 683 1244 717 φῶς,
1257 685 1304 711 καὶ
1317 684 1401 719 ψῦχος
1414 686 1460 712 καὶ
1480 686 1566 720 πάγος
1583 686 1657 713 ἔσται
1674 687 1736 722 μίαν
1755 688 1869 722 ἡμέραν.
1879 688 1954 723 Καὶὴ

1174 731 1266 767 ἡμέρα
1280 731 1371 768 ἐκείνη
1388 732 1495 767 γνωστὴ
1508 732 1547 767 τῷ
1558 733 1662 769 Κυρίῳ,
1681 734 1727 760 καὶ
1741 734 1789 768 οὐχ
1807 733 1904 769 ἡμέρα,
1915 734 1955 761 καὶ

1175 778 1205 804 οὐ
1219 778 1276 811 νὺξ,
1294 779 1324 805 τὸ
1335 780 1402 814 πρὸς
1416 780 1535 815 ἑσπέραν
1549 780 1623 807 ἔσται
1638 780 1705 815 φῶς.
1715 781 1770 807 Καὶ
1783 781 1812 806 ἐν
1825 782 1859 816 τῇ
1873 781 1954 816 ἡμέρα

1176 826 1268 862 ἐκείνῃ
1278 824 1447 857 ἐξελεύσεται
1460 827 1530 863 ὕδωρ
1541 827 1593 859 ζῶν
1604 827 1634 860 ἐξ
1646 828 1832 863 Ἰερουσαλὴμ,
1840 827 1870 854 τὸ
1879 829 1955 863 ἥμισυ

1176 874 1258 901 αὑτοῦ
1277 877 1316 907 εἰς
1337 875 1386 911 τὴν
1403 874 1539 901 θάλασσαν
1555 875 1604 910 τὴν
1627 874 1748 910 πρώτην,
1766 875 1813 900 καὶ
1835 875 1864 900 τὸ
1879 875 1956 909 ἥμισυ

1176 921 1258 948 αὑτοῦ
1276 923 1316 953 εἰς
1331 923 1382 958 τὴν
1398 921 1536 948 θάλασσαν
1558 922 1607 958 τὴν
1621 921 1745 957 ἐσχάτην.
1765 922 1810 947 Ἐν
1827 921 1899 956 θέρει
1915 921 1956 947 καὶ

1174 969 1203 995 ὲν
1217 968 1277 1004 ἔαρι
1295 968 1370 995 ἔσται
1385 968 1481 1000 οὕτως.
1499 969 1553 995 Καὶ
1569 969 1645 995 ἔσται
1672 968 1774 1004 Κύριος
1793 969 1835 1000 εἰς
1853 967 1956 1002 βασιλέα

1173 1015 1220 1042 ἐπὶ
1235 1016 1326 1042 πᾶσαν
1344 1015 1394 1051 τὴν
1407 1016 1469 1051 γῆν.
1491 1016 1536 1042 Ἐν
1551 1017 1585 1051 τῇ
1604 1015 1696 1051 ἡμέρα
1711 1015 1802 1051 ἐκείνῃ
1819 1015 1893 1042 ἔσται
1907 1014 1956 1041 Κύο

1174 1071 1232 1098 ριος
1243 1059 1293 1095 εἷς,
1311 1063 1357 1089 καὶ
1370 1063 1401 1089 τὺ
1416 1063 1502 1098 ὄνομα
1516 1062 1598 1089 αὑτοῦ
1619 1061 1659 1094 ἓν,
1675 1061 1791 1089 κυκλοῦν
1810 1063 1899 1088 πᾶσαν
1913 1061 1956 1097 τήν

1172 1110 1225 1146 γῆν
1242 1110 1289 1136 καὶ
1298 1110 1348 1145 τὴν
1362 1109 1475 1145 ἔρημον.
1490 1119 1498 1135 ι
1518 1109 1573 1136 Καὶ
1586 1108 1670 1135 ταῦτα
1685 1109 1730 1135 ἐπὶ
1743 1109 1792 1144 τῆς
1814 1108 1956 1144 παρουσίας

1171 1156 1218 1183 τοῦ
1246 1156 1372 1192 Σωτῆρος
1388 1156 1466 1192 ἡμῶν
1497 1155 1662 1193 ἐπληροῦτο,
1687 1156 1718 1192 ἦν
1743 1157 1890 1191 ἐποιήσατο
1904 1156 1956 1191 ἦτοι

1173 1203 1243 1238 μετὰ
1258 1203 1312 1229 τῶν
1339 1202 1419 1238 ἱερῶν
1436 1203 1591 1229 ἀποστόλων
1615 1203 1697 1230 αὑτοῦ
1715 1203 1761 1229 καὶ
1779 1202 1923 1238 μαθητῶν,
1939 1202 1954 1238 η

1173 1249 1242 1285 μετὰ
1256 1249 1311 1276 τῶν
1328 1249 1413 1283 ἁγίων
1426 1249 1527 1281 αὑτοῦ,
1553 1249 1633 1276 θείων
1653 1250 1734 1276 τινῶν
1756 1250 1896 1285 δυνάμεων
1914 1250 1955 1276 καὶ

1171 1296 1324 1331 ἀσωμάτων
1340 1296 1502 1331 πνευμάτων
1514 1315 1521 1327 ,
1543 1296 1666 1330 ἀγγέλων
1679 1304 1707 1322 τε
1732 1295 1779 1322 καὶ
1798 1295 1955 1330 λειτουργῶν

1170 1342 1264 1374 αὐτοῦ,
1281 1343 1344 1378 περὶ
1366 1339 1404 1369 ὧν
1426 1342 1532 1377 εἴρηται
1549 1343 1578 1369 ἐν
1601 1343 1656 1374 τοῖς
1673 1342 1754 1378 ἱεροῖς
1775 1340 1954 1376 Εὐαγγελὶοις,

1170 1390 1211 1415 ὅτι
1224 1399 1232 1414 ι
1248 1389 1399 1425 προσῆλθον
1412 1388 1486 1424 αὐτῷ
1500 1388 1621 1422 ἄγγελοι,
1642 1389 1690 1415 καὶ
1701 1388 1841 1424 διηκόνουν
1855 1387 1931 1422 αὐτῷ.
1944 1396 1952 1411 ι

1170 1435 1248 1461 Κατὰ
1261 1434 1289 1460 δὲ
1302 1435 1352 1470 τὴν
1365 1435 1473 1470 ἡμέραν
1489 1434 1596 1469 ἐκείνην
1611 1434 1700 1469 (οὕτω
1712 1433 1740 1460 δὲ
1764 1433 1841 1468 φῦλον
1857 1435 1954 1460 ἀποκα-

1170 1481 1226 1507 λεῖν
1239 1482 1271 1516 τῇ
1285 1482 1345 1516 ἱέρᾷ
1358 1481 1451 1517 Γραφῇ
1468 1479 1556 1507 πάντα
1574 1481 1619 1507 τὸν
1633 1481 1729 1516 χρόνον
1745 1480 1793 1515 τῆς
1812 1481 1842 1506 ὲν
1859 1478 1955 1514 ἀνθρώ-

1170 1536 1230 1559 ποις
1247 1527 1328 1553 αὑτοῦ
1343 1528 1483 1563 διατριϐῆς
1498 1528 1506 1561 )
1531 1527 1684 1563 ἐπληροῦτο
1704 1528 1772 1562 μετὰ
1804 1527 1859 1553 τῶν
1876 1526 1955 1553 ἄλλων

1171 1573 1350 1609 προρρήσεων
1367 1574 1413 1600 καὶ
1427 1573 1461 1599 τὰ
1476 1574 1504 1599 ἐν
1520 1573 1598 1608 χερσὶ
1613 1573 1826 1608 τεθεσπισμένα,
1847 1571 1956 1606 ὁπηνίκα

1171 1619 1247 1655 παρὰ
1258 1619 1357 1646 τὸντοῦ
1374 1620 1475 1651 πάθους
1492 1619 1574 1648 αὑτοῦ
1593 1620 1700 1656 καιρὸν,
1720 1620 1773 1646 ἀπὸ
1790 1619 1868 1655 ὧρας
1881 1620 1955 1652 ἕκτης

1171 1667 1265 1698 σκότος
1277 1667 1386 1701 ἐγένετο
1398 1667 1444 1693 ἐπὶ
1456 1669 1547 1693 πᾶσαν
1557 1666 1606 1701 τὴν
1620 1667 1671 1702 γῆν
1684 1666 1736 1697 ἕως
1749 1666 1824 1701 ὧρας
1840 1666 1952 1700 ὲννάτης.

1170 1711 1215 1737 Διό
1232 1719 1313 1747 φησιν
1332 1712 1348 1747 ὴ
1367 1712 1535 1747 προπτεία·
1551 1721 1559 1737 ι
1577 1711 1620 1737 Ἐν
1637 1712 1668 1746 τῇ
1691 1711 1782 1746 ἡμέρα
1800 1711 1892 1745 ἐκείνῃ
1911 1710 1955 1735 οὐκ

1170 1758 1245 1784 ἔσται
1264 1758 1337 1792 sub,“
1350 1767 1360 1783 ι
1381 1759 1426 1784 καὶ
1448 1758 1528 1785 πάλιν
1541 1766 1548 1772 ·
1567 1767 1576 1783 ε
1597 1757 1652 1784 Καὶ
1669 1758 1717 1791 οὐχ
1740 1757 1843 1793 ἡμέρα,
1864 1756 1908 1783 καὶ
1928 1755 1955 1782 οὗ

1169 1803 1227 1836 νὺξ,
1240 1803 1270 1830 τὸ
1284 1804 1352 1840 πρὸς
1369 1804 1487 1840 ἑσπέραν
1505 1804 1580 1830 ἔσται
1598 1803 1655 1838 φῶς
1665 1812 1672 1818 θ
1687 1813 1696 1829 ι
1713 1804 1746 1830 δι’
1762 1800 1801 1830 ὧν
1815 1802 1955 1830 λευκότατα

1169 1850 1288 1886 ἡγοῦμαι
1306 1853 1355 1886 τὴν
1371 1851 1418 1877 τοῦ
1435 1851 1532 1887 καιροῦ
1558 1850 1742 1882 κατάστασιν,
1758 1851 1787 1876 ὲν
1844 1849 1890 1876 τοῦ
1907 1849 1955 1876 Σω-

1168 1898 1249 1932 τῆρος
1261 1896 1459 1932 ἀνυψωθέντος,
1471 1897 1519 1924 καὶ
1531 1896 1636 1932 ἡμέρας
1650 1895 1743 1931 οὔσης,
1755 1896 1805 1929 νὺξ
1820 1896 1874 1922 ἀπὸ
1888 1895 1955 1930 ὥρας

1167 1943 1250 1979 ἕκτης
1262 1944 1294 1970 τὸ
1304 1943 1430 1980 περιέχον
1447 1944 1559 1979 συνέσχε
1571 1943 1709 1980 μέχριτῆς
1721 1943 1848 1978 ἑννάτης,
1861 1941 1919 1978 μεθ’
1927 1941 1955 1976 ἣν

1167 1989 1245 2022 αὖθις
1260 1990 1306 2017 τοῦ
1318 1990 1430 2022 σκότους
1444 1989 1638 2021 διαλείποντος,
1647 1989 1736 2024 ἡμέρα
1750 1989 1797 2015 καὶ
1810 1988 1868 2023 φῶς
1878 1987 1956 2022 ἐγίνε-

1166 2045 1206 2068 το,
1219 2036 1278 2072 μεθ’
1290 2037 1309 2063 ἃ
1322 2037 1403 2063 πάλιν
1419 2037 1543 2072 συνήθως
1557 2038 1573 2072 ἡ
1589 2035 1638 2068 νὺξ
1651 2035 1955 2071 κατελάμϐανεν.”Απερ

1165 2083 1180 2108 ὁ
1188 2083 1238 2118 τῆς
1251 2083 1418 2119 προφητείας
1428 2082 1506 2115 λόγος
1520 2083 1641 2118 ᾐνίττετο
1650 2083 1773 2116 φάσκων·
1784 2090 1793 2106 ι
1807 2081 1862 2107 Καὶ
1870 2079 1956 2115 ἡμέρα

1166 2130 1257 2165 ἐκείνη
1272 2129 1381 2164 γνωστὴ
1393 2129 1432 2164 τῷ
1443 2129 1547 2164 Κυρίῳ,
1559 2129 1606 2155 καὶ
1623 2129 1671 2163 οὐχ
1686 2127 1785 2162 ἡμέρα,
1799 2126 1848 2153 καὶ
1857 2127 1887 2153 οὐ
1901 2123 1954 2156 νὺξ.

1165 2176 1196 2202 τὸ
1210 2176 1278 2212 πρὸς
1290 2175 1410 2210 ἑσπέραν
1425 2175 1503 2201 ἔσται
1521 2174 1604 2208 φῶς.»
1618 2175 1673 2209 Οὐχ
1687 2173 1778 2208 ἡμέρα
1794 2172 1845 2208 μὲν
1859 2171 1910 2206 γὰρ
1923 2167 1955 2205 ἦν

1167 2221 1212 2247 διὰ
1229 2222 1259 2247 τὸ
1283 2220 1468 2256 μεσημϐρινὴν
1487 2220 1595 2251 σκότος’
1617 2220 1664 2246 καὶ
1692 2219 1771 2245 πάλιν
1786 2219 1818 2244 οὑ
1845 2217 1892 2250 νὺξ
1915 2214 1955 2242 διὰ

1130 2287 1150 2313 D
1166 2269 1214 2304 τὴν
1229 2267 1482 2295 έπικαταλαϐοὖπαν
1494 2267 1610 2302 ἡμέραν,
1627 2267 1660 2302 ἣν
1676 2265 1848 2301 παρέστησεν
1863 2265 1953 2296 ἐπιση-

1166 2316 1321 2350 μηνάμενος
1342 2314 1387 2341 διὰ
1403 2314 1449 2341 τοῦ
1469 2314 1551 2348 φάναι
1563 2335 1570 2346 ,
1586 2323 1594 2338 ι
1609 2313 1638 2339 τὸ
1656 2313 1723 2348 πρὸς
1745 2311 1867 2348 ἑσπέραν
1883 2311 1952 2337 ἔσται

1166 2361 1233 2396 φῶς.
1250 2370 1260 2387 ›
1278 2361 1326 2392 Τίς
1340 2360 1361 2387 δ’
1379 2360 1429 2387 οὐκ
1447 2360 1480 2387 ἂν
1499 2360 1649 2395 θαυμάσειε
1665 2359 1716 2393 τῆς
1730 2358 1870 2393 χειμαδιου
1884 2356 1952 2392 ὥρας

1164 2408 1214 2443 τὴν
1231 2409 1339 2443 μνήμην
1353 2415 1360 2439 ;
1375 2409 1408 2442 ἦν
1431 2408 1479 2434 καὶ
1503 2407 1588 2442 αὐτὴν
1612 2406 1755 2432 ἐθέσπισεν
1776 2406 1790 2432 ὁ
1812 2405 1890 2438 λόγος
1907 2403 1952 2438 φή-

1166 2462 1231 2485 σας’
1250 2462 1259 2478 ι
1271 2454 1327 2479 Καὶ
1339 2452 1425 2488 ψῦχος
1447 2453 1496 2479 καὶ
1520 2452 1607 2486 πάγος
1619 2451 1712 2478 ἔσται’
1727 2460 1736 2476 ι
1751 2450 1766 2476 ὃ
1782 2450 1830 2476 καὶ
1855 2449 1919 2476 αὐτὸ
1936 2449 1951 2482 ἡ

1164 2500 1212 2526 τοῦ
1236 2499 1401 2534 Εὑαγγελίου
1425 2499 1562 2535 μαρτυρία
1593 2499 1768 2534 συνίστησιν,
1796 2496 1913 2532 ὁπηνίκα
1939 2495 1952 2520 ὸ

1162 2547 1264 2581 Πέτρος
1286 2545 1440 2572 ἀκολουθῶν
1463 2545 1503 2580 τῷ
1531 2543 1636 2580 Ἰηπῦ,
1654 2543 1846 2579 πριαψάντων
1869 2541 1951 2576 πυρὰν

1163 2593 1192 2618 ἐν
1209 2593 1241 2628 τῇ
1259 2592 1327 2627 αὐλῇ
1343 2591 1390 2618 τοῦ
1416 2591 1538 2626 Καῖάφα,
1563 2590 1631 2626 μετὰ
1649 2590 1703 2617 τῶν
1722 2590 1810 2617 ἄλλων
1829 2587 1952 2624 ἐθερμαί-

1162 2648 1233 2666 νετο.
1253 2639 1282 2666 '0
1305 2638 1370 2674 γοῦν
1401 2638 1528 2673 Ἰωάννης
1553 2638 1684 2673 ἄντικρυς
1710 2636 1757 2663 καὶ
1782 2635 1830 2662 τοῦ
1855 2635 1952 2671 ψύχους

1164 2687 1366 2722 ἐμνημόνευσεν
1386 2684 1471 2711 εἰπών
1481 2694 1489 2700 ·
1507 2694 1517 2710 ι
1529 2685 1710 2719 Εἱστήκεισαν
1724 2683 1750 2709 oi
1769 2682 1859 2709 δοῦλοι
1874 2682 1919 2708 καὶ
1928 2680 1950 2706 οι

1166 2732 1301 2767 ὑπηρέται
1330 2731 1480 2767 ἀνθρακιὰν
1511 2730 1708 2764 πεποιηκότες,
1731 2729 1772 2755 ὅτι
1797 2729 1882 2764 ψῦχος
1903 2724 1949 2763 ἦν.

1165 2778 1212 2805 καὶ
1227 2777 1427 2814 ἐθερμαίνοντο.
1442 2786 1451 2801 ι
1467 2777 1522 2803 Καὶ
1548 2776 1616 2812 ’πρὸς
1639 2775 1686 2810 μὲν
1706 2775 1755 2810 τὴν
1772 2774 1845 2806 λέξιν
1868 2771 1949 2800 τοιού-

1164 2833 1211 2851 του
1228 2824 1322 2855 τέλους
1347 2823 1479 2858 ἐτύγχανε
1500 2823 1534 2850 τὰ
1563 2821 1805 2858 προηγορευμένα·
1838 2820 1904 2856 πρὸς
1924 2818 1949 2845 δὶ
