  <div class='ocr_page' id='page_1' title='image "/cluster/home/n/w/nwhite01/storage/ocr_20150623/22/njp.32101077772497/426.png"; bbox 0 0 2099 3217; ppageno 0'>
   <div class='ocr_carea' id='block_1_1' title="bbox 195 221 250 250">
    <p class='ocr_par' dir='ltr' id='par_1_1' title="bbox 195 221 250 250">
     <span class='ocr_line' id='line_1_1' title="bbox 195 221 250 250; baseline 0.018 -2"><span class='ocrx_word' id='word_1_1' title='bbox 195 221 250 250; x_wconf 75' lang='grc' dir='ltr'><strong>75Ἱ</strong></span> 
     </span>
    </p>
   </div>
   <div class='ocr_carea' id='block_1_2' title="bbox 662 203 1369 243">
    <p class='ocr_par' dir='ltr' id='par_1_2' title="bbox 662 203 1369 243">
     <span class='ocr_line' id='line_1_2' title="bbox 662 203 1369 243; baseline -0.018 0"><span class='ocrx_word' id='word_1_2' title='bbox 662 208 991 243; x_wconf 68' lang='lat' dir='ltr'><strong>DEMONSTRATIONIS</strong></span> <span class='ocrx_word' id='word_1_3' title='bbox 1011 205 1242 235; x_wconf 60' lang='grc' dir='ltr'><strong>ΕνΑΝΕΕιΛῦίΕ</strong></span> <span class='ocrx_word' id='word_1_4' title='bbox 1262 204 1326 232; x_wconf 81' lang='lat' dir='ltr'><strong>LIB.</strong></span> <span class='ocrx_word' id='word_1_5' title='bbox 1348 203 1369 230; x_wconf 75' lang='grc' dir='ltr'><strong>Χ</strong></span> 
     </span>
    </p>
   </div>
   <div class='ocr_carea' id='block_1_3' title="bbox 1771 201 1821 228">
    <p class='ocr_par' dir='ltr' id='par_1_3' title="bbox 1771 201 1821 228">
     <span class='ocr_line' id='line_1_3' title="bbox 1771 201 1821 228; baseline 0.02 -1"><span class='ocrx_word' id='word_1_6' title='bbox 1771 201 1821 228; x_wconf 81' lang='lat'><strong>758</strong></span> 
     </span>
    </p>
   </div>
   <div class='ocr_carea' id='block_1_4' title="bbox 197 263 990 311">
    <p class='ocr_par' dir='ltr' id='par_1_4' title="bbox 197 268 990 311">
     <span class='ocr_line' id='line_1_4' title="bbox 197 268 990 311; baseline -0.014 -5"><span class='ocrx_word' id='word_1_7' title='bbox 197 280 317 307; x_wconf 70' lang='grc' dir='ltr'>διάνοιαν</span> <span class='ocrx_word' id='word_1_8' title='bbox 330 279 369 311; x_wconf 84' lang='grc' dir='ltr'>τὸ,</span> <span class='ocrx_word' id='word_1_9' title='bbox 384 279 437 305; x_wconf 82' lang='grc' dir='ltr'>πᾶν</span> <span class='ocrx_word' id='word_1_10' title='bbox 456 277 589 304; x_wconf 73' lang='grc' dir='ltr'><strong>Ἰουδαίων</strong></span> <span class='ocrx_word' id='word_1_11' title='bbox 600 276 685 307; x_wconf 76' lang='grc' dir='ltr'>ἔθνος,</span> <span class='ocrx_word' id='word_1_12' title='bbox 701 273 746 300; x_wconf 83' lang='grc' dir='ltr'>τοῦ</span> <span class='ocrx_word' id='word_1_13' title='bbox 757 273 888 309; x_wconf 76' lang='grc' dir='ltr'><strong>σωτηρίου</strong></span> <span class='ocrx_word' id='word_1_14' title='bbox 904 268 990 305; x_wconf 73' lang='grc' dir='ltr'>φωτὸς</span> 
     </span>
    </p>
   </div>
   <div class='ocr_carea' id='block_1_5' title="bbox 1041 263 1822 311">
    <p class='ocr_par' dir='ltr' id='par_1_5' title="bbox 1044 263 1822 300">
     <span class='ocr_line' id='line_1_5' title="bbox 1044 263 1822 300; baseline -0.012 -4"><span class='ocrx_word' id='word_1_15' title='bbox 1044 269 1133 296; x_wconf 87' lang='lat' dir='ltr'><strong>lumen</strong></span> <span class='ocrx_word' id='word_1_16' title='bbox 1147 267 1293 296; x_wconf 75' lang='lat' dir='ltr'><strong>illuxisset,</strong></span> <span class='ocrx_word' id='word_1_17' title='bbox 1313 265 1419 300; x_wconf 82' lang='lat' dir='ltr'><strong>ipsique</strong></span> <span class='ocrx_word' id='word_1_18' title='bbox 1439 263 1529 298; x_wconf 90' lang='lat' dir='ltr'><strong>potius</strong></span> <span class='ocrx_word' id='word_1_19' title='bbox 1544 263 1669 290; x_wconf 86' lang='lat' dir='ltr'><strong>tenebras</strong></span> <span class='ocrx_word' id='word_1_20' title='bbox 1684 270 1765 296; x_wconf 85' lang='lat' dir='ltr'><strong>quam</strong></span> <span class='ocrx_word' id='word_1_21' title='bbox 1778 263 1822 288; x_wconf 90' lang='lat' dir='ltr'><strong>lu-</strong></span> 
     </span>
    </p>
   </div>
   <div class='ocr_carea' id='block_1_6' title="bbox 196 318 984 360">
    <p class='ocr_par' dir='ltr' id='par_1_6' title="bbox 196 318 984 360">
     <span class='ocr_line' id='line_1_6' title="bbox 196 318 984 360; baseline -0.011 -7"><span class='ocrx_word' id='word_1_22' title='bbox 196 325 291 357; x_wconf 74' lang='grc' dir='ltr'>αὐτοῖς</span> <span class='ocrx_word' id='word_1_23' title='bbox 307 325 519 360; x_wconf 71' lang='grc' dir='ltr'><strong>ἐπιλάμψαντος,</strong></span> <span class='ocrx_word' id='word_1_24' title='bbox 537 323 626 350; x_wconf 80' lang='grc' dir='ltr'>αὐτῶν</span> <span class='ocrx_word' id='word_1_25' title='bbox 645 331 675 348; x_wconf 85' lang='grc' dir='ltr'><strong>τε</strong></span> <span class='ocrx_word' id='word_1_26' title='bbox 693 321 790 357; x_wconf 74' lang='grc' dir='ltr'>μᾶλλον</span> <span class='ocrx_word' id='word_1_27' title='bbox 807 320 837 346; x_wconf 76' lang='grc' dir='ltr'>τὸ</span> <span class='ocrx_word' id='word_1_28' title='bbox 854 319 947 350; x_wconf 85' lang='grc' dir='ltr'>σκότος</span> <span class='ocrx_word' id='word_1_29' title='bbox 968 318 984 353; x_wconf 87' lang='grc' dir='ltr'>ἢ</span> 
     </span>
    </p>
   </div>
   <div class='ocr_carea' id='block_1_7' title="bbox 195 365 986 406">
    <p class='ocr_par' dir='ltr' id='par_1_7' title="bbox 195 365 986 406">
     <span class='ocr_line' id='line_1_7' title="bbox 195 365 986 406; baseline -0.01 -7"><span class='ocrx_word' id='word_1_30' title='bbox 195 371 230 399; x_wconf 82' lang='grc' dir='ltr'>τὸ</span> <span class='ocrx_word' id='word_1_31' title='bbox 255 371 312 406; x_wconf 85' lang='grc' dir='ltr'>φῶς</span> <span class='ocrx_word' id='word_1_32' title='bbox 335 371 479 406; x_wconf 78' lang='grc' dir='ltr'>ἑλομένων,</span> <span class='ocrx_word' id='word_1_33' title='bbox 500 369 572 396; x_wconf 79' lang='grc' dir='ltr'>τοῦθ’</span> <span class='ocrx_word' id='word_1_34' title='bbox 589 369 657 404; x_wconf 81' lang='grc' dir='ltr'>ὅπερ</span> <span class='ocrx_word' id='word_1_35' title='bbox 675 370 720 395; x_wconf 79' lang='grc' dir='ltr'>καὶ</span> <span class='ocrx_word' id='word_1_36' title='bbox 735 368 836 395; x_wconf 82' lang='grc' dir='ltr'>εἵλοντο</span> <span class='ocrx_word' id='word_1_37' title='bbox 856 365 986 402; x_wconf 79' lang='grc' dir='ltr'><strong>μετῆλθεν</strong></span> 
     </span>
    </p>
   </div>
   <div class='ocr_carea' id='block_1_8' title="bbox 196 411 986 452">
    <p class='ocr_par' dir='ltr' id='par_1_8' title="bbox 196 411 986 452">
     <span class='ocr_line' id='line_1_8' title="bbox 196 411 986 452; baseline -0.01 -7"><span class='ocrx_word' id='word_1_38' title='bbox 196 418 308 450; x_wconf 74' lang='grc' dir='ltr'>αὐτοὺς,</span> <span class='ocrx_word' id='word_1_39' title='bbox 323 417 548 452; x_wconf 80' lang='grc' dir='ltr'><strong>ἀναχωρήσαντος</strong></span> <span class='ocrx_word' id='word_1_40' title='bbox 562 415 610 450; x_wconf 83' lang='grc' dir='ltr'>μὲν</span> <span class='ocrx_word' id='word_1_41' title='bbox 638 413 795 444; x_wconf 58' lang='grc' dir='ltr'><strong>αὺτῶνὶτοῦ</strong></span> <span class='ocrx_word' id='word_1_42' title='bbox 815 412 913 447; x_wconf 79' lang='grc' dir='ltr'>φωτὸς,</span> <span class='ocrx_word' id='word_1_43' title='bbox 928 411 986 437; x_wconf 88' lang='grc' dir='ltr'>δια-</span> 
     </span>
    </p>
   </div>
   <div class='ocr_carea' id='block_1_9' title="bbox 196 458 986 498">
    <p class='ocr_par' dir='ltr' id='par_1_9' title="bbox 196 458 986 498">
     <span class='ocr_line' id='line_1_9' title="bbox 196 458 986 498; baseline -0.008 -8"><span class='ocrx_word' id='word_1_44' title='bbox 196 463 335 498; x_wconf 78' lang='grc' dir='ltr'>λαὸούσ-ης</span> <span class='ocrx_word' id='word_1_45' title='bbox 349 463 378 489; x_wconf 80' lang='grc' dir='ltr'>δὲ</span> <span class='ocrx_word' id='word_1_46' title='bbox 393 462 491 493; x_wconf 79' lang='grc' dir='ltr'>αὐτοὺς</span> <span class='ocrx_word' id='word_1_47' title='bbox 506 461 603 493; x_wconf 80' lang='grc' dir='ltr'>νυκτὸς</span> <span class='ocrx_word' id='word_1_48' title='bbox 623 460 773 496; x_wconf 81' lang='grc' dir='ltr'>ἀφεγγοῦς,</span> <span class='ocrx_word' id='word_1_49' title='bbox 800 458 986 493; x_wconf 85' lang='grc' dir='ltr'>σκοτισθείσης</span> 
     </span>
    </p>
   </div>
   <div class='ocr_carea' id='block_1_10' title="bbox 197 505 986 545">
    <p class='ocr_par' dir='ltr' id='par_1_10' title="bbox 197 505 986 545">
     <span class='ocr_line' id='line_1_10' title="bbox 197 505 986 545; baseline -0.009 -8"><span class='ocrx_word' id='word_1_50' title='bbox 197 510 290 537; x_wconf 82' lang='grc' dir='ltr'>αὐτῶν</span> <span class='ocrx_word' id='word_1_51' title='bbox 305 509 355 545; x_wconf 87' lang='grc' dir='ltr'><strong>τῆς</strong></span> <span class='ocrx_word' id='word_1_52' title='bbox 367 508 485 540; x_wconf 84' lang='grc' dir='ltr'><strong>διανοίας</strong></span> <span class='ocrx_word' id='word_1_53' title='bbox 495 528 501 539; x_wconf 90' lang='grc'><strong>,</strong></span> <span class='ocrx_word' id='word_1_54' title='bbox 517 508 585 543; x_wconf 80' lang='grc' dir='ltr'>πρὸς</span> <span class='ocrx_word' id='word_1_55' title='bbox 604 507 634 534; x_wconf 79' lang='grc' dir='ltr'>τὸ</span> <span class='ocrx_word' id='word_1_56' title='bbox 650 507 687 542; x_wconf 84' lang='grc' dir='ltr'>μὴ</span> <span class='ocrx_word' id='word_1_57' title='bbox 703 505 848 540; x_wconf 82' lang='grc' dir='ltr'>διαυγάσαι</span> <span class='ocrx_word' id='word_1_58' title='bbox 869 505 914 531; x_wconf 74' lang='grc' dir='ltr'>τὸν</span> <span class='ocrx_word' id='word_1_59' title='bbox 929 513 986 539; x_wconf 83' lang='grc' dir='ltr'>φω-</span> 
     </span>
    </p>
   </div>
   <div class='ocr_carea' id='block_1_11' title="bbox 196 551 987 593">
    <p class='ocr_par' dir='ltr' id='par_1_11' title="bbox 196 551 987 593">
     <span class='ocr_line' id='line_1_11' title="bbox 196 551 987 593; baseline -0.009 -9"><span class='ocrx_word' id='word_1_60' title='bbox 196 558 296 593; x_wconf 72' lang='grc' dir='ltr'>τισμὸν</span> <span class='ocrx_word' id='word_1_61' title='bbox 309 557 356 583; x_wconf 80' lang='grc' dir='ltr'>τοῦ</span> <span class='ocrx_word' id='word_1_62' title='bbox 369 556 533 591; x_wconf 82' lang='grc' dir='ltr'>Εὑαγγελίου</span> <span class='ocrx_word' id='word_1_63' title='bbox 545 557 574 582; x_wconf 82' lang='grc' dir='ltr'>ὲν</span> <span class='ocrx_word' id='word_1_64' title='bbox 587 557 646 586; x_wconf 79' lang='grc' dir='ltr'>ταῖς</span> <span class='ocrx_word' id='word_1_65' title='bbox 656 553 780 590; x_wconf 78' lang='grc' dir='ltr'><strong>καρδίαις</strong></span> <span class='ocrx_word' id='word_1_66' title='bbox 793 552 892 580; x_wconf 78' lang='grc' dir='ltr'>αὐτῶν.</span> <span class='ocrx_word' id='word_1_67' title='bbox 907 551 987 578; x_wconf 76' lang='grc' dir='ltr'>Ἀλλὰ</span> 
     </span>
    </p>
   </div>
   <div class='ocr_carea' id='block_1_12' title="bbox 197 595 987 637">
    <p class='ocr_par' dir='ltr' id='par_1_12' title="bbox 197 595 987 637">
     <span class='ocr_line' id='line_1_12' title="bbox 197 595 987 637; baseline -0.009 -8"><span class='ocrx_word' id='word_1_68' title='bbox 197 603 248 629; x_wconf 75' lang='grc' dir='ltr'>καὶ</span> <span class='ocrx_word' id='word_1_69' title='bbox 264 602 396 637; x_wconf 81' lang='grc' dir='ltr'>ψυγείσης</span> <span class='ocrx_word' id='word_1_70' title='bbox 409 602 458 636; x_wconf 77' lang='grc' dir='ltr'>τῆς</span> <span class='ocrx_word' id='word_1_71' title='bbox 473 602 542 637; x_wconf 83' lang='grc' dir='ltr'>πρὸς</span> <span class='ocrx_word' id='word_1_72' title='bbox 559 601 604 627; x_wconf 72' lang='grc' dir='ltr'><strong>τὸν</strong></span> <span class='ocrx_word' id='word_1_73' title='bbox 621 600 686 626; x_wconf 81' lang='grc' dir='ltr'>Θεὸν</span> <span class='ocrx_word' id='word_1_74' title='bbox 708 598 817 633; x_wconf 84' lang='grc' dir='ltr'><strong>ἀγάπης</strong></span> <span class='ocrx_word' id='word_1_75' title='bbox 839 596 939 628; x_wconf 85' lang='grc' dir='ltr'>αὐτῶν,</span> <span class='ocrx_word' id='word_1_76' title='bbox 952 595 987 623; x_wconf 84' lang='grc' dir='ltr'>τὰ</span> 
     </span>
    </p>
   </div>
   <div class='ocr_carea' id='block_1_13' title="bbox 198 642 986 684">
    <p class='ocr_par' dir='ltr' id='par_1_13' title="bbox 198 642 986 684">
     <span class='ocr_line' id='line_1_13' title="bbox 198 642 986 684; baseline -0.008 -9"><span class='ocrx_word' id='word_1_77' title='bbox 198 649 323 684; x_wconf 73' lang='grc' dir='ltr'>σύμῧολα</span> <span class='ocrx_word' id='word_1_78' title='bbox 336 648 438 674; x_wconf 80' lang='grc' dir='ltr'>τούτων</span> <span class='ocrx_word' id='word_1_79' title='bbox 454 648 564 679; x_wconf 76' lang='grc' dir='ltr'>εἰκότως</span> <span class='ocrx_word' id='word_1_80' title='bbox 581 647 705 677; x_wconf 72' lang='grc' dir='ltr'><strong>ἐτελεῖτο,</strong></span> <span class='ocrx_word' id='word_1_81' title='bbox 720 644 870 680; x_wconf 84' lang='grc' dir='ltr'>ὲπληροῦτό</span> <span class='ocrx_word' id='word_1_82' title='bbox 879 652 907 670; x_wconf 86' lang='grc' dir='ltr'><strong>τε</strong></span> <span class='ocrx_word' id='word_1_83' title='bbox 922 642 986 678; x_wconf 77' lang='grc' dir='ltr'>ἑξῆς</span> 
     </span>
    </p>
   </div>
   <div class='ocr_carea' id='block_1_14' title="bbox 197 690 985 730">
    <p class='ocr_par' dir='ltr' id='par_1_14' title="bbox 197 690 985 730">
     <span class='ocr_line' id='line_1_14' title="bbox 197 690 985 730; baseline -0.008 -9"><span class='ocrx_word' id='word_1_84' title='bbox 197 695 234 721; x_wconf 75' lang='grc' dir='ltr'><strong>τὰ</strong></span> <span class='ocrx_word' id='word_1_85' title='bbox 247 695 295 730; x_wconf 79' lang='grc' dir='ltr'>τῆς</span> <span class='ocrx_word' id='word_1_86' title='bbox 310 694 498 730; x_wconf 69' lang='grc' dir='ltr'>προρρήσεως,</span> <span class='ocrx_word' id='word_1_87' title='bbox 513 693 584 720; x_wconf 80' lang='grc' dir='ltr'>κατὰ</span> <span class='ocrx_word' id='word_1_88' title='bbox 601 692 649 728; x_wconf 80' lang='grc' dir='ltr'>τὴν</span> <span class='ocrx_word' id='word_1_89' title='bbox 666 691 769 719; x_wconf 83' lang='grc' dir='ltr'><strong>τοιάνδε</strong></span> <span class='ocrx_word' id='word_1_90' title='bbox 786 692 835 726; x_wconf 85' lang='grc' dir='ltr'>τῆς</span> <span class='ocrx_word' id='word_1_91' title='bbox 853 690 985 725; x_wconf 82' lang='grc' dir='ltr'><strong>σωτηρίου</strong></span> 
     </span>
    </p>
   </div>
   <div class='ocr_carea' id='block_1_15' title="bbox 198 735 987 776">
    <p class='ocr_par' dir='ltr' id='par_1_15' title="bbox 198 735 987 776">
     <span class='ocr_line' id='line_1_15' title="bbox 198 735 987 776; baseline -0.008 -8"><span class='ocrx_word' id='word_1_92' title='bbox 198 742 361 776; x_wconf 73' lang='grc' dir='ltr'>ἐπιφανείας</span> <span class='ocrx_word' id='word_1_93' title='bbox 388 741 494 776; x_wconf 79' lang='grc' dir='ltr'>ἡμέραν</span> <span class='ocrx_word' id='word_1_94' title='bbox 523 739 618 771; x_wconf 76' lang='grc' dir='ltr'>ὓδατος</span> <span class='ocrx_word' id='word_1_95' title='bbox 645 738 743 771; x_wconf 83' lang='grc' dir='ltr'>ζῶντος</span> <span class='ocrx_word' id='word_1_96' title='bbox 773 736 924 771; x_wconf 75' lang='grc' dir='ltr'>ἐξελθόντος</span> <span class='ocrx_word' id='word_1_97' title='bbox 957 735 987 768; x_wconf 77' lang='grc' dir='ltr'>ἐξ</span> 
     </span>
    </p>
   </div>
   <div class='ocr_carea' id='block_1_16' title="bbox 205 782 985 824">
    <p class='ocr_par' dir='ltr' id='par_1_16' title="bbox 205 782 985 824">
     <span class='ocr_line' id='line_1_16' title="bbox 205 782 985 824; baseline -0.008 -9"><span class='ocrx_word' id='word_1_98' title='bbox 205 787 397 824; x_wconf 72' lang='grc' dir='ltr'>Ἰερουσαλὴμ,</span> <span class='ocrx_word' id='word_1_99' title='bbox 420 788 459 819; x_wconf 87' lang='grc' dir='ltr'><strong>είς</strong></span> <span class='ocrx_word' id='word_1_100' title='bbox 485 787 572 814; x_wconf 83' lang='grc' dir='ltr'>πάντα</span> <span class='ocrx_word' id='word_1_101' title='bbox 596 786 631 812; x_wconf 83' lang='grc' dir='ltr'><strong>τὰ</strong></span> <span class='ocrx_word' id='word_1_102' title='bbox 656 786 719 820; x_wconf 75' lang='grc' dir='ltr'>ἔθνη</span> <span class='ocrx_word' id='word_1_103' title='bbox 744 783 920 821; x_wconf 82' lang='grc' dir='ltr'>προελθόντος</span> <span class='ocrx_word' id='word_1_104' title='bbox 940 782 985 809; x_wconf 84' lang='grc' dir='ltr'>τοῦ</span> 
     </span>
    </p>
   </div>
   <div class='ocr_carea' id='block_1_17' title="bbox 197 829 986 870">
    <p class='ocr_par' dir='ltr' id='par_1_17' title="bbox 197 829 986 870">
     <span class='ocr_line' id='line_1_17' title="bbox 197 829 986 870; baseline -0.008 -9"><span class='ocrx_word' id='word_1_105' title='bbox 197 835 311 870; x_wconf 76' lang='grc' dir='ltr'>γονίμου</span> <span class='ocrx_word' id='word_1_106' title='bbox 327 834 374 860; x_wconf 72' lang='grc' dir='ltr'>καὶ</span> <span class='ocrx_word' id='word_1_107' title='bbox 395 833 509 866; x_wconf 82' lang='grc' dir='ltr'>ζωτικοῦ</span> <span class='ocrx_word' id='word_1_108' title='bbox 534 834 584 868; x_wconf 76' lang='grc' dir='ltr'>τῆς</span> <span class='ocrx_word' id='word_1_109' title='bbox 604 832 783 867; x_wconf 81' lang='grc' dir='ltr'>εὐαγγελικῆς</span> <span class='ocrx_word' id='word_1_110' title='bbox 804 829 986 862; x_wconf 84' lang='grc' dir='ltr'>διδασκαλίας,</span> 
     </span>
    </p>
   </div>
   <div class='ocr_carea' id='block_1_18' title="bbox 198 876 986 915">
    <p class='ocr_par' dir='ltr' id='par_1_18' title="bbox 198 876 986 915">
     <span class='ocr_line' id='line_1_18' title="bbox 198 876 986 915; baseline -0.008 -8"><span class='ocrx_word' id='word_1_111' title='bbox 198 879 352 915; x_wconf 79' lang='grc' dir='ltr'>ἀρξαμένου</span> <span class='ocrx_word' id='word_1_112' title='bbox 372 880 419 915; x_wconf 77' lang='grc' dir='ltr'>μὲν</span> <span class='ocrx_word' id='word_1_113' title='bbox 435 879 490 906; x_wconf 83' lang='grc' dir='ltr'><strong>ἀπὸ</strong></span> <span class='ocrx_word' id='word_1_114' title='bbox 513 879 562 914; x_wconf 85' lang='grc' dir='ltr'>τῆς</span> <span class='ocrx_word' id='word_1_115' title='bbox 591 877 720 909; x_wconf 78' lang='grc' dir='ltr'>ἰουδαίας</span> <span class='ocrx_word' id='word_1_116' title='bbox 738 877 784 904; x_wconf 72' lang='grc' dir='ltr'>καὶ</span> <span class='ocrx_word' id='word_1_117' title='bbox 806 876 835 907; x_wconf 74' lang='grc' dir='ltr'>ἐξ</span> <span class='ocrx_word' id='word_1_118' title='bbox 850 876 935 911; x_wconf 83' lang='grc' dir='ltr'>αὐτῆς</span> <span class='ocrx_word' id='word_1_119' title='bbox 954 883 986 910; x_wconf 88' lang='grc' dir='ltr'><strong>γε</strong></span> 
     </span>
    </p>
   </div>
   <div class='ocr_carea' id='block_1_19' title="bbox 198 923 986 963">
    <p class='ocr_par' dir='ltr' id='par_1_19' title="bbox 198 923 986 963">
     <span class='ocr_line' id='line_1_19' title="bbox 198 923 986 963; baseline -0.006 -9"><span class='ocrx_word' id='word_1_120' title='bbox 198 928 251 962; x_wconf 84' lang='grc' dir='ltr'>τῆς</span> <span class='ocrx_word' id='word_1_121' title='bbox 267 927 460 963; x_wconf 78' lang='grc' dir='ltr'>Ἰερουσαλὴμ,</span> <span class='ocrx_word' id='word_1_122' title='bbox 475 925 639 957; x_wconf 76' lang='grc' dir='ltr'>διαδοθέντος</span> <span class='ocrx_word' id='word_1_123' title='bbox 658 926 685 952; x_wconf 75' lang='grc' dir='ltr'>δὲ</span> <span class='ocrx_word' id='word_1_124' title='bbox 710 925 749 956; x_wconf 86' lang='grc' dir='ltr'><strong>είς</strong></span> <span class='ocrx_word' id='word_1_125' title='bbox 764 926 853 951; x_wconf 81' lang='grc' dir='ltr'>πᾶσαν</span> <span class='ocrx_word' id='word_1_126' title='bbox 869 924 917 960; x_wconf 80' lang='grc' dir='ltr'><strong>τὴν</strong></span> <span class='ocrx_word' id='word_1_127' title='bbox 935 923 986 958; x_wconf 83' lang='grc' dir='ltr'>γῆν</span> 
     </span>
    </p>
   </div>
   <div class='ocr_carea' id='block_1_20' title="bbox 197 969 987 1007">
    <p class='ocr_par' dir='ltr' id='par_1_20' title="bbox 197 969 987 1007">
     <span class='ocr_line' id='line_1_20' title="bbox 197 969 987 1007; baseline -0.006 -7"><span class='ocrx_word' id='word_1_128' title='bbox 197 972 248 1000; x_wconf 79' lang='grc' dir='ltr'>καῖ</span> <span class='ocrx_word' id='word_1_129' title='bbox 261 973 300 1005; x_wconf 86' lang='grc' dir='ltr'><strong>είς</strong></span> <span class='ocrx_word' id='word_1_130' title='bbox 312 973 399 1000; x_wconf 75' lang='grc' dir='ltr'>πάντα</span> <span class='ocrx_word' id='word_1_131' title='bbox 411 972 445 999; x_wconf 72' lang='grc' dir='ltr'><strong>τὰ</strong></span> <span class='ocrx_word' id='word_1_132' title='bbox 461 973 509 1007; x_wconf 86' lang='grc' dir='ltr'>τῆς</span> <span class='ocrx_word' id='word_1_133' title='bbox 530 971 691 1006; x_wconf 78' lang='grc' dir='ltr'>οἰκουμένης</span> <span class='ocrx_word' id='word_1_134' title='bbox 707 971 821 1006; x_wconf 76' lang='grc' dir='ltr'>πέρατα.</span> <span class='ocrx_word' id='word_1_135' title='bbox 838 969 939 996; x_wconf 85' lang='grc' dir='ltr'>Τούτου</span> <span class='ocrx_word' id='word_1_136' title='bbox 958 969 987 995; x_wconf 76' lang='grc' dir='ltr'>δὲ</span> 
     </span>
    </p>
   </div>
   <div class='ocr_carea' id='block_1_21' title="bbox 197 1015 987 1052">
    <p class='ocr_par' dir='ltr' id='par_1_21' title="bbox 197 1015 987 1052">
     <span class='ocr_line' id='line_1_21' title="bbox 197 1015 987 1052; baseline -0.005 -7"><span class='ocrx_word' id='word_1_137' title='bbox 197 1018 248 1046; x_wconf 79' lang='grc' dir='ltr'>τοῦ</span> <span class='ocrx_word' id='word_1_138' title='bbox 274 1018 368 1050; x_wconf 81' lang='grc' dir='ltr'>ὓδατος</span> <span class='ocrx_word' id='word_1_139' title='bbox 394 1018 441 1045; x_wconf 79' lang='grc' dir='ltr'>καὶ</span> <span class='ocrx_word' id='word_1_140' title='bbox 464 1018 544 1049; x_wconf 83' lang='grc' dir='ltr'>αὐτὸς</span> <span class='ocrx_word' id='word_1_141' title='bbox 559 1018 573 1044; x_wconf 87' lang='lat'><strong>6</strong></span> <span class='ocrx_word' id='word_1_142' title='bbox 595 1016 689 1052; x_wconf 73' lang='grc' dir='ltr'>Σωτὴρ</span> <span class='ocrx_word' id='word_1_143' title='bbox 715 1017 762 1043; x_wconf 72' lang='grc' dir='ltr'><strong>καὶ</strong></span> <span class='ocrx_word' id='word_1_144' title='bbox 785 1015 887 1051; x_wconf 79' lang='grc' dir='ltr'>Κύριος</span> <span class='ocrx_word' id='word_1_145' title='bbox 909 1015 987 1051; x_wconf 83' lang='grc' dir='ltr'>ἡμῶν</span> 
     </span>
    </p>
   </div>
   <div class='ocr_carea' id='block_1_22' title="bbox 200 1061 988 1100">
    <p class='ocr_par' dir='ltr' id='par_1_22' title="bbox 200 1061 988 1100">
     <span class='ocr_line' id='line_1_22' title="bbox 200 1061 988 1100; baseline -0.005 -9"><span class='ocrx_word' id='word_1_146' title='bbox 200 1064 366 1100; x_wconf 84' lang='grc' dir='ltr'>μνημονεύει</span> <span class='ocrx_word' id='word_1_147' title='bbox 375 1064 460 1098; x_wconf 80' lang='grc' dir='ltr'>λέγων</span> <span class='ocrx_word' id='word_1_148' title='bbox 472 1064 539 1100; x_wconf 82' lang='grc' dir='ltr'>πρὸς</span> <span class='ocrx_word' id='word_1_149' title='bbox 555 1064 603 1098; x_wconf 83' lang='grc' dir='ltr'>τὴν</span> <span class='ocrx_word' id='word_1_150' title='bbox 611 1063 773 1099; x_wconf 79' lang='grc' dir='ltr'>Σαμαρεῖτιν</span> <span class='ocrx_word' id='word_1_151' title='bbox 783 1071 789 1078; x_wconf 87' lang='grc'>·</span> <span class='ocrx_word' id='word_1_152' title='bbox 801 1073 808 1084; x_wconf 75' lang='grc' dir='ltr'><strong><em>ν</em></strong></span> <span class='ocrx_word' id='word_1_153' title='bbox 822 1063 853 1088; x_wconf 82' lang='grc' dir='ltr'>Εἰ</span> <span class='ocrx_word' id='word_1_154' title='bbox 865 1062 938 1097; x_wconf 82' lang='grc' dir='ltr'>ᾔδεις</span> <span class='ocrx_word' id='word_1_155' title='bbox 946 1061 988 1093; x_wconf 87' lang='grc' dir='ltr'><strong>τίς</strong></span> 
     </span>
    </p>
   </div>
   <div class='ocr_carea' id='block_1_23' title="bbox 198 1105 988 1143">
    <p class='ocr_par' dir='ltr' id='par_1_23' title="bbox 198 1105 988 1143">
     <span class='ocr_line' id='line_1_23' title="bbox 198 1105 988 1143; baseline -0.006 -7"><span class='ocrx_word' id='word_1_156' title='bbox 198 1110 274 1136; x_wconf 71' lang='grc' dir='ltr'>ἔστιν</span> <span class='ocrx_word' id='word_1_157' title='bbox 290 1111 304 1136; x_wconf 87' lang='grc' dir='ltr'>ὁ</span> <span class='ocrx_word' id='word_1_158' title='bbox 319 1108 400 1136; x_wconf 83' lang='grc' dir='ltr'>αίτῶν</span> <span class='ocrx_word' id='word_1_159' title='bbox 414 1117 444 1135; x_wconf 91' lang='grc' dir='ltr'><strong>σε</strong></span> <span class='ocrx_word' id='word_1_160' title='bbox 458 1110 540 1140; x_wconf 83' lang='grc' dir='ltr'>πιεῖν,</span> <span class='ocrx_word' id='word_1_161' title='bbox 551 1109 582 1135; x_wconf 79' lang='grc' dir='ltr'>σὺ</span> <span class='ocrx_word' id='word_1_162' title='bbox 599 1108 631 1135; x_wconf 80' lang='grc' dir='ltr'>ἂν</span> <span class='ocrx_word' id='word_1_163' title='bbox 645 1108 750 1143; x_wconf 72' lang='grc' dir='ltr'>ᾔτησας</span> <span class='ocrx_word' id='word_1_164' title='bbox 761 1107 852 1138; x_wconf 73' lang='grc' dir='ltr'>αὑτὸν,</span> <span class='ocrx_word' id='word_1_165' title='bbox 866 1106 912 1132; x_wconf 75' lang='grc' dir='ltr'>καὶ</span> <span class='ocrx_word' id='word_1_166' title='bbox 923 1105 988 1132; x_wconf 81' lang='grc' dir='ltr'>εδω-</span> 
     </span>
    </p>
   </div>
   <div class='ocr_carea' id='block_1_24' title="bbox 199 1151 988 1189">
    <p class='ocr_par' dir='ltr' id='par_1_24' title="bbox 199 1151 988 1189">
     <span class='ocr_line' id='line_1_24' title="bbox 199 1151 988 1189; baseline -0.005 -8"><span class='ocrx_word' id='word_1_167' title='bbox 199 1163 248 1181; x_wconf 77' lang='grc' dir='ltr'><strong>κεν</strong></span> <span class='ocrx_word' id='word_1_168' title='bbox 267 1155 298 1182; x_wconf 79' lang='grc' dir='ltr'>ἄν</span> <span class='ocrx_word' id='word_1_169' title='bbox 313 1163 352 1181; x_wconf 89' lang='grc' dir='ltr'><strong>σοι</strong></span> <span class='ocrx_word' id='word_1_170' title='bbox 367 1154 438 1189; x_wconf 76' lang='grc' dir='ltr'>ὕδωρ</span> <span class='ocrx_word' id='word_1_171' title='bbox 451 1152 514 1185; x_wconf 80' lang='grc' dir='ltr'><strong>ζῶν.</strong></span> <span class='ocrx_word' id='word_1_172' title='bbox 526 1163 535 1179; x_wconf 77' lang='grc' dir='ltr'>ι</span> <span class='ocrx_word' id='word_1_173' title='bbox 550 1154 619 1188; x_wconf 85' lang='grc' dir='ltr'>Ὂση</span> <span class='ocrx_word' id='word_1_174' title='bbox 632 1153 660 1179; x_wconf 83' lang='grc' dir='ltr'>δὲ</span> <span class='ocrx_word' id='word_1_175' title='bbox 681 1155 737 1184; x_wconf 85' lang='grc' dir='ltr'>τοῖς</span> <span class='ocrx_word' id='word_1_176' title='bbox 758 1151 988 1187; x_wconf 83' lang='grc' dir='ltr'>ἀπογευσαμένοις</span> 
     </span>
    </p>
   </div>
   <div class='ocr_carea' id='block_1_25' title="bbox 198 1198 986 1235">
    <p class='ocr_par' dir='ltr' id='par_1_25' title="bbox 198 1198 986 1235">
     <span class='ocr_line' id='line_1_25' title="bbox 198 1198 986 1235; baseline -0.005 -8"><span class='ocrx_word' id='word_1_177' title='bbox 198 1199 248 1227; x_wconf 77' lang='grc' dir='ltr'><strong>τοῦ</strong></span> <span class='ocrx_word' id='word_1_178' title='bbox 269 1200 368 1233; x_wconf 83' lang='grc' dir='ltr'>ζῶντος</span> <span class='ocrx_word' id='word_1_179' title='bbox 382 1201 429 1227; x_wconf 77' lang='grc' dir='ltr'>καὶ</span> <span class='ocrx_word' id='word_1_180' title='bbox 442 1199 551 1234; x_wconf 79' lang='grc' dir='ltr'>λογικοῦ</span> <span class='ocrx_word' id='word_1_181' title='bbox 573 1201 692 1235; x_wconf 77' lang='grc' dir='ltr'>νάματος</span> <span class='ocrx_word' id='word_1_182' title='bbox 712 1198 833 1235; x_wconf 77' lang='grc' dir='ltr'>ὑπῆρξεν</span> <span class='ocrx_word' id='word_1_183' title='bbox 853 1198 986 1232; x_wconf 69' lang='grc' dir='ltr'>ὠφέλεια,</span> 
     </span>
    </p>
   </div>
   <div class='ocr_carea' id='block_1_26' title="bbox 199 1245 989 1283">
    <p class='ocr_par' dir='ltr' id='par_1_26' title="bbox 199 1245 989 1283">
     <span class='ocr_line' id='line_1_26' title="bbox 199 1245 989 1283; baseline -0.003 -9"><span class='ocrx_word' id='word_1_184' title='bbox 199 1247 364 1283; x_wconf 76' lang='grc' dir='ltr'>παρίστησιν</span> <span class='ocrx_word' id='word_1_185' title='bbox 381 1247 453 1283; x_wconf 77' lang='grc' dir='ltr'>ἑξῆς,</span> <span class='ocrx_word' id='word_1_186' title='bbox 464 1247 606 1279; x_wconf 80' lang='grc' dir='ltr'>διδάσκων,</span> <span class='ocrx_word' id='word_1_187' title='bbox 615 1247 652 1278; x_wconf 86' lang='grc' dir='ltr'>ὡς</span> <span class='ocrx_word' id='word_1_188' title='bbox 664 1248 687 1273; x_wconf 81' lang='grc' dir='ltr'>οἱ</span> <span class='ocrx_word' id='word_1_189' title='bbox 703 1247 809 1278; x_wconf 69' lang='grc' dir='ltr'>πιᾶντες</span> <span class='ocrx_word' id='word_1_190' title='bbox 821 1245 914 1277; x_wconf 73' lang='grc' dir='ltr'>αὐτοῦ,</span> <span class='ocrx_word' id='word_1_191' title='bbox 925 1246 989 1277; x_wconf 83' lang='grc' dir='ltr'>τοὺς</span> 
     </span>
    </p>
   </div>
   <div class='ocr_carea' id='block_1_27' title="bbox 199 1293 988 1330">
    <p class='ocr_par' dir='ltr' id='par_1_27' title="bbox 199 1293 988 1330">
     <span class='ocr_line' id='line_1_27' title="bbox 199 1293 988 1330; baseline -0.003 -9"><span class='ocrx_word' id='word_1_192' title='bbox 199 1295 286 1322; x_wconf 76' lang='grc' dir='ltr'>πάλαι</span> <span class='ocrx_word' id='word_1_193' title='bbox 303 1295 416 1327; x_wconf 71' lang='grc' dir='ltr'>πολλοὺς</span> <span class='ocrx_word' id='word_1_194' title='bbox 438 1294 647 1330; x_wconf 80' lang='grc' dir='ltr'>βασιλεύσαντας</span> <span class='ocrx_word' id='word_1_195' title='bbox 661 1294 749 1320; x_wconf 78' lang='grc' dir='ltr'>αὐτῶν</span> <span class='ocrx_word' id='word_1_196' title='bbox 761 1293 890 1328; x_wconf 85' lang='grc' dir='ltr'>δαίμονας</span> <span class='ocrx_word' id='word_1_197' title='bbox 906 1301 988 1328; x_wconf 86' lang='grc' dir='ltr'>πονη-</span> 
     </span>
    </p>
   </div>
   <div class='ocr_carea' id='block_1_28' title="bbox 201 1338 989 1378">
    <p class='ocr_par' dir='ltr' id='par_1_28' title="bbox 201 1338 989 1378">
     <span class='ocr_line' id='line_1_28' title="bbox 201 1338 989 1378; baseline -0.006 -9"><span class='ocrx_word' id='word_1_198' title='bbox 201 1342 267 1378; x_wconf 77' lang='grc' dir='ltr'>ροὺς</span> <span class='ocrx_word' id='word_1_199' title='bbox 291 1341 514 1377; x_wconf 82' lang='grc' dir='ltr'>ἀπαρνησάμενοι</span> <span class='ocrx_word' id='word_1_200' title='bbox 528 1361 535 1373; x_wconf 93' lang='grc'><strong>,</strong></span> <span class='ocrx_word' id='word_1_201' title='bbox 552 1341 597 1367; x_wconf 84' lang='grc' dir='ltr'>τὸν</span> <span class='ocrx_word' id='word_1_202' title='bbox 622 1340 669 1367; x_wconf 72' lang='grc' dir='ltr'>ἕνα</span> <span class='ocrx_word' id='word_1_203' title='bbox 689 1340 788 1374; x_wconf 78' lang='grc' dir='ltr'>Κύριον</span> <span class='ocrx_word' id='word_1_204' title='bbox 810 1340 856 1366; x_wconf 73' lang='grc' dir='ltr'>καὶ</span> <span class='ocrx_word' id='word_1_205' title='bbox 879 1338 989 1374; x_wconf 78' lang='grc' dir='ltr'>βασιλέα</span> 
     </span>
    </p>
   </div>
   <div class='ocr_carea' id='block_1_29' title="bbox 200 1385 989 1423">
    <p class='ocr_par' dir='ltr' id='par_1_29' title="bbox 200 1385 989 1423">
     <span class='ocr_line' id='line_1_29' title="bbox 200 1385 989 1423; baseline -0.004 -9"><span class='ocrx_word' id='word_1_206' title='bbox 200 1388 277 1423; x_wconf 66' lang='grc' dir='ltr'>σφῶν</span> <span class='ocrx_word' id='word_1_207' title='bbox 292 1387 380 1414; x_wconf 75' lang='grc' dir='ltr'>αὐτῶν</span> <span class='ocrx_word' id='word_1_208' title='bbox 391 1387 596 1423; x_wconf 73' lang='grc' dir='ltr'>ὁμολογήσουσι,</span> <span class='ocrx_word' id='word_1_209' title='bbox 612 1388 658 1414; x_wconf 79' lang='grc' dir='ltr'>καὶ</span> <span class='ocrx_word' id='word_1_210' title='bbox 672 1387 709 1418; x_wconf 84' lang='grc' dir='ltr'>ὡς</span> <span class='ocrx_word' id='word_1_211' title='bbox 720 1388 733 1413; x_wconf 96' lang='lat'><strong>6</strong></span> <span class='ocrx_word' id='word_1_212' title='bbox 747 1386 848 1421; x_wconf 81' lang='grc' dir='ltr'>Κύριος</span> <span class='ocrx_word' id='word_1_213' title='bbox 864 1386 878 1412; x_wconf 82' lang='lat'><strong>6</strong></span> <span class='ocrx_word' id='word_1_214' title='bbox 900 1385 989 1420; x_wconf 80' lang='grc' dir='ltr'>μόνοις</span> 
     </span>
    </p>
   </div>
   <div class='ocr_carea' id='block_1_30' title="bbox 198 1429 989 1468">
    <p class='ocr_par' dir='ltr' id='par_1_30' title="bbox 198 1429 989 1468">
     <span class='ocr_line' id='line_1_30' title="bbox 198 1429 989 1468; baseline -0.005 -9"><span class='ocrx_word' id='word_1_215' title='bbox 198 1433 232 1460; x_wconf 79' lang='grc' dir='ltr'>τὸ</span> <span class='ocrx_word' id='word_1_216' title='bbox 247 1433 311 1467; x_wconf 68' lang='grc' dir='ltr'>πρὶν</span> <span class='ocrx_word' id='word_1_217' title='bbox 327 1432 462 1468; x_wconf 80' lang='grc' dir='ltr'>Ἑϐραίοις</span> <span class='ocrx_word' id='word_1_218' title='bbox 477 1431 685 1468; x_wconf 78' lang='grc' dir='ltr'>γνωριζόμενος,</span> <span class='ocrx_word' id='word_1_219' title='bbox 703 1432 846 1466; x_wconf 67' lang='grc' dir='ltr'>γενήσεται</span> <span class='ocrx_word' id='word_1_220' title='bbox 865 1429 989 1465; x_wconf 75' lang='grc' dir='ltr'>βασιλεὺς</span> 
     </span>
    </p>
   </div>
   <div class='ocr_carea' id='block_1_31' title="bbox 200 1477 989 1513">
    <p class='ocr_par' dir='ltr' id='par_1_31' title="bbox 200 1477 989 1513">
     <span class='ocr_line' id='line_1_31' title="bbox 200 1477 989 1513; baseline -0.006 -7"><span class='ocrx_word' id='word_1_221' title='bbox 200 1479 312 1506; x_wconf 78' lang='grc' dir='ltr'>πάντων</span> <span class='ocrx_word' id='word_1_222' title='bbox 328 1478 383 1505; x_wconf 84' lang='grc' dir='ltr'>τῶν</span> <span class='ocrx_word' id='word_1_223' title='bbox 401 1480 440 1511; x_wconf 82' lang='grc' dir='ltr'><strong>είς</strong></span> <span class='ocrx_word' id='word_1_224' title='bbox 461 1479 541 1505; x_wconf 78' lang='grc' dir='ltr'>αὑτὸν</span> <span class='ocrx_word' id='word_1_225' title='bbox 565 1478 595 1510; x_wconf 75' lang='grc' dir='ltr'>ἐξ</span> <span class='ocrx_word' id='word_1_226' title='bbox 612 1478 720 1513; x_wconf 79' lang='grc' dir='ltr'>ἀπάσης</span> <span class='ocrx_word' id='word_1_227' title='bbox 739 1478 788 1513; x_wconf 77' lang='grc' dir='ltr'>τῆς</span> <span class='ocrx_word' id='word_1_228' title='bbox 806 1477 856 1512; x_wconf 65' lang='grc' dir='ltr'>γῆς</span> <span class='ocrx_word' id='word_1_229' title='bbox 880 1485 989 1502; x_wconf 83' lang='grc' dir='ltr'>πιστευ-</span> 
     </span>
    </p>
   </div>
   <div class='ocr_carea' id='block_1_32' title="bbox 201 1523 990 1559">
    <p class='ocr_par' dir='ltr' id='par_1_32' title="bbox 201 1523 990 1559">
     <span class='ocr_line' id='line_1_32' title="bbox 201 1523 990 1559; baseline -0.003 -8"><span class='ocrx_word' id='word_1_230' title='bbox 201 1524 307 1552; x_wconf 76' lang='grc' dir='ltr'>σάντων</span> <span class='ocrx_word' id='word_1_231' title='bbox 331 1524 432 1551; x_wconf 79' lang='grc' dir='ltr'>ἐθνῶν·</span> <span class='ocrx_word' id='word_1_232' title='bbox 456 1525 503 1551; x_wconf 78' lang='grc' dir='ltr'>καὶ</span> <span class='ocrx_word' id='word_1_233' title='bbox 527 1523 557 1550; x_wconf 73' lang='grc' dir='ltr'>τὸ</span> <span class='ocrx_word' id='word_1_234' title='bbox 582 1524 666 1559; x_wconf 70' lang='grc' dir='ltr'>ὅνομα</span> <span class='ocrx_word' id='word_1_235' title='bbox 681 1523 762 1549; x_wconf 80' lang='grc' dir='ltr'>αὑτοῦ</span> <span class='ocrx_word' id='word_1_236' title='bbox 786 1523 814 1549; x_wconf 77' lang='grc' dir='ltr'>ἓν</span> <span class='ocrx_word' id='word_1_237' title='bbox 833 1523 926 1554; x_wconf 76' lang='grc' dir='ltr'>ἔσται,</span> <span class='ocrx_word' id='word_1_238' title='bbox 942 1531 990 1549; x_wconf 84' lang='grc' dir='ltr'>κυ-</span> 
     </span>
    </p>
   </div>
   <div class='ocr_carea' id='block_1_33' title="bbox 200 1568 989 1605">
    <p class='ocr_par' dir='ltr' id='par_1_33' title="bbox 200 1568 989 1605">
     <span class='ocr_line' id='line_1_33' title="bbox 200 1568 989 1605; baseline -0.003 -9"><span class='ocrx_word' id='word_1_239' title='bbox 200 1569 284 1596; x_wconf 80' lang='grc' dir='ltr'>κλοῦν</span> <span class='ocrx_word' id='word_1_240' title='bbox 299 1570 389 1597; x_wconf 77' lang='grc' dir='ltr'>πᾶσαν</span> <span class='ocrx_word' id='word_1_241' title='bbox 412 1570 462 1605; x_wconf 80' lang='grc' dir='ltr'>τὴν</span> <span class='ocrx_word' id='word_1_242' title='bbox 483 1570 534 1605; x_wconf 77' lang='grc' dir='ltr'>γῆν</span> <span class='ocrx_word' id='word_1_243' title='bbox 550 1570 596 1596; x_wconf 75' lang='grc' dir='ltr'>καὶ</span> <span class='ocrx_word' id='word_1_244' title='bbox 610 1569 659 1605; x_wconf 80' lang='grc' dir='ltr'>τὴν</span> <span class='ocrx_word' id='word_1_245' title='bbox 679 1569 791 1604; x_wconf 76' lang='grc' dir='ltr'>ἔρημον.</span> <span class='ocrx_word' id='word_1_246' title='bbox 806 1569 837 1595; x_wconf 91' lang='grc' dir='ltr'><strong><em>Ὂ</em></strong></span> <span class='ocrx_word' id='word_1_247' title='bbox 860 1569 906 1595; x_wconf 72' lang='grc' dir='ltr'>καὶ</span> <span class='ocrx_word' id='word_1_248' title='bbox 924 1568 989 1595; x_wconf 74' lang='grc' dir='ltr'>αὐτὸ</span> 
     </span>
    </p>
   </div>
   <div class='ocr_carea' id='block_1_34' title="bbox 1039 308 1822 348">
    <p class='ocr_par' dir='ltr' id='par_1_34' title="bbox 1039 308 1822 348">
     <span class='ocr_line' id='line_1_34' title="bbox 1039 308 1822 348; baseline -0.008 -6"><span class='ocrx_word' id='word_1_249' title='bbox 1039 323 1100 343; x_wconf 91' lang='lat' dir='ltr'><strong>men</strong></span> <span class='ocrx_word' id='word_1_250' title='bbox 1131 314 1247 348; x_wconf 75' lang='lat' dir='ltr'><strong>amplexi</strong></span> <span class='ocrx_word' id='word_1_251' title='bbox 1271 314 1375 343; x_wconf 88' lang='lat' dir='ltr'><strong>essent,</strong></span> <span class='ocrx_word' id='word_1_252' title='bbox 1392 311 1443 337; x_wconf 90' lang='lat' dir='ltr'><strong>hoc</strong></span> <span class='ocrx_word' id='word_1_253' title='bbox 1465 309 1539 345; x_wconf 91' lang='lat' dir='ltr'><strong>quod</strong></span> <span class='ocrx_word' id='word_1_254' title='bbox 1561 309 1595 337; x_wconf 91' lang='lat' dir='ltr'><strong>ab</strong></span> <span class='ocrx_word' id='word_1_255' title='bbox 1619 309 1686 343; x_wconf 80' lang='lat' dir='ltr'><strong>ipsis</strong></span> <span class='ocrx_word' id='word_1_256' title='bbox 1706 308 1822 336; x_wconf 87' lang='lat' dir='ltr'><strong>electum</strong></span> 
     </span>
    </p>
   </div>
   <div class='ocr_carea' id='block_1_35' title="bbox 1037 355 1823 395">
    <p class='ocr_par' dir='ltr' id='par_1_35' title="bbox 1037 355 1823 395">
     <span class='ocr_line' id='line_1_35' title="bbox 1037 355 1823 395; baseline -0.01 -6"><span class='ocrx_word' id='word_1_257' title='bbox 1037 364 1265 395; x_wconf 86' lang='lat' dir='ltr'><strong>assumptumque</strong></span> <span class='ocrx_word' id='word_1_258' title='bbox 1281 362 1334 389; x_wconf 77' lang='lat' dir='ltr'><strong>est,</strong></span> <span class='ocrx_word' id='word_1_259' title='bbox 1352 358 1508 385; x_wconf 81' lang='lat' dir='ltr'><strong>universam</strong></span> <span class='ocrx_word' id='word_1_260' title='bbox 1537 357 1659 391; x_wconf 85' lang='lat' dir='ltr'><strong>ipsorum</strong></span> <span class='ocrx_word' id='word_1_261' title='bbox 1685 355 1823 382; x_wconf 86' lang='lat' dir='ltr'><strong>nationem</strong></span> 
     </span>
    </p>
   </div>
   <div class='ocr_carea' id='block_1_36' title="bbox 1037 402 1824 439">
    <p class='ocr_par' dir='ltr' id='par_1_36' title="bbox 1037 402 1824 439">
     <span class='ocr_line' id='line_1_36' title="bbox 1037 402 1824 439; baseline -0.009 -5"><span class='ocrx_word' id='word_1_262' title='bbox 1037 407 1147 434; x_wconf 77' lang='lat' dir='ltr'><strong>invasit.</strong></span> <span class='ocrx_word' id='word_1_263' title='bbox 1167 405 1236 433; x_wconf 82' lang='lat' dir='ltr'><strong>Cum</strong></span> <span class='ocrx_word' id='word_1_264' title='bbox 1252 404 1324 432; x_wconf 91' lang='lat' dir='ltr'><strong>enim</strong></span> <span class='ocrx_word' id='word_1_265' title='bbox 1340 403 1392 439; x_wconf 84' lang='lat' dir='ltr'><strong>ipsi</strong></span> <span class='ocrx_word' id='word_1_266' title='bbox 1412 402 1592 430; x_wconf 81' lang='lat' dir='ltr'><strong>recessissent</strong></span> <span class='ocrx_word' id='word_1_267' title='bbox 1606 410 1620 428; x_wconf 85' lang='lat' dir='ltr'><strong>a</strong></span> <span class='ocrx_word' id='word_1_268' title='bbox 1639 402 1709 434; x_wconf 85' lang='lat' dir='ltr'><strong>luce,</strong></span> <span class='ocrx_word' id='word_1_269' title='bbox 1725 405 1753 428; x_wconf 89' lang='lat' dir='ltr'><strong>et</strong></span> <span class='ocrx_word' id='word_1_270' title='bbox 1774 408 1824 430; x_wconf 77' lang='lat' dir='ltr'><strong>eos</strong></span> 
     </span>
    </p>
   </div>
   <div class='ocr_carea' id='block_1_37' title="bbox 1037 449 1824 485">
    <p class='ocr_par' dir='ltr' id='par_1_37' title="bbox 1037 449 1824 485">
     <span class='ocr_line' id='line_1_37' title="bbox 1037 449 1824 485; baseline -0.008 -4"><span class='ocrx_word' id='word_1_271' title='bbox 1037 453 1155 481; x_wconf 83' lang='lat' dir='ltr'><strong>obseura</strong></span> <span class='ocrx_word' id='word_1_272' title='bbox 1175 459 1229 479; x_wconf 85' lang='lat' dir='ltr'><strong>nox</strong></span> <span class='ocrx_word' id='word_1_273' title='bbox 1246 452 1418 485; x_wconf 85' lang='lat' dir='ltr'><strong>occupasset,</strong></span> <span class='ocrx_word' id='word_1_274' title='bbox 1439 449 1594 477; x_wconf 77' lang='lat' dir='ltr'><strong>obscuratis</strong></span> <span class='ocrx_word' id='word_1_275' title='bbox 1608 449 1728 483; x_wconf 88' lang='lat' dir='ltr'><strong>ipsorum</strong></span> <span class='ocrx_word' id='word_1_276' title='bbox 1748 456 1824 476; x_wconf 82' lang='lat' dir='ltr'><strong>men-</strong></span> 
     </span>
    </p>
   </div>
   <div class='ocr_carea' id='block_1_38' title="bbox 1038 493 1824 532">
    <p class='ocr_par' dir='ltr' id='par_1_38' title="bbox 1038 493 1824 532">
     <span class='ocr_line' id='line_1_38' title="bbox 1038 493 1824 532; baseline -0.004 -6"><span class='ocrx_word' id='word_1_277' title='bbox 1038 499 1123 531; x_wconf 81' lang='lat' dir='ltr'><strong>tibus,</strong></span> <span class='ocrx_word' id='word_1_278' title='bbox 1139 505 1172 526; x_wconf 93' lang='lat' dir='ltr'><strong>eo</strong></span> <span class='ocrx_word' id='word_1_279' title='bbox 1185 497 1257 532; x_wconf 90' lang='lat' dir='ltr'><strong>quod</strong></span> <span class='ocrx_word' id='word_1_280' title='bbox 1284 495 1446 523; x_wconf 84' lang='lat' dir='ltr'><strong>illuminatio</strong></span> <span class='ocrx_word' id='word_1_281' title='bbox 1467 494 1622 529; x_wconf 78' lang='lat' dir='ltr'><strong>evangeliea</strong></span> <span class='ocrx_word' id='word_1_282' title='bbox 1641 493 1733 521; x_wconf 82' lang='lat' dir='ltr'><strong>radios</strong></span> <span class='ocrx_word' id='word_1_283' title='bbox 1757 501 1824 523; x_wconf 82' lang='lat' dir='ltr'><strong>suos</strong></span> 
     </span>
    </p>
   </div>
   <div class='ocr_carea' id='block_1_39' title="bbox 1038 538 1824 579">
    <p class='ocr_par' dir='ltr' id='par_1_39' title="bbox 1038 538 1824 579">
     <span class='ocr_line' id='line_1_39' title="bbox 1038 538 1824 579; baseline -0.01 -6"><span class='ocrx_word' id='word_1_284' title='bbox 1038 546 1065 573; x_wconf 88' lang='lat' dir='ltr'><strong>in</strong></span> <span class='ocrx_word' id='word_1_285' title='bbox 1081 544 1165 572; x_wconf 90' lang='lat' dir='ltr'><strong>corda</strong></span> <span class='ocrx_word' id='word_1_286' title='bbox 1181 544 1302 579; x_wconf 85' lang='lat' dir='ltr'><strong>ipsorum</strong></span> <span class='ocrx_word' id='word_1_287' title='bbox 1320 550 1375 569; x_wconf 91' lang='lat' dir='ltr'><strong>non</strong></span> <span class='ocrx_word' id='word_1_288' title='bbox 1397 541 1565 572; x_wconf 84' lang='lat' dir='ltr'><strong>immitteret.</strong></span> <span class='ocrx_word' id='word_1_289' title='bbox 1580 540 1730 575; x_wconf 84' lang='lat' dir='ltr'><strong>quinetiam</strong></span> <span class='ocrx_word' id='word_1_290' title='bbox 1743 538 1824 569; x_wconf 82' lang='lat' dir='ltr'><strong>refri-</strong></span> 
     </span>
    </p>
   </div>
   <div class='ocr_carea' id='block_1_40' title="bbox 1037 587 1824 628">
    <p class='ocr_par' dir='ltr' id='par_1_40' title="bbox 1037 587 1824 628">
     <span class='ocr_line' id='line_1_40' title="bbox 1037 587 1824 628; baseline -0.009 -8"><span class='ocrx_word' id='word_1_291' title='bbox 1037 596 1129 628; x_wconf 77' lang='lat' dir='ltr'><strong>gerata</strong></span> <span class='ocrx_word' id='word_1_292' title='bbox 1145 593 1265 627; x_wconf 89' lang='lat' dir='ltr'><strong>ipsorum</strong></span> <span class='ocrx_word' id='word_1_293' title='bbox 1282 598 1346 626; x_wconf 77' lang='lat' dir='ltr'><strong>erga</strong></span> <span class='ocrx_word' id='word_1_294' title='bbox 1358 589 1441 618; x_wconf 88' lang='lat' dir='ltr'><strong>Deum</strong></span> <span class='ocrx_word' id='word_1_295' title='bbox 1464 588 1606 618; x_wconf 84' lang='lat' dir='ltr'><strong>charitate.</strong></span> <span class='ocrx_word' id='word_1_296' title='bbox 1622 587 1716 614; x_wconf 88' lang='lat' dir='ltr'><strong>talium</strong></span> <span class='ocrx_word' id='word_1_297' title='bbox 1731 594 1824 614; x_wconf 87' lang='lat' dir='ltr'><strong>rerum</strong></span> 
     </span>
    </p>
   </div>
   <div class='ocr_carea' id='block_1_41' title="bbox 1039 631 1824 672">
    <p class='ocr_par' dir='ltr' id='par_1_41' title="bbox 1039 631 1824 672">
     <span class='ocr_line' id='line_1_41' title="bbox 1039 631 1824 672; baseline -0.008 -8"><span class='ocrx_word' id='word_1_298' title='bbox 1039 638 1116 672; x_wconf 81' lang='lat' dir='ltr'><strong>signa</strong></span> <span class='ocrx_word' id='word_1_299' title='bbox 1133 637 1232 664; x_wconf 84' lang='lat' dir='ltr'><strong>merito</strong></span> <span class='ocrx_word' id='word_1_300' title='bbox 1249 642 1380 670; x_wconf 79' lang='lat' dir='ltr'><strong>expressa</strong></span> <span class='ocrx_word' id='word_1_301' title='bbox 1395 638 1470 667; x_wconf 83' lang='lat' dir='ltr'><strong>sunt,</strong></span> <span class='ocrx_word' id='word_1_302' title='bbox 1482 639 1510 661; x_wconf 90' lang='lat' dir='ltr'><strong>et</strong></span> <span class='ocrx_word' id='word_1_303' title='bbox 1525 633 1552 660; x_wconf 91' lang='lat' dir='ltr'><strong>in</strong></span> <span class='ocrx_word' id='word_1_304' title='bbox 1568 633 1615 659; x_wconf 85' lang='lat' dir='ltr'><strong>tali</strong></span> <span class='ocrx_word' id='word_1_305' title='bbox 1629 632 1759 659; x_wconf 83' lang='lat' dir='ltr'><strong>salutaris</strong></span> <span class='ocrx_word' id='word_1_306' title='bbox 1774 631 1824 659; x_wconf 81' lang='lat' dir='ltr'><strong>ad-</strong></span> 
     </span>
    </p>
   </div>
   <div class='ocr_carea' id='block_1_42' title="bbox 1038 678 1823 717">
    <p class='ocr_par' dir='ltr' id='par_1_42' title="bbox 1038 678 1823 717">
     <span class='ocr_line' id='line_1_42' title="bbox 1038 678 1823 717; baseline -0.01 -5"><span class='ocrx_word' id='word_1_307' title='bbox 1038 689 1135 712; x_wconf 78' lang='lat' dir='ltr'><strong>ventus</strong></span> <span class='ocrx_word' id='word_1_308' title='bbox 1148 683 1192 711; x_wconf 92' lang='lat' dir='ltr'><strong>die</strong></span> <span class='ocrx_word' id='word_1_309' title='bbox 1208 681 1343 717; x_wconf 89' lang='lat' dir='ltr'><strong>completa</strong></span> <span class='ocrx_word' id='word_1_310' title='bbox 1357 684 1421 708; x_wconf 84' lang='lat' dir='ltr'><strong>sunt</strong></span> <span class='ocrx_word' id='word_1_311' title='bbox 1433 687 1476 712; x_wconf 86' lang='lat' dir='ltr'><strong>ea,</strong></span> <span class='ocrx_word' id='word_1_312' title='bbox 1487 687 1550 715; x_wconf 65' lang='lat' dir='ltr'><strong>quae</strong></span> <span class='ocrx_word' id='word_1_313' title='bbox 1565 679 1598 706; x_wconf 86' lang='lat' dir='ltr'><strong>ad</strong></span> <span class='ocrx_word' id='word_1_314' title='bbox 1618 679 1669 706; x_wconf 88' lang='lat' dir='ltr'><strong>hoc</strong></span> <span class='ocrx_word' id='word_1_315' title='bbox 1680 678 1823 705; x_wconf 84' lang='lat' dir='ltr'><strong>oraculum</strong></span> 
     </span>
    </p>
   </div>
   <div class='ocr_carea' id='block_1_43' title="bbox 1038 723 1858 766">
    <p class='ocr_par' dir='ltr' id='par_1_43' title="bbox 1038 723 1858 766">
     <span class='ocr_line' id='line_1_43' title="bbox 1038 723 1858 766; baseline -0.009 -9"><span class='ocrx_word' id='word_1_316' title='bbox 1038 730 1185 766; x_wconf 78' lang='lat' dir='ltr'><strong>pertinent.</strong></span> <span class='ocrx_word' id='word_1_317' title='bbox 1202 729 1267 756; x_wconf 85' lang='lat' dir='ltr'><strong>dum</strong></span> <span class='ocrx_word' id='word_1_318' title='bbox 1281 735 1362 762; x_wconf 43' lang='lat' dir='ltr'><strong>aqua:</strong></span> <span class='ocrx_word' id='word_1_319' title='bbox 1373 727 1468 754; x_wconf 83' lang='lat' dir='ltr'><strong>vivens</strong></span> <span class='ocrx_word' id='word_1_320' title='bbox 1479 725 1597 760; x_wconf 83' lang='lat' dir='ltr'><strong>erumpit</strong></span> <span class='ocrx_word' id='word_1_321' title='bbox 1608 733 1642 752; x_wconf 83' lang='lat' dir='ltr'><strong>ex</strong></span> <span class='ocrx_word' id='word_1_322' title='bbox 1659 723 1823 757; x_wconf 81' lang='lat' dir='ltr'><strong>Jerusalem,</strong></span> <span class='ocrx_word' id='word_1_323' title='bbox 1854 751 1858 754; x_wconf 22' lang='grc' dir='ltr'>ι</span> 
     </span>
    </p>
   </div>
   <div class='ocr_carea' id='block_1_44' title="bbox 1037 769 1825 810">
    <p class='ocr_par' dir='ltr' id='par_1_44' title="bbox 1037 769 1825 810">
     <span class='ocr_line' id='line_1_44' title="bbox 1037 769 1825 810; baseline -0.009 -7"><span class='ocrx_word' id='word_1_324' title='bbox 1037 781 1065 804; x_wconf 93' lang='lat' dir='ltr'><strong>et</strong></span> <span class='ocrx_word' id='word_1_325' title='bbox 1079 777 1107 803; x_wconf 92' lang='lat' dir='ltr'><strong>in</strong></span> <span class='ocrx_word' id='word_1_326' title='bbox 1129 783 1224 802; x_wconf 89' lang='lat' dir='ltr'><strong>omnes</strong></span> <span class='ocrx_word' id='word_1_327' title='bbox 1243 778 1338 810; x_wconf 75' lang='lat' dir='ltr'><strong>gentes</strong></span> <span class='ocrx_word' id='word_1_328' title='bbox 1361 772 1533 809; x_wconf 81' lang='lat' dir='ltr'><strong>progreditur</strong></span> <span class='ocrx_word' id='word_1_329' title='bbox 1558 770 1692 798; x_wconf 79' lang='lat' dir='ltr'><strong>fecundus</strong></span> <span class='ocrx_word' id='word_1_330' title='bbox 1716 774 1743 797; x_wconf 88' lang='lat' dir='ltr'><strong>et</strong></span> <span class='ocrx_word' id='word_1_331' title='bbox 1762 769 1825 796; x_wconf 69' lang='lat' dir='ltr'><strong>vita</strong></span> 
     </span>
    </p>
   </div>
   <div class='ocr_carea' id='block_1_45' title="bbox 1038 815 1823 858">
    <p class='ocr_par' dir='ltr' id='par_1_45' title="bbox 1038 815 1823 858">
     <span class='ocr_line' id='line_1_45' title="bbox 1038 815 1823 858; baseline -0.009 -9"><span class='ocrx_word' id='word_1_332' title='bbox 1038 825 1197 858; x_wconf 84' lang='lat' dir='ltr'><strong>apportator</strong></span> <span class='ocrx_word' id='word_1_333' title='bbox 1217 819 1382 854; x_wconf 62' lang='lat' dir='ltr'><strong>evangelicae</strong></span> <span class='ocrx_word' id='word_1_334' title='bbox 1408 817 1539 845; x_wconf 71' lang='lat' dir='ltr'><strong>doctrinae</strong></span> <span class='ocrx_word' id='word_1_335' title='bbox 1563 823 1653 844; x_wconf 91' lang='lat' dir='ltr'><strong>sermo</strong></span> <span class='ocrx_word' id='word_1_336' title='bbox 1670 815 1738 851; x_wconf 85' lang='lat' dir='ltr'><strong>:qui</strong></span> <span class='ocrx_word' id='word_1_337' title='bbox 1761 822 1823 842; x_wconf 91' lang='lat' dir='ltr'><strong>cum</strong></span> 
     </span>
    </p>
   </div>
   <div class='ocr_carea' id='block_1_46' title="bbox 1038 861 1825 904">
    <p class='ocr_par' dir='ltr' id='par_1_46' title="bbox 1038 861 1825 904">
     <span class='ocr_line' id='line_1_46' title="bbox 1038 861 1825 904; baseline -0.008 -8"><span class='ocrx_word' id='word_1_338' title='bbox 1038 867 1178 904; x_wconf 82' lang='lat' dir='ltr'><strong>proiectus</strong></span> <span class='ocrx_word' id='word_1_339' title='bbox 1193 866 1228 894; x_wconf 86' lang='lat' dir='ltr'><strong>sit</strong></span> <span class='ocrx_word' id='word_1_340' title='bbox 1240 866 1274 893; x_wconf 87' lang='lat' dir='ltr'><strong>de</strong></span> <span class='ocrx_word' id='word_1_341' title='bbox 1287 865 1379 892; x_wconf 66' lang='lat' dir='ltr'><strong>Judma</strong></span> <span class='ocrx_word' id='word_1_342' title='bbox 1394 868 1420 892; x_wconf 90' lang='lat' dir='ltr'><strong>et</strong></span> <span class='ocrx_word' id='word_1_343' title='bbox 1436 863 1470 891; x_wconf 90' lang='lat' dir='ltr'><strong>de</strong></span> <span class='ocrx_word' id='word_1_344' title='bbox 1485 864 1544 899; x_wconf 89' lang='lat' dir='ltr'><strong>ipsa</strong></span> <span class='ocrx_word' id='word_1_345' title='bbox 1558 861 1719 894; x_wconf 78' lang='lat' dir='ltr'><strong>Jerusalem,</strong></span> <span class='ocrx_word' id='word_1_346' title='bbox 1737 862 1825 890; x_wconf 80' lang='lat' dir='ltr'><strong>disse-</strong></span> 
     </span>
    </p>
   </div>
   <div class='ocr_carea' id='block_1_47' title="bbox 1038 909 1824 949">
    <p class='ocr_par' dir='ltr' id='par_1_47' title="bbox 1038 909 1824 949">
     <span class='ocr_line' id='line_1_47' title="bbox 1038 909 1824 949; baseline -0.011 -6"><span class='ocrx_word' id='word_1_347' title='bbox 1038 915 1158 942; x_wconf 83' lang='lat' dir='ltr'><strong>minatus</strong></span> <span class='ocrx_word' id='word_1_348' title='bbox 1182 917 1277 949; x_wconf 88' lang='lat' dir='ltr'><strong>postea</strong></span> <span class='ocrx_word' id='word_1_349' title='bbox 1298 912 1383 939; x_wconf 84' lang='lat' dir='ltr'><strong>estin</strong></span> <span class='ocrx_word' id='word_1_350' title='bbox 1398 917 1506 938; x_wconf 89' lang='lat' dir='ltr'><strong>omnem</strong></span> <span class='ocrx_word' id='word_1_351' title='bbox 1526 914 1626 938; x_wconf 89' lang='lat' dir='ltr'><strong>terram</strong></span> <span class='ocrx_word' id='word_1_352' title='bbox 1643 912 1670 936; x_wconf 77' lang='lat' dir='ltr'><strong>et</strong></span> <span class='ocrx_word' id='word_1_353' title='bbox 1684 909 1712 936; x_wconf 90' lang='lat' dir='ltr'><strong>in</strong></span> <span class='ocrx_word' id='word_1_354' title='bbox 1728 915 1824 935; x_wconf 84' lang='lat' dir='ltr'><strong>omnes</strong></span> 
     </span>
    </p>
   </div>
   <div class='ocr_carea' id='block_1_48' title="bbox 1038 955 1825 992">
    <p class='ocr_par' dir='ltr' id='par_1_48' title="bbox 1038 955 1825 992">
     <span class='ocr_line' id='line_1_48' title="bbox 1038 955 1825 992; baseline -0.01 -3"><span class='ocrx_word' id='word_1_355' title='bbox 1038 962 1113 989; x_wconf 85' lang='lat' dir='ltr'><strong>orbis</strong></span> <span class='ocrx_word' id='word_1_356' title='bbox 1125 965 1261 988; x_wconf 88' lang='lat' dir='ltr'><strong>terrarum</strong></span> <span class='ocrx_word' id='word_1_357' title='bbox 1278 959 1356 986; x_wconf 83' lang='lat' dir='ltr'><strong>ﬁnes.</strong></span> <span class='ocrx_word' id='word_1_358' title='bbox 1372 957 1460 992; x_wconf 83' lang='lat' dir='ltr'><strong>Hujus</strong></span> <span class='ocrx_word' id='word_1_359' title='bbox 1474 964 1539 984; x_wconf 80' lang='lat' dir='ltr'><strong>vero</strong></span> <span class='ocrx_word' id='word_1_360' title='bbox 1554 963 1631 991; x_wconf 69' lang='lat' dir='ltr'><strong>aqum</strong></span> <span class='ocrx_word' id='word_1_361' title='bbox 1645 955 1703 990; x_wconf 88' lang='lat' dir='ltr'><strong>ipse</strong></span> <span class='ocrx_word' id='word_1_362' title='bbox 1716 962 1825 989; x_wconf 82' lang='lat' dir='ltr'><strong>quoque</strong></span> 
     </span>
    </p>
   </div>
   <div class='ocr_carea' id='block_1_49' title="bbox 1040 1000 1826 1036">
    <p class='ocr_par' dir='ltr' id='par_1_49' title="bbox 1040 1000 1826 1036">
     <span class='ocr_line' id='line_1_49' title="bbox 1040 1000 1826 1036; baseline -0.011 0"><span class='ocrx_word' id='word_1_363' title='bbox 1040 1007 1165 1036; x_wconf 84' lang='lat' dir='ltr'><strong>Salvator</strong></span> <span class='ocrx_word' id='word_1_364' title='bbox 1175 1014 1206 1034; x_wconf 84' lang='lat' dir='ltr'><strong>ac</strong></span> <span class='ocrx_word' id='word_1_365' title='bbox 1222 1005 1353 1033; x_wconf 84' lang='lat' dir='ltr'><strong>Dominus</strong></span> <span class='ocrx_word' id='word_1_366' title='bbox 1367 1008 1460 1032; x_wconf 85' lang='lat' dir='ltr'><strong>noster</strong></span> <span class='ocrx_word' id='word_1_367' title='bbox 1475 1003 1607 1034; x_wconf 88' lang='lat' dir='ltr'><strong>meminit,</strong></span> <span class='ocrx_word' id='word_1_368' title='bbox 1623 1002 1687 1029; x_wconf 89' lang='lat' dir='ltr'><strong>dum</strong></span> <span class='ocrx_word' id='word_1_369' title='bbox 1705 1000 1826 1035; x_wconf 86' lang='lat' dir='ltr'><strong>loquitur</strong></span> 
     </span>
    </p>
   </div>
   <div class='ocr_carea' id='block_1_50' title="bbox 1039 1046 1826 1082">
    <p class='ocr_par' dir='ltr' id='par_1_50' title="bbox 1039 1046 1826 1082">
     <span class='ocr_line' id='line_1_50' title="bbox 1039 1046 1826 1082; baseline -0.009 0"><span class='ocrx_word' id='word_1_370' title='bbox 1039 1063 1100 1082; x_wconf 86' lang='lat' dir='ltr'><strong>cum</strong></span> <span class='ocrx_word' id='word_1_371' title='bbox 1123 1055 1236 1081; x_wconf 80' lang='lat' dir='ltr'><strong>muliere</strong></span> <span class='ocrx_word' id='word_1_372' title='bbox 1252 1051 1441 1080; x_wconf 81' lang='lat' dir='ltr'><strong>Samaritana:</strong></span> <span class='ocrx_word' id='word_1_373' title='bbox 1458 1060 1467 1075; x_wconf 86' lang='grc'><strong>‹</strong></span> <span class='ocrx_word' id='word_1_374' title='bbox 1482 1048 1510 1076; x_wconf 90' lang='lat' dir='ltr'><strong>Si</strong></span> <span class='ocrx_word' id='word_1_375' title='bbox 1534 1048 1630 1081; x_wconf 79' lang='lat' dir='ltr'><strong>scires,</strong></span> <span class='ocrx_word' id='word_1_376' title='bbox 1648 1048 1746 1082; x_wconf 78' lang='lat' dir='ltr'><strong>inquit,</strong></span> <span class='ocrx_word' id='word_1_377' title='bbox 1762 1046 1826 1081; x_wconf 84' lang='lat' dir='ltr'><strong>quis</strong></span> 
     </span>
    </p>
   </div>
   <div class='ocr_carea' id='block_1_51' title="bbox 1038 1093 1826 1136">
    <p class='ocr_par' dir='ltr' id='par_1_51' title="bbox 1038 1093 1826 1136">
     <span class='ocr_line' id='line_1_51' title="bbox 1038 1093 1826 1136; baseline -0.013 -7"><span class='ocrx_word' id='word_1_378' title='bbox 1038 1105 1081 1129; x_wconf 89' lang='lat' dir='ltr'><strong>est</strong></span> <span class='ocrx_word' id='word_1_379' title='bbox 1101 1101 1147 1136; x_wconf 92' lang='lat' dir='ltr'><strong>qui</strong></span> <span class='ocrx_word' id='word_1_380' title='bbox 1164 1099 1229 1134; x_wconf 88' lang='lat' dir='ltr'><strong>petit</strong></span> <span class='ocrx_word' id='word_1_381' title='bbox 1244 1106 1259 1126; x_wconf 92' lang='lat' dir='ltr'><strong>a</strong></span> <span class='ocrx_word' id='word_1_382' title='bbox 1279 1104 1305 1126; x_wconf 91' lang='lat' dir='ltr'><strong>te</strong></span> <span class='ocrx_word' id='word_1_383' title='bbox 1326 1098 1429 1130; x_wconf 85' lang='lat' dir='ltr'><strong>bibere,</strong></span> <span class='ocrx_word' id='word_1_384' title='bbox 1453 1101 1481 1123; x_wconf 94' lang='lat' dir='ltr'><strong>tu</strong></span> <span class='ocrx_word' id='word_1_385' title='bbox 1498 1095 1614 1131; x_wconf 81' lang='lat' dir='ltr'><strong>petisses</strong></span> <span class='ocrx_word' id='word_1_386' title='bbox 1628 1095 1662 1122; x_wconf 87' lang='lat' dir='ltr'><strong>ab</strong></span> <span class='ocrx_word' id='word_1_387' title='bbox 1677 1102 1720 1125; x_wconf 80' lang='lat' dir='ltr'><strong>eo.</strong></span> <span class='ocrx_word' id='word_1_388' title='bbox 1735 1097 1762 1120; x_wconf 86' lang='lat' dir='ltr'><strong>et</strong></span> <span class='ocrx_word' id='word_1_389' title='bbox 1775 1093 1826 1120; x_wconf 88' lang='lat' dir='ltr'><strong>de-</strong></span> 
     </span>
    </p>
   </div>
   <div class='ocr_carea' id='block_1_52' title="bbox 1038 1140 1824 1181">
    <p class='ocr_par' dir='ltr' id='par_1_52' title="bbox 1038 1140 1824 1181">
     <span class='ocr_line' id='line_1_52' title="bbox 1038 1140 1824 1181; baseline -0.013 -6"><span class='ocrx_word' id='word_1_390' title='bbox 1038 1147 1124 1175; x_wconf 87' lang='lat' dir='ltr'><strong>disset</strong></span> <span class='ocrx_word' id='word_1_391' title='bbox 1138 1146 1186 1174; x_wconf 83' lang='lat' dir='ltr'><strong>tibi</strong></span> <span class='ocrx_word' id='word_1_392' title='bbox 1201 1152 1299 1181; x_wconf 89' lang='lat' dir='ltr'><strong>aquam</strong></span> <span class='ocrx_word' id='word_1_393' title='bbox 1314 1143 1445 1171; x_wconf 76' lang='lat' dir='ltr'><strong>vivam&quot;.</strong></span> <span class='ocrx_word' id='word_1_394' title='bbox 1462 1152 1470 1168; x_wconf 85' lang='grc'><strong>›</strong></span> <span class='ocrx_word' id='word_1_395' title='bbox 1490 1142 1597 1175; x_wconf 86' lang='lat' dir='ltr'><strong>Quanta</strong></span> <span class='ocrx_word' id='word_1_396' title='bbox 1613 1144 1702 1167; x_wconf 86' lang='lat' dir='ltr'><strong>autem</strong></span> <span class='ocrx_word' id='word_1_397' title='bbox 1716 1140 1750 1166; x_wconf 87' lang='lat' dir='ltr'><strong>ad</strong></span> <span class='ocrx_word' id='word_1_398' title='bbox 1765 1146 1824 1171; x_wconf 87' lang='lat' dir='ltr'><strong>eos,</strong></span> 
     </span>
    </p>
   </div>
   <div class='ocr_carea' id='block_1_53' title="bbox 1038 1186 1827 1229">
    <p class='ocr_par' dir='ltr' id='par_1_53' title="bbox 1038 1186 1827 1229">
     <span class='ocr_line' id='line_1_53' title="bbox 1038 1186 1827 1229; baseline -0.011 -8"><span class='ocrx_word' id='word_1_399' title='bbox 1038 1195 1084 1229; x_wconf 89' lang='lat' dir='ltr'><strong>qui</strong></span> <span class='ocrx_word' id='word_1_400' title='bbox 1100 1194 1190 1221; x_wconf 88' lang='lat' dir='ltr'><strong>vivam</strong></span> <span class='ocrx_word' id='word_1_401' title='bbox 1218 1191 1436 1226; x_wconf 85' lang='lat' dir='ltr'><strong>rationalemque</strong></span> <span class='ocrx_word' id='word_1_402' title='bbox 1455 1196 1551 1224; x_wconf 86' lang='lat' dir='ltr'><strong>aquam</strong></span> <span class='ocrx_word' id='word_1_403' title='bbox 1568 1186 1749 1223; x_wconf 80' lang='lat' dir='ltr'><strong>gustaverint,</strong></span> <span class='ocrx_word' id='word_1_404' title='bbox 1763 1193 1827 1213; x_wconf 90' lang='lat' dir='ltr'><strong>ven-</strong></span> 
     </span>
    </p>
   </div>
   <div class='ocr_carea' id='block_1_54' title="bbox 1039 1232 1826 1270">
    <p class='ocr_par' dir='ltr' id='par_1_54' title="bbox 1039 1232 1826 1270">
     <span class='ocr_line' id='line_1_54' title="bbox 1039 1232 1826 1270; baseline -0.013 -1"><span class='ocrx_word' id='word_1_405' title='bbox 1039 1247 1100 1269; x_wconf 89' lang='lat' dir='ltr'><strong>tura</strong></span> <span class='ocrx_word' id='word_1_406' title='bbox 1127 1240 1163 1268; x_wconf 91' lang='lat' dir='ltr'><strong>sit</strong></span> <span class='ocrx_word' id='word_1_407' title='bbox 1190 1239 1303 1270; x_wconf 82' lang='lat' dir='ltr'><strong>utilitas,</strong></span> <span class='ocrx_word' id='word_1_408' title='bbox 1333 1237 1456 1265; x_wconf 81' lang='lat' dir='ltr'><strong>declarat</strong></span> <span class='ocrx_word' id='word_1_409' title='bbox 1481 1235 1625 1270; x_wconf 84' lang='lat' dir='ltr'><strong>deinceps,</strong></span> <span class='ocrx_word' id='word_1_410' title='bbox 1654 1233 1718 1260; x_wconf 90' lang='lat' dir='ltr'><strong>dum</strong></span> <span class='ocrx_word' id='word_1_411' title='bbox 1745 1232 1826 1260; x_wconf 87' lang='lat' dir='ltr'><strong>docet</strong></span> 
     </span>
    </p>
   </div>
   <div class='ocr_carea' id='block_1_55' title="bbox 1039 1279 1826 1324">
    <p class='ocr_par' dir='ltr' id='par_1_55' title="bbox 1039 1279 1826 1324">
     <span class='ocr_line' id='line_1_55' title="bbox 1039 1279 1826 1324; baseline -0.014 -8"><span class='ocrx_word' id='word_1_412' title='bbox 1039 1287 1268 1324; x_wconf 88' lang='lat' dir='ltr'><strong>quemadmodum</strong></span> <span class='ocrx_word' id='word_1_413' title='bbox 1284 1285 1330 1320; x_wconf 92' lang='lat' dir='ltr'><strong>qui</strong></span> <span class='ocrx_word' id='word_1_414' title='bbox 1342 1291 1402 1312; x_wconf 87' lang='lat' dir='ltr'><strong>eam</strong></span> <span class='ocrx_word' id='word_1_415' title='bbox 1417 1290 1515 1318; x_wconf 86' lang='lat' dir='ltr'><strong>aquam</strong></span> <span class='ocrx_word' id='word_1_416' title='bbox 1536 1281 1666 1312; x_wconf 82' lang='lat' dir='ltr'><strong>biberint,</strong></span> <span class='ocrx_word' id='word_1_417' title='bbox 1683 1284 1710 1307; x_wconf 88' lang='lat' dir='ltr'><strong>et</strong></span> <span class='ocrx_word' id='word_1_418' title='bbox 1725 1279 1826 1306; x_wconf 80' lang='lat' dir='ltr'><strong>multos</strong></span> 
     </span>
    </p>
   </div>
   <div class='ocr_carea' id='block_1_56' title="bbox 1040 1324 1829 1367">
    <p class='ocr_par' dir='ltr' id='par_1_56' title="bbox 1040 1324 1829 1367">
     <span class='ocr_line' id='line_1_56' title="bbox 1040 1324 1829 1367; baseline -0.014 -7"><span class='ocrx_word' id='word_1_419' title='bbox 1040 1334 1111 1364; x_wconf 87' lang='lat' dir='ltr'><strong>illos,</strong></span> <span class='ocrx_word' id='word_1_420' title='bbox 1124 1332 1171 1367; x_wconf 88' lang='lat' dir='ltr'><strong>qui</strong></span> <span class='ocrx_word' id='word_1_421' title='bbox 1187 1335 1266 1358; x_wconf 84' lang='lat' dir='ltr'><strong>antea</strong></span> <span class='ocrx_word' id='word_1_422' title='bbox 1291 1329 1360 1365; x_wconf 84' lang='lat' dir='ltr'><strong>ipsis</strong></span> <span class='ocrx_word' id='word_1_423' title='bbox 1376 1327 1555 1363; x_wconf 84' lang='lat' dir='ltr'><strong>imperabant,</strong></span> <span class='ocrx_word' id='word_1_424' title='bbox 1571 1325 1705 1360; x_wconf 79' lang='lat' dir='ltr'><strong>malignos</strong></span> <span class='ocrx_word' id='word_1_425' title='bbox 1726 1324 1829 1351; x_wconf 59' lang='grc' dir='ltr'><strong>ἀπηλο-</strong></span> 
     </span>
    </p>
   </div>
   <div class='ocr_carea' id='block_1_57' title="bbox 1039 1369 1827 1412">
    <p class='ocr_par' dir='ltr' id='par_1_57' title="bbox 1039 1369 1827 1412">
     <span class='ocr_line' id='line_1_57' title="bbox 1039 1369 1827 1412; baseline -0.013 -7"><span class='ocrx_word' id='word_1_426' title='bbox 1039 1386 1089 1405; x_wconf 89' lang='lat' dir='ltr'><strong>nas</strong></span> <span class='ocrx_word' id='word_1_427' title='bbox 1098 1376 1302 1412; x_wconf 80' lang='lat' dir='ltr'><strong>abnegaverint,</strong></span> <span class='ocrx_word' id='word_1_428' title='bbox 1315 1375 1332 1401; x_wconf 89' lang='lat' dir='ltr'><strong>ii</strong></span> <span class='ocrx_word' id='word_1_429' title='bbox 1349 1381 1432 1401; x_wconf 90' lang='lat' dir='ltr'><strong>unum</strong></span> <span class='ocrx_word' id='word_1_430' title='bbox 1448 1372 1491 1400; x_wconf 84' lang='lat' dir='ltr'><strong>sui</strong></span> <span class='ocrx_word' id='word_1_431' title='bbox 1507 1372 1628 1407; x_wconf 86' lang='lat' dir='ltr'><strong>ipsorum</strong></span> <span class='ocrx_word' id='word_1_432' title='bbox 1644 1374 1670 1398; x_wconf 91' lang='lat' dir='ltr'><strong>et</strong></span> <span class='ocrx_word' id='word_1_433' title='bbox 1682 1369 1827 1397; x_wconf 88' lang='lat' dir='ltr'><strong>Dominum</strong></span> 
     </span>
    </p>
   </div>
   <div class='ocr_carea' id='block_1_58' title="bbox 1039 1415 1827 1459">
    <p class='ocr_par' dir='ltr' id='par_1_58' title="bbox 1039 1415 1827 1459">
     <span class='ocr_line' id='line_1_58' title="bbox 1039 1415 1827 1459; baseline -0.013 -8"><span class='ocrx_word' id='word_1_434' title='bbox 1039 1428 1065 1452; x_wconf 91' lang='lat' dir='ltr'><strong>et</strong></span> <span class='ocrx_word' id='word_1_435' title='bbox 1083 1431 1173 1459; x_wconf 85' lang='lat' dir='ltr'><strong>regem</strong></span> <span class='ocrx_word' id='word_1_436' title='bbox 1190 1421 1404 1452; x_wconf 82' lang='lat' dir='ltr'><strong>conﬁtebuntur,</strong></span> <span class='ocrx_word' id='word_1_437' title='bbox 1421 1419 1485 1446; x_wconf 84' lang='lat' dir='ltr'><strong>item</strong></span> <span class='ocrx_word' id='word_1_438' title='bbox 1500 1417 1573 1453; x_wconf 89' lang='lat' dir='ltr'><strong>quod</strong></span> <span class='ocrx_word' id='word_1_439' title='bbox 1585 1417 1609 1444; x_wconf 90' lang='lat' dir='ltr'><strong>is</strong></span> <span class='ocrx_word' id='word_1_440' title='bbox 1627 1416 1767 1448; x_wconf 85' lang='lat' dir='ltr'><strong>Dominus,</strong></span> <span class='ocrx_word' id='word_1_441' title='bbox 1780 1415 1827 1449; x_wconf 87' lang='lat' dir='ltr'><strong>qui</strong></span> 
     </span>
    </p>
   </div>
   <div class='ocr_carea' id='block_1_59' title="bbox 1040 1461 1827 1499">
    <p class='ocr_par' dir='ltr' id='par_1_59' title="bbox 1040 1461 1827 1499">
     <span class='ocr_line' id='line_1_59' title="bbox 1040 1461 1827 1499; baseline -0.014 -1"><span class='ocrx_word' id='word_1_442' title='bbox 1040 1470 1073 1498; x_wconf 89' lang='lat' dir='ltr'><strong>ab</strong></span> <span class='ocrx_word' id='word_1_443' title='bbox 1088 1471 1150 1497; x_wconf 89' lang='lat' dir='ltr'><strong>unis</strong></span> <span class='ocrx_word' id='word_1_444' title='bbox 1172 1468 1294 1496; x_wconf 62' lang='lat' dir='ltr'><strong>Hebrais</strong></span> <span class='ocrx_word' id='word_1_445' title='bbox 1310 1471 1389 1494; x_wconf 87' lang='lat' dir='ltr'><strong>antea</strong></span> <span class='ocrx_word' id='word_1_446' title='bbox 1413 1464 1587 1496; x_wconf 79' lang='lat' dir='ltr'><strong>nOSCebatur,</strong></span> <span class='ocrx_word' id='word_1_447' title='bbox 1609 1462 1693 1499; x_wconf 61' lang='lat' dir='ltr'><strong>A89</strong></span> <span class='ocrx_word' id='word_1_448' title='bbox 1714 1469 1762 1489; x_wconf 79' lang='lat' dir='ltr'><strong>rex</strong></span> <span class='ocrx_word' id='word_1_449' title='bbox 1781 1461 1827 1488; x_wconf 75' lang='lat' dir='ltr'><strong>llet</strong></span> 
     </span>
    </p>
   </div>
   <div class='ocr_carea' id='block_1_60' title="bbox 1039 1509 1827 1546">
    <p class='ocr_par' dir='ltr' id='par_1_60' title="bbox 1039 1509 1827 1546">
     <span class='ocr_line' id='line_1_60' title="bbox 1039 1509 1827 1546; baseline -0.013 -3"><span class='ocrx_word' id='word_1_450' title='bbox 1039 1516 1160 1543; x_wconf 90' lang='lat' dir='ltr'><strong>omnium</strong></span> <span class='ocrx_word' id='word_1_451' title='bbox 1180 1522 1273 1542; x_wconf 89' lang='lat' dir='ltr'><strong>earum</strong></span> <span class='ocrx_word' id='word_1_452' title='bbox 1294 1512 1446 1543; x_wconf 86' lang='lat' dir='ltr'><strong>nationum,</strong></span> <span class='ocrx_word' id='word_1_453' title='bbox 1464 1518 1524 1546; x_wconf 74' lang='lat' dir='ltr'><strong>quae</strong></span> <span class='ocrx_word' id='word_1_454' title='bbox 1546 1518 1580 1538; x_wconf 81' lang='lat' dir='ltr'><strong>ex</strong></span> <span class='ocrx_word' id='word_1_455' title='bbox 1601 1509 1728 1536; x_wconf 88' lang='lat' dir='ltr'><strong>universa</strong></span> <span class='ocrx_word' id='word_1_456' title='bbox 1752 1511 1827 1534; x_wconf 81' lang='lat' dir='ltr'><strong>terra</strong></span> 
     </span>
    </p>
   </div>
   <div class='ocr_carea' id='block_1_61' title="bbox 1041 1553 1826 1599">
    <p class='ocr_par' dir='ltr' id='par_1_61' title="bbox 1041 1553 1826 1599">
     <span class='ocr_line' id='line_1_61' title="bbox 1041 1553 1826 1599; baseline -0.014 -7"><span class='ocrx_word' id='word_1_457' title='bbox 1041 1565 1068 1592; x_wconf 88' lang='lat' dir='ltr'><strong>in</strong></span> <span class='ocrx_word' id='word_1_458' title='bbox 1081 1564 1167 1599; x_wconf 84' lang='lat' dir='ltr'><strong>ipsius</strong></span> <span class='ocrx_word' id='word_1_459' title='bbox 1180 1563 1258 1590; x_wconf 87' lang='lat' dir='ltr'><strong>[idem</strong></span> <span class='ocrx_word' id='word_1_460' title='bbox 1276 1561 1416 1593; x_wconf 80' lang='lat' dir='ltr'><strong>venerint;</strong></span> <span class='ocrx_word' id='word_1_461' title='bbox 1431 1564 1458 1587; x_wconf 90' lang='lat' dir='ltr'><strong>et</strong></span> <span class='ocrx_word' id='word_1_462' title='bbox 1474 1565 1572 1586; x_wconf 88' lang='lat' dir='ltr'><strong>nomen</strong></span> <span class='ocrx_word' id='word_1_463' title='bbox 1587 1556 1646 1591; x_wconf 80' lang='lat' dir='ltr'><strong>ejus</strong></span> <span class='ocrx_word' id='word_1_464' title='bbox 1663 1563 1747 1583; x_wconf 93' lang='lat' dir='ltr'><strong>unum</strong></span> <span class='ocrx_word' id='word_1_465' title='bbox 1763 1553 1826 1585; x_wconf 83' lang='lat' dir='ltr'><strong>erit,</strong></span> 
     </span>
    </p>
   </div>
   <div class='ocr_carea' id='block_1_62' title="bbox 199 1600 990 1651">
    <p class='ocr_par' dir='ltr' id='par_1_62' title="bbox 199 1600 987 1651">
     <span class='ocr_line' id='line_1_62' title="bbox 199 1600 987 1651; baseline -0.003 -8"><span class='ocrx_word' id='word_1_466' title='bbox 199 1617 244 1648; x_wconf 85' lang='grc' dir='ltr'><strong>τίς</strong></span> <span class='ocrx_word' id='word_1_467' title='bbox 260 1616 310 1643; x_wconf 75' lang='grc' dir='ltr'>οὐκ</span> <span class='ocrx_word' id='word_1_468' title='bbox 325 1616 359 1643; x_wconf 83' lang='grc' dir='ltr'>ἂν</span> <span class='ocrx_word' id='word_1_469' title='bbox 373 1600 446 1651; x_wconf 72' lang='grc' dir='ltr'>ὀρῶν</span> <span class='ocrx_word' id='word_1_470' title='bbox 467 1600 706 1651; x_wconf 40' lang='lat' dir='ltr'><strong>sinuamina</strong></span> <span class='ocrx_word' id='word_1_471' title='bbox 720 1600 784 1649; x_wconf 71' lang='grc' dir='ltr'>γοῦν</span> <span class='ocrx_word' id='word_1_472' title='bbox 801 1616 849 1650; x_wconf 86' lang='grc' dir='ltr'>τῆς</span> <span class='ocrx_word' id='word_1_473' title='bbox 870 1614 987 1650; x_wconf 76' lang='grc' dir='ltr'>Χριστοῦ</span> 
     </span>
    </p>
   </div>
   <div class='ocr_carea' id='block_1_63' title="bbox 1041 1600 1827 1651">
    <p class='ocr_par' dir='ltr' id='par_1_63' title="bbox 1042 1600 1827 1638">
     <span class='ocr_line' id='line_1_63' title="bbox 1042 1600 1827 1638; baseline -0.015 0"><span class='ocrx_word' id='word_1_474' title='bbox 1042 1611 1163 1638; x_wconf 84' lang='lat' dir='ltr'><strong>ambiens</strong></span> <span class='ocrx_word' id='word_1_475' title='bbox 1190 1610 1348 1636; x_wconf 85' lang='lat' dir='ltr'><strong>universam</strong></span> <span class='ocrx_word' id='word_1_476' title='bbox 1373 1611 1474 1634; x_wconf 85' lang='lat' dir='ltr'><strong>terram</strong></span> <span class='ocrx_word' id='word_1_477' title='bbox 1491 1610 1519 1632; x_wconf 85' lang='lat' dir='ltr'><strong>et</strong></span> <span class='ocrx_word' id='word_1_478' title='bbox 1543 1603 1729 1633; x_wconf 85' lang='lat' dir='ltr'><strong>solitudinem,</strong></span> <span class='ocrx_word' id='word_1_479' title='bbox 1754 1600 1827 1635; x_wconf 86' lang='lat' dir='ltr'><strong>quod</strong></span> 
     </span>
    </p>
   </div>
   <div class='ocr_carea' id='block_1_64' title="bbox 200 1660 990 1699">
    <p class='ocr_par' dir='ltr' id='par_1_64' title="bbox 200 1660 990 1699">
     <span class='ocr_line' id='line_1_64' title="bbox 200 1660 990 1699; baseline -0.001 -10"><span class='ocrx_word' id='word_1_480' title='bbox 200 1663 399 1699; x_wconf 79' lang='grc' dir='ltr'>προσηγορίας,</span> <span class='ocrx_word' id='word_1_481' title='bbox 424 1663 503 1694; x_wconf 75' lang='grc' dir='ltr'>αὐτὸς</span> <span class='ocrx_word' id='word_1_482' title='bbox 518 1663 546 1688; x_wconf 80' lang='grc' dir='ltr'>δὲ</span> <span class='ocrx_word' id='word_1_483' title='bbox 565 1660 598 1698; x_wconf 84' lang='grc' dir='ltr'>ἧν</span> <span class='ocrx_word' id='word_1_484' title='bbox 622 1663 636 1688; x_wconf 91' lang='lat'><strong>6</strong></span> <span class='ocrx_word' id='word_1_485' title='bbox 657 1662 772 1698; x_wconf 77' lang='grc' dir='ltr'>Χριστὸς</span> <span class='ocrx_word' id='word_1_486' title='bbox 791 1663 804 1688; x_wconf 92' lang='lat'><strong>6</strong></span> <span class='ocrx_word' id='word_1_487' title='bbox 823 1661 934 1697; x_wconf 80' lang='grc' dir='ltr'>Κύριος,</span> <span class='ocrx_word' id='word_1_488' title='bbox 959 1663 990 1689; x_wconf 77' lang='grc' dir='ltr'>τὸ</span> 
     </span>
    </p>
   </div>
   <div class='ocr_carea' id='block_1_65' title="bbox 200 1708 991 1745">
    <p class='ocr_par' dir='ltr' id='par_1_65' title="bbox 200 1708 991 1745">
     <span class='ocr_line' id='line_1_65' title="bbox 200 1708 991 1745; baseline 0.001 -10"><span class='ocrx_word' id='word_1_489' title='bbox 200 1708 258 1735; x_wconf 81' lang='grc' dir='ltr'><strong>τῶν</strong></span> <span class='ocrx_word' id='word_1_490' title='bbox 278 1709 447 1745; x_wconf 84' lang='grc' dir='ltr'>Χριστιανῶν</span> <span class='ocrx_word' id='word_1_491' title='bbox 465 1709 561 1745; x_wconf 75' lang='grc' dir='ltr'>ὄνομα,</span> <span class='ocrx_word' id='word_1_492' title='bbox 574 1709 662 1735; x_wconf 75' lang='grc' dir='ltr'>πάντα</span> <span class='ocrx_word' id='word_1_493' title='bbox 690 1709 770 1735; x_wconf 80' lang='grc' dir='ltr'>τόπον</span> <span class='ocrx_word' id='word_1_494' title='bbox 790 1709 836 1736; x_wconf 77' lang='grc' dir='ltr'><strong>καὶ</strong></span> <span class='ocrx_word' id='word_1_495' title='bbox 856 1709 930 1736; x_wconf 69' lang='grc' dir='ltr'>πόλιν</span> <span class='ocrx_word' id='word_1_496' title='bbox 946 1709 991 1736; x_wconf 70' lang='grc' dir='ltr'>καὶ</span> 
     </span>
    </p>
   </div>
   <div class='ocr_carea' id='block_1_66' title="bbox 201 1754 991 1791">
    <p class='ocr_par' dir='ltr' id='par_1_66' title="bbox 201 1754 991 1791">
     <span class='ocr_line' id='line_1_66' title="bbox 201 1754 991 1791; baseline -0.001 -9"><span class='ocrx_word' id='word_1_497' title='bbox 201 1754 305 1791; x_wconf 85' lang='grc' dir='ltr'>χώραν,</span> <span class='ocrx_word' id='word_1_498' title='bbox 323 1756 369 1782; x_wconf 75' lang='grc' dir='ltr'>καὶ</span> <span class='ocrx_word' id='word_1_499' title='bbox 391 1755 462 1782; x_wconf 80' lang='grc' dir='ltr'>αὑτά</span> <span class='ocrx_word' id='word_1_500' title='bbox 485 1763 517 1790; x_wconf 86' lang='grc' dir='ltr'><strong>γε</strong></span> <span class='ocrx_word' id='word_1_501' title='bbox 540 1755 575 1782; x_wconf 86' lang='grc' dir='ltr'><strong>τὰ</strong></span> <span class='ocrx_word' id='word_1_502' title='bbox 597 1756 626 1781; x_wconf 81' lang='grc' dir='ltr'>ὲν</span> <span class='ocrx_word' id='word_1_503' title='bbox 649 1757 709 1786; x_wconf 90' lang='grc' dir='ltr'>ταῖς</span> <span class='ocrx_word' id='word_1_504' title='bbox 726 1755 839 1791; x_wconf 78' lang='grc' dir='ltr'>ἐρήμοις</span> <span class='ocrx_word' id='word_1_505' title='bbox 859 1755 905 1782; x_wconf 79' lang='grc' dir='ltr'>καὶ</span> <span class='ocrx_word' id='word_1_506' title='bbox 932 1756 991 1787; x_wconf 84' lang='grc' dir='ltr'>ταῖς</span> 
     </span>
    </p>
   </div>
   <div class='ocr_carea' id='block_1_67' title="bbox 201 1800 991 1836">
    <p class='ocr_par' dir='ltr' id='par_1_67' title="bbox 201 1800 991 1836">
     <span class='ocr_line' id='line_1_67' title="bbox 201 1800 991 1836; baseline -0.001 -9"><span class='ocrx_word' id='word_1_507' title='bbox 201 1801 342 1836; x_wconf 65' lang='grc' dir='ltr'>ἐσχατιαῖς</span> <span class='ocrx_word' id='word_1_508' title='bbox 358 1801 406 1836; x_wconf 86' lang='grc' dir='ltr'>τῆς</span> <span class='ocrx_word' id='word_1_509' title='bbox 421 1801 473 1836; x_wconf 78' lang='grc' dir='ltr'>γῆς</span> <span class='ocrx_word' id='word_1_510' title='bbox 490 1800 614 1828; x_wconf 71' lang='grc' dir='ltr'>οἰκοῦντα</span> <span class='ocrx_word' id='word_1_511' title='bbox 627 1800 690 1835; x_wconf 76' lang='grc' dir='ltr'>ἔθνη</span> <span class='ocrx_word' id='word_1_512' title='bbox 708 1800 921 1836; x_wconf 78' lang='grc' dir='ltr'>περιεκύκλωσε,</span> <span class='ocrx_word' id='word_1_513' title='bbox 936 1801 991 1832; x_wconf 79' lang='grc' dir='ltr'>τοῖς</span> 
     </span>
    </p>
   </div>
   <div class='ocr_carea' id='block_1_68' title="bbox 200 1846 804 1884">
    <p class='ocr_par' dir='ltr' id='par_1_68' title="bbox 200 1846 804 1884">
     <span class='ocr_line' id='line_1_68' title="bbox 200 1846 804 1884; baseline 0.002 -11"><span class='ocrx_word' id='word_1_514' title='bbox 200 1846 254 1882; x_wconf 79' lang='grc' dir='ltr'>τῆς</span> <span class='ocrx_word' id='word_1_515' title='bbox 268 1847 435 1884; x_wconf 72' lang='grc' dir='ltr'>προφητείας</span> <span class='ocrx_word' id='word_1_516' title='bbox 448 1847 601 1879; x_wconf 77' lang='grc' dir='ltr'>ἀκολούθως</span> <span class='ocrx_word' id='word_1_517' title='bbox 614 1847 804 1883; x_wconf 81' lang='grc' dir='ltr'>θεσπίσμασιν.</span> 
     </span>
    </p>
   </div>
   <div class='ocr_carea' id='block_1_69' title="bbox 209 2010 994 2054">
    <p class='ocr_par' dir='ltr' id='par_1_69' title="bbox 209 2010 994 2054">
     <span class='ocr_line' id='line_1_69' title="bbox 209 2010 994 2054; baseline -0.001 -14"><span class='ocrx_word' id='word_1_518' title='bbox 209 2010 282 2054; x_wconf 71' lang='grc' dir='ltr'><strong>Ἆπρ</strong></span> <span class='ocrx_word' id='word_1_519' title='bbox 290 2011 419 2054; x_wconf 56' lang='grc' dir='ltr'>ψαλμοῦ</span> <span class='ocrx_word' id='word_1_520' title='bbox 435 2015 535 2054; x_wconf 53' lang='lat' dir='ltr'><strong>agat:—</strong></span> <span class='ocrx_word' id='word_1_521' title='bbox 549 2011 619 2046; x_wconf 77' lang='grc' dir='ltr'><strong>Περὶ</strong></span> <span class='ocrx_word' id='word_1_522' title='bbox 632 2012 691 2054; x_wconf 49' lang='lat' dir='ltr'><strong>Eri—w-</strong></span> <span class='ocrx_word' id='word_1_523' title='bbox 705 2012 780 2054; x_wconf 39' lang='lat' dir='ltr'><strong>eatd</strong></span> <span class='ocrx_word' id='word_1_524' title='bbox 789 2012 828 2054; x_wconf 71' lang='lat'><strong>_16</strong></span> <span class='ocrx_word' id='word_1_525' title='bbox 846 2013 994 2054; x_wconf 65' lang='grc' dir='ltr'>(ζωιςήριρν</span> 
     </span>
    </p>
   </div>
   <div class='ocr_carea' id='block_1_70' title="bbox 240 2047 994 2087">
    <p class='ocr_par' dir='ltr' id='par_1_70' title="bbox 240 2047 994 2087">
     <span class='ocr_line' id='line_1_70' title="bbox 240 2047 994 2087; baseline 0.003 -14"><span class='ocrx_word' id='word_1_526' title='bbox 240 2047 620 2087; x_wconf 49' lang='grc' dir='ltr'><strong>αξάθος,ἐρ-ιιτενὶεφθέξντςιινι</strong></span> <span class='ocrx_word' id='word_1_527' title='bbox 630 2048 682 2081; x_wconf 86' lang='grc' dir='ltr'>Είς</span> <span class='ocrx_word' id='word_1_528' title='bbox 697 2048 730 2074; x_wconf 83' lang='grc' dir='ltr'>τὸ</span> <span class='ocrx_word' id='word_1_529' title='bbox 745 2048 832 2081; x_wconf 72' lang='grc' dir='ltr'>τέλος</span> <span class='ocrx_word' id='word_1_530' title='bbox 849 2049 925 2082; x_wconf 81' lang='grc' dir='ltr'>ὑπὲρ</span> <span class='ocrx_word' id='word_1_531' title='bbox 940 2048 994 2081; x_wconf 78' lang='grc' dir='ltr'>τῆς</span> 
     </span>
    </p>
   </div>
   <div class='ocr_carea' id='block_1_71' title="bbox 242 2081 649 2117">
    <p class='ocr_par' dir='ltr' id='par_1_71' title="bbox 242 2081 649 2117">
     <span class='ocr_line' id='line_1_71' title="bbox 242 2081 649 2117; baseline -0.002 -8"><span class='ocrx_word' id='word_1_532' title='bbox 242 2081 432 2115; x_wconf 70' lang='grc' dir='ltr'>ἀντιλήψεως</span> <span class='ocrx_word' id='word_1_533' title='bbox 446 2081 501 2116; x_wconf 81' lang='grc' dir='ltr'>τῆς</span> <span class='ocrx_word' id='word_1_534' title='bbox 514 2081 649 2117; x_wconf 78' lang='grc' dir='ltr'>ἑωθινῆς.</span> 
     </span>
    </p>
   </div>
   <div class='ocr_carea' id='block_1_72' title="bbox 245 2157 995 2195">
    <p class='ocr_par' dir='ltr' id='par_1_72' title="bbox 245 2157 995 2195">
     <span class='ocr_line' id='line_1_72' title="bbox 245 2157 995 2195; baseline 0.004 -12"><span class='ocrx_word' id='word_1_535' title='bbox 245 2167 254 2182; x_wconf 74' lang='grc' dir='ltr'><strong>ι</strong></span> <span class='ocrx_word' id='word_1_536' title='bbox 266 2157 294 2183; x_wconf 93' lang='lat'><strong>&#39;0</strong></span> <span class='ocrx_word' id='word_1_537' title='bbox 311 2157 386 2190; x_wconf 80' lang='grc' dir='ltr'>Θεὸς,</span> <span class='ocrx_word' id='word_1_538' title='bbox 399 2158 414 2184; x_wconf 89' lang='lat'><strong>6</strong></span> <span class='ocrx_word' id='word_1_539' title='bbox 427 2157 493 2190; x_wconf 86' lang='grc' dir='ltr'>Θεός</span> <span class='ocrx_word' id='word_1_540' title='bbox 511 2167 572 2194; x_wconf 85' lang='grc' dir='ltr'>μου,</span> <span class='ocrx_word' id='word_1_541' title='bbox 601 2158 718 2195; x_wconf 82' lang='grc' dir='ltr'>πρόσχες</span> <span class='ocrx_word' id='word_1_542' title='bbox 732 2167 785 2195; x_wconf 88' lang='grc' dir='ltr'>μοι·</span> <span class='ocrx_word' id='word_1_543' title='bbox 800 2159 843 2186; x_wconf 84' lang='grc' dir='ltr'>ἵνα</span> <span class='ocrx_word' id='word_1_544' title='bbox 857 2158 883 2185; x_wconf 91' lang='grc' dir='ltr'><strong>τί</strong></span> <span class='ocrx_word' id='word_1_545' title='bbox 897 2160 995 2193; x_wconf 76' lang='grc' dir='ltr'>ἐγκατ-</span> 
     </span>
    </p>
   </div>
   <div class='ocr_carea' id='block_1_73' title="bbox 203 2202 999 2242">
    <p class='ocr_par' dir='ltr' id='par_1_73' title="bbox 203 2202 999 2242">
     <span class='ocr_line' id='line_1_73' title="bbox 203 2202 999 2242; baseline 0.005 -13"><span class='ocrx_word' id='word_1_546' title='bbox 203 2202 299 2234; x_wconf 67' lang='grc' dir='ltr'>ὶλιπές</span> <span class='ocrx_word' id='word_1_547' title='bbox 316 2212 364 2239; x_wconf 85' lang='grc' dir='ltr'>με;</span> <span class='ocrx_word' id='word_1_548' title='bbox 389 2204 496 2240; x_wconf 80' lang='grc' dir='ltr'>μακρὰν</span> <span class='ocrx_word' id='word_1_549' title='bbox 511 2204 565 2231; x_wconf 78' lang='grc' dir='ltr'><strong>ἀπὸ</strong></span> <span class='ocrx_word' id='word_1_550' title='bbox 581 2205 630 2240; x_wconf 86' lang='grc' dir='ltr'>τῆς</span> <span class='ocrx_word' id='word_1_551' title='bbox 645 2207 780 2242; x_wconf 80' lang='grc' dir='ltr'>σωτηρίας</span> <span class='ocrx_word' id='word_1_552' title='bbox 799 2215 848 2241; x_wconf 82' lang='grc' dir='ltr'><strong>μου</strong></span> <span class='ocrx_word' id='word_1_553' title='bbox 874 2207 898 2232; x_wconf 74' lang='lat' dir='ltr'><strong>of.</strong></span> <span class='ocrx_word' id='word_1_554' title='bbox 923 2206 999 2241; x_wconf 72' lang='grc' dir='ltr'>λόγοι</span> 
     </span>
    </p>
   </div>
   <div class='ocr_carea' id='block_1_74' title="bbox 203 2249 996 2289">
    <p class='ocr_par' dir='ltr' id='par_1_74' title="bbox 203 2249 996 2289">
     <span class='ocr_line' id='line_1_74' title="bbox 203 2249 996 2289; baseline 0.006 -14"><span class='ocrx_word' id='word_1_555' title='bbox 203 2249 261 2276; x_wconf 84' lang='grc' dir='ltr'>τῶν</span> <span class='ocrx_word' id='word_1_556' title='bbox 286 2251 515 2286; x_wconf 81' lang='grc' dir='ltr'>παραπτωμάτων</span> <span class='ocrx_word' id='word_1_557' title='bbox 539 2252 637 2287; x_wconf 88' lang='grc' dir='ltr'>μου.”υ</span> <span class='ocrx_word' id='word_1_558' title='bbox 658 2252 724 2284; x_wconf 84' lang='grc' dir='ltr'>Θεός</span> <span class='ocrx_word' id='word_1_559' title='bbox 746 2261 806 2288; x_wconf 88' lang='grc' dir='ltr'>μου,</span> <span class='ocrx_word' id='word_1_560' title='bbox 827 2252 996 2289; x_wconf 74' lang='grc' dir='ltr'>κεκράξομαι</span> 
     </span>
    </p>
   </div>
   <div class='ocr_carea' id='block_1_75' title="bbox 202 2295 995 2335">
    <p class='ocr_par' dir='ltr' id='par_1_75' title="bbox 202 2295 995 2335">
     <span class='ocr_line' id='line_1_75' title="bbox 202 2295 995 2335; baseline 0.006 -13"><span class='ocrx_word' id='word_1_561' title='bbox 202 2295 314 2331; x_wconf 78' lang='grc' dir='ltr'>ἡμέρας</span> <span class='ocrx_word' id='word_1_562' title='bbox 329 2297 396 2333; x_wconf 77' lang='grc' dir='ltr'>πρὸς</span> <span class='ocrx_word' id='word_1_563' title='bbox 410 2297 449 2329; x_wconf 79' lang='grc' dir='ltr'>σὲ,</span> <span class='ocrx_word' id='word_1_564' title='bbox 466 2298 513 2324; x_wconf 81' lang='grc' dir='ltr'>καὶ</span> <span class='ocrx_word' id='word_1_565' title='bbox 527 2299 578 2325; x_wconf 82' lang='grc' dir='ltr'>οὐκ</span> <span class='ocrx_word' id='word_1_566' title='bbox 593 2298 755 2335; x_wconf 83' lang='grc' dir='ltr'>είσακούσῃ·</span> <span class='ocrx_word' id='word_1_567' title='bbox 776 2299 821 2326; x_wconf 77' lang='grc' dir='ltr'>καὶ</span> <span class='ocrx_word' id='word_1_568' title='bbox 834 2300 995 2332; x_wconf 77' lang='grc' dir='ltr'>νυκτὸς,καὶ</span> 
     </span>
    </p>
   </div>
   <div class='ocr_carea' id='block_1_76' title="bbox 202 2343 996 2380">
    <p class='ocr_par' dir='ltr' id='par_1_76' title="bbox 202 2343 996 2380">
     <span class='ocr_line' id='line_1_76' title="bbox 202 2343 996 2380; baseline 0.005 -11"><span class='ocrx_word' id='word_1_569' title='bbox 202 2343 258 2370; x_wconf 79' lang='grc' dir='ltr'>οὐκ</span> <span class='ocrx_word' id='word_1_570' title='bbox 281 2343 320 2374; x_wconf 84' lang='grc' dir='ltr'><strong>είς</strong></span> <span class='ocrx_word' id='word_1_571' title='bbox 342 2343 435 2370; x_wconf 82' lang='grc' dir='ltr'>ἄνοιαν</span> <span class='ocrx_word' id='word_1_572' title='bbox 458 2344 530 2379; x_wconf 83' lang='grc' dir='ltr'>ὲμοί.</span> <span class='ocrx_word' id='word_1_573' title='bbox 549 2345 585 2371; x_wconf 84' lang='grc' dir='ltr'><strong>Σὺ</strong></span> <span class='ocrx_word' id='word_1_574' title='bbox 611 2345 639 2371; x_wconf 77' lang='grc' dir='ltr'>δὲ</span> <span class='ocrx_word' id='word_1_575' title='bbox 662 2346 691 2371; x_wconf 81' lang='grc' dir='ltr'>ὲν</span> <span class='ocrx_word' id='word_1_576' title='bbox 715 2345 803 2380; x_wconf 81' lang='grc' dir='ltr'>ἁγίοις</span> <span class='ocrx_word' id='word_1_577' title='bbox 820 2348 967 2379; x_wconf 82' lang='grc' dir='ltr'>κατοικεῖς,</span> <span class='ocrx_word' id='word_1_578' title='bbox 981 2347 996 2373; x_wconf 88' lang='lat'><strong>6</strong></span> 
     </span>
    </p>
   </div>
   <div class='ocr_carea' id='block_1_77' title="bbox 202 2387 995 2428">
    <p class='ocr_par' dir='ltr' id='par_1_77' title="bbox 202 2387 995 2428">
     <span class='ocr_line' id='line_1_77' title="bbox 202 2387 995 2428; baseline 0.006 -14"><span class='ocrx_word' id='word_1_579' title='bbox 202 2387 317 2420; x_wconf 73' lang='grc' dir='ltr'>ἔπαινος</span> <span class='ocrx_word' id='word_1_580' title='bbox 343 2389 389 2416; x_wconf 82' lang='grc' dir='ltr'>τοῦ</span> <span class='ocrx_word' id='word_1_581' title='bbox 410 2389 526 2425; x_wconf 88' lang='grc' dir='ltr'>Ἰσραήλ.</span> <span class='ocrx_word' id='word_1_582' title='bbox 540 2390 601 2417; x_wconf 74' lang='grc' dir='ltr'><strong>Ἐπὶ</strong></span> <span class='ocrx_word' id='word_1_583' title='bbox 628 2391 670 2417; x_wconf 75' lang='grc' dir='ltr'><strong>σοὶ</strong></span> <span class='ocrx_word' id='word_1_584' title='bbox 691 2391 806 2426; x_wconf 78' lang='grc' dir='ltr'>ἤλπισαν</span> <span class='ocrx_word' id='word_1_585' title='bbox 828 2392 860 2418; x_wconf 72' lang='lat' dir='ltr'><strong>oi&#39;</strong></span> <span class='ocrx_word' id='word_1_586' title='bbox 878 2392 995 2428; x_wconf 81' lang='grc' dir='ltr'>πατέρες</span> 
     </span>
    </p>
   </div>
   <div class='ocr_carea' id='block_1_78' title="bbox 205 2433 997 2473">
    <p class='ocr_par' dir='ltr' id='par_1_78' title="bbox 205 2433 997 2473">
     <span class='ocr_line' id='line_1_78' title="bbox 205 2433 997 2473; baseline 0.006 -13"><span class='ocrx_word' id='word_1_587' title='bbox 205 2433 297 2470; x_wconf 81' lang='grc' dir='ltr'>ἡμῶν,</span> <span class='ocrx_word' id='word_1_588' title='bbox 314 2434 439 2470; x_wconf 74' lang='grc' dir='ltr'>ἤλπισαν,</span> <span class='ocrx_word' id='word_1_589' title='bbox 460 2436 506 2462; x_wconf 81' lang='grc' dir='ltr'>καὶ</span> <span class='ocrx_word' id='word_1_590' title='bbox 528 2436 636 2472; x_wconf 80' lang='grc' dir='ltr'>ὲρῤύσω</span> <span class='ocrx_word' id='word_1_591' title='bbox 658 2437 764 2469; x_wconf 77' lang='grc' dir='ltr'>αὐτούς.</span> <span class='ocrx_word' id='word_1_592' title='bbox 786 2438 857 2473; x_wconf 73' lang='grc' dir='ltr'>Πρὸς</span> <span class='ocrx_word' id='word_1_593' title='bbox 882 2439 911 2464; x_wconf 77' lang='grc' dir='ltr'>σὲ</span> <span class='ocrx_word' id='word_1_594' title='bbox 935 2439 997 2465; x_wconf 80' lang='grc' dir='ltr'><strong>ἐκέ-</strong></span> 
     </span>
    </p>
   </div>
   <div class='ocr_carea' id='block_1_79' title="bbox 205 2478 999 2518">
    <p class='ocr_par' dir='ltr' id='par_1_79' title="bbox 205 2478 999 2518">
     <span class='ocr_line' id='line_1_79' title="bbox 205 2478 999 2518; baseline 0.008 -12"><span class='ocrx_word' id='word_1_595' title='bbox 205 2478 322 2515; x_wconf 81' lang='grc' dir='ltr'>κραξαν,</span> <span class='ocrx_word' id='word_1_596' title='bbox 338 2481 385 2507; x_wconf 87' lang='grc' dir='ltr'>καὶ</span> <span class='ocrx_word' id='word_1_597' title='bbox 398 2481 538 2517; x_wconf 85' lang='grc' dir='ltr'>ἐσώθησαν</span> <span class='ocrx_word' id='word_1_598' title='bbox 547 2490 554 2497; x_wconf 86' lang='grc'><strong>·</strong></span> <span class='ocrx_word' id='word_1_599' title='bbox 571 2482 618 2508; x_wconf 79' lang='grc' dir='ltr'><strong>ἐπὶ</strong></span> <span class='ocrx_word' id='word_1_600' title='bbox 635 2483 676 2509; x_wconf 69' lang='grc' dir='ltr'>σοὶ</span> <span class='ocrx_word' id='word_1_601' title='bbox 689 2483 816 2518; x_wconf 75' lang='grc' dir='ltr'>ἤλπισαν,</span> <span class='ocrx_word' id='word_1_602' title='bbox 830 2484 875 2510; x_wconf 71' lang='grc' dir='ltr'><strong>καὶ</strong></span> <span class='ocrx_word' id='word_1_603' title='bbox 889 2484 918 2510; x_wconf 80' lang='grc' dir='ltr'>οὐ</span> <span class='ocrx_word' id='word_1_604' title='bbox 934 2493 999 2512; x_wconf 84' lang='grc' dir='ltr'>κατ-</span> 
     </span>
    </p>
   </div>
   <div class='ocr_carea' id='block_1_80' title="bbox 205 2526 999 2569">
    <p class='ocr_par' dir='ltr' id='par_1_80' title="bbox 205 2526 999 2569">
     <span class='ocr_line' id='line_1_80' title="bbox 205 2526 999 2569; baseline 0.009 -17"><span class='ocrx_word' id='word_1_605' title='bbox 205 2526 392 2562; x_wconf 76' lang='grc' dir='ltr'>ῃσχύνθησαν.</span> <span class='ocrx_word' id='word_1_606' title='bbox 401 2527 472 2562; x_wconf 86' lang='grc' dir='ltr'><strong>Ἐγὼ</strong></span> <span class='ocrx_word' id='word_1_607' title='bbox 487 2527 516 2554; x_wconf 80' lang='grc' dir='ltr'>δέ</span> <span class='ocrx_word' id='word_1_608' title='bbox 538 2529 595 2564; x_wconf 81' lang='grc' dir='ltr'>εξμι</span> <span class='ocrx_word' id='word_1_609' title='bbox 612 2528 729 2564; x_wconf 84' lang='grc' dir='ltr'>σκώληξ,</span> <span class='ocrx_word' id='word_1_610' title='bbox 744 2530 790 2557; x_wconf 76' lang='grc' dir='ltr'>καὶ</span> <span class='ocrx_word' id='word_1_611' title='bbox 815 2531 865 2558; x_wconf 73' lang='grc' dir='ltr'>οὐκ</span> <span class='ocrx_word' id='word_1_612' title='bbox 894 2532 999 2569; x_wconf 78' lang='grc' dir='ltr'>ἄνθρω-</span> 
     </span>
    </p>
   </div>
   <div class='ocr_carea' id='block_1_81' title="bbox 207 2574 997 2614">
    <p class='ocr_par' dir='ltr' id='par_1_81' title="bbox 207 2574 997 2614">
     <span class='ocr_line' id='line_1_81' title="bbox 207 2574 997 2614; baseline 0.006 -12"><span class='ocrx_word' id='word_1_613' title='bbox 207 2582 270 2605; x_wconf 81' lang='grc' dir='ltr'>πος,</span> <span class='ocrx_word' id='word_1_614' title='bbox 287 2574 385 2607; x_wconf 75' lang='grc' dir='ltr'>ὄνειδος</span> <span class='ocrx_word' id='word_1_615' title='bbox 400 2575 561 2612; x_wconf 75' lang='grc' dir='ltr'>ἀνθρώπων,</span> <span class='ocrx_word' id='word_1_616' title='bbox 576 2577 622 2603; x_wconf 75' lang='grc' dir='ltr'>καὶ</span> <span class='ocrx_word' id='word_1_617' title='bbox 649 2577 814 2614; x_wconf 80' lang='grc' dir='ltr'>ὲξουδένημα</span> <span class='ocrx_word' id='word_1_618' title='bbox 836 2578 912 2607; x_wconf 82' lang='grc' dir='ltr'>λαοῦ.</span> <span class='ocrx_word' id='word_1_619' title='bbox 927 2581 997 2608; x_wconf 81' lang='grc' dir='ltr'>Πάν-</span> 
     </span>
    </p>
   </div>
   <div class='ocr_carea' id='block_1_82' title="bbox 203 2620 998 2662">
    <p class='ocr_par' dir='ltr' id='par_1_82' title="bbox 203 2620 998 2662">
     <span class='ocr_line' id='line_1_82' title="bbox 203 2620 998 2662; baseline 0.009 -17"><span class='ocrx_word' id='word_1_620' title='bbox 203 2627 254 2651; x_wconf 79' lang='grc' dir='ltr'><strong>τες</strong></span> <span class='ocrx_word' id='word_1_621' title='bbox 273 2620 298 2646; x_wconf 88' lang='grc' dir='ltr'>οἱ</span> <span class='ocrx_word' id='word_1_622' title='bbox 319 2620 483 2657; x_wconf 71' lang='grc' dir='ltr'>θεωροῦντες</span> <span class='ocrx_word' id='word_1_623' title='bbox 511 2630 544 2657; x_wconf 86' lang='grc' dir='ltr'><strong>με</strong></span> <span class='ocrx_word' id='word_1_624' title='bbox 567 2622 785 2659; x_wconf 80' lang='grc' dir='ltr'>ὲξεμυκτήρισάν</span> <span class='ocrx_word' id='word_1_625' title='bbox 803 2633 846 2660; x_wconf 83' lang='grc' dir='ltr'><strong>με,</strong></span> <span class='ocrx_word' id='word_1_626' title='bbox 865 2625 998 2662; x_wconf 77' lang='grc' dir='ltr'>ἐλάλησαν</span> 
     </span>
    </p>
   </div>
   <div class='ocr_carea' id='block_1_83' title="bbox 205 2665 998 2703">
    <p class='ocr_par' dir='ltr' id='par_1_83' title="bbox 205 2665 998 2703">
     <span class='ocr_line' id='line_1_83' title="bbox 205 2665 998 2703; baseline 0.009 -12"><span class='ocrx_word' id='word_1_627' title='bbox 205 2665 238 2692; x_wconf 80' lang='grc' dir='ltr'>ὲν</span> <span class='ocrx_word' id='word_1_628' title='bbox 260 2665 386 2701; x_wconf 85' lang='grc' dir='ltr'>χείλεσιν,</span> <span class='ocrx_word' id='word_1_629' title='bbox 411 2667 540 2702; x_wconf 79' lang='grc' dir='ltr'>ἐκίνησαν</span> <span class='ocrx_word' id='word_1_630' title='bbox 566 2668 702 2703; x_wconf 76' lang='grc' dir='ltr'>κεφαλήν·</span> <span class='ocrx_word' id='word_1_631' title='bbox 720 2669 852 2696; x_wconf 86' lang='grc' dir='ltr'>Ἤλπισεν</span> <span class='ocrx_word' id='word_1_632' title='bbox 875 2671 922 2697; x_wconf 75' lang='grc' dir='ltr'>ἐπὶ</span> <span class='ocrx_word' id='word_1_633' title='bbox 940 2671 998 2698; x_wconf 81' lang='grc' dir='ltr'><strong>Κύ-</strong></span> 
     </span>
    </p>
   </div>
   <div class='ocr_carea' id='block_1_84' title="bbox 207 2712 996 2748">
    <p class='ocr_par' dir='ltr' id='par_1_84' title="bbox 207 2712 996 2748">
     <span class='ocr_line' id='line_1_84' title="bbox 207 2712 996 2748; baseline 0.011 -11"><span class='ocrx_word' id='word_1_634' title='bbox 207 2719 277 2748; x_wconf 68' lang='grc' dir='ltr'>ριον,</span> <span class='ocrx_word' id='word_1_635' title='bbox 297 2712 421 2747; x_wconf 77' lang='grc' dir='ltr'>ῥυσάσθω</span> <span class='ocrx_word' id='word_1_636' title='bbox 433 2712 524 2745; x_wconf 81' lang='grc' dir='ltr'>αὐτὸν,</span> <span class='ocrx_word' id='word_1_637' title='bbox 539 2714 653 2741; x_wconf 81' lang='grc' dir='ltr'>σωσάτω</span> <span class='ocrx_word' id='word_1_638' title='bbox 667 2715 757 2748; x_wconf 72' lang='grc' dir='ltr'>αὑτὸν,</span> <span class='ocrx_word' id='word_1_639' title='bbox 769 2716 810 2743; x_wconf 79' lang='grc' dir='ltr'>ὅτι</span> <span class='ocrx_word' id='word_1_640' title='bbox 822 2717 892 2744; x_wconf 77' lang='grc' dir='ltr'>θέλει</span> <span class='ocrx_word' id='word_1_641' title='bbox 906 2718 996 2746; x_wconf 69' lang='grc' dir='ltr'>αὑτόν.</span> 
     </span>
    </p>
   </div>
   <div class='ocr_carea' id='block_1_85' title="bbox 207 2756 996 2800">
    <p class='ocr_par' dir='ltr' id='par_1_85' title="bbox 207 2756 996 2800">
     <span class='ocr_line' id='line_1_85' title="bbox 207 2756 996 2800; baseline 0.009 -17"><span class='ocrx_word' id='word_1_642' title='bbox 207 2758 271 2784; x_wconf 77' lang='grc' dir='ltr'>’Ὅτι</span> <span class='ocrx_word' id='word_1_643' title='bbox 288 2759 320 2785; x_wconf 84' lang='grc' dir='ltr'>σὺ</span> <span class='ocrx_word' id='word_1_644' title='bbox 337 2756 363 2784; x_wconf 79' lang='grc' dir='ltr'>εἴ</span> <span class='ocrx_word' id='word_1_645' title='bbox 384 2759 398 2785; x_wconf 91' lang='lat'><strong>6</strong></span> <span class='ocrx_word' id='word_1_646' title='bbox 422 2759 564 2791; x_wconf 80' lang='grc' dir='ltr'>ὲκσπάσας</span> <span class='ocrx_word' id='word_1_647' title='bbox 579 2768 612 2795; x_wconf 85' lang='grc' dir='ltr'><strong>με</strong></span> <span class='ocrx_word' id='word_1_648' title='bbox 635 2761 666 2787; x_wconf 79' lang='grc' dir='ltr'>ἐκ</span> <span class='ocrx_word' id='word_1_649' title='bbox 680 2762 800 2798; x_wconf 75' lang='grc' dir='ltr'>γαστρὸς</span> <span class='ocrx_word' id='word_1_650' title='bbox 820 2763 836 2798; x_wconf 88' lang='grc' dir='ltr'>ἡ</span> <span class='ocrx_word' id='word_1_651' title='bbox 852 2763 929 2795; x_wconf 79' lang='grc' dir='ltr'>ἐλπίς</span> <span class='ocrx_word' id='word_1_652' title='bbox 946 2772 996 2800; x_wconf 84' lang='grc' dir='ltr'><strong>μου</strong></span> 
     </span>
    </p>
   </div>
   <div class='ocr_carea' id='block_1_86' title="bbox 204 2803 997 2846">
    <p class='ocr_par' dir='ltr' id='par_1_86' title="bbox 204 2803 997 2846">
     <span class='ocr_line' id='line_1_86' title="bbox 204 2803 997 2846; baseline 0.009 -16"><span class='ocrx_word' id='word_1_653' title='bbox 204 2803 261 2830; x_wconf 75' lang='grc' dir='ltr'>ἀπὸ</span> <span class='ocrx_word' id='word_1_654' title='bbox 280 2804 388 2839; x_wconf 83' lang='grc' dir='ltr'>μαστῶν</span> <span class='ocrx_word' id='word_1_655' title='bbox 402 2805 452 2840; x_wconf 80' lang='grc' dir='ltr'><strong>τῆς</strong></span> <span class='ocrx_word' id='word_1_656' title='bbox 468 2806 568 2841; x_wconf 85' lang='grc' dir='ltr'>μητρός</span> <span class='ocrx_word' id='word_1_657' title='bbox 586 2815 646 2841; x_wconf 89' lang='grc' dir='ltr'>μου.</span> <span class='ocrx_word' id='word_1_658' title='bbox 658 2807 718 2834; x_wconf 80' lang='grc' dir='ltr'><strong>Ἐπὶ</strong></span> <span class='ocrx_word' id='word_1_659' title='bbox 739 2808 770 2834; x_wconf 86' lang='grc' dir='ltr'>σὲ</span> <span class='ocrx_word' id='word_1_660' title='bbox 792 2809 942 2846; x_wconf 68' lang='grc' dir='ltr'>ὲπερρίφην</span> <span class='ocrx_word' id='word_1_661' title='bbox 966 2812 997 2838; x_wconf 72' lang='grc' dir='ltr'>ἐκ</span> 
     </span>
    </p>
   </div>
   <div class='ocr_carea' id='block_1_87' title="bbox 207 2850 998 2892">
    <p class='ocr_par' dir='ltr' id='par_1_87' title="bbox 207 2850 998 2892">
     <span class='ocr_line' id='line_1_87' title="bbox 207 2850 998 2892; baseline 0.011 -17"><span class='ocrx_word' id='word_1_662' title='bbox 207 2850 327 2887; x_wconf 78' lang='grc' dir='ltr'>μήτρας,</span> <span class='ocrx_word' id='word_1_663' title='bbox 343 2851 397 2877; x_wconf 80' lang='grc' dir='ltr'><strong>ἀπὸ</strong></span> <span class='ocrx_word' id='word_1_664' title='bbox 419 2852 535 2887; x_wconf 73' lang='grc' dir='ltr'>γαστρὸς</span> <span class='ocrx_word' id='word_1_665' title='bbox 554 2853 657 2889; x_wconf 80' lang='grc' dir='ltr'>μητρός</span> <span class='ocrx_word' id='word_1_666' title='bbox 673 2862 724 2889; x_wconf 80' lang='grc' dir='ltr'><strong>μου</strong></span> <span class='ocrx_word' id='word_1_667' title='bbox 747 2854 813 2887; x_wconf 84' lang='grc' dir='ltr'><strong>Θεός</strong></span> <span class='ocrx_word' id='word_1_668' title='bbox 832 2864 881 2892; x_wconf 87' lang='grc' dir='ltr'><strong>μου</strong></span> <span class='ocrx_word' id='word_1_669' title='bbox 905 2854 930 2883; x_wconf 74' lang='grc' dir='ltr'><strong>εί</strong></span> <span class='ocrx_word' id='word_1_670' title='bbox 956 2857 998 2884; x_wconf 68' lang='grc' dir='ltr'><strong>σύ.</strong></span> 
     </span>
    </p>
   </div>
   <div class='ocr_carea' id='block_1_88' title="bbox 244 2937 485 2972">
    <p class='ocr_par' dir='ltr' id='par_1_88' title="bbox 244 2937 485 2972">
     <span class='ocr_line' id='line_1_88' title="bbox 244 2937 485 2972; baseline 0.004 -6"><span class='ocrx_word' id='word_1_671' title='bbox 244 2939 267 2956; x_wconf 81' lang='grc'><strong><em>⁸⁸</em></strong></span> <span class='ocrx_word' id='word_1_672' title='bbox 286 2937 364 2966; x_wconf 79' lang='lat' dir='ltr'><strong>Joan.</strong></span> <span class='ocrx_word' id='word_1_673' title='bbox 383 2947 426 2972; x_wconf 69' lang='grc' dir='ltr'><strong>ιν,</strong></span> <span class='ocrx_word' id='word_1_674' title='bbox 444 2940 485 2968; x_wconf 82' lang='grc'><strong>10.</strong></span> 
     </span>
    </p>
   </div>
   <div class='ocr_carea' id='block_1_89' title="bbox 1042 1647 1828 1693">
    <p class='ocr_par' dir='ltr' id='par_1_89' title="bbox 1042 1647 1828 1693">
     <span class='ocr_line' id='line_1_89' title="bbox 1042 1647 1828 1693; baseline -0.017 -8"><span class='ocrx_word' id='word_1_675' title='bbox 1042 1657 1151 1693; x_wconf 88' lang='lat' dir='ltr'><strong>quidem</strong></span> <span class='ocrx_word' id='word_1_676' title='bbox 1172 1657 1260 1691; x_wconf 92' lang='lat' dir='ltr'><strong>ipsum</strong></span> <span class='ocrx_word' id='word_1_677' title='bbox 1275 1655 1321 1682; x_wconf 92' lang='lat' dir='ltr'><strong>ubi</strong></span> <span class='ocrx_word' id='word_1_678' title='bbox 1343 1654 1405 1688; x_wconf 87' lang='lat' dir='ltr'><strong>quis</strong></span> <span class='ocrx_word' id='word_1_679' title='bbox 1429 1651 1537 1683; x_wconf 83' lang='lat' dir='ltr'><strong>viderit,</strong></span> <span class='ocrx_word' id='word_1_680' title='bbox 1552 1650 1597 1685; x_wconf 92' lang='lat' dir='ltr'><strong>qui</strong></span> <span class='ocrx_word' id='word_1_681' title='bbox 1622 1648 1679 1675; x_wconf 84' lang='lat' dir='ltr'><strong>ﬁeri</strong></span> <span class='ocrx_word' id='word_1_682' title='bbox 1698 1647 1785 1682; x_wconf 87' lang='lat' dir='ltr'><strong>possit</strong></span> <span class='ocrx_word' id='word_1_683' title='bbox 1798 1650 1828 1672; x_wconf 87' lang='lat' dir='ltr'><strong>ut</strong></span> 
     </span>
    </p>
   </div>
   <div class='ocr_carea' id='block_1_90' title="bbox 1042 1692 1830 1731">
    <p class='ocr_par' dir='ltr' id='par_1_90' title="bbox 1042 1692 1830 1731">
     <span class='ocr_line' id='line_1_90' title="bbox 1042 1692 1830 1731; baseline -0.014 0"><span class='ocrx_word' id='word_1_684' title='bbox 1042 1692 1097 1731; x_wconf 84' lang='lat' dir='ltr'><strong>non</strong></span> <span class='ocrx_word' id='word_1_685' title='bbox 1113 1701 1279 1730; x_wconf 81' lang='lat' dir='ltr'><strong>admiretur?</strong></span> <span class='ocrx_word' id='word_1_686' title='bbox 1291 1700 1392 1728; x_wconf 86' lang='lat' dir='ltr'><strong>etenim</strong></span> <span class='ocrx_word' id='word_1_687' title='bbox 1405 1706 1420 1725; x_wconf 89' lang='lat' dir='ltr'><strong>a</strong></span> <span class='ocrx_word' id='word_1_688' title='bbox 1436 1696 1538 1725; x_wconf 84' lang='lat' dir='ltr'><strong>Christi</strong></span> <span class='ocrx_word' id='word_1_689' title='bbox 1550 1694 1692 1726; x_wconf 86' lang='lat' dir='ltr'><strong>vocabulo,</strong></span> <span class='ocrx_word' id='word_1_690' title='bbox 1702 1692 1830 1720; x_wconf 84' lang='lat' dir='ltr'><strong>Christus</strong></span> 
     </span>
    </p>
   </div>
   <div class='ocr_carea' id='block_1_91' title="bbox 1042 1735 1830 1783">
    <p class='ocr_par' dir='ltr' id='par_1_91' title="bbox 1042 1735 1830 1783">
     <span class='ocr_line' id='line_1_91' title="bbox 1042 1735 1830 1783; baseline -0.018 -7"><span class='ocrx_word' id='word_1_691' title='bbox 1042 1756 1124 1783; x_wconf 86' lang='lat' dir='ltr'><strong>porro</strong></span> <span class='ocrx_word' id='word_1_692' title='bbox 1136 1748 1194 1782; x_wconf 86' lang='lat' dir='ltr'><strong>ipse</strong></span> <span class='ocrx_word' id='word_1_693' title='bbox 1216 1745 1348 1773; x_wconf 86' lang='lat' dir='ltr'><strong>Dominus</strong></span> <span class='ocrx_word' id='word_1_694' title='bbox 1367 1746 1419 1775; x_wconf 87' lang='lat' dir='ltr'><strong>est,</strong></span> <span class='ocrx_word' id='word_1_695' title='bbox 1431 1741 1651 1770; x_wconf 85' lang='lat' dir='ltr'><strong>Christianorum</strong></span> <span class='ocrx_word' id='word_1_696' title='bbox 1666 1745 1762 1764; x_wconf 82' lang='lat' dir='ltr'><strong>nomen</strong></span> <span class='ocrx_word' id='word_1_697' title='bbox 1781 1735 1830 1764; x_wconf 72' lang='lat' dir='ltr'><strong>do-</strong></span> 
     </span>
    </p>
   </div>
   <div class='ocr_carea' id='block_1_92' title="bbox 1041 1784 1829 1821">
    <p class='ocr_par' dir='ltr' id='par_1_92' title="bbox 1041 1784 1829 1821">
     <span class='ocr_line' id='line_1_92' title="bbox 1041 1784 1829 1821; baseline -0.014 0"><span class='ocrx_word' id='word_1_698' title='bbox 1041 1795 1154 1821; x_wconf 84' lang='lat' dir='ltr'><strong>dnetum</strong></span> <span class='ocrx_word' id='word_1_699' title='bbox 1185 1799 1293 1820; x_wconf 89' lang='lat' dir='ltr'><strong>omnem</strong></span> <span class='ocrx_word' id='word_1_700' title='bbox 1318 1792 1407 1819; x_wconf 88' lang='lat' dir='ltr'><strong>locum</strong></span> <span class='ocrx_word' id='word_1_701' title='bbox 1428 1793 1456 1818; x_wconf 88' lang='lat' dir='ltr'><strong>et</strong></span> <span class='ocrx_word' id='word_1_702' title='bbox 1481 1789 1618 1816; x_wconf 87' lang='lat' dir='ltr'><strong>civitatem</strong></span> <span class='ocrx_word' id='word_1_703' title='bbox 1641 1790 1667 1813; x_wconf 90' lang='lat' dir='ltr'><strong>et</strong></span> <span class='ocrx_word' id='word_1_704' title='bbox 1689 1784 1829 1820; x_wconf 79' lang='lat' dir='ltr'><strong>regionem</strong></span> 
     </span>
    </p>
   </div>
   <div class='ocr_carea' id='block_1_93' title="bbox 1042 1831 1830 1876">
    <p class='ocr_par' dir='ltr' id='par_1_93' title="bbox 1042 1831 1830 1876">
     <span class='ocr_line' id='line_1_93' title="bbox 1042 1831 1830 1876; baseline -0.014 -8"><span class='ocrx_word' id='word_1_705' title='bbox 1042 1842 1170 1876; x_wconf 85' lang='lat' dir='ltr'><strong>ipsasque</strong></span> <span class='ocrx_word' id='word_1_706' title='bbox 1188 1841 1215 1867; x_wconf 92' lang='lat' dir='ltr'><strong>in</strong></span> <span class='ocrx_word' id='word_1_707' title='bbox 1236 1839 1351 1869; x_wconf 80' lang='lat' dir='ltr'><strong>desertis</strong></span> <span class='ocrx_word' id='word_1_708' title='bbox 1367 1837 1477 1871; x_wconf 87' lang='lat' dir='ltr'><strong>orisque</strong></span> <span class='ocrx_word' id='word_1_709' title='bbox 1496 1834 1628 1863; x_wconf 84' lang='lat' dir='ltr'><strong>extremis</strong></span> <span class='ocrx_word' id='word_1_710' title='bbox 1651 1837 1731 1860; x_wconf 73' lang='lat' dir='ltr'><strong>terras</strong></span> <span class='ocrx_word' id='word_1_711' title='bbox 1751 1831 1830 1858; x_wconf 88' lang='lat' dir='ltr'><strong>habi-</strong></span> 
     </span>
    </p>
   </div>
   <div class='ocr_carea' id='block_1_94' title="bbox 1043 1877 1829 1916">
    <p class='ocr_par' dir='ltr' id='par_1_94' title="bbox 1043 1877 1829 1916">
     <span class='ocr_line' id='line_1_94' title="bbox 1043 1877 1829 1916; baseline -0.014 -1"><span class='ocrx_word' id='word_1_712' title='bbox 1043 1891 1133 1914; x_wconf 83' lang='lat' dir='ltr'><strong>tantes</strong></span> <span class='ocrx_word' id='word_1_713' title='bbox 1147 1887 1272 1915; x_wconf 82' lang='lat' dir='ltr'><strong>nationes</strong></span> <span class='ocrx_word' id='word_1_714' title='bbox 1292 1883 1429 1916; x_wconf 88' lang='lat' dir='ltr'><strong>circuivit,</strong></span> <span class='ocrx_word' id='word_1_715' title='bbox 1445 1881 1525 1911; x_wconf 86' lang='lat' dir='ltr'><strong>ﬁdem</strong></span> <span class='ocrx_word' id='word_1_716' title='bbox 1542 1888 1574 1908; x_wconf 90' lang='lat' dir='ltr'><strong>eo</strong></span> <span class='ocrx_word' id='word_1_717' title='bbox 1590 1879 1673 1907; x_wconf 89' lang='lat' dir='ltr'><strong>modo</strong></span> <span class='ocrx_word' id='word_1_718' title='bbox 1688 1877 1791 1906; x_wconf 82' lang='lat' dir='ltr'><strong>faciens</strong></span> <span class='ocrx_word' id='word_1_719' title='bbox 1802 1880 1829 1904; x_wconf 81' lang='lat' dir='ltr'><strong>et</strong></span> 
     </span>
    </p>
   </div>
   <div class='ocr_carea' id='block_1_95' title="bbox 1044 1925 1669 1968">
    <p class='ocr_par' dir='ltr' id='par_1_95' title="bbox 1044 1925 1669 1968">
     <span class='ocr_line' id='line_1_95' title="bbox 1044 1925 1669 1968; baseline -0.014 -7"><span class='ocrx_word' id='word_1_720' title='bbox 1044 1933 1221 1962; x_wconf 76' lang='lat' dir='ltr'><strong>consentiens</strong></span> <span class='ocrx_word' id='word_1_721' title='bbox 1235 1931 1353 1967; x_wconf 81' lang='lat' dir='ltr'><strong>hujusce</strong></span> <span class='ocrx_word' id='word_1_722' title='bbox 1367 1929 1517 1968; x_wconf 69' lang='lat' dir='ltr'><strong>prophetiae</strong></span> <span class='ocrx_word' id='word_1_723' title='bbox 1530 1925 1669 1954; x_wconf 87' lang='lat' dir='ltr'><strong>vaticinio.</strong></span> 
     </span>
    </p>
   </div>
   <div class='ocr_carea' id='block_1_96' title="bbox 1045 2002 1830 2048">
    <p class='ocr_par' dir='ltr' id='par_1_96' title="bbox 1045 2002 1830 2048">
     <span class='ocr_line' id='line_1_96' title="bbox 1045 2002 1830 2048; baseline -0.017 -7"><span class='ocrx_word' id='word_1_724' title='bbox 1045 2013 1066 2040; x_wconf 83' lang='grc' dir='ltr'><em>Α</em></span> <span class='ocrx_word' id='word_1_725' title='bbox 1087 2015 1189 2048; x_wconf 80' lang='lat' dir='ltr'><strong>psalmo</strong></span> <span class='ocrx_word' id='word_1_726' title='bbox 1202 2019 1259 2038; x_wconf 65' lang='grc' dir='ltr'><strong>ιιι.</strong></span> <span class='ocrx_word' id='word_1_727' title='bbox 1271 2009 1352 2048; x_wconf 66' lang='lat' dir='ltr'><strong>_—I)c</strong></span> <span class='ocrx_word' id='word_1_728' title='bbox 1364 2010 1396 2036; x_wconf 84' lang='lat' dir='ltr'><strong>iis</strong></span> <span class='ocrx_word' id='word_1_729' title='bbox 1409 2017 1466 2044; x_wconf 71' lang='lat' dir='ltr'><strong>qum</strong></span> <span class='ocrx_word' id='word_1_730' title='bbox 1475 2009 1500 2034; x_wconf 84' lang='lat' dir='ltr'><strong>in</strong></span> <span class='ocrx_word' id='word_1_731' title='bbox 1509 2005 1693 2048; x_wconf 47' lang='lat' dir='ltr'><strong>ipsa&#39;salutari</strong></span> <span class='ocrx_word' id='word_1_732' title='bbox 1706 2002 1830 2048; x_wconf 61' lang='lat' dir='ltr'><strong>passione</strong></span> 
     </span>
    </p>
   </div>
   <div class='ocr_carea' id='block_1_97' title="bbox 1098 2040 1778 2084">
    <p class='ocr_par' dir='ltr' id='par_1_97' title="bbox 1098 2040 1778 2084">
     <span class='ocr_line' id='line_1_97' title="bbox 1098 2040 1778 2084; baseline -0.013 -10"><span class='ocrx_word' id='word_1_733' title='bbox 1098 2049 1168 2084; x_wconf 76' lang='lat' dir='ltr'><strong>facta</strong></span> <span class='ocrx_word' id='word_1_734' title='bbox 1183 2051 1253 2075; x_wconf 62' lang='lat' dir='ltr'><strong>sunt».</strong></span> <span class='ocrx_word' id='word_1_735' title='bbox 1268 2045 1299 2073; x_wconf 84' lang='lat' dir='ltr'><strong>In</strong></span> <span class='ocrx_word' id='word_1_736' title='bbox 1313 2046 1392 2080; x_wconf 84' lang='lat' dir='ltr'><strong>ﬁnem</strong></span> <span class='ocrx_word' id='word_1_737' title='bbox 1403 2040 1449 2079; x_wconf 63' lang='lat' dir='ltr'><strong>pro</strong></span> <span class='ocrx_word' id='word_1_738' title='bbox 1461 2040 1623 2077; x_wconf 70' lang='lat' dir='ltr'><strong>susceptione</strong></span> <span class='ocrx_word' id='word_1_739' title='bbox 1637 2040 1778 2068; x_wconf 80' lang='lat' dir='ltr'><strong>matutina.</strong></span> 
     </span>
    </p>
   </div>
   <div class='ocr_carea' id='block_1_98' title="bbox 1085 2151 1832 2192">
    <p class='ocr_par' dir='ltr' id='par_1_98' title="bbox 1085 2151 1832 2192">
     <span class='ocr_line' id='line_1_98' title="bbox 1085 2151 1832 2192; baseline -0.011 -5"><span class='ocrx_word' id='word_1_740' title='bbox 1085 2170 1094 2187; x_wconf 76' lang='grc' dir='ltr'><strong>ι</strong></span> <span class='ocrx_word' id='word_1_741' title='bbox 1111 2160 1193 2192; x_wconf 82' lang='lat' dir='ltr'><strong>Deus.</strong></span> <span class='ocrx_word' id='word_1_742' title='bbox 1208 2159 1281 2187; x_wconf 86' lang='lat' dir='ltr'><strong>Deus</strong></span> <span class='ocrx_word' id='word_1_743' title='bbox 1297 2166 1385 2192; x_wconf 89' lang='lat' dir='ltr'><strong>meus,</strong></span> <span class='ocrx_word' id='word_1_744' title='bbox 1400 2157 1505 2192; x_wconf 81' lang='lat' dir='ltr'><strong>respice</strong></span> <span class='ocrx_word' id='word_1_745' title='bbox 1519 2157 1546 2184; x_wconf 90' lang='lat' dir='ltr'><strong>in</strong></span> <span class='ocrx_word' id='word_1_746' title='bbox 1560 2163 1618 2188; x_wconf 90' lang='lat' dir='ltr'><strong>me;</strong></span> <span class='ocrx_word' id='word_1_747' title='bbox 1636 2161 1721 2190; x_wconf 87' lang='lat' dir='ltr'><strong>quare</strong></span> <span class='ocrx_word' id='word_1_748' title='bbox 1730 2160 1772 2180; x_wconf 86' lang='lat' dir='ltr'><strong>me</strong></span> <span class='ocrx_word' id='word_1_749' title='bbox 1786 2151 1832 2180; x_wconf 83' lang='lat' dir='ltr'><strong>de-</strong></span> 
     </span>
    </p>
   </div>
   <div class='ocr_carea' id='block_1_99' title="bbox 1047 2200 1833 2242">
    <p class='ocr_par' dir='ltr' id='par_1_99' title="bbox 1047 2200 1833 2242">
     <span class='ocr_line' id='line_1_99' title="bbox 1047 2200 1833 2242; baseline -0.011 -8"><span class='ocrx_word' id='word_1_750' title='bbox 1047 2207 1208 2242; x_wconf 77' lang='lat' dir='ltr'><strong>reliquisti?</strong></span> <span class='ocrx_word' id='word_1_751' title='bbox 1231 2207 1311 2241; x_wconf 82' lang='lat' dir='ltr'><strong>longe</strong></span> <span class='ocrx_word' id='word_1_752' title='bbox 1329 2213 1345 2232; x_wconf 90' lang='lat' dir='ltr'><strong>a</strong></span> <span class='ocrx_word' id='word_1_753' title='bbox 1368 2205 1457 2232; x_wconf 89' lang='lat' dir='ltr'><strong>salute</strong></span> <span class='ocrx_word' id='word_1_754' title='bbox 1480 2210 1539 2230; x_wconf 86' lang='lat' dir='ltr'><strong>mea</strong></span> <span class='ocrx_word' id='word_1_755' title='bbox 1566 2201 1647 2229; x_wconf 88' lang='lat' dir='ltr'><strong>verba</strong></span> <span class='ocrx_word' id='word_1_756' title='bbox 1672 2200 1833 2227; x_wconf 83' lang='lat' dir='ltr'><strong>dellctorum</strong></span> 
     </span>
    </p>
   </div>
   <div class='ocr_carea' id='block_1_100' title="bbox 1048 2245 1836 2284">
    <p class='ocr_par' dir='ltr' id='par_1_100' title="bbox 1048 2245 1836 2284">
     <span class='ocr_line' id='line_1_100' title="bbox 1048 2245 1836 2284; baseline -0.011 -4"><span class='ocrx_word' id='word_1_757' title='bbox 1048 2260 1183 2280; x_wconf 91' lang='lat' dir='ltr'><strong>meorum.</strong></span> <span class='ocrx_word' id='word_1_758' title='bbox 1200 2250 1273 2279; x_wconf 87' lang='lat' dir='ltr'><strong>Deus</strong></span> <span class='ocrx_word' id='word_1_759' title='bbox 1297 2258 1385 2283; x_wconf 87' lang='lat' dir='ltr'><strong>meus,</strong></span> <span class='ocrx_word' id='word_1_760' title='bbox 1406 2248 1529 2276; x_wconf 87' lang='lat' dir='ltr'><strong>clamabo</strong></span> <span class='ocrx_word' id='word_1_761' title='bbox 1547 2255 1595 2284; x_wconf 88' lang='lat' dir='ltr'><strong>per</strong></span> <span class='ocrx_word' id='word_1_762' title='bbox 1615 2247 1685 2274; x_wconf 84' lang='lat' dir='ltr'><strong>diem</strong></span> <span class='ocrx_word' id='word_1_763' title='bbox 1707 2245 1741 2272; x_wconf 81' lang='lat' dir='ltr'><strong>ad</strong></span> <span class='ocrx_word' id='word_1_764' title='bbox 1756 2248 1792 2276; x_wconf 90' lang='lat' dir='ltr'><strong>te,</strong></span> <span class='ocrx_word' id='word_1_765' title='bbox 1808 2248 1836 2271; x_wconf 86' lang='lat' dir='ltr'><strong>et</strong></span> 
     </span>
    </p>
   </div>
   <div class='ocr_carea' id='block_1_101' title="bbox 1011 2283 1836 2332">
    <p class='ocr_par' dir='ltr' id='par_1_101' title="bbox 1011 2283 1836 2332">
     <span class='ocr_line' id='line_1_101' title="bbox 1011 2283 1836 2332; baseline -0.012 -5"><span class='ocrx_word' id='word_1_766' title='bbox 1011 2283 1037 2314; x_wconf 74' lang='grc' dir='ltr'><strong>Ι)</strong></span> <span class='ocrx_word' id='word_1_767' title='bbox 1049 2307 1104 2326; x_wconf 89' lang='lat' dir='ltr'><strong>non</strong></span> <span class='ocrx_word' id='word_1_768' title='bbox 1120 2298 1266 2331; x_wconf 82' lang='lat' dir='ltr'><strong>cxaudies;</strong></span> <span class='ocrx_word' id='word_1_769' title='bbox 1283 2301 1310 2325; x_wconf 90' lang='lat' dir='ltr'><strong>et</strong></span> <span class='ocrx_word' id='word_1_770' title='bbox 1328 2304 1377 2332; x_wconf 88' lang='lat' dir='ltr'><strong>per</strong></span> <span class='ocrx_word' id='word_1_771' title='bbox 1392 2300 1510 2326; x_wconf 86' lang='lat' dir='ltr'><strong>noctem,</strong></span> <span class='ocrx_word' id='word_1_772' title='bbox 1530 2298 1556 2321; x_wconf 84' lang='lat' dir='ltr'><strong>et</strong></span> <span class='ocrx_word' id='word_1_773' title='bbox 1576 2300 1629 2321; x_wconf 91' lang='lat' dir='ltr'><strong>non</strong></span> <span class='ocrx_word' id='word_1_774' title='bbox 1653 2293 1686 2320; x_wconf 88' lang='lat' dir='ltr'><strong>ad</strong></span> <span class='ocrx_word' id='word_1_775' title='bbox 1704 2291 1836 2326; x_wconf 87' lang='lat' dir='ltr'><strong>insipien-</strong></span> 
     </span>
    </p>
   </div>
   <div class='ocr_carea' id='block_1_102' title="bbox 1049 2336 1839 2373">
    <p class='ocr_par' dir='ltr' id='par_1_102' title="bbox 1049 2336 1839 2373">
     <span class='ocr_line' id='line_1_102' title="bbox 1049 2336 1839 2373; baseline -0.014 1"><span class='ocrx_word' id='word_1_776' title='bbox 1049 2347 1115 2373; x_wconf 85' lang='lat' dir='ltr'><strong>tiam</strong></span> <span class='ocrx_word' id='word_1_777' title='bbox 1132 2346 1207 2373; x_wconf 72' lang='lat' dir='ltr'><strong>niihi.</strong></span> <span class='ocrx_word' id='word_1_778' title='bbox 1222 2344 1262 2371; x_wconf 87' lang='lat' dir='ltr'><strong>Tu</strong></span> <span class='ocrx_word' id='word_1_779' title='bbox 1278 2347 1368 2371; x_wconf 87' lang='lat' dir='ltr'><strong>autem</strong></span> <span class='ocrx_word' id='word_1_780' title='bbox 1385 2343 1413 2370; x_wconf 92' lang='lat' dir='ltr'><strong>in</strong></span> <span class='ocrx_word' id='word_1_781' title='bbox 1425 2341 1528 2370; x_wconf 84' lang='lat' dir='ltr'><strong>sanctis</strong></span> <span class='ocrx_word' id='word_1_782' title='bbox 1538 2340 1656 2372; x_wconf 83' lang='lat' dir='ltr'><strong>habitas,</strong></span> <span class='ocrx_word' id='word_1_783' title='bbox 1669 2340 1730 2366; x_wconf 88' lang='lat' dir='ltr'><strong>laus</strong></span> <span class='ocrx_word' id='word_1_784' title='bbox 1742 2336 1839 2365; x_wconf 65' lang='lat' dir='ltr'><strong>Israel,</strong></span> 
     </span>
    </p>
   </div>
   <div class='ocr_carea' id='block_1_103' title="bbox 1050 2383 1837 2427">
    <p class='ocr_par' dir='ltr' id='par_1_103' title="bbox 1050 2383 1837 2427">
     <span class='ocr_line' id='line_1_103' title="bbox 1050 2383 1837 2427; baseline -0.015 -7"><span class='ocrx_word' id='word_1_785' title='bbox 1050 2391 1079 2420; x_wconf 89' lang='lat' dir='ltr'><strong>ln</strong></span> <span class='ocrx_word' id='word_1_786' title='bbox 1094 2397 1120 2420; x_wconf 87' lang='lat' dir='ltr'><strong>te</strong></span> <span class='ocrx_word' id='word_1_787' title='bbox 1133 2395 1313 2427; x_wconf 85' lang='lat' dir='ltr'><strong>spcraverunt</strong></span> <span class='ocrx_word' id='word_1_788' title='bbox 1328 2394 1420 2425; x_wconf 84' lang='lat' dir='ltr'><strong>patres</strong></span> <span class='ocrx_word' id='word_1_789' title='bbox 1441 2388 1540 2420; x_wconf 87' lang='lat' dir='ltr'><strong>nostri,</strong></span> <span class='ocrx_word' id='word_1_790' title='bbox 1556 2388 1745 2421; x_wconf 75' lang='lat' dir='ltr'><strong>speraverant.</strong></span> <span class='ocrx_word' id='word_1_791' title='bbox 1761 2386 1789 2410; x_wconf 89' lang='lat' dir='ltr'><strong>et</strong></span> <span class='ocrx_word' id='word_1_792' title='bbox 1805 2383 1837 2409; x_wconf 88' lang='lat' dir='ltr'><strong>li-</strong></span> 
     </span>
    </p>
   </div>
   <div class='ocr_carea' id='block_1_104' title="bbox 1051 2429 1837 2466">
    <p class='ocr_par' dir='ltr' id='par_1_104' title="bbox 1051 2429 1837 2466">
     <span class='ocr_line' id='line_1_104' title="bbox 1051 2429 1837 2466; baseline -0.014 -1"><span class='ocrx_word' id='word_1_793' title='bbox 1051 2438 1152 2466; x_wconf 84' lang='lat' dir='ltr'><strong>berasti</strong></span> <span class='ocrx_word' id='word_1_794' title='bbox 1170 2445 1228 2464; x_wconf 85' lang='lat' dir='ltr'><strong>eos.</strong></span> <span class='ocrx_word' id='word_1_795' title='bbox 1242 2435 1282 2463; x_wconf 77' lang='lat' dir='ltr'><strong>Ad</strong></span> <span class='ocrx_word' id='word_1_796' title='bbox 1298 2439 1324 2463; x_wconf 90' lang='lat' dir='ltr'><strong>te</strong></span> <span class='ocrx_word' id='word_1_797' title='bbox 1338 2435 1535 2464; x_wconf 86' lang='lat' dir='ltr'><strong>clamaverunt,</strong></span> <span class='ocrx_word' id='word_1_798' title='bbox 1551 2436 1578 2459; x_wconf 89' lang='lat' dir='ltr'><strong>et</strong></span> <span class='ocrx_word' id='word_1_799' title='bbox 1598 2431 1666 2458; x_wconf 87' lang='lat' dir='ltr'><strong>salvi</strong></span> <span class='ocrx_word' id='word_1_800' title='bbox 1684 2429 1747 2456; x_wconf 81' lang='lat' dir='ltr'><strong>facti</strong></span> <span class='ocrx_word' id='word_1_801' title='bbox 1763 2431 1837 2456; x_wconf 89' lang='lat' dir='ltr'><strong>sunt.</strong></span> 
     </span>
    </p>
   </div>
   <div class='ocr_carea' id='block_1_105' title="bbox 1052 2475 1838 2518">
    <p class='ocr_par' dir='ltr' id='par_1_105' title="bbox 1052 2475 1838 2518">
     <span class='ocr_line' id='line_1_105' title="bbox 1052 2475 1838 2518; baseline -0.015 -7"><span class='ocrx_word' id='word_1_802' title='bbox 1052 2484 1081 2511; x_wconf 92' lang='lat' dir='ltr'><strong>ln</strong></span> <span class='ocrx_word' id='word_1_803' title='bbox 1097 2488 1123 2511; x_wconf 86' lang='lat' dir='ltr'><strong>te</strong></span> <span class='ocrx_word' id='word_1_804' title='bbox 1137 2485 1328 2518; x_wconf 82' lang='lat' dir='ltr'><strong>speraverunt,</strong></span> <span class='ocrx_word' id='word_1_805' title='bbox 1342 2484 1370 2509; x_wconf 87' lang='lat' dir='ltr'><strong>et</strong></span> <span class='ocrx_word' id='word_1_806' title='bbox 1386 2488 1440 2508; x_wconf 89' lang='lat' dir='ltr'><strong>non</strong></span> <span class='ocrx_word' id='word_1_807' title='bbox 1455 2482 1520 2506; x_wconf 88' lang='lat' dir='ltr'><strong>sunt</strong></span> <span class='ocrx_word' id='word_1_808' title='bbox 1534 2476 1652 2504; x_wconf 83' lang='lat' dir='ltr'><strong>confusi.</strong></span> <span class='ocrx_word' id='word_1_809' title='bbox 1669 2475 1725 2510; x_wconf 78' lang='lat' dir='ltr'><strong>Ego</strong></span> <span class='ocrx_word' id='word_1_810' title='bbox 1747 2478 1838 2501; x_wconf 86' lang='lat' dir='ltr'><strong>autem</strong></span> 
     </span>
    </p>
   </div>
   <div class='ocr_carea' id='block_1_106' title="bbox 1053 2521 1838 2560">
    <p class='ocr_par' dir='ltr' id='par_1_106' title="bbox 1053 2521 1838 2560">
     <span class='ocr_line' id='line_1_106' title="bbox 1053 2521 1838 2560; baseline -0.015 -2"><span class='ocrx_word' id='word_1_811' title='bbox 1053 2538 1113 2558; x_wconf 90' lang='lat' dir='ltr'><strong>sum</strong></span> <span class='ocrx_word' id='word_1_812' title='bbox 1126 2529 1228 2557; x_wconf 87' lang='lat' dir='ltr'><strong>vermis</strong></span> <span class='ocrx_word' id='word_1_813' title='bbox 1242 2533 1268 2557; x_wconf 91' lang='lat' dir='ltr'><strong>et</strong></span> <span class='ocrx_word' id='word_1_814' title='bbox 1284 2535 1338 2555; x_wconf 91' lang='lat' dir='ltr'><strong>non</strong></span> <span class='ocrx_word' id='word_1_815' title='bbox 1353 2527 1452 2559; x_wconf 88' lang='lat' dir='ltr'><strong>homo;</strong></span> <span class='ocrx_word' id='word_1_816' title='bbox 1463 2524 1640 2560; x_wconf 88' lang='lat' dir='ltr'><strong>opprobrium</strong></span> <span class='ocrx_word' id='word_1_817' title='bbox 1656 2521 1796 2549; x_wconf 88' lang='lat' dir='ltr'><strong>hominum</strong></span> <span class='ocrx_word' id='word_1_818' title='bbox 1812 2523 1838 2548; x_wconf 83' lang='lat' dir='ltr'><strong>et</strong></span> 
     </span>
    </p>
   </div>
   <div class='ocr_carea' id='block_1_107' title="bbox 1053 2568 1839 2611">
    <p class='ocr_par' dir='ltr' id='par_1_107' title="bbox 1053 2568 1839 2611">
     <span class='ocr_line' id='line_1_107' title="bbox 1053 2568 1839 2611; baseline -0.011 -8"><span class='ocrx_word' id='word_1_819' title='bbox 1053 2576 1171 2611; x_wconf 78' lang='lat' dir='ltr'><strong>abjectio</strong></span> <span class='ocrx_word' id='word_1_820' title='bbox 1193 2574 1291 2610; x_wconf 86' lang='lat' dir='ltr'><strong>plebis.</strong></span> <span class='ocrx_word' id='word_1_821' title='bbox 1314 2573 1416 2601; x_wconf 87' lang='lat' dir='ltr'><strong>Omnes</strong></span> <span class='ocrx_word' id='word_1_822' title='bbox 1436 2572 1560 2599; x_wconf 86' lang='lat' dir='ltr'><strong>videntes</strong></span> <span class='ocrx_word' id='word_1_823' title='bbox 1579 2577 1633 2600; x_wconf 87' lang='lat' dir='ltr'><strong>me,</strong></span> <span class='ocrx_word' id='word_1_824' title='bbox 1651 2568 1839 2596; x_wconf 83' lang='lat' dir='ltr'><strong>subsannave-</strong></span> 
     </span>
    </p>
   </div>
   <div class='ocr_carea' id='block_1_108' title="bbox 1051 2611 1839 2655">
    <p class='ocr_par' dir='ltr' id='par_1_108' title="bbox 1051 2611 1839 2655">
     <span class='ocr_line' id='line_1_108' title="bbox 1051 2611 1839 2655; baseline -0.014 -5"><span class='ocrx_word' id='word_1_825' title='bbox 1051 2627 1115 2651; x_wconf 88' lang='lat' dir='ltr'><strong>runt</strong></span> <span class='ocrx_word' id='word_1_826' title='bbox 1125 2630 1179 2655; x_wconf 80' lang='lat' dir='ltr'><strong>me,</strong></span> <span class='ocrx_word' id='word_1_827' title='bbox 1191 2621 1273 2649; x_wconf 84' lang='lat' dir='ltr'><strong>locuti</strong></span> <span class='ocrx_word' id='word_1_828' title='bbox 1288 2624 1352 2648; x_wconf 89' lang='lat' dir='ltr'><strong>sunt</strong></span> <span class='ocrx_word' id='word_1_829' title='bbox 1366 2619 1455 2651; x_wconf 82' lang='lat' dir='ltr'><strong>labiis,</strong></span> <span class='ocrx_word' id='word_1_830' title='bbox 1470 2622 1497 2646; x_wconf 92' lang='lat' dir='ltr'><strong>et</strong></span> <span class='ocrx_word' id='word_1_831' title='bbox 1506 2619 1650 2644; x_wconf 73' lang='lat' dir='ltr'><strong>moverunt</strong></span> <span class='ocrx_word' id='word_1_832' title='bbox 1664 2618 1755 2652; x_wconf 85' lang='lat' dir='ltr'><strong>caput.</strong></span> <span class='ocrx_word' id='word_1_833' title='bbox 1771 2611 1839 2648; x_wconf 79' lang='lat' dir='ltr'><strong>Spe-</strong></span> 
     </span>
    </p>
   </div>
   <div class='ocr_carea' id='block_1_109' title="bbox 1050 2660 1838 2701">
    <p class='ocr_par' dir='ltr' id='par_1_109' title="bbox 1050 2660 1838 2701">
     <span class='ocr_line' id='line_1_109' title="bbox 1050 2660 1838 2701; baseline -0.015 -4"><span class='ocrx_word' id='word_1_834' title='bbox 1050 2670 1121 2697; x_wconf 87' lang='lat' dir='ltr'><strong>ravit</strong></span> <span class='ocrx_word' id='word_1_835' title='bbox 1135 2669 1162 2698; x_wconf 91' lang='lat' dir='ltr'><strong>in</strong></span> <span class='ocrx_word' id='word_1_836' title='bbox 1174 2667 1290 2695; x_wconf 91' lang='lat' dir='ltr'><strong>Domino</strong></span> <span class='ocrx_word' id='word_1_837' title='bbox 1307 2675 1313 2693; x_wconf 91' lang='lat'>:</span> <span class='ocrx_word' id='word_1_838' title='bbox 1330 2666 1428 2701; x_wconf 88' lang='lat' dir='ltr'><strong>eripiat</strong></span> <span class='ocrx_word' id='word_1_839' title='bbox 1443 2672 1518 2696; x_wconf 91' lang='lat' dir='ltr'><strong>eum,</strong></span> <span class='ocrx_word' id='word_1_840' title='bbox 1534 2663 1638 2690; x_wconf 84' lang='lat' dir='ltr'><strong>salvum</strong></span> <span class='ocrx_word' id='word_1_841' title='bbox 1667 2660 1752 2690; x_wconf 32' lang='lat' dir='ltr'><strong>faciat,</strong></span> <span class='ocrx_word' id='word_1_842' title='bbox 1764 2666 1838 2689; x_wconf 78' lang='lat' dir='ltr'><strong>eum,</strong></span> 
     </span>
    </p>
   </div>
   <div class='ocr_carea' id='block_1_110' title="bbox 1052 2705 1838 2753">
    <p class='ocr_par' dir='ltr' id='par_1_110' title="bbox 1052 2705 1838 2753">
     <span class='ocr_line' id='line_1_110' title="bbox 1052 2705 1838 2753; baseline -0.018 -8"><span class='ocrx_word' id='word_1_843' title='bbox 1052 2717 1179 2753; x_wconf 74' lang='lat' dir='ltr'><strong>quoniam</strong></span> <span class='ocrx_word' id='word_1_844' title='bbox 1194 2715 1252 2743; x_wconf 91' lang='lat' dir='ltr'><strong>vult</strong></span> <span class='ocrx_word' id='word_1_845' title='bbox 1272 2722 1345 2745; x_wconf 73' lang='lat' dir='ltr'><strong>eum,</strong></span> <span class='ocrx_word' id='word_1_846' title='bbox 1366 2712 1494 2748; x_wconf 88' lang='lat' dir='ltr'><strong>quoniam</strong></span> <span class='ocrx_word' id='word_1_847' title='bbox 1515 2714 1542 2737; x_wconf 90' lang='lat' dir='ltr'><strong>tu</strong></span> <span class='ocrx_word' id='word_1_848' title='bbox 1566 2718 1608 2741; x_wconf 84' lang='lat' dir='ltr'><strong>es,</strong></span> <span class='ocrx_word' id='word_1_849' title='bbox 1624 2708 1670 2744; x_wconf 90' lang='lat' dir='ltr'><strong>qui</strong></span> <span class='ocrx_word' id='word_1_850' title='bbox 1696 2705 1838 2735; x_wconf 78' lang='lat' dir='ltr'><strong>extraxisti</strong></span> 
     </span>
    </p>
   </div>
   <div class='ocr_carea' id='block_1_111' title="bbox 1052 2753 1838 2796">
    <p class='ocr_par' dir='ltr' id='par_1_111' title="bbox 1052 2753 1838 2796">
     <span class='ocr_line' id='line_1_111' title="bbox 1052 2753 1838 2796; baseline -0.017 -4"><span class='ocrx_word' id='word_1_851' title='bbox 1052 2771 1097 2792; x_wconf 88' lang='lat' dir='ltr'><strong>me</strong></span> <span class='ocrx_word' id='word_1_852' title='bbox 1107 2763 1141 2792; x_wconf 90' lang='lat' dir='ltr'><strong>de</strong></span> <span class='ocrx_word' id='word_1_853' title='bbox 1162 2767 1275 2795; x_wconf 83' lang='lat' dir='ltr'><strong>ventre;</strong></span> <span class='ocrx_word' id='word_1_854' title='bbox 1291 2768 1353 2796; x_wconf 87' lang='lat' dir='ltr'><strong>spes</strong></span> <span class='ocrx_word' id='word_1_855' title='bbox 1367 2766 1427 2787; x_wconf 85' lang='lat' dir='ltr'><strong>mea</strong></span> <span class='ocrx_word' id='word_1_856' title='bbox 1447 2758 1481 2786; x_wconf 84' lang='lat' dir='ltr'><strong>ab</strong></span> <span class='ocrx_word' id='word_1_857' title='bbox 1501 2756 1632 2787; x_wconf 81' lang='lat' dir='ltr'><strong>uberibus</strong></span> <span class='ocrx_word' id='word_1_858' title='bbox 1648 2753 1744 2782; x_wconf 85' lang='lat' dir='ltr'><strong>matris</strong></span> <span class='ocrx_word' id='word_1_859' title='bbox 1762 2759 1838 2780; x_wconf 62' lang='lat' dir='ltr'><strong>mea.</strong></span> 
     </span>
    </p>
   </div>
   <div class='ocr_carea' id='block_1_112' title="bbox 1051 2799 1840 2845">
    <p class='ocr_par' dir='ltr' id='par_1_112' title="bbox 1051 2799 1840 2845">
     <span class='ocr_line' id='line_1_112' title="bbox 1051 2799 1840 2845; baseline -0.018 -7"><span class='ocrx_word' id='word_1_860' title='bbox 1051 2810 1081 2838; x_wconf 87' lang='lat' dir='ltr'><strong>lu</strong></span> <span class='ocrx_word' id='word_1_861' title='bbox 1093 2813 1121 2838; x_wconf 85' lang='lat' dir='ltr'><strong>te</strong></span> <span class='ocrx_word' id='word_1_862' title='bbox 1136 2809 1275 2845; x_wconf 70' lang='lat' dir='ltr'><strong>proiectus</strong></span> <span class='ocrx_word' id='word_1_863' title='bbox 1292 2815 1351 2835; x_wconf 91' lang='lat' dir='ltr'><strong>sum</strong></span> <span class='ocrx_word' id='word_1_864' title='bbox 1361 2808 1493 2836; x_wconf 75' lang='lat' dir='ltr'><strong>cxutero.</strong></span> <span class='ocrx_word' id='word_1_865' title='bbox 1507 2803 1543 2831; x_wconf 89' lang='lat' dir='ltr'><strong>De</strong></span> <span class='ocrx_word' id='word_1_866' title='bbox 1558 2806 1652 2830; x_wconf 81' lang='lat' dir='ltr'><strong>ventre</strong></span> <span class='ocrx_word' id='word_1_867' title='bbox 1664 2799 1760 2828; x_wconf 86' lang='lat' dir='ltr'><strong>matris</strong></span> <span class='ocrx_word' id='word_1_868' title='bbox 1775 2804 1840 2825; x_wconf 72' lang='lat' dir='ltr'><strong>mea</strong></span> 
     </span>
    </p>
   </div>
   <div class='ocr_carea' id='block_1_113' title="bbox 1050 2844 1840 2887">
    <p class='ocr_par' dir='ltr' id='par_1_113' title="bbox 1050 2844 1840 2887">
     <span class='ocr_line' id='line_1_113' title="bbox 1050 2844 1840 2887; baseline -0.018 -1"><span class='ocrx_word' id='word_1_869' title='bbox 1050 2857 1123 2886; x_wconf 83' lang='lat' dir='ltr'><strong>Deus</strong></span> <span class='ocrx_word' id='word_1_870' title='bbox 1135 2864 1213 2885; x_wconf 90' lang='lat' dir='ltr'><strong>meus</strong></span> <span class='ocrx_word' id='word_1_871' title='bbox 1226 2863 1255 2883; x_wconf 86' lang='lat' dir='ltr'><strong>es</strong></span> <span class='ocrx_word' id='word_1_872' title='bbox 1270 2859 1310 2887; x_wconf 90' lang='lat' dir='ltr'><strong>tu,</strong></span> <span class='ocrx_word' id='word_1_873' title='bbox 1324 2861 1358 2881; x_wconf 90' lang='lat' dir='ltr'><strong>ne</strong></span> <span class='ocrx_word' id='word_1_874' title='bbox 1369 2850 1532 2880; x_wconf 81' lang='lat' dir='ltr'><strong>discesseris</strong></span> <span class='ocrx_word' id='word_1_875' title='bbox 1546 2857 1560 2876; x_wconf 61' lang='grc' dir='ltr'><strong>ιι</strong></span> <span class='ocrx_word' id='word_1_876' title='bbox 1577 2856 1629 2880; x_wconf 86' lang='lat' dir='ltr'><strong>me,</strong></span> <span class='ocrx_word' id='word_1_877' title='bbox 1643 2846 1771 2883; x_wconf 59' lang='lat' dir='ltr'><strong>quoniam</strong></span> <span class='ocrx_word' id='word_1_878' title='bbox 1788 2844 1840 2873; x_wconf 68' lang='lat' dir='ltr'><strong>tri-</strong></span> 
     </span>
    </p>
   </div>
  </div>
