2099 3217
648 194 781 222 EUSEBII
800 194 1041 227 CESARIENSIS
1066 194 1141 223 ουρ.
1161 194 1252 233 μη
1273 194 1305 223 ll.
1322 209 1359 227 e
1378 194 1477 222 APOLt

800 194 1041 227 CESARIENSIS
1066 194 1141 223 ουρ.
1161 194 1252 233 μη
1273 194 1305 223 ll.
1322 209 1359 227 ε
1378 193 1625 224 APOLOGE'I‘ICA.

1874 196 1926 225 ιθ.

313 252 419 282 bulatio
432 253 555 288 proxima
568 256 621 287 est,
636 253 766 288 quoniam
788 259 843 280 non
856 257 898 286 est
913 253 960 288 qui
973 253 1092 292 adjuveti
1107 258 1131 288 Α

1107 258 1131 288 Α
1145 254 1190 289 Μὴ
1214 254 1335 288 ἀποστῇς
1361 253 1409 280 ἀπ’
1422 252 1502 288 ἐμοῦ,
1524 253 1564 279 δτι
1590 251 1677 286 θλίψις
1702 252 1793 287 ἐγγὺς,
1811 253 1851 280 ὃτι
1877 252 1925 280 οὔκ

312 299 558 328 Circumdederunt
576 306 619 326 me
632 299 710 325 vituli
725 299 821 332 multi;
835 299 905 325 tauri
921 299 1036 334 pingues
1048 298 1095 327 ob-

312 344 444 373 sederunt
457 351 510 371 me.
525 344 697 378 Aperuerunt
711 351 793 378 super
807 350 850 370 me
862 351 893 370 os
905 351 996 375 suum,
1009 347 1038 370 ut
1052 343 1093 370 leo

313 392 422 425 rapiens
439 394 466 416 et
479 390 600 424 rugiens.
617 388 694 416 Sicut
708 396 778 424 aqua
795 389 898 416 ell'usus
911 396 983 420 sum,
1003 393 1030 417 et
1052 389 1095 416 di-

312 444 408 471 spersa
423 441 488 464 sunt
504 436 594 463 omnia
608 443 670 464 ossa
687 443 756 466 mea.
772 435 884 462 Factum
895 439 991 463 οειοοι·
1005 443 1094 462 meum

311 485 443 517 tanquam
466 490 528 510 cera
552 482 717 516 liquescens,
733 483 761 509 in
787 481 877 508 medio
902 481 1006 510 ventris
1030 481 1093 508 mei.

310 528 392 557 Aruit
410 532 538 562 tanquam
553 532 622 556 testa
636 528 723 556 virtus
738 534 807 555 mea.
821 526 855 554 Et
870 526 960 561 lingua
973 533 1031 553 mea
1047 525 1096 552 ad-

312 575 390 602 mnsit
404 574 507 609 gutturi
519 582 589 605 meo,
605 578 633 601 et
648 574 675 601 in
694 574 833 608 pulverem
849 574 944 601 mortis
959 571 1094 599 deduxisti

311 628 354 648 me
377 627 383 645 :
406 619 488 656 490
513 620 642 654 quoniam
675 618 917 646 circumdederunt
942 625 984 644 me
1010 623 1094 644 canes

311 666 399 694 multi.
416 666 598 701 Congregatio
616 665 822 700 malignantium
840 663 946 691 obsedit
967 671 1021 692 me.
1041 662 1094 690 Fo-

309 713 409 740 derunt
421 720 518 740 manus
529 720 603 739 meas
614 716 641 739 et
652 712 734 746 pedes
746 718 821 738 meos
835 718 841 735 :
853 710 1094 737 dinumeraverunt

309 759 402 786 omnia
417 765 481 786 ossa
496 765 565 785 mea.
582 757 635 793 Ipsi
659 764 723 784 vero
738 756 990 787 consideraverunt,
1011 758 1038 782 et
1051 755 1093 782 in—

310 807 462 838 spcxerunt
478 811 520 831 me
535 811 541 828 :
558 802 712 830 diviserunt
728 801 889 829 vestimenta
905 808 964 827 mea
985 800 1048 832 sibi,
1066 804 1094 828 et

309 857 394 885 super
407 852 508 876 vestem
527 856 613 877 meam
638 849 773 875 miserunt
798 853 909 874 sortem.
927 846 968 874 Tu
990 851 1092 880 autem,

309 893 435 926 Domine,
454 901 488 921 ne
506 893 601 929 procul
622 899 750 928 amoveas
768 891 902 920 auxilium
926 898 1026 918 meum.
1051 890 1093 918 Ad

309 939 512 974 susceptionem
539 946 627 966 meam
645 938 760 972 respice.
778 937 858 971 Eripe
881 945 897 964 ιι
914 936 1016 965 framea
1033 937 1093 964 ani-

309 992 381 1012 mam
397 992 495 1018 meam,
511 988 538 1011 et
548 992 580 1012 ex
595 992 675 1011 manu
687 983 764 1011 canis
779 982 886 1010 unicam
898 991 995 1010 meam.
1013 982 1093 1010 Salva

308 1038 352 1058 me
367 1038 397 1058 ex
414 1038 462 1058 ore
477 1030 574 1061 leonis,
591 1033 618 1056 et
634 1037 649 1056 a
667 1030 797 1057 cornibus
815 1028 988 1057 unicornium
1003 1028 1093 1054 humi-

308 1076 413 1104 litatem
441 1084 539 1104 meam.
567 1075 690 1103 Narrabo
723 1082 823 1103 nomen
854 1079 931 1102 tuum
960 1074 1092 1101 fratribus

307 1122 386 1149 meis.
403 1121 432 1148 In
458 1121 547 1149 medio
572 1121 701 1149 Ecclesia:
727 1121 844 1148 laudabo
866 1126 902 1148 te.
924 1120 976 1153 Qui
991 1120 1092 1148 timetis

307 1167 463 1201 Dominum,
479 1167 588 1194 laudate
602 1175 675 1194 eum.
693 1166 779 1194 Omne
795 1174 887 1194 semen
906 1165 992 1193 Jacob
1007 1165 1092 1200 glori-

307 1212 385 1249 ﬁcate
398 1221 473 1250 eum.
489 1213 613 1240 Timeant
628 1221 690 1240 eum
708 1220 789 1239 omne
803 1220 895 1240 semen
909 1212 992 1239 Israel
1005 1220 1012 1244 ;
1029 1219 1092 1246 quo-

308 1259 382 1287 niam
400 1266 455 1286 non
472 1259 584 1294 sprevit.
598 1267 686 1294 neque
701 1259 815 1286 moleste
834 1259 896 1286 tulit
920 1257 1091 1293 deprecatio-

308 1313 370 1332 nem
387 1304 525 1340 pauperis,
541 1312 629 1339 neque
640 1304 738 1331 avertit
763 1303 859 1330 faciem
876 1311 953 1331 suam
967 1312 982 1329 a
998 1310 1050 1334 me,
1065 1306 1092 1329 et

308 1358 371 1382 eum
400 1350 545 1378 clamarem
570 1350 603 1378 ad
619 1358 691 1382 eum,
712 1349 851 1379 exaudivit
875 1357 927 1376 me.
943 1349 965 1375 Α
983 1352 1008 1376 te
1033 1349 1091 1376 laus

308 1404 368 1433 mea
383 1397 409 1425 in
428 1396 549 1423 Ecclesia
570 1404 677 1432 magna.
694 1395 762 1422 Vota
773 1402 832 1422 mea
851 1394 964 1422 reddam
985 1394 1011 1421 in
1026 1402 1092 1421 con-

308 1446 404 1478 spectu
419 1442 572 1469 timentium
588 1449 661 1469 eum.
683 1441 833 1468 Comedent
847 1448 990 1476 pauperes,
1007 1444 1033 1467 et
1048 1448 1092 1467 sa-

308 1488 485 1519 turabuntur,
499 1492 526 1515 et
542 1486 693 1514 laudabunt
711 1486 866 1518 Dominum,
883 1485 929 1520 qui
949 1486 1091 1517 requirunt

308 1543 370 1563 eum
385 1543 392 1560 :
407 1534 499 1562 vivent
513 1533 595 1561 corda
607 1540 700 1560 eorum
726 1532 753 1559 in
774 1531 903 1559 saeculum
921 1532 1023 1559 szeculi.
1038 1531 1089 1559 Rev

309 1582 490 1617 miniscentur
512 1584 539 1608 et
556 1583 751 1607 convertentur
773 1578 806 1605 ad
827 1577 970 1605 Dominum
996 1586 1090 1606 omnes

309 1627 378 1654 ﬁnes
394 1631 482 1658 terra},
503 1630 531 1654 et
556 1625 709 1652 adorabunt
727 1625 754 1652 in
781 1629 930 1659 conspectu
944 1624 1004 1659 ejus
1029 1624 1091 1650 uni-

308 1680 395 1700 versa:
412 1672 521 1699 familia:
542 1673 681 1707 gentium;
699 1670 828 1705 quoniam
855 1668 963 1696 Domini
985 1673 1027 1696 est
1048 1677 1090 1696 rc-

308 1726 402 1754 gnum,
424 1722 450 1745 et
464 1718 522 1753 ipse
544 1717 700 1744 dominatur
715 1716 861 1753 gentibus;
877 1714 1055 1742 comederunt
1066 1718 1093 1742 et

309 1764 493 1792 adoraverunt
515 1771 611 1790 omnes
638 1763 753 1797 pingues
775 1765 865 1794 terrae,
890 1760 918 1787 in
944 1764 1092 1795 conspectu

309 1810 370 1844 ejus
402 1809 579 1847 prolabentur
606 1816 713 1841 omnes,
734 1808 780 1842 qui
800 1806 970 1835 descendunt
994 1806 1022 1833 iu
1039 1811 1094 1833 ter-

310 1864 379 1888 ram,
395 1859 422 1883 et
435 1856 525 1883 anima
550 1863 608 1882 mea
625 1855 663 1881 illi
680 1855 757 1886 vivit,
777 1858 805 1881 et
825 1861 918 1881 semen
935 1860 1023 1880 meum
1036 1859 1094 1879 ser-

309 1902 364 1929 viet
383 1902 418 1933 ei,
437 1901 645 1929 annuntiabitur
668 1900 783 1936 Domino
803 1899 942 1935 generatio
968 1902 1092 1930 ventura,

309 1952 337 1974 et
351 1948 552 1975 annuntiabunt
567 1947 701 1982 justitiam
712 1947 775 1982 cjus
787 1947 886 1982 populo
895 1946 941 1981 qui
954 1948 1092 1977 nascetur,

309 2000 390 2027 quem
407 1992 471 2019 fecit
486 1992 673 2020 Dominus“.n
691 1992 759 2020 Illud
775 1992 884 2027 quidem
903 1991 1004 2023 «Deus,
1022 1989 1093 2017 Deus

311 2045 397 2071 meus,
413 2038 518 2074 respice
533 2039 559 2065 in
575 2046 628 2072 me,
647 2046 733 2073 quare
745 2037 912 2073 dereliquisti
929 2037 989 2064 me?
999 2046 1008 2062 ι
1021 2036 1093 2072 quod

310 2084 389 2112 initio
405 2085 501 2119 psalmi
512 2083 614 2111 dictum
630 2090 682 2117 est,
701 2092 715 2110 a
733 2084 872 2112 Salvatore
888 2087 993 2115 nostro,
1012 2086 1041 2109 ut
1052 2086 1094 2119 est

309 2130 381 2165 apud
392 2129 560 2162 Matthreum,
577 2130 637 2165 ipso
649 2130 785 2166 passionis
797 2134 917 2164 tempore
925 2128 1027 2155 dictum
1039 2131 1091 2159 est,

310 2176 338 2202 in
364 2175 438 2202 hunc
457 2175 586 2203 modum:
607 2185 616 2201 ι
633 2165 657 2202 Ᾰ
677 2179 754 2202 sexta
778 2165 868 2202 autem
890 2175 956 2201 liora
976 2173 1094 2200 tenebrw

311 2222 392 2253 lactte
405 2224 470 2248 sunt
486 2229 568 2256 super
593 2222 748 2248 universam
771 2225 871 2248 terram
893 2226 979 2254 usque
995 2219 1028 2246 ad
1045 2219 1094 2245 ho-

309 2274 368 2294 ram
383 2275 496 2299 nonam.
513 2271 540 2294 et
555 2267 623 2294 hora
637 2274 709 2296 nona
722 2266 848 2294 clamavit
863 2265 943 2293 Jesus
963 2272 1028 2294 voce
1041 2272 1095 2297 ma-

308 2321 361 2348 gna
375 2322 382 2340 :
395 2312 493 2350 Eloim,
520 2311 618 2343 Eloim,
643 2314 741 2349 lamma
762 2311 954 2343 sabachtllani,
974 2309 1046 2344 quod
1060 2318 1093 2337 ex

1146 299 1220 326 εστιν
1241 301 1256 326 ό
1282 299 1397 334 βοηθῶν.
1416 298 1641 334 Περιεκύκλωσάν
1657 307 1691 333 με
1706 298 1801 333 μόσχοι
1821 298 1923 330 πολλοὶ,

1145 345 1239 381 ταῦροι
1253 345 1342 376 πίονες
1356 344 1499 380 περιέσχον
1515 343 1688 379 με.Ἥνοιξαν
1703 345 1746 370 ἐπ’
1759 344 1810 380 ἐμὲ
1823 344 1855 370 τὸ
1867 344 1924 379 στό-

1146 400 1184 426 μα
1203 390 1302 423 αὐτῶν,
1316 391 1354 422 ὡς
1376 390 1443 416 λέων
1467 389 1596 425 ἁρπάζων
1618 390 1665 417 καὶ
1684 390 1924 425 ὼρυόμενος.”Ωσεὶ

1145 437 1216 472 ὕδωρ
1229 436 1368 472 ἐξεχύθην,
1380 437 1426 463 καὶ
1436 435 1628 471 διεσκορπίσθη
1642 436 1728 463 πάντα
1741 436 1775 463 τὰ
1787 437 1854 464 ὀστᾶ
1865 445 1923 472 μου.

1151 482 1280 518 Ἐγενήθη
1296 484 1312 518 ἡ
1326 483 1424 518 καρδία
1439 491 1488 517 μου
1503 481 1568 509 ὡσεὶ
1577 481 1661 516 κηρὸς
1674 481 1824 516 τηκόμενος
1835 483 1863 509 ὲν
1878 482 1923 517 μέ-

1145 536 1183 562 σῳ
1196 528 1246 562 τῆς
1262 527 1364 559 κοιλίας
1379 536 1440 563 μου.
1450 526 1598 563 Ἐξηρεὶνθη
1613 526 1650 558 ὡς
1665 525 1797 562 ὄστρακον
1819 527 1836 562 ἡ
1851 526 1924 561 ἰσχύς

1146 582 1208 608 μου,
1222 574 1268 600 καὶ
1282 574 1298 609 ὴ
1313 573 1423 607 γλῶσσά
1436 582 1486 608 μου
1502 572 1662 606 κεκόλληται
1674 572 1713 607 τῷ
1730 572 1846 607 λάρυγγί
1865 580 1924 608 μου,

1145 620 1191 646 καὶ
1209 620 1249 651 εἰς
1263 619 1327 654 χοῦν
1346 618 1461 646 θανάτου
1475 617 1628 653 κατήγαγές
1645 626 1677 652 με
1690 626 1696 632 ·
1717 619 1757 645 ὅτι
1770 614 1925 646 ἐκύκλωσὰν

1146 674 1178 701 με
1205 665 1284 697 κύνες
1309 665 1412 698 πολλοὶ,
1426 664 1569 699 συναγωγὴ
1594 664 1817 700 πονηρευομένων
1848 673 1924 699 περι-

1144 712 1221 747 έσχον
1238 711 1402 747 με.”Ωρυξι-ιν
1417 711 1509 746 χεῖράς
1527 719 1576 746 μου
1592 711 1637 737 καὶ
1651 710 1734 742 πόδας
1761 718 1822 745 μου,
1836 709 1924 745 ἐξηρι-

1144 757 1252 793 θμησαν
1263 758 1351 784 πάντα
1365 757 1399 784 τὰ
1413 758 1478 784 ὀστᾶ
1496 765 1556 792 μου.
1566 757 1644 783 Αὐτοὶ
1659 756 1687 782 δὲ
1702 755 1868 791 κατενόησαν
1880 756 1925 782 καὶ

1144 804 1248 830 ἐπείδόν
1264 812 1298 838 με
1308 812 1314 818 ·
1331 803 1518 838 διεμερίσαντο
1533 802 1566 828 τὰ
1580 802 1675 837 ἱμάτιά
1688 811 1737 837 μου
1749 803 1865 833 ἑαυτοῖς.
1881 802 1926 828 καὶ

1144 850 1191 876 ἐπὶ
1203 849 1248 875 τὸν
1261 848 1403 883 ἱματισμόν
1419 857 1470 884 μου
1485 848 1577 876 ἔϐαλον
1590 849 1699 884 κλῆρον.
1714 849 1750 874 Σὺ
1768 848 1808 880 δὲ,
1831 847 1925 883 Κύριε,

1146 895 1182 931 μὴ
1201 895 1340 931 μακρύνῃς
1362 894 1411 930 τὴν
1435 894 1558 929 βοήθειάν
1576 904 1638 930 μου,
1655 895 1694 926 εἰς
1716 894 1766 930 τὴν
1787 894 1926 929 ἁντίληψίν

1146 950 1195 977 μου
1218 942 1343 977 πρόσχες.
1353 941 1447 968 Ῥῦσαι
1471 942 1524 968 ἀπὸ
1537 941 1683 977 ἰρομιραὶας
1702 941 1752 977 τὴν
1764 941 1852 976 ψυχήν
1866 949 1926 975 μου.

1145 989 1192 1015 καὶ
1213 988 1244 1014 ἐκ
1267 987 1356 1023 χειρὸς
1372 988 1450 1019 κυνὸς
1464 988 1514 1023 τὴν
1529 988 1658 1023 μονογενῆ
1674 996 1734 1022 μου.
1747 987 1836 1013 Σῶσόν
1851 994 1885 1022 με
1896 987 1928 1012 ὲκ

1146 1034 1277 1069 στόματος
1288 1034 1401 1065 λέοντος,
1416 1034 1462 1060 καὶ
1479 1034 1532 1060 ἀπὸ
1542 1033 1661 1068 κεράτων
1678 1033 1870 1069 μονοκερώτων
1880 1032 1928 1068 τὴν

1145 1080 1306 1106 ταπείνωσιν
1324 1088 1383 1114 μου.
1401 1080 1569 1114 Διηγήσομαι
1583 1079 1614 1106 τὸ
1628 1079 1713 1114 ὖνομά
1728 1088 1774 1106 σου
1789 1080 1846 1110 τοῖς
1858 1079 1929 1106 ἀδελρ

1147 1127 1206 1160 eoi;
1223 1134 1284 1161 μου,
1297 1127 1327 1152 ὲν
1340 1125 1414 1160 μέσῳ
1433 1125 1593 1161 Ἐκκλησίας
1612 1126 1723 1160 ὑμνήσω
1734 1133 1775 1152 σε,
1789 1125 1822 1152 οι
1836 1124 1929 1160 φοϐούο

1148 1179 1222 1206 μενοι
1235 1171 1279 1197 τὸν
1294 1170 1405 1206 Κύριον,
1422 1170 1546 1196 αἰνέσατε
1559 1170 1638 1196 αὐτόν
1649 1179 1655 1185 ·
1679 1170 1750 1197 ἅπαν
1770 1169 1801 1196 τὺ
1820 1169 1928 1205 σπέρμα

1153 1216 1257 1247 Ἰακὼϐ,
1277 1216 1405 1250 δοξάσατε
1427 1216 1516 1242 αὐτόν.
1537 1215 1733 1251 Φοϐηθήτωσαν
1752 1215 1834 1242 αὑτὸν
1857 1215 1928 1242 ἅπαν

1145 1264 1175 1290 τὸ
1191 1263 1300 1298 σπέρμα
1320 1262 1440 1298 Ἰσραήλ·
1456 1262 1496 1288 ὃτι
1509 1262 1558 1288 οὐκ
1571 1261 1745 1295 ὲξουδένωσεν
1763 1260 1823 1287 οὐδὲ
1846 1269 1928 1298 προσ-

1145 1307 1244 1343 ώχθισε
1263 1309 1295 1343 τῇ
1311 1307 1400 1342 δεήσει
1425 1306 1470 1333 τοῦ
1496 1307 1621 1342 πτωχοῦ,
1644 1307 1705 1333 οὐδὲ
1726 1306 1881 1342 ἀπέστρεψε
1897 1306 1928 1333 τὸ

1146 1354 1288 1389 πρόσωπον
1303 1352 1384 1380 αὑτοῦ
1405 1352 1451 1379 ἀπ’
1467 1352 1543 1388 ἐμοῦ,
1560 1353 1606 1379 καὶ
1620 1353 1649 1378 ὲν
1662 1352 1700 1387 τῷ
1715 1351 1879 1387 κεκραγέναι
1895 1359 1928 1386 μι

1146 1400 1213 1435 πρὸς
1227 1399 1316 1431 αὐτὸν,
1332 1398 1472 1434 εἰσ-ἢκουσέ
1491 1407 1552 1433 μου.
1568 1398 1646 1434 Παρὰ
1658 1398 1703 1424 σοῦ
1718 1398 1733 1423 ὁ
1746 1397 1856 1429 ἔπαινός
1878 1405 1927 1432 μου

1145 1447 1172 1472 ἐν
1198 1445 1344 1481 Ἐκκλησία
1362 1445 1466 1481 μεγάλῃ
1477 1453 1483 1459 '
1499 1444 1548 1476 τὰς
1565 1444 1645 1479 εὐχάς
1670 1452 1719 1479 μου
1741 1442 1872 1469 ἀποδώσω
1886 1443 1928 1468 ὲν-

1144 1492 1228 1518 ώπιον
1243 1491 1296 1518 τῶν
1309 1491 1389 1526 φοϐου
1394 1492 1481 1526 μένων
1498 1490 1587 1517 αὐτόν.
1601 1491 1732 1524 Φάγονται
1748 1488 1872 1523 πένητες,
1882 1488 1928 1514 καὶ

1144 1537 1390 1573 ὲμπλησθήσονται,
1407 1538 1452 1564 καὶ
1474 1537 1608 1564 αζνέσουσι
1631 1535 1731 1572 Κύριον
1746 1536 1769 1562 οἱ
1783 1534 1927 1568 ἐκζητοῦν-

1144 1594 1188 1617 τες
1203 1585 1297 1611 αὐτόν’
1312 1583 1438 1619 ζήσονται
1454 1585 1481 1611 αἱ
1498 1583 1607 1617 καρδίαι
1622 1582 1710 1609 αὐτῶν
1730 1581 1769 1613 εἰς
1784 1580 1870 1608 αἰῶνα
1881 1579 1928 1618 τοῦ

1144 1631 1249 1662 αεῶνος.
1283 1630 1489 1664 Μνησθήσονται
1517 1630 1562 1655 καὶ
1592 1628 1837 1663 ὲπιστραφήσονται
1860 1624 1928 1662 πρὸς

1144 1676 1244 1712 Κύριον
1258 1676 1346 1702 πάντα
1359 1675 1393 1701 τὰ
1408 1675 1514 1710 πέρατα
1528 1674 1577 1709 τῆς
1589 1673 1651 1709 γῆς,
1667 1673 1714 1699 καὶ
1728 1673 1928 1708 προσκυνήσου-

1145 1731 1185 1749 σιν
1202 1721 1314 1749 ἐνώπιον
1331 1721 1411 1747 αὑτοῦ
1429 1721 1512 1747 πᾶσαι
1533 1721 1560 1746 αἱ
1578 1719 1691 1754 πατριαὶ
1703 1718 1756 1748 τῶν
1772 1717 1873 1744 ἐθνῶν·
1887 1717 1928 1744 ὅτι

1143 1768 1189 1795 τοῦ
1215 1767 1316 1802 Κυρίου
1345 1768 1361 1802 ἡ
1386 1766 1517 1801 βασιλεία,
1548 1765 1594 1792 καὶ
1622 1764 1702 1795 αὐτὸς
1727 1763 1849 1796 δεσπόςει
1874 1761 1928 1790 τῶν

1144 1813 1362 1847 ἐονῶν.¹Ἐφαγον
1383 1813 1429 1838 καὶ
1446 1811 1652 1847 προσεκύνησαν
1674 1811 1774 1843 πάντες
1797 1811 1821 1836 οἱ
1838 1809 1928 1840 πίονες

1143 1859 1191 1893 τῆς
1203 1859 1263 1893 γῆς,
1279 1857 1392 1885 ἐνώπιον
1405 1857 1487 1883 αὐτοῦ
1505 1855 1723 1891 προσπεσοῦνται
1735 1855 1834 1892 πάντες
1846 1854 1869 1880 οἱ
1881 1861 1929 1879 κα-

1144 1903 1316 1934 ταϐαίνοντες
1331 1903 1370 1934 εἰς
1389 1902 1437 1937 τὴν
1453 1902 1513 1936 γῆν.
1530 1902 1584 1927 Καὶ
1597 1902 1613 1936 ἡ
1626 1901 1697 1935 ψυχή
1723 1908 1774 1934 μου
1798 1897 1872 1934 αὐτῷ
1883 1898 1926 1934 ζῇ,

1144 1950 1190 1976 καὶ¹
1207 1950 1237 1975 τὺ
1258 1949 1366 1984 σπέρμα
1385 1957 1435 1984 μου
1458 1947 1594 1974 δουλεύσει
1611 1946 1694 1981 αὐτῷ.
1705 1944 1930 1983 Ἀναγγελήσεται

1143 1996 1181 2031 τῷ
1200 1996 1293 2031 Κυρίῳ
1317 1995 1396 2030 γενεὰ
1412 1995 1428 2029 ὴ
1447 1994 1592 2029 ἐρχομένη,
1614 1993 1660 2018 καὶ
1680 1990 1858 2025 ἁναγγελοῦσι
1879 1990 1929 2024 τὴν

1143 2041 1316 2076 δικαιοσύνην
1327 2039 1408 2066 αὑτοῦ
1425 2039 1482 2074 λαῷ
1497 2039 1536 2074 τῷ
1547 2037 1745 2073 τεχθησομένῳ,
1759 2035 1789 2062 ὃν
1803 2034 1930 2071 ἐποίησεν

1143 2089 1157 2114 ό
1174 2087 1284 2122 Κύριος.
1300 2096 1309 2111 ι
1327 2086 1372 2116 Τὸ,
1390 2094 1398 2110 t
1410 2086 1438 2111 '0
1461 2084 1526 2116 Θεός
1544 2092 1604 2119 μου,
1620 2083 1737 2119 πρόσχες
1764 2089 1829 2116 μοι·
1845 2081 1890 2107 ἵνα
1903 2079 1931 2109 τί

1144 2131 1319 2166 ἐγκατέλιπές
1341 2139 1388 2165 με;
1404 2141 1412 2156 ι
1427 2131 1455 2157 ὲν
1469 2131 1566 2166 ἀρχαῖς
1582 2129 1628 2155 τοῦ
1644 2127 1749 2163 ψαλμοῦ
1773 2126 1930 2164 λεγόμενονῑ

1145 2178 1214 2204 κατὰ
1230 2178 1274 2204 τὸν
1289 2177 1425 2204 Ματθαῐον
1440 2176 1491 2201 ὐπδ
1508 2174 1553 2201 τοῦ
1568 2173 1692 2209 Σωτῆρος
1705 2172 1784 2208 ἡμῶν
1798 2171 1873 2207 παρὰ
1883 2170 1931 2198 τὸν

1144 2224 1190 2250 τοῦ
1208 2223 1316 2256 ,πάθους
1343 2222 1436 2257 καιρὸν
1460 2221 1544 2252 οὕτως
1567 2219 1687 2255 εἴρηται·
1711 2228 1719 2244 ι
1733 2217 1882 2253 Γενομένης

1145 2269 1218 2305 ὧρας
1240 2269 1333 2303 ἕκτης,
1349 2268 1441 2298 σκότος
1465 2266 1573 2301 ἐγένετο
1592 2265 1634 2300 ἐφ’
1649 2264 1714 2299 ὃλην
1736 2262 1785 2298 τὴν
1794 2261 1858 2297 γῆν,
1877 2261 1931 2296 ἕως

1145 2315 1219 2351 ὥρας
1234 2315 1346 2348 ὲννάτης
1357 2322 1363 2328 ·
1379 2314 1424 2339 καὶ
1445 2313 1478 2348 τῇ
1502 2311 1597 2347 ὲννάτῃ
1621 2308 1680 2347 ὥρᾳ
1698 2308 1809 2343 ἐϐόησεν
1829 2305 1934 2342 Ἰησοῦς

309 2358 535 2393 interpretatione
546 2362 588 2386 est
599 2368 605 2385 :
617 2357 700 2391 Deus,
717 2357 787 2385 Deus
808 2365 896 2389 meus,
911 2364 995 2392 quare
1016 2355 1094 2383 dere-
1111 2360 1132 2386 ι)

1111 2360 1132 2386 D
1146 2362 1220 2396 φωνῇ
1239 2359 1359 2396 μεγάλῃ⁸
1381 2358 1640 2394 Ἐλωεὶμ,Ἐλωεὶμ,
1652 2355 1750 2391 λαμμᾶ
1765 2353 1929 2389 σαὸαχθανὶ,

309 2404 413 2439 liquisti
430 2404 518 2431 me"?
534 2414 544 2430 ι
564 2408 676 2439 accepta
691 2411 755 2435 vero
776 2407 840 2431 sunt
860 2402 992 2430 Hebraica
1011 2402 1094 2429 verba

308 2458 341 2478 ex
358 2458 401 2482 ea,
421 2458 481 2486 qua:
496 2458 568 2477 nunc
583 2454 625 2477 est
644 2450 671 2476 in
688 2449 813 2476 manibus
836 2448 986 2484 prophetia.
1004 2447 1094 2482 Siqui-

309 2496 371 2523 dem
392 2496 434 2523 vel
458 2496 554 2524 iisdem
580 2496 692 2532 syllabis
715 2496 782 2522 illud
808 2495 899 2530 ipsum
918 2503 923 2520 :
949 2503 958 2519 ι
977 2493 1018 2520 Eli
1041 2494 1093 2524 Eli.

308 2541 407 2568 lamma
419 2541 608 2574 sabacbthani,
622 2551 631 2567 ι
646 2541 724 2578 initio
734 2541 830 2576 psalmi
842 2540 1007 2571 continetur;
1021 2538 1093 2574 quod

309 2586 407 2621 Aquila
425 2587 453 2615 in
472 2587 545 2614 hunc
565 2587 675 2614 modum
701 2587 896 2621 interpretatus
920 2590 962 2613 est
977 2594 983 2612 :
1001 2595 1010 2610 ‹
1026 2585 1094 2612 For-

308 2633 346 2659 tis
372 2640 460 2665 meus,
485 2633 564 2661 fortis
595 2641 691 2665 meus.
717 2641 802 2668 quare
825 2631 997 2667 dereliquisti
1024 2630 1094 2658 me?

308 2677 389 2714 491
409 2679 495 2706 Porro
507 2679 579 2715 quod
597 2679 653 2706 hzec
668 2679 790 2706 eamdem
814 2686 875 2706 cum
894 2678 938 2708 iis.
956 2684 1015 2712 qure
1029 2684 1093 2711 pas-

311 2724 395 2751 sionis
421 2728 542 2759 tempore
568 2732 583 2750 a
615 2723 755 2753 Salvatore
782 2727 876 2750 nostro
908 2723 980 2749 dicta
1010 2725 1091 2753 sunt,

311 2767 428 2796 habeant
443 2770 508 2801 vim,
527 2777 606 2797 nemo
627 2771 720 2804 utique
743 2770 891 2804 negaverit.
907 2767 1027 2803 Tempus
1043 2767 1094 2802 igi-

311 2818 357 2841 tur
369 2814 425 2848 jam
442 2825 514 2844 nunc
529 2817 609 2844 fuerit
631 2818 766 2852 psalmum
793 2817 882 2851 ipsum
904 2817 1008 2852 absque
1024 2823 1092 2843 con-

312 2861 443 2887 troversia
456 2861 488 2887 ad
505 2862 587 2888 alium
604 2863 706 2889 nullum
723 2861 835 2894 referre,
847 2869 927 2897 quam
945 2861 978 2888 ad
994 2860 1069 2888 illum
1085 2871 1091 2889 :

347 2906 370 2922 ’θ
389 2905 459 2933 Psal.
479 2915 540 2940 xxv,
555 2908 630 2934 ‘2—5‘2.
671 2908 691 2922 "
714 2908 808 2936 Matth.
826 2916 899 2934 xxvn
912 2927 918 2938 ,
956 2907 1047 2938 55,“).

1144 2409 1158 2434 ὃ
1172 2408 1229 2433 ἐστι
1249 2405 1517 2441 μεθερμηνευόμενον
1527 2412 1534 2418 ο
1553 2403 1582 2429 '0
1594 2402 1668 2437 Θεὸς,
1680 2402 1694 2428 ό
1706 2400 1771 2431 Θεός
1782 2398 1897 2435 μου,ἴνα
1904 2398 1931 2424 τι

1145 2451 1321 2486 ἐγκατέλιπές
1335 2459 1385 2486 με;
1405 2460 1414 2476 ›
1432 2450 1557 2485 εἰληπται
1577 2448 1605 2475 δὲ
1619 2449 1636 2483 ἡ
1649 2445 1780 2482 Ἑϐραῖκὴ
1794 2444 1866 2476 λέξις
1878 2442 1932 2470 ἀπὸ

1145 2498 1193 2533 τῆς
1208 2498 1236 2523 ὲν
1251 2496 1328 2532 χερσὶ
1342 2495 1517 2531 προφητείας.
1533 2494 1631 2525 Λύταῖς
1644 2486 1708 2527 γοῦν
1725 2489 1870 2522 συλλαβαῖς
1889 2488 1930 2520 τὸ,

1148 2552 1157 2568 ‹
1170 2542 1253 2573 Ἠλεὶ,
1262 2541 1345 2573 Ἠλεὶ,
1357 2541 1453 2576 λαμμᾶ
1466 2538 1623 2574 σαϐαχθανὶ,
1636 2547 1644 2563 ι
1661 2539 1677 2573 ἡ
1688 2536 1735 2563 τοῦ
1746 2533 1854 2571 ψαλμοῦ
1870 2541 1931 2560 κατι

1146 2590 1217 2625 αρχὴ
1234 2588 1365 2624 περιέχει,
1374 2588 1441 2621 ὅπερ
1451 2587 1464 2612 ὀ
1478 2585 1593 2616 Ἀκύλας
1602 2584 1695 2610 τοῦτον
1719 2582 1876 2618 ἡρμήνευσε
1886 2577 1931 2625 τόν

1146 2623 1258 2670 τρόττον-
1272 2623 1282 2659 ὲ
1295 2633 1399 2669 ἰσχυρέ
1412 2641 1472 2668 μου,
1487 2631 1578 2666 ἰσχυρέ
1593 2639 1653 2666 μου,
1666 2630 1709 2656 ἵνα
1718 2628 1744 2654 τι
1755 2623 1931 2670 ἐγκατέλιπές

1148 2668 1198 2716 ita;
1217 2691 1225 2705 ι
1243 2680 1335 2706 Ταῦτα
1344 2668 1374 2706 δὲν
1384 2679 1424 2705 ὅτι
1438 2679 1494 2709 τοῖς
1509 2677 1560 2704 ὑπὸ
1573 2675 1620 2702 τοῦ
1636 2674 1761 2710 Σωτῆρος
1774 2671 1852 2708 ἡμῶν
1861 2668 1931 2698 κατά

1145 2727 1191 2752 τὸν
1197 2726 1242 2752 τοῦ
1247 2725 1350 2760 πάθους
1358 2724 1452 2758 καιρὸν
1460 2733 1472 2750 ε
1477 2725 1519 2759 ὶρη
1525 2722 1612 2758 μένοις
1622 2718 1842 2754 ἰσοδυναμεῖ,πᾶς
1848 2718 1931 2760 ὀπιμ-

1147 2772 1193 2798 οῦν
1215 2772 1378 2807 ὁμολογήσαι
1397 2770 1512 2804 ᾶν.Ὤρα
1526 2766 1669 2802 τοιγαροῦν
1681 2763 1873 2800 ἀναμφιλόγως
1888 2759 1932 2787 τιν

1147 2818 1251 2852 ψαλμὸν
1265 2817 1317 2844 οὐδ’
1334 2817 1375 2851 ὲιρ¹
1388 2816 1480 2852 ἕτερον
1493 2815 1509 2850 ἢ
1524 2814 1570 2840 ἐπὶ
1586 2813 1665 2848 μόνον
1680 2810 1760 2838 αὑτὸν
1776 2807 1931 2852 ἀναφέρειν,

1154 2850 1325 2899 ἐπειδὴςαύτῷ
1337 2862 1408 2897 μόνῳ
1417 2850 1462 2887 καὶ
1472 2859 1602 2894 οὐδετέρῳ
1615 2859 1645 2893 ἂρ
1652 2856 1726 2893 μύζει
1739 2855 1772 2883 τὰ
1783 2850 1941 2891 ἐμπεριεχά
