2099 3217
180 216 232 245 ’151

652 217 979 247 DEMONSTRATIONIS
995 217 1225 245 EVANGELICE
1245 217 1310 253 LIB,
1325 216 1360 244 Χ.

1747 215 1801 243 ἸϐὭ

181 285 262 313 μενα.
267 278 411 312 ’Δντικρυς
416 278 479 310 γοῦν
486 279 527 305 ἐπ’
534 279 606 314 αὐτῷ
613 288 645 306 πε
649 280 701 314 πλη
706 280 813 315 ρωμένα
820 279 854 306 τά
861 287 890 306 τε
898 279 956 306 ἄλλα

989 277 1233 320 ισυαιιᾶοιιυίάεηι
1260 277 1298 304 illi
1321 277 1366 304 uni
1391 279 1419 303 et
1438 275 1503 302 nulli
1520 279 1648 310 praeterea
1669 274 1725 306 alii,
1740 282 1802 310 quite

179 323 433 355 ἀποδείκνυται,κᾳι
446 324 477 360 δὴ
490 325 520 351 τὸ
534 325 636 360 φάσκον
645 326 674 352 ἐν
685 325 799 361 ψαλμῷ·
818 335 827 351 ι
841 326 966 361 Διεμερί-

180 378 262 396 σαντο
273 369 309 397 τὰ
323 370 419 405 ἱμάτιά
440 379 490 406 μου
507 372 621 406 ἑαυτοῖς,
643 373 691 399 καὶ
705 373 750 399 ἐπὶ
763 373 808 400 τὸν
821 373 966 409 ἱματισμόν

180 423 233 447 μου
260 414 354 442 εσαλον
380 416 488 452 κλῆρον.
506 427 515 442 ι
532 418 587 445 Καὶ
606 418 657 453 τὴν
682 419 854 454 κατάπαρσιν
867 418 895 445 δὲ
911 418 966 445 τῶν

178 457 262 492 ἥλων,
278 458 333 485 τῶν
345 460 415 487 κατὰ
426 460 481 487 τῶν
494 462 592 497 χειρῶν
608 463 654 489 καὶ
666 462 752 490 ποδῶν
766 463 812 490 ἐπὶ
825 463 872 490 τοῦ
887 472 966 490 σταυ-

178 504 228 540 ροῦ
236 505 465 541 πῳσηλωθέντων
472 507 555 543 αὐτῷ,
563 508 710 544 διαρρήδην
720 509 857 544 ἐμφαίνει,
866 509 963 544 λέγων·

180 550 317 586 ιὨρυξαν
340 552 433 587 χεῖράς
458 561 508 588 μου
530 555 577 581 καὶ
601 555 685 586 πόδας
705 564 765 590 μου,
779 554 964 591 ἐξηρίθμησαν

176 597 268 624 πάντα
282 597 315 624 τὰ
332 598 398 624 ὀστᾶ
413 607 474 633 μου.
491 609 500 624 ι
514 599 568 626 Καὶ
579 600 612 627 τὰ
622 600 702 626 λοιπὰ
715 600 742 627 δὲ
755 601 827 636 μόνῳ
838 601 870 627 ἂν
880 601 964 638 ὲφαρ-

178 642 261 678 μύσαι
283 642 366 678 αὐτῷ,
388 644 424 675 ὼς
448 644 549 680 προῖὼν
571 646 586 672 6
608 645 685 679 λόγος
704 647 928 682 παραστήσει.Ἦ
949 648 964 674 δ

177 688 337 724 βουλόμενος
349 690 391 724 ἐφ’
401 690 493 726 ἕτερον
508 691 666 725 μεταλαϐεῖν
679 693 831 729 πρόσωπον,
844 694 902 729 ἦτοι
916 694 965 730 βα-

176 733 284 766 σιλέως,
301 734 317 770 ἢ
332 736 480 771 προφήτου,
497 737 512 772 ἢ
528 737 575 763 καί
593 747 665 770 τινος
686 738 740 765 τῶν
762 739 869 767 πώποτε
888 741 963 777 παρὰ

182 778 318 810 Ἰουδαίοις
334 779 474 814 θεοφιλῶν,
490 781 628 814 δεικνύτω,
646 784 670 809 εἰ
692 781 746 815 οἷός
762 792 790 810 τε
806 784 858 819 εἴη,
879 785 963 821 ἐφαρο

177 822 271 858 μόξειν
286 824 320 850 τὰ
335 824 642 861 ἀναγεγραμμένα.Τίνι
653 828 707 863 γὰρ
715 828 769 855 τῶν
783 829 890 856 πώποτε
901 838 963 856 κυο-

175 869 350 904 φορουμένων
374 871 420 897 ὲπὶ
440 872 565 899 τοσοῦτον
587 873 676 909 παρῆν
701 874 801 910 ἀρετῆς
817 875 864 902 καὶ
881 875 962 903 δυνά-

177 924 260 951 μεως,
275 915 345 943 ὥστε
367 917 517 945 καθεστῶτι
537 919 667 955 λογισμῷ,
685 921 731 947 καὶ
750 921 898 957 ἀσυγχύτῳ
909 922 961 956 ψυ-

1016 325 1044 351 in
1061 332 1093 351 eo
1104 323 1290 354 continentur,
1307 322 1483 350 conveniunt.
1500 320 1662 348 Planissime
1677 321 1759 356 igitur
1772 322 1800 349 in

1014 371 1062 398 illo
1075 378 1135 397 cum
1160 371 1211 397 alia
1240 370 1372 405 completa
1390 377 1452 397 esse
1478 372 1597 399 constat.
1621 376 1680 403 qua:
1705 369 1737 395 in‘
1749 368 1801 396 hoc

1015 417 1121 452 psalmo
1135 417 1272 451 leguntur,
1293 419 1350 442 tmn
1376 423 1440 442 vero
1457 415 1538 442 etiam
1568 414 1636 442 illud
1665 413 1737 449 quod
1762 415 1800 441 ita

1015 463 1053 489 ait
1069 471 1075 489 :
1090 471 1099 488 ι
1122 461 1277 490 Diviserunt
1300 461 1461 489 vestimenta
1488 467 1548 488 mea
1577 459 1640 492 sibi,
1667 463 1694 487 et
1719 467 1801 494 super

1015 514 1115 535 vestem
1138 515 1223 534 meam
1251 508 1383 534 miserunt
1414 510 1526 533 sortem.
1565 515 1573 532 ι
1599 505 1799 540 Trajectioncm

1014 561 1078 581 vero
1095 554 1232 579 clavorum
1250 553 1296 587 qui
1323 553 1396 579 illius
1420 552 1547 579 manibus
1575 559 1607 581 ac
1632 551 1747 585 pedibus
1772 550 1799 577 in

1014 608 1095 628 cruce
1115 599 1184 626 ιιίῆκί
1214 603 1287 629 sunt.
1305 598 1510 625 evidentissime
1527 597 1639 629 indicat,
1658 597 1720 624 dum
1735 597 1774 624 ait
1790 605 1798 624 :

1017 654 1025 670 ι
1047 644 1187 672 Foderunt
1208 651 1307 671 manus
1322 651 1396 671 meas
1415 647 1441 670 et
1458 643 1540 678 pedes
1562 650 1648 673 meos,
1675 641 1800 668 dinume-

1013 695 1142 718 raverunt
1156 690 1247 717 omnia
1271 697 1334 718 ossa
1351 697 1421 717 mea.
1439 699 1447 714 ι
1463 689 1509 716 Sic
1531 689 1612 716 etiam
1628 688 1730 722 reliqua
1752 687 1799 714 uni

1013 738 1051 765 illi
1071 745 1120 764 nec
1134 737 1179 764 alii
1198 736 1314 771 cuipiam
1332 739 1460 771 praeterea
1475 734 1649 765 convenient.
1668 733 1800 768 quemad—

1013 783 1121 810 modum
1138 789 1281 818 progressa
1301 782 1407 816 longius
1428 781 1515 808 oratio
1527 780 1734 811 demonstrabit,
1753 783 1800 806 aut

1012 832 1085 856 certe
1103 828 1193 863 quivis
1207 836 1257 855 suo
1273 827 1418 858 arbitratu,
1431 826 1556 861 quamvis
1577 826 1657 852 aliam
1678 825 1798 860 proferat

1012 881 1155 908 personam
1173 877 1219 901 aut
1251 874 1334 907 regis,
1358 875 1405 899 aut
1424 871 1578 906 prophetae,
1605 875 1652 898 aut
1680 871 1798 906 alicujus

1011 927 1117 952 eorum,
1128 919 1175 954 qui
1190 919 1327 954 quondam
1343 917 1414 954 apud
1431 917 1539 945 Judzeos
1556 917 1602 945 Dei
1619 917 1700 944 amici
1714 922 1742 945 et
1757 917 1798 944 fa—

174 964 222 998 χῇ,
245 963 367 999 νηφαλίῳ
384 973 413 990 τε
440 965 522 1000 φρονή
529 974 590 1000 ματι
607 966 673 993 Θεοῦ
688 967 787 1000 γνῶσιν
807 968 956 1000 ἀναλαϐεῖν,

989 962 999 988 3
1012 966 1134 993 miliares
1149 965 1316 997 exstiterint,
1330 964 1510 999 ostendatque
1530 964 1553 992 si
1574 964 1671 999 possit,
1686 971 1717 992 ea
1737 972 1798 999 qua:

174 1009 224 1035 καὶ
236 1010 324 1036 πᾶσαν
339 1010 386 1037 ἐπὶ
399 1011 444 1037 τὸν
457 1011 523 1038 Θεὸν
533 1012 681 1048 ἀναρτῆσαι
693 1013 775 1040 αὑτοῦ
788 1014 837 1050 τὴν
849 1014 959 1047 ὲλπίδα;

173 1054 239 1081 ὥστ’
256 1055 288 1082 ἂν
302 1057 406 1083 εἰπεῖν·
425 1058 500 1085 «Ὅτι
519 1059 550 1085 σὺ
567 1057 591 1085 εἷ
606 1060 619 1086 6
635 1060 777 1091 ὲκτπάσας
810 1069 843 1095 με
866 1062 897 1087 ὲκ
916 1070 961 1095 γα-

173 1101 256 1136 στρὸς
271 1103 373 1139 μητρός
391 1112 451 1138 μου,
470 1105 486 1140 ἡ
502 1104 577 1137 ἐλπίς
592 1114 641 1140 μου
658 1106 712 1132 ἀπὸ
727 1106 837 1141 μαστῶν
848 1107 897 1142 τῆς
913 1116 962 1143 μη-

171 1146 236 1180 τρός
253 1155 314 1181 μου.
333 1148 393 1174 Ἐπὶ
419 1149 449 1174 σὲ
472 1149 622 1184 ὲπερῤίφην
639 1151 669 1176 ὲκ
685 1151 799 1186 μήτρας,
815 1152 846 1178 ἐκ
857 1151 961 1184 κοιλίας

173 1192 278 1227 μητρός
300 1202 350 1228 μου
373 1194 438 1226 Θεὸς
461 1203 511 1230 μου
534 1194 560 1222 εἶ
580 1195 622 1222 σύ.
639 1206 648 1222 ι
665 1197 713 1228 Τίς
727 1196 754 1223 δὲ
767 1197 887 1229 τοιοῦτος
901 1197 960 1233 Θεῷ

172 1237 373 1273 μεμελημένος,
388 1239 486 1271 ὄνειδος
509 1240 660 1276 ἀνθρώπων
676 1242 771 1276 γέγονε
791 1243 838 1269 καὶ
854 1236 960 1275 ἐξουθέ-

170 1291 247 1318 νημα
262 1283 341 1317 λαοῦ;
356 1286 408 1311 ὑπὸ
430 1286 509 1312 τίνων
532 1286 560 1312 δὲ
582 1288 629 1314 καὶ
649 1288 777 1315 ποδαπῶν
793 1289 898 1324 μόσχων
912 1289 959 1317 καὶ

170 1328 281 1364 ταύρων
294 1331 346 1366 χρὴ
358 1334 427 1358 νοεῖν
442 1332 487 1358 τὸν
504 1332 603 1359 τοιόνδε
615 1334 817 1367 κεκυκλῶσθαις
833 1335 858 1361 τί
872 1335 900 1361 δὲ
912 1343 960 1361 πα-

171 1373 226 1400 θὼν
243 1375 257 1401 6
274 1375 435 1412 δηλούμενος
449 1378 514 1404 ὡσεὶ
535 1378 605 1415 ὕδωρ
623 1379 752 1415 ὲξεχύθη;
771 1380 817 1406 καὶ
849 1380 906 1412 πῶς
921 1380 959 1407 δι-

169 1421 338 1457 εσκορπίσθῃ
353 1423 434 1449 αὐτοῦ
451 1423 484 1450 τὰ
500 1424 582 1456 ὀστᾶ;
598 1425 655 1457 πῶς
670 1425 698 1451 δὲ
712 1426 752 1456 είς
766 1425 829 1460 χοῦν
844 1425 958 1452 Θανάτου

169 1465 306 1502 κατήχθη,
322 1468 369 1494 καὶ
384 1469 529 1504 καταχθεὶς
540 1471 579 1502 εἰς
591 1470 654 1505 χοῦν
666 1470 792 1501 θανάτου,
804 1471 837 1497 τὰ
847 1471 958 1498 τοιαῦτα

169 1511 248 1539 λαλεῖ
263 1513 312 1545 ἔτι,
332 1515 378 1541 καὶ
392 1515 423 1550 ζῇ
439 1517 485 1542 καὶ
496 1516 658 1550 φθέγγεται;
674 1515 746 1547 τίνες
762 1517 790 1543 δὲ
805 1518 829 1543 οἱ
843 1517 922 1550 κύνες
933 1518 958 1544 οἱ

168 1557 361 1591 κυκλώσαντες
386 1561 476 1593 αὐτὸν,
493 1561 579 1596 ἕτεροι
609 1562 685 1594 ὅντες
708 1562 784 1598 παρὰ
805 1563 868 1595 τοὺς
891 1572 958 1599 προ-

168 1605 381 1640 ωνομασμένους
394 1607 510 1642 ταύρους
519 1609 563 1634 καὶ
580 1609 695 1644 μόσχους
705 1618 712 1641 ;
722 1609 786 1635 ποία
799 1609 826 1635 δὲ
836 1618 957 1644 συναγω-

167 1649 205 1686 γὴ
231 1652 454 1686 πονηρευομένων
475 1653 524 1685 τὰς
543 1656 635 1689 χεῖρας
657 1655 687 1681 οὐ
710 1655 799 1690 μόνον,
820 1655 887 1683 ἀλλὰ
911 1656 958 1682 καὶ

167 1695 234 1727 τοὺς
250 1696 333 1729 πόδας
355 1697 402 1724 τοῦ
418 1699 575 1732 τηλικούτου
598 1700 714 1736 ὤρυξαν,
730 1701 912 1733 ἀποδύσαντές
928 1711 958 1728 τε

167 1740 262 1772 αὑτὸν,
278 1742 312 1767 τὰ
339 1743 389 1778 μέν
409 1752 470 1770 τινα
490 1744 616 1772 διείλοντο
630 1746 712 1772 αὐτοῦ
727 1746 780 1772 τῶν
792 1746 957 1782 ἐνδυμάτων,

167 1786 203 1812 τὰ
218 1785 248 1813 δὲ
264 1787 311 1813 καὶ
329 1787 422 1823 κλήρῳ
438 1788 564 1824 λαχόντες
578 1790 689 1824 ἓλα6ον;
701 1792 742 1824 τίς
756 1792 783 1818 δὲ
800 1793 816 1828 ἡ
838 1793 958 1828 ῥομφαία

167 1835 216 1860 καὶ
239 1835 253 1861 6
274 1834 356 1866 κύων,
374 1836 420 1862 καὶ
435 1836 448 1861 6
461 1836 544 1869 λὲωνς
559 1838 630 1870 τίνες
645 1838 673 1865 δὲ
688 1840 711 1865 οἱ
729 1839 868 1875 λεγόμενοι
884 1849 959 1875 μονο-

167 1879 299 1914 κέρωτες,
319 1880 365 1906 τὸν
389 1881 552 1916 δηλούμενον
569 1883 755 1919 περιέχοντεςς
773 1884 831 1916 πῶς
845 1885 873 1911 δὲ
889 1885 959 1921 μετὰ

166 1925 218 1960 τὴν
233 1926 301 1960 πρὸς
314 1927 456 1959 τοσούτους
471 1928 570 1964 πάλην,
583 1930 651 1964 μετὰ
666 1931 696 1957 τὸ
713 1932 752 1962 εἰς
765 1931 829 1966 χοῦν
841 1931 957 1959 Θανάτου

166 1971 347 2007 καταχθῆναι,
364 1973 560 2008 ἐπαγγέλλεται
575 1975 606 2001 τὸ
617 1975 702 2011 ὄνομα
723 1975 769 2002 τοῦ
800 1977 906 2012 Πατρὺς
920 1977 958 2004 δι-

165 2017 304 2052 ηγεῖσθαι,
313 2019 343 2045 ού
357 2019 523 2051 πᾶσιν,ἁλλὰ
536 2020 625 2056 μόνοις
636 2023 691 2053 τοῖς
705 2022 800 2048 ἑαυτοῦ
816 2022 955 2057 ἁδελφοίςς

164 2063 239 2095 τίνες
252 2071 282 2089 τε
294 2065 319 2090 οἱ
333 2064 450 2100 ἀδελφοὶ,
467 2065 509 2098 τίς
524 2075 554 2092 τε
570 2068 585 2103 ἡ
607 2067 763 2104 Ἐκκλησία,
778 2069 840 2104 περὶ
854 2066 887 2104 ἧς
904 2078 956 2104 φη-

167 2118 210 2135 σιν
235 2110 249 2135 ό
273 2109 306 2136 τὰ
332 2111 444 2138 τοιαῦτα
467 2111 580 2145 παθὼν,
608 2122 617 2138 ι
636 2113 680 2139 Ἐν
704 2114 778 2150 μέσῳ
796 2114 956 2149 Ἑκκλησίας

166 2155 281 2190 ὑμνήσω
305 2164 345 2187 σε,
372 2166 382 2181 ι
408 2153 448 2188 οἷς
470 2157 518 2184 καὶ
543 2151 672 2193 ἐπιλέγει,
687 2159 725 2190 ὡς
745 2159 798 2195 ἄρα
818 2161 866 2196 οὐχ
884 2160 912 2187 ἒν
926 2160 956 2188 τδ

172 2200 309 2228 Ἰουδαίων
325 2201 411 2233 ἔθνος,
430 2211 440 2227 ι
455 2204 544 2230 πάντα
555 2203 582 2229 δὲ
598 2204 632 2232 τὰ
649 2204 754 2240 πέρατα
767 2206 816 2240 τῆς
827 2207 878 2242 γῆς
894 2215 957 2234 συν-

164 2246 350 2283 αισθήσονται,
367 2248 414 2274 καὶ
427 2249 674 2290 ὲπιστραφήσονται
694 2252 760 2287 πρὸς
784 2251 895 2288 Κύριον,
909 2254 956 2280 καὶ

164 2292 400 2327 προσκυνήσουσιν
413 2292 527 2320 ἐνώπιον
541 2294 623 2322 αὑτοῦ
639 2296 722 2322 πᾶσαι
737 2297 763 2323 αἱ
776 2297 889 2332 πατριαὶ
901 2297 955 2323 τῶν

163 2334 268 2368 ὲθνῶν;
285 2345 294 2361 ι
307 2336 361 2363 Καὶ
376 2337 408 2363 σὺ
420 2337 458 2369 δὲ,
477 2338 551 2373 παρὰ
567 2339 656 2374 σαυτῷ
671 2339 819 2374 βασανίσας
837 2341 954 2377 ἑκάστην

163 2380 239 2413 λέξιν
263 2381 309 2407 τοῦ
334 2380 452 2417 ψαλμοῦ,
468 2382 516 2410 θέα
539 2384 562 2409 εί
586 2384 697 2411 δυνατὸν
713 2386 758 2412 ἐπὶ
773 2385 817 2412 τὸν
840 2387 956 2422 τυχόντα

161 2427 313 2462 ἀναφέρειν
328 2427 362 2453 τὰ
373 2427 562 2463 θεσπιζόμενα.
572 2429 641 2456 Ἀλλ’
654 2430 703 2456 οὐκ
722 2431 754 2457 ἂν
767 2430 857 2466 εὕροις
870 2432 955 2468 ἑτέρῳ

163 2482 205 2509 τῳ
218 2473 399 2508 ἐφαρμόττειν
415 2474 483 2501 αὐτὰ
498 2475 514 2510 ἢ
534 2475 606 2511 μόνῳ
619 2476 723 2512 Σωτῆρι
741 2477 829 2512 ἡμῶν,
843 2478 872 2510 ὅς
887 2479 954 2506 πάν-

162 2529 220 2547 των
240 2520 400 2552 πιστότατος
419 2520 452 2547 ἂν
467 2521 509 2557 εἴη
527 2522 573 2548 καὶ
592 2521 783 2558 ἀληθέστατος,
801 2524 840 2555 εἰς
857 2525 951 2551 ἑαυτοῦ

160 2566 310 2602 πρόσωπον
326 2566 478 2602 ἀνειληφὼς
491 2567 540 2602 τὴν
552 2567 605 2594 ἀπὸ
617 2567 664 2594 τοῦ
681 2567 788 2603 ψαλμοῦ
803 2569 902 2604 φωνὴν,
915 2570 952 2602 ὡς

161 2612 360 2648 ἐμαρτύρησαν
374 2613 398 2639 οἱ
413 2613 602 2647 εύαγγελισταί
612 2622 618 2629 ·
633 2615 647 2640 ὁ
663 2614 711 2649 μὲν
722 2614 859 2646 illa-uectio;
871 2614 904 2642 δι’
915 2612 952 2641 ὧν

160 2659 338 2696 παρεθέμεθα
355 2660 437 2686 αὐτοῦ
454 2659 568 2692 λέξεων
583 2660 598 2686 ὁ
614 2660 642 2688 δὲ
663 2661 775 2696 Μάρκος
800 2658 881 2688 δι’ὦν
906 2661 953 2688 καὶ

160 2705 245 2736 αὐτὸς
258 2700 310 2730 ὧδέ
326 2713 384 2736 πως
398 2706 499 2740 ἱστορεῖ
515 2705 600 2739 λέγων
610 2714 617 2720 ·
634 2715 643 2730 ι
659 2706 812 2741 Γενομένης
833 2707 861 2733 δὲ
880 2706 953 2742 ὥρας

159 2751 256 2785 ἕκτης,
268 2751 362 2782 σκότος
378 2751 486 2785 ἐγένετο
498 2752 540 2785 ἐφ’
550 2751 613 2787 ὅλης
627 2753 675 2787 τῆς
689 2752 750 2787 γῆς,
760 2753 811 2784 ἓως
827 2753 900 2788 ὧρας
914 2753 954 2780 ὲν-

157 2798 255 2831 νάτης.
275 2797 330 2824 Καὶ
347 2798 380 2832 τῇ
397 2796 494 2833 ὲννάτῃ
520 2797 579 2833 ὢρα
603 2797 715 2833 ἐϐόησεν
740 2799 754 2824 6
773 2798 875 2833 Ἰησοῦς
897 2807 953 2833 φω-

157 2844 192 2878 νῇ
212 2842 329 2878 μεγάλῃ,
346 2842 448 2877 λέγων·
469 2843 551 2875 Ὴλεὶ,
561 2843 750 2880 Ἠλεὶ,λαμμᾶ
765 2844 926 2880 σαϐαχθανὶ,
938 2846 952 2872 ὅ

156 2889 219 2915 ἐστι
239 2888 508 2925 μεθερμηνευόμενον
518 2897 526 2906 ·
551 2889 579 2916 '0
595 2890 671 2923 Θεὸς,
686 2892 700 2917 6
716 2891 781 2922 Θεός
797 2900 859 2926 μου,
873 2892 912 2924 είς
925 2892 951 2918 τί

161 2934 343 2969 ἐγκατέλιπές
359 2943 408 2970 με;
423 2935 477 2962 Καί
498 2944 569 2966 τινες
591 2936 643 2963 τῶν
660 2937 830 2965 ἀκουσάντων
844 2937 933 2964 ἕλενον
943 2947 949 2953 ·

1012 1011 1049 1037 ita
1064 1010 1201 1045 descripta
1225 1015 1304 1042 sunt,
1322 1011 1386 1038 huic
1402 1010 1558 1038 convenire.
1586 1009 1638 1037 Sed
1663 1010 1734 1038 enim
1752 1010 1796 1037 cui

1012 1063 1131 1091 unquam
1155 1063 1261 1088 eorum,
1275 1064 1344 1091 quos
1373 1057 1399 1083 in
1427 1061 1504 1084 utero
1527 1059 1613 1084 mater
1639 1056 1796 1092 gestaverit,

1011 1107 1115 1130 tantum
1144 1102 1271 1135 virtutis,
1307 1106 1468 1137 tantumque
1498 1102 1597 1131 virium
1630 1101 1739 1129 adfuit?
1767 1106 1797 1129 ut

1010 1150 1145 1177 constanti
1172 1150 1344 1185 cogitatione,
1374 1149 1518 1183 animoque
1534 1148 1742 1183 imperturbata,
1769 1152 1797 1175 et

1010 1199 1099 1223 mente
1116 1195 1206 1222 sobria
1222 1199 1248 1222 et
1265 1199 1367 1226 erecta,
1392 1194 1439 1222 Dei
1452 1194 1634 1230 cognitionem
1649 1195 1794 1230 acceperit,

1009 1245 1036 1268 et
1052 1248 1159 1268 omnem
1184 1248 1262 1268 suam
1278 1247 1353 1274 spem
1369 1241 1396 1268 in
1411 1240 1467 1268 Deo
1488 1240 1678 1273 collocaverit,
1709 1247 1796 1275 usque

1009 1284 1076 1312 adeo
1091 1289 1120 1312 ut
1143 1287 1262 1321 potuerit
1275 1287 1367 1314 dicere
1383 1296 1390 1314 :
1406 1295 1415 1312 ‹
1435 1286 1570 1319 Quoniam
1586 1290 1614 1313 tu
1631 1294 1661 1314 es
1674 1287 1720 1321 qui
1749 1294 1796 1314 ex-

1009 1330 1116 1358 traxisli
1142 1338 1185 1358 me
1208 1329 1241 1358 de
1264 1335 1359 1358 ventre
1384 1331 1481 1358 matris
1506 1338 1582 1362 meae,
1603 1338 1666 1366 spes
1682 1338 1741 1358 utea
1761 1331 1796 1358 ab

1009 1375 1139 1404 uberibus
1153 1376 1249 1404 matris
1262 1384 1340 1408 meae,
1355 1378 1381 1404 in
1397 1380 1424 1406 te
1437 1377 1575 1412 proiectus
1589 1385 1649 1406 surn
1662 1384 1695 1404 ex
1705 1381 1794 1408 utero,

1008 1422 1042 1449 de
1056 1426 1150 1450 ventre
1173 1422 1269 1450 matris
1286 1430 1352 1450 mea:
1381 1422 1452 1450 Deus
1479 1430 1555 1450 meus
1579 1431 1609 1450 es
1631 1427 1670 1449 tu.
1699 1433 1708 1449 ι
1727 1423 1795 1456 Quis

1009 1475 1090 1503 porro
1105 1476 1226 1503 unquam
1238 1468 1283 1496 ubi
1301 1469 1359 1503 ipse
1379 1472 1459 1496 tanta:
1473 1476 1545 1496 curae
1559 1468 1613 1496 Deo
1627 1468 1719 1500 fuerit,
1734 1472 1796 1504 post

1008 1520 1040 1540 ea
1060 1513 1235 1548 opprobrium
1252 1513 1393 1540 hominum
1408 1519 1435 1541 et
1455 1514 1571 1549 abjectio
1588 1514 1679 1549 populi
1707 1514 1795 1542 factus

1008 1559 1094 1588 est?a
1108 1559 1207 1594 quibus
1225 1564 1315 1586 autent
1340 1563 1367 1586 et
1384 1559 1538 1594 cujusmodi
1551 1560 1655 1592 vitulis,
1674 1565 1719 1587 aut
1735 1565 1796 1587 tau-

1008 1607 1047 1633 ris
1062 1606 1265 1642 intelligendum
1282 1610 1323 1634 est
1347 1607 1419 1634 hunc
1435 1607 1520 1635 fuisse
1536 1607 1754 1635 circumdatum?
1768 1612 1795 1636 et

1008 1653 1073 1687 quid
1085 1653 1192 1680 tandem
1209 1653 1272 1681 huic
1286 1654 1337 1689 ipsi
1352 1654 1462 1687 accidit,
1472 1659 1500 1681 ut
1512 1655 1590 1689 quasi
1607 1662 1676 1690 aqua
1692 1654 1794 1682 eﬂ‘usus

1009 1699 1064 1726 sit?
1076 1704 1103 1726 et
1126 1700 1263 1734 quomodo
1277 1700 1401 1735 ejusdem
1431 1708 1494 1728 ossa
1521 1700 1645 1736 dispersa
1670 1702 1752 1729 sunt'l‘
1767 1705 1794 1729 et

1008 1751 1060 1778 qua
1078 1745 1182 1772 ratione
1208 1745 1235 1771 in
1257 1745 1394 1780 pulverem
1413 1745 1519 1772 mortis-
1532 1745 1667 1774 deductus
1693 1746 1754 1773 est?
1767 1750 1794 1774 et

1008 1790 1123 1818 simulac
1151 1791 1177 1817 in
1197 1792 1276 1818 talem
1295 1792 1434 1826 pulverem
1447 1796 1489 1819 est
1501 1792 1645 1824 deductus,
1664 1792 1752 1820 adhuc
1766 1796 1794 1820 et

1007 1837 1073 1863 talia
1098 1837 1229 1872 loquitur,
1249 1841 1277 1865 et
1299 1838 1376 1869 vivit,
1392 1842 1418 1865 et
1434 1838 1553 1865 vocalem
1571 1845 1600 1868 se
1624 1839 1753 1874 praestat?
1767 1842 1794 1866 et

1008 1882 1119 1917 quinam
1145 1882 1190 1910 alii
1217 1890 1300 1910 canes
1323 1883 1398 1910 illum
1425 1883 1666 1911 circumdederunt
1691 1888 1791 1919 praeter

1008 1935 1066 1960 eos,
1082 1936 1151 1962 quos
1175 1928 1243 1956 dixit
1266 1931 1293 1956 et
1319 1933 1412 1957 tauros
1437 1933 1464 1956 et
1484 1929 1603 1957 vitulos?
1631 1929 1704 1965 quod
1728 1937 1794 1958 vero

1008 1973 1153 2001 consilium
1182 1974 1389 2009 malignantium
1415 1982 1470 2002 non
1498 1975 1587 2002 solum
1616 1983 1713 2003 manus
1745 1975 1792 2003 sed

1007 2019 1088 2046 etiam
1106 2019 1188 2054 pedes
1202 2019 1318 2054 hujusce
1343 2019 1376 2047 de
1393 2027 1448 2054 quo
1465 2027 1554 2047 sermo
1568 2023 1620 2052 est,
1647 2019 1794 2049 foderunt?

1009 2065 1055 2099 qui
1074 2066 1155 2092 etiam
1183 2070 1326 2100 postquam
1354 2066 1479 2093 eumdem
1508 2070 1658 2098 exuerunt.
1688 2071 1793 2102 partem

1008 2110 1118 2144 quidem
1143 2111 1367 2138 vestimentorum
1401 2112 1486 2146 ipsius
1518 2111 1655 2145 divisere,
1686 2116 1791 2147 partem

1006 2163 1070 2182 vero
1085 2155 1167 2190 jactis
1190 2156 1310 2184 sortibus
1326 2157 1522 2192 arripuerunt?
1537 2161 1563 2185 et
1586 2166 1709 2192 quamam
1736 2159 1792 2185 Ira-

1007 2209 1066 2231 mea
1088 2201 1152 2228 illa?
1167 2202 1229 2237 quis
1248 2203 1345 2230 canis?
1365 2203 1427 2237 quis
1447 2203 1509 2230 leo?
1525 2203 1571 2238 qui
1600 2203 1663 2231 item
1679 2204 1717 2231 illi
1745 2204 1792 2239 qui

1007 2247 1134 2274 dicuntur
1150 2247 1297 2276 unicornes
1311 2256 1383 2280 eum,
1404 2248 1437 2276 de
1458 2256 1514 2284 quo
1541 2257 1629 2277 sermo
1646 2254 1698 2282 est,
1715 2250 1791 2278 obsi-

1007 2292 1124 2320 dentes?
1138 2292 1219 2328 492
1235 2297 1262 2321 et
1277 2301 1330 2328 qua
1346 2293 1444 2321 ﬁducia
1458 2299 1520 2329 post
1537 2298 1640 2322 tantam
1653 2299 1746 2323 contra
1764 2295 1791 2322 id

971 2327 1092 2374 Dgcnus
1117 2338 1229 2371 luctam,
1257 2347 1290 2366 ac
1312 2346 1455 2375 postquam
1483 2340 1511 2367 in
1537 2340 1673 2375 pulverem
1695 2340 1791 2368 mortis

1005 2383 1138 2412 deductus
1153 2388 1206 2416 est,
1225 2385 1368 2420 pollicetur
1385 2394 1414 2413 se
1427 2394 1526 2413 nomen
1550 2386 1636 2420 patris
1662 2386 1703 2413 sui
1726 2393 1790 2413 nar-

1004 2432 1128 2456 raturum
1147 2437 1203 2457 non
1221 2431 1361 2461 omnibus,
1375 2431 1422 2458 sed
1441 2431 1507 2458 solis
1523 2433 1579 2458 suis
1596 2430 1749 2457 fratribus?
1763 2434 1790 2457 et

1003 2475 1051 2510 qui
1079 2475 1186 2503 tandem
1216 2476 1244 2503 hi
1269 2475 1395 2504 fratres?
1417 2485 1541 2512 quasnam
1575 2484 1638 2504 vero
1668 2476 1789 2504 Ecclesia

1007 2521 1073 2553 haec,
1090 2521 1123 2548 de
1136 2529 1188 2556 qua
1202 2521 1225 2549 is
1242 2522 1288 2556 qui
1306 2523 1368 2549 talia
1383 2523 1504 2557 pertulit,
1520 2522 1556 2548 ita
1574 2522 1714 2557 loquitur?
1727 2531 1736 2547 ι
1760 2522 1790 2549 1η

1006 2567 1095 2594 medio
1111 2567 1236 2596 Ecclesia:
1265 2567 1382 2595 laudabo
1402 2572 1443 2600 te;
1474 2577 1483 2593 ι
1499 2567 1599 2602 quibus
1625 2568 1706 2594 etiam
1722 2567 1789 2595 iliud

1006 2613 1130 2648 adjungit
1145 2622 1150 2640 :
1167 2613 1239 2648 quod
1259 2613 1355 2648 utique
1370 2621 1423 2641 non
1440 2621 1492 2640 una
1505 2612 1619 2641 Iudaica
1641 2621 1723 2648 gens,
1742 2613 1789 2641 sed

1010 2669 1017 2685 I
1036 2667 1131 2687 omnes
1147 2659 1213 2687 lines
1228 2664 1308 2687 terra:
1329 2660 1538 2687 reminiscentur
1551 2663 1578 2687 et
1597 2662 1791 2688 convertentur

1008 2705 1041 2733 ad
1057 2706 1213 2739 Dominum,
1228 2709 1255 2733 et
1280 2705 1433 2733 adorabunt
1450 2705 1476 2732 in
1492 2709 1641 2740 conspectu
1656 2705 1716 2739 ejus
1731 2712 1791 2732 om-

1006 2761 1054 2780 nes
1077 2752 1186 2780 familia:
1212 2753 1343 2788 gentium.
1365 2751 1521 2779 tCazterum
1552 2755 1581 2778 tu
1606 2759 1716 2786 quoque
1743 2751 1790 2782 ubi

1006 2803 1091 2834 perte
1109 2799 1197 2834 ipsum
1213 2799 1320 2834 singula
1345 2795 1468 2833 ejusdem
1481 2798 1579 2833 psalmi
1605 2797 1686 2825 verba
1697 2798 1791 2834 explo-

1007 2845 1120 2876 raveris,
1134 2845 1213 2872 facile
1237 2844 1373 2880 intelliges
1389 2849 1480 2871 utrum
1491 2851 1522 2871 ea
1534 2851 1595 2879 qua;
1612 2843 1639 2870 in
1652 2844 1711 2880 ipso
1723 2852 1789 2872 con-

1007 2891 1128 2918 tinentur
1152 2890 1186 2917 ad
1204 2891 1340 2925 vulgarem
1365 2891 1521 2926 quempiam
1537 2889 1633 2919 referri
1657 2891 1787 2926 possint:

1006 2937 1078 2971 quod
1097 2945 1158 2965 cum
1177 2937 1285 2973 feceris,
1298 2942 1371 2965 certe
1394 2945 1448 2965 non
1476 2937 1597 2966 invenies
1614 2939 1658 2965 cui
1679 2937 1788 2965 tandem
