2099 3217
323 191 378 220 765

675 191 810 220 EUSEBII
828 192 1069 221 CAESABIENSIS
1088 192 1164 222 OPP.
1185 192 1276 221 PARS
1289 193 1322 221 ll.
1341 209 1375 215 -—
1389 193 1636 223 APOLOGETICA.

1888 195 1940 223 τει

323 250 371 278 illa
385 251 560 285 conveniant,
571 254 669 286 praeter
684 259 767 278 unum
786 251 955 279 Salvatorem
969 256 1104 285 nostrum,
1120 254 1144 282 Δ

1120 254 1144 282 Δ
1162 252 1255 280 Ἦλιαν
1275 254 1369 287 φωνεῖ.
1385 263 1395 279 ο
1411 254 1479 290 Φέρε
1491 254 1522 289 δὴ
1534 252 1579 281 οὖν
1596 253 1700 285 τούτοις
1715 254 1867 287 ἀκολούθως
1878 256 1937 283 Eu)-

323 299 371 334 qui
396 299 517 327 omnium
538 302 566 325 et
585 298 741 326 ﬁdelissime
766 302 794 326 ct
821 298 964 326 verissime
991 298 1106 333 hujusce

323 344 421 380 psalmi
435 351 516 371 voces
530 344 558 371 in
577 352 655 371 suam
670 351 814 379 personam
830 345 993 379 assumpsit,
1011 352 1107 380 quem-

323 389 468 417 admodum
485 390 671 424 ~evangelistat
697 389 833 417 testiﬁcati
859 394 933 418 sunt.
964 390 1105 420 Ilattbaeus

322 434 430 469 quidem
446 435 499 462 illis
515 435 605 462 verbis
630 442 690 469 qua:
711 439 790 462 antea
819 436 973 463 retulimus.
998 436 1105 465 Marcus

322 484 413 508 autem
440 480 474 508 iis
500 480 599 515 quibus
623 481 705 507 etiam
727 480 782 513 ille,
799 485 892 516 utpote
906 482 953 516 qui
980 483 1006 509 in
1032 483 1105 510 hunc

321 526 432 553 modum
444 530 535 553 narret
549 535 556 553 :
571 535 580 551 ι
599 525 632 552 Ει
643 525 713 554 facta
724 527 790 554 hora
809 532 885 554 sexta
900 528 1017 556 tenebrae
1027 528 1106 556 factae

322 575 388 598 sunt
400 579 482 606 super
495 575 579 599 totam
595 576 696 599 terram
714 580 801 608 usque
827 573 860 600 ad
884 574 978 600 boram
994 582 1103 602 nonam.

321 615 356 644 Et
367 617 434 645 bora
448 625 519 644 nona
533 618 694 645 exclamavit
703 617 783 646 Iesus
795 626 862 646 voce
878 627 973 654 magna
990 620 1084 648 dicens
1096 630 1102 647 :

322 661 374 695 Eli,
387 662 438 695 Eli,
450 663 550 690 lamma
567 663 757 696 sabacbtbani,
776 664 849 698 quod
866 669 908 691 est
925 673 958 692 ex
969 665 1103 700 interpre-

322 709 425 737 tatione
438 719 445 737 :
458 709 542 742 Deus,
559 709 630 737 Deus
641 718 729 743 meus,
742 710 776 737 ad
790 710 855 745 quid
863 710 1032 745 dereliquisti
1045 711 1106 739 me?

321 754 356 783 Et
382 755 495 791 quidam
519 764 552 784 ex
568 757 742 785 audientibus
769 757 920 785 dicebant:
947 756 1034 784 Elian]
1054 765 1103 785 vo-

321 802 367 826 cat
379 799 414 827 “.
431 808 442 826 ι
454 801 510 835 Age
523 800 606 836 igitur
628 802 742 837 posthac
759 802 819 837 ipso
841 802 935 829 ordine
953 802 1102 835 rideamus,

321 853 376 880 qua
388 845 494 873 ratione
510 854 542 874 ea
554 854 615 881 qua!
627 847 655 874 in
673 847 724 875 hoc
747 848 852 883 psalmo
868 848 1053 882 continentur,
1070 850 1102 876 ad

321 891 398 918 illum
423 891 564 919 referenda
591 892 656 920 sint.
686 893 726 920 Ac
748 894 866 928 primum
898 894 1104 930 inscriptionem

321 935 409 971 ipsam
420 940 578 970 tractemus,
590 946 650 973 qua
660 938 722 966 talis
736 943 779 966 est
796 949 802 966 :
821 949 831 965 ‹
851 939 878 966 in
895 939 974 967 ﬁnem
990 941 1024 973 ⁸⁸,
1039 951 1048 966 ι
1063 942 1105 969 vel

320 984 546 1018 quemadmodum
556 985 653 1020 Aquila
670 985 754 1013 edidit
768 994 774 1012 :
790 995 799 1011 ι
821 986 942 1013 victoria:
959 987 1074 1019 auctori,
1092 997 1102 1013 ›

320 1029 364 1058 vel
386 1031 468 1058 etiam
491 1034 521 1057 ut
539 1029 720 1066 Symmachus
745 1040 753 1058 :
783 1041 793 1057 ι
824 1031 858 1058 ad
884 1032 1024 1060 victoriam
1054 1041 1104 1069 pro

321 1077 505 1111 susceptione.
520 1087 529 1103 i
548 1077 610 1105 llaec
624 1085 689 1105 sane
703 1077 784 1106 nobis
805 1079 917 1106 veniunt
932 1079 961 1105 in
974 1083 1103 1111 mentem,

320 1127 464 1158 propterea
487 1125 559 1159 quod
584 1125 714 1153 salutaris
741 1125 787 1152 illa
815 1126 918 1161 passio,
946 1130 976 1152 ιιι
1001 1127 1103 1161 scripta

319 1169 548 1204 evangelistarum
563 1170 763 1203 demonstrant,
779 1170 899 1206 perfecta
925 1174 965 1198 est
995 1171 1104 1199 circiter

320 1214 416 1242 horam
427 1222 545 1249 ,nonam,
564 1216 643 1244 lactis
661 1216 718 1251 jam
741 1217 871 1248 tenebris,
888 1217 922 1244 ab
936 1218 1002 1244 hora
1027 1222 1103 1246 sexta

320 1269 408 1296 usque
436 1261 470 1289 ad
496 1262 591 1289 horam
619 1270 730 1294 nonam,
757 1269 810 1297 qua
835 1270 901 1290 sane
929 1263 995 1290 hora
1021 1264 1103 1291 etiam

319 1315 414 1335 vocem
428 1315 553 1342 magnam
569 1308 670 1340 emisit,
683 1312 710 1335 et
727 1316 757 1335 ea
774 1317 833 1343 quae
846 1309 927 1344 paulo
948 1314 1010 1337 ante
1034 1310 1096 1337 reci-

319 1354 449 1386 tavimus,
472 1353 594 1389 protulit,
617 1357 646 1380 ut
662 1354 741 1388 plane
764 1354 799 1382 sit
816 1355 1014 1387 conﬁtendum,
1031 1356 1104 1384 illius

320 1397 475 1433 passionem
494 1398 526 1424 ad
543 1405 682 1432 vesperam
697 1401 777 1425 nocte
787 1399 949 1427 adventante
965 1400 1058 1427 fuisse.
1071 1400 1103 1427 At

320 1442 426 1470 reditus
438 1442 561 1476 ejusdem
577 1450 592 1468 a
607 1442 800 1477 mortuis,qua:
811 1443 862 1470 fuit
871 1445 1007 1479 susceptio
1018 1446 1103 1479 patris

320 1488 397 1515 illum
425 1487 610 1522 suscipicnlis,
633 1492 660 1514 et
683 1488 716 1515 ad
744 1489 864 1523 seipsum
891 1497 925 1516 ex
947 1490 1103 1524 regionibus

321 1532 417 1560 mortis
429 1533 597 1560 adtralientis
607 1537 687 1568 atque
698 1535 875 1566 assumentis,
888 1535 960 1562 circa
976 1543 1102 1564 auroram

1158 306 1218 333 μιν,
1230 299 1305 330 ὅπως
1316 300 1356 329 εις
1365 299 1446 325 αὑτὸν
1456 299 1662 334 ἀνενεχθήσεται
1668 298 1703 325 τὰ
1714 299 1757 325 διὰ
1769 299 1816 326 τοῦ
1829 300 1937 336 ψαλμιῦ

1155 343 1317 378 δηλούμενα.
1333 345 1388 370 Καὶ
1400 344 1507 380 πρῶτον
1522 353 1554 379 γε
1570 344 1739 380 διαλάϐωμεν
1751 345 1801 381 τὴν
1817 346 1936 379 φάσκου-

1156 397 1206 416 σαν
1219 390 1390 425 προγραφὴν,
1412 399 1422 415 ι
1442 391 1482 422 εις
1495 390 1526 416 τὸ
1537 390 1623 421 τέλος,
1641 400 1650 416 ι
1667 391 1695 425 ἦ,
1708 391 1779 417 κατὰ
1794 392 1840 418 τὸν
1859 391 1936 418 ’Δις-5-

1155 435 1215 467 λαν,
1233 444 1242 459 ι
1256 435 1295 469 τῷ
1315 434 1454 470 νικοποιῷ,
1471 445 1480 460 ι
1501 435 1528 470 ἢ,
1543 435 1613 462 κατὰ
1624 435 1668 461 τὸν
1682 435 1837 471 Σύμμαχον,
1855 446 1864 461 ι
1879 437 1937 463 ἔπι-

1155 480 1239 511 νξκιος
1262 480 1333 515 ὑπὲρ
1355 480 1404 515 τῆς
1417 480 1592 516 ἀντιλήψεως.
1608 490 1617 506 ι
1634 480 1715 507 Ταῦθ’
1726 482 1800 516 ἡμᾶς
1813 481 1937 517 ὑπεισέρ-

1155 533 1242 560 χεται,
1258 526 1299 551 ὃτι
1309 525 1340 551 τὸ
1356 525 1404 560 μὲν
1426 526 1557 561 σωτήριον
1569 525 1663 557 πάθος,
1682 526 1720 557 ὡς
1740 527 1768 552 αἱ
1785 526 1871 559 λέξεις
1883 526 1937 553 τῶν

1155 571 1356 605 εὐαγγελιστῶν
1379 572 1563 606 παρέστησαν,
1586 572 1696 603 σκότους
1721 572 1866 606 γενομένου
1886 571 1938 598 ἀπὺ

1155 617 1229 652 ὧρας
1240 618 1320 652 ἕκτης
1328 617 1379 648 ἓως
1390 616 1463 652 ὥρας
1476 617 1598 651 ὲννάτης,
1614 617 1685 652 ἀμφὶ
1694 617 1743 652 τὴν
1754 617 1867 652 ἑννάτην
1878 625 1938 644 σνν-

1154 663 1293 699 ετελέσθη,
1309 664 1353 690 ὅτε
1364 664 1411 689 καὶ
1425 663 1474 698 τὴν
1492 663 1582 698 φωνὴν
1595 663 1684 698 ἀφῆκε
1700 663 1748 698 τὴν
1758 663 1889 699 μεγάλῳ,ν
1903 663 1937 690 τὰ

1156 708 1246 744 μικρῷ
1257 708 1372 744 πρόσθεν
1381 708 1551 744 δεδηλωμένα
1560 709 1654 738 εἰπὼν.
1669 708 1738 735 ὥστε
1753 709 1938 744 ὁμολογεῖσθαι

1155 753 1249 788 σαφῶς
1264 754 1295 780 τὸ
1305 753 1389 786 πάθος
1399 753 1480 780 αὑτοῦ
1499 755 1571 789 ἀμφὶ
1581 754 1629 789 τὴν
1644 754 1762 790 ἑσπέραν
1776 754 1872 786 νυκτὸς
1888 755 1936 781 ἑπ-

1155 799 1318 835 ελαυνούσης
1324 799 1516 833 γεγονέναι.Τὰ
1523 799 1550 826 δὲ
1556 800 1604 835 τῆς
1611 800 1643 826 ὲκ
1649 800 1750 835 νεκρῶν
1757 800 1938 832 ἀναστάσεως,

1154 846 1214 881 ἥτις
1229 843 1262 881 ἦν
1275 845 1414 879 ἀντίληψις
1429 845 1475 871 τοῦ
1489 846 1593 880 Πατρὸς
1606 845 1881 880 ἅντιλαμὸανομένου,
1893 847 1938 873 καὶ

1156 892 1195 922 εἰς
1206 891 1300 917 ἑαυτὸν
1316 892 1347 917 ὲκ
1363 891 1417 917 τῶν
1430 891 1475 917 τοῦ
1490 891 1606 918 Θανάτου
1621 892 1726 927 χωρίων
1736 892 1938 927 ἐπισπωμένου,

1155 939 1202 964 καὶ
1212 938 1244 963 λα
1249 937 1393 973 μϐάνοντος
1402 938 1492 970 αὑτὸν,
1499 939 1570 973 ἀμφὶ
1578 938 1627 972 τὴν
1637 938 1674 964 ξω
1684 937 1804 971 γέγονεν,
1815 937 1854 969 ὡς
1863 935 1938 969 αὖθις

1155 983 1209 1010 ἀπὸ
1222 984 1270 1018 τῆς
1284 984 1337 1010 τῶν
1353 984 1550 1017 εὐαγγελιττῶν
1564 982 1715 1019 μαρτυρεας
1729 983 1940 1019 supinant/0

1155 1030 1220 1064 γοῦν
1227 1031 1332 1062 Λουκᾶς
1341 1039 1406 1066 φησι
1415 1039 1421 1045 '
1435 1040 1443 1056 t
1450 1031 1488 1065 Τῇ
1500 1030 1527 1056 δὲ
1537 1031 1585 1065 μιᾷ
1593 1030 1647 1056 τῶν
1653 1029 1798 1056 Σαὸὗάτων
1807 1028 1888 1065 ἦλθον
1894 1029 1940 1063 δρι-

1155 1075 1219 1111 θρου
1234 1075 1335 1110 βαθέως
1349 1077 1394 1102 ἐπὶ
1410 1077 1439 1102 τὸ
1458 1078 1597 1112 μνημεῖον,
1614 1076 1743 1111 φέρουσαι
1756 1077 1774 1103 ἃ
1789 1076 1938 1112 ἡτοίμασαν

1154 1121 1298 1156 ἀρώματα,
1310 1131 1318 1146 ι
1326 1121 1445 1156 δηλονότι
1457 1123 1485 1148 αἱ
1493 1123 1630 1155 γυναῖκες,
1639 1122 1685 1148 καί
1692 1130 1763 1154 τινες
1773 1122 1821 1148 σὺν
1832 1122 1937 1153 αὑταῖς·

1157 1176 1166 1192 ι
1173 1164 1250 1201 εὖρον
1272 1167 1300 1193 δὲ
1312 1167 1358 1193 τὸν
1365 1167 1438 1193 λίθον
1445 1167 1692 1202 ἀποκεκυλισμένον
1702 1168 1734 1193 ἐκ
1740 1166 1787 1193 τοῦ
1795 1166 1937 1202 μνημείου·

1154 1212 1322 1238 εἰσελθοῦσαι
1341 1212 1368 1238 δὲ
1386 1212 1436 1247 οὐχ
1451 1209 1531 1248 εὗρον
1546 1212 1576 1238 τὸ
1594 1212 1683 1247 σῶμα,
1697 1222 1706 1237 ι
1722 1212 1765 1238 διὰ
1781 1211 1811 1238 τὸ
1827 1212 1877 1247 ἠδη
1893 1211 1938 1238 τὸν

1155 1258 1269 1293 Σωτῆρα
1286 1257 1363 1293 ἡμῶν
1378 1259 1410 1284 ἐκ
1433 1258 1537 1294 νεκρῶν
1553 1258 1712 1293 ἐγηγέρθαι.
1729 1258 1814 1284 Τοῦτο
1829 1258 1858 1284 δὲ
1874 1257 1938 1284 αὐνὼ

1154 1304 1221 1330 καὶὸ
1232 1304 1342 1339 Μάρκος
1348 1304 1431 1338 δηλοῖ,
1440 1304 1535 1338 λέγων·
1548 1314 1556 1329 ι
1570 1305 1624 1330 Καὶ
1634 1304 1692 1330 λίαν
1705 1303 1776 1339 πρωῒ
1785 1305 1817 1339 τῇ
1827 1304 1876 1339 μιᾷ
1885 1303 1937 1330 τῶν

1154 1347 1299 1374 Σαϐϐάτων
1316 1348 1439 1383 ἔρχονται
1455 1349 1499 1374 ἐπὶ
1516 1348 1544 1374 τὺ
1563 1350 1711 1383 μνημεῖον,
1730 1348 1818 1383 Ξτιῌ)
1832 1349 1936 1375 ἀνατεί-

1154 1393 1248 1425 λαντος
1259 1394 1305 1419 τοῦ
1314 1393 1402 1429 ἡλίου,
1417 1394 1462 1420 καὶ
1471 1394 1563 1427 ἔλεγον
1576 1394 1643 1429 πρὸς
1649 1394 1747 1425 ἑαυτάς
1757 1403 1763 1409 ⁸
1779 1395 1827 1425 Τίς
1835 1395 1936 1421 ἀποκυ-

1154 1439 1215 1475 λίσῃ
1231 1441 1296 1474 ἡμῖν
1311 1440 1356 1466 τὸν
1377 1440 1447 1466 λίθον
1472 1440 1525 1466 ἀπὸ
1546 1440 1595 1474 τῆς
1619 1439 1703 1474 θύρας
1724 1440 1770 1466 τοῦ
1788 1440 1936 1475 μνημεὶσδ;

1153 1483 1186 1520 ἦν
1206 1485 1260 1520 γὰρ
1278 1486 1363 1520 μέγας
1380 1486 1492 1520 σφόδρα.
1516 1486 1679 1521 Ἕρχονται,
1697 1487 1743 1513 καὶ
1767 1486 1935 1522 εὑρίσκουσιν

1153 1531 1234 1557 αὑτὸν
1253 1532 1509 1567 ἀποκεκυλισμένον.
1532 1542 1541 1557 ι
1559 1531 1611 1558 ⁷Ην
1632 1533 1659 1558 δὲ
1676 1532 1725 1567 ἤδη
1744 1533 1935 1568 ἐγηγερμένος.

321 1578 383 1611 fuit,
399 1577 628 1613 quemadmodum
656 1586 752 1606 rursus
777 1580 1004 1614 cvangelistarum
1027 1583 1137 1620 testi-c

1117 1593 1137 1620 ο
1157 1576 1247 1611 Ἔχεις
1263 1577 1309 1603 καὶ
1325 1577 1398 1612 παρὰ
1414 1577 1451 1612 τῷ
1473 1578 1584 1614 Ἰωάννῃ
1603 1578 1650 1612 τὴν
1674 1578 1757 1613 αὐτὴν
1771 1578 1933 1613 μαρτυρίαν,

321 1625 414 1652 monio
428 1625 614 1653 conﬁrmatur.
629 1624 768 1660 Siquidem
784 1624 872 1653 Lucas
888 1626 944 1654 haec
956 1628 995 1654 ait
1007 1637 1012 1654 :
1024 1637 1032 1653 ι
1044 1627 1103 1655 Una

321 1675 412 1698 autem
426 1669 604 1698 Sabbatorum
619 1671 698 1699 valde
712 1671 832 1699 diluculo
847 1677 981 1700 venerunt
997 1673 1030 1701 ad
1049 1681 1105 1701 mo-

322 1720 482 1744 numentum
507 1716 635 1747 ferentes.
658 1725 718 1752 qua:
744 1722 907 1752 paraverant
928 1724 1068 1752 aromata,
1091 1730 1102 1746 ι

320 1761 402 1798 ωδ
417 1763 544 1790 mulieres
555 1763 682 1790 videlicet
699 1767 726 1790 et
743 1764 867 1791 nonnulli
885 1772 947 1792 cum
958 1765 1016 1798 eis;
1034 1776 1043 1791 ι
1063 1766 1105 1793 in-

320 1813 452 1837 venerunt
464 1812 553 1836 autem
568 1809 684 1844 lapidem
701 1809 853 1836 revolutum
868 1818 883 1837 a
904 1816 1078 1838 monumento
1095 1822 1102 1839 :

321 1859 349 1882 et
362 1854 492 1890 ingressae
508 1862 562 1881 non
586 1855 748 1881 invenerunt
763 1862 863 1889 corpus
879 1856 914 1887 '°,
932 1865 941 1881 ι
962 1862 1105 1891 propterea

321 1899 396 1935 quod
408 1899 464 1934 jam
479 1904 537 1926 tum
552 1899 676 1927 Salvator
692 1905 784 1928 noster
798 1908 813 1927 a
830 1905 919 1928 morte
933 1906 993 1928 erat
1002 1903 1105 1929 excita-

322 1948 378 1972 tus.
404 1943 463 1972 Hoc
481 1952 546 1972 vero
570 1945 659 1980 ipsum
677 1945 784 1973 Marcus
803 1954 911 1981 quoque
924 1947 1043 1975 ostendit
1064 1948 1104 1974 sic

323 1989 418 2017 dicens
436 1999 443 2016 :
459 1999 468 2015 t
488 1989 521 2016 Et
537 1990 615 2017 valde
634 1998 715 2018 mane
728 1999 782 2018 una
799 1991 979 2020 Sabbatorum
992 1994 1104 2020 veniunt

323 2034 358 2063 ad
370 2039 586 2067 monumentum,
603 2041 662 2062 orto
673 2035 728 2070 jam
744 2037 811 2070 sole,
825 2041 852 2064 et
875 2037 1001 2065 dicebant
1024 2039 1057 2065 ad
1075 2047 1105 2067 se

323 2080 441 2109 invicem
458 2090 465 2107 :
480 2080 547 2113 Quis
559 2081 678 2108 re\olvet
694 2081 772 2109 nobis
784 2082 900 2117 lapidem
913 2083 946 2110 ab
960 2084 1030 2111 ostio
1047 2092 1104 2110 mo-

322 2127 464 2155 numenti?
479 2130 538 2154 erat
556 2127 655 2162 quippe
681 2135 795 2162 magnus
816 2129 892 2156 valde
909 2138 916 2155 :
931 2133 958 2156 et
982 2130 1102 2161 veniunt,

321 2178 349 2201 et
367 2172 508 2201 inveniunt
533 2181 595 2200 eum
622 2174 772 2201 revolutum
787 2175 820 2201 ν’.
839 2184 849 2200 ι
868 2174 932 2201 Erat
945 2181 1033 2202 autem
1048 2175 1103 2209 jam

322 2224 379 2246 tum
395 2219 538 2247 excitatus.
560 2219 648 2247 Habes
665 2221 735 2254 apud
762 2219 892 2247 Joannem
907 2228 1015 2254 quoque
1034 2221 1103 2247 idem

321 2268 507 2294 testimonium
520 2267 570 2294 hoc
585 2267 666 2295 modo
681 2277 688 2295 :
706 2277 715 2293 ι
735 2266 795 2294 Una
814 2272 902 2294 autem
921 2266 1102 2294 Sabbatorum

321 2313 396 2340 venit
411 2311 494 2339 Maria
503 2311 660 2347 Magdalene
671 2320 749 2339 mane
764 2312 796 2338 ad
812 2316 1027 2343 monumentum,
1040 2320 1101 2339 cum

321 2357 410 2384 adhuc
424 2357 544 2385 tenebrat
570 2361 673 2388 essent,
691 2361 718 2383 ct
738 2357 810 2384 videt
827 2357 943 2392 lapidem
967 2358 1101 2385 sublatum

321 2409 337 2430 a
361 2407 536 2431 monumento
551 2404 585 2431 9'.
608 2414 617 2429 ι
636 2403 778 2430 Μειιιιιικυε
789 2412 906 2438 quoque,
919 2405 1026 2431 tametsi
1042 2412 1105 2431 sero

323 2448 601 2482 Sabbatorum,dixit,
611 2454 730 2476 attamen
745 2450 868 2484 adiungit
879 2461 885 2477 :
897 2460 906 2475 ι
924 2450 960 2477 Ea
973 2451 1103 2485 quaaillu-

322 2496 406 2523 cescit
420 2496 448 2523 in
464 2503 546 2523 unam
563 2495 756 2526 Sabbatorum,
769 2497 842 2523 venit
865 2495 947 2523 Maria
968 2496 1104 2532 Magdale-

321 2547 366 2571 ne,
381 2544 406 2567 et
424 2540 476 2567 alia
492 2539 575 2567 Maria
599 2541 690 2568 videre
707 2541 873 2575 sepulcrum,
893 2545 919 2568 et
932 2549 997 2569 ecce
1010 2546 1104 2568 teme-

321 2590 411 2614 motus
429 2586 516 2613 factus
542 2591 584 2613 est
605 2594 730 2621 magnus.
756 2586 874 2621 Angelus
896 2587 968 2613 enim
996 2587 1103 2614 Domini

320 2632 489 2661 descendens
511 2632 544 2660 de
560 2632 630 2660 ccelo
656 2633 784 2664 accessit,
800 2636 827 2659 el.
850 2633 962 2660 revolvit
985 2633 1101 2668 lapidem

321 2679 355 2706 ab
371 2679 443 2706 ostio
460 2679 637 2707 monumenti.
651 2688 660 2704 ι
677 2677 740 2706 Ilaac
762 2678 853 2706 addidi
886 2680 1053 2711 necessario,
1073 2683 1102 2706 ut

321 2725 489 2753 ostenderem
511 2733 635 2760 quaenam
653 2726 687 2753 sit
707 2734 749 2758 ea,
765 2733 824 2761 qua:
839 2726 865 2753 in
881 2726 986 2760 psalmo
1005 2726 1102 2762 pradi-

321 2770 392 2797 citur
406 2772 544 2807 susceptio
553 2772 697 2799 matutina.
722 2771 790 2799 Nam
808 2781 870 2800 cum
899 2773 1034 2807 signiﬁcet
1057 2780 1100 2804 ea,

1155 1621 1260 1656 λέγοντι
1271 1632 1277 1637 ·
1296 1632 1306 1648 ι
1321 1623 1360 1658 Τῇ
1375 1623 1403 1649 δὲ
1420 1625 1467 1659 μιᾷ
1485 1623 1538 1649 τῶν
1553 1623 1698 1650 Σαεὸἀτων
1715 1624 1823 1659 ἔρχεται
1843 1624 1935 1659 Μαρία

1155 1670 1172 1705 ἡ
1188 1669 1351 1705 Μαγδαληνὴ
1373 1669 1444 1705 πρωῒ
1457 1671 1497 1701 εἰς
1512 1670 1542 1695 τὸ
1561 1671 1702 1704 μνημεῖον,
1714 1669 1752 1696 ἐτι
1767 1670 1875 1702 σκοτίας
1890 1670 1935 1697 αὖ·

1156 1723 1218 1750 σης,
1229 1715 1275 1741 καὶ
1287 1715 1380 1750 βλέπει
1394 1714 1440 1741 τὸν
1451 1715 1523 1741 λίθον
1538 1715 1656 1751 ἠρμένον
1668 1716 1700 1741 ἐκ
1716 1715 1762 1741 τοῦ
1777 1716 1933 1752 μνημείου.»

1156 1761 1210 1788 Καὶ
1223 1762 1236 1787 ὀ
1250 1762 1386 1792 Mat-.0229;
1400 1761 1443 1793 δὲ,
1470 1763 1494 1788 εξ
1516 1762 1561 1787 καὶ
1581 1761 1631 1796 ὀψὲ
1656 1761 1800 1788 Σαῦϐάτων
1817 1762 1934 1798 εἴρηκεν,

1155 1808 1211 1833 ἀλλ’
1229 1808 1351 1843 ἐπιφέρει
1367 1807 1468 1841 λέγων·
1493 1818 1501 1833 ι
1518 1808 1574 1842 Τῆς
1596 1807 1804 1843 ἐπιφωσκούσης
1819 1808 1858 1840 εις
1874 1808 1936 1843 μιαν

1156 1854 1315 1885 Σαεῦάτων,
1330 1851 1395 1888 ἦλθε
1416 1854 1510 1889 Μαρία
1531 1854 1547 1888 ἡ
1566 1853 1748 1889 Μαγδαληνὴ,
1763 1853 1810 1881 καὶ
1829 1855 1846 1889 ἡ
1871 1853 1936 1888 ἄλλη

1155 1901 1249 1935 Μαρία
1261 1900 1394 1935 θεωρῆσαι
1409 1899 1453 1925 τὺν
1467 1900 1562 1934 τάφον,
1579 1899 1626 1926 καὶ
1641 1899 1693 1926 ἰδοὺ
1707 1900 1817 1934 σεισμὸς
1832 1899 1937 1934 ἐγένετο

1157 1946 1252 1981 μέγας.
1267 1946 1397 1980 Ἀγγελος
1413 1946 1467 1981 γὰρ
1486 1946 1587 1981 Κυρίου
1598 1966 1605 1977 ,
1622 1946 1744 1978 καταϐὰς
1760 1946 1789 1979 ἐξ
1805 1945 1936 1982 οὐρανοῦ,

1156 1990 1310 2026 προσελθὼν
1328 1990 1476 2017 ἀπεκύλισε
1491 1991 1536 2017 τὸν
1557 1991 1629 2017 λίθον
1650 1991 1703 2017 ἀπὸ
1721 1991 1771 2026 τῆς
1791 1990 1876 2026 θύρας
1890 1990 1936 2018 τοῦ

1158 2037 1298 2072 μνημείου.
1317 2047 1325 2062 ι
1342 2036 1432 2063 Ταῦτα
1447 2037 1475 2063 δὲ
1491 2037 1645 2071 ἀναγκαίως
1659 2037 1816 2073 παρεθέμην
1829 2038 1870 2069 εις
1883 2045 1938 2063 πα-

1157 2084 1286 2120 ράστασιν
1298 2082 1347 2117 τῆς
1365 2083 1393 2108 εν
1405 2082 1444 2117 τῷ
1454 2082 1553 2118 ψαλμῷ
1571 2082 1811 2118 προφητευομένης
1825 2082 1938 2118 ἑωθινῆς

1155 2129 1330 2164 ἀντιλήψεως.
1349 2128 1423 2154 Ἐπεὶ
1439 2128 1493 2164 γὰρ
1512 2129 1544 2155 τὰ
1560 2130 1623 2164 περὶ
1643 2129 1689 2155 τοῦ
1706 2128 1807 2161 πάθους
1822 2128 1870 2155 τοῦ
1883 2129 1938 2156 Σω-

1154 2176 1235 2210 τῆρος
1251 2175 1329 2209 ἡμῶν
1345 2174 1489 2210 σημαίνει,
1505 2175 1535 2201 οὺ
1550 2175 1602 2210 μὴν
1617 2175 1762 2209 κατέληξεν
1776 2175 1793 2210 ὴ
1815 2175 1875 2202 κατ’
1889 2175 1938 2202 αὑ·

1155 2222 1199 2247 τὸν
1215 2221 1353 2255 οἰκονομία
1367 2222 1394 2247 ἐν
1412 2221 1449 2255 τῷ
1466 2220 1557 2253 πάθει,
1568 2221 1642 2252 τέλος
1656 2221 1683 2247 δὲ
1696 2220 1743 2247 τοῦ
1761 2220 1863 2252 πάθους
1876 2221 1893 2257 ἡ
1905 2222 1937 2248 ὲκ

1154 2267 1258 2302 νεκρῶν
1273 2267 1417 2298 ἀνάστασις
1430 2265 1474 2302 ἦν,
1489 2267 1536 2293 καὶ
1550 2268 1566 2302 ἡ
1582 2266 1722 2301 ἀντίληψις
1736 2268 1753 2302 ὴ
1770 2266 1879 2302 ἑωθινὴ,
1900 2267 1938 2294 ει-

1156 2314 1242 2344 κότως
1257 2314 1270 2339 ὁ
1279 2313 1356 2346 λόγος
1372 2312 1410 2347 τῷ
1426 2312 1568 2348 παραδόξῳ
1579 2312 1649 2338 τέλει
1660 2313 1709 2347 τὴν
1721 2313 1832 2348 Γραφὴν
1846 2311 1932 2339 ἀνατί-

1156 2358 1231 2385 θεται
1241 2379 1248 2391 ,
1259 2359 1296 2390 ὠς
1312 2359 1360 2394 τῆς
1385 2358 1536 2390 ὑποθέσεως
1553 2358 1670 2393 ἀπάσης,
1689 2359 1737 2384 καὶ
1752 2358 1808 2385 τῶν
1821 2358 1876 2394 προ
1889 2357 1935 2385 ιιτῦ

1156 2405 1249 2436 τέλους
1274 2404 1442 2440 παθημάτων
1462 2405 1512 2440 τῆς
1534 2407 1566 2432 ὲκ
1580 2405 1684 2441 νεκρῶν
1701 2405 1874 2436 ἀναστάσεως
1889 2403 1935 2431 καὶ

1154 2451 1203 2486 τῆς
1218 2450 1384 2486 ἀντιλήψεως
1399 2452 1449 2486 τῆς
1473 2451 1586 2486 ἑωθινῆς
1600 2451 1692 2477 ἕνεκεν
1712 2450 1874 2486 γενομένων.
1889 2450 1935 2477 El-

1155 2497 1213 2524 πὼν
1228 2497 1293 2531 γοῦν
1309 2498 1322 2523 ὁ
1341 2497 1434 2532 Σωτὴρ
1447 2497 1494 2523 καὶ
1508 2496 1609 2532 Κύριος
1623 2496 1700 2532 ἡμῶν
1714 2496 1744 2522 τὸ
1754 2516 1761 2528 ,
1780 2505 1790 2522 ι
1812 2496 1841 2522 ’0
1856 2495 1936 2527 Θεὸς,

1153 2545 1167 2570 ὁ
1183 2544 1248 2574 Θεός
1267 2552 1316 2579 μου
1328 2563 1335 2574 ,
1354 2544 1472 2578 πρόσχες
1487 2551 1547 2578 μοι,
1567 2543 1610 2569 ῖνα
1624 2543 1651 2569 τί
1667 2542 1843 2576 ἐγκατέλιπές
1857 2549 1908 2578 In;
1923 2551 1934 2567 ι

1154 2590 1200 2616 καὶ
1216 2590 1278 2624 ἑξῆς
1293 2588 1438 2623 ἐπαγαγὼν
1454 2589 1500 2620 τὸ.
1518 2598 1528 2614 ι
1549 2589 1619 2623 Ἐγὼ
1635 2588 1664 2615 δέ
1684 2590 1741 2623 εἰμι
1754 2587 1876 2624 σκώληξ,
1891 2588 1937 2614 καὶ

1156 2638 1206 2663 οὐκ
1225 2636 1381 2671 ἄνθρωπος,
1399 2635 1497 2666 ὄνειδος
1518 2634 1684 2670 ἀνθρώπων,
1709 2634 1756 2660 καὶ
1772 2633 1937 2668 ὲξουδινημα

1155 2682 1235 2709 λαοῦ·
1256 2691 1264 2707 ι
1281 2682 1327 2708 καὶ
1349 2681 1388 2707 ἔτι
1411 2680 1539 2716 προσθεὶς
1552 2680 1600 2712 τὸ,
1625 2689 1633 2705 ι
1652 2678 1877 2715 Περιεκύκλωσάν
1901 2686 1937 2714 με

1157 2729 1250 2763 μόσχοι
1273 2727 1378 2759 πολλοὶ,
1393 2726 1489 2761 ταῦροι
1510 2726 1600 2757 πίονες
1624 2725 1766 2760 περιέσχον
1787 2732 1839 2759 με·
1854 2733 1865 2750 ι
1889 2722 1936 2750 καὶ

1156 2773 1248 2807 σαφῶς
1263 2773 1308 2798 ’ἣν
1325 2772 1438 2798 θάνατον
1453 2771 1535 2798 αὑτοῦ
1553 2770 1810 2806 προμαρτυρόμενος
1830 2769 1875 2797 διὰ
1886 2768 1939 2801 ab,

356 2826 379 2842 ⁸³
398 2826 482 2855 Marc.
501 2835 551 2859 xv,
568 2827 661 2854 55—55.
700 2827 722 2842 ⁸⁹
741 2826 813 2854 Psal.
834 2835 899 2861 nl,
920 2828 943 2854 l.
983 2828 1005 2843 ⁹⁰
1026 2827 1094 2854 Luc.
1112 2835 1185 2859 xxiv,

1001 2829 1005 2842 '
1026 2827 1094 2854 Luc.
1112 2835 1186 2859 sxw,
1202 2828 1257 2854 1-5.
1293 2828 1314 2843 ’¹
1335 2826 1418 2855 Mare.
1436 2835 1492 2859 XVI,
1507 2827 1566 2854 2-4.
1604 2827 1626 2842 ⁹¹
1644 2825 1723 2853 Joan.
1740 2834 1786 2859 xx,
1805 2825 1830 2853 Ι.

357 2872 394 2903 (lt
413 2873 473 2897 Ἔτι
502 2872 580 2907 Vulg.
596 2873 689 2903 deest;
708 2876 754 2898 aut
767 2877 841 2900 certe
856 2872 998 2907 legendum
1014 2873 1085 2907 ἄρτι,
1103 2873 1143 2900 vel
1160 2881 1185 2900 m

1108 2873 1143 2900 rel
1160 2873 1258 2901 melius
1270 2873 1372 2905 οὐκέτι,
1390 2872 1463 2907 qnod
1478 2877 1504 2900 et
1528 2872 1613 2907 magis
1638 2871 1766 2899 convenit
1792 2870 1832 2907 τῷ
1865 2871 1937 2899 λίαν

323 2907 405 2942 πρωΐ,
421 2906 553 2942 ejusdem,
566 2913 621 2935 tum
637 2911 662 2935 et
676 2912 835 2935 cwtcrorum
847 2906 1005 2944 evangelist.
1023 2908 1099 2935 Luir.
