2099 3217
173 728 189 759 'u

210 206 263 234 765

212 273 223 290 ‹
238 263 286 295 Εἰς
301 263 364 298 χοῦν
382 263 495 291 Θανάτου
516 266 670 300 κατήγαγες
691 275 725 301 με
737 276 743 282 -

211 318 246 344 με
257 308 338 340 κύνες
352 309 458 341 πολλοὶ,
475 310 616 346 συναγωγὴ
629 314 850 348 πονηρευομένων
863 315 989 350 περιέσχε

210 364 255 390 με,
269 355 385 390 Ὤρυεαν
396 356 487 391 χεῖράς
504 365 553 390 μου
566 358 612 383 καὶ
628 357 712 390 πόδας
729 367 796 393 μου·
814 369 823 385 ι
839 360 885 386 καὶ
901 360 939 386 ἔτι
956 361 989 387 τὰ

207 401 280 436 ἀμφὶ
294 400 333 435 τῷ
349 400 429 428 πάθει
445 401 633 437 συμϐεϐηκότα
650 404 723 439 αὑτῷ
735 406 859 440 σημήνας
872 406 915 432 διὰ
931 406 988 439 τοῦ,

211 456 221 472 ι
237 446 429 480 Διεμερίσαντο
449 447 484 473 τὰ
501 448 597 482 ίμάτιά
615 458 664 484 μου
687 450 802 484 ἑαυτοῖς,
815 452 861 478 καὶ
879 453 924 478 ἐπὶ
944 451 988 479 τὸν

208 491 354 527 ἱματισμόν
372 501 422 528 μου
441 493 535 520 ἔϐαλον
551 494 662 530 κλῆρον’
683 505 691 520 ι
708 496 793 522 ταῦτα
809 497 854 524 καὶ
876 497 909 524 τὰ
929 497 989 524 τοὺ-

206 546 264 569 τοις
287 538 465 574 παραπλήσια
487 540 623 575 προειπὼν
633 561 640 572 ,
664 542 714 568 οὐκ
729 542 775 568 ἐπὶ
791 542 894 574 τούτοις
907 543 970 578 ἔστη
980 563 987 574 ,

206 584 267 610 ἀλλ’
276 584 396 618 ἐπιλέγει
408 593 414 598 ·
429 594 438 610 ι
454 585 485 611 Οἱ
501 585 661 621 φοϐούμενοι
676 587 722 613 τὸν
737 587 848 622 Κύριον,
863 588 987 615 αἱνὲσατε

205 629 298 661 αὑτὸν,
309 630 350 656 ὅτι
362 630 411 656 οὐκ
425 629 614 663 ἑξουδένωσεν.
626 633 686 659 οὐδὲ
700 633 869 668 προσώχθισε
884 635 917 669 τῇ
929 634 989 669 δεή-

208 682 250 700 σει
265 674 313 700 τοῦ
326 673 444 709 πτωχοῦ,
458 674 517 700 οὐδὲ
533 676 685 711 ἀπέστρεψε
698 677 726 702 τὺ
741 677 884 712 πρόσωπον
905 677 987 704 αὐτοῦ

205 719 254 746 ἀπ’
269 719 345 755 ἐμοῦ,
372 720 419 746 καὶ
435 721 464 747 ὲν
480 721 519 756 τῷ
534 722 697 757 κεκραγέναι
713 732 745 758 με
760 724 827 759 πρὸς
843 724 923 750 αὑτὸν
943 725 989 751 s7!-

206 765 307 801 ήκουσέ
325 774 385 801 μου.
398 775 408 792 ι
423 766 485 797 Πῶς
505 767 527 792 δ’
540 766 573 793 ἂν
594 768 688 802 ἔλεγεν
703 768 876 804 είσηκοῦσθαι
886 790 893 802 ,
905 771 929 796 εί
951 770 987 805 μὴ

205 810 315 842 πάντως
329 811 472 846 τετυχὴκει
488 811 542 837 τῶν
559 813 644 847 εὐχῶν
654 833 661 844 ,
680 814 726 840 καὶ
742 811 779 840 ὦν
797 815 830 840 ἐν
848 816 904 846 τοῖς
919 815 986 850 πρό-

206 856 270 882 σθεν
283 856 412 891 ὲδεδέητο,
426 858 470 883 ὅτε
483 857 559 892 ἔλεγε
576 858 616 889 τὸ,
633 869 641 884 ι
657 859 704 890 Εἰς
719 859 782 894 χοῦν
798 860 911 886 θανάτου
922 869 988 887 κατ-

205 900 308 936 ήγαγες
334 909 378 936 με.
403 901 496 928 Ῥὖσαι
516 902 571 929 ἀπὸ
593 904 728 938 ῥομφαίας
748 905 799 940 τὴν
812 905 900 940 ψυχήν
924 915 986 941 μου,

205 946 254 973 καὶ
266 947 298 972 ὲκ
313 947 403 982 χειρὸς
417 947 496 979 κυνὸς
508 948 556 984 τὴν
571 949 704 984 μονογενῆ
719 959 788 985 μου;
806 960 815 976 ι
833 951 918 978 ταῦτα
934 951 988 987 γὰρ

205 990 370 1027 εὐξάμενος,
390 993 437 1019 καὶ
457 993 563 1028 δεηθεὶς
581 995 614 1020 ἐκ
633 995 733 1022 τούτων
751 996 881 1032 ῥυσθῆναί
896 1005 926 1023 τε
941 998 988 1024 κα).

206 1036 343 1072 σωθῆναι,
358 1037 446 1073 τυχὼν
460 1035 496 1065 ὧν
509 1038 611 1073 ηὔξατο
620 1060 626 1071 ,
639 1040 775 1074 ἐπιλέγει·
792 1051 801 1066 ε
816 1042 872 1068 Οὐκ
885 1042 989 1075 agonas.

203 1090 290 1108 νωσεν
308 1083 367 1109 οὐδὲ
387 1083 556 1119 προσώχθισε
569 1086 603 1120 τῇ
619 1085 709 1121 δεήσει
728 1085 775 1112 τοῦ
791 1087 898 1122 πτωχοῦ
908 1107 914 1118 ,
928 1088 987 1114 οὐδὲ

203 1127 358 1163 ἀπέστρεψε
373 1128 403 1154 τὺ
418 1129 562 1164 πρόσωπον
582 1130 662 1156 αὑτοῦ
682 1131 728 1157 ἀπ’
743 1131 825 1165 ἐμοῦ,
843 1133 889 1158 καὶ
907 1134 935 1159 ἐν
948 1132 987 1167 τῷ

203 1173 369 1208 κεκραγέναι
390 1182 424 1208 με
450 1175 517 1210 πρὸς
533 1175 614 1201 αὑτὸν
636 1176 772 1211 ἐπήκουσέ
786 1185 836 1208 μου
847 1186 853 1192 ·
867 1187 876 1203 ι
895 1178 988 1212 σαφῶς

201 1219 254 1254 τὴν
271 1219 338 1254 μετὰ
362 1219 474 1246 θάνατον
489 1221 635 1247 ἀναϐίωσιν
654 1221 736 1248 αὑτοῦ
752 1222 855 1258 δηλῶν,
869 1224 928 1259 ἥτις
942 1225 988 1258 γέ-

207 1273 287 1299 γονεν
303 1265 373 1292 κατὰ
385 1266 433 1302 τὴν
446 1266 560 1302 ἑωθινὴν
573 1267 722 1300 ἀντίληψιν,
736 1268 768 1303 ἣν
783 1268 847 1303 ἑξῆς
858 1269 960 1304 προῖὼν
974 1270 988 1296 ὁ

202 1310 308 1345 ψαλμὺς
331 1311 511 1346 παρέστησεν,
531 1311 630 1337 εἰπών·
650 1321 659 1336 ‹
675 1312 710 1338 Σὺ
722 1311 759 1343 δὲ,
775 1311 870 1347 Κύριε,
889 1312 925 1348 μὴ
937 1321 989 1347 μα-

202 1355 306 1391 κρύνῃς
314 1355 363 1390 τὴν
377 1355 500 1391 βοήθειάν
511 1365 573 1391 μου,
585 1357 623 1387 εἰς
635 1356 683 1391 τὴν
693 1356 832 1391 ἀντίληψίν
845 1365 894 1392 μου
903 1358 987 1393 πρόσ-

201 1409 277 1435 σχες.
293 1411 303 1427 ι
315 1402 398 1429 Ποίαν
418 1402 450 1438 δὴ
475 1402 625 1437 ἀντίληψιν,
640 1402 696 1428 ἀλλ’
713 1403 745 1438 ἦν
760 1403 805 1428 καὶ
816 1403 832 1437 ὴ
843 1403 986 1438 προγραφὴ

200 1446 251 1473 τοῦ
274 1446 382 1482 ψαλμοῦ
407 1447 544 1483 ﬂvit-.510;
565 1447 643 1473 Ἀλλὰ
659 1447 744 1474 ταῦτα
762 1448 808 1482 μὲν
832 1449 896 1483 ἡμῖν
913 1449 988 1484 εἰρή-

203 1492 261 1519 σθω
274 1493 313 1524 είς
327 1493 374 1528 τὴν
384 1493 431 1519 τοῦ
441 1493 548 1528 ψαλμοῦ
560 1494 730 1529 προγραφήψ
740 1495 778 1525 εἰς
793 1494 821 1520 δὲ
830 1494 870 1526 τὸ,
881 1504 889 1519 ε
902 1494 986 1526 Ἠλεὶ,

209 1539 299 1570 Ἠλεὶ,
315 1539 585 1575 λαμμᾶνσαϐαχθανὶ,
605 1549 614 1565 ι
636 1539 777 1575 εἰρημένον
796 1539 844 1574 μὲν
866 1540 918 1566 ὑπὸ
939 1539 985 1566 τοῦ

201 1584 327 1620 Σωτῆρος
346 1584 423 1619 ἡμῶν
445 1585 535 1616 αὐτοῖς
554 1584 704 1621 Ἐϐραῖκοξ
728 1585 841 1620 ὀνόμασι
863 1585 926 1620 περὶ
942 1584 986 1612 τδν

200 1629 250 1656 τοῦ
273 1629 376 1661 πάθους
399 1630 505 1665 καιρὸν,
525 1630 649 1665 κείμενον
664 1630 691 1656 δὲ
708 1631 755 1657 καὶ
776 1631 804 1657 ὲν
819 1630 857 1665 τῷ
871 1629 984 1666 ψαλμῷ,

200 1677 252 1711 ὅρα
265 1677 301 1711 μή
311 1685 351 1708 τις
365 1676 482 1710 ἔγκειται
495 1675 630 1712 βαθυτέρα
647 1677 747 1712 θεωρία
759 1677 823 1712 παρ’
841 1676 984 1712 Ἑϐραίοις.

209 1722 325 1756 Ἑλωεὶμ
341 1722 394 1758 γὰρ
406 1723 420 1748 ὁ
429 1722 495 1753 Θεὸς
507 1721 669 1757 ὀνομάζεται
679 1731 686 1737 ·
702 1722 835 1749 καὶτοῦτο
845 1722 888 1748 διὰ
899 1723 986 1758 πάσης

201 1768 297 1803 σχεδὸν
309 1767 399 1804 εὕροις
415 1768 447 1795 ἂν
457 1769 506 1803 τῆς
521 1769 632 1803 Γραφῆς
644 1777 650 1783 ·
665 1769 726 1794 ἐπεὶ
740 1770 787 1794 καὶ
801 1769 901 1804 κυρίως
916 1768 986 1794 οὔτω

200 1814 279 1850 παρὰ
301 1816 356 1846 τοῖς
383 1815 583 1850 Ἐϐδομήκοντα
606 1814 646 1840 ἔτι
665 1814 712 1841 καὶ
728 1814 775 1840 νῦν
799 1816 831 1849 τῇ
854 1814 986 1849 Ἐϐραίων

199 1859 363 1896 ὀνομάζεται
388 1862 473 1896 φωνῇ.
495 1860 624 1895 Φέρονται
640 1868 671 1894 γε
688 1860 740 1896 μὴν
758 1861 823 1894 παρ’
841 1860 932 1890 αὐτοῖς
941 1860 986 1886 ἐπὶ

199 1907 252 1942 τῆς
267 1905 341 1938 θείας
355 1906 540 1942 προσηγορίας
555 1906 601 1932 καὶ
613 1905 706 1941 ἓτεραί
719 1913 791 1936 τινες
807 1906 984 1940 ἐκφωνήσεις,

200 1951 344 1987 ὠσπεροῦν
358 1951 404 1978 καὶ
416 1951 446 1978 τδ
456 1971 464 1984 ,
478 1951 576 1978 Σαδδαῒ
585 1972 593 1983 ,
605 1952 651 1978 καὶ
663 1950 693 1977 τὸ
713 1950 787 1982 Ἰαὼ,
800 1951 846 1977 καὶ
859 1951 911 1977 Ἢλ
920 1970 927 1982 ,
940 1950 986 1976 καὶ

200 1997 271 2024 ἄλλα
292 1997 397 2029 τούτοις
413 1996 602 2033 παραπλήσια.
631 1997 661 2023 '0
680 1995 712 2031 δὴ
735 1994 781 2022 οὖν
805 1995 872 2031 μετὰ
892 1997 986 2031 χεῖρας

199 2042 308 2078 ψαλμὸς
325 2042 378 2069 ἀπὸ
392 2042 438 2069 τοῦ
459 2042 528 2074 Ἢλ,
555 2041 645 2073 Ἠλεὶ,
672 2041 759 2071 Ἠλεὶ,
780 2039 876 2075 λαμμᾶ
901 2039 985 2065 σαϐα-

200 2089 292 2125 χθανὶ,
300 2089 430 2124 περιέχει,
437 2085 458 2122 ᾧ
466 2087 596 2123 κέχρηται
604 2087 651 2114 καὶ
660 2087 674 2114 ὁ
681 2086 782 2122 Κύριος
794 2085 882 2121 ἡμῶν.
891 2085 921 2112 οὺ
933 2085 985 2120 μὴν

200 2135 259 2162 ἀπὸ
274 2135 321 2162 τοῦ
338 2135 463 2170 Ἐλωείμ.
479 2135 509 2161 'U
525 2133 589 2168 γοῦν
614 2133 739 2164 Ἀκύλας,
753 2132 882 2167 διαφορὰν
898 2131 984 2162 εἰδὼς,

199 2181 253 2216 τῆς
267 2182 331 2216 παρ’
343 2181 478 2215 Ἑϐραίοις
490 2179 557 2207 Θεοῦ
568 2179 751 2215 προσηγορίας
769 2180 800 2205 ὲκ
811 2177 857 2204 τοῦ
872 2177 986 2212 Ἐλωεὶμ

201 2226 416 2262 σημαινομένης,
429 2226 460 2252 τὸ
470 2225 516 2251 νῦν
528 2225 690 2261 δηλούμενον
705 2225 734 2250 ὲν
745 2223 783 2259 τῷ
799 2223 882 2255 Ἠλεὶ,
900 2222 984 2254 Ἠλεὶ,

646 206 970 237 DEMONSTRATIONIS
989 209 1214 238 EVANGELICE
1229 210 1294 238 LIB.
1312 209 1346 238 Χ.

1765 209 1819 237 766

767 267 808 293 ὅτι
831 267 986 295 ἐκύκλωσαν

1004 273 1024 299 Α
1039 277 1099 304 qua!
1111 269 1144 296 ad
1160 270 1313 304 passionem
1335 267 1485 295 Salvatoris
1499 266 1585 294 nostri
1606 266 1752 302 pertinent,
1769 275 1819 294 nec

1039 316 1066 342 in
1081 315 1208 350 passione
1223 314 1334 342 desierit
1354 321 1397 345 ea,
1412 321 1471 348 quae.
1492 313 1525 340 ad
1541 313 1629 348 ipsum
1643 317 1747 348 spectat
1760 313 1819 340 dis-

1038 360 1171 394 pensatio,
1193 359 1331 394 passionis
1353 366 1419 386 vero
1447 358 1509 385 ﬁnis
1521 358 1579 393 ipsa
1594 357 1676 385 fuerit
1701 365 1717 384 a
1731 362 1820 386 morte

1038 404 1072 432 ad
1088 405 1171 431 vitam
1187 404 1334 436 restitutio,
1350 407 1377 430 et
1393 403 1526 430 matutina
1551 403 1699 437 susceptio,
1721 403 1819 430 merito

1038 450 1178 477 oraculum
1189 449 1253 476 huic
1268 449 1314 476 fini
1324 449 1475 476 admirabili
1488 449 1573 483 ipsam
1588 448 1695 476 dedicat
1705 448 1820 482 scriptu-

1038 503 1107 528 ram,
1119 503 1173 522 non
1182 503 1260 522 secus
1273 502 1304 522 ac
1317 494 1341 522 si
1356 502 1436 521 omne
1448 494 1602 528 huiusmodi
1619 497 1818 529 argumentum.

1037 547 1064 569 et
1085 549 1177 568 earum
1201 541 1374 568 vexationum
1400 548 1461 575 quae
1477 541 1557 568 linem
1579 541 1680 574 ipsum,
1702 540 1820 566 reditum

1038 587 1132 621 utique
1146 587 1179 614 de
1194 590 1282 614 morte
1301 585 1335 612 ad
1347 586 1431 612 vitam
1449 589 1666 616 antecesserunt,
1682 589 1708 612 et
1725 592 1821 612 susce-

1038 631 1139 667 ptionis
1164 631 1303 658 matutina:
1325 638 1419 662 causa,
1445 630 1586 658 inductum
1609 631 1654 658 sit.
1681 629 1734 657 Ubi
1754 637 1821 665 ergo

1039 677 1164 704 Salvator
1181 683 1214 704 ac
1233 676 1365 704 Dominus
1392 676 1458 703 illud
1484 676 1576 703 dixit:
1605 684 1615 701 ι
1644 675 1726 708 Deus,
1749 675 1821 703 Deus

1037 730 1130 754 meus,
1153 722 1258 757 respice
1273 723 1301 750 in
1325 729 1385 754 me.
1405 729 1488 757 quare
1511 722 1677 757 dereliquisti
1695 722 1773 750 me?»
1788 729 1821 749 ac

1038 768 1166 802 deinceps
1184 767 1250 794 illud
1266 767 1370 794 addidit
1385 776 1392 794 :
1410 776 1419 792 ι
1437 766 1492 801 Ego
1511 770 1599 794 autem
1610 774 1670 794 sum
1678 767 1780 794 vermis
1794 769 1822 794 et

1038 820 1093 840 non
1108 813 1199 844 homo,
1211 813 1387 848 opprobrium
1398 812 1550 844 hominum.
1566 816 1592 840 et
1605 812 1722 847 abjeetio
1735 819 1822 848 popu-

1038 858 1056 884 li
1075 867 1081 884 :
1099 867 1109 883 i
1127 865 1235 885 necnon
1253 857 1321 885 illud
1338 858 1454 893 subjecit
1468 867 1475 885 ε
1491 867 1500 884 1
1515 857 1762 885 Circumdederunt
1778 865 1823 886 me

1038 904 1115 931 vituli
1130 904 1220 936 multi.
1236 905 1307 932 tauri
1319 904 1436 940 pingues
1449 904 1615 932 obsederunt
1630 911 1684 935 me,
1700 913 1710 929 ›
1726 907 1754 931 et
1765 903 1824 932 evi-

1003 941 1024 968 Β
1039 948 1135 976 denter
1150 957 1227 977 suam
1251 955 1366 978 mortem
1385 950 1556 978 denuntiavit
1571 958 1605 977 ex
1621 950 1677 981 ille,
1693 959 1702 976 ι
1717 949 1744 976 in
1761 949 1822 984 pul-

1037 1001 1128 1022 verem
1142 995 1237 1023 mortis
1257 995 1392 1023 deduxisti
1406 1003 1450 1023 me
1466 1005 1472 1022 :
1485 996 1614 1031 quoniam
1633 995 1822 1023 circumdede-

1037 1045 1102 1068 runt
1124 1049 1166 1068 me
1191 1049 1274 1069 canes
1290 1042 1380 1075 multi,
1406 1043 1582 1077 congregatio
1613 1041 1822 1076 malignantium

1038 1087 1146 1115 obsedit
1160 1096 1214 1119 me,
1231 1088 1360 1116 foderunt
1374 1096 1472 1116 manus
1486 1096 1560 1116 meas
1578 1092 1605 1116 ct
1622 1088 1705 1123 pedes
1716 1095 1819 1116 meos»

1037 1132 1170 1160 Praeterea
1186 1134 1232 1161 ubi
1257 1135 1338 1161 etiam
1356 1142 1388 1162 ea
1404 1142 1465 1169 quae
1481 1135 1533 1162 sub
1556 1135 1642 1169 ipsam
1665 1134 1822 1169 passionem

1038 1178 1089 1206 sibi
1113 1183 1274 1210 evenerunt.
1296 1179 1458 1214 significavit
1483 1180 1537 1208 illis
1555 1180 1668 1207 verbis:
1689 1188 1698 1205 I
1717 1179 1823 1207 Divise-

1037 1228 1101 1251 runt
1121 1225 1281 1252 vestimenta
1307 1233 1366 1252 mea
1381 1226 1444 1257 sibi,
1459 1228 1486 1253 et
1509 1233 1592 1260 super
1617 1229 1718 1253 vestem
1733 1233 1822 1252 meam

1038 1269 1172 1296 miserunt
1187 1275 1300 1298 sortem.
1319 1281 1329 1296 ι
1344 1270 1418 1302 Hinc,
1431 1275 1512 1305 atque
1526 1271 1567 1297 his
1581 1271 1679 1298 similia
1692 1270 1738 1297 ubi
1753 1278 1823 1305 pra.

1037 1315 1115 1348 dixit,
1138 1324 1191 1343 non
1211 1317 1287 1344 intra
1311 1317 1368 1344 haec
1391 1317 1476 1349 stetit,
1494 1316 1576 1352 494,
1603 1316 1650 1343 sed
1672 1315 1821 1350 adjunxit:

1040 1370 1049 1386 ι
1071 1361 1122 1394 Qui
1152 1362 1252 1389 timetis
1281 1362 1436 1393 Dominum,
1458 1361 1566 1388 laudate
1597 1368 1670 1391 eum,
1692 1361 1822 1395 quoniam

1038 1414 1092 1433 non
1114 1406 1238 1440 sprevit,
1260 1414 1347 1440 neque
1375 1406 1489 1433 moleste
1520 1406 1581 1432 tu‘lit
1605 1405 1821 1439 deprecationem

1038 1452 1175 1486 pauperis,
1193 1459 1279 1486 neque
1290 1452 1386 1479 avertit
1400 1451 1496 1478 faciem
1513 1458 1589 1478 suam
1613 1458 1628 1477 a
1648 1458 1701 1481 me,
1716 1454 1744 1477 et
1760 1458 1821 1478 cum

1038 1498 1184 1530 clamarem
1202 1498 1234 1524 ad
1252 1505 1326 1528 eum,
1345 1497 1484 1524 exaudivit
1500 1504 1551 1524 me.
1569 1506 1579 1523 ε
1598 1496 1656 1529 Qua
1673 1501 1763 1523 autem
1778 1504 1823 1522 ra-

1038 1543 1111 1570 tione
1125 1543 1228 1571 diceret
1251 1552 1280 1570 se
1303 1543 1478 1570 exauditam?
1493 1543 1515 1570 si
1530 1551 1583 1570 non
1601 1546 1766 1570 consecutus
1779 1550 1823 1570 es-

1038 1593 1090 1621 set,
1116 1597 1176 1624 qua:
1203 1593 1354 1625 optaverat,
1372 1596 1486 1624 quaeque
1504 1589 1629 1623 superius
1661 1588 1822 1622 deprecatus

1038 1635 1133 1663 fuerat.
1154 1643 1215 1662 cum
1230 1635 1299 1662 dixit
1313 1634 1396 1661 illud:
1418 1643 1427 1659 ί
1452 1634 1481 1660 In
1505 1635 1642 1668 pulverem
1665 1634 1760 1661 mortis
1773 1633 1821 1660 de-

1037 1681 1137 1708 duxisti
1163 1689 1215 1711 me,
1233 1680 1309 1715 eripe
1327 1688 1342 1706 a
1360 1681 1462 1707 framea
1485 1680 1603 1705 animam
1629 1686 1728 1710 meam,
1745 1685 1771 1706 et
1788 1678 1822 1706 de

1036 1734 1117 1753 manu
1135 1727 1210 1753 canis
1223 1726 1331 1753 unicam
1346 1725 1456 1753 meatu?
1479 1735 1487 1750 »
1504 1724 1566 1751 “me
1581 1725 1653 1752 enim
1664 1732 1726 1751 cum
1742 1731 1821 1751 oras-

1037 1777 1088 1801 set.
1106 1779 1136 1798 ac
1152 1779 1180 1799 se
1196 1779 1228 1798 ex
1253 1771 1294 1798 his
1309 1772 1376 1805 eripi
1394 1776 1420 1798 et
1437 1771 1547 1797 liberari
1570 1773 1696 1805 precatus
1714 1769 1820 1802 fuisset,

1037 1822 1092 1843 tum
1109 1825 1140 1844 ea
1163 1818 1220 1852 ipsa
1249 1821 1415 1844 consecutus
1440 1824 1499 1851 quae
1520 1820 1656 1847 oraverat,
1672 1816 1794 1851 adjungit
1811 1825 1819 1843 :

1039 1871 1048 1886 ‹
1067 1861 1123 1888 Non
1148 1861 1248 1894 sprevit
1275 1869 1363 1895 neque
1380 1861 1492 1888 nmleste
1522 1861 1582 1887 tulit
1601 1861 1821 1896 deprecationem

1036 1906 1175 1941 pauperis,
1192 1914 1280 1941 neque
1295 1906 1392 1933 avertit
1408 1905 1504 1932 faciem
1522 1913 1598 1933 suam
1615 1914 1630 1932 a
1646 1913 1699 1937 me,
1714 1909 1741 1933 et
1758 1913 1820 1933 cum

1036 1953 1181 1979 clamarem
1207 1953 1240 1979 ad
1257 1960 1331 1982 eum.
1351 1952 1490 1979 exaudivit
1508 1959 1550 1979 me
1567 1962 1573 1979 :
1592 1961 1602 1978 ι
1622 1952 1667 1978 ubi
1682 1952 1822 1980 evidenter

1036 2005 1115 2025 suum
1133 1997 1166 2024 de
1194 2002 1281 2024 morte
1307 1997 1342 2024 ad
1365 1998 1447 2024 vitam
1472 1997 1589 2024 reditum
1612 1997 1757 2031 signiﬁcat,
1773 1998 1820 2032 qui

1036 2043 1087 2070 sub
1102 2043 1263 2069 matutinam
1280 2043 1480 2077 susceptionem
1502 2042 1618 2073 exstitit,
1640 2050 1721 2076 quam
1745 2042 1819 2077 psal-

1036 2094 1098 2113 mus
1122 2087 1249 2121 deinceps
1277 2087 1385 2122 longius
1414 2094 1574 2121 progressus
1605 2086 1750 2117 indicavit,
1774 2086 1819 2113 ubi

1035 2132 1104 2159 dixit
1125 2141 1131 2158 :
1150 2143 1159 2158 ι
1180 2132 1219 2159 Tu
1239 2137 1343 2164 autem,
1359 2132 1483 2165 Domine,
1497 2140 1531 2160 ne
1560 2140 1686 2160 amoveas
1713 2133 1820 2167 longius

1036 2179 1167 2206 auxilium
1186 2179 1332 2210 meum,ad
1351 2178 1551 2213 susceptionem
1570 2186 1655 2205 meam
1673 2179 1787 2213 respice.
1807 2188 1816 2204 I

1038 2224 1089 2252 Sed
1105 2232 1187 2259 quam
1205 2223 1315 2251 tandem
1341 2224 1421 2250 aliam
1451 2224 1659 2259 susceptionem,
1684 2225 1736 2251 nisi
1759 2232 1818 2251 eam

198 2273 253 2300 οὐκ
261 2272 375 2307 ἠξίωσεν
385 2273 483 2307 ὁμοίως
491 2273 546 2303 τοῖς
558 2271 669 2302 λοιποῖς,
684 2280 693 2295 ‹
707 2271 721 2296 ὁ
731 2270 806 2302 Θεὸς,
817 2270 901 2301 ὀΘεός
910 2278 958 2304 μου
972 2279 980 2294 ι

1003 2274 1021 2300 D
1035 2278 1116 2304 quam
1134 2270 1278 2304 inscriptio
1294 2270 1390 2304 psalmi
1408 2270 1591 2304 significavit?
1603 2270 1746 2301 Caeterum,
1763 2270 1820 2296 tunc

201 2317 480 2351 μεταϐάλλωνείπεῖν,
489 2315 580 2349 suam
588 2316 679 2351 ίσχυρέ
689 2324 749 2351 μου,
761 2315 853 2350 ἰσχυρέ
861 2323 920 2350 μου.
929 2324 937 2340 ›
947 2315 982 2340 Τὸ

196 2362 224 2388 δ’
235 2362 347 2396 ἀκριϐές
366 2364 453 2389 ἐστιν’
481 2361 556 2397 ἰσχύς
578 2371 638 2396 μου,
658 2361 733 2396 ἰσχύς
747 2370 808 2397 μου.
823 2361 902 2387 Ὥστε
915 2360 983 2387 κατὰ

198 2408 252 2443 τὴν
259 2407 353 2434 τούτου
361 2408 490 2440 διάνοιαν,
507 2407 551 2433 τὸν
561 2407 646 2442 ἀμνὸν
656 2407 702 2433 τοῦ
714 2406 781 2433 Θεοῦ
793 2407 836 2433 τὸν
853 2407 984 2442 ἡμέτερον

198 2452 316 2488 Σωτῆρα
335 2453 473 2487 φάσκοντα
494 2453 525 2480 τὸ
548 2453 636 2486 Ἠλεὶ,
660 2453 752 2484 Ἠλεὶ,
775 2452 842 2488 πρὸς
861 2453 905 2478 τὸν
926 2453 983 2478 Πα-

196 2498 284 2534 τέρα,
311 2499 414 2533 λέγειν’
442 2509 452 2522 σ
472 2499 574 2534 ’ἰσχυρὲ
591 2508 657 2534 μου,
679 2498 771 2533 ἰσχυρέ
799 2507 868 2533 μου,
892 2498 934 2524 ἵνα
956 2498 982 2524 τί

198 2544 380 2578 ἐγκατέλιπές
396 2553 446 2580 με;
464 2555 474 2571 ι
493 2545 541 2571 καὶ
552 2545 622 2580 τάχα
637 2545 697 2571 ἐπεὶ
708 2544 884 2578 ἐγκατέλιπεν
903 2544 982 2570 αὑτὸν

200 2592 217 2616 ὁ
234 2591 342 2626 ίσχυρὸς
364 2590 456 2622 αὑτοῦ,
474 2591 567 2617 τούτου
583 2591 662 2626 χάριν
687 2589 854 2625 ἐσταυρώθη,
873 2590 908 2621 ὥς
932 2599 983 2625 φη-

199 2644 245 2662 σιν
267 2636 281 2661 ὁ
303 2635 478 2668 ’Δπόστολος-
497 2645 506 2660 ‹
527 2636 581 2662 Καὶ
602 2635 655 2670 γὰρ
679 2635 835 2670 ἐσταυρώθη
853 2634 882 2667 ἐξ
905 2635 984 2661 ἀσθε-

197 2681 284 2713 νείας,
302 2681 348 2708 καὶ
363 2681 395 2717 ζῇ
414 2683 446 2708 ὲκ
461 2682 600 2716 δυνάμεως
622 2681 703 2713 Θεοῦ,
722 2692 732 2708 ι
750 2682 787 2713 ὡς
810 2681 846 2716 μὴ
864 2690 985 2716 σταυρω-

197 2725 257 2757 θεὶς
273 2726 316 2758 ἂν,
333 2727 356 2752 εἰ
369 2727 405 2762 μὴ
420 2728 434 2753 ό
449 2727 556 2762 ἰσχυρὸς
579 2727 659 2753 αὑτοῦ
684 2726 869 2753 καταλελοίπει
893 2727 982 2753 αὐτόν.

197 2771 255 2798 Καὶ
271 2772 322 2807 ὅρα
338 2773 361 2798 εί
383 2773 420 2808 μὴ
436 2773 539 2808 ἔπρεπε
563 2773 607 2799 τὸν
623 2773 707 2804 ἀμνὸν
723 2773 768 2798 τοῦ
791 2773 869 2802 Θεοῦ,
885 2773 930 2798 τὸν
945 2773 983 2804 ὡς

197 2817 334 2852 πρόϐατον
354 2819 400 2844 ἐπὶ
417 2819 520 2854 σφαγὴν
543 2819 667 2854 ἀχθέντα,
680 2819 727 2845 καὶ
741 2818 780 2849 ὡς
802 2817 885 2852 ἀμνὸν
909 2819 983 2844 ὲναν-

197 2863 256 2890 τίον
267 2863 315 2889 τοῦ
327 2865 463 2900 κείροντος
472 2865 587 2899 ἄφωνον,
601 2865 651 2896 τὰς
667 2865 767 2895 οξκεῖας
783 2864 908 2899 δυνάμεις
920 2865 983 2890 ἀνα-

196 2907 299 2934 τιθέναι
325 2908 362 2942 τῷ
387 2909 454 2944 θεῷ,
473 2911 517 2936 καὶ
546 2911 625 2945 μηδὲν
651 2911 712 2936 ἴδιον
737 2910 807 2944 ἔχειν
827 2910 981 2945 ἡγεῖσθαιῆ

1036 2315 1145 2350 quidem
1169 2315 1242 2342 dicta
1268 2315 1324 2342 sint
1337 2323 1351 2341 a
1365 2315 1444 2342 nobis
1472 2315 1497 2341 in
1516 2315 1601 2348 ipsum
1617 2315 1711 2348 psalmi
1724 2314 1820 2340 insu'i-

1036 2362 1155 2396 ptionem
1174 2369 1182 2394 ;
1198 2361 1224 2387 in
1246 2361 1292 2387 illo
1308 2364 1409 2392 autem,
1425 2370 1434 2385 (
1451 2359 1502 2392 Eli,
1519 2360 1569 2391 lili,
1584 2361 1680 2386 [annua
1704 2360 1819 2386 saliat-h-

1037 2408 1124 2439 tliani,
1145 2417 1153 2432 ι
1169 2407 1240 2442 quod
1254 2415 1315 2434 cum
1330 2415 1343 2433 a
1360 2407 1501 2433 Salvatore
1516 2411 1609 2433 nostro
1629 2406 1694 2440 ipsis
1706 2404 1819 2432 llcln'ai-

1037 2453 1076 2481 cis
1092 2453 1248 2480 nominibus
1261 2453 1363 2479 dictum
1380 2453 1415 2479 sit
1433 2453 1484 2478 sub
1501 2452 1588 2486 ipsum
1605 2451 1739 2485 passionis
1753 2455 1818 2478 tem-

1036 2507 1096 2534 pus,
1114 2499 1141 2525 in
1157 2499 1254 2533 psalmi
1283 2498 1361 2524 initio
1377 2498 1495 2533 positum
1511 2501 1563 2529 est,
1578 2498 1648 2529 vide,
1667 2505 1768 2531 quaeso,
1785 2504 1817 2524 ne

1035 2552 1088 2580 qua
1103 2544 1167 2570 insit
1181 2543 1342 2578 profundior
1362 2543 1552 2578 contemplatio
1572 2542 1643 2576 apud
1667 2541 1793 2570 Hebraeos
1808 2552 1814 2569 :

1034 2597 1095 2616 nam
1120 2589 1204 2616 Eloim
1230 2588 1301 2616 Deus
1330 2589 1511 2615 nominatur:
1533 2592 1559 2615 et
1583 2587 1635 2614 hoc
1658 2595 1706 2621 per
1732 2591 1816 2614 totam

1034 2635 1228 2669 propemodum
1249 2633 1419 2668 Scriptor-am
1449 2633 1570 2659 invenies
1598 2641 1605 2659 :
1632 2631 1741 2666 quando
1774 2631 1815 2658 vol

1034 2679 1141 2715 proprie
1153 2680 1191 2706 sic
1201 2679 1270 2714 apud
1283 2678 1355 2706 LXX
1366 2678 1446 2706 etiam
1459 2685 1532 2704 nunc
1545 2676 1676 2704 Hebraica
1692 2683 1757 2704 voce
1770 2684 1817 2703 ne-

1034 2726 1163 2756 minatur.
1176 2725 1247 2760 apud
1262 2726 1337 2760 ipsos
1359 2730 1447 2751 tamen
1463 2723 1591 2750 Hebraeos
1605 2723 1664 2750 alite
1680 2723 1815 2750 nonnulla!

1035 2771 1158 2798 feruntur
1174 2771 1370 2806 appellationes
1383 2769 1416 2796 ad
1429 2769 1549 2796 divinam
1568 2773 1692 2796 naturam
1707 2768 1814 2804 signifi-

1035 2817 1160 2848 candam,
1179 2822 1208 2843 ut
1226 2816 1303 2850 illud,
1324 2815 1435 2847 Saddai,
1449 2820 1478 2842 ut
1502 2815 1580 2847 illud,
1608 2814 1668 2847 Jao,
1684 2819 1714 2842 ut
1736 2815 1813 2847 illud,

1034 2863 1076 2895 El,
1093 2864 1200 2898 aliaque
1226 2863 1270 2890 his
1287 2863 1384 2890 similia
1423 2870 1487 2892 ergo
1500 2861 1620 2890 nsalmus
1638 2861 1684 2895 qui
1700 2869 1773 2888 nunc
1787 2861 1816 2888 in

1035 2910 1159 2938 manibus
1176 2914 1227 2942 est,
1247 2909 1311 2936 illud
1330 2920 1336 2936 :
1353 2909 1404 2943 Eli,
1421 2909 1471 2942 Eli,
1488 2915 1585 2936 lamma
1601 2907 1790 2940 sabachthani,
1802 2915 1815 2932 ι
