2099 3217
310 205 362 233 ’167

657 204 791 232 EUSEBH
807 204 1050 232 CAESARIENSIS
1069 203 1144 231 ΟΡΡ.
1166 203 1256 231 PARS
1277 203 1309 230 li.
1330 217 1365 223 —
1385 203 1636 231 APOLOGETICA.

1886 204 1939 231 768

310 261 389 290 initio
402 261 494 294 habet,
509 268 563 296 quo
586 262 668 288 etiam
697 261 822 288 Salvator
846 265 940 289 noster
962 270 1028 290 usus
1043 265 1085 289 est

1151 261 1230 296 μόνον
1245 261 1291 287 τὸν
1316 260 1438 297 Πατέρα⁶
1453 261 1493 287 διὸ
1515 261 1562 288 καὶ
1580 261 1687 297 ἰσχυρὸν
1703 261 1748 288 τὸν
1767 261 1876 298 Πατέρα
1891 262 1941 289 ab-

310 317 366 336 non
379 312 469 335 autem
485 307 550 334 illud
568 317 574 334 ε
594 307 692 335 Eloim.
709 307 826 335 Proinde
842 307 941 343 Aquila
967 315 1030 334 cum
1055 307 1097 334 di-

309 355 468 382 versitatem
498 353 544 380 Dei
569 354 772 389 appellationis,
790 362 850 390 qua:
867 362 900 381 ex
928 354 988 388 ipso
1011 353 1096 380 Eloim

309 399 482 435 signiﬁcatur
505 400 576 433 apud
602 399 730 426 llclira-os
755 400 878 432 vidisset,
899 400 963 426 illud
988 400 1021 426 de
1042 407 1096 434 quo

308 453 383 472 nunc
400 446 515 480 agimus,
534 446 561 473 in
579 446 636 476 illo.
653 445 704 477 Eli,
722 445 773 477 Eli,
792 454 846 473 non
865 447 900 472 ita
917 446 1096 480 queiuadmo-

308 491 372 518 dum
385 491 481 524 reliqui
497 499 558 518 cum
576 495 756 522 converteret.
769 492 966 521 enuntiandum
981 492 1094 526 putavit,

307 536 355 564 sed
375 546 381 564 :
405 546 414 562 ι
433 536 523 564 Furtis
537 544 623 568 meus,
635 536 712 564 l‘oitis
725 545 812 568 meus,
829 545 913 572 quare
926 537 1096 572 dereliquisti

307 582 370 609 me?
388 590 397 608 ι
417 582 489 617 quod
506 582 615 617 quidem
632 583 654 609 si
671 583 837 617 exquisitius
855 583 946 618 eloqui
964 583 1093 615 volueris,

306 626 392 658 dices,
409 627 494 653 robur
519 635 619 658 meum,
639 627 721 654 robur
738 636 838 655 meum.
853 628 943 660 Quare
963 635 995 655 ex
1012 627 1095 662 hujus

306 672 542 708 interpretatione.
559 673 652 708 Agnus
669 672 727 708 Dei,
749 674 794 708 qui
812 676 854 702 est
880 677 975 700 noster
997 672 1093 700 Salva-

305 720 359 747 tor.
379 717 443 744 dum
472 717 539 744 illud
564 727 570 744 ε
598 717 648 750 Eli,
667 717 718 750 Eli,
745 718 811 744 dicit
834 717 867 744 ad
891 717 1011 750 Patrem,
1027 719 1093 745 illud

304 763 372 790 dicit
398 773 404 790 :
424 772 433 788 ι
454 762 544 790 Fortis
569 771 657 795 meus,
685 763 765 790 fortis
791 771 879 796 meus,
895 772 980 799 quare
995 765 1093 792 dereli‘

303 808 387 843 quisti
403 809 467 835 me?
485 818 494 834 ι
519 812 546 836 et
567 808 681 836 forsitan
703 809 775 844 quod
803 809 892 844 ipsum
918 810 1094 845 dereliquerit

302 853 385 889 n95
398 853 476 882 fortis
501 862 584 887 suus,
612 855 715 882 idcirco
740 855 889 882 cruciﬁxus
915 859 975 887 est,
1001 861 1031 884 ut
1055 857 1093 883 ait

302 899 451 934 Apostolus
467 908 473 926 :
491 909 501 926 ‹
520 900 624 928 Etenim
645 901 793 930 cruciﬁxus
813 905 854 929 est
871 909 904 928 ex
923 902 1091 935 inﬁrmitate,

301 948 330 972 et
340 945 406 972 vivit
416 953 447 973 ex
459 946 559 973 virtute
569 945 660 973 Dei":
674 957 682 972 ι
691 947 738 982 qui
748 947 856 981 quidem
866 955 1005 982 nunquam
1016 948 1091 975 cruci
1109 943 1131 972 Β

302 994 375 1018 esset
394 991 500 1024 aﬂixus,
519 992 571 1019 nisi
589 992 667 1019 fortis
692 1000 759 1020 suus
776 993 864 1026 ipsum
888 993 1090 1028 dereliquisset.

301 1035 335 1061 Et
351 1044 417 1063 sane
436 1037 541 1072 inspice
558 1041 598 1071 tu,
615 1045 696 1072 quam
714 1038 782 1065 bene
798 1039 968 1070 convenerit,
985 1042 1091 1074 Agnum

301 1080 360 1113 Dei,
377 1082 422 1117 qui
444 1088 473 1109 ut
487 1084 546 1110 ovis
561 1083 594 1109 ad
612 1084 793 1111 occidendum
820 1085 856 1112 sit
881 1084 993 1116 ductus,
1018 1090 1045 1112 et
1061 1090 1091 1112 ut

301 1135 388 1162 agnus
411 1136 503 1155 coram
526 1129 657 1157 tondente
679 1130 857 1161 obmutuerit,
884 1139 949 1159 suas
965 1131 1038 1158 vires
1057 1131 1091 1158 ad

300 1173 391 1209 ipsqu
412 1173 496 1202 Deum
519 1176 633 1206 referre,
656 1180 683 1203 et
695 1176 763 1203 nihil
783 1177 922 1212 proprium
946 1185 975 1205 se
991 1177 1092 1204 habere

300 1220 430 1247 arbitrari
446 1221 497 1251 nisi
515 1230 599 1248 unum
619 1222 738 1249 Patrem.
755 1222 873 1250 Proinde
894 1223 975 1250 etiam
994 1223 1089 1250 fortem

300 1273 392 1296 suum,
409 1266 498 1301 ipsum
522 1265 629 1294 Patrem
655 1271 744 1299 vocat,
769 1275 836 1295 sane
858 1268 1089 1303 quemadmodum

299 1311 342 1346 vel
360 1312 387 1338 in
404 1311 510 1339 decimo
531 1313 648 1347 septimo
665 1313 771 1348 psalmo
791 1313 876 1340 robur
892 1321 983 1344 suum,
1001 1318 1028 1341 et
1043 1315 1089 1341 lir-

299 1361 478 1392 mamentum,
505 1361 532 1384 et
557 1358 690 1393 refugium
718 1358 844 1385 eumdem
867 1359 1001 1390 nominat,
1024 1359 1088 1385 dum

298 1402 386 1430 dicit:
404 1411 413 1428 ε
429 1401 543 1438 Diligam
567 1407 603 1434 te,
630 1403 752 1435 Domine,
773 1403 859 1430 robur
880 1411 980 1431 meum.
998 1403 1090 1431 Domi-

298 1456 352 1476 nus
366 1448 565 1476 lirmamcutum
587 1457 678 1476 meum
693 1453 720 1476 et
736 1449 871 1485 refugium
895 1458 996 1482 meum,
1015 1456 1041 1478 et
1054 1451 1089 1477 li-

297 1493 408 1522 berator
429 1502 515 1521 meus.
538 1493 610 1522 Deus
625 1502 712 1526 meus,
738 1495 847 1530 adjutor
871 1503 958 1527 meus,
984 1500 1012 1524 et
1025 1505 1088 1531 spe-

298 1541 366 1573 rato
381 1540 407 1567 in
423 1548 497 1568 eum.
508 1540 650 1568 Proteetor
666 1549 743 1569 meus
758 1547 785 1568 et
799 1549 884 1568 cornu
897 1543 994 1569 salutis
1009 1551 1085 1575 mea).

297 1590 326 1619 et
341 1590 485 1621 susceptor
500 1594 577 1614 meus
589 1587 622 1614 ’⁸.
638 1596 647 1612 ι
668 1586 817 1622 Dereliquit
831 1595 895 1622 ergo
911 1588 987 1616 illum
1006 1589 1085 1617 fortis

1149 306 1198 333 τοῦ
1224 306 1382 339 ἀποκαλεῖν,
1409 306 1447 338 ὡς
1470 307 1516 332 καὶ
1545 307 1574 333 ὲν
1597 307 1818 342 ἑπτακαιδεκάτῳ
1839 307 1937 343 itaitpr

1151 352 1228 387 ἰσχὺν
1241 352 1329 387 ἐαυτῷ
1348 353 1395 379 καὶ
1409 352 1572 388 κραταίωμα
1585 353 1632 379 καὶ
1648 352 1806 388 καταφυγὴν
1819 352 1865 379 τὸν
1880 353 1936 379 Πα-

1149 399 1216 434 τέρα
1229 398 1364 434 ὀνομάζει,
1376 399 1470 433 λέγων·
1485 408 1495 424 ι
1507 399 1655 434 Ἀγαπήσω
1667 408 1707 430 σε,
1719 399 1816 435 Κύριε,
1828 401 1843 435 ἡ
1860 399 1937 435 ἰσχύς

1151 453 1213 479 μου,
1229 443 1330 479 Κύριος
1347 444 1490 480 στερέωμά
1508 453 1568 480 μου,
1583 445 1629 471 καὶ
1647 446 1790 481 καταφυγή
1811 454 1873 480 μου,
1888 446 1936 474 διαὶ

1150 489 1250 525 eam;
1261 499 1322 525 μου.
1344 491 1373 517 '0
1388 491 1453 523 Θεὸς
1471 500 1531 526 μου,
1547 491 1641 526 βοηθός
1658 500 1718 526 μου,
1731 491 1778 523 καὶ
1795 491 1880 518 ὲλπιῶ
1892 492 1936 519 ἐπ’

1149 536 1243 562 αὐτόν·
1261 537 1468 573 ὑπερασπιστὴς
1486 546 1546 573 μου,
1564 537 1610 564 καὶ
1625 538 1708 573 κέρας
1724 537 1859 574 σωτηρίας
1872 546 1934 573 μου,

1148 583 1196 609 καὶ
1214 584 1388 619 ἀντιλήπτωρ
1414 592 1474 618 μου.
1495 593 1504 609 ι
1530 583 1729 610 Καταλέλοιπεν
1745 582 1790 612 οὖν
1819 584 1899 611 αὐτὸν
1918 585 1934 612 ό

1150 627 1258 663 ἰσχυρὸς
1272 628 1365 659 αὑτοῦ,
1390 628 1506 664 θελήσας
1528 628 1609 655 αὐτὸν
1633 629 1714 664 μέχρι
1738 629 1862 662 θανάτου,
1887 631 1934 657 καὶ

1148 671 1262 699 θανάτου
1284 672 1399 708 σταυροῦ
1416 673 1565 705 κατελθεῖν,
1581 674 1627 700 καὶ
1646 674 1692 701 τοῦ
1714 674 1815 710 κόσμου
1835 675 1934 710 παντὸς

1147 718 1242 754 λύτρον
1258 719 1305 745 καὶ
1329 719 1474 754 ἀντίψυχον
1491 719 1692 755 ἀποδειχθῆναι,
1719 721 1766 747 καὶ
1787 721 1934 757 καθάρσιον

1147 764 1272 798 γενέσθαι
1288 765 1337 800 τῆς
1351 765 1405 792 τῶν
1426 767 1466 797 είς
1481 766 1560 792 αὐτὸν
1583 767 1784 794 πιστευσάντων
1799 767 1881 803 ζωῆς.
1905 768 1934 795 ’0

1147 810 1185 841 δὲ,
1206 811 1303 837 αὐτίκα
1320 811 1392 846 μάλα
1408 811 1615 847 συναισθόμενος
1637 812 1687 847 τῆς
1704 811 1795 839 ὲνοέου
1817 813 1863 840 καὶ
1879 822 1932 840 πα-

1146 856 1243 891 τρικῆς
1269 856 1377 892 βουλῆς,
1405 856 1530 891 διαγνούς
1555 866 1594 889 τε,
1617 859 1640 884 εἰ
1666 859 1712 884 καί
1735 867 1777 890 τις
1796 859 1933 891 ἄλλος,τά

1147 902 1221 928 αἴτια
1236 903 1283 929 τοῦ
1305 903 1512 938 καταλελεῖφθαι
1535 904 1615 930 αὐτὸν
1631 904 1683 931 ὑπὸ
1694 904 1740 931 τοῦ
1757 905 1873 940 Πατρὺς,
1892 905 1932 932 ἔτι

1144 950 1210 975 πολὺ
1227 949 1306 975 πλέον
1321 950 1502 977 ἐταπείνωσεν
1522 950 1628 982 ἑαυτὸν,
1646 951 1694 978 καὶ
1708 951 1754 978 τὸν
1767 952 1837 987 ὑπὲρ
1854 951 1934 987 ἡμῶν

1144 994 1258 1022 θάνατον
1275 996 1358 1032 πολλῇ
1374 997 1408 1032 τῇ
1426 996 1566 1032 προθυμίᾳ
1591 997 1777 1032 περιεϐάλετο,
1796 1007 1806 1023 ‹
1825 997 1932 1032 ἐγένετό

1142 1049 1172 1067 τε
1187 1042 1200 1067 ὁ
1217 1041 1347 1076 πανάγιος
1364 1042 1411 1068 καὶ
1427 1042 1572 1077 εὐλογητὸς
1583 1043 1652 1078 ὑπὲρ
1665 1043 1742 1078 ἡμῶν
1752 1043 1870 1079 κατάρα,
1885 1043 1932 1071 καὶ

1142 1086 1156 1111 ό
1170 1086 1207 1121 μὴ
1224 1087 1304 1120 γνοὺς
1326 1087 1461 1122 ἁμαρτίαν
1483 1088 1614 1123 ἁμαρτία,
1637 1087 1680 1114 ἵνα
1694 1089 1774 1124 ἡμεῖς
1789 1087 1931 1124 γενώμεθα

1141 1131 1295 1166 δικαιοσύνη
1311 1131 1378 1159 Θεοῦ
1390 1132 1418 1158 ἐν
1435 1132 1518 1168 αὐτῷ.
1534 1143 1543 1159 ι
1561 1133 1615 1160 Καὶ
1626 1133 1666 1160 ἔτι
1684 1134 1751 1169 πρὺς
1762 1134 1867 1166 τούτοις
1882 1133 1931 1166 τὰς

1142 1176 1278 1212 ἡμετέρας
1312 1178 1449 1214 ἁμαρτίας
1478 1179 1686 1214 ἀναμαξὰμενος
1711 1179 1889 1217 ἐσταυρώθη,
1915 1179 1930 1208 δ

1141 1222 1224 1258 ἐχρῆν
1248 1223 1322 1258 ἡμᾶς
1346 1225 1408 1256 τοὺς
1435 1225 1499 1260 πρὶν
1526 1226 1634 1258 ἀσεϐεῖς
1655 1226 1760 1258 παθεῖν,
1784 1226 1930 1262 ἀντίψυχα]

1140 1268 1219 1303 ἡμῶν
1236 1270 1282 1295 καὶ
1298 1269 1455 1305 ἀντίλυτρον
1471 1272 1662 1307 γεγενημένος,
1677 1272 1740 1299 ὥστ’
1756 1271 1790 1308 άν
1812 1273 1930 1308 εὐλόγως

1141 1315 1227 1340 εἰπεῖν
1242 1316 1315 1350 ἡμᾶς
1334 1315 1365 1341 τὸ
1390 1317 1571 1352 προφητικόν·
1590 1327 1599 1344 Ι
1620 1317 1706 1350 Αὐτὸς
1728 1317 1778 1350 τὰς
1794 1318 1930 1354 ἁμαρτίας

1140 1358 1219 1393 ἡμῶν
1244 1360 1332 1394 φέρει,
1358 1360 1406 1387 καὶ
1432 1362 1495 1397 περὶ
1521 1362 1598 1397 ἡμῶν
1622 1363 1756 1393 ὀδυνᾱται.
1779 1364 1825 1390 καὶ
1848 1363 1930 1396 αὐτὸς

1140 1405 1341 1442 ὲτραυματίσθη
1359 1406 1403 1433 διὰ
1417 1407 1466 1438 τὰς
1483 1408 1620 1444 ἁμαρτίας
1636 1408 1724 1444 ἡμῶν,
1741 1409 1788 1436 καὶ
1805 1409 1929 1446 μεμαλάρ-

1139 1459 1229 1477 κισται
1242 1450 1285 1477 διὰ
1301 1451 1350 1483 τὰς
1367 1452 1480 1488 ἀνομίας
1497 1454 1584 1488 ἡμῶν,
1606 1454 1649 1481 ἵνα
1663 1454 1702 1490 τῷ
1716 1454 1830 1490 μώλωπι
1846 1455 1927 1483 αὐτοῦ

1138 1496 1218 1531 ἡμεῖς
1245 1497 1373 1533 ίαθῶμεν.
1394 1498 1495 1534 Κύριος
1515 1500 1569 1536 γὰρ
1598 1500 1756 1536 παρέδωκεν
1772 1501 1852 1528 αὑτὸν
1867 1503 1928 1534 ταῖς

1139 1542 1286 1578 ἁμαρτίαις
1312 1544 1398 1579 ἡμῶν.
1420 1555 1428 1570 ι
1446 1545 1545 1581 Διόπερ
1561 1545 1598 1578 ὡς
1621 1546 1783 1582 παραδοθεὶς
1804 1547 1857 1574 ὑπὸ
1879 1547 1926 1575 τοῦ

1138 1587 1254 1623 Πατρὸς,
1276 1590 1322 1616 καὶ
1353 1590 1541 1625 μαλακισθεὶς,
1567 1592 1614 1618 καὶ
1641 1591 1690 1624 τὰς
1711 1593 1825 1628 ἀνομίας
1848 1593 1927 1629 ἡμῶν

298 1642 375 1666 suus,
394 1642 455 1662 cum
470 1635 555 1661 voluit
572 1635 646 1662 illum
667 1643 753 1670 usque
773 1635 807 1662 ad
823 1640 949 1668 mortem,
973 1641 999 1664 et
1014 1645 1086 1665 mor-

1140 1633 1299 1669 ἀνειληφὼς,
1320 1644 1328 1660 ι
1344 1636 1382 1667 ὡς
1397 1636 1531 1671 πρόϐατον
1543 1637 1589 1664 ἐπὶ
1613 1638 1717 1674 σφαγὴν
1733 1627 1813 1675 ἢχθη.
1831 1649 1840 1666 ι
1859 1627 1926 1669 ξυν-

297 1683 351 1706 tem
368 1681 459 1707 crucis
473 1680 648 1712 descendere,
662 1685 688 1708 et
703 1689 753 1716 pro
768 1682 896 1710 universo
911 1683 1012 1710 mundo
1026 1692 1086 1719 pre-

296 1725 377 1757 tium,
395 1733 450 1761 quo
473 1727 571 1754 animae
589 1727 800 1758 redimerentur,
824 1728 958 1760 exhiberi.
981 1733 1006 1755 et
1024 1730 1086 1756 vita:

296 1779 391 1798 eorum
416 1772 461 1807 qui
485 1773 512 1799 in
538 1773 618 1799 ﬁdem
642 1774 701 1808 ejus
727 1774 876 1806 venissent,
902 1775 1085 1810 expiationem

296 1817 365 1844 ﬂeri.
385 1818 431 1845 Ille
448 1826 513 1846 vero
535 1819 661 1854 protinus
678 1819 801 1846 divinum
825 1827 857 1847 ac
873 1824 1015 1856 paternum
1037 1822 1086 1848 de—

295 1868 401 1891 cretum
420 1864 574 1900 intelligens
597 1873 820 1901 cognoscensque
841 1867 864 1894 si
885 1867 947 1902 quis
965 1875 1084 1902 linquam

296 1911 377 1942 alius,
394 1918 492 1938 causas
506 1916 616 1946 propter
629 1920 698 1946 quas
714 1920 728 1938 a
744 1912 824 1939 Patre
835 1917 910 1940 esset
927 1914 1084 1949 relinquen-

295 1955 358 1987 dus,
373 1957 459 1983 multo
481 1957 563 1984 etiam
589 1957 706 1992 amplius
733 1959 853 1992 seipsqu
869 1959 990 1992 demisit,
1011 1968 1085 1987 mor-

294 2008 406 2038 temque
416 2010 466 2037 pro
480 2003 559 2031 nobis
574 2003 675 2039 ingenti
686 2005 826 2033 alacritate
837 2006 949 2038 subivit,
962 2016 970 2032 ι
982 2006 1081 2034 factus-

294 2055 348 2082 que
363 2052 405 2075 est
423 2058 431 2074 ι
448 2049 471 2076 is
486 2048 532 2083 qui
546 2053 616 2080 erat,
633 2054 659 2077 et
674 2052 866 2082 sanctissimus
883 2057 909 2079 et
925 2053 1083 2081 benedictus

297 2103 307 2119 ι
323 2101 372 2128 pro
384 2093 464 2120 nobis
479 2095 632 2122 exsecratio
644 2096 678 2128 ⁸⁸,
701 2101 728 2123 et
746 2097 792 2131 qui
808 2103 950 2132 peccatum
966 2107 1020 2125 non
1038 2108 1084 2126 no-

293 2138 343 2170 vit.
373 2143 524 2173 peccatum,
552 2144 581 2167 ut
609 2148 660 2170 nos
683 2141 833 2169 etliciamur
851 2143 959 2177 justitia
984 2143 1029 2172 Dei
1055 2145 1082 2172 in

294 2183 354 2219 ipso
365 2185 397 2210 ³⁸.
417 2194 426 2210 ι
445 2185 484 2211 Ad
501 2186 558 2213 haec
579 2187 625 2214 ubi
644 2192 756 2222 peccata
771 2192 864 2215 nostra
885 2189 1008 2221 detersit,
1025 2195 1082 2218 tum

293 2231 369 2258 cruci
387 2231 482 2259 aliixus
497 2237 548 2265 est,
569 2234 642 2268 quod
660 2234 771 2269 quidem
789 2243 840 2262 nos
856 2236 911 2270 pati
926 2237 1080 2271 oportebat,

292 2281 320 2306 et
336 2285 386 2312 pro
403 2279 569 2307 redimendis
597 2280 697 2308 animis
723 2281 826 2308 nostris
848 2281 906 2315 ipse
929 2282 1016 2310 factus
1039 2287 1081 2311 est

292 2324 423 2360 pretium.
440 2332 526 2358 usque
544 2325 612 2352 adeo
624 2329 653 2352 ut
667 2333 720 2352 non
736 2326 873 2353 immerito
885 2327 951 2353 illud
963 2328 1080 2362 prophe—

291 2370 379 2397 ticum
393 2372 532 2405 possimus
546 2371 637 2398 dicere
652 2381 658 2398 :
676 2381 684 2397 ι
700 2371 758 2406 Ipse
772 2376 883 2406 peccata
899 2377 995 2400 nostra
1014 2374 1078 2407 fert,

293 2419 320 2443 et
333 2423 384 2451 pro
404 2417 484 2444 nobis
499 2418 581 2444 estin
600 2418 703 2445 dolore.
721 2417 752 2444 Et
777 2419 834 2453 ipse
857 2419 1016 2448 vulneratus
1037 2426 1080 2448 est

293 2467 404 2498 propter
417 2467 528 2498 peccata
547 2469 652 2495 nostra,
670 2468 697 2491 et
717 2464 838 2500 elanguit
854 2469 964 2500 propter
979 2466 1082 2500 iniqui-

292 2510 363 2534 tates
379 2511 506 2540 nostras,
532 2513 562 2535 ut
588 2509 671 2536 livore
688 2509 747 2542 ejus
768 2517 819 2537 uos
844 2518 1015 2538 sanarenmr.
1033 2511 1080 2544 lit-

291 2552 365 2580 enim
381 2553 492 2581 tradidit
513 2554 588 2581 illum
610 2555 729 2587 peccatis
752 2556 855 2583 nostris
864 2556 897 2582 ".
917 2567 926 2582 ›
944 2556 1079 2589 Quocirca

291 2601 423 2633 tanquam
444 2599 560 2627 traditus
586 2607 601 2626 ει
617 2605 692 2634 patre
716 2606 743 2627 et
765 2601 912 2635 languidus
927 2600 1027 2633 factus,
1053 2605 1080 2629 et

255 2678 260 2682 ν
292 2647 423 2679 tanquam
443 2645 467 2672 is
488 2647 534 2680 qui
552 2650 664 2680 peccata
693 2650 786 2673 nostra
812 2647 1003 2679 assumpserit.
1024 2656 1032 2672 ι
1049 2651 1078 2676 ut

291 2690 351 2717 ovis
366 2690 398 2717 ad
411 2690 512 2717 caedem
529 2695 570 2718 est
583 2691 682 2718 duetus
693 2692 726 2718 ’⁸.
743 2702 752 2717 ι
771 2691 819 2719 His
831 2692 981 2719 concordat
995 2693 1078 2720 etiam

291 2733 439 2770 Apostolus
464 2737 528 2763 dum
553 2737 589 2763 ita
615 2738 696 2764 aitzt
718 2737 770 2770 Qui
796 2738 907 2772 proprio
928 2737 998 2765 Filio
1021 2746 1077 2765 non

292 2781 422 2816 pepercit,
440 2782 487 2808 sed
501 2789 551 2816 pro
565 2783 691 2811 omnibus
708 2783 787 2811 nobis
803 2783 913 2810 tradidit
931 2783 1006 2818 illum
1018 2784 1052 2811 η.
1066 2794 1075 2809 ι

327 2839 350 2875 ’ᾗ
367 2837 390 2875 li
404 2839 467 2867 Cor.
487 2849 535 2867 xm
547 2862 553 2867 .
570 2842 596 2869 4.
663 2842 686 2858 ⁵³
704 2841 776 2870 Psal.
797 2851 850 2870 ιγιι
863 2863 869 2875 ,
886 2842 942 2875 2,5.

293 2873 317 2893 ³⁸
337 2874 403 2901 Ibid.
424 2875 448 2901 7.
486 2876 508 2891 "
530 2876 607 2903 Rom.
627 2884 694 2909 νιιι,
712 2878 755 2904 52.

328 2919 366 2946 [ἰ
382 2919 555 2948 Desideratur
573 2923 596 2950 ὸ.
614 2922 692 2950 Enn.

1017 2843 1038 2858 "
1059 2842 1118 2870 Gal.
1139 2851 1184 2876 ιιι,
1207 2843 1247 2870 13.

1139 1679 1195 1713 ᾴδει
1207 1680 1310 1712 τούτοις
1322 1682 1414 1717 ml“)
1431 1683 1590 1715 Ἀπόστολος
1601 1684 1701 1718 λέγων’
1715 1694 1724 1710 ι
1748 1681 1796 1717 Ὃς
1811 1694 1843 1720 γε
1859 1685 1925 1714 ἰδίου

1139 1726 1204 1752 Υἱοῦ
1219 1727 1268 1753 οὐκ
1294 1727 1429 1763 ἐφείσατο,
1447 1729 1504 1755 ἀλλ’
1528 1730 1598 1766 ὑπὲρ
1617 1730 1695 1765 ἡμῶν
1721 1731 1829 1758 πάντων
1853 1740 1927 1766 παρ-

1139 1772 1237 1799 έδωκεν
1253 1773 1342 1800 αὐτόν.
1362 1784 1371 1799 ι
1388 1774 1476 1801 Κινῶν
1495 1775 1523 1801 δὲ
1540 1776 1612 1810 ἡμᾶς
1627 1776 1673 1802 ἐπὶ
1693 1775 1804 1812 ζήτησιν
1819 1777 1869 1813 τῆς
1883 1778 1926 1805 αι-

1138 1818 1207 1850 τίας,
1225 1819 1257 1845 δι’
1273 1820 1305 1854 ῆν
1322 1820 1402 1846 αὑτὸν
1419 1821 1433 1846 ὁ
1445 1821 1539 1856 Πατὴρ
1551 1816 1689 1854 κατέλιπε,
1705 1822 1819 1857 φάσκει·
1838 1832 1848 1848 ι
1867 1824 1926 1850 Ἵνα

1138 1864 1163 1890 τί
1180 1873 1211 1899 με
1238 1865 1435 1899 ὲγκατέλιπες;
1458 1877 1467 1892 ι
1486 1867 1521 1893 Τὸ
1537 1867 1559 1893 δ’
1576 1867 1662 1894 αἴτιον
1677 1868 1756 1895 τοῦτο
1777 1867 1821 1904 ἧν,
1839 1870 1856 1905 ἡ
1876 1869 1924 1897 τοῦ

1138 1912 1237 1944 παντὸς
1261 1912 1411 1948 ἀνθρώπων
1427 1913 1523 1947 γένους
1548 1914 1745 1950 ἀπολύτρωσις,
1776 1916 1814 1951 τῷ
1842 1917 1926 1953 τιμίῳ

1137 1958 1233 1992 αἵματι
1261 1958 1479 1994 ὲξαγοραζομένη
1501 1959 1555 1986 ἀπὸ
1570 1961 1619 1996 τῆς
1639 1961 1703 1996 πρὶν
1724 1962 1846 1998 χαλεπῆς
1865 1963 1925 1991 δου-

1136 2004 1220 2037 λείας,
1245 2005 1277 2040 ἦν
1299 2007 1355 2037 τοῖς
1379 2006 1506 2041 ἀοράτοις
1531 2006 1684 2039 δεσπόταις,
1712 2007 1834 2044 δαίμοσιν
1857 2010 1924 2037 ἀκαα

1137 2050 1245 2086 θάρτοις
1262 2051 1309 2077 καὶ
1321 2053 1448 2087 πονηροῖς
1463 2052 1576 2087 ἄρχουσί
1592 2061 1621 2079 τε
1633 2054 1679 2080 καὶ
1695 2054 1831 2090 πνεύμασι
1843 2063 1923 2084 καταρ

1136 2096 1305 2123 δεδούλωντο,
1332 2097 1386 2122 Καὶ
1413 2097 1500 2128 ἄλλως
1524 2097 1552 2124 δὲ
1578 2099 1770 2127 καταλέλοιπεν
1801 2101 1882 2127 αὐτὸν
1908 2102 1924 2128 6

1137 2141 1240 2177 Πατὴρ,
1263 2143 1309 2168 καὶ
1323 2142 1404 2168 αὐτοῦ
1421 2142 1468 2169 τοῦ
1486 2143 1604 2179 Χριστοῦ
1618 2144 1666 2180 τὴν
1685 2145 1754 2181 ὑπὲρ
1772 2145 1923 2181 ἀνθρώπων

1135 2187 1253 2213 διάθεσιν
1272 2188 1464 2223 ἀποδειχθῆναι
1479 2189 1603 2224 θελήσας.
1621 2190 1666 2216 Διὸ
1685 2191 1799 2226 μηδενὸς
1814 2191 1922 2227 ἔχοντος

1136 2232 1256 2265 ἐξουσίαν
1267 2233 1316 2268 τῆς
1329 2234 1411 2260 αὐτοῦ
1420 2235 1508 2270 ψυχῆς
1517 2235 1586 2262 ἑκὼν
1601 2237 1680 2268 αὐτὸς
1689 2238 1758 2273 ὑπὲρ
1773 2238 1922 2274 ἀνθρώπων

1135 2279 1219 2314 αὐτὴν
1234 2279 1364 2311 τέθεικεν,
1385 2280 1525 2316 ὠσπεροῦν
1548 2281 1666 2309 διδάσκει
1680 2282 1782 2317 λέγων·
1804 2293 1814 2309 ε
1827 2284 1920 2316 οὐδεὶς

1133 2323 1204 2358 αἴρει
1219 2325 1268 2360 τὴν
1280 2324 1367 2360 ψυχήν
1381 2334 1432 2360 μου
1448 2326 1494 2352 ἀπ’
1511 2327 1588 2362 ἐμοῦ.
1610 2327 1748 2360 Ἐξουσίαν
1766 2328 1820 2364 ἔχω
1836 2329 1921 2365 θεῖναι

1133 2370 1227 2405 αὐτὴν,
1255 2372 1302 2397 καὶ
1327 2372 1448 2404 ἐξουσίαν
1475 2372 1529 2408 ἔχω
1560 2373 1641 2399 πάλιν
1669 2373 1758 2400 λαϐεῖν
1789 2375 1884 2410 αὐτὴν.
1907 2384 1917 2400 ι

1139 2417 1216 2452 Ἑξῆς
1231 2417 1335 2449 τούτοις
1359 2419 1441 2454 φησι·
1463 2429 1472 2444 ι
1491 2419 1608 2455 Μακράν
1635 2420 1688 2446 ἀπὸ
1707 2420 1758 2455 τῆς
1785 2421 1918 2457 σωτηρίας

1134 2472 1184 2498 μου
1200 2464 1224 2489 οἱ
1238 2463 1312 2498 λόγοι
1330 2464 1383 2491 τῶν
1407 2465 1635 2500 παραπτωμάτων
1663 2475 1724 2502 μου.
1742 2477 1752 2493 ι
1774 2466 1843 2493 Ἀνθ“
1859 2463 1890 2494 οὗ
1904 2467 1919 2494 6

1133 2509 1182 2544 μὲν
1200 2509 1314 2541 Ἀκύλας
1324 2518 1330 2524 ·
1349 2519 1357 2535 ι
1372 2510 1487 2546 Maxin
1499 2511 1552 2538 ἀπὸ
1564 2513 1612 2547 τῆς
1625 2512 1760 2548 σωτηρίας
1772 2521 1821 2548 μου

1129 2563 1163 2581 τα
1187 2555 1359 2590 βρυχήματός
1381 2565 1442 2591 μου,
1464 2567 1473 2582 ι
1496 2556 1637 2588 ἐξέδωκεν·
1663 2559 1678 2584 ὀ
1700 2558 1729 2584 δὲ
1750 2557 1916 2594 Σύμμαχος·

1134 2610 1142 2626 ι
1171 2601 1367 2636 ’Λφεστήκασιν
1377 2602 1429 2628 ἀπὸ
1445 2603 1493 2638 τῆς
1506 2602 1640 2639 σωτηρίας
1664 2612 1714 2639 μου
1729 2603 1847 2638 οἱ-λέγοι
1864 2603 1917 2631 τῶν

1131 2646 1253 2682 ὀδυρμῶν
1269 2655 1334 2682 μου⁸
1356 2658 1365 2673 ι
1382 2649 1428 2682 καὶ
1439 2649 1497 2674 καθ’
1515 2649 1611 2684 ἑτέραν
1627 2649 1654 2676 δὲ
1670 2649 1821 2685 φερομένην
1831 2649 1918 2686 ὅρμη-

1130 2693 1204 2719 νείαν
1217 2694 1343 2729 πέμπτην
1356 2694 1476 2729 εἴρηται·
1493 2704 1502 2720 ‹
1520 2695 1634 2731 Μακρὰν
1651 2695 1705 2722 ἀπὸ
1716 2695 1767 2731 τῆς
1781 2695 1917 2732 σωτηρίας

1133 2747 1184 2773 μου
1205 2740 1229 2765 οἰ
1244 2739 1316 2773 λόγοι
1342 2739 1395 2766 τῶν
1415 2740 1532 2776 δεήσεων
1554 2749 1613 2776 μου.
1630 2750 1640 2766 ›
1657 2741 1726 2777 Ὅρα
1747 2740 1780 2776 δὴ
1801 2739 1860 2773 οὖν,
1875 2740 1916 2767 ὅτι

1132 2785 1191 2810 κατ’
1219 2785 1360 2820 οὐδετέραν
1381 2785 1483 2813 τούτων
1508 2787 1548 2816 τὸ,
1571 2795 1580 2812 ι
1605 2786 1658 2814 τῶν
1687 2786 1916 2822 παραπτωμάτων

1322 2844 1344 2859 ’⁸
1364 2843 1384 2870 ll
1402 2844 1464 2871 Cor.
1485 2852 1509 2876 ν,
1525 2843 1572 2871 29.
1639 2844 1661 2860 ⁸⁷
1681 2843 1734 2872 lsa.
1752 2850 1825 2876 ιιιι.
1855 2843 1912 2872 ιδ.
