2099 3217
199 185 252 212 7C9

653 189 976 219 DEMONSTRATIONIS
993 193 1223 222 EVANGELICA‘J
1243 195 1306 222 LIB.
1328 196 1360 223 Χ.

1767 201 1819 230 770

200 251 261 278 μου,
282 251 291 268 ι
310 242 427 278 εἴρηται,
451 244 488 276 ὼς
512 244 651 279 συμϐαίνει
674 247 739 273 ποτὲ
758 248 894 283 σφάλματι
918 257 984 284 γρα-
998 257 1020 284 Α

998 257 1020 284 Α
1035 251 1167 279 Caeterum
1185 253 1308 281 excitans
1323 261 1371 281 nos
1389 253 1422 281 ad
1439 254 1626 290 inquirendam
1642 264 1751 285 causam
1768 266 1818 286 cur

198 286 270 322 φικῷ
283 288 409 319 τοιαύτας
424 288 497 321 τίνὰς
508 289 656 324 ὲναλλαγὰς
673 292 810 326 φέρεσθαι.
836 293 882 320 Ἐκ
896 294 923 321 δὲ
932 295 982 329 τῆς

197 333 251 359 τῶν
265 332 392 360 πλειόνων
407 335 553 370 ἑρμηνείας
566 337 765 372 καταληπτέον·
781 340 805 365 εἰ
814 340 860 375 ’μὴ
874 340 927 375 ἄρα
941 349 983 373 τις

197 379 336 405 κάνταῦθα
355 380 389 406 τὰ
406 380 527 416 ἡμέτερα
543 382 751 418 παραπτώματα
770 384 981 422 ἐξοικειούμενον

195 424 281 452 ταῦτα
294 425 374 452 αὑτὸν
382 425 519 461 εἰρηκέναι
533 428 636 463 φήσειε.
649 429 758 461 Τούτοις
773 430 835 466 ἑξῆς
850 431 978 466 ἐπιλέγει·

199 480 209 496 1
234 470 262 497 '0
278 470 343 502 Θεός
367 479 428 506 μου,
452 472 619 508 κεκράξομαι
645 474 762 510 ἡμέρας,
782 476 828 502 καὶ
857 477 905 503 οὐκ
925 478 980 503 εισ-

195 515 308 551 ακούσῃ,
328 516 374 542 καὶ
390 517 494 549 νυκτὸς,
509 518 555 544 καὶ
577 518 626 545 ούκ
643 520 682 550 είς
697 520 788 546 ἄνοιαν
803 521 876 556 ἐμοί·
897 532 905 547 ι
921 523 978 549 ἀνθ’

194 558 225 588 οὗ
239 561 319 587 πάλιν
329 561 343 587 ὁ
356 561 511 597 Σύμμαχος·
529 572 537 588 1
550 563 578 589 Ὀ
589 564 653 595 Θεός
670 574 730 600 μου,
752 575 761 592 ›
778 567 853 601 φησι,
869 576 878 592 1
890 568 978 603 βοήσω

193 606 310 642 ἡμέρας,
324 608 371 633 καὶ
385 608 434 634 οὐκ
446 609 602 646 εἰσακούω-ῃ,
618 611 665 636 καὶ
681 611 785 644 νυκτὸς,
799 613 844 639 καὶ
860 614 908 639 οὐκ
921 614 977 640 ἔστι

194 654 268 688 σιγή.
284 663 294 679 ι
311 653 448 689 Θαυμάξει
473 653 506 690 δὴ
522 653 568 681 οὖν
587 657 615 682 ὲν
633 657 735 689 τούτοις
754 659 798 684 τὸν
816 660 923 695 Πατέρα
940 660 977 693 ὡς

195 699 234 734 μὴ
248 699 423 726 εἰσακούοντα
434 701 525 733 αὐτοῦ,
536 700 609 733 ξένον
618 711 643 728 τι
653 703 730 729 τοῦτο
742 705 788 730 καὶ
799 705 872 740 παρὰ
879 706 908 732 τὸ
917 705 976 733 σύν-

192 744 256 781 ηθες
278 745 398 781 Θεωρῶν.
418 746 445 772 '0
461 747 490 773 δὲ
507 747 654 781 ἐφύλαττεν
676 749 748 785 αὐτῷ
771 751 819 786 τὴν
841 752 924 788 ἀκοὴν
937 754 976 784 είς

190 791 236 818 τὸν
252 791 402 826 ἐπιτήδειον
413 792 458 818 τοῦ
471 793 677 828 εἰσακουσθῆναι
691 795 793 830 καιρόν.
811 794 892 828 Οὗτος
904 797 930 823 δὲ
942 795 975 833 ἦν

190 837 205 862 ὁ
216 835 266 871 τῆς
286 837 452 872 ἀντιλήψεως
473 839 521 874 τῆς
537 839 650 874 ἑωθινῆς
670 841 716 866 καὶ
738 841 752 866 ὁ
763 842 811 876 τῆς
827 843 858 869 ὲκ
871 844 975 878 νεκρῶν

190 883 373 917 ἀναστάσεως,
384 884 515 916 καθ’ὃνβί
524 885 626 911 καίτινι
636 886 716 922 ἄλλῳ,
726 887 773 913 καὶ
780 888 855 923 αὐτῷ
864 889 974 922 δικαίως

1036 297 1124 331 ipsum
1146 303 1221 332 pater
1234 299 1385 327 deseruerit
1401 300 1439 327 ait
1456 311 1462 328 :
1481 311 1490 326 1
1503 301 1593 334 Quare
1609 311 1652 331 me
1670 304 1818 340 dereliquh

1035 344 1088 370 sti?
1102 353 1111 369 ι
1137 343 1225 370 Causa
1247 353 1328 380 porro
1346 346 1402 373 Ιισξο
1427 347 1487 379 fttit,
1504 348 1586 384 496
1597 351 1686 377 omnis
1705 351 1817 378 humani

1034 390 1143 423 generis
1163 389 1312 425 redemptio
1337 399 1368 418 ac
1388 392 1523 425 liberatio.
1549 403 1609 429 quae
1629 396 1748 430 pretioso
1769 396 1817 424 illo

1034 435 1167 469 sanguine
1183 435 1252 463 facta
1279 432 1329 469 est,
1351 445 1364 463 a
1381 438 1471 472 priore
1488 440 1531 466 illa
1550 441 1672 468 intolera'.
1684 443 1711 468 ili
1729 443 1817 470 servi-

1033 482 1099 510 tute,
1114 487 1166 514 qua
1181 481 1233 507 sub
1245 482 1331 508 risum
1346 483 1538 518 cfl'ugicntibus
1555 485 1683 517 dominis.
1701 487 1816 521 impuris

1032 526 1125 560 utique
1144 526 1312 555 daemonibus
1337 532 1363 555 et
1378 529 1504 564 malignis
1520 531 1690 566 principibus
1710 541 1740 560 ac
1758 535 1815 568 spi-

1032 570 1130 596 ritibus
1147 571 1349 604 premebantur,
1372 578 1398 600 et
1417 574 1467 601 alia
1484 575 1547 602 item
1570 577 1675 605 ratione
1695 577 1816 608 deseruit

1031 614 1107 641 illum
1124 615 1214 647 Pater.
1232 621 1262 643 ut
1275 618 1341 645 illud
1355 620 1459 647 scilicet
1478 622 1676 654 ostenderetur.
1693 625 1815 652 affectio-

1030 667 1091 687 nem
1114 669 1163 696 pro
1182 662 1340 691 hominibus
1363 665 1450 699 ipsius
1468 675 1576 702 quoque
1597 669 1699 696 Christi
1716 666 1811 698 fuisse.

1030 705 1200 742 Quapropter
1227 718 1287 737 cum
1313 711 1385 738 illius
1412 713 1509 740 animae
1528 714 1573 748 jus
1602 718 1628 742 et
1651 720 1813 750 potestatem

1030 749 1112 780 nemo
1125 754 1245 787 haberet,
1262 757 1354 784 volens
1371 758 1429 793 ipse
1445 767 1493 793 pro
1508 760 1663 790 hominibus
1679 763 1751 790 illam
1763 771 1813 799 po-

1029 800 1094 832 suit,
1113 800 1149 827 ita
1170 809 1234 828 sane
1247 803 1475 836 quemadmodum
1491 805 1568 833 docet
1581 807 1647 841 ipse,
1665 808 1729 835 dum
1741 810 1810 836 ait“:

1031 854 1040 870 1
1056 845 1140 872 Nemo
1157 847 1233 874 tollet
1248 850 1365 875 animant
1387 858 1475 877 meam
1490 859 1504 878 a
1520 859 1571 884 me;
1589 857 1748 887 potestatem
1764 855 1813 883 ha-

1029 891 1078 918 beo
1094 894 1211 926 ponendi
1232 901 1302 926 eam,
1318 899 1344 921 et
1366 900 1526 929 potestatem
1549 898 1634 926 habeo
1651 907 1748 928 rursus
1765 909 1812 928 su-

191 928 223 955 ἂν
238 928 334 964 ἐλέχθη
344 938 351 943 ·
366 939 375 954 1
402 929 444 956 Ἐν
460 929 546 965 καιρῴ
559 930 645 965 δεκτῷ
660 931 799 966 ἐπήκουσά
811 942 867 966 σου,
881 935 928 961 καὶ
949 936 977 961 ὲν
994 934 1014 960 Β

994 934 1014 960 Β
1029 938 1117 964 mendi
1138 946 1207 966 eam.
1224 939 1259 967 lis
1272 948 1331 974 quae
1345 928 1415 968 dicta
1434 947 1507 974 sunt,
1524 943 1653 980 deinceps
1667 946 1807 982 adjungit:

188 974 280 1010 ἡμέρᾳ
297 975 433 1011 σωτηρίας
456 975 591 1011 ἐϐοήθησά
608 985 658 1003 σοι.
679 976 743 1004 Ἰδοὺ
758 978 804 1004 νῦν
826 980 919 1015 καιρὸς
932 981 975 1006 εὑ-

189 1019 362 1054 πρόσδεκτος,
380 1020 434 1046 ἰδοὺ
459 1020 506 1047 νῦν
522 1021 612 1056 ἡμέρα
632 1023 777 1057 σωτηρίας.
795 1033 804 1049 ι
822 1025 934 1058 Λέγοιτο
952 1027 973 1053 δ’

189 1063 222 1090 ἂν
230 1064 316 1090 ταῦτα
327 1066 372 1091 καὶ
385 1065 484 1102 ἑτέρως
498 1066 549 1092 ὑπὸ
562 1066 685 1102 Σωτῆρος
699 1068 786 1103 ήμῶν,
802 1069 838 1100 ὼς
850 1070 975 1103 εἰωθότος

189 1110 238 1145 μὲν
252 1111 294 1137 ἀεὶ
315 1111 361 1138 καὶ
377 1111 490 1138 πὰντοτε
511 1112 699 1140 εἰσακούεσθαι
722 1115 773 1141 ὑπὸ
795 1116 841 1142 τοῦ
857 1117 972 1153 Πατρὸς,

186 1156 234 1183 νῦν
252 1156 280 1182 δὲ
297 1158 464 1189 πιστεύοντος
482 1159 749 1194 εἰσακουσθήσεσθαι,
764 1161 830 1188 ὡσεὶ
848 1163 974 1197 σαφέστε-

187 1209 233 1238 ρον
249 1202 340 1236 ἔλεγε·
358 1203 402 1239 Μὴ
417 1201 470 1229 οἷόν
494 1212 523 1229 τε
539 1204 623 1235 ἐστὶν,
639 1202 661 1230 ὦ
684 1206 784 1241 Πάτερ,
802 1208 851 1242 ἐμὲ
870 1208 915 1235 τὸν
929 1209 973 1235 σὸν

186 1248 318 1283 μονογενῆ
348 1249 393 1275 καὶ
421 1249 561 1284 ἀγαπητὸν
589 1250 670 1283 Υἱὸν,
700 1251 737 1287 μὴ
767 1253 971 1286 εἰσακούεσθαι,

185 1294 290 1329 βοῶντα
305 1295 352 1322 καὶ
363 1296 515 1330 κεκραγότα
525 1295 601 1332 ’προς
613 1296 642 1323 σὲ
655 1296 699 1324 τὸν
712 1298 829 1333 ἐμαυτοῦ
842 1300 951 1335 Πατέρα
964 1308 971 1333 ;

183 1340 304 1368 διδάσκει
320 1340 383 1375 γοῦν
398 1342 463 1368 αὐτὸ
478 1341 557 1368 τοῦτο
569 1343 597 1368 ὲν
610 1342 648 1378 τῷ
663 1344 732 1370 κατὰ
749 1344 875 1381 Ἰωάννην
889 1346 973 1380 Εὐαγ-

182 1386 266 1422 γελίῳ
289 1387 334 1413 ἐπὶ
359 1386 406 1413 τοῦ
428 1387 566 1423 Λαζάρου,
588 1388 704 1423 ὁπηνίκα
726 1390 826 1417 εἰπών·
846 1400 855 1416 1
872 1392 972 1427 ’Ἄρατε

182 1431 228 1458 τὸν
244 1431 316 1459 λίθον
334 1432 386 1459 ἀπὸ
401 1432 448 1459 τοῦ
468 1434 610 1470 μνημείου,
634 1435 720 1471 ἐπῆρε
735 1436 798 1467 τοὺς
818 1436 972 1472 ὀφθαλμοὺς

182 1477 285 1504 ἑαυτοῦ
293 1479 332 1510 εις
344 1478 388 1504 τὸν
401 1479 524 1515 οὐρανὸν,
542 1481 588 1506 καὶ
603 1478 663 1507 εἶπε
676 1489 682 1495 ·
701 1482 802 1517 Πάτερ,
820 1483 972 1517 εὐχαριστῶ

183 1531 235 1554 σοι,
249 1524 289 1550 ὅτι
304 1524 422 1560 ﬁmum;
438 1534 497 1560 μου.
520 1526 588 1560 Ἐγὼ
602 1527 629 1553 δὲ
642 1526 723 1562 ᾔδειν,
737 1527 776 1554 ὅτι
793 1528 907 1555 πάντοτέ
920 1537 970 1564 μου

181 1570 300 1602 ἀκούεις.
323 1581 331 1596 ι
347 1571 378 1596 El
392 1571 481 1597 τοίνυν
493 1572 605 1598 πάντοτε
619 1571 701 1598 αὑτοῦ
716 1573 875 1605 ἀκούει,ούκ
886 1575 969 1609 ἀμφι-

1029 990 1038 1005 1
1053 981 1144 1017 Longe
1159 989 1173 1008 a
1185 984 1272 1011 salute
1288 993 1345 1011 mea
1361 986 1441 1013 verba
1462 987 1623 1016 delictorum
1646 981 1779 1019 meorum.
1796 1002 1806 1018 ι

1025 1026 1077 1054 Pro
1102 1035 1155 1062 quo
1175 1029 1271 1064 Aquila
1297 1031 1405 1065 quidem
1428 1042 1434 1059 :
1459 1042 1468 1057 1
1485 1032 1575 1069 Longe
1597 1043 1611 1062 τι
1637 1036 1724 1064 salute
1750 1045 1810 1065 mea

1025 1073 1106 1099 verba
1134 1073 1257 1102 fremitus
1283 1076 1345 1109 mei,
1361 1086 1370 1101 ι
1394 1079 1529 1112 exposuit.
1560 1078 1738 1114 Symmachus
1761 1089 1810 1109 au-

1025 1121 1078 1144 tem
1096 1127 1101 1145 :
1119 1127 1126 1143 1
1147 1117 1328 1147 Recesserunt
1352 1128 1366 1148 a
1394 1122 1482 1150 salute
1506 1131 1566 1151 mea
1590 1126 1672 1151 verba
1685 1125 1808 1154 luctuum

1024 1170 1157 1195 meorum,
1175 1173 1183 1189 ›
1200 1172 1306 1191 necnon
1330 1166 1402 1201 apud
1425 1168 1558 1202 quintam,
1577 1177 1638 1203 qua!
1652 1169 1747 1202 fertur,
1766 1170 1808 1198 in-

1025 1208 1245 1241 terpretationem
1260 1209 1362 1237 dicitur
1376 1220 1382 1237 :
1400 1220 1409 1236 1
1422 1210 1514 1248 Longe
1526 1221 1540 1239 a
1553 1214 1640 1241 salute
1655 1218 1713 1242 mea
1723 1215 1806 1243 verba

1023 1252 1243 1288 deprecatioultm
1269 1263 1402 1284 mearum.
1419 1267 1428 1283 ›
1447 1256 1485 1284 Ita
1510 1258 1585 1286 vides
1611 1259 1638 1285 in
1664 1260 1737 1286 nulla
1759 1260 1808 1288 ha-

1023 1306 1082 1325 rum
1110 1301 1318 1328 conversionum
1341 1310 1401 1337 qua:
1422 1303 1559 1337 posterius
1581 1303 1660 1331 dictae
1676 1309 1750 1338 sunt,
1774 1305 1807 1333 il-

1024 1343 1079 1376 lud,
1108 1353 1117 1369 1
1133 1345 1292 1373 delictorum
1315 1355 1449 1382 meorum,
1464 1358 1473 1375 ι
1500 1349 1605 1382 haberi,
1629 1350 1728 1385 quippe
1743 1358 1806 1379 cum

1023 1388 1157 1416 interdum
1173 1391 1293 1419 librariis
1315 1395 1470 1421 errantibus
1489 1394 1645 1428 hujusmodi
1661 1397 1805 1425 varietates

1023 1434 1098 1462 libris
1116 1437 1274 1472 contingere
1296 1439 1410 1468 soleant.
1434 1441 1474 1467 Ex
1493 1442 1641 1468 multorum
1657 1447 1747 1469 autem
1760 1443 1805 1470 in-

1022 1483 1215 1516 terpretatione
1230 1484 1447 1519 investigandum
1463 1489 1515 1519 est,
1529 1490 1619 1513 utrum
1633 1487 1660 1514 in
1676 1488 1718 1515 his
1728 1488 1805 1523 quis.

1021 1527 1091 1562 piam
1111 1529 1187 1555 illum
1200 1534 1292 1556 nostra
1305 1531 1404 1558 delicta.
1416 1539 1465 1559 sua
1483 1532 1626 1560 facientem
1639 1534 1704 1561 talia
1717 1543 1805 1562 enun.

1021 1572 1103 1599 tiasse
1115 1573 1223 1601 dixerit.
1240 1573 1288 1602 His
1300 1575 1428 1610 deinceps
1444 1577 1568 1612 adjungit
1582 1587 1588 1605 :
1607 1587 1617 1604 1
1633 1578 1704 1606 Deus
1716 1587 1802 1613 meus,

181 1614 297 1647 ϐάλλων,
315 1615 371 1641 ἀλλ’
388 1616 509 1652 ἀκριῆὦς
526 1616 714 1652 ἐπιστάμενος,
739 1618 779 1644 ὅτι
796 1619 842 1645 καὶ
861 1618 908 1646 νῦν
921 1620 969 1646 αὑ-
983 1610 1003 1639 C

983 1610 1003 1639 C
1020 1617 1144 1645 clamabo
1156 1626 1203 1653 per
1211 1619 1292 1651 diem,
1307 1623 1334 1647 et
1349 1629 1402 1647 non
1418 1610 1558 1654 exaudies,
1575 1627 1601 1650 et
1619 1632 1667 1659 per
1683 1610 1801 1658 noctem,

179 1661 228 1688 τοῦ
251 1662 448 1694 εἰσακούσεται,
478 1663 515 1694 ὼς
538 1664 666 1690 ἀδυνάτου
691 1664 766 1696 ὄντος
781 1665 828 1691 τοῦ
853 1665 889 1702 μὴ
912 1667 969 1692 εἰσ-

179 1707 329 1734 ακούεεθαι
350 1708 446 1740 αὑτὸν,
464 1709 677 1745 ἑρωτηματικῶς
697 1718 792 1745 φησιν·
815 1719 824 1736 1
851 1711 880 1737 Ὁ
904 1711 968 1744 Θεός

181 1761 245 1788 μου,
259 1752 425 1788 κεκράξομαι
437 1754 552 1789 ἡμέρας,
569 1755 615 1782 καὶ
628 1756 676 1781 οὐκ
695 1755 840 1792 εἰσακούσῃ
854 1765 860 1790 ;
881 1767 891 1783 ›
906 1758 968 1784 ὑπο-

180 1799 327 1831 στιζόντων
351 1800 428 1836 ἡμῶν
445 1802 474 1827 ὲν
495 1801 543 1836 τῷ,
564 1811 573 1827 1
593 1803 643 1828 οὐκ
664 1803 820 1839 εἰσακούσῃ,
842 1814 851 1830 ι
866 1805 912 1831 καὶ
937 1805 967 1831 τὸ

179 1846 300 1872 ἐναντίον
315 1847 496 1873 ὑπονοούντων
512 1847 550 1883 τῷ
568 1847 700 1884 πύσματι.
717 1849 802 1876 Τοῦτο
817 1850 881 1884 γοῦν
897 1851 967 1878 διδά-

179 1899 241 1917 σκει
269 1891 365 1927 μικρὸν
383 1892 504 1928 ὕστερον,
532 1894 633 1929 προῖὼν
660 1895 722 1930 ἑξῆς
741 1896 769 1921 ὲν
795 1895 833 1931 τῷ
856 1896 964 1932 ψαλμῷ,

178 1935 266 1970 λέγων
276 1946 282 1952 ·
293 1947 302 1962 1
322 1938 376 1966 Οὐκ
393 1938 568 1971 ὲξουδένωσεν
579 1940 638 1966 οὐδὲ
651 1940 819 1976 προσώχθισε
832 1943 865 1977 τῇ
877 1941 965 1978 δεήσει

176 1982 226 2009 τοῦ
253 1983 377 2018 πτωχοῦ,
401 1985 460 2011 οὐδὲ
483 1985 635 2021 ἀπέστρεψε
659 1986 689 2013 τὸ
713 1987 856 2022 πρόσωπον
882 1987 964 2015 αὐτοῦ

175 2028 226 2055 ἀπ’
242 2029 320 2064 ἐμοῦ,
339 2030 385 2056 καὶ
401 2030 430 2056 ἐν
451 2030 489 2066 τῷ
504 2031 666 2067 κεκραγέναι
684 2041 718 2067 με
734 2032 801 2069 πρὸς
819 2032 897 2060 αὑτὸν
910 2035 965 2060 εἱσ-

176 2074 278 2109 ήκουσέ
291 2083 367 2109 μου.)
378 2075 440 2106 Πῶς
453 2074 500 2102 οὖν
512 2077 687 2111 ἀποφατικῶς
700 2077 771 2111 λέγοι
780 2078 823 2110 ἂν,
837 2088 844 2103 1
858 2079 885 2105 '0
899 2079 964 2111 Θεός

177 2127 242 2154 μου,
267 2120 434 2156 κεκράξομαι
460 2121 575 2156 ἡμέρας,
600 2123 646 2149 καὶ
660 2123 710 2149 οὐκ
733 2123 888 2160 εἰσακούσῃ,
911 2134 919 2148 ι
939 2125 963 2151 εί

177 2165 216 2200 μὴ
243 2165 312 2192 κατὰ
331 2166 380 2202 τὴν
407 2166 581 2194 ἀποδοθεῖσαν
601 2168 664 2203 ἡμῖν
681 2168 812 2204 θεωρίανς
837 2170 870 2205 ἣν
885 2167 962 2205 οἶμαι

175 2211 224 2238 καὶ
248 2211 328 2238 αὑτὸν
356 2211 538 2245 αἰνίττεσθαι,
564 2212 691 2246 λέγοντα·
713 2223 722 2239 ‹
750 2214 778 2240 '0
809 2215 875 2246 Θεός
899 2223 960 2251 μου,

174 2257 344 2293 κεκράξομαι
361 2258 476 2293 ἡμέρας,
495 2259 541 2285 καὶ
556 2259 605 2285 οὐκ
622 2260 776 2297 εἰσακούσῃ,
792 2262 838 2287 καὶ
854 2261 958 2294 νυκτὸς,
975 2278 997 2305 D

174 2302 224 2328 καὶ
239 2303 337 2334 οὐκείς
349 2304 441 2330 ἄνοιαν
457 2305 528 2339 ἐμοί.
545 2314 554 2330 ι
570 2306 606 2331 Οὺ
623 2305 676 2341 γὰρ
693 2306 733 2338 εἰς
746 2307 848 2338 ἄνοιαν,
867 2308 957 2343 φησιν,

174 2348 238 2383 ἐμοὶ
249 2348 356 2383 λέγεται
367 2349 408 2381 τὸ,
424 2359 433 2375 1
451 2350 606 2386 εἰσακούσῃ.
624 2361 633 2377 ι
650 2350 714 2378 Οἶδα
724 2352 778 2388 γὰρ
795 2353 874 2385 αὐτὸς
886 2354 959 2386 ὅπως

172 2393 253 2420 τοῦτό
274 2403 356 2430 φημι,
382 2398 572 2432 πεπεισμένος,
589 2398 629 2423 ὅτι
656 2397 778 2432 πέφυκας
804 2399 851 2434 οὐχ
870 2400 909 2426 ὅτι
927 2408 958 2434 γε

174 2440 243 2476 ἐμοῦ
261 2441 339 2476 μόνον
352 2442 592 2478 ἀντιλαμϐάνεσθαι
604 2444 649 2470 καὶ
660 2444 820 2476 εἰσακούειν,
837 2445 903 2471 ἀλλὰ
913 2446 959 2472 καὶ

174 2487 285 2513 πάντων
295 2488 348 2514 τῶν
365 2489 448 2523 ἁγίων
466 2498 521 2515 σου.
546 2489 600 2515 Ἀεὶ
622 2489 676 2525 γὰρ
693 2491 739 2516 καὶ
755 2490 798 2516 διὰ
814 2491 913 2522 παντὸς
929 2492 958 2517 ὲν

173 2534 231 2564 τοῖς
247 2533 334 2567 ἁγίοις
350 2542 397 2560 σου
410 2536 554 2566 κατοικεῖς,
570 2535 616 2560 καὶ
633 2535 664 2561 σὺ
682 2533 706 2561 εἷ
718 2536 732 2561 ό
749 2535 846 2567 παντὸς
862 2536 956 2571 ἀνδρὸς

173 2577 324 2613 θεοφιλοῦς,
347 2579 453 2615 Ἰσραὴλ
470 2581 746 2616 προσαγορευομένου,
772 2582 895 2613 ἓπαινος¹
913 2581 957 2608 διὰ

174 2623 206 2650 σὲ
221 2623 276 2660 γὰρ
292 2624 372 2650 παντὶ
387 2623 426 2659 τῷ
444 2632 472 2650 σε
490 2625 643 2659 περιέποντι
656 2626 703 2660 οὐχ
719 2626 732 2652 ὁ
744 2622 833 2660 τυχὼν
846 2625 957 2661 προσγί-

172 2678 249 2697 νεται
267 2670 387 2702 ἔπαινος,
412 2670 458 2696 καὶ
474 2672 519 2697 ἐπι
536 2672 576 2697 σοὶ
596 2671 619 2697 οἱ
643 2671 760 2704 πατέρες
784 2670 861 2706 ἡμῶν
879 2671 957 2706 ἤλπι-

174 2723 235 2747 σαν,
252 2716 300 2742 καὶ
324 2716 482 2748 ἐλπίσαντες
501 2716 555 2742 τῶν
570 2715 777 2742 ἐπαναστάντων
799 2717 889 2748 αὐτοῖς
906 2725 955 2742 κα-

173 2761 229 2788 κῶν
245 2761 427 2799 ἑρῤύσθησαν,
445 2763 491 2789 καὶ
515 2762 582 2798 πρὸς
598 2763 627 2789 σε
651 2762 809 2798 ἐκέκραξαν,
827 2762 873 2788 καὶ
890 2762 957 2788 ἐσώ-

172 2806 270 2842 θησαν,
286 2807 333 2834 ἐπὶ
349 2807 390 2834 σοί
401 2816 430 2834 τε
447 2808 572 2842 ἤλπισαν,
590 2808 636 2834 καὶ
652 2805 682 2834 οὐ
696 2807 929 2843 κατῃσχύνθησαν.
945 2817 954 2833 ι

209 2897 218 2913 ¹
236 2897 316 2926 Joan.
333 2905 366 2930 ι,
385 2896 428 2925 18.
465 2897 476 2913 ¹
495 2896 518 2925 ιι
534 2896 596 2924 Cor.
616 2904 660 2930 τι,
675 2896 702 2923 2.

1020 1667 1047 1689 et
1068 1670 1121 1690 non
1152 1664 1185 1690 ad
1206 1665 1389 1700 insipientiam
1423 1667 1530 1701 mihi;n
1558 1676 1606 1703 pro
1630 1678 1684 1705 quo
1706 1679 1803 1700 rursus

1020 1706 1200 1743 Symmachus
1217 1718 1224 1735 :
1240 1719 1249 1735 1
1266 1709 1336 1737 Deus
1357 1718 1442 1743 meus,
1458 1712 1555 1746 inquit,
1578 1713 1700 1741 clamabo
1719 1716 1802 1742 inter-

1018 1753 1107 1786 diu,et
1128 1761 1183 1781 non
1210 1756 1351 1787 exaudies,
1374 1760 1401 1783 et
1421 1760 1515 1789 noctu,
1532 1761 1558 1784 et
1576 1765 1630 1784 non
1654 1763 1696 1786 cst
1719 1761 1802 1787 silen-

1017 1799 1095 1826 tium.
1114 1809 1123 1826 ι
1144 1800 1214 1835 Ergo
1233 1801 1260 1827 in
1283 1801 1325 1828 his
1339 1801 1445 1828 Patrem
1462 1808 1540 1829 suum
1557 1807 1685 1838 tanquam
1701 1812 1730 1833 se
1745 1814 1801 1833 non

1017 1846 1206 1874 exaudientem
1226 1847 1387 1880 admiratur,
1413 1840 1516 1882 utpote,
1539 1856 1600 1875 eum
1626 1857 1725 1877 novum
1749 1851 1800 1879 hoc

1016 1897 1096 1927 atque
1111 1893 1272 1920 inusitattnn
1285 1893 1421 1928 inspiciat.
1441 1893 1486 1921 Ille
1500 1898 1589 1921 anteiit
1603 1894 1666 1922 huic
1683 1895 1799 1923 audien-

1015 1939 1081 1966 tiam
1107 1931 1139 1966 ad
1167 1939 1294 1967 idoneum
1317 1940 1480 1968 exaudiendi
1502 1945 1608 1977 tempus
1637 1944 1796 1971 reservavit.

1015 1983 1072 2011 Hoc
1084 1991 1149 2011 vero
1164 1984 1226 2017 fuit,
1251 1986 1433 2020 susceptionis
1456 1988 1596 2014 matutina:
1614 1988 1799 2016 exeitationis-

1015 2037 1068 2064 que
1080 2038 1094 2056 a
1110 2035 1196 2058 morte
1211 2031 1244 2058 ad
1260 2032 1342 2058 vitam
1362 2037 1477 2067 tempus,
1493 2041 1546 2068 quo
1562 2041 1628 2061 sane
1638 2038 1758 2069 tempore
1773 2035 1796 2062 si

1015 2077 1123 2111 quando
1149 2077 1181 2104 ad
1209 2077 1292 2104 alium
1318 2079 1483 2113 quempiam,
1510 2080 1543 2106 ad
1570 2080 1658 2114 ipsum
1688 2088 1797 2115 quoque

1015 2122 1087 2157 iuste
1106 2122 1250 2149 dicendum
1267 2123 1338 2150 fuit:
1358 2133 1367 2148 1
1383 2123 1411 2150 In
1434 2129 1555 2159 tempore
1576 2129 1687 2159 accepto
1710 2133 1795 2153 exau-

1013 2167 1067 2194 divi
1085 2171 1121 2199 te.
1141 2172 1167 2194 ct
1181 2169 1206 2194 in
1230 2169 1273 2195 die
1290 2169 1386 2195 salutis
1403 2169 1493 2204 adjuvi
1508 2175 1545 2202 te;
1561 2178 1625 2198 ecce
1639 2175 1795 2210 nunctem-

1012 2221 1063 2248 pus
1086 2214 1265 2248 acceptabile,
1292 2222 1356 2242 ecce
1385 2223 1458 2242 nunc
1475 2216 1534 2243 dies
1559 2216 1655 2244 salutis
1665 2217 1686 2244 '.
1703 2227 1712 2244 ι
1736 2216 1794 2245 Diei

1013 2267 1076 2286 vero
1093 2263 1205 2294 possunt
1224 2260 1281 2287 haae
1298 2260 1350 2287 alia
1371 2269 1480 2296 quoque
1496 2262 1600 2289 ratione
1622 2269 1637 2289 a
1654 2261 1795 2291 Salvatore

1012 2309 1126 2338 nostro,
1150 2309 1276 2341 tanquam
1303 2307 1337 2333 ab
1352 2314 1401 2338 eo,
1425 2309 1471 2342 qui
1492 2309 1665 2336 consueverit
1686 2317 1794 2345 semper

1013 2352 1119 2386 quidem
1135 2353 1201 2379 etin
1221 2353 1349 2380 omnibus
1366 2355 1490 2382 exaudiri
1511 2362 1525 2382 a
1542 2354 1632 2388 Patre,
1647 2363 1720 2382 nunc
1744 2356 1794 2382 du-

1012 2404 1076 2431 tem,
1095 2399 1233 2433 quietiam
1251 2398 1330 2426 fidem
1346 2400 1443 2428 habeat
1458 2408 1487 2428 se
1506 2409 1566 2429 esse
1581 2400 1791 2432 exaudiendum.

1011 2451 1065 2470 non
1079 2451 1158 2470 secus
1177 2450 1208 2470 ac
1225 2443 1248 2470 si
1266 2444 1374 2477 planius
1393 2445 1506 2477 diceret,
1529 2444 1652 2479 nunquid
1667 2443 1725 2472 ﬁeri
1744 2452 1793 2479 ρο·

1011 2492 1073 2521 test,
1083 2488 1195 2520 oPater,
1208 2492 1238 2516 ut
1247 2497 1296 2524 ego
1305 2490 1402 2517 unicus
1412 2498 1443 2517 ac
1454 2490 1569 2518 dilectus
1578 2490 1673 2522 Filius,
1683 2490 1745 2516 dum
1757 2490 1792 2517 ad

1011 2539 1038 2562 te
1049 2534 1156 2562 Patrem
1168 2542 1258 2563 meum
1270 2536 1368 2568 clamo,
1385 2539 1413 2563 et
1423 2535 1567 2568 vociferor,
1579 2544 1632 2562 non
1644 2535 1792 2563 exaudiar?

1009 2581 1089 2616 497
1105 2581 1236 2615 siquidem
1253 2581 1305 2608 hoc
1321 2582 1408 2616 ipsum
1424 2583 1468 2610 ille
1487 2582 1555 2609 idem
1572 2582 1651 2610 docet
1665 2583 1691 2608 in
1702 2581 1792 2609 Evan-

1009 2627 1079 2662 gelio
1097 2626 1220 2657 Joannis.
1236 2627 1282 2654 ubi
1299 2627 1332 2655 de
1346 2627 1448 2655 Lazaro
1466 2636 1555 2655 sermo
1570 2631 1622 2655 est.
1644 2627 1711 2654 Nam
1727 2635 1791 2656 cum

1009 2673 1141 2700 dixisset:
1161 2683 1170 2698 1
1192 2672 1289 2700 Tollite
1304 2673 1418 2708 lapidem
1434 2681 1448 2700 a
1464 2678 1649 2706 monumento,
1670 2682 1681 2700 ι
1695 2677 1792 2701 ςνιιειιι-¹

1010 2719 1040 2745 lit
1057 2719 1153 2746 deinde
1171 2719 1265 2747 oculos
1279 2727 1343 2747 suos
1359 2719 1392 2746 ad
1408 2720 1505 2747 cmlum
1521 2724 1548 2748 et
1563 2719 1632 2747 dixit
1646 2729 1652 2747 :
1670 2729 1680 2746 1
1698 2719 1790 2753 Pater,

1009 2765 1111 2799 gratias
1127 2773 1177 2800 ago
1195 2765 1253 2798 tibi,
1272 2766 1399 2800 quoniam
1418 2765 1546 2793 audivisti
1561 2773 1613 2795 me.
1629 2765 1685 2801 Ego
1699 2771 1790 2794 autem

1010 2810 1128 2838 sciebam
1145 2811 1218 2846 quod
1233 2819 1339 2846 semper
1351 2819 1394 2840 me
1415 2812 1492 2840 audis
1508 2812 1527 2840 '.
1547 2821 1557 2838 ι
1575 2811 1604 2839 Si
1621 2811 1704 2847 igitur
1719 2820 1792 2840 scm-

742 2897 752 2913 ³
769 2895 850 2925 Joan.
868 2904 912 2931 xl,
930 2896 1022 2925 '59-“.
