2099 3217
313 152 365 180 ’ΠΙ

653 150 790 180 EUSEBII
806 149 1048 179 CESARIENSIS
1065 150 1141 179 OPP.
1162 150 1255 179 PARS
1272 152 1347 180 'll.—
1364 151 1615 180 APOLOGETICA.

1885 153 1939 180 7ῖὲ

315 220 366 248 per
382 212 458 240 illum
483 211 570 244 audit,
596 218 670 238 nunc
692 218 801 246 quoque
822 218 878 238 non
901 210 1040 243 dubitans,
1057 211 1103 238 sed

1161 211 1269 246 Ἐπειδὴ
1282 209 1328 238 οὖν
1340 211 1439 243 πάντες
1455 211 1480 237 οἱ
1494 211 1565 245 ἆγιοι
1575 210 1676 237 τούτων
1687 209 1779 245 ἔτυχον
1792 209 1867 245 πτρὰ
1882 210 1940 243 σοῦ,

317 258 399 294 plane
423 263 591 293 compertum
615 257 719 284 habens
741 265 771 284 se
794 263 856 284 esse
876 257 1052 288 audiendum,
1076 261 1103 284 et

317 310 447 339 tanquam
463 304 519 331 ﬁeri
535 311 589 330 non
604 304 703 337 possit,
720 306 750 330 ut
766 310 820 329 non
836 302 973 333 audiatur.
999 310 1032 329 ex
1062 303 1104 329 in-

316 350 500 385 terrogatione
519 350 554 375 ai'
575 359 581 376 :
604 358 613 375 (
636 348 705 376 Deus
721 356 808 379 meus,
835 348 959 374 clamaho
973 348 1102 379 interdiu,

317 399 345 422 et
360 403 414 422 non
436 394 585 421 exaudies?
609 403 618 419 ›
638 394 717 420 nobis
739 393 864 420 videlicet
884 393 1103 427 interrogationis

317 443 409 466 notam
420 439 583 466 addentibus
595 439 626 465 ad
642 439 764 470 verbum,
784 448 793 464 ‹
814 439 955 470 exaudies,
973 449 980 464 ι
997 443 1024 466 et
1038 447 1103 466 cou-

316 485 431 512 trarium
447 485 518 519 ejus,
537 484 610 519 quod
622 485 818 519 interrogatum
835 484 880 515 sit,
895 485 1101 519 subintelligen-

315 531 400 558 tibus.
424 531 563 566 Siquidem
591 531 642 557 hoc
670 531 758 565 ipsum
785 531 866 565 paulo
893 535 953 565 post
978 539 1103 558 sermone

317 585 480 612 progressus
510 577 630 604 ostendit
647 576 776 611 deinceps
803 577 829 602 in
855 578 960 611 psalmo
981 578 1076 604 dicens
1095 587 1102 606 :

320 633 329 649 ι
349 623 409 650 Νοη
431 624 533 658 sprevit
558 631 645 656 neque
663 623 803 650 molestam
824 624 917 650 habuit
933 623 1103 658 deprecatio-

316 677 379 697 nem
396 670 534 704 pauperis,
550 677 637 703 neque
654 669 751 696 avertit
767 668 862 696 faciem
885 677 962 696 suam
976 677 990 694 a
1007 677 1059 701 me,
1077 673 1103 696 et

316 722 378 742 cum
394 715 540 741 clamarem
557 716 589 741 ad
606 723 679 746 cum,
705 715 843 741 exaudivit
861 723 911 741 me.
937 724 946 740 ι
962 714 1103 747 Quomodo

316 760 400 795 igitur
416 761 539 794 negative
554 759 618 785 illud
631 759 756 786 di:etur'!
773 757 860 785 «Deus
873 766 962 790 meus,
978 758 1104 784 clamabo

317 805 447 835 interdiu,
462 808 488 831 ct
500 812 553 831 non
568 804 708 833 exaudies,
739 813 748 828 ι
768 803 820 829 nisi
842 810 873 829 ea
891 804 995 830 ratione
1022 810 1102 837 quam

317 857 368 878 nos
383 850 535 880 attulimus,
555 857 635 883 quam
653 856 719 876 sane
740 849 874 875 rationem
891 849 978 883 ipsum
995 857 1103 883 quoque

1154 256 1337 292 κεκράξαντές
1353 265 1382 283 τε
1399 257 1623 292 εἰσηκούσθησαν,
1644 256 1691 283 καὶ
1706 257 1736 282 οὺ
1755 256 1942 291 κατῃσχύνθη-

1155 311 1216 335 σαν,
1233 303 1309 337 πόσῳ
1316 302 1356 340 ξδὴ
1374 302 1453 330 πλέον
1470 303 1536 338 ἐμοῦ
1559 302 1605 329 τοῦ
1621 302 1668 329 σοῦ
1685 301 1825 338 ἀγαπητοῦ
1847 301 1941 334 παιδὸς

1156 347 1270 382 βοῶντος
1285 347 1383 382 μᾶλλον
1399 348 1525 374 ἁπάντων
1539 348 1584 373 καὶ
1597 348 1766 382 ἑτοιμὰτερον
1778 346 1938 382 εἰσακούπῃς

1155 394 1186 419 Εἰ
1202 393 1230 419 δὲ
1245 393 1292 420 καὶ⁸
1308 393 1555 428 ἁποθαυματτικῶς
1573 401 1652 427 φημι,
1672 401 1681 417 ι
1702 391 1940 427 Κεκράξομαιικαὶ

1154 440 1203 465 οὐκ
1215 439 1360 475 εἰσακούσῃ
1371 440 1376 465 ε
1392 450 1401 464 ‹
1414 439 1470 465 ἀλλ’
1481 439 1530 465 οὐκ
1540 440 1579 470 εἰς
1595 439 1686 465 ἄνοιαν
1698 440 1712 465 6
1723 438 1801 472 λόγος
1819 446 1863 473 μοι
1876 445 1941 472 προ-

1155 484 1275 519 φέρεται,
1301 482 1365 510 υἷόα
1388 484 1452 518 γοῦν
1475 485 1548 515 ὅπως
1573 484 1622 519 τὴν
1639 483 1720 519 εὐχὴν
1741 483 1886 519 προφέρω,
1903 482 1940 517 μὴ

1154 530 1365 564 ὲναϐρυνὸμενος
1380 530 1445 565 μηδὲ
1463 530 1680 565 ἑγκαυχώμενος,
1698 529 1754 556 ἀλλ’
1771 529 1808 560 ὡς
1821 535 1942 556 ταπεινο-

1155 575 1269 610 φρονῶν.
1296 576 1371 601 Ἐπεὶ
1381 576 1435 611 γὰρ
1452 576 1537 611 πρᾶός
1552 576 1609 610 εἰμι
1625 576 1673 601 καὶ
1688 574 1813 606 ταπεινὸς
1827 572 1861 609 τῇ
1878 581 1942 609 καρ-

1155 621 1208 656 δίᾳ,
1225 621 1358 652 ταπεινῶς
1375 622 1419 647 καὶ
1432 623 1464 657 τῇ
1481 621 1599 656 ἐμαυτοῦ
1617 622 1747 657 πραότητι
1759 621 1865 653 οἰκείως
1878 619 1941 655 περὶ

1154 667 1272 701 ἐμαυτοῦ
1289 667 1404 692 ταπεινὰ
1416 666 1578 702 φθέγγομαι,
1602 666 1680 693 Οὕτω
1695 667 1728 702 δὴ
1750 667 1797 694 καὶ
1814 667 1941 702 σκώληκα

1154 714 1271 748 ἐμαυτὸν
1287 712 1412 748 ὀνομάζω
1425 722 1430 728 ·
1448 714 1475 739 τί
1496 713 1550 749 γὰρ
1565 713 1597 740 ἂν
1613 713 1717 747 γένοιτο
1739 712 1880 749 σκώληκος
1894 722 1942 740 τα-

1154 760 1309 795 πεινότερον
1322 768 1328 792 ;
1343 760 1403 786 ὅθεν
1419 759 1472 785 ούδ⁴
1491 759 1632 794 ἄνθρωπον
1649 759 1766 794 ἐμαυτὸν
1782 758 1883 794 εἴποιμ’
1898 758 1940 791 ἂν,

1154 808 1192 838 εἰς
1213 806 1346 841 τοσαύτην
1372 806 1535 832 ταπείνωσιν
1557 806 1589 831 ἐκ
1614 804 1661 831 τοῦ
1686 804 1785 831 οἰκείου
1812 804 1942 840 μεγέθους

1154 851 1300 883 κατελθὼν,
1318 851 1387 878 ὥστε
1405 852 1451 877 καὶ
1478 850 1616 886 σκώληκος
1640 851 1722 886 μηδὲν
1740 850 1827 876 δοκεῖν
1851 850 1943 884 διαφέ-

316 895 436 923 arbitror
450 894 604 930 significare
622 894 686 921 dum
702 894 770 921 dicit
791 904 797 921 :
817 904 825 920 ι
856 894 926 922 Deus
942 903 1028 926 meus.
1048 897 1102 922 cla-

1156 906 1221 933 ρειν,
1235 897 1279 923 διὰ
1294 897 1324 923 τὺ
1347 898 1393 923 καὶ
1411 897 1490 932 μέχρι
1511 896 1625 923 θανάτου
1639 897 1686 922 καὶ
1709 896 1759 931 τῆς
1781 895 1829 922 τοῦ
1848 895 1942 931 σώμα-

316 941 398 968 maho
415 940 543 971 interdiu,
555 945 581 966 et
591 947 644 966 non
659 939 801 971 exaudies,
817 944 842 967 et
856 944 948 971 noctu,
963 945 989 967 et
1005 948 1058 967 non
1070 940 1103 966 ad

317 987 502 1021 insipientiam
520 986 612 1012 mihi.)
631 985 689 1012 Non
704 986 777 1013 enim
799 986 832 1013 ad
850 986 1045 1022 insipientiam,
1063 987 1104 1012 in—

316 1032 409 1066 quit,a
422 1040 464 1059 me
475 1032 574 1058 dicitur
586 1032 663 1063 illud,
677 1042 686 1057 ι
704 1031 843 1059 exaudics.
857 1042 866 1057 ι
882 1032 949 1058 bovi
964 1033 1034 1058 enim
1047 1032 1104 1066 ipse

317 1085 369 1113 qua
385 1078 490 1105 ratione
506 1078 557 1104 hoc
568 1078 668 1110 dicam,
682 1078 782 1112 quippe
797 1078 843 1112 qui
859 1078 936 1104 [idem
952 1078 1065 1104 habeam
1078 1081 1104 1104 te

315 1127 415 1150 natura
442 1130 607 1158 propensum
632 1130 694 1150 esse
720 1123 753 1149 ad
780 1122 996 1157 suscipiendum,
1022 1127 1103 1157 atque

317 1169 482 1197 audiendum
499 1177 553 1196 non
570 1170 658 1196 solum
677 1177 730 1200 me,
755 1169 801 1196 sed
824 1170 905 1196 etiam
927 1177 1021 1197 omnes
1040 1178 1104 1197 sau-

317 1221 377 1243 ctos
393 1220 464 1242 tuos.
482 1214 596 1250 Semper
617 1215 689 1242 enim
716 1218 743 1242 et
767 1223 963 1250 usquequaque
994 1216 1021 1242 in
1048 1216 1103 1243 tuis

317 1261 421 1289 sanctis
435 1262 553 1293 habitas,
570 1261 696 1295 idemque
712 1262 769 1296 ipse
778 1269 807 1288 es
821 1262 1038 1297 uniuscujusque
1048 1262 1103 1290 Deo

317 1308 461 1336 [auxiliaris
479 1312 560 1342 atque
573 1308 654 1334 amici
671 1307 800 1338 hominis,
813 1308 858 1341 qui
875 1307 957 1334 lsrael
973 1309 1102 1342 appellari

316 1355 501 1387 consueverit,
515 1354 572 1380 laus
589 1362 594 1380 :
611 1357 722 1388 propter
740 1356 766 1379 te
781 1353 854 1379 enim
870 1353 902 1379 ad
920 1360 1027 1379 omnem
1041 1362 1102 1381 eum

317 1401 364 1436 qui
391 1405 417 1427 le
440 1400 600 1434 complexus
626 1400 673 1430 sit,
701 1407 755 1426 non
778 1400 897 1435 vulgaris
920 1401 1011 1427 venire
1035 1401 1103 1427 solet

318 1447 388 1474 laus.
409 1456 418 1471 ε
437 1445 469 1472 Et
484 1446 511 1472 iu
527 1450 552 1472 tc
565 1449 656 1480 patres
670 1446 755 1472 nostri
772 1450 960 1480 speravcruut,
978 1456 986 1471 ι
1004 1450 1102 1473 etcum

318 1496 469 1527 sperarent,
488 1492 522 1517 ab
535 1491 723 1525 ingruentibus
735 1492 761 1518 in
780 1492 854 1526 ipsos
869 1492 947 1518 malis
964 1501 973 1516 ‹
995 1492 1102 1519 liberati

317 1543 392 1570 sunt,
407 1543 434 1565 et
447 1538 480 1565 ad
497 1541 522 1564 tc
533 1538 730 1569 clamaverunt,
749 1541 776 1564 et
795 1538 863 1565 salvi
888 1537 950 1564 facti
972 1541 1046 1569 sunt,
1062 1542 1102 1563 al-

317 1593 370 1621 que
384 1585 410 1612 in
425 1589 450 1612 te
464 1588 643 1619 speraverant
653 1587 680 1609 et
693 1583 799 1610 contusi
817 1591 870 1610 non
885 1588 959 1610 sunt.
979 1593 988 1609 ι
1006 1583 1033 1610 Si
1051 1584 1102 1618 igi-

315 1635 363 1659 tur
381 1639 477 1658 omnes
500 1629 588 1657 sancti
613 1630 670 1656 haec
695 1637 710 1655 a
728 1635 753 1656 te
768 1630 992 1664 impetraverunt,
1009 1636 1035 1657 et
1047 1631 1105 1656 cla-

317 1684 424 1705 mantes
439 1676 560 1704 exauditi
587 1679 662 1707 sunt,
681 1683 734 1702 non
761 1681 850 1702 autem
865 1677 983 1706 coul'nsi,
1000 1682 1103 1712 quanto

317 1723 405 1758 magis
431 1730 475 1750 me
500 1726 577 1748 tuum
599 1720 727 1747 dilectum
753 1721 836 1747 lilium
858 1722 1021 1748 clamantem
1049 1730 1104 1757 prae

316 1769 425 1796 cunctis
435 1768 538 1802 absque
556 1774 632 1793 mora
645 1766 794 1794 exaudies?
806 1766 884 1799 Quod
900 1768 922 1794 si
941 1768 1103 1795 admirantis

316 1814 470 1849 cujuspiam
484 1813 572 1840 instar
590 1813 702 1840 enuntio
719 1813 795 1845 illud,
824 1822 833 1838 ι
852 1813 990 1844 Clamabo,
1007 1818 1034 1840 et
1049 1822 1103 1841 non

317 1860 466 1888 exaudies!
487 1868 496 1884 ι
517 1866 572 1885 non
589 1863 679 1886 tamen
696 1858 729 1886 ad
755 1859 938 1894 insipientiam
967 1860 1104 1895 profertur

316 1906 381 1934 talis
397 1914 413 1932 a
431 1914 476 1933 me
490 1905 588 1932 oratio.
606 1904 674 1932 Novi
702 1906 774 1932 enim
794 1905 851 1940 ipse
863 1913 918 1940 quo
931 1913 1014 1933 sensu
1029 1914 1102 1934 meas

316 1959 413 1988 preces
428 1951 551 1983 enuntio,
568 1959 623 1978 non
647 1951 844 1986 gloriabundus
868 1952 994 1979 videlicet
1015 1961 1102 1988 neque

314 1996 497 2033 jactabuudus
514 2005 520 2022 :
537 2003 599 2023 nam
624 2004 686 2022 cum
708 1997 760 2024 sim
783 2001 941 2023 mansuetus
955 2000 1036 2031 atque
1051 1998 1102 2024 hu-

315 2043 391 2071 milis
403 2042 495 2075 corde,
515 2042 610 2069 humili
632 2043 696 2069 item
715 2049 790 2069 more
804 2046 831 2069 et
851 2050 916 2069 mea:
942 2047 1102 2070 mansuetu-

316 2088 375 2116 dini
388 2092 581 2118 cousentaueo,
600 2087 714 2113 humilia
727 2087 761 2114 de
775 2087 879 2122 meipso
897 2088 1002 2122 loquor.
1018 2087 1101 2123 498

316 2133 435 2162 Proinde
454 2134 536 2160 etiam
560 2133 693 2167 meipsum
711 2141 827 2160 vermem
854 2135 978 2168 appello:
994 2138 1021 2160 et
1035 2134 1100 2168 quid

316 2187 408 2208 verme
425 2179 533 2207 tandem
560 2187 621 2206 esse
646 2179 731 2214 possit
747 2179 894 2206 humilius?
910 2180 950 2206 sic
965 2187 999 2207 ne
1013 2179 1101 2206 homi-

316 2235 380 2255 nem
394 2226 503 2261 quidem
519 2226 652 2261 meipsum
668 2226 794 2258 dixerim,
811 2234 872 2252 cum
886 2226 979 2260 utique
994 2226 1026 2253 ad
1040 2231 1099 2252 tan-

316 2278 373 2301 tam
389 2273 568 2300 humilitatem
588 2272 681 2298 relicta
707 2280 766 2299 nica
782 2272 969 2307 magnitudine
984 2272 1100 2299 descen-

315 2320 415 2351 derim,
435 2323 465 2346 ut
488 2318 571 2346 etiam
592 2326 682 2346 verme
705 2318 790 2345 nihilo
813 2319 986 2353 praestantior
1015 2319 1100 2345 videri

316 2367 431 2403 possim,
446 2369 588 2401 propterea
605 2364 678 2400 quod
694 2373 781 2400 usque
801 2365 834 2392 ad
848 2371 962 2393 mortem
975 2370 1002 2394 et
1014 2374 1100 2402 usque

316 2415 350 2442 ad
376 2414 516 2441 interitum
541 2414 664 2448 corporis
688 2415 868 2448 pervenerim.
900 2414 1016 2449 (Etenim
1047 2423 1100 2451 qua

315 2461 425 2489 tandem
450 2460 503 2486 alia
530 2459 637 2487 ratione
660 2458 748 2486 factus
774 2460 809 2487 sit
832 2461 944 2493 vermis,
962 2461 1014 2488 nisi
1035 2462 1098 2496 quia

315 2514 430 2542 corpora
444 2507 532 2534 solent
543 2506 711 2542 corrumpi?)
723 2506 763 2533 Ad
778 2514 858 2541 quem
881 2515 947 2534 sane
959 2508 1098 2534 interitum

315 2560 377 2580 cum
401 2553 457 2587 ipse
480 2560 589 2587 quoque
612 2551 812 2584 descenderim,
842 2553 940 2580 merito
964 2553 1097 2588 meipsum

315 2606 434 2625 verm-cm
451 2602 477 2625 et
495 2606 549 2625 non
572 2599 710 2626 hominem
733 2605 852 2633 agnosco
868 2608 874 2625 :
898 2607 930 2625 ex
946 2607 1000 2633 quo
1016 2601 1098 2626 etiam

318 2654 327 2670 ι
351 2645 440 2672 tactus
456 2653 515 2672 sum
533 2645 709 2680 opprobrium
727 2645 866 2672 hominum
883 2649 910 2672 et
928 2645 1043 2679 abjectio
1054 2653 1099 2680 po-

315 2691 383 2725 puli.
399 2700 408 2716 )
424 2691 470 2725 qui
481 2691 590 2726 quidem
607 2699 745 2726 nunquam
758 2691 783 2718 id
796 2699 883 2726 genus
896 2691 984 2718 fartus
997 2699 1096 2721 essem.

315 2736 368 2763 nisi
382 2744 469 2771 usque
484 2736 518 2763 ad
534 2737 634 2764 vermis
655 2737 836 2765 conditionem
855 2737 907 2765 sub
924 2738 1012 2772 ipsum
1036 2746 1098 2773 pas-

316 2781 402 2808 sionis
415 2786 522 2816 tempus
534 2790 696 2818 progressus
711 2791 811 2811 essem.
826 2783 902 2811 Tunc
915 2784 996 2818 igitur
1009 2784 1098 2810 viden-

315 2833 356 2854 tes
369 2834 410 2854 me
426 2828 454 2854 in
473 2835 554 2854 cruce
570 2837 742 2863 suspensum,
765 2839 774 2854 ι
803 2830 1051 2861 subsannaverunt,
1069 2833 1096 2856 et

316 2872 398 2904 locuti
412 2876 476 2900 sunt
491 2873 580 2905 labiis,
608 2878 634 2900 et
658 2879 799 2901 moverunt
825 2879 916 2908 caput,
939 2874 1060 2902 dicentes
1086 2882 1092 2899 :

1155 953 1199 976 τος
1226 945 1326 978 φθὰται
1351 944 1462 979 φθορᾶς.
1482 943 1565 969 Πόθεν
1588 943 1642 977 γὰρ
1667 942 1776 969 ἂλλοθεν
1799 942 1941 976 γεννηθείη

1156 991 1262 1026 σκώληξ
1279 991 1295 1025 ἢ
1313 991 1366 1016 ἀπὸ
1390 991 1522 1025 σωμάτων
1540 989 1659 1024 φθορᾶ;;
1678 990 1717 1020 εις
1742 990 1775 1024 ἢν
1800 989 1848 1015 καὶ
1863 988 1942 1019 αὐτὸς

1155 1035 1300 1066 κατελθὼν,
1314 1036 1426 1066 εἰκότως
1442 1035 1559 1070 ἐμαυτὸν
1573 1034 1699 1068 σκώληκα
1716 1034 1762 1060 καὶ
1777 1034 1827 1060 οὐκ
1843 1033 1944 1069 ἄνθρον

1155 1090 1203 1107 πον
1221 1080 1360 1115 γινώσκω⁶
1384 1081 1423 1106 6.6
1440 1081 1486 1107 καὶ
1511 1080 1610 1114 γέγονα
1630 1089 1639 1104 ι
1660 1080 1758 1110 ὄνειδος
1781 1078 1942 1114 ἀνθρώπων,

1154 1128 1200 1153 καὶ
1217 1126 1381 1162 ὲξουόἐνημα
1391 1126 1466 1157 λαοῦ,
1483 1136 1490 1151 ι
1510 1126 1559 1152 οὐκ
1571 1125 1602 1152 ἂν
1610 1125 1754 1160 γενόμενος
1767 1125 1826 1151 οὐδὲ
1843 1124 1942 1156 ὀνειδος

1154 1173 1315 1209 ἀνθρώπων,
1339 1174 1397 1199 οὐδὲ
1425 1173 1599 1208 ὲξουδένημα,
1631 1174 1656 1199 εἰ
1677 1172 1715 1208 μὴ
1737 1173 1818 1208 μέχρι
1836 1171 1941 1207 σκώλη-

1154 1227 1200 1250 κος
1218 1219 1346 1253 ὲφθάκειν
1374 1218 1449 1253 παρὰ
1469 1219 1514 1244 τὸν
1536 1218 1582 1244 τοῦ
1612 1219 1714 1250 πάθους
1730 1218 1834 1253 καιρόν.
1861 1218 1941 1254 Τηνί-

1153 1264 1242 1291 καῦτα
1257 1265 1322 1299 γοῦν
1335 1265 1498 1299 θεωροῦντες
1517 1273 1547 1299 με
1566 1265 1612 1291 ἐπὶ
1626 1265 1672 1291 τοῦ
1694 1265 1810 1300 σταυροῦ
1824 1265 1942 1300 ἀνηρτη-

1156 1311 1244 1346 μένον,
1273 1311 1499 1346 ἐξεμυκτήρισαν,
1526 1311 1573 1336 καὶ
1598 1310 1730 1345 ἐλάλησαν
1758 1311 1787 1336 ὲν
1813 1310 1940 1346 χείλεσιν.

1153 1357 1280 1393 ἐκίνησαν
1296 1365 1325 1382 τε
1343 1357 1462 1391 κεφαλὴν
1478 1357 1602 1390 λέγοντες
1614 1365 1620 1371 '
1641 1366 1650 1382 ‹
1670 1357 1802 1383 Ἢλπισεν
1818 1357 1866 1383 ἐπὶ
1887 1356 1940 1382 Κύ-

1154 1412 1222 1438 ριον,
1241 1403 1366 1438 ῥυσάσθω
1384 1403 1474 1433 αὑτὸν,
1494 1403 1607 1428 σωσάτω
1631 1402 1722 1435 αὐτὸν,
1743 1403 1783 1429 ὅτι
1801 1402 1871 1429 θέλει
1894 1402 1942 1429 αὐ-

1154 1448 1208 1474 τόν.
1227 1459 1236 1474 ι
1256 1448 1347 1475 Ταῦτα
1362 1449 1409 1483 μὲν
1423 1447 1468 1474 οὖν
1482 1449 1588 1475 ἅπαντα
1604 1449 1647 1475 διὰ
1662 1449 1709 1475 τοῦ
1723 1448 1830 1484 ψαλμοῦ
1850 1448 1942 1483 σαφῶς

1155 1495 1217 1531 περὶ
1230 1495 1284 1521 τῶν
1299 1495 1447 1530 μελλόντων
1458 1495 1619 1531 γενήσεσθαι
1632 1497 1745 1530 μακροῖς
1759 1495 1818 1522 ποθ’
1830 1494 1943 1529 ὕστερον

1154 1543 1259 1578 χρόνοις
1272 1542 1437 1573 ἐθεσπίζετο,
1451 1542 1544 1573 τέλους
1557 1542 1585 1568 δὲ
1600 1542 1758 1576 ἐτύγχανεν,
1770 1541 1860 1572 ὁπότε,
1872 1539 1943 1567 κατὰ

1154 1589 1200 1614 τὸν
1213 1588 1359 1618 ληῐατθαῖον,
1378 1597 1387 1613 ‹
1406 1588 1612 1624 σταυρωθέντων
1623 1588 1670 1613 σὺν
1685 1587 1757 1623 αὐτῷ
1771 1587 1817 1613 δύο
1824 1586 1941 1623 λῃστῶν,

1156 1634 1213 1665 ἑνὸς
1229 1634 1260 1659 ὲκ
1275 1633 1378 1666 δεξιῶν,
1397 1635 1443 1660 καὶ
1460 1633 1518 1665 ἑνὸς
1535 1633 1564 1667 ἐξ
1581 1633 1726 1668 εὐωνύμων
1742 1632 1789 1659 τοῦ
1805 1633 1940 1669 Σωτῆρος,

1154 1681 1178 1706 οἱ
1206 1680 1455 1715 παραπορευόμενοι
1483 1680 1674 1715 ὲὸλασφήμουν
1701 1680 1780 1706 αὑτὸν
1805 1679 1942 1712 κινοῦντες

1154 1725 1203 1756 τὰς
1219 1725 1337 1759 κεφαλὰς
1354 1724 1453 1754 αὐτῶν,
1468 1726 1515 1752 καὶ
1531 1725 1654 1759 λέγοντες
1666 1735 1686 1751 Ἰ
1699 1725 1767 1752 Οὐαὶ
1777 1726 1791 1752 6
1801 1725 1942 1752 καταλύων

1154 1773 1199 1798 τὸν
1217 1771 1289 1802 ναὸν,
1313 1772 1359 1798 καὶ
1382 1772 1410 1797 ἐν
1433 1773 1521 1807 τρισὶν
1541 1772 1658 1807 ἡμέραις
1680 1766 1841 1807 οἰκοδομῶν,
1855 1771 1943 1799 σῶσον

1156 1818 1279 1844 σεαυτόν·
1300 1820 1323 1844 εἱ
1347 1817 1411 1848 Υἱὸς
1428 1816 1452 1844 εἶ
1473 1817 1520 1844 τοῦ
1545 1818 1624 1848 Θεοῦ,
1652 1817 1786 1853 κατάϐηθι
1814 1818 1868 1844 ἀπὺ
1893 1817 1941 1845 τοῦ

1155 1864 1282 1899 σταυροῦ.
1306 1864 1420 1899 Ὁμοίως
1434 1864 1462 1890 δὲ
1485 1865 1531 1890 καὶ
1553 1865 1577 1890 οἱ
1601 1864 1739 1900 ἀρχιερεῖς
1762 1863 1943 1899 ἐμπαίζοντες

1156 1910 1224 1945 μετὰ
1245 1911 1299 1936 τῶν
1329 1910 1520 1946 πρεσϐυτέρων
1547 1910 1593 1936 καὶ¹
1619 1910 1805 1946 γραμματέων
1830 1910 1940 1945 ἔλεγον·

1155 1956 1265 1987 Ἄλλους
1282 1956 1391 1986 ἔσωσεν,
1409 1955 1502 1982 ἑαυτὸν
1522 1956 1551 1981 οὐ
1569 1955 1679 1982 δύναται
1705 1956 1799 1982 σῶσαι.
1817 1956 1849 1982 El
1865 1955 1941 1991 βασι-

1153 2002 1214 2034 λεὺς
1230 2002 1276 2028 τοῦ
1300 2001 1405 2037 Ἰσραήλ
1419 2003 1486 2032 ἐστι.
1504 2002 1649 2028 καταϐάτω
1667 2001 1714 2028 νῦν
1731 2002 1784 2028 ἀπὸ
1797 2001 1845 2029 τοῦ
1859 2011 1942 2030 σταυ-

1155 2048 1211 2084 ροῦ,
1230 2049 1276 2075 καὶ
1299 2048 1478 2083 πιστεύσομεν
1505 2048 1589 2083 αὐτῷ.
1611 2048 1642 2074 El
1669 2048 1797 2075 πέποιθεν
1821 2048 1868 2075 ἐπὶ
1895 2049 1941 2076 τὸν

1152 2094 1228 2124 θεὸν.
1246 2093 1372 2129 ῥυσάσθω
1388 2093 1435 2120 νῦν
1452 2093 1542 2126 αὑτὸν,
1559 2095 1583 2120 εἰ
1599 2093 1670 2120 θέλει
1685 2094 1775 2120 αὐτόν.
1793 2091 1862 2121 Eine
1874 2094 1939 2131 γὰρ,

1152 2138 1202 2169 ὅτι,
1220 2138 1282 2169 Υἱὸς
1295 2137 1362 2165 Θεοῦ
1379 2139 1445 2173 εἰμι.
1454 2147 1463 2163 ι
1474 2137 1553 2164 Κατὰ
1563 2138 1592 2164 δὲ
1604 2138 1649 2164 τὸν
1658 2139 1773 2165 Λουκᾶν·
1791 2148 1801 2164 ι
1811 2139 1940 2175 Εἱστήκει

1152 2189 1166 2214 ὁ
1180 2187 1242 2218 λαὸς
1260 2186 1378 2222 θεωρῶν,
1395 2186 1442 2213 καὶ
1461 2185 1671 2221 ἐξεμυκτήριζον
1696 2185 1777 2212 αὑτὸν
1799 2186 1824 2212 ot
1841 2187 1938 2222 ἄρχον-

1115 2237 1137 2263 D
1150 2242 1196 2265 τες
1220 2233 1267 2259 σὺν
1289 2233 1380 2264 αὐτοῖς
1402 2231 1543 2266 λέγοντες·
1563 2232 1675 2263 Ἄλλους
1702 2232 1798 2263 ἔσωσε,
1826 2232 1940 2260 σωσάτω

1154 2279 1259 2310 ἑαυτὸν,
1277 2280 1300 2305 εἰ
1323 2276 1398 2310 οὗτος
1415 2279 1488 2304 ἐστιν
1504 2280 1518 2305 6
1533 2278 1647 2314 Χριστὸς
1663 2279 1677 2304 6
1693 2278 1755 2309 Υἱὸς
1770 2277 1818 2304 τοῦ
1839 2278 1908 2306 Θεοῦ
1923 2279 1939 2305 ό

1154 2326 1290 2357 ἐκλεκτός.
1307 2335 1316 2351 ›
1332 2325 1409 2352 Κατὰ
1427 2325 1455 2352 δὲ
1467 2326 1512 2351 τὸν
1523 2326 1650 2360 Μάρκον-
1668 2334 1677 2349 ι
1693 2325 1747 2351 Καὶ
1762 2326 1787 2351 οἱ
1807 2325 1940 2361 παράγον-

1153 2382 1197 2404 τες
1214 2372 1403 2407 ἐϐλασφήμουν
1419 2372 1511 2402 αὑτὸν,
1529 2372 1665 2404 κινοῦντες
1687 2371 1737 2404 τὰς
1754 2372 1875 2406 κεφαλὰς
1891 2372 1939 2399 αὖ·

1153 2419 1217 2450 τῶν,
1231 2418 1277 2444 καὶ
1287 2418 1410 2452 λέγοντες
1419 2426 1426 2432 ο
1441 2418 1508 2444 Οὐαὶ
1520 2419 1534 2444 6
1549 2417 1690 2444 καταλύων
1702 2417 1748 2444 τὸν
1763 2418 1838 2450 ναὸν,
1849 2419 1896 2445 καὶ
1909 2419 1938 2445 ὲν

1154 2465 1240 2500 τρισὶν
1257 2464 1375 2500 ἡμέραις
1400 2464 1548 2499 οἰκοδομῶν
1577 2464 1671 2490 αὐτόν·
1703 2463 1789 2490 σῶσον
1814 2464 1937 2495 σεαυτὸν,

1153 2510 1199 2536 καὶ
1216 2508 1349 2544 κατάϐηθι
1371 2509 1423 2535 ἀπὸ
1447 2508 1494 2534 τοῦ
1525 2508 1650 2545 σταυροῦ.
1673 2517 1682 2534 ν
1703 2508 1819 2544 Ὁμοίως
1835 2509 1884 2536 καὶ
1911 2509 1938 2536 οἱ

1152 2556 1288 2591 ἀρχιερεῖς
1304 2553 1481 2590 ἐμπαίζοντες
1500 2555 1540 2586 εἰς
1552 2554 1682 2590 ἀλλήλους
1696 2554 1765 2589 μετὰ
1779 2554 1835 2581 τῶν
1853 2563 1939 2591 γραμ.

1154 2601 1258 2636 ματέων
1275 2599 1365 2634 ἔλεγον
1375 2608 1381 2614 ·
1393 2608 1401 2624 ι
1416 2599 1528 2631 Ἀλλους
1545 2599 1656 2632 ἔσωσεν,
1670 2599 1765 2626 ἑαυτὸν
1781 2600 1812 2626 οὺ
1828 2599 1938 2627 δύναται

1153 2646 1249 2672 σῶσαι·
1267 2646 1281 2672 6
1297 2646 1318 2672 Χ
1324 2645 1412 2680 pta-16c;
1428 2646 1442 2671 6
1456 2645 1580 2680 βασιλεὺς
1600 2645 1647 2671 τοῦ
1670 2644 1776 2680 Ἰσραὴλ
1792 2645 1938 2672 καταϐάτω

1152 2691 1198 2718 νύν
1221 2691 1274 2718 ἀπὸ
1289 2691 1335 2718 τοῦ
1362 2690 1495 2726 σταυροῦ,
1519 2691 1562 2717 ἵνα
1589 2691 1687 2726 ἷδωμεν
1713 2691 1758 2718 καὶ
1786 2690 1937 2717 πιστεύσει)-

1154 2746 1202 2773 μεν
1228 2737 1312 2772 αὐτῷ.
1335 2747 1344 2763 ι
1364 2737 1454 2764 Ταῦτα
1488 2737 1539 2773 γὰρ
1560 2738 1585 2763 τε
1613 2737 1645 2763 ἂν
1677 2737 1800 2773 διαφέροι
1827 2736 1882 2763 τῶν
1907 2737 1937 2762 ἐν

1150 2783 1189 2818 τῷ
1214 2782 1312 2818 ψαλμῶ
1339 2783 1646 2818 προαναπεφωνημένων
1670 2783 1698 2809 ἐν
1724 2782 1773 2817 τῷ,
1787 2790 1799 2808 ι
1822 2781 1892 2816 Ἐγὼ
1907 2781 1937 2808 δέ

1149 2828 1205 2862 εἰμι
1236 2826 1351 2861 σκώληξ,
1380 2827 1426 2853 καὶ
1458 2828 1507 2854 οὐχ
1531 2828 1681 2862 ἄνθρωπος,
1706 2827 1805 2858 ὄνειδος
1831 2825 1936 2862 ἀνθρὼ-

1149 2882 1206 2900 πων
1237 2874 1283 2899 καὶ
1311 2873 1475 2908 ἱξουδένημα
1503 2873 1576 2900 λαοῦ.
1593 2874 1693 2904 Πάντες
1720 2874 1744 2900 ot
1773 2872 1935 2910 θεωροῦντις
