2099 3217
193 170 247 196 775

633 168 789 196 DEMONS'I
797 169 958 197 RATIONIS
973 167 1199 197 EVANGELICxE
1219 168 1281 196 LIB.
1305 169 1337 197 Χ.

1750 169 1799 196 ’171

192 239 226 266 με
237 229 450 265 ὲξεμυκτήρισάν
467 238 510 264 με.
524 229 656 264 ἐλάλησαν
668 232 696 256 ὲν
708 231 834 266 χείλεσιν,
845 231 972 266 ἐκίνησαν
986 234 1008 262 Α

970 240 972 251 ι
986 234 1008 262 Α
1025 240 1033 255 ι
1057 229 1180 264 Speravit
1205 229 1233 256 in
1258 228 1384 260 Domino,
1397 229 1494 264 eripiat
1511 236 1584 260 eum,
1600 228 1704 256 salvum
1719 229 1799 256 Iactat

190 275 321 311 χεφαλήψ
341 275 470 301 Ἦλπισεν
490 276 536 301 ἐπὶ
552 274 661 311 Κύριον,
680 276 806 311 ῥυσασθω
823 276 913 308 αὐτὸν,
932 277 972 302 ὅτι

191 321 262 347 θέλει
277 320 367 346 αὐτόν.
389 329 398 346 ι
413 320 468 346 Καὶ
486 320 523 354 μὴ
546 320 687 356 θαυμάσῃς
710 321 734 346 εἰ
755 320 841 346 ταῦτα
858 320 928 346 κατὰ
943 321 973 346 τὸ

190 365 276 396 πάθος
291 365 338 392 τοῦ
354 366 478 401 Σωτῆρος
497 365 575 400 ἡμῶν
591 365 684 400 εἴρητο
697 373 727 391 τε
740 365 787 391 καὶ
802 365 970 401 πεπλήρωτο,

189 412 269 438 ὁπότε
281 412 362 438 εἰσέτι
372 411 449 445 δεῦρο
458 411 531 447 παρὰ
545 412 624 438 πᾶσιν
640 411 788 446 ἀνθρώποις
798 413 852 443 τοῖς
863 412 972 446 μηδέπω

188 456 238 492 τὴν
250 457 290 487 είς
309 456 388 482 αὐτὸν
404 456 494 482 πίστιν
517 456 686 491 ἀνειληφόσιν
708 456 807 487 ὄνειδος
823 457 972 492 ἀνθρώπων

188 507 352 543 νενόμισται.
373 507 405 533 Τί
422 507 475 543 γὰρ
496 507 527 534 ἂν
549 507 652 542 αἴσχιον
675 508 721 534 καλ⁵
742 508 839 539 παντὸς
857 508 971 540 ὀνείδους

187 554 278 588 χεῖρον
291 553 338 579 τοῦ
354 553 556 588 σταυρωθῆναι;
576 553 655 579 Ἀλλὰ
674 554 719 579 καὶ
733 553 897 589 ὲξουδένημα
906 553 970 580 λαοῦ

188 599 256 630 ἔστι,
277 598 324 625 τοῦ
344 599 375 625 ἐκ
399 599 564 634 περιτομῆς,
591 599 690 630 παντὸς
709 599 796 625 αὐτῶν
813 599 858 625 τοῦ
879 599 970 630 ἔθνους

188 644 272 671 είσέτι
283 644 330 671 νῦν
350 645 396 671 καὶ
413 646 530 680 σήμερον
544 645 682 680 χλευάζειν
698 646 744 671 καὶ
761 645 905 678 ὲξουθενεῐν
925 645 970 671 καὶ

187 690 353 717 καταπτύειν
362 690 484 722 εἰωθότος
495 691 586 717 αὐτοῦ.
603 691 681 717 ’Ὀθεν
690 692 736 717 καὶ
746 691 856 722 είκότως
867 692 880 717 ὁ
896 692 969 718 ’Λπό-

188 737 288 769 σ-ιολος·
300 748 310 763 ι
320 737 414 773 Ἡμεῖς
421 737 449 764 δὲ
458 737 628 774 κηρύσσομεν
636 738 748 773 Χριστὸν
757 738 967 774 ἐσταυρωμένον,

193 783 327 815 Ἰουδαίοις
344 783 393 818 μὲν
409 783 564 817 σκάνδαλον,
579 783 702 810 ἑθνεσιδὲ
719 784 831 819 μωρίαν.
850 794 858 809 ι
873 784 925 810 Καὶ
935 784 968 810 τὰ

186 829 250 865 ἑξῆς
266 829 294 856 δὲ
306 831 436 865 είρημένα
450 831 478 856 ὲν
494 829 532 864 τῷ
545 829 643 864 ψαλμῷ
658 829 738 855 εἰσέτι
757 829 802 855 καὶ
817 829 862 855 νῦν
880 829 968 865 εὕροις

185 874 218 902 ἂν
231 875 306 911 παρὰ
317 877 371 906 τοῖς
381 875 486 906 πολλοῖς
499 875 561 910 περὶ
576 875 621 901 τοῦ
635 874 715 901 αὑτοῦ
727 874 868 909 λεγόμενα.
879 875 968 901 Ταῦτα

186 920 237 955 μὲν
253 918 298 947 οὖν
314 921 377 956 περὶ
392 920 442 955 τῆς
453 919 631 955 διαλαὸούσης
648 920 727 946 αὑτὸν
743 920 824 946 εἰσέτι
843 920 899 946 τότε
917 929 965 947 πε-

185 965 335 1001 ριστάσεως
350 965 456 1001 ηὔχετο·
468 966 543 998 εἰδὼς
554 967 581 993 δὲ
599 966 635 1002 μὴ
645 966 752 1001 χείρονα
762 963 842 991 οὖσαν
855 965 904 1000 τῆς
919 966 964 992 τοῦ

185 1011 298 1040 θανάτου
321 1013 459 1048 συμφορᾶς
476 1012 525 1047 τὴν
543 1011 653 1047 πρώτην
670 1011 750 1037 αὐτοῦ
767 1012 806 1042 είς
822 1011 909 1046 σάρκα
925 1012 967 1037 έν-

182 1059 266 1091 δεσιν,
281 1060 326 1086 καὶ
336 1060 384 1095 τὴν
398 1060 430 1086 ἐκ
443 1058 552 1094 θηλείας
564 1058 610 1084 καὶ
627 1057 758 1093 παρθένου
770 1057 884 1092 γένεσιν,
897 1058 966 1084 κατὰ

183 1105 279 1141 καιρὸν
294 1106 323 1132 ὲν
338 1106 394 1136 τοῖς
406 1105 469 1140 περὶ
483 1104 597 1131 Θανάτου
611 1104 664 1130 τῶν
680 1104 728 1139 τῆς
741 1104 872 1138 γενέσεως
885 1103 964 1130 αὑτοῦ

184 1151 346 1186 μνημονεύει
362 1150 448 1185 λόγων
465 1151 532 1186 πρὸς
549 1150 594 1176 τὸν
614 1150 737 1185 Πατέρα-
759 1159 768 1174 ι
790 1151 849 1175 ’Ὁτι
868 1150 898 1176 σὺ
913 1148 938 1175 εἴ
951 1151 965 1175 ό

181 1198 324 1229 ὲκσπάσας
347 1206 380 1233 με
400 1198 433 1224 ἐκ
448 1197 574 1232 γαστρὸς,
591 1198 607 1231 ἡ
627 1196 703 1227 ἐλπίς
721 1204 770 1231 μου
790 1195 842 1221 ἀπὸ
857 1197 965 1230 μαστῶν

180 1243 234 1278 τῆς
253 1243 354 1279 μητρός
373 1251 433 1278 μου.
461 1242 521 1269 Ἐπὶ
537 1242 565 1268 σὲ
583 1241 732 1277 ἐπερρίφην
755 1242 786 1266 ἐκ
806 1241 920 1276 μήτρας,
934 1241 965 1266 ὲκ

180 1295 284 1327 κοιλίας
300 1295 400 1331 μητρός
414 1303 463 1330 μου
480 1294 545 1326 Θεός
561 1303 611 1329 μου
629 1292 653 1320 εἷ
669 1293 710 1319 σύ.
731 1303 740 1318 ι
758 1292 865 1319 Τούτων
885 1293 912 1319 δὲ
929 1294 966 1319 εί-

180 1342 269 1373 κότως
279 1341 409 1376 ἀναφέρει
425 1341 472 1376 τὴν
489 1341 597 1375 μνήμην
612 1341 651 1371 είς
664 1339 839 1374 παραμυθίαν
851 1339 901 1373 τῆς
913 1338 965 1364 τῶν

181 1387 323 1421 παρόντων
337 1386 503 1420 ἀπαλλαγῆς.
517 1386 621 1420 ’Ὠσπερ
632 1385 695 1420 γὰρ,
708 1384 904 1419 φησὶ,γέγονάς
915 1393 964 1418 μου

180 1432 289 1468 βοηθὸς,
307 1433 385 1467 σῶμα
408 1431 575 1467 ἀνθρώπειον
596 1431 784 1462 ἀναλαϐόντος,
808 1431 851 1456 ὅτε
874 1429 920 1456 καὶ
937 1428 966 1461 ἐξ

178 1477 268 1513 αὐτῆς
280 1478 328 1513 τῆς
341 1477 524 1512 κυοφορούσης
540 1485 572 1511 με
590 1476 707 1512 γαστρὸς
722 1476 752 1502 σὺ
770 1476 848 1507 αὐτὸς
867 1476 881 1501 ὁ
901 1475 966 1507 Θεός

181 1532 233 1558 μου
247 1523 294 1550 καὶ
304 1524 396 1558 Πατήρ
412 1531 472 1558 μου,
484 1523 575 1558 ὥσπερ
594 1522 754 1558 μαιούμενος
766 1522 814 1556 τὴν
826 1521 886 1556 ἐμοὶ
902 1529 965 1547 κατ-

178 1569 383 1605 εσκευασμένην
393 1569 423 1601 ἐξ
435 1569 510 1603 ἁγίου
522 1568 677 1603 Πνεύματος
688 1568 786 1603 σάρκα,
801 1566 962 1599 ἐξέσπασας,
976 1569 997 1598 ρ

177 1616 230 1652 τὴν
239 1615 335 1643 ἑαυτοῦ
352 1615 464 1650 δύναμιν
478 1614 583 1650 ὀρέξας,
599 1614 636 1645 ὡς
651 1614 683 1640 ἂν
700 1614 736 1649 μή
754 1622 795 1645 τις
809 1613 901 1649 ἐνέδρα
918 1613 962 1640 καὶ

177 1661 311 1697 ὲπισουλὴ
315 1660 346 1694 ἐξ
355 1661 546 1696 ἀντικειμένων
553 1661 691 1695 δυνάμεων
698 1660 743 1686 καὶ
753 1659 877 1695 πονηρῶν
884 1668 962 1685 πνευ-

179 1707 275 1741 μάτων
289 1707 518 1742 διαφθονουμένων
528 1707 561 1742 τῇ
573 1708 611 1738 εἰς
623 1705 780 1742 ἀνθρώπους
793 1705 901 1741 παρόδῳ
913 1713 962 1740 μου

177 1753 294 1788 γένοιτο·
310 1753 371 1780 ἐπεὶ
385 1753 513 1780 καὶκατὰ
527 1753 574 1788 τὴν
591 1751 701 1788 πρώτην
715 1751 843 1786 σύλληψιν
861 1752 892 1777 σὺ
910 1751 962 1777 πά-

177 1799 221 1826 λιν
234 1799 264 1826 τδ
277 1799 346 1826 κατὰ
354 1799 471 1834 γαστρὸς
481 1799 656 1829 ὲπεσκίασας,
667 1798 704 1829 ὡς
715 1797 748 1824 ἂν
758 1797 831 1824 λάθω
844 1797 906 1828 τοὺς
919 1797 963 1832 ἆρ-

176 1854 277 1882 χοντας
295 1845 342 1872 τοῦ
355 1846 452 1877 αῑῶνος
469 1845 562 1872 τούτου
577 1847 593 1879 ἡ
609 1845 639 1876 ἐξ
653 1845 729 1878 ἁγίου
744 1843 900 1878 Πνεύματος
913 1843 962 1878 τῆς

175 1891 260 1926 ἁγίας
279 1891 416 1928 Παρθένου
439 1891 576 1926 σύλληψις.
597 1891 682 1926 Ὅπερ
703 1889 772 1924 μέγα
789 1889 934 1924 μυστήριον
948 1889 962 1915 ό

177 1938 227 1970 σδς
245 1937 412 1973 ἀρχάγγελος
433 1937 546 1972 ἐξέφηνε
566 1935 695 1972 Γαϐριὴλ,
709 1937 742 1970 τῇ
757 1935 851 1970 Μαρία
866 1934 959 1960 εἰπών·

179 1999 190 2015 ε
208 1989 322 2025 Πνεῦμα
342 1989 418 2024 ἆγιον
443 1988 616 2015 ἐπελεύσεται
643 1987 690 2014 ἐπὶ
714 1987 753 2018 σὲ,
777 1986 824 2013 καὶ
851 1985 962 2021 δύναμις

183 2035 312 2072 Ὑψίστου
327 2035 480 2062 ἐπισκιάσει
496 2043 546 2061 σοι.
566 2043 575 2060 ι
601 2032 776 2068 Ὠσπεροῦνὴ
794 2032 827 2068 σὴ
842 2031 901 2058 τότε
913 2030 961 2057 τοῦ

181 2080 312 2116 Ὑψίστου
331 2081 444 2116 δύναμις
465 2079 714 2119 συλλαμϐανόμενον
739 2078 787 2113 μὲν
805 2077 960 2109 ἑπεσκίασε,

174 2127 336 2162 τικτόμενον
351 2126 379 2153 δὲ
395 2125 543 2159 ἐξέσπασεν
569 2125 622 2151 ἀπὸ
643 2123 760 2159 γαστρὸς
782 2122 883 2158 μητρός
900 2130 960 2157 μου,

173 2173 249 2200 οὕτω
266 2172 348 2208 πολλή
365 2181 410 2208 μοι
421 2173 548 2208 τυγχάνει
563 2171 732 2207 παραμυθία,
745 2171 785 2197 ὅτι
796 2170 842 2196 καὶ
853 2168 900 2195 τοῦ
915 2169 962 2196 0a-

174 2219 259 2246 νάτου
285 2227 318 2254 με
342 2219 409 2246 πολὺ
436 2218 534 2254 μᾶλλον
556 2218 730 2249 ἀνασπάσεις.
756 2216 810 2242 Καὶ
830 2215 907 2242 τοῦτό
929 2223 961 2249 γε

175 2264 305 2296 ἐλπίζων,
319 2264 366 2291 ἐπὶ
379 2265 408 2291 σὲ
418 2263 534 2291 πέποιθα
544 2264 589 2290 τὸν
598 2262 716 2298 ἐμαυτοῦ
728 2262 793 2289 Θεὸν
804 2262 850 2288 καὶ
860 2261 960 2296 Κύριον
976 2269 998 2296 D

175 2310 226 2338 καὶ
239 2310 358 2346 Πατέρα·
378 2311 425 2337 καὶ
447 2309 564 2336 πέποιθα
584 2310 614 2336 οὐ
631 2309 679 2336 νῦν
693 2309 800 2344 πρῶτον
812 2307 962 2344 ἀρξάμενος

173 2354 226 2390 τῆς
239 2355 280 2387 είς
294 2354 324 2380 σὲ
335 2354 452 2386 ἐλπίδος,
468 2354 534 2380 ἀλλὰ
546 2355 592 2381 καὶ
604 2355 659 2386 ὅτε,
673 2354 727 2381 ἀπὸ
738 2353 846 2388 μαστῶν
861 2353 962 2388 μητρός

176 2408 229 2436 μου
243 2399 293 2435 τὴν
307 2399 429 2436 νηπιώδη
447 2400 549 2436 τροφὴν
569 2399 776 2435 ἀναλαμϐάνων,
801 2398 960 2434 ὲνομιζόμην

174 2451 278 2483 ὁμοίως
291 2452 346 2484 τοϊς
358 2451 412 2478 τῶν
422 2452 571 2488 ἀνθρώπων
585 2451 710 2487 βρέφεσιν
726 2451 822 2486 ἀτελὴς
835 2449 903 2477 εἶναι
915 2450 961 2476 καὶ

174 2496 283 2531 ἄλογος·
299 2497 336 2534 μὴ
350 2496 388 2524 ὢν
402 2497 455 2534 γὰρ
469 2498 596 2529 τοιοῦτος,
612 2499 635 2524 εί
655 2498 701 2524 καὶ
715 2497 794 2532 σῶμά
812 2506 855 2532 μοι
869 2497 960 2532 ὅμοιον

174 2542 329 2579 ἀνθρώποις
347 2541 390 2579 ἦν,
403 2544 450 2571 καὶ
462 2543 510 2579 τὴν
524 2543 648 2579 δύναμιν,
663 2543 722 2570 οὐδὲ
736 2543 784 2578 τὴν
799 2543 891 2568 οὐσίαν
902 2544 958 2574 τοῖς

174 2588 284 2620 πολλοῖς
296 2587 334 2616 ὢν
349 2589 480 2624 ἐμφερὴς,
494 2589 586 2620 ἄνετος
598 2589 625 2615 δὲ
639 2589 685 2615 καὶ
698 2589 837 2619 άπόλυτος,
852 2585 896 2614 οἷά
910 2595 956 2613 σου

172 2635 221 2662 τοῦ
230 2634 299 2662 Θεοῦ
313 2635 406 2670 άμνδς,
430 2635 477 2662 καὶ
502 2635 531 2668 ἐξ
552 2635 656 2671 ἐκείνης
672 2635 721 2670 τῆς
734 2627 840 2670 ὴλικίὰς
861 2633 958 2664 γαλου-

172 2688 316 2724 κούμενος,
330 2688 401 2722 λέγω
413 2688 444 2722 δὴ
459 2688 513 2715 ἀπὸ
529 2687 638 2724 μαστῶν
653 2687 702 2722 τῆς
717 2687 818 2722 μητρός
831 2695 891 2722 μου.
905 2686 959 2712 Καὶ

171 2735 250 2762 οὕτω
264 2734 344 2761 τοῦτο
361 2735 431 2770 μέγα
446 2743 486 2766 τις
499 2735 641 2770 ἡγήσεται,
662 2733 686 2759 εί
698 2733 787 2768 μάθοι,
804 2733 844 2759 ὅτι
860 2732 906 2758 καὶ
919 2731 958 2758 ἔτι

172 2781 307 2818 πρότερον
324 2781 371 2808 ἐπὶ
389 2781 420 2808 σὲ
432 2781 582 2817 ὲπερῤίφην
601 2781 633 2807 ὲκ
649 2780 764 2815 μήτρας,
779 2780 826 2806 καὶ
840 2779 893 2805 άπὸ
907 2787 958 2813 γα-

173 2828 255 2864 στρὸς
274 2827 375 2863 μητρός
393 2836 443 2862 μου
457 2827 522 2858 Θεός
539 2835 588 2862 μου
604 2824 629 2852 εἶ
643 2825 686 2852 σύ.
703 2826 762 2851 Ἔτι
775 2825 829 2861 γάρ
842 2824 913 2851 ένὸον
929 2825 958 2850 ὲν

203 2876 210 2882 ’
225 2878 236 2892 ⁸
256 2875 354 2903 Matth.
372 2883 462 2907 xxvn,
481 2875 576 2902 40—13.
615 2875 625 2889 '
645 2873 707 2900 Luc
731 2880 813 2906 xxm,
832 2873 876 2900 35.

915 2873 924 2888 '
945 2871 1028 2900 Marc.
1049 2881 1098 2905 xv,
1116 2871 1210 2900 ‘29-52.

1023 283 1084 302 eum
1099 276 1226 310 quoniam
1240 275 1297 302 vult
1311 282 1383 302 eum.
1399 284 1408 300 ι
1427 274 1489 302 Ilaec
1510 275 1591 310 igitur
1611 275 1691 309 plane
1707 275 1800 301 omnia

1023 321 1050 347 in
1067 321 1172 356 psalmo
1195 321 1228 347 de
1251 320 1284 347 iis
1300 327 1360 354 quae
1375 324 1428 346 tam
1445 321 1524 355 longo
1540 325 1601 354 post
1622 324 1741 354 tempore
1756 319 1800 346 fu-

1023 370 1083 392 tura
1098 370 1185 397 erant,
1203 365 1330 400 praedicta
1346 369 1420 397 sunt,
1446 366 1595 400 eademque
1618 373 1698 392 suum
1718 365 1799 392 tinent

1023 414 1087 438 sunt
1103 416 1259 442 consecuta,
1275 419 1330 445 quo
1345 416 1477 445 tempore,
1493 415 1522 438 ut
1538 416 1580 438 est
1593 410 1663 445 apud
1680 410 1799 438 Matthe-

1022 465 1077 488 um,
1091 457 1164 483 cruci
1180 457 1265 483 allixis
1281 464 1342 483 cum
1357 464 1389 483 eo
1406 457 1512 484 duobus
1524 457 1685 488 latronibus,
1699 464 1753 483 uno
1766 455 1798 483 ad

1021 503 1153 532 dextram.
1168 504 1252 530 altero
1267 503 1301 528 ad
1317 502 1467 533 sinistram,
1480 503 1525 536 qui
1543 503 1603 528 illac
1615 501 1797 536 praeteribant,

1020 549 1091 574 mala
1107 548 1134 574 in
1153 548 1228 574 illum
1240 549 1421 582 congerebant
1437 551 1574 574 moventes
1592 548 1681 582 capita
1697 555 1756 578 sua.
1772 551 1799 574 ct

1020 593 1141 620 dicentes
1157 602 1163 619 :
1179 602 1187 618 ‹
1207 592 1276 625 Vah,
1291 593 1337 627 qui
1351 593 1468 620 desii-uis
1484 593 1610 627 templum
1626 597 1652 619 ct
1666 592 1692 619 in
1711 593 1799 620 tribus

1019 638 1115 665 diebus
1131 638 1259 664 aediﬁcas.
1277 637 1386 664 Salvum
1402 637 1444 664 fac
1460 638 1574 672 teipsum
1593 638 1635 664 :si
1655 636 1737 664 Filius
1751 637 1798 664 Dei

1019 691 1059 715 es,
1076 683 1209 710 descende
1224 684 1257 710 de
1271 691 1361 710 cruce.
1377 682 1506 710 Similiter
1522 687 1547 710 et
1559 684 1696 718 principes
1707 691 1799 711 sacer-

1019 728 1113 755 dotum
1131 729 1275 756 illudentes
1290 737 1351 756 cum
1374 729 1526 756 senioribus
1542 734 1567 755 et
1591 730 1704 762 Scribis,
1723 730 1798 758 dice-

1019 774 1084 801 bant
1101 783 1107 800 ε
1135 774 1210 801 Alios
1235 774 1325 801 salvos
1349 773 1421 806 fecit,
1437 774 1556 808 scipsum
1573 781 1625 800 non
1643 778 1731 808 potest
1745 774 1798 802 sal-

1019 827 1081 845 vum
1099 819 1198 846 facere.
1215 818 1243 846 Si
1261 819 1316 846 Rex
1335 818 1416 846 Israel
1429 823 1481 851 est,
1507 820 1655 846 dcsuendat
1677 827 1750 847 nunc
1764 820 1798 847 de

1018 872 1109 896 cruce.
1128 869 1154 892 et
1173 865 1317 892 credemus
1327 864 1362 891 ei.
1381 863 1409 891 Si
1426 865 1546 892 conlisus
1561 870 1603 892 est
1619 865 1683 896 Deo,
1701 866 1798 893 liberet

1017 918 1090 937 nunc
1117 919 1189 942 eum,
1215 911 1239 938 si
1256 910 1313 938 vult
1337 917 1410 937 eum.
1436 909 1508 937 Dixit
1531 912 1602 938 enim
1622 920 1628 938 :
1648 911 1732 939 Filius
1749 911 1797 940 Dei

1017 964 1077 983 sum
1089 956 1109 982 ‘.
1132 966 1141 982 ›
1158 955 1192 982 Ut
1207 963 1271 983 vero
1287 960 1330 983 est
1343 956 1413 991 apud
1429 955 1528 983 Lucam
1548 966 1554 983 :
1572 966 1580 981 ι
1602 956 1696 984 Stabat
1711 965 1797 993 pupu-

1016 1002 1059 1029 lus
1073 1006 1210 1036 spectans,
1232 1007 1259 1030 et
1279 1003 1485 1030 subsannabant
1499 1011 1561 1030 eum
1581 1004 1719 1038 principes
1733 1011 1796 1031 cum

1016 1048 1065 1079 eis,
1084 1048 1206 1075 dicentes
1231 1058 1237 1075 :
1261 1048 1337 1076 Alios
1363 1049 1454 1076 salvos
1479 1048 1553 1081 fecit,
1584 1049 1688 1075 salvum
1716 1048 1797 1076 faciat

1016 1094 1147 1128 seipsum,
1164 1093 1187 1120 si
1205 1094 1249 1120 hic
1264 1098 1305 1121 est
1321 1094 1446 1122 Christus
1463 1093 1548 1121 Filius
1565 1094 1610 1121 Dei
1630 1095 1732 1122 electus
1743 1095 1763 1122 '.
1782 1104 1793 1120 ι

1015 1139 1049 1165 At
1065 1140 1214 1166 secundum
1232 1139 1371 1166 Marcum:
1387 1149 1396 1164 ι
1417 1139 1614 1166 Prmtcreuntes
1625 1139 1795 1174 blasphema-

1015 1183 1081 1211 bant
1098 1192 1170 1215 eum,
1186 1190 1324 1212 moventes
1339 1185 1428 1220 capita
1446 1194 1505 1216 sua.
1519 1189 1546 1212 et
1561 1185 1681 1212 dicentes
1699 1195 1705 1212 :
1724 1184 1792 1216 Vah.

1015 1231 1061 1264 qui
1076 1231 1195 1258 destruis
1211 1231 1340 1266 templum
1364 1235 1392 1258 et
1417 1231 1444 1257 in
1461 1231 1548 1257 tribus
1563 1230 1659 1258 diebus
1675 1231 1794 1259 aediﬁcas

1015 1275 1092 1302 illud.
1109 1275 1218 1303 Salvum
1241 1276 1283 1303 Iac
1301 1277 1427 1311 teipsum,
1448 1280 1474 1303 et
1499 1275 1632 1303 descende
1649 1277 1682 1304 de
1702 1284 1792 1303 crure.

1017 1319 1149 1347 Similiter
1172 1324 1198 1347 et
1225 1321 1362 1355 principes
1390 1321 1561 1347 sacerdotum
1585 1321 1730 1348 illudentes
1752 1321 1794 1347 in-

1015 1369 1057 1392 ter
1083 1374 1112 1393 se
1133 1374 1194 1392 cum
1220 1366 1335 1397 Scribis,
1352 1366 1478 1392 dicebant
1496 1375 1503 1392 :
1520 1366 1594 1393 Alios
1610 1367 1699 1393 salvos
1719 1366 1793 1398 fecit,

1015 1413 1135 1447 scipsnm
1158 1420 1212 1439 non
1236 1415 1324 1446 potest
1348 1412 1451 1439 salvum
1470 1412 1568 1438 facere.
1586 1411 1712 1439 Christus
1737 1411 1795 1440 Rex

1015 1458 1098 1485 Israel
1114 1457 1259 1484 descendat
1271 1464 1342 1483 nunc.
1354 1456 1387 1483 de
1399 1464 1490 1488 cruce,
1503 1461 1532 1483 ut
1547 1457 1686 1485 videamus
1697 1462 1723 1485 et
1735 1466 1795 1485 crc-

1016 1504 1112 1531 damus
1127 1504 1150 1529 ei
1165 1503 1186 1530 ⁸.
1208 1512 1217 1528 ι
1236 1502 1299 1529 Ilaec
1315 1511 1429 1538 namque
1449 1503 1475 1530 in
1499 1511 1553 1538 quo
1576 1504 1683 1530 tandem
1709 1504 1742 1531 ab
1761 1504 1795 1531 iis

1017 1550 1154 1581 dill'erunt,
1165 1557 1223 1584 quae
1238 1550 1263 1575 in
1273 1549 1377 1583 psalmo
1391 1549 1520 1584 praedicta
1534 1553 1598 1577 sunt
1616 1550 1669 1576 illis
1687 1550 1792 1577 verbis:

1012 1594 1094 1630 m
1109 1604 1118 1620 ι
1137 1594 1191 1629 Ego
1205 1599 1294 1621 anteiit
1316 1602 1375 1621 sum
1393 1595 1492 1622 vermis
1506 1598 1532 1621 et
1547 1603 1601 1622 non
1625 1595 1722 1627 homo.
1747 1603 1795 1630 op-

1013 1641 1151 1675 probrium
1168 1639 1307 1666 hominum
1331 1644 1357 1666 et
1379 1639 1495 1673 abjectio
1513 1639 1614 1674 populi.
1640 1639 1740 1668 Omncs
1755 1643 1795 1668 vi-

1012 1685 1106 1712 dentes
1119 1692 1171 1716 me,
1189 1685 1424 1711 subsannaverunt
1448 1693 1500 1716 tne,
1519 1686 1601 1712 locuti
1625 1690 1688 1713 sunt
1705 1687 1793 1719 labiis,

1011 1735 1038 1757 et
1046 1734 1187 1757 tnoverunt
1201 1734 1299 1764 caput:
1315 1729 1438 1765 Speravit
1451 1731 1478 1757 in
1487 1730 1792 1766 Domino,eripiateum,

1012 1776 1114 1803 salvum
1137 1776 1218 1803 faciat
1243 1784 1315 1808 eum,
1330 1777 1458 1810 quoniam
1475 1777 1531 1803 vult
1545 1785 1618 1804 eum.
1638 1787 1647 1803 ι
1666 1777 1725 1804 Noli
1743 1787 1794 1806 au-

1012 1825 1066 1848 tem
1080 1822 1173 1848 mirari
1190 1822 1211 1849 si
1229 1822 1284 1849 hrec
1299 1823 1350 1849 sub
1366 1822 1451 1856 ipsam
1467 1822 1616 1850 Salvatoris
1635 1825 1719 1851 nostri
1732 1832 1794 1859 pas-

1012 1867 1115 1894 sionem
1139 1873 1165 1894 et
1188 1866 1258 1894 dicta
1275 1871 1338 1894 sunt
1354 1871 1381 1894 et
1399 1867 1532 1902 completa
1547 1887 1554 1899 ,
1585 1868 1694 1902 quando
1714 1868 1794 1896 hodie

1012 1919 1119 1946 quoque
1134 1912 1204 1946 apud
1219 1920 1313 1940 omnes
1336 1912 1476 1945 homines,
1492 1913 1648 1948 quicunque
1671 1914 1792 1941 nondum

1012 1958 1039 1984 in
1055 1957 1127 1985 illius
1141 1957 1221 1993 ﬁdem
1235 1961 1378 1989 venerunt,
1392 1958 1566 1993 opprobrium
1587 1958 1726 1986 hominum
1743 1959 1792 1986 ha-

1011 2003 1099 2031 betur.
1129 2003 1199 2036 Quid
1220 2003 1292 2031 enim
1308 2003 1415 2038 turpius
1430 2007 1457 2030 et
1480 2003 1553 2031 omni
1577 2004 1678 2038 probro
1691 2004 1792 2036 vilius.

1011 2056 1091 2083 quam
1105 2049 1180 2075 cruci
1192 2056 1253 2076 esse
1267 2048 1395 2076 aflivum?
1411 2049 1458 2077 sed
1479 2056 1569 2076 nonne
1599 2049 1680 2077 etiam
1700 2050 1792 2084 populi

1010 2093 1114 2122 Iudaici
1135 2095 1252 2129 abjectio
1273 2095 1334 2122 est?
1353 2095 1454 2130 quippe
1468 2102 1529 2122 cum
1545 2095 1670 2122 universa
1686 2095 1730 2122 illa
1748 2102 1793 2123 na-

1011 2140 1049 2166 tio
1062 2140 1142 2166 etiam
1160 2147 1232 2167 nunc
1251 2143 1278 2167 et
1297 2141 1324 2167 in
1338 2140 1411 2167 hunc
1426 2148 1511 2175 usque
1525 2140 1607 2172 diem,
1627 2144 1653 2167 et
1668 2141 1791 2172 irridere,

1010 2188 1037 2211 et
1052 2185 1195 2220 negligere,
1212 2189 1238 2212 et
1260 2184 1392 2220 despuere
1408 2185 1482 2212 illum
1498 2185 1678 2212 consueverit.
1696 2184 1793 2212 Proin-

1011 2231 1044 2258 de
1056 2231 1202 2265 Apostolus
1219 2231 1315 2258 merito
1326 2241 1332 2258 :
1345 2241 1353 2255 ι
1365 2230 1420 2258 Nos
1440 2235 1540 2263 autem,
1551 2231 1649 2266 inquit,
1661 2232 1793 2266 praedica-

1012 2285 1073 2304 mus
1085 2277 1226 2304 Christum
1242 2277 1412 2307 cruciﬁxum,
1426 2276 1527 2305 Iudaeis
1541 2277 1649 2312 quidem
1675 2277 1792 2304 scanda-

1012 2322 1078 2354 lum,
1093 2323 1219 2357 gentibus
1235 2328 1323 2350 autem
1341 2323 1483 2350 stultitiam
1495 2323 1515 2350 ⁷.
1538 2332 1547 2349 ι
1568 2322 1620 2350 Sed
1636 2330 1686 2349 nec
1702 2323 1792 2350 minus

1011 2375 1042 2395 ea
1059 2376 1118 2404 qua:
1135 2373 1284 2403 sequuntur
1301 2368 1327 2395 in
1342 2369 1456 2403 psalmo,
1473 2368 1552 2396 facile
1567 2369 1645 2396 etiam
1665 2377 1737 2396 nunc
1749 2369 1791 2395 in-

1013 2413 1102 2440 venies
1117 2421 1130 2440 a
1150 2414 1286 2448 plerisque
1296 2414 1329 2440 de
1346 2413 1391 2440 illo
1402 2413 1466 2441 dici.
1483 2413 1543 2440 Ilrcc
1567 2414 1647 2448 igitur
1660 2421 1710 2447 pro
1725 2413 1792 2440 ami-

1011 2460 1101 2486 ctione
1124 2467 1184 2494 quae
1208 2459 1283 2486 illum
1307 2459 1484 2494 apprehendit
1503 2460 1583 2486 etiam
1602 2462 1666 2485 tunc
1685 2458 1790 2486 orabat.

1011 2504 1077 2532 Cum
1093 2509 1180 2532 autem
1203 2505 1287 2532 nihilo
1301 2506 1423 2532 viliorem
1446 2512 1559 2539 primam
1585 2512 1721 2539 corporea:
1745 2513 1791 2531 n-

1011 2555 1077 2577 turaa
1091 2550 1313 2584 assumptioncm,
1334 2554 1477 2584 ortumque
1504 2550 1577 2577 illum
1594 2550 1627 2577 de
1641 2550 1740 2577 femina
1764 2554 1792 2578 et

1011 2596 1124 2631 virgine,
1140 2597 1198 2630 ipsa
1225 2596 1322 2622 mortis
1353 2595 1506 2622 calamitate
1530 2603 1590 2622 esse
1614 2595 1790 2629 intelligeret,

1010 2649 1064 2669 non
1081 2640 1251 2668 incommode
1276 2641 1302 2668 in
1320 2640 1352 2668 iis
1368 2649 1426 2675 qua:
1444 2641 1476 2666 ad
1493 2644 1606 2667 mortem
1635 2641 1789 2675 pertinent,

1009 2689 1090 2715 etiam
1110 2694 1140 2714 ca
1151 2694 1211 2722 qua:
1224 2686 1257 2713 ad
1269 2691 1357 2713 ortum
1372 2689 1496 2721 spectant
1513 2690 1724 2718 commemorat,
1751 2687 1791 2713 sic

1010 2733 1043 2760 ad
1060 2732 1165 2760 Patrem
1180 2733 1288 2760 dicens:
1310 2742 1318 2757 ι
1337 2731 1468 2765 Quoniam
1484 2736 1512 2758 tu
1529 2739 1558 2759 cs
1577 2732 1623 2767 qui
1648 2732 1790 2759 extraxisti

1009 2787 1053 2806 me
1064 2779 1096 2805 de
1112 2782 1222 2810 ventre,
1243 2786 1304 2812 spcs
1325 2785 1384 2805 mea
1399 2778 1433 2804 ab
1447 2777 1576 2806 uberibus
1592 2778 1685 2804 matris
1699 2785 1765 2805 mea:
1782 2786 1789 2805 :

1009 2826 1040 2851 In
1085 2828 1110 2851 te
1150 2824 1289 2858 proiectus
1323 2831 1383 2851 sum
1415 2831 1447 2850 ex
1480 2828 1559 2851 utero
1596 2824 1691 2851 matris
1726 2830 1790 2851 meae

1253 2871 1262 2884 τ
1279 2871 1286 2897 I
1304 2871 1366 2898 Cor.
1393 2882 1410 2905 ι,
1431 2871 1476 2899 25.
