2099 3217
337 160 393 188 775

679 160 814 188 EUSEBII
833 160 1074 188 CIESARIENSIS
1091 160 1166 189 ΟΡΡ.
1188 160 1278 189 PARS
1297 161 1330 189 il.
1351 177 1386 183 -—
1401 157 1651 189 APOLOGETICA.
1911 162 1954 190 776

338 220 412 249 Deus
425 229 501 248 meus
519 228 548 248 es
565 224 603 247 tu.
621 228 630 244 ›
648 219 744 247 Merito
755 224 845 248 autem
861 220 919 248 haec
943 221 1084 250 meminit.
1102 229 1117 248 u

1179 220 1218 256 τῷ
1231 221 1335 256 ταμείῳ
1356 221 1405 256 τῆς
1429 220 1614 256 κυοφοροὺσης
1637 229 1670 256 με
1692 221 1849 257 φερόμενος,
1870 224 1900 250 σὲ
1919 224 1957 251 τὸν

338 269 459 304 scipsum
474 267 644 296 consoletur.
661 270 688 293 et
711 274 726 292 a
751 267 933 301 praesentibus
951 267 1030 294 malls
1052 275 1130 294 aver-

338 319 388 342 tat.
412 314 463 346 Qui
488 313 572 344 enim,
595 312 695 347 inquit,
718 312 793 339 fuisti
818 313 884 339 mihi
911 313 1039 347 adjutor,
1065 321 1128 339 cum

338 360 487 388 hutnanum
503 366 603 393 corpus
618 365 785 385 assumerem
797 378 804 390 ,
824 366 879 392 quo
894 362 1015 393 tempore
1029 366 1060 385 ex
1088 358 1128 393 ip-

336 408 394 435 sius
409 405 587 441 parturientis
599 408 687 436 utero,
705 412 759 436 tne,
777 409 806 430 tu
834 405 892 439 ipse
907 404 978 432 Deus
998 412 1075 431 meus
1101 408 1128 431 et

335 452 417 480 Pater
440 459 528 482 meus,
547 455 676 485 tanquam
698 450 854 479 obstetricis
878 450 994 486 fungens
1014 450 1126 482 ofﬁcio,

334 506 386 534 pro
400 506 432 526 ea
446 506 507 533 qua:
519 498 584 524 mihi
602 497 634 524 de
648 496 753 532 Spiritu
781 502 876 525 sancto
891 501 1047 531 comparata
1069 502 1128 524 erat

334 553 428 576 carne,
445 544 600 575 extraxisti,
617 548 662 571 tua
675 549 799 579 porrecta
819 543 920 570 virtute
934 543 968 570 da
983 543 1048 569 mihi
1069 543 1125 578 jam

334 599 408 618 nunc
425 592 553 622 Salutem,
571 599 604 617 ne
618 598 671 626 qua
692 590 767 617 fraus
794 594 840 616 aut
867 590 928 616 ulla:
944 589 1066 620 insidite,
1092 589 1126 615 ab

333 637 458 665 adversis
485 637 666 672 potestatibus
691 636 871 671 malignisth
896 636 1058 670 spiritibus,
1079 635 1126 670 qui

331 684 400 711 mihi
411 683 494 711 etiam
510 684 537 710 in
553 691 665 710 accessu
683 690 742 709 meo
765 682 798 709 ad
819 682 943 709 homines
958 682 1123 713 inviderunt,

332 731 409 763 ﬂant,
425 730 554 765 quoniam
575 730 602 757 in
629 730 717 765 prima
735 730 799 756 item
825 729 1005 762 conceptione
1022 734 1049 755 tu
1066 736 1126 755 rur-

332 784 381 806 sus
396 777 469 813 quod
484 777 510 804 in
523 781 601 804 tttero
615 776 665 809 fili,
681 775 860 805 obumbrasti.
875 779 904 801 ut
921 775 1057 809 principes
1074 783 1125 802 sat-

331 824 386 851 culi
402 823 485 858 hujus
497 823 555 858 ipsa
567 823 600 850 de
613 822 716 857 Spiritu
738 826 834 850 sancto
852 825 879 848 et
901 826 996 848 sancta
1013 820 1124 856 Virgine

331 868 476 902 conceptio
496 867 600 894 lateret.
632 866 709 900 Quod
732 875 798 894 sane
815 867 912 901 ingens
942 866 1119 902 mysterium,

331 917 396 940 tuus
413 912 594 948 archangelus
609 911 719 939 Gabriel
741 911 831 938 Mariae
849 912 990 942 indicavit.
1007 912 1120 939 dicens:

333 966 345 984 l
367 957 485 993 Spiritus
501 962 613 985 sanctus
628 957 802 992 superveniet
823 957 848 983 in
864 961 889 983 te
901 977 908 988 ,
927 961 953 984 et
967 957 1054 983 virtus
1079 958 1125 983 Al-

330 1004 430 1032 tissitni
443 1004 618 1032 obumbrabit
637 1004 686 1030 tibi
705 1003 725 1030 ⁸.
747 1013 756 1029 ›
783 1003 864 1038 500
889 995 1122 1036 Quemadmodum

330 1051 415 1086 igitur
431 1055 476 1078 tua
492 1056 573 1082 tunc,
591 1051 637 1085 qui
656 1057 685 1077 es
702 1050 859 1078 Altissimus
875 1070 881 1080 .
914 1049 999 1076 virtus
1027 1057 1069 1076 me
1096 1050 1123 1076 in

329 1097 510 1132 concipiendo
521 1096 711 1127 obumbravit,
728 1096 755 1122 in
774 1095 905 1131 pariendo
923 1101 1012 1123 autem
1033 1102 1123 1123 extra-

330 1145 369 1171 xit
383 1144 416 1171 de
432 1148 526 1171 ventre
542 1143 636 1170 matris
652 1151 718 1170 mea:
730 1163 737 1174 ,
765 1143 801 1169 ita
825 1150 936 1179 quoque
964 1148 1019 1170 non
1041 1151 1123 1178 parva

330 1190 395 1217 mihi
413 1190 490 1218 adest
506 1190 669 1221 consolatio.
685 1190 757 1224 quod
775 1190 861 1217 multo
877 1190 963 1225 magis
987 1191 1021 1218 de
1036 1195 1123 1217 morte

329 1236 367 1263 sis
379 1241 563 1264 extracturuS.
590 1235 677 1271 Atque
697 1236 825 1271 equidem
857 1236 908 1264 hoc
934 1243 1047 1272 sperans
1073 1237 1122 1263 tibi

329 1282 450 1310 conlisus
465 1290 536 1315 sum,
553 1282 599 1317 qui
621 1290 697 1309 meus
715 1281 786 1309 Deus
799 1286 824 1309 et
842 1282 973 1309 Dominus
988 1288 1015 1310 et
1043 1282 1122 1310 Pater

329 1337 359 1357 es
376 1336 383 1355 :
400 1333 426 1356 et
442 1329 562 1357 confisus
578 1337 650 1360 sum,
674 1337 729 1356 non
749 1326 822 1356 nunc
842 1329 958 1363 primum
973 1329 1000 1356 in
1018 1331 1043 1356 te
1060 1337 1122 1364 spe-

329 1375 545 1410 rareincipiens.
562 1375 609 1402 sed
632 1379 698 1402 tunc
725 1382 833 1410 qucque
847 1383 908 1402 cum
932 1375 966 1402 ab
991 1375 1121 1403 uberibus

329 1422 426 1449 matris
451 1429 517 1449 mem
532 1421 683 1448 infantilem
699 1422 855 1449 alimoniam
872 1422 1025 1456 accipiens,
1044 1427 1122 1457 puta-

329 1469 379 1495 bar
395 1472 424 1495 ut
440 1469 537 1504 reliqui
556 1469 697 1495 hominum
720 1468 851 1500 infantes,
869 1468 1045 1504 imperfectus
1060 1476 1122 1497 esse

329 1518 356 1541 et
370 1514 473 1549 absque
493 1522 543 1541 usu
561 1510 685 1541 rationis.
705 1513 762 1540 Non
779 1514 852 1541 enim
867 1521 941 1540 eram
957 1514 1034 1546 talis,
1058 1514 1121 1541 licet

1180 265 1245 292 Θεὸν
1265 267 1315 300 μου
1331 265 1433 301 ἑώρων,
1450 266 1497 292 ἅτε
1511 266 1662 302 ἀσύγχυτος
1681 267 1727 293 καὶ
1745 267 1878 298 ἀθόλωτος
1892 269 1918 294 ὲν
1928 270 1956 304 τῇ

1179 311 1296 348 τοσαύτῃ
1311 311 1365 338 τῶν
1380 311 1489 347 σαρκῶν
1503 313 1630 348 κοινωνίᾳ,
1645 312 1795 347 διαμείνας,
1819 312 1917 348 μᾶλλον
1933 314 1957 340 δὲ

1179 358 1323 394 ἀσώματος
1334 359 1381 385 καὶ
1390 359 1451 384 τότε
1461 358 1509 390 ὢν,
1522 360 1568 385 καὶ
1579 360 1686 386 πάντων
1697 359 1837 395 ἐλεύθερος
1847 360 1955 396 δεσμῶν·

1179 403 1265 437 οὕτως
1278 406 1306 433 δὲ
1325 407 1371 433 ἐπὶ
1391 407 1420 434 σὲ
1442 406 1592 444 ἐπερρίφην
1607 409 1639 436 ἐκ
1654 410 1770 445 μήτρας,
1791 409 1837 436 καὶ
1850 407 1901 435 ἀπὸ
1912 417 1956 443 γα-

1179 451 1259 487 στρὸς
1273 453 1374 488 μητρὸς
1389 453 1454 485 Θεὸς
1472 463 1522 489 μου
1533 453 1614 490 ἦσθα,
1627 455 1665 487 ὡς
1677 455 1820 482 αἰσθέσθαι
1834 455 1885 489 τῆς
1894 454 1957 490 ἐμῆς

1177 496 1316 534 δυνάμεως
1328 499 1367 525 ἔτι
1382 499 1602 536 κυοφορουμὲνης
1616 501 1684 537 πρὸς
1697 500 1747 535 τῆς
1760 500 1841 535 ἁγίας
1858 498 1956 536 Παρθέ-

1177 553 1234 575 νου,
1250 544 1295 570 τὺν
1311 545 1376 580 ἐμὸν
1397 545 1548 581 πρόδρομον
1574 545 1711 581 Ἰωάννην,
1732 547 1779 572 καὶ
1794 545 1877 572 αὐτὸν
1894 546 1956 573 κατὰ

1176 590 1293 626 γαστρὸς
1307 591 1357 626 τῆς
1377 592 1514 618 Ἐλισάῆεθ
1529 591 1754 628 κυοφορούμενον,
1768 593 1837 620 ὥστε
1849 593 1900 620 ὑπὸ
1914 593 1956 628 τῆς

1176 637 1245 672 ἐμῆς
1256 637 1379 673 θεότητος
1390 637 1532 673 κινηθέντα
1548 639 1691 674 σκιρτῆσαι
1699 640 1728 665 ἐν
1736 639 1903 673 ἀγαλλιάσει,
1917 639 1956 665 καὶ

1176 684 1333 719 Πνεῦματος
1352 685 1429 719 ἁγίου
1450 685 1611 721 πλησθῆναι.
1637 685 1744 712 Τούτων
1768 683 1815 712 οὖν
1837 685 1956 712 ἁπάντων

1175 731 1317 767 ἀναφέρων
1331 731 1379 766 τὴν
1399 733 1518 767 μνήμην,
1539 732 1586 759 καὶ
1596 732 1640 759 διὰ
1657 731 1755 763 παντὸς
1770 732 1815 758 τὸν
1830 731 1895 758 Θεόν
1912 739 1956 766 μου

1175 777 1221 804 καὶ
1236 778 1344 814 Πατέρα
1362 787 1411 813 μου
1429 779 1481 815 πρὸ
1495 779 1549 805 τῶν
1565 779 1638 814 ἐμῶν
1655 778 1800 814 ὀφθαλμῶν
1814 778 1956 812 τιθέμενος,

1174 825 1284 857 εἰκότως
1300 825 1346 852 καὶ
1366 826 1437 853 κατὰ
1454 827 1500 853 τὸν
1518 826 1652 852 ἐνεστῶτα
1673 825 1720 852 τοῦ
1741 825 1911 860 περιέχοντος
1928 833 1957 860 με

1175 872 1276 903 πάθους
1287 872 1392 908 καιρὸν,
1407 873 1462 904 ὅτε,
1479 873 1520 899 σοὶ
1529 871 1568 907 τῷ
1582 871 1671 908 Πατρὶ
1679 872 1822 906 γενόμενος
1833 871 1956 906 ὑπήκοος,

1178 920 1350 956 «αὐθαίρετος
1364 921 1411 948 καὶ
1425 919 1495 947 ἑκὼν
1507 920 1604 955 γέγονα
1615 919 1731 954 σκώληξ,
1744 919 1791 945 καὶ
1803 919 1854 945 οὑκ
1862 918 1957 952 ἄνθρω-

1175 975 1234 998 πος,
1246 966 1345 998 ὄνειδος
1356 966 1506 1002 ἀνθρώπων
1515 967 1561 993 καὶ
1574 966 1739 1000 ὲξουδένημα
1748 964 1824 991 λαοῖν
1839 974 1848 991 ι
1859 964 1906 990 καὶ
1917 963 1957 989 νῦν

1174 1012 1218 1039 ὅτε
1238 1013 1337 1044 πάντες
1355 1014 1378 1039 οἱ
1398 1012 1563 1048 θεωροῦντες
1583 1021 1632 1048 μου
1643 1012 1672 1038 το
1694 1012 1773 1046 σῶμα
1794 1010 1834 1046 τῷ
1857 1009 1958 1045 σταυρῷ

1175 1059 1310 1094 προσηλού
1314 1068 1403 1095 μενον,
1413 1059 1596 1095 ἀποτρόπαιον
1606 1058 1750 1094 ἡγούμενοι
1760 1058 1826 1093 ὁρᾷν
1837 1057 1957 1092 πρᾶγμα,

1174 1103 1390 1140 ὲξεμυκτήρισάν
1409 1113 1452 1140 με,
1476 1104 1609 1139 τοσαύτην
1625 1104 1685 1130 κατ’
1705 1102 1772 1138 ἐμοῦ
1795 1102 1895 1138 χλεύην
1916 1101 1959 1128 καὶ

1173 1150 1321 1186 διασυρμὺν
1333 1150 1519 1186 καταχέοντες,
1531 1150 1568 1182 ὡς
1578 1150 1615 1186 μὴ
1626 1150 1704 1185 μόνον
1716 1150 1744 1175 ὲν
1751 1149 1855 1184 διανοίᾳ
1866 1148 1959 1182 λογίζε-

1174 1195 1235 1222 σθαι
1252 1195 1296 1223 καὶ
1312 1195 1484 1231 ἐνθυμεῖσθαι
1502 1196 1565 1232 περὶ
1586 1194 1653 1230 ἐμοῦ
1673 1195 1708 1222 τὰ
1721 1194 1816 1230 ἀσεϐῆ,
1834 1194 1902 1220 ἀλλὰ
1916 1193 1958 1220 καὶ

1173 1242 1281 1276 ἀφόϐως
1293 1242 1456 1276 φθέγγεσθαι
1467 1243 1514 1268 καὶ
1525 1243 1552 1268 ἐν
1563 1241 1672 1277 φανερῷ
1680 1241 1778 1267 λαλεῖψ
1794 1250 1803 1266 ‹
1815 1240 1958 1275 Ἐλάλησαν

1172 1287 1237 1321 γοῦν
1251 1288 1280 1313 ὲν
1294 1287 1419 1323 χείλεσιν,
1430 1287 1557 1322 ἐκίνησαν
1568 1286 1697 1321 κεφαλὴν,
1713 1285 1847 1318 λέγοντες·
1865 1283 1958 1310 Ἦλπι-

1174 1342 1218 1360 σεν
1236 1334 1281 1360 ἐπὶ
1295 1333 1406 1370 Κύριον,
1425 1333 1551 1369 ῥυσάσθω
1569 1332 1664 1359 αὐτόν·
1683 1342 1692 1357 ι
1715 1331 1762 1357 καὶ
1778 1330 1825 1357 νῦν
1841 1329 1905 1364 γοῦν
1917 1330 1957 1356 ὅτε

1172 1379 1207 1406 τὰ
1224 1380 1336 1406 τοιαῦτά
1359 1388 1392 1415 με
1415 1379 1588 1415 περιέστηκε,
1610 1378 1639 1405 σὲ
1656 1378 1701 1404 τὸν
1717 1376 1826 1411 Πατέρα
1848 1383 1899 1411 μου
1916 1375 1959 1402 τδν

1172 1425 1349 1451 ἑκτπάσαντά
1371 1432 1404 1460 με
1421 1425 1453 1450 ἐκ
1464 1423 1580 1459 γαστρὸς
1596 1422 1698 1458 μητρός
1710 1431 1771 1457 μου,
1783 1422 1826 1454 ἐφ’
1840 1421 1869 1447 ὃν
1879 1421 1958 1457 ἐπερ-

1173 1470 1255 1506 ρίφην
1268 1471 1300 1497 ἐκ
1316 1470 1432 1506 μήτρας,
1447 1470 1486 1501 εἰς
1499 1469 1528 1495 ὃν
1540 1468 1643 1504 ἤλπισα
1657 1468 1710 1494 ἀπὸ
1723 1467 1843 1503 μαστῶν,
1853 1467 1900 1494 τδν
1915 1467 1958 1494 καὶ

1172 1514 1226 1540 ἀπὸ
1254 1514 1373 1550 γαστρὸς
1403 1514 1505 1550 μητρὸς
1534 1523 1583 1549 μου
1601 1512 1801 1549 γνωριζόμενόν
1825 1521 1886 1547 μοι,
1913 1512 1959 1538 καὶ

328 1560 396 1587 mihi
419 1560 525 1587 caeteris
546 1560 704 1587 hominibus
733 1560 822 1587 simile
841 1564 915 1587 esset
930 1568 1042 1595 corpus.
1068 1561 1120 1588 Sed

1172 1562 1372 1596 γινωσκόμενον
1380 1562 1456 1594 Θεὸν,
1472 1560 1585 1587 ἱκετεύω
1594 1559 1642 1587 καὶ
1651 1561 1698 1586 ἀντ
1703 1559 1783 1585 ιϐολῶ
1793 1558 1830 1594 μὴ
1840 1558 1958 1594 ἀποστῆ-

329 1614 418 1641 neque
432 1606 496 1634 item
510 1606 545 1638 vi,
560 1613 649 1640 neque
669 1606 821 1633 substantia
839 1606 977 1641 plerisque
992 1610 1066 1633 eram
1083 1606 1121 1633 si-

328 1652 413 1684 milis,
430 1659 523 1679 verunt
539 1651 630 1686 potius
642 1651 709 1678 liber
722 1659 753 1678 ac
765 1651 872 1678 solutus
885 1655 1015 1686 tanquam
1033 1660 1119 1687 agnus

327 1700 403 1729 tuus,
416 1697 462 1731 qui
479 1696 550 1723 Deus
569 1703 610 1726 es,
626 1703 687 1722 cum
704 1696 738 1722 ab
760 1695 806 1722 illa
826 1703 913 1731 usque
938 1699 1018 1722 :etate
1049 1695 1120 1722 lacte

327 1741 458 1773 nutrit-er,
471 1741 533 1768 dico
547 1745 638 1768 autem
656 1741 691 1767 ab
710 1740 840 1767 uberibus
855 1740 951 1767 matris
966 1747 1041 1767 mete.
1065 1739 1121 1767 Ca:-

327 1790 415 1814 terum
434 1787 486 1814 hoc
498 1787 618 1815 nondum
633 1787 768 1821 quispiam
786 1794 913 1822 magnum
928 1786 1116 1817 arbitrabitur,

327 1835 351 1862 si
366 1834 509 1869 intelliget,
524 1833 753 1870 quemadmodum
778 1834 854 1868 prius
872 1841 980 1868 quoque
1000 1841 1009 1857 ι
1041 1833 1068 1859 in
1092 1837 1119 1859 te

326 1880 466 1916 projectus
485 1888 545 1907 sum
560 1888 593 1907 ex
613 1884 700 1911 utero,
717 1884 744 1907 et
758 1880 790 1907 de
813 1883 908 1906 ventre
933 1879 1027 1906 matris
1052 1886 1119 1906 mea:

327 1926 400 1954 Deus
417 1935 495 1954 meus
511 1935 540 1954 es
556 1931 595 1954 tu.
614 1937 623 1954 ›
638 1927 706 1954 Cum
721 1927 793 1953 enim
811 1926 901 1953 adhuc
923 1926 994 1954 intra
1019 1925 1117 1953 cellam

327 1974 459 2009 gestantis
484 1981 526 2001 me
552 1975 579 2001 in
607 1978 685 2000 utero
701 1974 833 2005 laterem,
861 1977 886 2000 te
912 1976 1004 1999 tamen
1033 1972 1116 1999 Deum

327 2026 417 2046 meum
430 2018 553 2046 videbam
570 2024 700 2053 tanquatn
719 2019 743 2045 is
755 2038 762 2051 ,
785 2018 831 2053 qui
849 2023 875 2046 et
903 2017 1064 2045 inconfusus
1091 2021 1117 2044 et

325 2064 541 2099 imperturbatus
568 2065 595 2091 in
620 2061 695 2091 tanta
722 2063 969 2091 communicatione
992 2062 1117 2098 corporei

327 2110 420 2137 oneris
436 2111 658 2144 permansissem,
675 2116 707 2136 ac
731 2109 821 2143 potius
850 2109 1027 2143 incorporeus
1049 2111 1116 2134 tunc

326 2163 435 2190 quoque
449 2155 558 2188 inierint,
575 2160 602 2183 et
616 2156 650 2182 ab
665 2156 791 2182 omnibus
804 2154 920 2181 vinculis
938 2154 1015 2180 liber.
1029 2153 1115 2180 Porro

326 2206 416 2229 autem
430 2203 470 2229 sic
487 2210 496 2226 ί
515 2202 541 2228 iu
558 2205 584 2229 te
601 2201 739 2236 projectus
752 2208 811 2228 smn
822 2208 854 2227 ex
870 2205 946 2227 utero
959 2220 965 2232 ,
998 2209 1007 2225 ι
1026 2203 1053 2226 et
1075 2199 1114 2226 sic

328 2252 340 2274 ι
359 2248 392 2275 de
409 2251 504 2275 ventre
528 2248 623 2274 matris
641 2255 707 2273 mea:
730 2246 801 2273 Deus
831 2252 907 2272 meus
931 2253 961 2272 es
984 2249 1033 2278 tu,
1053 2255 1062 2270 ι
1085 2249 1114 2271 ιιι
1131 2235 1152 2267 D

325 2301 413 2321 meam
429 2294 555 2320 virtutem
567 2301 629 2320 cum
647 2292 735 2319 adhuc
749 2292 776 2318 in
794 2296 871 2319 utero
888 2299 903 2317 a
922 2291 1032 2325 Virgine
1049 2299 1114 2318 san-

325 2343 370 2367 cta
387 2343 520 2374 gestarer,
537 2346 612 2365 meus
629 2346 737 2372 quoque
752 2337 808 2372 jam
829 2341 885 2363 tum
912 2336 1029 2364 senserit
1046 2344 1113 2372 pra:-

325 2393 423 2413 cursor
438 2384 569 2416 Joannes,
582 2384 628 2419 qui
643 2384 725 2410 etiam
753 2384 811 2418 ipse
830 2382 858 2409 in
874 2386 951 2409 utero
974 2382 1112 2410 Elisabeth

325 2432 493 2467 gestabantur,
510 2438 596 2466 usque
611 2430 678 2457 adeo
694 2435 723 2456 ut
738 2437 796 2456 mea
820 2429 960 2456 divinitate
987 2429 1111 2457 concitus

324 2479 504 2506 exsultatione.
525 2477 675 2508 exsilierit,
703 2480 730 2503 et
755 2475 857 2510 Spiritu
881 2481 975 2503 sancto
993 2477 1111 2510 repletus

324 2525 370 2553 sit.
387 2524 450 2551 Haec
466 2524 548 2559 igitur
568 2527 667 2550 cuncta
685 2523 718 2550 ad
740 2523 898 2549 memoriam
918 2529 1067 2552 revocans.
1085 2526 1112 2549 et

324 2571 398 2598 omni
415 2575 537 2606 tempore
553 2570 636 2597 Deum
655 2575 681 2597 et
697 2569 804 2596 Patrem
831 2577 919 2596 meum
934 2574 997 2596 ante
1017 2570 1111 2596 oculos

324 2617 390 2645 mihi
407 2618 589 2648 constituens,
606 2616 701 2643 merito
717 2621 741 2643 et
754 2616 806 2643 sub
817 2616 904 2650 ipsum
923 2617 1028 2642 instans
1038 2623 1107 2642 com-

324 2664 520 2701 preltendentis
538 2672 580 2691 me
596 2664 734 2698 passionis
749 2668 871 2698 tempus,
888 2671 950 2690 cum
972 2663 1020 2689 tibi
1035 2662 1110 2689 Patri

324 2711 413 2739 factus
423 2711 564 2742 obediens,
575 2715 669 2745 sponte
683 2715 709 2737 et
719 2710 811 2737 volens
823 2709 935 2737 eliectus
946 2717 1006 2736 sum
1021 2718 1030 2735 ‹
1050 2717 1106 2736 ver-

325 2760 388 2789 mis,
402 2762 496 2784 etnon
513 2757 604 2788 homo,
625 2757 799 2791 opprobrium
823 2756 975 2787 hominum,
990 2759 1016 2782 et
1035 2755 1111 2790 obje—

325 2803 380 2830 ctio
394 2803 496 2838 populi,
517 2813 525 2828 ι
542 2809 569 2830 et
587 2812 659 2830 nunc
681 2811 742 2830 cum
758 2810 854 2831 omnes
867 2810 957 2830 meum
970 2801 1046 2829 cruci
1069 2800 1110 2828 af-

360 2896 371 2912 ⁸
389 2895 455 2923 Luc.
476 2904 501 2928 ι,
521 2896 564 2922 :5.

1171 1614 1215 1632 ναι
1238 1606 1284 1632 ἀπ’
1304 1605 1382 1641 ἐμοῦ,
1404 1606 1443 1632 ὅτι
1461 1605 1549 1640 θλίψις
1563 1605 1655 1640 ἐγγύς.
1674 1604 1774 1631 Μέλλει
1795 1603 1860 1640 γὰρ,
1882 1604 1957 1638 φησὶ,

1171 1653 1218 1679 καὶ
1233 1652 1294 1679 ὅσον
1309 1651 1384 1679 οὔπω
1403 1652 1530 1687 πάρεστι,
1552 1651 1599 1678 καὶ
1616 1650 1759 1687 πλησιάζει
1784 1650 1894 1685 συνέχον
1909 1649 1958 1685 ἤδη

1170 1700 1217 1726 καὶ
1237 1699 1407 1734 ἐπικείμενόν
1436 1707 1480 1734 μοι
1504 1698 1535 1724 τὸ
1556 1698 1664 1724 πάντων
1678 1697 1791 1732 ἔσχατον
1809 1697 1860 1732 τῆς
1874 1697 1958 1731 ὑπερ-

1169 1745 1319 1780 ϐαλλούσης
1335 1754 1385 1780 μου
1400 1744 1514 1779 θλίψεως
1529 1744 1609 1778 νέφος
1636 1743 1718 1769 Οὕπω
1733 1742 1788 1778 γὰρ
1804 1742 1859 1776 ἐγὼ
1871 1740 1959 1776 θλίψιν

1169 1791 1269 1826 ταύτην
1283 1790 1332 1826 τὴν
1345 1790 1392 1817 νῦν
1407 1790 1585 1826 περιέχουσαν
1603 1798 1636 1825 με
1654 1788 1729 1815 καλῶ
1743 1787 1804 1814 οὕτε
1817 1787 1864 1814 τδν
1881 1794 1959 1814 σταυ-

1170 1835 1226 1872 ρὸν,
1246 1835 1307 1862 οὔτε
1327 1837 1389 1867 τοὺς
1412 1836 1441 1869 ἐξ
1463 1834 1614 1871 ἀνθρώπιον
1635 1835 1811 1869 ὀνειδισμοὺς,
1833 1832 1896 1860 οὔτε
1911 1832 1959 1864 τὰς

1169 1882 1275 1917 χλεύας,
1293 1882 1355 1909 οὔτε
1375 1881 1426 1916 μὴν
1442 1881 1477 1908 τὰ
1494 1881 1546 1917 πρὸ
1558 1881 1604 1908 τοῦ
1624 1880 1739 1916 σταυροῦ
1756 1879 1957 1915 συμϐεϐηκότα,

1167 1929 1217 1960 τὰς
1245 1929 1389 1964 μάστιγας,
1418 1927 1468 1959 τὰς
1497 1927 1598 1963 ὕϐρεις.
1625 1927 1671 1954 καὶ
1698 1927 1749 1954 ὅσα
1763 1926 1830 1954 ἄλλα
1847 1926 1958 1961 ὲπαροί-

1168 1983 1252 2010 νησαν
1276 1975 1315 2006 είς
1339 1974 1389 2010 ἐμὲ
1414 1975 1438 2000 οἱ
1465 1974 1518 2000 υἱοὶ
1542 1973 1597 2000 τῶν
1625 1973 1792 2008 ἀνθρώπων
1815 1972 1884 1999 ἀλλὰ
1904 1971 1958 2006 γὰρ

1167 2020 1223 2056 ὁρῶ
1237 2021 1286 2056 τὴν
1308 2021 1347 2051 εἰς
1364 2019 1426 2055 ᾅδου
1445 2020 1594 2046 κατάϐασιν
1615 2018 1827 2054 πλησιάζουσαν,
1845 2018 1958 2046 καὶτῶν

1167 2065 1360 2100 ἀντικειμένων
1384 2065 1430 2091 καὶ
1452 2065 1558 2100 ἐχθρῶν
1573 2065 1612 2100 τῷ
1624 2064 1683 2099 Θεῷ
1696 2064 1837 2099 δυνάμεων
1857 2064 1959 2091 ἐπανά-

1168 2120 1271 2138 στασιν.
1294 2111 1338 2137 Διό
1358 2119 1437 2147 φημιι
1454 2121 1462 2136 ι
1482 2111 1540 2137 Ὅτι
1556 2110 1644 2145 θλίψις
1658 2111 1750 2144 ἐγγὺς.
1766 2110 1807 2136 ὃτι
1823 2111 1874 2136 οὐκ
1884 2110 1958 2136 ἔστιν

1165 2158 1180 2183 ὁ
1200 2156 1315 2192 βοηθῶν.
1332 2166 1341 2182 t
1360 2157 1421 2189 Πῶς
1438 2156 1491 2192 γὰρ
1505 2157 1555 2191 οὐχ
1573 2155 1777 2191 ὑπερϐάλλουσα
1790 2154 1824 2191 ἦν
1843 2156 1892 2182 καὶ
1909 2163 1959 2191 με-

1166 2202 1246 2237 γίστη
1261 2201 1349 2236 θλίψις
1363 2201 1432 2235 αὕτη
1449 2201 1550 2235 ἐκείνη,
1564 2200 1593 2226 ὲν
1646 2200 1695 2226 οὐκ
1712 2199 1785 2226 ἔστιν
1803 2199 1817 2225 ὁ
1834 2198 1957 2235 βοηθῶν;

1173 2248 1201 2274 Ὁ
1216 2247 1264 2282 μὲν
1277 2247 1330 2282 γὰρ
1349 2247 1395 2272 ἐπὶ
1408 2245 1528 2281 σωτηρίᾳ
1545 2245 1598 2271 τῶν
1613 2246 1642 2271 ὲν
1661 2245 1724 2280 ᾅδου
1736 2244 1829 2280 ψυχῶν
1843 2243 1956 2280 παρῄει.

1166 2295 1199 2321 ὲκ
1220 2293 1333 2330 μακρῶν
1350 2292 1454 2320 αἰώνων
1467 2292 1516 2327 τὴν
1532 2291 1624 2326 ἄφιξιν
1636 2291 1718 2318 αἰδτοῦ
1739 2290 1956 2326 περιμενουσῶν,

1167 2341 1212 2368 καὶ
1224 2341 1318 2376 κατῄει
1331 2348 1362 2374 γε
1377 2339 1461 2375 θύρας
1481 2339 1583 2374 χαλκᾶς
1604 2338 1765 2373 συντρίψων,
1779 2337 1826 2364 ml.
1840 2337 1958 2373 μοχλοὺς

1167 2387 1291 2422 σιδηροῦς
1317 2385 1482 2417 συνθλάσων,
1509 2385 1554 2411 καὶ
1576 2385 1639 2415 τοὺς
1662 2385 1725 2419 πρὶν
1748 2383 1875 2418 δεσμίους
1892 2383 1956 2418 ᾆδον

1165 2434 1322 2469 ἐλευθέρους
1333 2433 1450 2468 ἀνήσων”
1464 2431 1479 2457 ὃ
1492 2432 1538 2458 καὶ
1552 2431 1672 2465 γέγονεν,
1685 2431 1727 2456 ὅτε
1741 2429 1826 2456 πολλὰ
1842 2429 1957 2464 σώματα

1164 2479 1219 2506 τῶν
1243 2477 1450 2514 κεκοιμημένων
1482 2477 1566 2510 ἁγίων
1596 2475 1747 2502 ἀναστάντα
1780 2475 1957 2510 συνεισῆλθον

1165 2525 1240 2560 αὐτῷ
1250 2526 1289 2557 εἰς
1301 2525 1350 2560 τὴν
1369 2523 1474 2558 ἀληθῶς
1488 2523 1569 2557 ἁγίαν
1579 2521 1625 2548 τοῦ
1640 2521 1707 2548 Θεοῦ
1722 2521 1808 2547 πόλιν·
1827 2522 1854 2548 αἱ
1868 2521 1897 2547 δὲ
1909 2520 1957 2548 δυ-

1165 2573 1259 2607 νάμεις
1274 2572 1302 2598 al.
1315 2570 1509 2605 ὰντικείμεναι,
1527 2568 1594 2605 πρὸς
1605 2569 1660 2599 τοῖς
1672 2567 1726 2594 τῶν
1742 2566 1957 2602 ἀνθρώπωνκα-

1165 2620 1223 2650 κοῖς
1235 2616 1463 2653 ἐπεστρατεύοντο
1475 2615 1560 2650 αὐτῷ,
1577 2615 1665 2649 λύπην
1678 2614 1708 2640 οὺ
1723 2611 1825 2649 μικρὰν
1835 2612 1884 2638 καὶ
1897 2610 1957 2638 θλι-

1165 2665 1210 2700 ψιν
1227 2664 1301 2700 αὐτῷ
1319 2664 1495 2700 παρέχουσαι,
1520 2660 1714 2697 ἀποκλᾳομένῳ
1730 2659 1777 2685 καὶ
1795 2659 1840 2684 ἐπ’
1857 2658 1956 2689 αὐταῖς

1164 2711 1196 2736 δι’
1206 2709 1355 2744 ὑπερϐολὴν
1363 2708 1537 2743 ἀγαθότητος.
1560 2706 1639 2733 Ἀλλὰ
1652 2705 1706 2740 γὰρ
1718 2705 1809 2739 τήρει,
1820 2703 1881 2729 τίνα
1889 2701 1955 2739 τρό-

1165 2764 1214 2782 πον
1227 2755 1312 2783 ταῦτα
1328 2755 1416 2781 πάντα
1427 2754 1558 2784 λέλεκται,
1570 2752 1606 2783 ὡς
1624 2753 1654 2777 ἐκ
1671 2749 1815 2786 προσώπου
1830 2747 1911 2775 αὐτοῦ
1923 2748 1954 2774 ἐν

1165 2801 1256 2836 μήτρᾳ
1273 2799 1496 2835 κυοψθρηθέντος,
1520 2798 1565 2824 καί
1584 2796 1637 2823 ἀπὸ
1653 2795 1770 2830 γαστρὸς
1786 2794 1889 2832 μητρὸς
1903 2801 1955 2826 γε·
