2099 3217
191 182 242 209 777

646 185 967 217 οεΜοΝδΤιιΑτιοΝιε
988 187 1216 220 ΕνΑΝϐΕιΙΕΑΞ
1237 188 1300 220 LIB.
1322 190 1354 221 Χ.

1753 197 1804 226 778

190 243 366 278 τεννημένου,
381 243 409 269 ὃν
426 243 578 279 ὲφάσκομεν
592 242 658 272 εἶναι
673 246 719 272 τὸν
732 247 815 282 ἀμνὸν
831 248 877 274 τοῦ
892 248 968 276 Θεοῦ.
985 254 1008 281 Α

985 254 1008 281 Α
1021 250 1104 278 ﬁxum
1118 258 1217 286 corpus
1234 253 1355 281 videntes
1367 273 1375 282 .
1400 254 1463 281 dum
1481 256 1536 282 rem
1563 259 1587 283 et
1605 256 1758 292 fugiendam
1776 265 1802 286 et

189 287 283 323 Τούτῳ
295 287 349 322 γὰρ
363 289 409 315 καὶ
426 288 567 324 συμϐαίνει
580 289 615 316 τὰ
636 291 699 326 περὶ
719 292 750 317 τδ
765 292 857 324 πάθος,
871 293 909 325 ὡς
923 296 969 321 καὶ

188 334 223 362 τὰ
239 336 288 371 τῆς
302 336 433 371 ἐνσάρκου
444 336 575 370 γενέσεως
586 337 697 372 ἥρμοζε.
714 338 750 364 Τὸ
764 338 828 372 γοῦν
842 339 969 376 γεννηθὲν

187 381 236 408 καὶ
252 380 415 416 ἀποθνήσκει
426 390 433 396 ·
454 381 485 407 τὸ
504 382 533 408 δὲ
553 382 666 417 θνῆσκον
685 385 734 410 οὐκ
750 384 835 416 ἄλλως
853 385 968 413 θανάτου

187 427 313 462 τυγχάνει
331 427 346 462 ἢ
362 427 491 463 πρότερον
504 428 613 454 ὀδεῦσαν
624 429 667 455 διὰ
675 430 815 463 γενέσεως.
832 432 911 458 Ταῦτ’
922 430 969 459 οὖν

186 472 311 506 διέξεισιν
325 474 339 499 ὁ
354 473 447 508 Σωτὴρ
460 474 506 500 καὶ
522 474 622 509 Κύριος
636 475 722 509 ἡμῶν,
738 476 768 502 οὐ
784 477 843 503 καθ’
859 477 872 503 6
885 478 969 513 ἄσαρ-

186 528 234 548 κος
251 520 297 546 καὶ
313 519 456 554 ἀσώματος
478 520 593 554 ὑπάρχει
617 520 665 556 τὴν
687 521 775 554 φύσιν,
796 522 856 549 οὐδὲ
879 523 939 549 καθ’
953 523 968 550 ὃ

185 564 253 592 Θεοῦ
268 565 351 599 Λόγος
364 565 410 591 καὶ
424 565 489 595 Θεὸς
503 565 657 596 ἐπινοεῖται,
678 565 744 592 ἀλλὰ
764 566 823 592 καθ’
836 567 850 594 ὃ
866 565 920 599 οἷός
936 577 966 594 τε

184 607 220 646 ἦν
239 610 306 646 πρὸς
319 611 363 636 τὸν
383 610 491 646 Πατέρα
505 611 569 646 εὐχῇ
587 611 685 645 λέγειν·
705 622 714 637 ι
734 613 793 639 Ὅτι
808 613 839 639 σὺ
857 611 882 640 εἴ
894 615 908 640 ὁ
921 615 967 641 ὲκ-

185 657 291 689 σπάσας
307 665 340 692 με
356 658 388 683 ἐκ
399 657 524 692 γαστρὸς,
541 658 557 692 ἡ
573 657 650 689 ἐλπίς
663 667 711 693 μου
728 659 781 685 ἀπὸ
797 659 905 694 μαστῶν
917 661 967 696 τῆς

185 699 287 739 μητρός
301 712 359 738 μου.
383 704 444 730 Ἐπὶ
460 705 488 730 σὲ
507 704 658 739 ὲπερρἱην
673 705 704 730 ὲκ
727 706 841 740 μήτρας,
854 706 907 732 ἀπὸ
917 715 966 740 γα-

185 750 265 785 στρὸς
286 749 388 784 μητρός
411 758 461 785 μου
480 750 546 781 Θεός
564 758 613 785 μου
631 748 656 776 εἷ
675 750 716 777 σύ.
733 761 741 775 ι
763 748 847 783 Οὗτος
861 752 892 787 δὴ
908 751 963 785 οὖν,

183 795 251 830 πρὸς
265 794 303 830 τῷ
316 795 394 821 πάθει
409 795 537 829 γεγονὼς,
550 795 656 831 εὔχεται
670 796 704 822 τὰ
717 797 883 832 προκείμενα
898 798 965 834 πρὸς

181 841 228 868 τὸν
237 841 354 876 Πατέρα,
366 842 413 868 καὶ
425 841 568 873 τοσούτων,
583 842 658 877 φησὶ,
673 842 821 877 μελλόντων
839 852 872 878 με
888 853 965 881 περι-

183 888 326 924 στήσεσθαι
338 889 528 924 ἀντικειμένων
540 889 691 924 ἐνεργειῶν,
703 890 749 916 χαὶ
757 890 890 925 δαιμόνων
900 892 964 918 ἀκα-

182 932 298 968 θάρτων»
311 935 357 960 καὶ
368 934 559 969 πνευματικῶν
572 935 712 970 πονηρίας,
727 936 772 962 καὶ
783 937 828 962 ἐπὶ
839 938 904 963 πᾶσι
917 938 964 964 τοῦ

180 979 288 1005 πάντων
303 979 447 1015 χειρίστου,
465 979 545 1006 αὑτοῦ
557 979 587 1015 δὴ
603 980 648 1006 τοῦ
664 980 792 1016 ἄρχοντος
807 983 854 1009 τοῦ
869 982 964 1015 αἰῶνος

179 1024 274 1052 τούτου
286 1025 342 1061 (οὓς
358 1025 408 1060 τῆς
426 1026 522 1057 κακίας
537 1027 613 1053 ἓνεκε
625 1026 709 1062 θῆρας
721 1028 853 1063 πονηροὺς
866 1029 964 1064 ὀνομά-

180 1071 237 1104 ζειν
253 1071 337 1104 ἄξιον,
358 1072 404 1098 καὶ
418 1072 478 1107 ἤτοι
492 1072 608 1107 ταύρους
625 1073 745 1108 ἀγρίους,
765 1074 782 1108 ἢ
805 1074 932 1109 μόσχους,
947 1076 963 1110 ἢ

178 1116 330 1153 λέοντας,ἢ
352 1117 454 1152 κύνας),
478 1118 581 1153 μέλλων
605 1127 635 1145 τε
659 1119 726 1154 πρὸς
745 1119 867 1151 ἅπαντας
887 1121 964 1147 ἴστας

179 1162 252 1194 σθαι,
279 1163 326 1189 καὶ
349 1163 430 1198 μηδὲν
452 1164 551 1198 ἀγαθὸν
580 1165 619 1196 είς
643 1165 739 1196 αὐτοὺς
765 1166 894 1202 ἐνεργεῖν,
925 1166 964 1202 τῷ

179 1209 264 1244 μηδὲν
287 1210 484 1245 παραδέχεσθαι
512 1211 608 1242 αὐτοὺς
633 1211 686 1237 τῶν
709 1211 782 1246 ἐμῶν
803 1212 911 1245 ἀγαθῶν
930 1212 962 1238 δι’

176 1253 267 1289 ἄκραν
278 1254 375 1285 κακίας
387 1254 452 1286 ἕξιν,
468 1255 534 1282 ἀλλὰ
553 1256 619 1290 μηδὲ
637 1256 733 1291 βοηθοῦ
752 1256 818 1292 μηδὲ
832 1258 962 1292 συνεργοῦ

176 1300 319 1334 τυγχάνων
332 1300 404 1332 τινος
419 1301 473 1327 τῶν
487 1302 703 1337 προειρημένων,
719 1303 758 1334 είς
772 1303 817 1329 τὸν
826 1303 895 1339 ὑπὲρ
909 1304 963 1330 τῶν

176 1346 208 1372 ἐν
221 1345 286 1381 ᾅδου
302 1345 394 1380 ψυχῶν
417 1344 510 1378 ἆθλον,
537 1347 595 1378 πῶς
614 1348 664 1374 οὐκ
680 1347 712 1374 ἂν
725 1348 840 1382 εὐλόγως
858 1349 961 1385 εἴποιμ·

180 1401 190 1417 ι
211 1393 271 1419 Ὅτι
286 1391 374 1426 θλίψις
394 1393 486 1426 ἐγγὺς,
509 1393 549 1419 ὅτι
565 1394 614 1420 οὐχ
638 1393 710 1420 ἔστιν
726 1394 740 1420 6
756 1394 876 1429 βοηθῶν;
893 1405 902 1421 ›
927 1395 963 1422 Τὸ

177 1438 230 1474 μὲν
251 1436 298 1466 οὖν
316 1439 364 1471 τὰς
381 1440 500 1475 πονηρὰς
516 1440 563 1466 καὶ
577 1440 764 1475 ἀντικειμένας
781 1441 910 1475 δυνάμεις
925 1441 961 1477 μὴ

176 1486 317 1520 συνεργεῖν
334 1485 406 1520 αὐτῷ
418 1486 483 1521 μηδὲ
498 1486 604 1521 βοηθεῖν
621 1487 662 1512 ἐπ’
674 1486 773 1520 ἀγαθὸν
783 1487 866 1522 αὐτῷ,
886 1487 962 1523 νομί-

175 1530 270 1566 ζομεν,
288 1532 327 1558 ὃτι
344 1532 418 1558 οὐδὲν
440 1530 473 1567 ἦν
489 1532 658 1566 θαυμαστόν·
676 1534 705 1559 τὸ
719 1533 746 1559 δὲ
760 1533 867 1560 πάντων
886 1534 962 1569 μέγι-

175 1584 241 1604 στον
252 1577 302 1611 τῆς
317 1577 430 1612 θλίψεως
446 1578 494 1612 τῆς
515 1578 630 1612 μάλιστα
649 1578 794 1613 πιεζούσης
813 1579 894 1606 αὐτὸν
908 1579 960 1605 τόδ’
975 1597 994 1622 C

173 1621 210 1659 ἧν
220 1623 284 1658 ἄρα,
295 1623 326 1649 τὸ
341 1624 441 1659 μηδένα
454 1624 519 1658 μηδὲ
532 1623 584 1649 τῶν
595 1625 689 1651 αἰσίων
705 1626 750 1651 καὶ
771 1625 864 1657 δεξιῶν
879 1625 960 1660 ἀγγέ-

173 1670 241 1701 λων,
271 1669 337 1705 μηδὲ
364 1670 417 1705 μὴν
443 1669 497 1695 τῶν
516 1670 594 1696 θείων
614 1670 764 1705 δυνάμεων,
785 1671 886 1706 τολμᾷν
900 1673 959 1698 ἐπι-

173 1714 277 1742 ὖαίνειν
293 1715 348 1746 τοῖς
363 1714 409 1740 τοῦ
429 1714 541 1740 θανάτου
559 1714 710 1749 βασιλείοις,
735 1715 800 1750 μηδὲ
822 1717 959 1751 συνεργεῖν

173 1760 222 1786 ὲπὶ
248 1759 358 1795 βοηθείᾳ
381 1760 435 1786 τῶν
461 1760 552 1786 αὐτόθι
577 1760 678 1795 ψυχῶν.
706 1761 786 1796 Μόνῳ
811 1761 864 1796 γὰρ
886 1761 959 1796 αὐτῷ

171 1804 248 1831 τοῦτ’
262 1806 378 1841 ἀτρεμὲς
390 1803 434 1842 ἧν,
453 1806 514 1832 ἐπεὶ
534 1806 581 1832 καὶ
598 1806 668 1841 μόνῳ
682 1806 855 1842 ἠνεῴχθησαν
879 1807 958 1834 πύλαι

172 1850 302 1883 θανάτου,
316 1852 363 1878 καὶ
379 1852 458 1886 μόνον
468 1852 548 1878 αὑτὸν
560 1852 677 1887 πυλωροὶ
691 1852 754 1887 ᾅδου
770 1853 866 1884 ἰδόντες
878 1853 960 1888 ἔπτη-

172 1894 235 1928 ξαν,
251 1895 332 1928 αὐτός
349 1905 379 1922 τε
391 1898 405 1923 6
419 1896 449 1922 τὸ
466 1897 565 1932 κράτος
586 1897 654 1932 ἔχων
670 1897 717 1923 τοῦ
735 1897 859 1929 θανάτου,
876 1898 960 1928 imm:

173 1940 242 1972 στὰς
250 1940 304 1967 τῶν
315 1941 456 1976 βασιλείων
470 1941 581 1977 θρόνων,
593 1941 640 1968 ἆτε
654 1942 732 1976 μόνον
742 1941 822 1968 αὑτὸν
833 1942 959 1975 ἐπιγνοὺς

173 1986 274 2013 ἑαυτοῦ
289 1987 401 2021 Κύριον,
424 1987 552 2022 ἐλάλησεν
569 1987 641 2022 αὑτῷ
661 1986 750 2022 δεήσει
772 1987 819 2013 καὶ
837 1987 960 2022 ἱκετηρία

174 2032 314 2069 μαλακῶς,
324 2033 393 2059 κατὰ
400 2033 433 2059 τὰ
443 2033 593 2069 δηλούμενα
608 2035 637 2059 ὲν
646 2033 684 2068 τῷ
703 2033 761 2059 Ἰὼϐ
774 2033 836 2068 περὶ
846 2033 957 2060 τούτων.

172 2078 250 2114 Πλὴν
262 2078 330 2104 ἀλλὰ
344 2078 393 2114 τὴν
409 2079 495 2114 ἀσεϐῆ
517 2079 563 2105 τοῦ
577 2079 707 2114 τυράννου
731 2079 960 2105 καταδυναστείαν

171 2124 300 2151 τοσοῦτον
321 2125 391 2160 ὀρῶν
414 2125 565 2160 ἰσχύουσαν,
584 2125 621 2156 ὡς
643 2125 742 2160 μηδένα
763 2124 842 2151 ἄλλον
858 2124 959 2159 τολμᾷν

171 2169 230 2197 ⁴τῶν
242 2171 301 2197 κατ’
314 2170 426 2205 οὐρανὸν
441 2172 469 2197 ἐν
480 2173 536 2202 τοῖς
551 2171 642 2197 αὐτόθι
657 2171 764 2207 χωρίοις
777 2172 958 2206 συμπαρεῖναι

173 2215 260 2252 αὐτῷ,
277 2218 323 2244 καὶ
337 2219 369 2252 τῇ
385 2216 438 2244 τῶν
452 2217 544 2243 αὐτόθι
561 2217 652 2252 ψυχῶν
669 2217 808 2252 συνεργεῖν
826 2216 957 2252 σωτηρίᾳ,

1021 297 1169 324 ominosam
1185 303 1280 331 putant
1296 306 1325 326 se
1349 296 1455 332 videre.
1480 309 1522 329 me
1548 302 1801 337 subsannaverunt,

1021 345 1122 368 tantum
1134 342 1277 370 adversum
1299 352 1342 372 ure
1363 345 1510 377 irrisionis,
1529 351 1689 382 tantumque
1712 349 1803 376 detra-

1019 388 1274 422 ctionisjactautes,
1292 395 1321 417 ut
1341 391 1375 418 de
1402 399 1445 419 me
1460 400 1513 420 non
1542 394 1622 420 modo
1651 396 1802 430 cogitantes

1018 435 1248 463 ratiocinarcntur
1274 437 1418 473 animoque
1435 444 1575 466 versarent
1603 441 1706 467 nefaria
1722 462 1729 472 ,
1754 443 1802 469 sed

1019 478 1151 514 intrepide
1160 489 1267 516 quoque
1282 481 1458 517 loquerentur
1469 487 1495 511 et
1507 484 1594 518 palam
1615 486 1800 518 enuntiarent,

1020 533 1029 549 ι
1040 525 1170 559 siquidem
1183 526 1263 553 locuti
1273 531 1335 554 sunt
1343 528 1420 555 labiis
1427 533 1453 555 'et
1460 533 1601 556 moverunt
1609 535 1699 564 caput,
1709 532 1800 559 dicen-

1017 573 1074 597 tes:
1089 570 1165 606 501
1179 571 1465 606 Spei-avitinDomin‘o,
1475 575 1669 610 eripiateum,»
1688 580 1714 603 et
1729 586 1800 604 nunc

1017 615 1109 650 igitur,
1126 622 1154 643 ut
1170 617 1304 650 dicebam,
1322 626 1382 645 cum
1400 620 1461 646 laba
1483 625 1526 647 me
1548 621 1799 653 circumsteterunt.

1016 665 1043 687 te
1056 659 1162 687 Patrem
1179 669 1279 693 meum,
1296 663 1341 697 qui
1359 664 1501 691 cxtraxisti
1517 672 1559 692 me
1580 665 1612 692 de
1627 672 1720 694 ventre
1744 675 1801 694 ma-

1015 706 1065 732 tris
1081 714 1156 738 "1033,
1171 707 1197 733 in
1214 715 1294 742 quem
1311 708 1449 743 projectus
1464 718 1524 737 sum
1546 718 1579 738 ex
1597 715 1684 741 utero.
1702 712 1729 739 in
1744 720 1800 747 quo

1016 752 1124 786 speravi
1154 752 1187 779 ab
1207 753 1349 786 uberibus,
1371 755 1419 789 qui
1441 756 1521 782 etiam
1540 757 1573 784 de
1593 762 1687 785 ventre
1704 759 1799 787 matris

1015 804 1083 824 mea:
1097 798 1205 832 agnitus
1221 807 1250 826 es
1267 799 1343 830 mibi,
1362 805 1388 827 et
1410 801 1519 828 interim
1542 804 1698 837 agnoscet-is
1715 804 1796 837 Deus,

1015 846 1127 879 supplex
1143 852 1190 872 oro
1205 853 1236 872 ac
1252 853 1348 881 precor
1368 857 1377 872 ι
1390 854 1424 875 ne
1439 848 1550 876 recedas
1563 856 1577 875 a
1599 857 1650 881 me,
1669 851 1798 885 quoniam

1015 890 1042 917 in
1063 892 1186 925 proximo
1210 896 1252 920 est
1268 892 1404 920 amictio.)
1432 893 1513 921 Venit
1533 895 1616 927 enim,
1645 896 1743 931 inquit.
1771 901 1799 924 et

1016 941 1117 969 quanta
1141 937 1261 963 nondum
1285 937 1409 969 antehac.
1444 938 1521 965 adest
1543 942 1627 973 atque
1652 941 1799 975 appropin-

1015 986 1090 1016 quat,
1107 989 1166 1016 qua:
1181 983 1387 1017 comprehendit
1404 983 1471 1018 jam,
1489 990 1515 1011 et
1529 984 1594 1011 mihi
1611 985 1694 1012 instat
1708 990 1798 1013 extre-

1016 1035 1059 1054 ma
1086 1028 1207 1054 omnium
1236 1029 1388 1056 immodicae
1418 1037 1485 1056 mere
1517 1030 1671 1058 aﬂlictionis
1698 1033 1795 1060 nubes.

1014 1072 1107 1108 Neque
1122 1074 1194 1100 enim
1217 1082 1265 1109 ego
1294 1082 1342 1109 per
1365 1074 1535 1102 alliictionem
1551 1076 1622 1103 banc
1649 1085 1708 1111 qua:
1725 1085 1797 1104 nunc

1015 1125 1058 1144 me
1086 1118 1254 1150 circumstat,
1282 1127 1390 1147 crucem
1430 1121 1514 1155 ipsam
1546 1120 1677 1156 intelligo.
1708 1130 1796 1157 neque

1013 1163 1113 1197 probra
1130 1171 1162 1190 ex
1179 1164 1345 1196 hominibus,
1366 1173 1455 1200 ireque
1479 1166 1605 1198 ludibria,
1630 1175 1716 1201 neque
1731 1175 1796 1194 vero

1014 1217 1045 1236 ea
1060 1217 1119 1244 quae
1132 1215 1194 1237 ante
1206 1218 1314 1237 crucem
1331 1211 1396 1237 mibi
1412 1211 1580 1243 acciderunt,
1593 1211 1708 1247 ﬂagella.
1728 1221 1795 1239 con-

1013 1255 1139 1282 tumelias
1155 1259 1182 1282 ct
1208 1256 1261 1282 alia
1285 1264 1455 1290 quaecunque
1479 1256 1637 1284 debacebali
1651 1262 1714 1284 sunt
1729 1265 1795 1285 con-

1014 1304 1055 1327 tru
1067 1309 1109 1328 me
1127 1301 1173 1327 lilii
1196 1301 1347 1332 hominum,
1376 1302 1423 1329 sed
1449 1302 1526 1329 video
1546 1307 1607 1336 post
1630 1303 1794 1331 solutionem

1013 1346 1136 1379 corporis
1152 1346 1178 1371 in
1195 1346 1252 1380 ipsa
1266 1349 1353 1372 morte
1377 1350 1404 1372 et
1420 1346 1453 1373 ad
1471 1346 1573 1374 inferos
1590 1346 1724 1374 descensu
1746 1356 1795 1383 ap-

1012 1391 1236 1425 propinquantem
1264 1391 1480 1419 advcrsariarum
1502 1398 1528 1419 et
1543 1392 1717 1420 inimicorum
1740 1394 1795 1421 Deo

1013 1439 1177 1469 potestatum
1203 1436 1362 1464 insolentem
1380 1437 1521 1472 impetum.
1548 1438 1718 1474 Quapropter
1733 1438 1794 1466 (lien

1012 1481 1182 1509 alliictionem
1206 1483 1232 1508 iu
1253 1483 1376 1516 proximo
1393 1491 1464 1514 esse,
1497 1493 1506 1508 ι
1521 1485 1650 1518 quoniam
1670 1493 1724 1512 non
1751 1491 1794 1513 est

1011 1527 1058 1562 qui
1079 1528 1196 1560 adjuvet.
1215 1537 1224 1552 ι
1237 1527 1290 1560 Qui
1302 1529 1373 1555 enim
1391 1528 1447 1555 ﬁeri
1464 1532 1562 1563 potest.
1579 1534 1608 1556 ut
1625 1537 1678 1556 non
1701 1529 1796 1557 inuno-

1013 1571 1074 1598 dica
1093 1576 1120 1597 et
1145 1572 1261 1598 maxima
1288 1573 1345 1606 ipsa
1373 1573 1418 1599 illa
1442 1573 1524 1601 fuerit
1545 1575 1664 1606 afﬂictio.
1692 1577 1718 1602 in
1739 1584 1794 1611 qua

1012 1624 1065 1642 non
1083 1616 1164 1643 fuerit
1183 1617 1227 1651 qui
1247 1617 1388 1650 adiuvaret
1400 1618 1412 1644 ?
1423 1619 1468 1646 ille
1481 1620 1552 1647 enim
1568 1629 1618 1655 pro
1630 1629 1723 1648 earum
1738 1623 1793 1649 ani-

1010 1670 1115 1689 marum
1129 1663 1216 1690 salute
1234 1664 1389 1695 accedebat,
1406 1673 1465 1699 quze
1479 1666 1550 1700 apud
1568 1667 1670 1694 inferos
1682 1675 1713 1694 ex
1731 1669 1791 1695 lon—

1009 1709 1120 1743 gissimo
1149 1715 1269 1744 tempore
1296 1710 1440 1738 adventum
1470 1711 1530 1746 ejus
1546 1714 1747 1747 exspectabant,
1766 1718 1794 1741 et

1010 1754 1191 1782 descendebat
1220 1755 1293 1784 fores
1319 1766 1404 1786 aereas
1424 1759 1603 1790 contrilurus,
1615 1763 1641 1786 et
1654 1764 1745 1787 vectes
1756 1768 1794 1786 aa-

1011 1807 1072 1828 I‘EOS
1085 1802 1287 1835 conlracturus,
1303 1809 1330 1830 et
1341 1811 1399 1835 eos.
1411 1804 1457 1839 qui
1467 1809 1545 1831 antea
1555 1806 1636 1832 vincti
1645 1806 1715 1840 apud
1727 1806 1794 1833 iule-

1010 1855 1054 1874 ros
1070 1851 1157 1878 erant.
1174 1848 1200 1874 in
1217 1848 1367 1877 libertatem
1389 1850 1587 1882 vindicaturus,
1606 1851 1685 1885 ‘quod
1703 1852 1791 1885 ipsum

1010 1893 1090 1919 etiam
1121 1895 1221 1920 factum
1241 1899 1292 1925 est.
1308 1895 1418 1930 quando
1441 1897 1525 1923 multa
1551 1904 1666 1932 corpora
1695 1906 1791 1925 eorum

1010 1940 1054 1973 qui
1080 1939 1248 1967 dormieraut
1275 1946 1432 1969 sanctorum
1457 1944 1608 1977 surgentia.
1627 1944 1707 1971 simul
1729 1952 1791 1971 cum

1010 1992 1042 2012 eo
1059 1986 1180 2020 ingressa
1202 1991 1266 2014 sunt
1291 1987 1319 2014 in
1346 1995 1407 2015 vere
1427 1992 1549 2015 Sanctam
1571 1988 1618 2015 Dei
1643 1989 1791 2022 civitatem,

1011 2032 1187 2060 adversantes
1202 2038 1265 2060 vero
1277 2037 1425 2068 potestates
1438 2038 1466 2060 ut
1480 2034 1636 2061 hominibus
1649 2039 1791 2065 nocerent.

1009 2082 1103 2104 contra
1131 2078 1207 2105 illum
1225 2079 1302 2114 quasi
1331 2079 1358 2105 in
1377 2079 1434 2106 acie
1463 2080 1619 2112 veniebant,
1644 2087 1791 2107 mmrorem

1009 2130 1063 2149 non
1078 2130 1189 2157 parvum
1205 2128 1285 2158 atque
1295 2123 1466 2150 alliictionem
1478 2125 1514 2150 illi
1526 2125 1681 2156 all'crentcs.
1692 2125 1792 2160 quippe

1009 2167 1055 2201 qui
1076 2168 1157 2194 etiam
1182 2168 1242 2196 illas
1269 2168 1351 2194 nimia
1373 2168 1494 2194 bonitate
1512 2167 1632 2195 deﬁeret.
1657 2167 1790 2195 Cmterum

1010 2213 1120 2240 attende
1147 2222 1292 2248 quemnam
1318 2212 1345 2241 in
1370 2214 1480 2240 modotu
1511 2218 1610 2241 cuncta
1639 2214 1696 2241 haec
1718 2214 1791 2240 dicta

173 2263 287 2296 εἰκότως
305 2264 395 2298 φησίν·
415 2273 425 2289 ‹
446 2264 506 2290 Ὅτι
522 2263 609 2297 θλίψις
623 2264 714 2297 ἐγγυς,
730 2263 770 2289 ὃτι
787 2263 836 2289 οὐκ
852 2262 924 2289 ἔστιν
943 2263 957 2288 6
974 2262 994 2288 D

974 2262 994 2288 D
1010 2260 1076 2293 sint,
1094 2261 1171 2295 quasi
1186 2269 1217 2287 ex
1238 2268 1353 2295 persona
1369 2260 1429 2293 ejus
1444 2259 1489 2294 qui
1502 2261 1528 2286 in
1539 2265 1624 2287 -utero
1645 2261 1678 2287 sit
1701 2264 1790 2294 gesta-

174 2307 291 2343 βοηθῶν,
302 2318 312 2334 ι
325 2309 382 2340 ἐνὸς
395 2309 475 2344 μόνου
489 2307 535 2334 τοῦ
549 2309 657 2335 κάκεῖσε
675 2307 781 2343 βοηθεῖν
792 2307 866 2343 αὶτῷ
879 2307 958 2334 δυνα-

174 2354 268 2390 μένου,
286 2354 507 2386 καταλελοιπότος
521 2354 610 2385 αὐτὸν,
627 2354 664 2385 ὡς
675 2353 707 2380 ἂν
719 2355 757 2385 είς
773 2354 875 2385 πάντας
890 2354 957 2380 ἁνα-

172 2399 323 2435 κηρυχθείη
343 2399 373 2426 τὸ
394 2399 517 2436 λαμπρὸν
538 2400 584 2427 καὶ
602 2399 738 2436 ἐξαίρετον
754 2399 802 2435 τῆς
822 2399 888 2430 ἰδίας
908 2400 957 2426 αὺ-

172 2445 222 2478 τοῦ
238 2446 431 2481 προαιρέσεως,
455 2446 504 2481 τῆς
527 2453 557 2472 τε
580 2445 649 2473 κατὰ
674 2445 781 2472 πάντων
800 2445 888 2480 νίκης.
903 2446 959 2473 Καὶ

173 2491 324 2527 ιπειδὴπερ
349 2491 364 2517 ὸ
390 2490 469 2526 μόνος
498 2490 572 2525 αὐτῷ
597 2490 701 2525 βοηθεῖν
724 2490 878 2526 ’δυνάμενος
910 2492 959 2518 οὐκ

172 2535 210 2573 ἦν
227 2536 302 2572 αὐτῷ
321 2536 382 2563 τότε
405 2535 511 2572 βοηθὸς,
532 2535 643 2567 εἰκότως
660 2535 808 2571 ἀρχόμενος
825 2535 902 2571 ἔλεγε
917 2537 957 2568 τὸ,

176 2582 292 2614 οἮλεὶ,
324 2581 414 2614 Ἠλεὶ,
443 2582 540 2617 λαμμᾶ
568 2581 735 2616 σαϐαχθανὶ,
748 2591 758 2607 ›
786 2581 859 2609 τοῦτ’
884 2582 956 2609 ἐστι·

177 2639 188 2656 ε
199 2629 253 2656 θεέ
267 2637 333 2664 μου,
354 2628 404 2656 Θεέ
419 2637 488 2664 μου,
505 2628 549 2655 ἵνα
561 2627 586 2655 τί
604 2627 780 2662 ἐγκατέλιπές
804 2637 852 2663 με;
867 2639 875 2654 ν
895 2629 959 2655 συ).-

174 2672 372 2710 Mavortiam
402 2673 453 2708 μὲν
474 2670 520 2699 οὖν
546 2673 593 2699 καὶ
614 2672 824 2708 κυοφορουμὲνῳ
842 2673 895 2700 ὑπὸ
909 2673 959 2707 τῆς

175 2719 258 2754 ἐνίας
280 2718 477 2756 Παρθένουτῷ
494 2718 648 2754 δηλουμένῳ
667 2720 683 2754 ὴ
711 2719 830 2754 πατρικὴ
846 2719 959 2754 δύναμις

176 2766 279 2801 συνῆν,
304 2766 349 2792 ὅτε
367 2763 479 2799 Πνεῦμα
496 2764 572 2798 ἅγιον
586 2764 687 2799 ἐπῆλθε
700 2765 733 2800 τῇ
751 2764 893 2800 Παρθένῳ,
912 2765 958 2790 καὶ

174 2810 288 2846 δύναμις
310 2810 437 2846 Ὑψίστου
451 2811 614 2838 ἐπεσκίασεν
632 2811 716 2845 αὐτῇ,
734 2809 814 2842 αὐτός
828 2818 856 2836 τε
875 2810 890 2835 6
901 2810 957 2836 Πα-

174 2858 228 2894 τὴρ
241 2858 288 2884 τδν
303 2857 469 2893 γεννώμενον
480 2878 487 2890 ,
504 2858 542 2889 ὠς
565 2858 579 2883 6
600 2857 676 2891 λόγος
697 2857 864 2892 παρέστησεν
875 2877 882 2884 .
906 2855 959 2882 ἀπὸ

175 2904 225 2939 τῆς
242 2904 360 2939 γαστρδς
378 2903 524 2936 ἐξέσπασεν
536 2911 543 2917 ·
574 2902 755 2937 ἀποδυομένου
775 2901 801 2925 δὲ
818 2899 893 2936 παρὰ
913 2900 958 2926 τὸν

335 2953 468 2982 Parnm.
492 2952 550 2981 GI.
567 2952 668 2982 XXII.

1009 2309 1063 2338 tus,
1081 2311 1108 2334 et
1119 2307 1152 2333 de
1166 2310 1260 2333 ventre
1276 2306 1371 2332 matris
1385 2309 1474 2337 natus,
1491 2311 1519 2332 et
1535 2313 1614 2340 quem
1632 2305 1791 2332 dicebamus

1009 2360 1071 2379 esse
1095 2353 1200 2386 Agnum
1227 2351 1283 2379 Dei.
1314 2351 1382 2378 Huic
1398 2352 1468 2378 enim
1497 2352 1550 2386 ipsi
1576 2352 1613 2378 ita
1633 2350 1792 2377 acciderunt

1010 2405 1070 2432 quae
1094 2398 1126 2424 ad
1148 2397 1302 2432 passionem
1325 2401 1460 2432 spectant,
1482 2396 1710 2431 quemadmodum
1731 2403 1792 2429 quae

1011 2443 1045 2470 ad
1061 2447 1151 2470 ortum
1168 2443 1195 2469 in
1215 2449 1330 2477 corpore
1346 2442 1561 2469 conveniebant:
1580 2449 1643 2468 nam
1657 2441 1728 2475 quod
1741 2447 1789 2467 or-

1011 2493 1067 2516 tum
1084 2492 1135 2519 est,
1157 2488 1184 2515 id
1199 2488 1280 2514 etiam
1299 2487 1421 2521 occidit;
1436 2486 1508 2522 quod
1525 2494 1588 2514 vero
1602 2486 1713 2518 occidit,
1736 2493 1790 2513 non

1011 2533 1078 2559 alias
1093 2536 1208 2560 mortem
1230 2532 1374 2566 contingit,
1402 2538 1483 2566 quam
1508 2532 1530 2558 si
1547 2531 1623 2565 prius
1637 2537 1685 2565 per
1701 2534 1790 2557 ortum

1011 2579 1163 2613 ingressum
1183 2578 1228 2605 sit.
1253 2577 1316 2605 llaec
1330 2578 1412 2612 igitur
1428 2578 1540 2612 exponit
1555 2577 1679 2603 Salvator
1693 2583 1725 2603 ac
1739 2575 1791 2603 Do-

1009 2626 1102 2652 minus
1120 2629 1224 2656 noster,
1243 2632 1297 2651 non
1316 2629 1449 2659 quatenus
1466 2627 1492 2650 et
1508 2623 1599 2650 carnis
1622 2626 1648 2648 et
1669 2623 1792 2655 corporis

1009 2679 1107 2705 expers
1129 2675 1188 2698 erat
1214 2675 1323 2701 natura.
1341 2678 1428 2705 neque
1448 2674 1583 2704 quatenus
1606 2668 1653 2696 Dei
1673 2667 1791 2695 Verbum

1010 2716 1136 2751 Deusque
1162 2717 1230 2751 ipset
1249 2716 1417 2748 intelligitur,
1440 2715 1487 2743 sed
1517 2719 1652 2749 quatenus
1674 2713 1791 2740 idoneus

1009 2765 1069 2788 erat
1083 2762 1109 2787 iu
1125 2762 1248 2788 oratione
1260 2762 1293 2787 ad
1309 2761 1413 2788 Patrem
1429 2761 1533 2788 dicere:
1545 2761 1624 2796 502
1636 2769 1643 2783 ι
1657 2759 1791 2792 Quoniam

1010 2813 1038 2834 tu
1068 2816 1099 2836 es
1127 2809 1173 2843 qui
1194 2808 1337 2835 extraxisti
1366 2816 1408 2835 me
1426 2808 1459 2835 de
1473 2812 1578 2838 ventre.
1596 2815 1658 2840 spes
1684 2814 1743 2835 mea
1759 2810 1792 2832 ab

1011 2854 1141 2881 uberibus
1170 2854 1265 2880 matris
1296 2861 1372 2880 mem.
1404 2852 1432 2880 ln
1460 2858 1487 2881 te
1511 2854 1648 2888 projectus
1673 2860 1733 2879 sum
1759 2859 1791 2879 ex

1011 2905 1097 2926 utero.
1119 2899 1153 2925 Ε(
1172 2904 1264 2926 ventre
1282 2899 1376 2925 matris
1397 2908 1462 2926 mea
1487 2900 1557 2927 Deus
1580 2907 1657 2926 nurus
1679 2907 1709 2925 es
1733 2901 1790 2925 ιυη

1618 2946 1654 2977 25
