2099 3217
324 194 378 223 765

675 193 810 222 EUSEBII
828 193 1069 222 CESABIENSIS
1087 193 1164 223 OPP.
1185 193 1275 222 PARS
1289 194 1322 222 ll.
1341 210 1375 216 -—
1389 193 1637 223 APOLOGETICA.

1888 194 1939 223 ΊΕΙ

324 253 371 281 illa
386 254 560 287 conveniant,
571 256 669 288 praeter
684 261 768 280 unum
787 253 955 281 Salvatorem
969 257 1104 286 nostrum,
1120 255 1144 283 Δ

1120 255 1144 283 Δ
1163 253 1254 281 Ἠλίαν
1276 255 1369 288 φωνιῖ,
1386 263 1395 280 ι
1412 255 1479 290 Φέρε
1491 255 1523 290 δὴ
1534 252 1580 281 οὖν
1590 254 1701 286 ,τούτοις
1716 254 1867 287 ἀκολούθως
1879 256 1937 283 raw—

323 301 371 336 qui
397 301 518 329 omnium
538 304 565 328 et
586 300 742 328 ﬁdelissime
766 304 794 328 et
822 300 964 328 verissime
992 299 1106 335 hujusce

324 347 421 382 psalmi
436 354 516 374 voces
531 347 558 373 in
578 354 655 374 suam
671 354 814 381 personam
831 346 992 381 assumpsit,
1012 354 1107 381 quem-

323 392 468 419 admodum
487 393 671 426 ‘evangelistm
698 391 833 419 testificati
860 396 934 419 sunt.
965 392 1105 421 Matthreus

323 437 431 472 quidem
447 438 500 465 illis
515 437 605 464 verbis
630 445 690 472 quae
712 441 791 464 antea
819 438 974 465 retulimus.
999 438 1105 466 Marcus

323 487 414 510 autem
440 482 474 510 iis
501 482 599 517 quibus
624 483 706 509 etiam
728 482 782 515 ille,
799 487 892 518 utpote
907 484 954 518 qui
981 485 1007 510 in
1032 484 1105 511 hunc

323 528 433 556 modum
445 531 536 556 narret
550 537 556 555 :
572 537 581 554 ι
600 527 633 554 Et
644 527 714 556 facta
725 528 791 556 hora
810 533 885 556 sexta
900 530 1018 557 tenebrae
1028 530 1106 557 factm

324 577 389 600 sunt
401 581 483 608 super
497 577 579 601 totam
596 578 696 601 terram
715 582 802 610 usque
828 575 860 602 ad
885 575 978 602 horam
995 583 1104 603 nonam.

323 618 357 646 Et
368 619 435 647 hora
449 627 521 647 nona
535 620 695 647 exclamavit
704 619 784 648 Iesus
796 628 863 648 voca
879 629 974 656 magna
991 622 1085 649 dicens
1097 631 1103 649 :

323 663 376 698 Eli,
388 664 439 697 Eli,
451 665 551 692 lamma
568 664 758 698 sabachthani,
777 665 850 700 quod
867 670 909 693 est
926 674 958 693 ex
971 666 1104 701 interpre-

323 711 426 739 tatione
439 720 446 739 :
460 711 542 744 Deus,
560 711 632 740 Deus
642 719 730 745 meus,
744 711 777 739 ad
791 712 856 747 quid
865 712 1033 746 dereliquisti
1046 712 1106 740 me?

322 756 357 785 Et
384 757 496 793 quidam
520 766 553 785 ex
569 758 743 786 audientibus
770 758 922 786 dicebant:
948 757 1035 785 Elian)
1055 766 1104 786 vo-

323 805 368 829 cat
381 801 416 829 ⁸¹.
433 811 443 827 ι
455 802 511 837 Age
525 802 608 837 igitur
629 803 744 838 posthac
760 803 821 838 ipso
842 803 936 830 ordine
954 803 1104 836 videamus,

322 855 377 882 qua
389 847 495 875 ratione
512 855 544 875 ea
556 855 616 883 qua:
628 848 657 876 in
675 849 726 877 hoc
748 849 854 884 psalmo
870 849 1054 883 continentur,
1071 850 1104 877 ad

323 893 400 920 illum
425 893 566 921 referenda
593 894 658 922 sint.
688 894 727 922 Ac
750 895 868 930 primum
899 895 1106 931 inscriptionem

323 937 411 973 ipsam
422 942 580 972 tractemus,
592 947 652 975 quae
661 940 724 967 talis
738 944 781 968 est
798 950 804 968 :
823 950 833 966 ι
853 941 881 967 in
897 940 976 968 ﬁnem
992 941 1025 973 ⁸ο,
1041 951 1050 967 ι
1064 943 1106 970 vel

322 986 548 1020 quemadmodum
558 987 655 1021 Aquila
672 986 776 1015 edidit:
792 996 801 1013 ι
823 987 944 1014 victoria:
960 988 1076 1020 auctori,
1094 997 1103 1014 ι

322 1031 366 1060 vel
388 1033 470 1060 etiam
493 1036 523 1059 ut
540 1031 721 1068 Symmachus
747 1041 755 1060 :
785 1042 795 1059 ι
826 1032 860 1060 ad
886 1033 1026 1061 victoriam
1056 1042 1106 1070 pro

322 1079 507 1114 susceptione.
522 1089 531 1106 ι
549 1079 612 1107 llaec
625 1087 691 1107 sane
705 1078 786 1107 nobis
807 1080 919 1107 veniunt
934 1080 963 1106 in
975 1084 1105 1113 mentem,

323 1129 466 1161 propterea
489 1126 560 1161 quod
586 1127 716 1154 salutaris
743 1127 789 1154 illa
817 1127 920 1162 passio,
948 1130 978 1154 ut
1003 1127 1106 1162 scripta

321 1171 551 1206 evangelistarum
565 1171 765 1204 demonstrant,
782 1171 901 1207 perfecta
927 1175 967 1199 est
997 1172 1106 1200 circiter

322 1216 418 1244 horam
429 1224 547 1251 ,nonam,
566 1218 645 1246 l'actis
663 1218 720 1252 jam
743 1218 873 1250 tenebris,
890 1218 924 1245 ab
938 1219 1004 1245 hora
1030 1223 1105 1246 sexta

322 1271 410 1298 usque
438 1264 472 1291 ad
498 1264 593 1291 horam
621 1271 732 1296 nonam,
760 1270 812 1298 qua
837 1271 903 1291 sane
931 1264 997 1291 hora
1023 1265 1105 1291 etiam

322 1317 416 1337 vocem
430 1317 555 1344 magnam
571 1310 671 1342 emisit,
686 1313 713 1336 et
729 1317 760 1337 ea
776 1318 836 1344 quae
848 1310 929 1345 paulo
950 1315 1012 1338 ante
1036 1311 1098 1338 reci-

321 1355 451 1388 tavimus,
474 1355 596 1393 protulit,
619 1359 649 1382 ut
665 1355 743 1390 plane
766 1356 801 1383 sit
818 1356 1016 1388 conﬁtendum,
1033 1357 1106 1385 illius

322 1400 478 1435 passionem
496 1400 528 1426 ad
545 1407 685 1434 vesperam
699 1403 779 1427 nocte
789 1400 951 1428 adventante
967 1400 1060 1428 fuisse.
1073 1401 1106 1428 At

322 1445 428 1472 reditus
440 1444 562 1478 ejusdem
579 1451 594 1470 a
609 1444 803 1479 mortuis,quze
813 1444 864 1472 fuit
873 1446 1009 1481 susceptio
1020 1447 1106 1480 patris

322 1491 400 1518 illum
427 1489 612 1524 suscipientis,
635 1494 662 1517 et
685 1490 718 1516 ad
747 1490 866 1525 scipsum
893 1498 927 1518 ex
949 1492 1106 1526 regionibus

323 1534 420 1563 mortis
432 1535 599 1563 adtrahentis
609 1539 690 1570 atque
701 1537 878 1568 assumentis,
891 1536 963 1564 circa
979 1545 1105 1565 auroram

324 1580 385 1613 fuit,
402 1579 631 1615 quemadmodum
658 1588 755 1608 rursus
779 1582 1007 1616 evangelistarum
1029 1584 1106 1610 testi-
1120 1594 1140 1622 ρ

323 1627 417 1654 monio
431 1626 617 1655 conﬁrmatur.
632 1626 771 1662 Siquidem
787 1627 875 1654 Lucas
891 1628 947 1655 haec
959 1629 997 1655 ait
1010 1639 1015 1656 :
1026 1638 1035 1654 ι
1047 1629 1106 1656 Una

324 1678 415 1700 autem
429 1672 607 1700 Sabbatorum
622 1673 700 1701 valde
715 1673 835 1700 diluculo
850 1678 984 1701 venerunt
999 1674 1033 1703 ad
1052 1683 1108 1702 mo-

325 1723 486 1746 numentum
510 1719 639 1749 ferentes.
662 1727 721 1754 qua:
747 1724 910 1754 paraverant
931 1725 1071 1753 aromata,
1095 1731 1105 1747 ι

323 1764 406 1801 ωδ
421 1765 547 1792 mulieres
559 1765 685 1792 videlicet
702 1769 729 1792 et
745 1765 870 1792 nonnulli
888 1774 950 1793 cum
961 1766 1019 1799 eis;
1037 1777 1046 1792 ι
1066 1767 1108 1794 in-

324 1816 455 1840 venerunt
467 1815 556 1838 autem
572 1811 687 1846 lapidem
704 1811 856 1838 revolutum
871 1820 887 1838 a
908 1817 1082 1840 monumento
1099 1822 1105 1840 :

324 1861 352 1885 et
365 1857 495 1892 ingressa:
511 1864 565 1883 non
589 1856 751 1883 invenerunt
766 1863 867 1891 corpus
882 1857 917 1888 '°,
935 1867 945 1883 ι
965 1863 1108 1892 propterea

325 1902 399 1938 quod
412 1902 467 1936 jam
483 1905 540 1929 tum
556 1901 680 1929 Salvator
695 1906 788 1929 noster
802 1909 817 1928 a
834 1906 922 1930 morte
937 1907 996 1930 erat
1005 1903 1109 1930 excita-

325 1951 381 1975 tus.
408 1945 465 1974 Hoc
484 1954 550 1974 vero
574 1947 663 1982 ipsum
680 1947 788 1974 Marcus
806 1955 914 1983 quoque
928 1948 1047 1976 ostendit
1068 1949 1108 1976 sic

326 1993 422 2020 dicens
439 2001 446 2019 :
462 2001 471 2018 ι
491 1991 524 2019 Et
540 1992 618 2020 valde
638 2000 718 2020 mane
732 2001 786 2020 una
803 1993 983 2021 Sabbatorum
996 1995 1108 2021 veniunt

327 2037 361 2066 ad
374 2042 589 2069 monumentum,
606 2043 665 2064 orto
677 2037 732 2072 jam
748 2039 815 2071 sole,
829 2042 855 2066 et
879 2039 1005 2066 dicebant
1028 2040 1061 2066 ad
1079 2048 1108 2067 se

327 2083 444 2111 invicem
462 2093 468 2110 :
483 2082 550 2116 Quis
563 2091 604 2110 rev
611 2083 682 2110 olvct
697 2083 776 2111 nobis
788 2083 903 2118 lapidem
916 2085 950 2111 ab
964 2085 1034 2112 ostio
1051 2093 1107 2111 mo-

326 2129 468 2157 numenti?
482 2133 541 2157 crat
559 2130 659 2164 quippe
685 2137 799 2165 magnus
819 2130 896 2157 valde
913 2139 920 2156 :
935 2134 962 2157 et
986 2131 1106 2162 veniunt,

325 2180 353 2203 et
371 2175 512 2203 inveniunt
537 2183 599 2203 eum
626 2176 776 2203 revolutum
791 2176 824 2203 Μ.
843 2185 853 2201 ι
872 2176 936 2202 Erat
949 2181 1037 2203 autem
1052 2177 1108 2210 jam

326 2227 383 2249 tum
399 2222 542 2250 excitatus.
564 2221 652 2249 [labes
669 2222 738 2257 apud
766 2220 896 2248 Joannem
911 2229 1019 2255 quoque
1038 2221 1108 2248 idem

326 2270 512 2297 testimonium
525 2269 574 2296 hoc
589 2269 670 2297 modo
685 2279 692 2296 :
710 2279 719 2295 ι
739 2267 798 2296 Una
818 2274 907 2295 autem
926 2267 1106 2295 Sabbatorum

326 2315 400 2342 venit
415 2313 500 2341 Maria
508 2313 664 2349 Magdalene
675 2322 753 2341 mane
768 2314 800 2340 ad
816 2316 1031 2344 monumentum,
1044 2321 1106 2340 cum

326 2359 415 2386 adhuc
429 2359 550 2386 tenebrae
575 2363 677 2390 essent,
695 2362 722 2386 et
741 2359 815 2385 videt
831 2358 948 2393 lapidem
971 2359 1106 2386 sublatum

326 2412 342 2432 a
365 2409 541 2432 monumento
556 2406 590 2433 9'.
613 2415 622 2431 ι
640 2405 782 2432 Μτιιιὴῖιξυε
793 2413 911 2440 quoque,
924 2406 1031 2432 tametsi
1046 2413 1109 2433 sero

327 2450 518 2484 Sabbatorum,
527 2451 606 2483 dixit,
616 2455 734 2478 attamen
750 2452 873 2486 adiungit
884 2462 889 2479 ε
902 2462 911 2477 ι
929 2451 966 2478 Ea
977 2459 1037 2486 quae
1046 2452 1108 2478 illu—

326 2498 411 2526 cescit
425 2498 453 2525 in
469 2505 551 2524 unam
568 2497 760 2529 Sabbatorum,
773 2498 846 2524 venit
870 2497 952 2525 Maria
973 2497 1108 2533 Magdale-

326 2550 371 2574 ne,
385 2546 411 2569 et
429 2542 482 2569 alia
497 2541 580 2569 Maria
603 2543 694 2570 videre
712 2542 879 2577 sepulcrum,
898 2546 924 2570 et
937 2550 1001 2570 ecce
1015 2547 1108 2570 terrae-

325 2593 416 2617 motus
434 2588 522 2615 factus
547 2593 589 2616 est
610 2596 735 2623 magnus.
761 2588 879 2623 Angelus
901 2588 972 2615 enim
1001 2588 1107 2615 Domini

325 2635 494 2663 descendens
516 2635 550 2662 de
565 2635 634 2662 coelo
661 2635 789 2666 accessit,
805 2638 832 2661 et
855 2634 967 2661 revolvit
989 2634 1106 2669 lapidem

325 2682 360 2709 ab
376 2682 448 2710 ostio
465 2682 642 2709 monumenti.
656 2690 665 2706 ι
681 2680 745 2708 Haec
767 2680 858 2708 addidi
891 2681 1058 2712 necessario,
1078 2684 1106 2707 ut

325 2728 494 2756 ostenderem
517 2735 640 2763 quaenam
658 2728 692 2755 sit
712 2735 755 2760 ea,
770 2735 829 2763 qua:
844 2728 871 2755 in
886 2727 991 2762 psalmo
1009 2727 1107 2762 prazdi~

325 2774 396 2800 citur
411 2775 548 2810 susceptio
558 2774 702 2802 matutina.
728 2774 796 2801 Nam
813 2782 874 2802 cum
903 2774 1038 2809 signiﬁcet
1062 2782 1104 2806 ea,

1158 308 1218 334 μεν,
1231 299 1305 331 ὅπως
1316 301 1357 330 είς
1365 299 1446 326 αὑτὸν
1457 298 1703 335 ἅνενεχθήσεταιτὰ
1715 299 1758 325 διὰ
1771 299 1816 326 τοῦ
1830 300 1938 335 ψαλμοῦ

1156 344 1317 380 δηλούμενα.
1334 346 1387 371 Καὶ
1401 345 1507 380 πρῶτον
1523 353 1554 379 γε
1571 344 1740 380 διαλάῦωμεν
1753 345 1801 380 τὴν
1819 346 1937 379 φάσκου-

1157 399 1206 417 σαν
1219 390 1390 426 προγραφὴν,
1413 400 1422 416 ι
1443 392 1482 422 εἰς
1496 390 1526 417 τὸ
1538 390 1623 422 τέλος,
1642 400 1650 416 ι
1669 391 1696 426 ἢ,
1709 390 1780 417 κατὰ
1795 391 1840 418 τὸν
1860 391 1938 418 Ἀκύ-

1156 435 1215 468 λαν,
1234 445 1243 461 ι
1257 435 1295 470 τῷ
1316 435 1454 470 νικοποιῷ,
1472 445 1481 461 ι
1502 435 1529 470 ἢ.
1544 435 1614 462 κατὰ
1625 435 1670 462 τὸν
1683 435 1838 471 Σύμμαχον,
1856 445 1864 461 ι
1880 436 1939 463 ἐπι-

1156 481 1239 513 νίκιος
1263 481 1333 517 ὑπὲρ
1355 481 1404 516 τῆς
1418 480 1593 517 ἀντιλήψεως.
1609 490 1618 506 ›
1635 480 1716 507 Ταῦθ’
1728 481 1801 516 ἡμᾶς
1816 481 1940 518 ὑπεισέρ-

1156 535 1242 561 χεται,
1259 526 1340 552 ὅτιτὸ
1356 525 1405 561 μὲν
1427 526 1558 562 σαηήριον
1570 525 1664 557 πάθος,
1684 526 1721 557 ὡς
1741 527 1770 552 αὶ
1786 525 1872 559 λέξεις
1885 525 1940 553 τῶν

1156 571 1356 606 εὐαγγελιστῶν
1379 572 1564 607 παρέστησαν,
1587 572 1697 603 σκότους
1722 572 1867 607 γενομένου
1887 571 1940 598 ἀπὺ

1156 618 1230 653 ὥρας
1241 619 1321 654 ἕκτης
1329 617 1380 649 ἓως
1391 616 1464 652 ὥρας
1477 617 1598 652 ὲννάτης,
1616 617 1686 652 ἀμφὶ
1696 617 1745 652 τὴν
1755 617 1868 652 ὲννάτην
1880 625 1941 644 συν-

1155 664 1294 700 ετελέσθη,
1310 664 1354 690 ὅτε
1365 665 1412 690 καὶ
1426 664 1476 699 τὴν
1493 663 1584 698 φωνὴν
1596 663 1685 698 ἀφῆκε
1702 663 1749 698 τὴν
1761 662 1890 699 μεγάλην,
1905 662 1941 690 τὰ

1157 709 1246 745 μικρῷ
1258 708 1374 745 πρόσθεν
1383 709 1553 745 δεδηλωμένα
1562 709 1655 739 είπὼν,
1671 709 1740 735 ὥστε
1754 709 1941 744 ὁμολογεῖσθαι

1157 754 1250 789 σαφῶς
1265 754 1296 781 τὸ
1306 754 1391 786 πάθος
1400 754 1482 781 αὐτοῦ
1501 755 1572 790 ἀμφὶ
1582 754 1630 790 τὴν
1646 755 1764 790 ἑσπέραν
1779 754 1873 786 νυκτὸς
1889 755 1940 782 ἑπ-

1156 800 1267 827 ελαυνοὺ
1271 809 1319 835 σης
1326 799 1517 834 γεγονέναι.Τὰ
1524 800 1551 826 δὲ
1557 801 1605 835 τῆς
1613 801 1645 826 ὲκ
1651 799 1752 835 νεκρῶν
1758 799 1940 832 ἀναστάσεως,

1156 847 1215 882 ἥτις
1230 844 1263 881 ἦν
1277 845 1415 880 ἀντίληψις
1430 845 1477 871 τοῦ
1490 846 1594 880 Πατρὸς
1608 845 1883 881 ἀντιλαμϐανομένου,
1895 846 1942 873 καὶ

1157 893 1197 923 είς
1208 892 1302 918 ἑαυτὸν
1318 893 1349 918 ὲκ
1365 891 1418 918 τῶν
1431 891 1476 918 τοῦ
1492 891 1607 918 θανάτου
1623 892 1727 927 χωρίων
1738 891 1940 926 ἐπισπωμένου,

1157 939 1203 965 καὶ
1214 938 1394 973 λαμϐάνοντος
1404 939 1494 970 αὐτὸν,
1501 939 1571 973 ἀμφὶ
1580 938 1628 973 τὴν
1639 938 1676 964 ἕω
1686 937 1806 971 γέγονεν,
1818 937 1855 969 ὡς
1864 935 1941 968 αὖθις

1157 984 1210 1011 ἀπὸ
1223 985 1272 1019 τῆς
1285 984 1338 1010 τῶν
1355 984 1552 1018 εὑαγγελιστῶν
1566 983 1717 1019 μαρτυρίας
1731 983 1905 1018 παρίσταται.
1913 983 1942 1010 Ὁ

1157 1030 1221 1065 γοῦν
1229 1031 1334 1062 Λουκᾶς
1343 1039 1408 1066 φησι
1417 1040 1423 1045 ·
1437 1041 1445 1056 ι
1452 1031 1490 1066 Τῇ
1501 1031 1529 1057 δὲ
1539 1032 1587 1066 μιᾷ
1595 1030 1649 1057 τῶν
1655 1029 1800 1056 Σαϐϐάτων
1809 1027 1890 1065 ἦλθον
1896 1029 1943 1063 δρα

1157 1075 1221 1112 θρου
1236 1076 1338 1111 βαθέως
1351 1077 1396 1103 ἐπὶ
1411 1077 1441 1103 τὸ
1460 1078 1598 1112 μνημεῖον,
1617 1076 1745 1112 φέρουσαι
1759 1076 1776 1103 ἃ
1791 1076 1941 1111 ἡτοίμασαν

1157 1122 1299 1157 ἀρώματα,
1312 1132 1320 1146 ι
1328 1122 1447 1156 δηλονότι
1459 1123 1487 1148 αἱ
1495 1123 1632 1156 γυναῖκες,
1641 1122 1765 1154 καίτινες
1775 1121 1823 1147 σὺν
1834 1121 1939 1153 αὑταῖς·

1159 1177 1167 1193 ι
1175 1164 1252 1202 εὗρον
1274 1167 1302 1194 δὲ
1314 1168 1360 1194 τὸν
1367 1167 1440 1194 λίθον
1448 1167 1693 1202 ἀποκεκυλισμένον
1704 1168 1736 1193 ἐκ
1743 1166 1789 1193 τοῦ
1797 1166 1940 1202 μνημείουι

1156 1212 1324 1239 εἰσελθοῦσαι
1343 1212 1370 1239 δὲ
1389 1213 1438 1248 οὐχ
1453 1209 1533 1249 εὗρον
1548 1213 1578 1239 τὸ
1596 1212 1685 1247 σῶμα,
1700 1222 1708 1238 ι
1725 1212 1767 1238 διά
1783 1211 1813 1238 τὸ
1829 1212 1878 1247 ἠδη
1895 1211 1941 1238 τον

1157 1258 1271 1294 Σωτῆρα
1288 1258 1365 1293 ἡμῶν
1381 1260 1412 1285 ἐκ
1435 1259 1540 1294 νεκρῶν
1555 1258 1714 1294 ἐγηγέρθαι.
1731 1258 1816 1284 Τοῦτο
1831 1258 1860 1284 δὲ
1876 1257 1941 1284 αὐτὸ

1156 1305 1202 1331 καὶ
1210 1305 1223 1330 ὁ
1234 1305 1344 1340 Μάρκος
1350 1305 1433 1339 δηλοῖ,
1443 1304 1538 1338 λέγων·
1551 1315 1559 1329 ι
1573 1305 1626 1331 Καὶ
1636 1304 1695 1330 λίαν
1707 1304 1778 1339 πρωῒ
1788 1305 1819 1339 τῇ
1829 1304 1878 1339 μιᾷ
1887 1303 1941 1330 τῶν

1156 1348 1301 1375 Σαϐϐάτων
1318 1349 1441 1384 ἔρχονται
1458 1350 1502 1374 ἐπὶ
1518 1349 1547 1374 τὸ
1565 1351 1695 1384 μνημεῖον
1706 1369 1714 1381 ,
1733 1348 1820 1384 Est“)
1835 1349 1941 1375 ἀνατείο

1156 1393 1251 1426 λαντος
1261 1395 1308 1420 τοῦ
1316 1394 1404 1430 ἡλίου,
1419 1395 1465 1421 καὶ
1473 1394 1565 1428 ἔλεγον
1579 1395 1645 1430 πρὸς
1651 1394 1749 1426 ἑαυτάς
1759 1403 1765 1409 ε
1782 1395 1829 1426 Τίς
1837 1395 1940 1421 ἀποκυ-

1156 1440 1218 1476 λίσῃ
1233 1441 1298 1474 ἡμῖν
1314 1441 1358 1466 τὸν
1379 1440 1450 1466 λίθον
1475 1441 1527 1466 ἀπὸ
1549 1441 1598 1475 τῆς
1622 1440 1706 1474 θύρας
1727 1440 1773 1466 τοῦ
1791 1440 1940 1475 μνημείοιη

1155 1484 1189 1521 ἦν
1209 1486 1262 1521 γὰρ
1280 1487 1365 1521 μέγας
1382 1486 1494 1521 σφόδρα.
1519 1487 1682 1522 Ἐρχονται,
1699 1487 1746 1513 καὶ
1770 1486 1940 1522 εὑρίσκουσιν

1156 1532 1237 1558 αὑτὸν
1256 1532 1511 1568 ἀποκεκυλισμένον.
1535 1543 1544 1558 ι
1562 1531 1614 1559 Tliv
1635 1533 1661 1559 δὲ
1679 1533 1728 1568 ἤδη
1747 1533 1939 1568 ἐγηγερμένος.

1160 1577 1250 1612 Ἔχεις
1265 1578 1312 1604 καὶ
1327 1578 1401 1613 παρὰ
1416 1578 1454 1613 τῷ
1476 1579 1586 1614 Ἰωάννῃ
1606 1578 1652 1613 τὴν
1677 1579 1760 1613 αὐτὴν
1774 1578 1939 1614 μαρτυρίαν,

1158 1622 1279 1657 λέγοντι·
1299 1633 1308 1649 ι
1324 1624 1362 1659 Τῇ
1379 1624 1406 1650 δὲ
1422 1626 1470 1660 μιᾷ
1487 1624 1540 1650 τῶν
1556 1624 1701 1651 Σαεὸάτων
1717 1624 1826 1660 ἔρχεται
1846 1625 1940 1660 Μαρία

1158 1671 1175 1706 ἡ
1190 1670 1354 1706 Μαγδαληνὴ
1376 1670 1447 1706 πρωϊ
1460 1671 1499 1702 είς
1515 1670 1545 1696 τὸ
1563 1671 1704 1705 μνημεῖον,
1717 1670 1755 1696 ἔτι
1770 1670 1878 1703 σκοτίας
1894 1670 1939 1697 οὕ-

1159 1724 1220 1751 σης,
1231 1716 1278 1742 καὶ
1290 1716 1383 1751 βλέπει
1397 1715 1443 1742 τὸν
1454 1716 1526 1742 λίθον
1541 1715 1658 1751 ἠρμένον
1671 1717 1703 1742 ὲκ
1719 1716 1765 1742 τοῦ
1781 1717 1938 1752 μνημείου.»

1159 1762 1212 1789 Καὶ
1226 1763 1240 1788 ὁ
1253 1763 1389 1793 Ματθαῐος
1403 1762 1446 1795 δὲ,
1473 1763 1496 1788 εί
1519 1763 1564 1788 καὶ
1584 1762 1633 1797 ὀψὲ
1659 1762 1803 1789 Σαῦϐάτων
1820 1762 1939 1798 εἴρηκεν,

1159 1809 1214 1835 ἀλλ’
1231 1809 1354 1844 ἐπιφέρει
1371 1808 1471 1842 λέγων·
1496 1818 1504 1833 ι
1521 1808 1577 1842 Τῆς
1599 1807 1807 1844 ὲπιφωσκούσης
1822 1809 1862 1840 είς
1878 1808 1941 1843 μίαν

1159 1854 1318 1886 Σαδῦάτων,
1333 1852 1398 1889 ἦλθε
1419 1854 1512 1889 Μαρία
1533 1855 1550 1889 ἡ
1570 1853 1751 1890 Ἀπιαγδαληνὴ,
1766 1854 1812 1881 καὶ
1833 1855 1849 1889 ἡ
1875 1854 1940 1889 ἄλλη

1159 1901 1252 1936 Μαρία
1264 1900 1398 1936 θεωρῆσαι
1412 1900 1456 1926 τὸν
1470 1901 1565 1934 τάφον,
1582 1900 1629 1926 καὶ
1644 1900 1696 1927 ἰδοὺ
1711 1900 1820 1935 σεισμὸς
1835 1900 1942 1934 ἐγένετο

1161 1947 1256 1981 μέγας.
1270 1947 1401 1980 Ἀγγελος
1417 1946 1470 1982 γὰρ
1489 1947 1590 1982 Κυρίου
1602 1967 1609 1979 ,
1626 1946 1747 1978 καταϐὰς
1763 1946 1791 1980 ἐξ
1808 1946 1940 1982 οὐρανοῦ,

1159 1991 1313 2027 προσελθὼν
1332 1991 1479 2018 ἀπεκύλισε
1495 1992 1540 2018 τὸν
1560 1991 1632 2018 λίθον
1653 1992 1706 2018 ἀπὺ
1725 1992 1774 2027 τῆς
1795 1991 1879 2027 θύρας
1894 1991 1941 2018 τοῦ

1162 2038 1302 2073 μνημείου.
1321 2048 1329 2063 ι
1345 2037 1436 2064 Ταῦτα
1451 2038 1479 2064 δὲ
1495 2038 1648 2072 ἀναγκαίως
1663 2037 1820 2073 παρεθέμην
1833 2039 1874 2069 είς
1887 2046 1942 2064 mc

1161 2085 1289 2121 ράστασιν
1302 2083 1351 2118 τῆς
1368 2084 1397 2109 ἐν
1409 2083 1447 2118 τῷ
1458 2083 1556 2118 ψαλμῷ
1574 2083 1814 2119 προφητευομὲνης
1829 2083 1941 2119 ἑωθινῆς

1159 2130 1334 2165 ἀντιλήψεως.
1353 2129 1427 2155 Ἐπεὶ
1443 2129 1496 2164 γὰρ
1515 2130 1548 2156 τὰ
1564 2131 1627 2165 περὶ
1647 2130 1693 2155 τοῦ
1709 2129 1810 2161 πάθους
1825 2129 1873 2156 τοῦ
1887 2130 1942 2157 Σω-

1159 2176 1239 2212 τῆρος
1255 2175 1333 2210 ἡμῶν
1349 2175 1492 2211 σημαίνει,
1509 2175 1538 2201 οὐ
1553 2175 1606 2210 μὴν
1621 2175 1766 2210 κατέληξεν
1780 2176 1796 2211 ἡ
1819 2176 1878 2203 κατ’
1893 2177 1941 2203 αό-

1159 2222 1203 2248 τδν
1219 2222 1357 2257 οἰκονομία
1371 2223 1398 2248 ὲν
1416 2221 1453 2256 τῷ
1470 2221 1560 2253 πάθει,
1572 2221 1646 2253 τέλος
1660 2221 1687 2248 δὲ
1700 2221 1747 2248 τοῦ
1765 2221 1867 2253 πάθους
1880 2223 1897 2257 ἡ
1910 2223 1941 2249 ὲκ

1158 2268 1262 2303 νεκρῶν
1277 2268 1421 2299 ἀνάστασις
1434 2266 1478 2303 ἦν,
1493 2268 1539 2294 καὶ
1553 2269 1570 2302 ὴ
1586 2267 1726 2302 ἀντίληψις
1740 2269 1756 2303 ὴ
1774 2267 1882 2303 ἑωθινὴ,
1904 2269 1942 2294 εί-

1160 2315 1246 2345 κότως
1261 2315 1274 2340 ὁ
1284 2313 1360 2347 λόγος
1376 2313 1414 2348 τῷ
1429 2313 1571 2349 παραδόξῳ
1583 2313 1652 2339 τέλει
1664 2313 1713 2348 τὴν
1725 2313 1835 2348 Γραφὴν
1850 2313 1936 2341 ἀνατί-

1160 2360 1235 2386 θεται
1245 2380 1252 2392 ,
1263 2359 1301 2391 ὡς
1316 2360 1364 2395 τῆς
1389 2359 1540 2391 ὑποθέσεως
1556 2359 1674 2394 ἀπάσης,
1693 2359 1741 2385 καὶ
1756 2359 1811 2385 τῶν
1825 2359 1879 2395 πρὸ
1893 2358 1939 2386 τ.τῦ

1160 2406 1253 2437 τέλους
1278 2405 1446 2441 παθημάτων
1466 2406 1515 2441 τῆς
1538 2408 1569 2432 έκ
1584 2405 1688 2442 νεκρῶν
1705 2405 1878 2437 ἀναστάσεως
1893 2404 1939 2432 καὶ

1158 2453 1207 2487 τῆς
1222 2451 1387 2487 ἀντιλήψεως
1403 2453 1453 2487 τῆς
1477 2452 1589 2487 ἑωθινῆς
1604 2452 1696 2478 ἕνεκεν
1716 2451 1877 2487 γενομένων.
1893 2451 1939 2477 Et-

1159 2499 1217 2525 πὼν
1232 2498 1296 2532 γοῦν
1312 2499 1326 2524 ὁ
1345 2498 1438 2533 Σωτὴρ
1452 2498 1498 2524 καὶ
1512 2498 1613 2533 Κύριος
1627 2497 1704 2533 ἡμῶν
1718 2497 1748 2523 τὸ
1758 2516 1764 2528 ,
1784 2506 1793 2522 ι
1816 2497 1844 2523 '0
1860 2495 1939 2528 Θεὸς,

1158 2547 1171 2571 ὀ
1187 2545 1251 2575 Θεός
1271 2553 1320 2579 μου
1332 2564 1339 2575 ,
1359 2545 1476 2579 πρόσχες
1491 2552 1551 2579 μοι,
1571 2544 1614 2570 ἵνα
1628 2544 1654 2570 τί
1671 2542 1847 2577 ἐγκατέλιπές
1861 2550 1913 2578 p5;
1928 2551 1938 2568 ι

1158 2591 1204 2617 καὶ
1220 2591 1282 2625 ἑξῆς
1297 2589 1443 2624 ἐπαγαγὼν
1458 2590 1504 2622 τὺ,
1522 2599 1531 2615 ι
1553 2590 1623 2624 Ἐγὼ
1639 2590 1668 2616 δέ
1688 2591 1745 2624 εἰμι
1758 2588 1881 2624 σκώληξ,
1895 2589 1941 2615 καὶ

1160 2639 1209 2665 οὺκ
1229 2637 1385 2672 ἄνθρωπος,
1403 2636 1501 2668 δνειόος
1522 2635 1688 2671 ἀνθρώπων,
1712 2635 1760 2661 καὶ
1776 2633 1941 2669 ὲξουδένημα

1160 2683 1239 2709 λαοῦ·
1260 2693 1269 2708 ι
1285 2683 1331 2709 καὶ
1353 2682 1393 2708 ἔτι
1416 2681 1543 2717 προσθεὶς
1557 2681 1604 2713 τὺ,
1628 2691 1637 2706 ι
1656 2679 1882 2716 Περιεκύκλωσάν
1906 2687 1941 2715 με

1161 2730 1254 2764 μόσχοι
1277 2728 1382 2760 πολλοὶ,
1398 2727 1493 2763 ταῦροι
1514 2727 1604 2758 πίονες
1628 2726 1770 2761 περιέσχον
1791 2733 1842 2760 με·
1858 2734 1868 2751 ι
1893 2724 1941 2752 καὶ

1161 2774 1253 2808 σαφῶς
1267 2774 1311 2799 νὺν
1329 2773 1442 2800 θάνατον
1457 2772 1539 2799 αὑτοῦ
1557 2772 1814 2807 προμαρτυρόμενος
1834 2770 1879 2798 διὰ
1891 2769 1945 2802 τὸ,

361 2830 383 2846 ⁸³
403 2830 487 2857 Marc.
506 2838 555 2861 xv,
574 2830 666 2857 55-55.
705 2829 727 2845 ⁸³
746 2828 818 2856 Psal.
839 2837 904 2862 xxI,
924 2829 948 2856 I.
988 2829 1010 2844 '°
1030 2828 1098 2856 l.uc.
1117 2837 1190 2861 xxiv,

1005 2829 1010 2844 ’
1030 2828 1098 2856 l.uc.
1117 2837 1190 2861 xxiv,
1206 2829 1262 2855 1-5.
1297 2829 1318 2844 ⁹¹
1339 2828 1422 2857 Marc.
1440 2836 1496 2860 va,
1512 2828 1570 2855 2-4.
1608 2827 1631 2843 ’³
1649 2826 1727 2854 Joan.
1744 2835 1790 2860 xx,
1809 2826 1834 2853 Ι.

362 2876 398 2907 (it
417 2876 477 2900 Ἔτι
507 2874 584 2909 Vulg.
601 2875 694 2907 deest;
713 2878 759 2900 aut
772 2878 846 2901 certe
861 2873 1003 2909 legendum
1018 2874 1089 2908 ἄρτι,
1107 2875 1147 2902 vel
1165 2882 1190 2901 ιιι

1112 2875 1147 2902 vel
1165 2874 1262 2902 melius
1274 2874 1376 2906 οὐκέτι,
1395 2874 1467 2909 quod
1483 2878 1507 2901 ei
1533 2873 1617 2909 magis
1643 2871 1770 2900 convenit
1796 2871 1836 2908 τῷ
1870 2872 1941 2900 λίαν

327 2911 409 2946 πρωΐ,
426 2909 558 2945 ejusdem,
571 2916 626 2937 tum
642 2913 667 2938 et
681 2914 840 2937 caete-reruni
852 2909 1010 2945 etangclist.
1027 2909 1103 2936 bim.
