2099 3217
170 735 184 758 υ

204 204 257 232 765

206 271 217 288 ‹
232 262 279 293 Εἰς
294 262 358 296 χοῦν
376 262 489 289 Θανάτου
510 264 664 299 κατήγαγες
685 274 718 300 με
731 275 737 281 ·

205 315 239 343 με
251 306 331 339 κύνες
346 308 452 339 πολλοὶ,
468 309 609 345 συναγωγὴ
622 313 843 346 πονηρευομένων
856 314 983 349 περιέσχε

204 362 249 388 με.
262 353 379 388 Ὠρυεαν
390 355 481 389 χεῖράς
497 363 547 389 μου
560 356 606 381 καὶ
622 356 706 388 πόδας
722 366 790 392 μου·
807 368 816 384 ι
832 359 879 385 καὶ
894 359 932 386 ἔτι
949 360 982 386 τὰ

202 399 273 434 ἀμφὶ
287 398 327 434 τῷ
343 399 423 426 πάθει
439 400 627 436 συμϐεϐηκότα
644 402 716 438 αὐτῷ
729 405 853 439 σημήνας
866 405 909 432 διὰ
924 405 981 439 τοῦ,

205 454 215 470 ι
230 444 423 479 Διεμερίσαντο
443 446 477 472 τὰ
495 447 590 481 ἱμάτιά
609 457 657 482 μου
680 449 795 483 ἑαυτοῖς,
808 451 854 477 καὶ
873 452 917 477 ἐπὶ
937 451 982 478 τὸν

202 489 348 526 ἱματισμόν
366 499 415 526 μου
434 491 529 518 ἔϐαλον
545 493 656 528 κλῆρον·
676 504 684 519 ι
701 495 786 521 ταῦτα
802 496 847 522 καὶ
869 497 902 522 τὰ
922 497 983 523 τού-

200 545 257 568 τοις
280 537 458 572 παραπλήσια
481 539 633 574 προειπὼν,
657 540 707 567 οὐκ
722 541 768 567 ἐπὶ
785 541 887 573 τούτοις
901 542 980 578 ἔστη,

200 582 259 608 ἀλλ’
269 582 389 616 ἐπιλέγει
401 591 408 597 ·
423 592 431 608 ι
447 584 478 610 Oi
494 584 654 620 φοϐούμενοι
670 586 715 612 τὺν
729 586 841 622 Κύριον,
856 587 980 614 αἰνέσατε

199 627 290 659 αὑτὸν,
302 629 343 654 ὅτι
355 629 405 655 οὐκ
418 628 593 662 ὲξουδένωσεν
601 651 607 661 ,
619 631 679 658 οὐδὲ
694 632 862 667 προσώχθισε
878 634 910 668 τῇ
922 633 982 669 δεή-

201 680 243 699 σει
258 672 306 699 τοῦ
320 672 438 707 πτωχοῦ,
451 673 510 699 οὐδὲ
527 675 679 710 ἀπέστρεψε
691 676 720 702 τὸ
735 676 878 712 πρόσωπον
899 676 980 704 αὑτοῦ

168 726 184 758 ‘U'
199 718 246 746 ἀπ’
262 718 338 753 ἐμοῦ,
366 719 412 745 καὶ
429 719 457 746 ἐν
473 719 512 754 τῷ
527 721 690 755 κεκραγέναι
706 731 738 757 με
753 723 821 758 πρὸς
836 723 916 750 αὐτὸν
937 725 982 750 ἑπ-

200 764 300 799 ήκουσέ
318 773 378 799 μου.
391 774 400 790 ι
416 765 478 796 Πῶς
499 765 520 791 δ’
533 765 566 792 ἂν
587 766 681 801 ἔλεγεν
696 767 886 803 εἰσηκοῦσθαι,
898 770 922 795 εἰ
944 769 980 804 μὴ

199 809 308 840 πάντως
322 810 465 845 τετυχήκει
481 810 535 836 τῶν
551 811 636 846 εὐχῶν
647 832 654 843 ,
673 813 719 838 καὶ
735 810 772 839 ὧν
790 814 823 840 ὲν
841 816 896 845 τοῖς
912 814 979 850 πρό-

200 854 262 880 σθεν
275 854 405 890 ὲδεδέητο,
419 856 462 882 ὅτε
476 856 552 891 ἔλεγε
569 857 609 888 τὸ,
626 867 634 882 ι
650 858 697 889 Εἰς
712 858 775 893 χοῦν
791 859 903 886 θανάτου
915 869 980 886 κατ-

199 898 301 934 ήγαγές
327 907 370 934 με.
396 900 489 927 Ῥῦσαι
509 901 563 928 ἀπὸ
585 903 720 937 ῥομφαίας
741 903 791 939 τὴν
805 904 892 940 ψυχήν
917 914 979 940 μου,

199 944 247 971 καὶ
258 945 290 970 ἐκ
305 945 396 981 χειρὸς
410 946 489 978 κυνὸς
501 947 549 982 τὴν
564 948 696 983 μονογενῆ
712 958 780 984 μους
799 959 808 974 ι
826 950 910 977 ταῦτα
927 951 981 987 γὰρ

199 988 364 1025 εὐξάμενος,
383 991 430 1018 καὶ
450 992 556 1027 δεηθεὶς
574 993 606 1019 ἐκ
625 993 726 1020 τούτων
744 995 873 1030 ρυσθῆναί
889 1005 919 1022 τε
934 997 981 1023 καὶ

200 1034 335 1070 σωθῆναι,
351 1036 439 1071 τυχὼν
453 1034 489 1064 ὧν
503 1037 604 1072 ηὔξατο
613 1058 619 1069 ,
632 1039 752 1073 ἐπιλέγει
761 1048 767 1054 ·
784 1049 793 1065 1
809 1042 865 1067 Οὐκ
879 1041 981 1074 ἐξουδέρ

197 1088 282 1106 νωσεν
300 1081 359 1107 οὐδὲ
380 1081 548 1117 προσώχθισε
561 1085 595 1118 τῇ
612 1083 702 1119 δεήσει
721 1084 767 1111 τοῦ
784 1086 907 1121 πτωχοῦ,
920 1087 980 1113 οὐδὲ

197 1125 350 1161 ἀπέστρεψε
365 1126 396 1153 τὸ
411 1128 554 1162 πρόσωπον
575 1128 655 1154 αὑτοῦ
674 1130 721 1155 ἀπ’
736 1130 818 1164 ἐμοῦ,
835 1132 882 1157 καὶ
899 1133 928 1158 ὲν
941 1131 980 1166 τῷ

197 1171 362 1207 κεκραγέναι
383 1181 417 1207 με
443 1173 509 1208 πρὸς
526 1173 606 1200 αὐτὸν
629 1174 764 1209 ἐπήκουσέ
778 1185 828 1207 μου
839 1185 845 1191 ·
859 1186 868 1202 ι
887 1177 980 1211 σαφῶς

195 1217 246 1253 τὴν
263 1218 331 1252 μετὰ
355 1217 467 1245 θάνατον
482 1219 628 1246 ἀναϐίωσιν
646 1220 729 1247 αὐτοῦ
744 1221 830 1257 δηλῶν
840 1242 847 1253 ,
862 1223 921 1258 ἥτις
935 1224 980 1258 γέ-
1000 1239 1001 1242 η

200 1271 281 1297 γονεν
296 1264 366 1290 κατὰ
377 1265 426 1300 τὴν
439 1265 553 1301 ἑωθινὴν
565 1266 714 1299 ἀντίληψιν,
728 1267 759 1302 ἣν
776 1267 840 1302 ἑξῆς
851 1268 952 1303 προῖὼν
966 1270 980 1295 ὁ

195 1308 301 1344 ψαλμὺς
324 1309 504 1345 παρέστησεν,
524 1309 623 1336 εἰπών’
643 1320 651 1335 ι
667 1311 702 1337 Σὺ
714 1310 751 1342 δὲ,
767 1311 862 1346 Κύριε,
881 1311 917 1346 μὴ
930 1320 981 1346 μα-

196 1354 298 1389 κρύνῃς
307 1354 356 1389 τὴν
369 1354 492 1390 βοήθειάν
504 1363 565 1390 μου,
577 1356 616 1386 εἰς
627 1355 675 1390 τὴν
685 1355 824 1390 ἀντίληψίν
838 1365 886 1391 μου
896 1357 979 1392 πρόσ-

194 1407 269 1434 σχες.
285 1409 295 1425 ι
306 1401 391 1427 Ποίαν
411 1401 442 1436 δὴ
467 1401 617 1435 ἀντίληψιν,
633 1401 688 1427 ἀλλ’
705 1402 737 1436 ἦν
752 1402 797 1428 καὶ
808 1402 823 1437 ἡ
835 1403 979 1438 προγραφὴ

193 1445 242 1472 τοῦ
266 1445 374 1481 ψαλμοῦ
399 1446 536 1481 ᾐνίττετο;
557 1446 636 1472 Ἀλλὰ
652 1446 736 1473 ταῦτα
754 1447 801 1482 μὲν
825 1448 888 1482 ἡμῖν
905 1448 981 1483 εἰρή-

196 1490 252 1517 σθω
266 1492 305 1522 είς
319 1491 367 1527 τὴν
377 1492 423 1517 τοῦ
433 1491 540 1527 ψαλμοῦ
552 1493 722 1528 προγραφήν·
733 1494 770 1524 εἰς
785 1493 813 1519 δὲ
823 1493 863 1526 τὸ,
873 1503 882 1518 ι
894 1493 978 1525 Ἠλεὶ,

201 1537 291 1569 Ἠλεὶ,
307 1537 578 1573 λαμμᾶησαϐαχθανὶ,
597 1548 606 1563 ι
628 1539 770 1574 εἰρημένον
788 1538 836 1573 μὲν
858 1539 910 1565 ὑπὸ
931 1538 977 1565 τοῦ

194 1583 319 1618 Σωτῆρος
338 1583 415 1618 ἡμῶν
437 1584 527 1614 αὐτοῖς
546 1583 696 1619 Ἑϐραϊκοῖς
720 1584 832 1619 ὀνόμασι
855 1585 918 1618 περὶ
933 1583 977 1611 τὸν

193 1627 242 1654 τοῦ
264 1628 368 1660 πάθους
390 1628 497 1663 καιρὸν,
517 1629 641 1663 κείμενον
656 1629 683 1655 δὲ
700 1630 748 1655 καὶ
768 1630 796 1656 ἐν
811 1629 849 1664 τῷ
863 1629 976 1664 ψαλμῷ,

192 1675 244 1709 ὅρα
256 1674 342 1710 μήτις
356 1674 474 1708 ἔγκειται
487 1674 621 1711 βαθυτέρα
638 1675 739 1710 θεωρία
751 1676 814 1711 παρ’
833 1675 975 1710 Ἑϐραίοις.

200 1720 317 1754 Ὲλωεὶμ
332 1720 386 1756 γὰρ
398 1722 411 1747 ὁ
421 1720 486 1752 Θεὸς
499 1720 661 1756 ὀνομάζεται
671 1729 678 1735 ”
693 1722 739 1747 καὶ
750 1721 827 1747 τοῦτο
836 1721 880 1748 διὰ
891 1722 978 1757 πάσης

194 1766 288 1802 σχεδὸν
300 1766 391 1802 εὕροις
407 1766 439 1793 ἂν
449 1767 498 1802 τῆς
513 1767 624 1802 Γραφῆς
636 1776 642 1782 '
657 1767 718 1793 ἐπεὶ
732 1769 779 1793 καὶ
793 1768 893 1802 κυρίως
908 1767 978 1794 οὕτω

192 1812 270 1848 παρὰ
292 1814 348 1844 τοῖς
375 1813 575 1848 Ἑϐδομήκοντα
597 1813 637 1839 ἔτι
656 1813 704 1840 καὶ
719 1813 766 1840 νῦν
791 1815 822 1848 τῇ
846 1813 977 1848 Ἐϐραίων

191 1857 355 1894 ὀνομάζεται
380 1860 465 1894 φωνῇ.
487 1858 616 1894 Φέρονταί
631 1867 662 1892 γε
679 1859 732 1894 μὴν
749 1860 814 1893 παρ’
833 1859 923 1890 αὐτοῖς
933 1859 978 1885 ἐπὶ

191 1905 244 1940 τῆς
258 1903 333 1936 θείας
347 1904 532 1940 προσηγορίας
546 1905 593 1931 καὶ
605 1904 697 1940 ἓτεραί
711 1912 782 1935 τινες
799 1904 976 1939 ἐκφωνήσεις,

192 1949 336 1986 ὡσπεροῦν
350 1950 396 1976 καὶ
408 1949 438 1976 τδ
448 1969 455 1982 ,
470 1949 567 1976 Σαδδαϊ
577 1970 584 1982 ,
596 1951 642 1976 καὶ
655 1949 684 1976 τὸ
704 1949 778 1982 Ἰαὼ,
791 1950 837 1976 καὶ
851 1949 902 1975 Ἦλ
911 1969 918 1982 ,
931 1949 977 1975 καὶ

191 1995 262 2022 ἄλλα
283 1995 388 2027 τούτοις
405 1995 593 2032 παραπλήσια.
623 1995 652 2021 '0
671 1995 703 2030 δὴ
727 1993 772 2021 οὖν
797 1994 863 2030 μετὰ
884 1996 977 2030 χεῖρας

191 2041 300 2076 ψαλμδς
316 2041 369 2067 ἀπὸ
384 2040 430 2067 τοῦ
450 2040 520 2072 Ἦλ,
546 2040 636 2072 Ἠλεὶ,
664 2039 750 2070 Ἠλεὶ,
771 2038 867 2074 λαμμᾶ
892 2038 976 2064 σαϐα-

192 2087 283 2123 χθανὶ,
291 2087 421 2122 περιέχει,
428 2083 449 2120 ᾧ
457 2086 587 2122 κέχρηται
596 2086 643 2112 καὶ
652 2087 665 2112 ὁ
672 2085 773 2120 Κύριος
785 2084 873 2119 ἡμῶν,
882 2084 912 2110 οὐ
924 2084 976 2119 μὴν

192 2133 249 2160 ἀπὸ
265 2133 313 2160 τοῦ
330 2133 454 2168 Ἐλωείμ.
470 2133 500 2159 '0
516 2132 581 2167 γοῦν
605 2132 731 2163 Ἀκύλας,
744 2131 873 2166 διαφορὰν
889 2130 975 2161 εἰδὼς,

192 2179 244 2214 τῆς
258 2180 322 2214 παρ’
335 2179 470 2214 Ἑϐραίοις
481 2178 548 2205 Θεοῦ
560 2177 742 2213 προσηγορίας
760 2178 791 2203 ὲκ
802 2176 848 2203 τοῦ
863 2176 978 2211 Ἐλωεὶμ

193 2224 407 2260 σημαινομένης,
420 2224 450 2250 τὺ
461 2223 507 2249 νῦν
520 2222 681 2259 δηλούμενον
697 2223 725 2248 ὲν
735 2222 774 2257 τῷ
790 2222 874 2254 Ἠλεὶ,
891 2221 974 2253 Ἠλεὶ,

640 206 964 236 DEMONSTRATIONIS
983 209 1209 238 EVA'NGELICJJ
1223 211 1288 238 LIB.
1306 209 1340 239 Χ.

1759 210 1813 238 766

761 267 802 292 ὅτι
824 267 982 294 ἐκύκλωσαν

998 273 1018 298 Α
1034 277 1093 303 qua?
1105 269 1138 296 ad
1154 270 1307 304 passionem
1329 267 1479 296 Salvatoris
1492 267 1579 295 nostri
1601 267 1746 302 pertinent,
1763 276 1814 294 nec

1032 315 1060 341 in
1076 315 1202 350 passione
1217 314 1328 342 desierit
1348 321 1391 345 ea,
1406 322 1465 348 qua:
1486 314 1519 340 ad
1534 314 1623 348 ipsum
1637 318 1742 348 spectat
1755 313 1814 341 dis-

1031 360 1165 394 pensatio,
1187 359 1325 394 passionis
1348 366 1414 386 vero
1441 358 1502 386 ﬁnis
1515 358 1573 393 ipsa
1589 358 1669 386 fuerit
1695 366 1711 385 a
1726 363 1814 386 morte

1032 404 1066 431 ad
1082 404 1164 430 vitam
1181 404 1328 436 restitutio,
1344 407 1371 430 et
1387 404 1519 430 matutina
1545 404 1692 438 susceptio,
1715 404 1813 430 merito

1032 449 1171 477 oraculum
1183 449 1247 476 huic
1261 448 1307 476 ﬁni
1318 449 1469 476 admirabili
1482 449 1567 482 ipsam
1582 449 1688 477 dedicat
1699 449 1814 483 scriptu-

1031 503 1100 528 ram,
1112 503 1167 522 non
1175 502 1254 522 secus
1267 502 1298 521 ac
1311 495 1335 522 si
1350 501 1430 521 omne
1442 494 1597 529 huiusmodi
1613 499 1812 529 argumentum,

1031 547 1058 568 et
1078 548 1171 568 earum
1195 541 1368 568 vexationum
1393 548 1455 575 qua:
1471 541 1550 568 linem
1572 541 1674 574 ipsum,
1696 540 1814 567 reditum

1031 586 1125 621 utique
1139 586 1172 614 de
1188 590 1275 613 morte
1295 586 1328 612 ad
1340 586 1424 612 vitam
1442 589 1660 617 antecesserunt,
1676 589 1702 612 et
1719 593 1814 613 susce-

1031 631 1132 666 ptionis
1157 631 1297 658 matutina:
1318 638 1412 662 causa,
1438 631 1580 658 inductum
1602 631 1648 658 sit.
1675 630 1727 658 Ubi
1748 637 1814 666 ergo

1032 676 1157 703 Salvator
1174 683 1207 704 ac
1227 676 1358 704 Dominus
1385 676 1451 703 illud
1477 676 1569 703 dixit:
1598 685 1608 702 ι
1637 676 1719 708 Deus,
1742 675 1814 704 Deus

1031 730 1123 754 meus,
1146 722 1250 757 respice
1267 722 1295 749 in
1318 729 1378 754 me,
1398 730 1481 758 quare
1504 722 1670 757 dereliquisti
1687 723 1766 750 me?»
1781 729 1814 750 ac

1031 767 1159 801 deinceps
1178 767 1243 794 illud
1259 767 1363 794 addidit
1378 776 1385 794 :
1403 777 1412 792 ε
1430 766 1485 802 Ego
1504 770 1592 794 autem
1603 774 1663 794 sum
1671 767 1772 795 vermis
1787 770 1816 794 et

1031 820 1085 839 non
1101 813 1192 844 homo,
1204 813 1380 848 opprobrium
1391 812 1542 844 hominum,
1559 817 1586 840 et
1598 813 1714 847 abjectio
1728 819 1815 848 popu-

1031 857 1048 883 li
1067 867 1074 884 :
1092 867 1102 882 ι
1120 865 1228 885 necnon
1246 857 1313 885 illud
1331 858 1468 893 subjecit:
1485 867 1494 884 ε
1507 858 1755 886 Circumdederunt
1770 865 1816 886 me

1031 903 1108 931 vituli
1123 904 1212 936 multi,
1229 905 1300 931 tauri
1312 904 1428 940 pingues
1442 905 1608 932 obsederunt
1623 912 1676 936 me,
1693 914 1702 930 ι
1719 907 1747 932 et
1758 904 1817 932 evi-

996 940 1017 967 Β
1031 948 1127 976 denter
1143 957 1219 976 suam
1244 954 1358 978 mortem
1378 950 1549 978 denuntiavit
1564 958 1598 978 ex
1613 951 1670 982 illo,
1686 960 1695 977 ι
1710 950 1737 977 in
1754 950 1815 985 pul-

1029 1001 1120 1021 verem
1135 995 1230 1022 mortis
1250 995 1384 1023 deduxisti
1399 1003 1442 1023 me
1458 1005 1465 1023 :
1478 997 1606 1031 quoniam
1627 996 1814 1024 circumdede-

1030 1044 1094 1067 runt
1116 1048 1159 1068 me
1183 1048 1267 1069 canes
1282 1042 1373 1075 multi,
1398 1043 1575 1078 congregatio
1605 1042 1815 1077 malignantium

1031 1086 1139 1114 obsedit
1152 1095 1206 1119 me,
1224 1087 1352 1116 foderunt
1367 1095 1465 1116 manus
1478 1097 1553 1116 meas
1571 1093 1597 1116 et
1615 1089 1697 1123 pedes
1709 1096 1811 1116 meos»

1029 1131 1162 1160 Pmterea
1179 1133 1225 1160 ubi
1249 1134 1330 1161 etiam
1348 1142 1380 1162 ea
1397 1142 1457 1169 quae
1474 1135 1525 1162 sub
1548 1135 1634 1168 ipsam
1658 1134 1814 1169 passionem

1030 1177 1081 1205 sibi
1106 1182 1266 1210 evenerunt,
1288 1179 1450 1214 significavit
1475 1179 1529 1207 illis
1548 1180 1661 1207 verbis:
1681 1188 1691 1205 ‹
1709 1179 1815 1207 Divise-

1029 1227 1093 1250 runt
1113 1224 1274 1251 vestimenta
1299 1232 1358 1252 mea
1374 1225 1436 1257 sibi,
1451 1228 1478 1252 et
1501 1233 1584 1259 super
1609 1229 1710 1252 restem
1725 1233 1814 1253 meam

1030 1269 1164 1296 miserunt
1180 1274 1292 1297 sortem.
1312 1280 1321 1296 ι
1337 1269 1410 1302 Haec,
1424 1274 1504 1304 atque
1518 1271 1560 1297 his
1573 1271 1672 1297 similia
1685 1270 1730 1297 ubi
1745 1278 1815 1305 pm-

1029 1315 1107 1347 dixit,
1130 1324 1184 1343 non
1203 1317 1278 1343 intra
1304 1317 1360 1344 haec
1384 1317 1468 1349 stetit,
1486 1316 1568 1352 494
1595 1316 1642 1343 sed
1664 1315 1788 1350 adjunxit
1804 1325 1813 1343 :

1033 1369 1042 1386 ‹
1063 1361 1115 1393 Qui
1144 1361 1244 1389 timetis
1272 1361 1428 1393 Dominum,
1450 1361 1559 1388 laudate
1589 1368 1662 1391 eum,
1684 1361 1814 1396 quoniam

1029 1413 1084 1432 non
1106 1406 1208 1440 sprevit
1223 1426 1230 1438 ,
1252 1413 1339 1440 neque
1368 1406 1481 1433 moleste
1512 1406 1573 1432 tu‘lit
1597 1405 1813 1439 deprecationem

1030 1452 1166 1486 pauperis,
1184 1459 1271 1486 neque
1282 1451 1379 1478 avertit
1392 1451 1488 1478 faciem
1505 1458 1581 1478 suam
1605 1458 1620 1477 a
1641 1458 1693 1482 me,
1708 1454 1735 1478 et
1751 1459 1813 1478 eum

1030 1497 1176 1529 clamarem
1194 1497 1226 1524 ad
1244 1505 1319 1528 eum,
1337 1497 1477 1524 exaudivit
1492 1504 1543 1524 me.
1561 1507 1571 1523 ξ
1590 1496 1647 1529 Qua
1665 1501 1755 1524 autem
1770 1505 1814 1523 ra-

1029 1543 1102 1569 tione
1117 1543 1220 1570 diceret
1243 1551 1271 1570 se
1294 1543 1470 1570 exauditam?
1485 1544 1507 1570 si
1522 1551 1575 1570 non
1593 1547 1758 1570 consecutus
1771 1551 1814 1570 es-

1030 1593 1082 1621 set,
1107 1597 1167 1624 quae
1195 1593 1346 1624 optaverat,
1364 1596 1477 1624 quaeque
1495 1589 1621 1623 superius
1653 1588 1814 1622 deprecatus

1030 1635 1125 1663 fuerat.
1146 1643 1206 1661 cum
1222 1635 1290 1661 dixit
1304 1634 1388 1661 illud:
1409 1643 1418 1659 ι
1443 1634 1472 1660 In
1496 1635 1633 1668 pulverem
1656 1635 1752 1661 mortis
1765 1634 1813 1661 de-

1028 1680 1129 1707 duxisti
1154 1688 1207 1711 me,
1225 1680 1300 1714 eripe
1319 1687 1333 1706 a
1352 1681 1453 1707 framea
1477 1680 1594 1705 animam
1620 1687 1719 1711 meam,
1736 1685 1763 1706 et
1779 1679 1813 1706 de

1028 1734 1108 1753 manu
1127 1726 1201 1753 canis
1215 1726 1323 1753 unicam
1338 1725 1448 1753 meam?
1470 1735 1478 1750 ι
1495 1724 1557 1751 Ηωο
1572 1725 1644 1752 enim
1655 1733 1717 1751 cum
1734 1732 1812 1752 oras-

1029 1777 1080 1801 set,
1098 1779 1128 1798 ac
1143 1779 1172 1799 se
1187 1779 1220 1798 cx
1244 1771 1286 1798 his
1301 1772 1368 1805 eripi
1385 1776 1412 1798 et
1428 1771 1538 1798 liberari
1561 1774 1687 1805 precatus
1705 1770 1811 1803 fuisset,

1028 1822 1083 1843 tum
1100 1824 1132 1843 ea
1154 1818 1212 1851 ipsa
1240 1821 1406 1844 consecutus
1431 1824 1491 1851 quae
1512 1821 1646 1848 oraverat,
1663 1816 1785 1852 adjungit
1803 1826 1810 1844 :

1031 1871 1039 1885 ι
1058 1861 1115 1887 Non
1139 1861 1240 1894 sprevit
1266 1869 1355 1896 neque
1372 1861 1484 1889 moleste
1513 1861 1573 1887 tulit
1593 1861 1812 1896 deprecationem

1028 1906 1166 1940 pauperis,
1184 1914 1271 1940 neque
1286 1906 1384 1933 avertit
1400 1906 1496 1933 faciem
1513 1914 1590 1934 suam
1606 1914 1621 1933 a
1637 1914 1689 1938 me,
1705 1910 1732 1934 et
1748 1914 1811 1934 cum

1027 1952 1172 1979 clamarem
1199 1952 1232 1979 ad
1248 1960 1322 1983 elllll,
1343 1953 1481 1979 exaudivit
1499 1960 1542 1979 me
1559 1962 1564 1979 :
1583 1962 1594 1978 ι
1613 1953 1658 1979 ubi
1673 1953 1813 1980 evidenter

1028 2004 1106 2024 suum
1124 1997 1157 2023 de
1185 2001 1273 2024 morte
1298 1997 1334 2023 ad
1357 1998 1438 2024 vitam
1464 1998 1580 2024 reditum
1603 1998 1748 2032 significat,
1765 1998 1811 2033 qui

1028 2042 1078 2070 sub
1093 2043 1254 2069 matutinam
1271 2044 1471 2077 susceptionem
1493 2043 1609 2074 exstitit,
1631 2050 1712 2077 quam
1735 2043 1810 2078 psal—

1027 2094 1089 2112 mus
1113 2086 1240 2121 deinceps
1268 2087 1377 2121 longius
1405 2094 1565 2121 progressus
1596 2087 1741 2117 indicavit,
1764 2086 1810 2113 ubi

1026 2132 1095 2158 dixit
1116 2141 1122 2157 :
1141 2142 1149 2158 ι
1171 2132 1211 2159 Tu
1230 2137 1333 2164 autem,
1351 2132 1474 2164 Domine,
1487 2140 1522 2160 ne
1551 2141 1677 2160 amoveas
1704 2133 1811 2168 longius

1027 2178 1158 2205 auxilium
1176 2178 1323 2210 meum,ad
1342 2178 1542 2213 susceptionem
1561 2186 1646 2205 meam
1664 2180 1777 2214 respice.
1797 2188 1807 2205 ι

1029 2223 1080 2251 Sed
1097 2231 1178 2258 quam
1196 2223 1306 2251 tandem
1332 2223 1411 2250 aliam
1441 2224 1650 2258 smeeptioncm,
1675 2225 1726 2252 nisi
1751 2233 1809 2252 eam

190 2271 243 2298 οὐκ
251 2270 366 2305 ἠξίωσεν
376 2271 474 2305 ὁμοίως
482 2271 537 2301 τοῖς
549 2269 660 2301 λοιποῖς,
675 2279 684 2293 ι
698 2270 712 2295 ὁ
722 2269 796 2301 Θεὸς,
808 2268 892 2300 ὀΘεός
901 2277 950 2303 μου
963 2277 972 2293 ι

996 2273 1012 2299 D
1027 2277 1106 2304 quam
1125 2269 1269 2303 inscriptio
1284 2269 1381 2304 psalmi
1399 2269 1582 2304 significavit?
1593 2270 1737 2302 Craterum,
1754 2270 1810 2296 haec

193 2315 470 2349 μεταϐάλλωνειπεῖν,
480 2314 571 2347 ἀλλὰ,‹
579 2314 671 2350 ισχυρέ
681 2322 740 2349 μου,
752 2313 844 2349 ἰσχυρέ
852 2322 912 2348 μου.
920 2323 928 2339 ›
938 2314 973 2339 Τὸ

189 2359 214 2385 δ’
226 2360 338 2395 ἀκριϐές
357 2361 444 2387 ἐστιν·
472 2360 547 2395 ἰσχύς
569 2369 629 2394 μου,
649 2360 724 2395 ἰσχύς
738 2368 799 2395 μου.
814 2360 893 2386 Ὥστε
905 2359 974 2386 κατὰ

190 2406 242 2441 τὴν
249 2406 343 2432 τούτου
352 2406 481 2438 διάνοιαν,
498 2406 542 2432 τὸν
551 2405 636 2440 ἀμνὸν
647 2405 693 2432 τοῦ
705 2405 772 2431 Θεοῦ
784 2405 827 2431 τὸν
843 2405 975 2440 ἡμέτερον

190 2451 307 2486 Σωτῆρα
326 2451 464 2485 φάσκοντα
485 2451 515 2478 τὸ
539 2451 628 2484 Ἠλεὶ,
651 2451 742 2483 Ἠλεὶ,
766 2451 833 2486 πρὸς
852 2451 896 2477 τὸν
917 2452 974 2477 Πα-

188 2496 275 2532 τέρα,
302 2497 404 2531 λέγειν·
433 2507 442 2520 σ
462 2497 564 2533 Ἰσχυρέ
581 2506 647 2533 μου,
670 2497 762 2532 ισχυρέ
789 2505 858 2532 μου,
883 2497 924 2523 ἵνα
947 2497 974 2523 τί

189 2542 371 2577 ιγκατέλιπές
386 2551 436 2578 με;
455 2552 464 2569 ι
483 2544 531 2569 καὶ
543 2543 612 2578 τάχα
627 2543 687 2569 ἐπεὶ
699 2543 875 2577 ἐγκατέλιπεν
894 2543 973 2569 αὐτὸν

191 2589 206 2615 ὁ
224 2588 332 2624 ἰσχυρὸς
354 2588 446 2620 αὑτοῦ,
464 2589 557 2616 τούτου
574 2589 653 2624 χάριν
677 2588 845 2624 ἐσταυρώθη,
863 2589 899 2619 ὣς
922 2597 974 2624 φη-

190 2642 235 2660 σιν
257 2634 271 2660 ὀ
293 2633 468 2666 ’Δπόστολος-
487 2643 496 2659 ‹
517 2635 571 2661 Καὶ
592 2634 645 2668 γὰρ
669 2634 826 2669 ἐσταυρώοη
843 2633 873 2665 ἐξ
896 2634 975 2660 ἀσθε-

187 2679 274 2711 νείας,
291 2679 338 2706 καὶ
353 2679 385 2715 ζῇ
404 2680 435 2706 ὲκ
451 2680 590 2715 δυνάμεως
612 2680 694 2712 Θεοῦ,
713 2690 722 2707 ι
741 2681 778 2712 ὡς
801 2680 836 2715 μὴ
854 2688 975 2715 σταυρω-

187 2722 246 2755 Gil;
262 2723 305 2755 ἂν,
322 2725 346 2750 εἰ
359 2725 396 2760 μὴ
410 2725 424 2752 ό
439 2726 546 2761 ἰσχυρὸς
569 2726 649 2752 αὐτοῦ
673 2725 859 2752 καταλελοίπει
883 2725 972 2752 αὐτόν.

187 2769 244 2796 Καὶ
260 2770 312 2805 ὅρα
327 2771 351 2796 εἰ
373 2771 410 2806 μὴ
425 2771 528 2806 ἔπρεπε
552 2772 597 2798 τὸν
613 2772 697 2804 ἀμνὸν
713 2772 759 2798 τοῦ
781 2771 859 2802 Θεοῦ,
875 2771 920 2797 τὸν
935 2771 973 2803 ὡς

187 2815 324 2850 πρόϐατον
344 2817 390 2843 ἐπὶ
407 2817 509 2852 σφαγὴν
532 2818 658 2853 ἀχθέντα,
671 2818 717 2843 καὶ
732 2817 770 2848 ὡς
792 2817 876 2852 ἀμνὸν
899 2818 974 2843 ἐναν-

187 2861 244 2887 τίον
257 2861 304 2887 τοῦ
316 2863 452 2898 κείροντος
462 2864 577 2897 ἄφωνον,
592 2863 641 2895 τὰς
657 2864 757 2895 οἰκείας
773 2864 899 2898 δυνάμεες
910 2864 974 2890 ἀνα-

186 2905 287 2932 τιθέναι
314 2906 351 2940 τῷ
376 2908 444 2942 Θεῷ,
463 2909 508 2934 καὶ
536 2909 615 2944 μηδὲν
641 2909 703 2935 ἴδιον
728 2909 797 2943 ἔχειν
817 2909 971 2944 ἡγεῖσθαιῆ

1027 2315 1136 2349 quidem
1160 2315 1233 2341 dicta
1259 2315 1315 2342 sint
1327 2322 1342 2340 a
1356 2315 1434 2341 nobis
1462 2315 1488 2340 in
1507 2315 1592 2348 ipsam
1608 2315 1702 2349 psalmi
1715 2315 1810 2341 inscri-

1027 2361 1146 2395 ptionem
1165 2369 1173 2393 ;
1189 2361 1215 2387 in
1237 2360 1283 2387 illo
1299 2364 1400 2391 autem,
1416 2369 1425 2385 ί
1442 2359 1492 2392 Eli,
1509 2360 1559 2392 Eli,
1575 2361 1671 2386 lamina
1695 2360 1810 2386 sabacb-

1029 2407 1115 2438 lbani,
1136 2417 1144 2432 ι
1160 2407 1306 2441 quodcum
1320 2414 1335 2433 a
1351 2407 1491 2433 Salvatore
1506 2411 1599 2432 nostro
1619 2407 1684 2441 ipsis
1696 2405 1809 2432 Hebrai-

1027 2453 1067 2479 cis
1082 2452 1239 2478 nominibus
1252 2452 1354 2478 dictum
1370 2452 1405 2479 sit
1424 2452 1474 2478 sub
1491 2451 1578 2485 ipsum
1595 2452 1729 2485 passionis
1743 2456 1808 2478 tem-

1027 2506 1086 2533 pus,
1105 2498 1132 2524 in
1148 2498 1245 2532 psalmi
1274 2498 1352 2524 initio
1368 2497 1485 2532 positum
1501 2501 1553 2529 est,
1568 2498 1638 2528 vide,
1657 2505 1758 2531 quaeso,
1775 2505 1808 2525 ne

1025 2551 1078 2578 qua
1093 2543 1157 2569 insit
1172 2543 1332 2578 profundior
1353 2543 1542 2577 contemplatio
1562 2542 1633 2576 apud
1657 2542 1783 2570 Hebraeos
1798 2553 1805 2570 :

1024 2596 1085 2615 nam
1111 2588 1194 2615 Eloim
1220 2587 1291 2616 Deus
1321 2589 1502 2615 nominatur:
1523 2591 1550 2615 et
1573 2588 1625 2614 hoc
1648 2595 1696 2622 per
1722 2592 1805 2614 lotam

1024 2635 1219 2669 propemodum
1239 2632 1409 2668 Scripturam
1439 2633 1560 2660 invenies
1589 2642 1596 2659 :
1623 2631 1731 2666 quando
1763 2632 1806 2659 vel

1024 2679 1131 2714 proprie
1143 2679 1182 2705 sic
1191 2679 1261 2713 apud
1274 2677 1344 2705 LXX
1357 2679 1437 2705 etiam
1450 2686 1522 2704 nunc
1536 2677 1667 2705 Hebraiea
1682 2684 1747 2704 voce
1760 2684 1807 2704 ne—

1024 2725 1153 2755 minatur,
1167 2725 1238 2759 apud
1253 2725 1327 2759 ipsos
1349 2729 1437 2750 tamen
1454 2723 1581 2751 llebrazos
1596 2723 1654 2751 alize
1671 2723 1806 2750 nonnullae

1025 2770 1149 2797 feruntur
1165 2770 1360 2805 appellationes
1373 2769 1407 2795 ad
1419 2769 1539 2796 divinam
1558 2773 1683 2796 naturam
1698 2769 1805 2804 signifi-

1025 2817 1150 2847 candam,
1169 2821 1198 2842 ut
1216 2815 1294 2849 illud,
1314 2814 1424 2846 Saddai,
1440 2819 1468 2842 ut
1491 2815 1570 2847 illud,
1599 2815 1658 2847 Jao,
1674 2819 1704 2842 ut
1727 2815 1804 2848 illud,

1024 2862 1065 2894 El,
1083 2863 1190 2897 aliaque
1217 2863 1260 2889 his
1277 2862 1374 2889 similia
1413 2869 1476 2891 ergo
1491 2861 1610 2890 psalmus
1628 2862 1674 2895 qui
1691 2869 1764 2889 nunc
1777 2862 1806 2889 in

1025 2909 1149 2937 manibus
1166 2913 1217 2942 est,
1237 2906 1301 2936 illud
1320 2919 1326 2935 :
1343 2908 1393 2942 Eli,
1411 2908 1461 2941 Eli,
1478 2914 1575 2936 lemma
1591 2907 1780 2941 sabacbthani,
1792 2916 1805 2933 ι
