2099 3217
313 209 365 238 761

661 206 795 234 EUSEBII
811 204 1054 233 CrESARlENSlS
1073 203 1148 231 OPl’.
1169 201 1260 230 PARS
1280 201 1313 228 ll.
1333 215 1368 220 -—
1388 199 1639 228 APOLOGETICA.
1890 197 1938 225 768

314 266 393 294 initio
406 265 498 298 habet,
513 272 567 299 quo
591 265 672 291 etiam
701 264 826 291 Salvator
850 267 944 290 noster
966 270 1033 290 usus
1048 265 1099 294 est,

1156 259 1234 295 μόνον
1249 259 1295 285 τὸν
1320 258 1442 294 Πατέραο
1457 257 1497 284 διὸ
1519 258 1566 285 καὶ
1584 256 1691 292 ἰσχυρὸν
1707 256 1752 282 τὸν
1770 255 1880 292 Πατέρα
1895 256 1942 283 αὒ-

315 322 370 341 non
383 316 473 340 autem
489 311 554 338 illud
573 321 579 338 :
599 310 696 338 Eloim.
713 309 831 336 Proinde
847 308 945 344 Aquila
972 315 1034 335 cum
1060 307 1101 333 di-

313 359 473 387 versitatem
502 357 549 384 Dei
575 356 777 392 appellationis,
795 363 855 392 quae
872 363 905 382 ex
933 355 992 389 ipso
1015 353 1100 380 Eloim

314 404 487 440 signiﬁcatur
510 403 581 437 apud
608 402 735 430 Ilelmros
761 401 883 433 vidisset,
904 400 968 426 illud
993 400 1027 426 de
1047 407 1101 434 quo

313 457 388 478 nunc
405 450 521 484 agimus,
540 449 567 476 in
585 449 641 479 illo.
658 448 709 479 Eli,
727 447 778 479 Eli,
797 456 851 474 non
870 448 905 474 ita
923 446 1101 481 quemadmo-

314 496 378 523 dum
390 495 486 528 reliqui
503 502 564 521 cum
582 497 762 524 converteret,
775 493 972 522 enuntiandum
987 491 1100 527 putavit,

313 541 361 569 sed
381 551 386 568 :
411 550 420 566 ‹
439 540 529 567 Furtis
543 547 630 571 meus,
641 539 719 566 fortis
731 547 818 569 meus,
835 546 919 573 quare
933 537 1101 572 tlereliquisti

313 587 376 614 me?
394 595 403 612 ›
423 586 495 621 quod
512 585 621 620 quidem
639 585 661 612 si
677 584 843 619 exquisitius
862 583 952 618 eloqui
970 583 1099 614 volueris.

312 631 399 662 dices,
416 631 500 657 robur
525 638 626 661 meum,
645 629 728 656 robur
744 637 845 656 meum.
860 628 950 661 Quare
970 636 1002 655 cx
1019 627 1101 662 hujus

312 677 549 713 interpretatione.
565 676 660 710 Agnus
676 675 734 710 Dei,
756 675 802 710 qui
820 677 862 703 est
887 677 982 701 noster
1004 672 1100 700 Salva-

312 725 366 751 tor,
386 721 450 748 dum
479 720 546 747 illud
571 730 577 748 :
605 720 656 752 Eli,
674 719 726 752 Eli,
752 719 818 746 dicit
841 718 875 745 ad
898 718 1018 750 Patrem,
1034 718 1101 745 illud

312 767 379 795 dicit
405 777 411 794 :
431 776 440 792 ι
461 766 552 793 Fortis
576 773 665 798 meus,
693 765 772 793 fortis
799 773 887 796 meus,
903 772 988 799 quare
1003 764 1100 792 dereli-

310 813 395 848 quisti
410 812 474 839 me?
493 822 502 837 ι
527 815 554 839 et
575 811 690 839 forsitan
711 811 784 846 quod
811 811 900 845 ipsum
926 810 1101 845 dereliquerit

310 857 393 894 495
406 857 484 885 fortis
510 866 592 890 suus,
620 858 724 884 idcirco
748 857 897 884 cruciﬁxus
923 859 983 888 est,
1009 861 1039 883 ut
1063 856 1102 882 ait

310 904 482 939 Apostolus:
500 913 509 929 ι
528 903 632 931 Etenim
654 903 802 931 cruciﬁxus
821 906 863 930 est
880 910 913 930 ex
932 902 1100 935 inﬁrmitate,

310 953 339 977 et
349 949 415 976 vivit
425 957 456 978 ex
467 950 568 976 virtute
578 949 669 986 Dei”;
682 959 691 975 ι
701 949 747 984 qui
757 948 865 983 quidem
875 956 1014 983 nunquam
1025 948 1100 975 cruci
1118 942 1140 972 Β

311 998 384 1022 esset
403 995 509 1028 afﬁxus,
528 995 580 1022 nisi
598 995 676 1021 fortis
701 1002 768 1021 suus
786 994 874 1028 ipsum
897 993 1100 1028 dereliquisset.

310 1040 344 1067 Et
360 1048 426 1068 sane
445 1041 550 1075 inspice
568 1045 607 1074 tu,
624 1047 706 1075 quam
724 1040 792 1067 bene
808 1039 978 1070 convenerit,
994 1042 1100 1074 Agnum

310 1085 370 1118 Dei,
387 1087 432 1121 qui
454 1092 483 1113 ut
497 1087 556 1114 ovis
571 1087 604 1113 ad
622 1086 803 1113 occidendum
830 1086 866 1113 sit
891 1085 1003 1116 ductus,
1028 1090 1055 1112 et
1071 1089 1101 1111 ut

311 1140 398 1167 agnus
421 1141 513 1159 coram
537 1133 667 1160 tondente
689 1132 867 1163 obmutuerit.
894 1140 959 1159 suas
975 1131 1048 1158 vires
1067 1131 1101 1158 ad

310 1179 401 1214 ipsum
422 1178 506 1206 Deum
530 1179 643 1208 referre.
668 1182 694 1205 et
705 1178 773 1206 nihil
794 1178 933 1213 proprium
956 1185 986 1206 se
1001 1177 1102 1204 habere

310 1225 440 1252 arbitrari
456 1225 508 1254 nisi
526 1233 610 1252 unum
631 1225 749 1251 Patrem.
766 1224 884 1251 Proinde
905 1223 986 1251 etiam
1004 1223 1100 1250 fortem

311 1278 403 1301 suum,
420 1271 509 1305 ipsum
533 1269 641 1297 Patrem
666 1274 755 1302 vocat,
781 1277 847 1296 sane
870 1268 1100 1304 quemadmodum

310 1317 354 1351 vel
371 1316 398 1343 in
415 1316 522 1343 decimo
542 1315 660 1351 septimo
676 1315 782 1350 psalmo
802 1314 887 1341 robur
904 1322 995 1344 suum.
1013 1317 1040 1341 et
1054 1314 1101 1340 ﬁr-

310 1366 490 1394 mamentum,
516 1364 544 1388 et
569 1361 702 1395 refugium
730 1360 855 1387 eumdem
880 1359 1013 1390 nominat,
1036 1359 1101 1385 dum

310 1407 397 1436 dicit:
416 1416 425 1432 ι
440 1405 556 1442 Diligam
579 1410 616 1437 te,
642 1405 765 1437 Domine,
785 1405 871 1432 robur
892 1412 992 1431 meum.
1010 1403 1102 1431 Domi-

311 1461 364 1481 nus
379 1453 578 1480 ﬁrmameutum
600 1459 691 1479 meum
706 1455 733 1479 et
748 1451 883 1486 refugium
908 1458 1008 1482 meum,
1027 1456 1054 1477 et
1067 1451 1102 1477 li-

310 1499 422 1527 berator
442 1506 528 1525 meus.
552 1497 622 1524 Deus
638 1504 725 1528 meus,
751 1497 860 1531 adjutor
884 1504 971 1527 meus,
997 1500 1024 1523 et
1038 1504 1101 1531 spe-

310 1545 379 1578 rato
394 1545 421 1571 in
437 1552 510 1571 eum.
521 1543 663 1571 Protector
679 1551 756 1571 meus
772 1548 798 1570 et
812 1551 898 1570 cornu
910 1543 1007 1570 salutis
1022 1551 1099 1575 meae,

311 1595 339 1623 et
355 1594 498 1625 susceptor
514 1598 591 1617 meus
603 1590 635 1617 9‘.
652 1599 661 1615 ι
681 1589 831 1624 Dereliquit
844 1596 909 1623 ergo
925 1589 1001 1616 illum
1019 1589 1099 1616 fortis

1154 305 1202 332 τοῦ
1229 304 1386 336 ἀποκαλεῖν,
1413 303 1452 335 ὡς
1474 303 1520 330 καὶ
1549 303 1578 329 ὲν
1601 301 1822 336 ἑπτακαιδεκάτῳ
1843 301 1939 337 ψαλμῷ

1156 351 1232 386 ἰσχὺν
1246 350 1334 385 ἐαυτῷ
1352 350 1399 376 καὶ
1414 349 1576 385 κραταίωμα
1589 348 1636 375 καὶ
1653 346 1811 383 καταφυγὴν
1823 346 1869 373 τὸν
1885 347 1938 373 Πα-

1154 397 1221 433 τέρα
1234 396 1369 431 ὀνομάζει,
1381 396 1476 430 λέγων·
1490 404 1499 420 ι
1512 395 1659 430 Ἀγαπὴσω
1673 403 1712 425 σε,
1723 394 1821 430 Κύριε.
1832 394 1849 429 ὴ
1865 392 1940 429 ἰσχῦς

1157 451 1218 478 μου,
1234 441 1335 478 Κύριος
1353 441 1496 477 στερέωμὰ
1513 450 1573 476 μου,
1588 441 1634 467 καὶ¹
1651 440 1795 476 καταφυγή
1816 448 1878 474 μου,
1893 439 1940 467 καὶ

1155 488 1255 523 ρύστης
1267 497 1328 523 μου.
1350 489 1378 515 '0
1393 488 1459 519 Θεὸς
1476 496 1536 523 μου,
1553 486 1646 522 βοηθός
1664 495 1724 522 μου⁷
1736 485 1784 517 καὶ
1801 485 1885 512 ὲλπιῶ
1897 485 1940 513 ἐπ’

1155 535 1249 560 αὐτόν·
1267 535 1473 570 ὑπερασπιστὴς
1491 542 1552 569 μου,
1570 533 1616 560 καὶ
1630 532 1713 568 κέρας
1729 531 1865 568 σωτηρίας
1878 539 1939 567 μου,

1154 581 1202 607 καὶ
1220 581 1394 616 ἀντιλήπτωρ
1420 589 1480 616 μου.
1502 590 1510 605 ι
1536 579 1735 606 Καταλέλοιπεν
1750 576 1797 605 οὖν
1825 577 1906 604 αὑτὸν
1925 578 1940 605 6

1157 626 1264 662 ἰσχυρὸς
1279 625 1372 656 αὐτοῦ,
1397 625 1512 661 θελήσας
1535 624 1615 652 αὐτὸν
1640 624 1720 660 μέχρι
1744 623 1869 656 θανάτου,
1893 624 1941 650 καὶ

1155 671 1269 697 Θανάτου
1291 670 1405 705 σταυροῦ
1423 670 1572 701 κατελθεῖν,
1588 670 1634 696 καὶ
1653 669 1699 696 τοῦ
1721 669 1822 704 κόσμου

1154 717 1249 753 λύτρον
1266 717 1312 743 καὶ
1336 716 1481 751 ἁντίψυχον
1499 715 1700 751 ἀποδειχθῆναι,
1726 715 1773 742 καὶ
1794 715 1941 751 καθάρσιον

1154 763 1279 797 γενέσθαι
1295 763 1344 798 τῆς
1359 762 1412 789 τῶν
1433 763 1473 793 εἰς
1489 762 1568 788 αὑτὸν
1591 762 1791 788 πιστευσάντων
1807 761 1889 797 ζωῆς.
1913 761 1941 788 '0

1155 809 1193 840 δὲ,
1215 809 1311 835 αὐτίκα
1328 808 1399 843 μάλα
1415 807 1623 843 συναισθόμενος
1645 808 1695 842 τῆς
1711 806 1803 833 ἐνθέου
1825 807 1871 834 καὶ
1887 815 1941 834 πα·

1154 854 1252 890 τρικῆς
1277 854 1385 889 βουλῆς,
1413 853 1538 888 διαγνούς
1563 862 1602 886 τε,
1625 854 1648 880 ει
1674 854 1721 880 καί
1742 861 1785 884 τις
1804 852 1942 885 ἄλλος,τὰ

1156 901 1229 928 αἴτια
1245 901 1291 927 τοῦ
1314 900 1520 935 καταλελεῖφθαι
1543 900 1623 926 αὑτὸν
1639 900 1692 926 ὑπὸ
1702 899 1748 926 τοῦ
1765 899 1882 934 Πατρὸς,
1902 899 1942 926 ἑτι

1153 948 1220 974 πολὺ
1235 948 1315 974 πλέον
1330 948 1510 973 ἐταπείνωσεν
1531 946 1637 978 ἑαυτὸν,
1654 947 1703 973 καὶ
1717 945 1763 972 τὺν
1776 946 1846 981 ὑπὲρ
1863 944 1943 980 ἡμῶν

1153 993 1267 1020 θάνατον
1284 993 1367 1029 πολλῇ
1383 995 1417 1029 τῇ
1435 992 1575 1029 προθυμίᾳ.
1600 992 1786 1028 περιεὸάλετο,
1805 1001 1815 1017 ι
1834 991 1943 1026 ἐγένετο

1152 1048 1182 1065 τε
1196 1041 1210 1066 ὁ
1226 1039 1357 1073 πανάγιος
1374 1039 1420 1066 καὶ
1436 1039 1581 1073 εὐλογητὸς
1592 1038 1662 1073 ὑπὲρ
1675 1037 1751 1073 ἡμῶν
1762 1037 1879 1073 κατάρα.
1894 1036 1943 1064 καὶ

1152 1085 1166 1110 ὁ
1181 1084 1217 1120 μὴ
1234 1085 1313 1118 γνοὺς
1336 1084 1471 1119 ἁμαρτίαν
1493 1083 1624 1119 ἁμαρτία,
1646 1083 1690 1109 ἵνα
1704 1084 1784 1118 ἡμεῖς
1799 1081 1942 1118 γενώμεθα

1152 1129 1305 1164 δικαιοσύνη
1322 1129 1388 1158 Θεοῦ
1400 1129 1429 1156 ἐν
1445 1129 1528 1164 αὐτῷ.
1544 1139 1554 1155 ι
1571 1129 1625 1155 Καὶ
1636 1129 1676 1155 ἔτι
1694 1128 1761 1163 πρὸς
1772 1128 1877 1159 τούτοις
1893 1127 1943 1159 τὰς

1153 1175 1289 1210 ἡμετέρας
1323 1175 1460 1211 ἁμαρτίας
1489 1174 1696 1210 ἀναμαξάμενος
1721 1173 1902 1211 ἐσταυρώθη.
1927 1173 1942 1201 ὃ

1152 1221 1235 1256 ἐχρῆν
1259 1221 1333 1256 ἡμᾶς
1357 1222 1420 1252 τοὺς
1445 1221 1510 1256 πρὶν
1537 1222 1645 1253 ἀσεϐεῖς
1665 1221 1771 1252 παθεῖν,
1795 1220 1942 1256 ἀντίψυχον

1151 1268 1167 1302 ἡ
1173 1266 1230 1301 μῶν
1247 1267 1294 1293 καὶ
1310 1267 1466 1302 ἀντίλυτρον
1482 1267 1673 1303 γεγενημένος,
1688 1267 1751 1294 ὥστ’
1768 1266 1801 1302 ἂν
1823 1266 1942 1301 εὐλόγως

1152 1314 1238 1339 εἰπεῖν
1254 1314 1327 1348 ἡμᾶς
1345 1312 1376 1339 τὸ
1402 1313 1583 1348 προφητικὸν·
1602 1322 1611 1339 ι
1631 1312 1717 1344 Αὐτὸς
1739 1312 1788 1344 τὰς
1805 1311 1942 1348 ἁμαρτίας

1152 1357 1230 1391 ἡμῶν
1256 1357 1343 1392 φέρει,
1370 1358 1417 1384 καὶ
1444 1359 1507 1394 περὶ
1533 1358 1609 1393 ἡμῶν
1634 1358 1768 1387 ὀδονᾶται,
1790 1358 1837 1384 καὶ
1860 1357 1942 1389 αὐτὸς

1152 1403 1353 1439 ὲτραυματίσθη
1371 1404 1416 1430 διὰ
1429 1404 1478 1435 τὰς
1496 1405 1631 1440 ἁμαρτίας
1648 1403 1736 1439 ἡμῶν,
1753 1403 1800 1430 καὶ
1818 1403 1942 1439 μεμαλᾴ-

1152 1457 1242 1475 κισται
1254 1448 1298 1475 διὰ
1314 1449 1363 1481 τὰς
1379 1449 1493 1484 ἀνομίας
1509 1449 1597 1484 ἡμῶν,
1618 1449 1661 1476 ἵνα
1675 1449 1714 1484 τῷ
1729 1449 1842 1484 μώλωπι
1859 1449 1941 1476 αὐτοῦ

1151 1495 1231 1530 ἡμεῖς
1258 1495 1386 1531 ίαθῶμεν.
1407 1495 1508 1531 Κύριος
1528 1496 1582 1531 γὰρ
1611 1495 1768 1531 παρέδωκεν
1785 1495 1865 1522 αὐτὸν
1881 1496 1942 1527 cui;

1152 1541 1299 1576 ἁμαρτίαις
1325 1541 1411 1576 ήμῶν.
1433 1551 1441 1566 ι
1459 1542 1558 1576 Διόπερ
1574 1541 1611 1573 ὡς
1634 1541 1796 1577 παραδοθεὶς
1818 1540 1870 1567 ὑπὸ
1893 1540 1941 1568 τοῦ

1151 1586 1268 1621 Πατρος,
1290 1587 1336 1613 καὶ
1367 1587 1554 1622 μαλακισθεὶς,
1581 1587 1627 1614 καὶ
1654 1587 1703 1618 τὰς
1725 1587 1839 1622 ἀνομίας

312 1647 390 1671 suus,
408 1647 469 1666 eum
485 1638 570 1665 voluit
586 1638 661 1665 illum
681 1645 767 1672 usque
787 1637 821 1663 ad
838 1641 963 1668 mortem,
986 1641 1013 1664 et
1027 1645 1100 1664 mor-

1152 1632 1313 1667 ἀνειληφὼς,
1334 1642 1342 1658 ι
1358 1633 1395 1664 ὡς
1411 1633 1545 1668 πρόϐατον
1557 1633 1603 1659 ἐπὶ
1626 1632 1731 1668 σφαγὴν
1747 1633 1827 1669 ἤχθη.
1845 1642 1854 1659 ι
1873 1633 1941 1660 Συν-

311 1687 366 1711 tem
383 1685 474 1712 crucis
488 1683 663 1715 descendere,
676 1687 703 1710 et
719 1691 768 1717 pro
782 1683 910 1710 universo
925 1683 1026 1710 tnundo
1039 1691 1100 1718 prc-

311 1730 391 1762 tiu-m,
409 1738 464 1765 quo
488 1731 586 1757 anima}
604 1729 815 1760 redimerentur,
838 1728 972 1760 exhiberi.
995 1733 1021 1755 et
1039 1729 1101 1756 vita:

311 1783 406 1804 eorum
431 1776 476 1811 qui
501 1777 527 1803 in
554 1775 633 1802 ﬁdem
657 1776 716 1810 ejus
742 1775 891 1807 venissent,
917 1775 1100 1809 expiationem

311 1822 382 1849 ﬁeri.
400 1822 447 1850 Ille
464 1829 529 1848 vero
551 1822 677 1856 protinus
694 1820 817 1848 divinum
841 1828 872 1848 ac
888 1825 1030 1856 paternum
1053 1821 1100 1848 de—

310 1873 418 1896 cretum
435 1869 590 1903 intelligens
613 1875 837 1903 eognoscensque
857 1867 880 1894 si
901 1868 962 1902 quis
980 1875 1099 1902 unquam

312 1915 393 1946 alios,
411 1922 509 1942 causas
522 1918 632 1949 propter
646 1922 714 1949 quas
730 1921 745 1940 a
761 1913 841 1940 Patre
852 1918 925 1941 esset
943 1914 1100 1949 relinquen-

312 1961 374 1992 dus,
391 1960 476 1987 multo
498 1960 580 1987 etiam
606 1959 722 1994 amplius
751 1960 870 1993 seipsum
886 1959 1006 1992 demisit,
1028 1967 1101 1987 mor-

311 2013 423 2044 temque
433 2014 483 2042 pro
497 2007 576 2034 nobis
591 2006 693 2042 ingenti
703 2007 843 2034 alacritate
854 2007 966 2038 subivit,
978 2016 987 2032 ι
998 2006 1098 2034 factus-

311 2060 365 2087 que
381 2056 422 2079 est
440 2062 449 2078 ›
465 2053 488 2080 is
504 2051 550 2086 qui
564 2056 634 2083 erat,
650 2056 677 2079 et
691 2053 883 2084 sanctissimus
899 2057 926 2080 et
941 2053 1100 2080 benedictus

314 2108 325 2124 ί
340 2105 389 2133 pro
402 2097 481 2124 nobis
496 2097 650 2125 exsecratio
661 2098 696 2130 ⁸⁸,
718 2103 745 2125 et
763 2098 809 2133 qui
826 2104 966 2133 peccatum
984 2107 1037 2125 non
1055 2107 1101 2125 n0-

311 2143 362 2175 vit,
390 2147 542 2178 peccatum,
570 2147 599 2170 ut
627 2151 677 2172 nos
701 2143 850 2171 efﬁciantur
869 2144 977 2178 justitia
1001 2144 1047 2171 Dei
1073 2145 1100 2171 in

312 2189 372 2224 ipso
383 2189 416 2215 ⁸⁸.
434 2199 444 2214 ι
463 2189 502 2215 Ad
519 2190 576 2216 lizec
597 2189 643 2216 ubi
662 2193 773 2225 peccata
789 2194 882 2217 nostra
903 2190 1026 2221 detersit,
1043 2195 1099 2217 tum

311 2236 387 2263 cruci
405 2235 500 2264 amxus
515 2241 567 2268 est,
587 2237 660 2271 qttod
678 2236 789 2272 quidem
807 2244 857 2263 nos
874 2237 929 2272 pati
944 2237 1099 2272 oportebat,

311 2287 339 2311 et
354 2291 404 2318 pro
422 2283 588 2310 redimendis
615 2283 715 2310 animis
741 2283 844 2310 nostris
867 2283 925 2317 ipse
948 2283 1035 2310 factus
1058 2287 1100 2311 est

311 2329 442 2365 pretium.
458 2337 545 2362 usque
563 2328 630 2356 adeo
643 2332 672 2354 nt
685 2335 739 2354 non
755 2328 892 2354 immerito
904 2328 969 2354 illud
982 2328 1099 2362 prophe-

311 2375 398 2402 ticum
412 2376 550 2410 possimus
565 2375 656 2402 dicere
671 2384 677 2401 ε
695 2384 704 2399 ι
719 2374 778 2409 Ipse
792 2378 903 2408 peccata
919 2377 1014 2401 nostra
1033 2374 1097 2406 fert,

312 2425 339 2448 et
353 2428 402 2456 pro
422 2421 503 2448 nobis
518 2425 559 2448 est
575 2421 600 2448 in
619 2421 723 2448 dolore.
740 2419 772 2446 Et
797 2421 854 2454 ipse
877 2420 1036 2448 vulneratus
1057 2425 1099 2448 est

313 2471 424 2503 propter
436 2471 548 2502 peccata
567 2472 672 2497 nostra,
690 2470 717 2494 et
737 2465 857 2501 elanguit
874 2470 984 2501 propter
999 2466 1101 2500 iniqui-

311 2515 384 2540 tates
400 2516 526 2544 nostras,
552 2517 582 2539 ut
609 2512 691 2539 livore
708 2511 767 2544 ejus
788 2519 839 2538 nos
864 2519 1036 2538 sanarentur.
1053 2511 1100 2545 lit-

312 2557 386 2585 enitn
402 2557 513 2586 tradidit
533 2558 608 2584 illum
631 2557 750 2591 peccatis
773 2557 917 2584 nostris".
938 2567 946 2583 ι
965 2557 1100 2589 Quocirca

312 2606 444 2638 tanquam
465 2603 582 2630 traditus
607 2610 622 2629 a
638 2607 713 2637 patre
737 2607 764 2629 et
787 2602 933 2637 languidus
949 2601 1048 2633 factus.
1073 2605 1101 2628 et

277 2682 282 2687 ἱ
313 2653 444 2683 tanquam
464 2649 488 2676 is
509 2650 555 2683 qui
574 2652 686 2683 peccata
714 2652 807 2675 nostra
833 2647 1024 2679 assumpserit,
1045 2656 1054 2672 ι
1071 2651 1100 2675 ut

313 2694 374 2722 ovis
388 2694 420 2721 ad
434 2694 534 2721 caedem
551 2699 592 2721 est
605 2694 704 2721 ductus
715 2694 748 2720 ’⁸.
765 2703 774 2719 ι
793 2692 841 2720 His
853 2692 1002 2720 concordat
1017 2693 1100 2719 etiam

313 2738 462 2774 Apostolus
486 2740 551 2767 dum
575 2740 611 2766 ita
637 2740 718 2766 aitzt
740 2739 792 2772 Qui
818 2739 929 2774 proprio
950 2738 1020 2765 Filio
1044 2745 1099 2764 non

315 2785 445 2820 pepercit,
463 2785 509 2812 sed
524 2792 573 2819 pro
588 2785 713 2813 omnibus
731 2785 810 2812 nobis
825 2784 936 2812 tradidit
953 2784 1028 2819 illum
1041 2785 1074 2811 '9.
1089 2793 1097 2808 ι

350 2844 374 2860 ’³
390 2841 411 2868 ll
427 2843 490 2871 Cor.
509 2853 576 2870 xm.
593 2845 619 2872 4.
685 2844 709 2860 ⁵³
727 2843 799 2871 Psal.
821 2852 873 2871 nn
886 2865 892 2876 ,
909 2843 965 2876 9,5.

317 2877 341 2897 ⁸⁸
360 2878 426 2905 Ibid.
447 2879 471 2905 ’1.
510 2880 531 2895 "
554 2879 630 2907 Rom.
650 2888 717 2911 vnt,
735 2879 778 2906 5'2.

352 2924 390 2951 (σι
406 2923 579 2952 Βυδίιιετιιιιιι-
597 2926 621 2952 ὁ.
637 2925 716 2952 Em.

1041 2843 1062 2859 "
1083 2842 1141 2870 Gal.
1163 2850 1207 2876 Ill,
1230 2841 1270 2868 l3.

1153 1678 1210 1712 ᾁδει
1221 1678 1324 1709 τούτοις
1336 1679 1382 1705 καὶ
1392 1679 1428 1713 (l)
1445 1679 1604 1710 Ἀπόστολος
1614 1679 1715 1713 λέγων·
1730 1689 1738 1704 ι
1762 1674 1810 1710 ’⁷ος
1825 1687 1857 1714 γε
1874 1679 1940 1707 [Non

1154 1724 1218 1750 Υίοῦ
1233 1725 1283 1751 οὐκ
1309 1725 1443 1760 ἐφείσατο,
1461 1725 1518 1751 ἀλλ’
1542 1725 1612 1761 ὑπὲρ
1631 1725 1709 1761 ἡμῶν
1735 1725 1844 1752 πάντων
1867 1733 1942 1760 παρ-

1154 1771 1252 1797 έδωκεν
1268 1771 1357 1798 αὐτόν.
1377 1780 1386 1796 ι
1402 1771 1490 1797 Κινῶν
1509 1771 1537 1797 δὲ
1555 1772 1627 1806 ἡμᾶς
1642 1771 1687 1806 ἐπὶ
1707 1770 1820 1806 ζήτησιν
1834 1771 1885 1807 τῆς
1901 1771 1942 1798 αι-

1154 1817 1222 1848 τίας,
1240 1817 1272 1843 δι’
1289 1818 1320 1852 ῆν
1337 1817 1417 1844 αὑτὸν
1435 1818 1448 1843 ὁ
1460 1817 1553 1852 Πατὴρ
1566 1817 1704 1848 κατέλιπε,
1719 1816 1834 1851 φάσκεν
1854 1826 1864 1842 ι
1883 1817 1942 1844 Ἵνα

1153 1862 1178 1888 τί
1195 1872 1227 1898 με
1253 1863 1450 1897 ἐγκατέλιπεςς
1473 1873 1483 1889 ι
1501 1863 1536 1889 Τὺ
1552 1863 1574 1889 δ’
1592 1863 1677 1889 αἴτιον
1692 1862 1772 1890 τοῦτο
1792 1861 1836 1899 ἦν,
1855 1864 1872 1899 ἡ
1894 1862 1941 1890 τοῦ

1154 1910 1253 1942 παντὸς
1277 1909 1426 1946 ἀνθρώπων
1443 1910 1538 1944 γένους
1563 1909 1760 1945 ἀπολύτρωσις,
1791 1909 1831 1945 τῷ
1858 1910 1942 1946 τιμίῳ

1153 1957 1249 1991 αἵματι
1277 1955 1495 1992 ὲξαγοραζομένη
1517 1955 1570 1982 ἀπὸ
1586 1956 1634 1991 τῆς
1655 1956 1719 1992 πρὶν
1740 1956 1862 1992 χαλεπῆς
1882 1957 1942 1984 δου-

1153 2003 1236 2035 λείας,
1261 2003 1293 2038 ἣν
1316 2004 1371 2034 τοῖς
1395 2002 1522 2037 ἀοράτοις
1547 2002 1700 2033 δεσπόταις,
1728 2002 1851 2038 δαίμοσιν
1873 2003 1942 2030 ἀκα-

1154 2049 1262 2085 θάρτοις
1279 2049 1325 2075 καὶ
1338 2049 1465 2084 πονηροῖς
1479 2048 1592 2083 ἄρχουσί
1608 2057 1637 2074 τε
1650 2049 1695 2074 καὶ
1711 2048 1848 2084 πνεύμασι
1861 2057 1942 2078 um.

1153 2094 1322 2121 δεδούλωντο.
1349 2094 1403 2120 Καὶ
1430 2093 1517 2124 ἄλλως
1541 2093 1569 2119 δὲ
1595 2093 1787 2121 καταλέλοιπεν
1818 2094 1901 2121 αὐτὸν
1927 2094 1941 2121 6

1154 2140 1258 2175 Πατὴρ,
1281 2140 1326 2166 καὶ
1341 2139 1421 2166 αὐτοῦ
1438 2138 1485 2165 τοῦ
1503 2138 1621 2174 Χριστοῦ
1635 2139 1683 2174 τὴν
1701 2139 1771 2176 ὑπὲρ
1790 2139 1941 2175 ἀνθρώπων

1153 2186 1271 2212 διάθεσιν
1290 2184 1481 2219 ἀποδειχθῆναι
1497 2184 1620 2219 θελήσας.
1639 2185 1684 2211 Διὸ
1703 2185 1817 2220 μηδενὸς
1832 2185 1941 2220 ἔχοντος

1154 2231 1274 2264 ἐξουσίαν
1284 2231 1334 2266 τῆς
1348 2231 1429 2257 αὐτοῦ
1438 2231 1526 2266 ψυχῆς
1535 2231 1604 2257 ἑκὼν
1619 2231 1698 2262 αὐτὸς
1707 2231 1777 2267 ὑπὲρ
1791 2231 1941 2268 ἀνθρὼταιη

1153 2278 1237 2313 αὐτὴν
1252 2277 1383 2309 τέθεικεν,
1403 2277 1544 2312 ὠσπεροῦν
1566 2277 1684 2304 διδάσκει
1698 2277 1800 2312 λέγων’
1823 2286 1833 2303 ι
1847 2277 1940 2309 οὐδεὶς

1152 2323 1223 2358 αἴρει
1238 2323 1287 2358 τὴν
1299 2322 1386 2357 ψυχήν
1401 2331 1450 2357 μου
1466 2322 1512 2349 ἀπ’
1530 2322 1606 2358 ἐμοῦ.
1629 2322 1766 2355 Ἑξουσίαν
1785 2322 1840 2358 ἔχω
1855 2323 1941 2357 θεϊναι

1152 2369 1246 2404 αὐτὴν,
1275 2369 1321 2395 καὶ
1347 2369 1467 2401 ἐξουσίαν
1494 2368 1548 2403 ἔχω
1579 2368 1660 2394 πάλιν
1688 2368 1778 2394 λαϐεῖν
1809 2369 1905 2403 αὑτήν.
1927 2377 1941 2395 ι

1158 2416 1235 2451 Ἑξῆς
1250 2415 1354 2446 τούτοις
1378 2416 1460 2450 φησί·
1482 2425 1491 2440 ι
1511 2414 1627 2450 Μακρὰν
1655 2415 1708 2441 ἀπὸ
1727 2414 1777 2449 τῆς
1804 2414 1939 2450 σωτηρίας

1153 2471 1204 2497 μου
1220 2463 1244 2488 οἱ
1258 2462 1332 2495 λόγοι
1350 2461 1403 2487 τῶν
1427 2461 1654 2496 παραπτωμάτων
1682 2469 1744 2496 μου.
1762 2471 1772 2487 ι
1794 2460 1864 2487 Ἀνθ“
1880 2457 1912 2487 οὗ
1924 2460 1940 2486 6

1154 2508 1202 2543 μὲν
1221 2507 1334 2538 Ἀκύλας
1344 2516 1350 2521 ·
1369 2516 1377 2532 ι
1392 2507 1507 2542 Μακρὰν
1519 2507 1572 2533 ἀπὸ
1584 2508 1633 2542 τῆς
1645 2506 1781 2542 σωτηρίας
1793 2514 1842 2542 μου

1150 2563 1184 2580 τα
1208 2553 1380 2589 βρυχήματος
1402 2561 1463 2587 μου,
1485 2563 1493 2578 ι
1517 2552 1658 2584 ἐξέδωκεν
1684 2553 1698 2579 ό
1720 2552 1749 2578 δὲ
1771 2551 1938 2587 Σύμμαχος’

1155 2609 1163 2625 ι
1192 2599 1450 2634 Ἀφεστήκασινὰπὺ
1466 2599 1514 2634 τῆς
1527 2598 1661 2634 σωτηρίας
1685 2606 1735 2634 μου
1749 2598 1774 2624 οἱ
1794 2596 1868 2632 λέγοι
1885 2596 1939 2624 τῶν

1152 2645 1275 2681 ὀδυρμῶν
1291 2653 1355 2680 μου’
1377 2655 1386 2670 ι
1403 2645 1449 2679 καὶ
1460 2645 1518 2671 καθ’
1536 2645 1632 2680 ἑτέραν
1648 2644 1675 2671 δὲ
1691 2644 1843 2679 φερομένην
1853 2643 1941 2679 ἑρμη-

1152 2691 1226 2718 νείαν
1238 2692 1365 2726 πέμπτην
1378 2691 1497 2726 εἱ”ρηται’
1515 2701 1523 2716 ι
1541 2690 1655 2726 Μακρὰν
1671 2690 1727 2716 ἀπὸ
1738 2689 1789 2725 τῆς
1802 2687 1940 2725 σωτηρίως

1155 2746 1205 2772 μου
1227 2738 1251 2764 οἰ
1267 2737 1339 2771 λόγοι
1364 2736 1417 2762 τῶν
1437 2737 1554 2772 δεήσεών
1576 2745 1635 2772 μου.
1652 2744 1661 2761 ι
1679 2735 1747 2770 Ὂρα
1769 2734 1802 2770 δὴ
1824 2733 1882 2766 οὖν,
1897 2733 1940 2760 ὅτι

1154 2784 1213 2809 κατ’
1241 2783 1383 2818 οὐδετέραν
1404 2782 1506 2809 τούτων
1531 2782 1570 2812 τὸ,
1593 2790 1602 2807 ι
1627 2781 1680 2808 τῶν
1709 2779 1939 2816 «rapa-tramite”

1345 2841 1367 2856 "
1387 2840 1407 2867 ll
1425 2840 1487 2868 Cor.
1507 2848 1532 2873 ν,
1548 2839 1594 2866 29.
1661 2839 1683 2855 ⁸⁷
1704 2838 1756 2866 lsa.
1775 2844 1848 2870 mn,
1876 2835 1936 2865 ιδ.
