2099 3217
201 186 255 213 7C9

657 188 979 218 DEMONSTRATIONIS
998 191 1226 220 EVANGELIC/E
1247 193 1309 220 LIB.
1331 193 1364 220 Χ.

1770 197 1822 225 770

203 252 264 279 μου,
285 252 295 269 ι
314 243 430 279 εἴρηται,
454 245 491 276 ὡς
515 244 655 279 συμϐαίνει
678 246 742 272 ποτὲ
761 247 898 282 σιράλματι
921 256 988 283 γρα-
1002 255 1024 282 Α

1002 255 1024 282 Α
1039 250 1171 277 Caeterum
1188 250 1311 278 excitans
1326 258 1375 277 nos
1393 250 1425 278 ad
1443 250 1630 286 inquirendam
1646 259 1755 280 causam
1772 261 1821 281 cur

201 287 274 323 φικῷ
286 288 412 320 τοιαύτας
427 288 500 321 τινὰς
511 289 659 324 ἐναλλαγὰς
676 291 814 326 φέρεσθαι.
840 292 885 318 Ἐκ
899 292 927 319 δὲ
936 293 986 328 τῆς

199 334 254 361 τῶν
268 333 395 360 πλειόνων
410 335 556 370 ἑρμηνείας
570 336 754 371 καταληπτέον
763 345 769 352 ⁸
785 338 864 374 εἰ·μὴ
878 338 931 374 ἄρα
945 348 986 371 τις

200 379 339 407 κάνταῦθα
359 380 393 406 τὰ
410 381 530 416 ἡμέτερα
547 381 755 417 παραπτώματα
774 383 986 420 ἐξοικειούμενον

198 425 285 454 ταῦτα
299 426 377 452 αὑτὸν
386 425 523 462 εἰρηκέναι
536 428 640 462 φήσειε.
653 428 762 460 Τούτοις
777 429 839 464 ἑξῆς
854 430 983 464 suosm-

202 481 212 497 ι
238 471 266 498 '0
282 471 347 503 Θεός
371 480 431 507 μου,
456 472 623 507 κεκράξομαι
649 473 766 509 ἡμέρας,
786 475 833 500 καὶ
861 475 909 501 οὐκ
929 476 984 501 εἰσ-

199 516 312 552 ακούσῃ,
332 517 378 543 καὶ
393 517 498 549 νυκτὸς,
513 518 560 544 καὶ
582 518 630 544 οὐκ
647 519 686 550 είς
701 519 792 546 ἄνοιαν
807 519 881 554 ἐμοί’
901 530 910 546 ι
925 521 983 547 ἀνθ’

197 559 229 589 οὗ
244 562 323 588 πάλιν
334 562 347 588 ὁ
361 562 516 597 Σύμμαχος
533 572 542 588 ι
555 563 583 589 '0
593 563 658 595 Θεός
674 573 735 599 μου,
757 574 766 590 ι
783 566 858 600 φησὶ,
874 575 882 590 ε
895 566 983 602 βοήσω

197 607 315 644 ἡμέρας,
329 609 375 634 καὶ
389 609 438 634 οὐκ
450 608 607 645 εξςακοὺσῃ,
623 610 669 636 καὶ
685 610 790 642 νυκτὸς,
804 612 850 638 καὶ
864 612 913 638 οὐκ
926 612 982 638 ἐστι

198 655 273 690 σιγή,
289 664 299 680 ι
316 654 453 689 Θαυμάζει
479 653 510 689 δὴ
527 653 572 682 οὖν
591 656 620 682 ἐν
637 656 740 688 τούτοις
759 657 804 684 τὸν
821 659 928 694 Πατέρα
945 659 982 690 ὡς

199 700 239 736 μὴ
253 700 428 727 εἰσακούοντα
439 700 530 733 αὑτοῦ,
542 700 614 733 ξένον
623 710 648 727 τι
658 702 736 728 τοῦτο
748 704 793 729 καὶ
803 703 877 739 παρὰ
884 705 913 730 τὸ
922 704 981 731 τύν-

197 745 262 782 ηθες
284 746 403 782 θεωρῶν.
423 747 450 772 '0
467 747 494 773 δὲ
512 747 659 781 ἐφύλαττεν
681 749 754 784 αὐτῷ
776 749 825 785 τὴν
846 751 930 786 ἀκοὴν
943 752 982 782 είς

194 792 241 819 τὸν
257 791 407 827 ἐπιτήδειον
419 792 463 818 τοῦ
477 793 682 828 εἰσακουσθῆναι
697 794 799 830 καιρόν.
816 792 898 826 Οὗτος
909 794 981 831 δὲῆν

195 838 210 863 ὸ
222 837 272 872 τῆς
292 837 457 873 ἀντιλήψεως
478 839 527 874 τῆς
543 838 655 874 ἑωθινῆς
675 840 722 866 καὶ
744 840 758 865 6
769 841 817 875 τῆς
832 841 864 867 ὲκ
877 842 981 877 νεκρῶν

195 884 378 918 ἀναστάσεως,
390 884 520 916 καθ’ὂν,εἱ
529 885 574 911 καί
581 894 632 911 τινι
641 885 722 921 ἄλλῳ,
732 886 778 912 καὶ
786 887 861 922 αὐτῷ
870 887 981 920 δικαίως

1040 295 1128 329 ipsum
1150 300 1224 330 pater
1237 296 1389 324 deseruerit
1405 297 1443 323 ait
1460 307 1465 324 :
1485 307 1494 323 ι
1507 297 1596 330 Quare
1613 307 1656 326 me
1674 299 1822 335 dereliqui‘

1039 341 1092 368 sti?
1106 351 1115 366 ι
1141 341 1229 368 Causa
1251 350 1332 377 porro
1350 343 1406 369 hare
1431 343 1491 375 fuit,
1508 343 1690 380 Momnis
1710 345 1821 373 humani

1038 387 1147 421 generis
1167 387 1315 422 redemptio
1341 396 1372 415 ac
1392 388 1528 421 liberatio,
1554 399 1613 425 quae
1633 392 1753 426 pretioso
1774 391 1822 419 illo

1038 433 1171 467 sanguine
1187 432 1256 460 facta
1284 431 1333 466 est,
1355 442 1369 460 ει
1386 435 1475 469 priore
1492 436 1536 462 illa
1555 437 1677 464 intulerat
1689 438 1715 464 ili
1734 438 1822 465 servi-

1037 480 1104 508 tute,
1119 485 1171 511 qua
1185 478 1237 505 sub
1249 479 1336 506 visum
1351 480 1543 514 cll'ugicntibus
1560 481 1688 512 dominis.
1705 483 1820 517 impuris

1037 524 1130 558 utique
1149 523 1316 552 daemonibus
1342 529 1367 552 et
1383 526 1509 561 malignis
1525 527 1696 562 principibus
1715 537 1746 555 ac
1763 530 1820 563 spi-

1036 568 1134 594 ritibus
1152 569 1354 602 premebantur.
1377 575 1403 596 et
1422 571 1472 597 alia
1490 571 1552 598 item
1575 573 1680 600 ratione
1701 573 1821 602 deseruit

1037 612 1112 639 illttm
1129 613 1219 644 Pater,
1238 619 1267 640 ut
1280 615 1346 642 illud
1360 616 1464 643 scilicet
1483 618 1681 650 ostenderetur,
1698 620 1820 647 affectio-

1035 665 1096 685 nem
1119 667 1168 694 pro
1188 659 1345 688 hominibus
1368 662 1455 696 ipsius
1473 671 1581 698 quoque
1602 664 1704 691 Christi
1721 661 1817 693 fuisse.

1036 703 1205 740 Quapropter
1232 715 1293 734 cum
1318 708 1390 735 illius
1417 709 1514 736 anima:
1533 710 1578 744 jus
1607 714 1633 737 et
1656 715 1818 746 potestatem

1035 746 1118 778 nemo
1130 752 1251 784 haberet,
1267 754 1360 781 volens
1377 755 1434 790 ipse
1450 764 1498 790 pro
1513 756 1669 785 hominibus
1684 758 1756 785 illam
1768 766 1819 794 po-

1035 798 1100 830 suit,
1118 798 1155 824 ita
1175 807 1240 825 sane
1253 800 1481 834 quemadmodum
1496 802 1573 829 docet
1586 803 1653 837 ipse,
1670 803 1735 830 dum
1747 805 1816 831 ait‘:

1037 852 1046 868 ι
1062 843 1146 870 Nemo
1164 845 1239 871 tollet
1254 847 1371 872 animam
1394 854 1481 874 meam
1496 855 1510 874 ιι
1525 856 1577 881 me;
1595 853 1754 884 potestatem
1770 851 1818 877 ha-

1035 889 1085 917 beo
1100 891 1217 924 ponendi
1238 898 1308 922 eam,
1324 895 1350 918 et
1372 897 1532 926 potestatem
1555 894 1640 921 habeo
1657 903 1754 923 rursus
1771 904 1818 923 su-

196 929 229 956 ἂν
244 929 340 965 ἐλέχθη
350 938 356 944 ·
372 939 381 954 ‹
408 930 450 957 Ἐν
465 930 552 965 καιρῷ
565 929 651 965 δεκτῷ
665 931 805 966 ἐπήκουσά
817 940 873 964 σου,
887 933 934 959 καὶ
955 934 984 959 ἐν
1000 931 1020 958 Β

1000 931 1020 958 Β
1035 936 1123 962 mendi
1144 943 1213 963 eam.
1230 936 1264 964 [is
1278 945 1337 971 quae
1351 937 1422 965 dicta
1440 943 1513 971 sunt,
1530 939 1658 976 deinceps
1673 941 1814 978 adjungit:

193 975 286 1011 ἡμέρᾳ
303 975 439 1011 σωτηρίας
462 976 597 1011 ὲὸοήθησά
614 984 664 1002 σοι.
685 975 749 1003 Ἰδοὺ
764 977 810 1003 νῦν
832 978 926 1013 καιρὸς
939 979 982 1005 εύ-

195 1020 369 1056 πρόσδεκτος,
386 1021 441 1047 ἰδοὺ
466 1020 512 1047 νῦν
527 1021 618 1056 ἡμέρα
639 1022 784 1056 σωτηρίας.
802 1032 810 1048 ι
829 1023 941 1057 Λέγοιτο
959 1025 980 1051 δ’

195 1064 228 1092 ἃν
237 1065 322 1091 ταῦτα
334 1066 379 1092 καὶ
392 1066 490 1101 ἑτέρως
504 1066 556 1092 ὑπὸ
568 1066 691 1102 Σωτῆρος
705 1068 720 1102 ἡ
725 1067 793 1102 μῶν,
808 1068 845 1099 ὠς
857 1068 982 1101 εἰωθότος

195 1111 245 1146 μὲν
258 1111 301 1138 ἀεὶ
322 1112 368 1138 καὶ
383 1111 496 1138 πάντοτε
518 1112 706 1139 είσακούεσθαι
729 1114 780 1140 ὑπὸ
802 1114 848 1140 τοῦ
864 1115 980 1151 Πατρὺς,

193 1157 241 1184 νῦν
259 1157 287 1183 δὲ
304 1157 470 1189 πιστεύοντος
489 1158 756 1194 εἰσακουσθήσεσοαι,
771 1160 837 1186 ὡσεὶ
855 1161 982 1195 σαφέστε-

194 1211 240 1239 ρον
256 1203 347 1237 ἐλεγε-
365 1204 409 1239 Mi;
425 1201 478 1230 οἷον
501 1212 530 1230 τε
546 1204 630 1235 ἐστὶν,
646 1201 668 1230 ὦ
691 1205 792 1240 Πάτερ,
809 1206 858 1240 ἐμὲ
878 1207 923 1233 τὸν
937 1207 981 1233 σὸν

193 1249 326 1284 μονογενῆ
355 1250 400 1276 καὶ
429 1250 568 1284 ἀγαπητὸν
597 1250 677 1282 Υἱὸν,
707 1250 744 1286 μὴ
774 1252 979 1284 είσακούεσθαι,

192 1295 298 1330 βοῶντα
313 1295 359 1322 καὶ
370 1296 522 1331 κεκραγότα
532 1296 608 1332 ’προς
620 1296 649 1322 σὲ
662 1296 707 1322 τὸν
720 1297 837 1332 ἐμαυτοῦ
850 1298 959 1333 Πατέρα
971 1306 979 1331 ;

191 1341 312 1369 διδάσκει
327 1341 391 1376 γοῦν
406 1342 470 1368 αὐτὸ
486 1341 564 1368 τοῦτο
576 1343 605 1368 ὲν
618 1342 656 1377 τῷ
671 1342 740 1369 κατὰ
757 1343 883 1379 Ἰωάννην
896 1344 981 1378 Εῡαγ-

190 1387 273 1423 γελίῳ
297 1388 342 1414 ἐπὶ
367 1387 414 1414 τοῦ
436 1386 573 1422 Λαζάρου,
596 1388 711 1423 ὁπηνίκα
734 1389 834 1416 εἰπών·
854 1398 863 1415 ι
879 1391 980 1426 Ἄρατε

190 1433 236 1459 τὸν
252 1432 325 1460 λίθον
342 1433 394 1459 ἀπὸ
410 1433 456 1459 τοῦ
476 1434 618 1469 μνημείου,
642 1434 728 1470 ἐπῆρε
743 1435 806 1466 τοὺς
826 1435 980 1470 ὀφθαλμοὺς

190 1478 293 1505 ἑαυτοῦ
302 1480 340 1511 είς
353 1479 396 1505 τὸν
410 1479 532 1515 οὐρανὸν,
550 1480 596 1506 καί
611 1477 671 1506 εἷπε
684 1489 690 1495 ·
709 1481 810 1516 Πάτερ,
828 1481 980 1516 εὐχαριστῶ

191 1533 244 1555 σοι,
257 1525 298 1551 ὅτι
313 1525 431 1561 ἤκουσάς
446 1535 506 1561 μου.
528 1526 597 1560 Ἐγὼ
611 1526 637 1552 δὲ
650 1526 732 1561 ᾔδειν,
745 1527 785 1553 ὃτι
801 1527 915 1553 πάντοτὲ
929 1535 979 1562 μου

190 1571 309 1603 ἀκούεις.
332 1581 340 1597 ι
356 1571 387 1597 Ei
401 1571 490 1598 τοίνυν
501 1572 613 1598 πάντοτε
627 1569 709 1598 αὐτοῦ
724 1572 883 1604 ἀκούει,οὺκ
894 1573 978 1608 ἀμφι-

1036 988 1044 1003 ι
1060 978 1150 1014 Longe
1165 987 1179 1006 τι
1191 981 1278 1008 salute
1294 990 1351 1008 mea
1368 983 1447 1010 verba
1468 983 1629 1012 delictorum
1651 993 1785 1014 meorum.
1803 997 1813 1014 ν

1031 1024 1083 1052 Pro
1109 1033 1162 1060 quo
1182 1027 1278 1060 Aquila
1303 1028 1412 1062 quidem
1435 1039 1440 1056 :
1466 1038 1474 1054 ι
1491 1028 1582 1065 Longe
1603 1038 1618 1057 a
1644 1032 1731 1059 salute
1756 1040 1817 1060 mea

1032 1070 1113 1097 verba
1141 1071 1264 1099 fremitus
1289 1073 1352 1105 mei,
1368 1082 1377 1098 ι
1401 1075 1536 1109 exposuit.
1566 1073 1745 1110 Symmachus
1767 1084 1816 1104 au-

1032 1119 1086 1142 tem
1103 1125 1108 1142 :
1125 1124 1133 1140 ι
1154 1115 1335 1144 liceesseruut
1359 1125 1373 1144 a
1401 1118 1489 1146 salute
1513 1126 1573 1147 mea
1597 1121 1679 1147 verba
1693 1120 1814 1148 luctuum

1032 1167 1165 1192 meorum,
1181 1170 1190 1186 ι
1207 1169 1313 1188 necnon
1337 1163 1409 1197 apud
1432 1163 1566 1198 quintam,
1584 1172 1644 1199 qua:
1659 1164 1754 1197 fertur,
1773 1165 1816 1193 in-

1032 1205 1253 1239 terpretationem
1267 1206 1369 1233 dicitur
1383 1216 1390 1234 :
1407 1216 1416 1232 t
1429 1207 1521 1243 Longe
1533 1216 1547 1235 a
1560 1209 1647 1236 salute
1662 1214 1720 1237 mea
1730 1210 1814 1238 verba

1031 1249 1250 1285 deprecationqu
1276 1259 1410 1280 mearum.
1426 1262 1436 1279 ι
1455 1253 1492 1280 ita
1517 1254 1593 1282 vides
1618 1255 1646 1281 in
1671 1255 1745 1281 nulla
1767 1255 1815 1282 ha-

1030 1303 1090 1323 rum
1118 1299 1326 1325 conversionum
1349 1306 1409 1334 quae
1430 1299 1566 1333 posterius
1589 1299 1668 1327 dictae
1683 1304 1757 1333 sunt,
1781 1300 1815 1328 il-

1031 1341 1087 1373 lud,
1116 1350 1125 1367 α
1141 1343 1300 1370 delictorum
1323 1351 1457 1378 meorum,
1472 1355 1481 1371 ι
1508 1345 1614 1378 haberi,
1637 1345 1736 1381 quippe
1751 1353 1814 1374 cum

1030 1386 1166 1414 interdum
1182 1388 1301 1416 librariis
1323 1391 1478 1418 errantibus
1498 1390 1653 1424 hujusmodi
1670 1393 1814 1420 varietates

1031 1432 1106 1460 libris
1125 1434 1282 1469 contingere
1304 1436 1419 1464 soleant.
1442 1437 1482 1464 Ει
1501 1438 1649 1464 multorum
1665 1442 1755 1465 autem
1769 1438 1813 1465 in-

1030 1481 1224 1513 terpretatione
1238 1481 1456 1516 investigandum
1471 1485 1523 1515 est,
1537 1486 1628 1509 utrum
1642 1483 1669 1510 in
1685 1483 1726 1510 his
1736 1483 1814 1518 quis-

1029 1525 1100 1559 piam
1120 1526 1195 1553 illum
1208 1531 1301 1553 nostra
1313 1527 1412 1554 delicta.
1425 1535 1473 1556 sua
1491 1528 1634 1556 facientem
1648 1529 1712 1556 talia
1725 1537 1813 1557 enun-

1030 1570 1112 1597 tiasse
1123 1571 1231 1598 dixerit.
1249 1570 1297 1599 His
1308 1572 1437 1607 deinceps
1454 1573 1577 1608 adjungit
1591 1584 1597 1601 :
1616 1583 1626 1600 ‹
1642 1574 1712 1602 Deus
1724 1583 1811 1608 meus,

189 1616 306 1649 ὃάλλων,
324 1616 379 1642 ἀλλ’
397 1616 518 1652 ἁκριῆὦς
535 1616 723 1652 ἐπιστάμενος,
748 1618 788 1644 ὅτι
805 1617 851 1644 καὶ
870 1616 917 1644 νῦν
930 1618 978 1644 αὺ-
992 1609 1012 1637 c

992 1609 1012 1637 C
1029 1615 1153 1642 clamabo
1165 1616 1302 1650 perdiem,
1316 1620 1343 1644 et
1358 1625 1411 1644 non
1427 1618 1568 1650 exaudies,
1584 1623 1610 1646 et
1628 1628 1675 1655 per
1692 1624 1810 1652 noctem,

188 1663 237 1689 τοῦ
259 1663 456 1694 εἰσακούσεται,
487 1663 524 1694 ὡς
547 1663 675 1690 ἀδυνάτου
700 1663 775 1696 ὖντος
790 1663 837 1691 τοῦ
862 1664 898 1700 μὴ
922 1666 978 1691 εἱσ-

189 1708 337 1736 ακούεεθαι
359 1708 455 1741 αὐτὸν,
474 1709 686 1745 ἐρωτηματικῶς
706 1717 801 1745 φησιν·
825 1718 834 1735 ι
861 1710 889 1736 '0
912 1710 977 1742 Θεός

191 1762 254 1789 μου,
268 1753 434 1790 κεκράξομαι
446 1754 562 1790 ἡμέρας,
579 1755 624 1781 καὶ
637 1755 686 1780 οὐκ
704 1754 850 1791 εἰσακούσῃ
863 1764 870 1788 ;
891 1765 900 1782 ι
915 1756 978 1782 ὐπο-

189 1800 336 1832 στιζόντων
361 1801 438 1836 ἡμῶν
455 1802 483 1827 ὲν
505 1801 553 1836 τῷ,
574 1811 582 1826 ι
603 1802 653 1828 οὐκ
674 1802 830 1838 είσακούσῃ,
852 1813 861 1828 ι
875 1803 922 1829 καὶ
947 1803 977 1830 τὸ

189 1847 309 1873 ἐναντίον
324 1847 506 1874 ὑπονοούντων
522 1847 560 1883 τῷ
577 1847 710 1883 πύσματι.
727 1847 812 1875 Τοῦτο
826 1849 891 1883 γοῦν
906 1849 977 1876 διδά-

189 1900 251 1918 σκει
280 1892 375 1928 μικρὸν
393 1893 514 1929 ὕστερον,
541 1893 642 1930 προῖὼν
669 1894 732 1929 ἑξῆς
751 1895 779 1920 ὲν
805 1895 843 1930 τῷ
866 1895 974 1931 ψαλμῷ,

188 1937 276 1972 λέγων
285 1947 291 1953 ε
303 1947 312 1964 ‹
332 1939 386 1966 Οὐκ
403 1939 578 1972 ὲξουδένωσεν
589 1939 648 1966 οὐδὲ
661 1939 830 1976 προσώχθισε
843 1942 876 1976 τῇ
887 1940 975 1976 δεήσει

187 1983 236 2010 τοῦ
263 1984 387 2019 πτωχοῦ,
411 1985 471 2011 οὐδὲ
493 1985 646 2021 ἀπέστρεψε
670 1986 700 2012 τὸ
723 1986 867 2021 πρόσωπον
892 1986 975 2013 αὑτοῦ

186 2029 236 2056 ἀπ’
253 2029 330 2065 ἐμοῦ,
349 2031 396 2057 καὶ
412 2030 440 2057 ἐν
461 2030 499 2066 τῷ
515 2031 676 2067 κεκραγέναι
695 2040 728 2066 με
744 2030 812 2068 πρὸς
829 2031 908 2058 αὑτὸν
921 2033 976 2058 είσ-

187 2075 288 2111 ἡκουσέ
301 2084 360 2110 μοι).
369 2086 378 2101 ι
389 2075 450 2106 Πῶς
463 2074 511 2102 οὖν
523 2077 698 2111 ἀποφατικῶς
711 2077 782 2111 λέγοι
791 2077 834 2109 ἂν,
847 2087 855 2102 ι
868 2078 896 2104 '0
910 2078 975 2110 Θεός

189 2128 252 2155 μου,
277 2121 445 2157 κεκράξομαι
471 2121 586 2156 ἡμέρας,
611 2123 657 2148 καὶ
671 2122 721 2148 οὐκ
744 2122 899 2158 εἰσακούσῃ,
921 2133 930 2147 ι
950 2124 974 2149 εί

188 2166 227 2202 μὴ
253 2166 323 2192 κατὰ
342 2166 391 2203 τὴν
418 2166 592 2194 ἀποδοθεῖσαν
612 2168 675 2202 ἡμῖν
693 2167 823 2203 θεωρίαν;
849 2168 881 2203 ἢν
896 2166 973 2204 οἶμαι

187 2213 235 2239 καὶ
259 2212 339 2238 αὑτὸν
367 2212 549 2245 αἰνίττεσθαι,
576 2212 702 2246 λέγοντων
725 2222 733 2238 ι
761 2213 789 2240 ’0
821 2213 886 2245 Θεός
910 2222 971 2250 μου,

187 2257 356 2294 κεκράξομαι
373 2258 488 2293 ἡμέρας,
506 2259 552 2285 καὶ
568 2258 617 2284 οὑκ
633 2259 788 2296 εἱσακούσῃ,
803 2261 849 2286 καὶ
865 2260 970 2292 νυκτὸς,
987 2276 1008 2303 D

187 2304 236 2330 καὶ
250 2304 300 2330 οὐκ
309 2304 348 2335 εἰς
361 2304 452 2331 ἄνοιαν
469 2305 539 2340 ἐμοί.
557 2314 566 2330 ›
581 2305 618 2331 Οὐ
635 2305 688 2341 γὰρ
705 2306 744 2337 εἰς
757 2305 859 2337 ἄνοιαν,
878 2306 969 2341 φησιν,

186 2349 250 2385 ἐμοὶ
261 2349 368 2384 λέγεται
378 2350 419 2382 τὸ,
436 2359 444 2375 ι
463 2350 617 2386 εἰσακούσῃ.
635 2361 645 2377 ι
662 2349 725 2378 Οἶδα
736 2351 790 2388 γὰρ
806 2352 886 2384 αὐτὸς
898 2353 971 2384 ὅπως

185 2395 264 2422 τοῦτό
286 2404 368 2431 φημι,
394 2399 584 2432 πεπεισμένος,
601 2397 641 2423 ὅτι
667 2397 790 2431 πέφυκας
815 2398 864 2433 οὐχ
882 2399 922 2425 ὅτι
938 2407 970 2432 γε

186 2442 255 2477 ἐμοῦ
274 2442 351 2477 μόνον
364 2443 604 2478 ἀντιλαμϐάνεσθαι
616 2444 662 2469 καὶ
672 2443 832 2474 εἰσακούειν,
849 2443 915 2470 ἀλλὰ
925 2443 971 2470 καὶ

187 2488 298 2514 πάντων
307 2489 360 2515 τῶν
377 2489 461 2524 ἁγίων
479 2498 533 2516 σου.
559 2489 612 2515 ’Λεὶ
635 2488 688 2524 γὰρ
706 2489 752 2515 καὶ
767 2489 810 2515 διὰ
826 2490 925 2521 παντὸς
942 2490 970 2515 ἔν

185 2535 244 2565 τοϊς
259 2533 346 2568 ἁγίοις
363 2543 410 2560 σου
423 2536 568 2566 κατοικεῖς,
583 2535 629 2560 καὶ
646 2535 677 2560 σὺ
694 2532 718 2560 εἷ
731 2535 744 2560 ὁ
761 2534 859 2566 παντὸς
875 2535 969 2570 ἀνδρὸς

187 2578 336 2614 θεοφιλοῦς,
360 2579 466 2615 Ἰσραὴλ
483 2580 759 2616 προσαγορευομένου,
784 2581 908 2612 ἔπαινος·
925 2579 970 2606 διὰ

187 2625 218 2652 σὲ
235 2623 289 2660 γὰρ
306 2625 385 2651 παντὶ
400 2623 439 2659 τῷ
457 2632 485 2650 σε
503 2624 656 2659 περιέποντι
669 2625 716 2659 οὐχ
732 2625 745 2650 ὁ
761 2622 846 2659 τυχὼν
859 2623 970 2659 προσγί-

186 2679 262 2698 νεται
282 2671 401 2702 ἔπαινος,
425 2671 472 2697 καὶ
488 2671 533 2697 ἐπι
550 2671 590 2696 σοὶ
609 2670 633 2696 οἱ
657 2670 774 2703 πατέρες
797 2669 875 2705 ἡμῶν
892 2669 970 2705 ἤλπι-

187 2724 248 2747 σαν,
266 2717 313 2742 καὶ
337 2717 495 2747 ἐλπίσαντες
514 2715 569 2742 τῶν
583 2714 790 2742 ἐπαναστάντων
813 2715 902 2746 αὐτοῖς
919 2723 969 2741 κα-

186 2762 244 2789 κῶν
260 2762 441 2799 ὲρῤύσθησαν,
459 2763 505 2789 καὶ
529 2762 596 2798 πρὸς
612 2761 641 2788 σὲ
664 2761 823 2796 ἐκέκραξαν,
841 2761 887 2787 καὶ
903 2759 970 2786 ἐσώ-

185 2807 285 2844 θησαν,
300 2808 346 2834 ἐπὶ
363 2807 404 2834 σοί
415 2816 444 2834 τε
461 2808 586 2842 ἤλπισαν,
605 2807 650 2834 καὶ
666 2804 695 2833 οὐ
710 2805 943 2841 κατῃσχύνθησαν.
959 2815 968 2831 ι

223 2898 233 2915 ι
251 2897 331 2926 Joan.
347 2906 380 2930 ι,
399 2897 442 2926 18,
480 2897 490 2913 ¹
510 2896 532 2925 ιι
548 2896 610 2924 Cor.
630 2903 674 2929 γι,
689 2895 716 2925 2.

1029 1665 1056 1687 et
1077 1667 1130 1687 non
1161 1661 1194 1688 ad
1215 1662 1399 1697 insipientiam
1432 1664 1539 1697 mihi;t
1567 1672 1615 1699 pro
1640 1673 1693 1700 quo
1715 1674 1812 1695 rursus

1029 1704 1210 1741 Symmachus
1227 1715 1233 1733 :
1249 1715 1259 1732 ί
1275 1706 1346 1734 Deus
1366 1714 1452 1739 meus,
1468 1708 1565 1742 inquit,
1588 1709 1710 1736 clamabo
1728 1711 1812 1736 inter-

1027 1751 1117 1783 diu,et
1138 1758 1193 1779 non
1220 1752 1360 1784 exaudies,
1384 1756 1411 1780 et
1431 1756 1525 1785 noctu,
1542 1757 1567 1780 et
1585 1761 1639 1780 non
1663 1758 1705 1781 est
1728 1755 1812 1782 silen-

1027 1797 1104 1824 tium.
1124 1807 1133 1824 ι
1153 1797 1224 1833 Ergo
1243 1798 1270 1824 in
1293 1798 1334 1825 his
1349 1797 1456 1825 Patrem
1472 1806 1550 1826 suum
1566 1803 1695 1834 tanquam
1711 1807 1740 1828 se
1755 1809 1811 1828 non

1027 1843 1216 1871 exaudientem
1236 1844 1397 1876 admiratur,
1423 1836 1526 1879 utpote,
1549 1851 1610 1871 cum
1636 1852 1736 1872 norum
1758 1846 1810 1874 hoc

1026 1895 1106 1925 atque
1121 1890 1282 1918 inusitatum
1295 1890 1431 1925 inspiciat.
1451 1889 1497 1917 Ille
1511 1893 1599 1916 autem
1613 1890 1676 1917 huic
1693 1891 1809 1918 audien-

1026 1937 1091 1964 tiam
1117 1937 1150 1964 ad
1178 1937 1304 1964 idoneum
1327 1937 1490 1964 exaudiendi
1512 1941 1618 1973 tempus
1648 1939 1807 1966 reservavit.

1026 1981 1083 2009 Hoc
1095 1989 1160 2009 vero
1174 1981 1237 2014 fuit,
1261 1982 1444 2017 susecptiouis
1467 1983 1607 2010 matutina:
1624 1983 1809 2011 cxcitationis-

1026 2035 1078 2063 que
1091 2035 1105 2054 a
1121 2032 1207 2055 morte
1221 2028 1254 2055 ad
1270 2029 1352 2055 vitam
1373 2034 1488 2064 tempus,
1503 2037 1557 2064 quo
1573 2037 1638 2057 sane
1649 2034 1768 2064 tempore
1783 2029 1807 2057 si

1025 2075 1134 2109 quando
1160 2075 1192 2101 ad
1219 2074 1303 2101 alium
1328 2075 1494 2110 quempiam,
1521 2075 1553 2102 ad
1581 2075 1669 2110 ipsum
1699 2082 1808 2110 quoque

1026 2119 1098 2155 iuste
1117 2119 1261 2146 dicendum
1279 2120 1349 2147 fuit:
1369 2129 1378 2144 (
1394 2119 1422 2146 in
1445 2125 1566 2155 tempore
1587 2125 1698 2155 accepto
1721 2127 1806 2148 exau-

1024 2165 1078 2191 (ἤνί
1097 2169 1132 2196 te,
1152 2166 1218 2192 etin
1241 2166 1284 2193 die
1301 2165 1397 2192 salutis
1415 2165 1504 2200 adjuvi
1519 2170 1555 2199 te;
1572 2173 1636 2193 ecce
1650 2170 1807 2205 nunc_tem-

1024 2219 1075 2246 pus
1098 2212 1276 2245 acceptabile,
1303 2219 1368 2238 cecc
1397 2219 1470 2238 nunc
1487 2212 1546 2238 dies
1570 2212 1666 2239 salutis
1676 2212 1697 2238 '.
1714 2222 1724 2238 ι
1747 2211 1805 2240 Dici

1024 2265 1087 2284 vero
1105 2260 1217 2292 possunt
1235 2257 1292 2284 haec
1310 2257 1361 2284 alia
1383 2264 1492 2292 quoque
1507 2258 1612 2284 ratione
1633 2265 1648 2284 a
1665 2257 1806 2286 Salvatore

1024 2307 1138 2336 nostro,
1162 2307 1288 2338 tauquam
1314 2303 1349 2330 ab
1364 2310 1413 2335 eo,
1437 2304 1483 2338 qui
1504 2305 1677 2331 consueverit
1698 2312 1806 2339 seraper

1024 2350 1131 2384 quidem
1147 2353 1173 2376 et
1186 2350 1213 2376 in
1233 2350 1361 2377 omnibus
1378 2351 1502 2378 exaudiri
1523 2358 1537 2378 a
1553 2350 1644 2383 Patre,
1659 2358 1732 2377 nunc
1756 2351 1807 2377 au-

1024 2402 1089 2429 tem,
1107 2397 1152 2430 qui
1165 2396 1245 2423 etiam
1263 2395 1341 2422 fidem
1358 2396 1455 2424 habeat
1470 2404 1499 2424 se
1517 2404 1578 2424 esse
1593 2395 1803 2427 exaudiendum.

1024 2449 1078 2468 non
1091 2448 1171 2468 secus
1189 2447 1220 2467 ac
1237 2440 1261 2467 si
1279 2440 1386 2474 planius
1405 2440 1518 2472 diceret,
1541 2440 1664 2474 nunquid
1679 2439 1737 2467 fieri
1756 2447 1806 2474 po-

1023 2490 1086 2518 test,
1095 2494 1111 2513 ο
1119 2486 1208 2517 Pater,
1221 2489 1251 2513 ut
1259 2494 1308 2521 ego
1318 2486 1414 2514 unicus
1424 2494 1456 2513 ac
1467 2486 1582 2513 dilectus
1591 2485 1685 2518 Filius,
1695 2486 1758 2511 dum
1770 2485 1804 2512 ad

1024 2537 1050 2560 te
1061 2532 1169 2559 Patrem
1181 2539 1271 2561 meum
1283 2532 1381 2564 clamo,
1397 2536 1425 2560 et
1436 2531 1580 2563 rociferor,
1591 2539 1645 2558 non
1656 2530 1805 2558 exaudiar?

1022 2578 1102 2614 49⁸1
1117 2578 1250 2613 siquidem
1266 2578 1318 2605 hoc
1333 2578 1421 2613 ipsum
1437 2578 1481 2606 ille
1499 2578 1568 2605 idem
1585 2577 1663 2605 docet
1678 2578 1704 2604 in
1715 2576 1804 2604 Evan-

1022 2625 1092 2659 gelio
1110 2623 1233 2654 Joannis,
1249 2623 1295 2651 ubi
1312 2624 1345 2651 de
1359 2624 1461 2651 Lazaro
1479 2631 1568 2651 sermo
1583 2627 1635 2651 est.
1657 2622 1724 2649 Nam
1740 2630 1805 2650 cum

1023 2670 1155 2698 dixisset:
1175 2680 1184 2696 ‹
1204 2669 1302 2697 Tollite
1317 2670 1431 2705 lapidem
1447 2677 1461 2696 a
1477 2673 1662 2701 monumento,
1683 2678 1694 2696 ι
1708 2672 1805 2696 διιειιιει

1023 2717 1054 2743 lit
1070 2716 1167 2744 deinde
1185 2717 1279 2744 oculos
1293 2723 1356 2743 suos
1373 2716 1406 2743 ad
1421 2716 1519 2744 ctelum
1535 2720 1561 2743 et
1576 2715 1645 2743 dixit
1660 2724 1666 2742 :
1683 2724 1694 2741 ι
1711 2714 1804 2748 Pater,

1023 2763 1125 2796 gratias
1141 2770 1191 2798 ago
1209 2763 1267 2796 tibi,
1285 2762 1412 2797 quoniam
1432 2761 1558 2789 audivisti
1574 2769 1626 2791 me.
1642 2761 1699 2796 Ego
1713 2765 1804 2789 autem

1024 2807 1142 2835 sciebam
1159 2808 1232 2844 quod
1246 2816 1353 2843 semper
1365 2816 1408 2836 me
1429 2807 1506 2836 audis
1522 2808 1541 2836 '.
1562 2817 1571 2834 ι
1589 2806 1617 2835 Si
1635 2807 1718 2842 igitur
1733 2815 1805 2836 sem-

757 2895 766 2912 '
783 2894 864 2923 Joan.
882 2902 926 2930 Il,
944 2893 1037 2922 59-“.
