2099 3217
293 120 347 148 ΤΗ

635 118 772 149 EUSEBII
788 118 1030 147 CESARIENSIS
1048 119 1123 148 OPP.
1144 119 1237 148 PARS
1254 121 1329 149 IL—
1346 119 1597 149 APOLOGETICA.

1866 122 1917 148 7ῗὲ

297 189 348 217 per
364 181 440 209 illum
465 180 552 214 audit,
578 187 651 207 nunc
674 187 782 215 quoque
804 187 860 206 non
883 179 1022 212 dubitans,
1039 179 1085 207 sed

1144 179 1251 215 Ἐπειδὴ
1264 177 1310 206 οὖν
1322 179 1421 211 πάντες
1437 180 1462 206 οἱ
1476 180 1547 214 ἅγιοι
1557 179 1658 205 τούτων
1669 177 1761 214 ἔτυχον
1773 178 1849 214 παρὰ
1863 178 1918 211 σοῦ,

298 227 381 262 plane
405 231 573 262 compertum
597 226 701 253 habens
723 233 753 253 se
776 232 838 253 esse
858 226 1034 257 audiendum,
1058 230 1085 253 et

299 278 429 308 tanquam
445 272 501 300 ﬁeri
517 280 571 299 non
587 272 685 306 possit,
702 275 732 298 ut
747 278 802 298 non
818 270 955 301 audiatur.
981 279 1014 298 ex
1044 271 1086 297 in-

298 319 482 354 terrogatione
501 318 536 344 aiI
557 327 564 345 ε
586 327 595 343 ‹
618 317 687 345 Deus
703 325 790 348 meus,
817 318 941 343 clamabo
955 317 1084 347 interdiu,

299 368 327 391 et
342 372 396 390 non
418 363 567 390 exaudies?
591 372 600 388 ›
619 362 699 389 nobis
722 362 846 389 videlicet
866 362 1085 396 interrogationis

299 412 391 434 notam
403 407 565 435 addentibus
577 408 608 434 ad
623 408 746 438 verbum,
766 417 775 432 ‹
796 407 937 438 exaudies,
955 417 962 432 ι
979 411 1005 434 et
1020 415 1086 434 eon-

299 453 413 480 trarium
430 454 500 487 ejus,
519 453 592 488 quod
604 454 800 488 interrogatum
817 453 863 484 sit,
877 453 1084 488 subintedligen-

297 499 382 527 tibus.
406 499 545 535 Siquidem
573 500 624 526 hoc
652 500 740 534 ipsnnt
767 499 848 533 paulo
875 504 934 533 post
961 508 1085 527 sermone

299 554 462 581 progressus
492 546 612 572 ostendit
630 545 758 580 deinceps
785 546 811 571 itt
837 547 942 579 psalmo
963 547 1058 573 dicens
1077 556 1084 574 :

302 602 311 617 ε
332 591 391 619 Νοη
413 593 515 627 sprevit
540 600 627 625 neque
645 592 785 618 molestam
806 592 899 619 habuit
915 592 1085 626 deprecatio-

299 646 361 666 nem
379 639 516 673 pauperis,
532 646 619 672 neque
636 638 733 664 avertit
748 637 844 664 facient
867 645 944 664 suam
958 645 972 663 a
989 646 1040 669 me,
1059 641 1085 664 et

298 691 360 710 cum
377 684 523 710 clamarem
539 685 570 710 ad
588 691 661 714 etuti,
687 683 825 710 exaudivit
843 691 893 710 me.
919 693 928 708 ι
944 683 1085 716 Quomodo

298 729 382 764 igitur
398 729 521 763 negative
537 728 600 754 illud
613 728 737 754 diretur‘!
755 726 842 753 «Deus
855 734 944 758 mens,
960 727 1086 753 clamabo

299 774 429 804 interdiu,
444 777 535 800 etnon
551 773 690 801 exaudies,
721 781 729 797 ι
750 771 803 798 nisi
824 779 855 797 ea
873 772 977 798 ratione
1004 779 1084 806 quam

298 825 350 846 nos
365 818 517 849 attulimus,
536 825 617 852 quam
635 825 701 844 sane
722 817 856 843 rationem
873 818 960 851 ipsum
977 825 1085 852 quoque

298 863 418 891 arbitror
431 862 586 898 signiﬁcare
604 863 668 889 dum
684 863 751 889 dicit
773 873 779 890 :
799 873 808 888 ι
838 863 908 890 Deus
924 872 1010 891 meus.
1030 866 1084 890 cla-
1102 866 1120 892 Β

298 909 380 937 maho
397 909 524 940 interdiu,
537 913 562 935 et
573 916 626 935 tton
641 908 782 939 exaudies,
799 913 824 935 et
838 913 930 940 noctu,
945 913 971 935 et
987 917 1040 935 non
1052 909 1085 935 ad

299 955 484 990 insipientiam
502 955 594 981 mihi.»
612 954 670 981 Non
686 955 759 982 enim
781 955 813 982 ad
832 955 1027 990 insipientiam,
1045 956 1086 981 iit-

298 1001 391 1035 quit,a
404 1009 446 1028 me
457 1000 555 1027 dicitur
568 1001 644 1032 illud,
658 1010 667 1025 ‹
685 1000 825 1028 exaudies.
839 1010 848 1026 ι
865 1001 930 1027 bovi
946 1001 1016 1027 enitn
1030 1001 1086 1035 ipse

298 1054 351 1082 qua
367 1047 472 1074 ratione
488 1046 539 1073 hoc
550 1047 649 1079 dicam,
664 1047 764 1081 quippe
779 1047 825 1081 qtti
841 1046 918 1073 lidt-m
934 1047 1047 1072 habeam
1061 1050 1086 1072 te

297 1096 397 1119 natura
423 1099 589 1126 propensum
614 1099 675 1118 esse
702 1092 735 1118 ad
762 1091 978 1126 suscipiendum,
1005 1095 1086 1126 atque

298 1139 464 1166 audiendum
480 1146 534 1165 non
552 1139 640 1166 solutn
659 1146 712 1169 me,
736 1138 783 1165 sed
806 1139 887 1165 etiam
909 1146 1003 1166 omnes
1022 1147 1086 1166 san-

298 1190 358 1212 ctos
375 1189 446 1211 tuos.
464 1183 578 1218 Semper
599 1184 671 1210 enim
699 1187 725 1210 et
749 1191 945 1218 usquequaque
976 1185 1003 1211 in
1030 1185 1085 1212 tuis

299 1230 402 1258 sanctis
417 1230 535 1262 habitas,
552 1230 678 1264 idemque
694 1230 751 1265 ipse
760 1238 789 1256 es
802 1230 1020 1265 uniuscujusque
1030 1230 1085 1258 Deo

299 1277 443 1305 familiaris
461 1281 542 1311 atque
555 1276 636 1302 amici
653 1276 783 1307 ltotnittis,
795 1277 841 1309 qtti
857 1276 939 1303 Israel
955 1278 1085 1311 appellari

298 1323 483 1355 consueverit,
497 1323 554 1348 laus
571 1331 576 1348 :
594 1325 704 1356 propter
723 1324 748 1347 te
764 1321 837 1347 enim
852 1322 884 1348 ad
903 1329 1010 1348 omnem
1023 1330 1085 1349 euttt

299 1369 346 1404 qui
373 1373 399 1395 te
423 1369 582 1402 complexus
608 1368 655 1398 sit,
683 1375 737 1394 non
760 1369 880 1404 vulgaris
902 1370 993 1396 venire
1017 1370 1086 1396 solet

300 1415 370 1442 laus.
391 1424 400 1439 ι
419 1414 451 1440 Et
466 1414 493 1440 in
510 1418 535 1439 te
547 1417 638 1448 patres
653 1414 738 1440 nostri
755 1419 943 1449 Speraverunt,
960 1425 968 1440 ι
986 1419 1084 1442 etcum

300 1464 452 1495 sperarent,
470 1460 504 1486 ab
517 1459 705 1493 ingruentibus
717 1460 744 1486 iit
762 1460 837 1495 ipsos
851 1461 929 1487 tnalis
946 1470 955 1485 ί
978 1461 1085 1488 liberati

300 1511 375 1538 sunt,
390 1511 416 1533 et
430 1505 462 1533 ad
479 1510 505 1532 te
516 1506 713 1537 clamaverunt,
732 1510 758 1533 et
777 1507 845 1533 salvi
871 1506 933 1533 facti
954 1511 1029 1538 sunt,
1044 1511 1085 1533 at-

299 1561 353 1589 que
366 1553 393 1580 in
408 1557 433 1579 te
446 1556 625 1587 speraverant
636 1556 662 1578 et
675 1551 782 1579 confusi
799 1560 853 1578 non
867 1557 941 1579 sunt.
961 1562 970 1578 ι
988 1552 1015 1579 Si
1033 1553 1085 1587 igi-

298 1602 345 1627 tur
364 1606 459 1626 omnes
482 1598 570 1625 sancti
595 1598 652 1625 haec
677 1605 692 1624 a
710 1604 735 1625 te
751 1599 974 1633 impetraverunt,
991 1604 1018 1626 et
1030 1600 1087 1625 cla-

299 1651 406 1672 tnantes
421 1645 542 1672 exauditi
569 1648 644 1676 suttt,
663 1652 716 1671 non
743 1650 832 1671 autent
848 1646 965 1675 conl’nsi,
982 1651 1086 1680 quanto

299 1691 387 1725 magis
413 1698 456 1718 me
481 1694 558 1716 tuum
581 1689 709 1716 dilectum
735 1690 818 1716 lilium
840 1691 1003 1717 clamantem
1031 1699 1086 1726 pra:

299 1736 406 1764 cunctis
417 1736 519 1770 absque
538 1743 614 1762 mora
626 1736 776 1763 exaudies?
788 1735 866 1768 Quod
883 1737 904 1763 si
923 1737 1085 1764 adntirantis

298 1782 451 1817 cujuspiam
465 1782 553 1809 instar
572 1783 684 1809 enuntio
701 1782 777 1814 illud,
807 1792 815 1807 ι
834 1782 972 1813 Clantabo,
989 1787 1016 1810 et
1031 1791 1085 1810 non

299 1829 448 1856 exaudiesl
468 1837 478 1853 ι
499 1836 554 1855 non
571 1833 661 1855 tamen
678 1827 711 1854 ad
737 1828 920 1863 insipientiant
950 1829 1086 1864 profertur

298 1875 364 1902 talis
379 1882 394 1901 a
414 1883 458 1902 me
471 1874 570 1901 oratio.
588 1873 656 1901 Novi
684 1874 756 1901 enim
776 1875 833 1909 ipse
845 1882 900 1909 quo
914 1882 997 1902 sensu
1011 1883 1085 1902 meas

298 1928 395 1957 preces
410 1920 533 1952 enuntio,
550 1927 605 1947 non
629 1920 826 1955 gloriabundus
851 1921 976 1948 videlicet
997 1929 1084 1956 neque

296 1965 480 2002 jactabundus
497 1974 502 1991 :
519 1972 582 1991 nam
607 1972 668 1991 cum
691 1966 742 1992 sim
766 1970 923 1992 mansuetus
938 1969 1018 2000 atque
1033 1967 1084 1993 ltu-

298 2011 373 2039 milis
385 2010 477 2044 corde,
497 2010 593 2037 hutnili
614 2011 678 2037 item
698 2018 772 2038 more
786 2015 813 2038 et
833 2019 899 2038 mea:
924 2016 1084 2039 mansuetu-

299 2057 357 2085 dini
370 2061 564 2087 consentaneo,
583 2055 696 2082 humilia
709 2056 743 2083 de
757 2056 861 2091 meipso
880 2057 985 2090 loquor,
1000 2056 1084 2092 m

298 2102 417 2131 Proinde
437 2102 518 2129 etiam
543 2102 675 2136 meipsum
693 2109 810 2129 vermem
836 2103 960 2136 appello:
976 2107 1003 2129 et
1018 2103 1082 2137 quid

299 2156 391 2177 verme
407 2148 515 2175 tandem
542 2155 603 2174 esse
629 2148 714 2182 possit
730 2148 877 2174 humilius?
893 2149 932 2175 sic
948 2156 981 2175 ne
995 2148 1083 2175 homi-

1136 225 1318 260 κεκράξαντές
1334 233 1364 251 τε
1381 226 1605 261 εἰσηκούσθησαν,
1626 225 1673 252 καὶ
1688 225 1718 251 οὺ
1737 224 1919 260 κατῃσχύνθη-

1137 280 1197 303 σαν,
1215 271 1290 306 πόσῳ
1298 271 1338 308 ⁵δὴ
1356 271 1435 298 πλέον
1452 272 1518 307 ἐμοῦ
1541 271 1587 298 τοῦ
1603 271 1650 297 σοῦ
1666 270 1807 306 ἀγαπητοῦ
1829 270 1918 302 παιδὸς

1138 316 1252 351 βοῶντος
1267 316 1365 351 μᾶλλον
1381 316 1507 342 ἁπάντων
1521 317 1566 342 καί
1579 316 1748 350 ἑτοιμότερον
1760 315 1916 350 εἰσακοὺσῃ;

1137 362 1167 388 El
1184 362 1212 388 δὲ
1227 362 1274 388 καὶ
1290 361 1537 397 ἅποθαυματτικῶς
1555 370 1634 396 φημι,
1654 369 1663 386 t
1684 359 1918 395 Κεκρὰξομαι,γ,αὶ

1136 409 1185 434 οὐκ
1196 408 1342 443 είσακούσῃ
1353 409 1358 434 !
1375 418 1382 433 ι
1396 408 1452 434 ἀλλ’
1464 408 1513 433 οὐκ
1522 409 1561 439 εἰς
1577 408 1668 434 ἄνοιαν
1681 408 1694 434 ὀ
1706 407 1782 440 λόγος
1801 415 1845 441 μοι
1858 414 1919 440 προ-

1137 453 1257 488 φέρεται,
1283 450 1347 479 (ita:
1370 452 1434 487 γοῦν
1458 453 1530 483 ὅπως
1555 453 1604 487 τὴν
1621 452 1702 487 εὐχὴν
1723 451 1867 487 προφέρω,
1884 451 1918 485 μὴ

1137 498 1348 533 ὲναϐρυνόμενος
1362 499 1427 534 μηδὲ
1445 499 1662 534 ἓγκαυχώμενος,
1680 497 1736 524 ἀλλ’
1753 497 1790 529 ὡς
1803 503 1920 524 ταπεινο-

1137 544 1251 579 φρονῶν.
1277 544 1353 570 Ἐπεὶ
1363 544 1416 579 γὰρ
1434 545 1519 579 πρᾶός
1535 545 1591 579 εἰμι
1607 544 1654 570 καὶ
1669 542 1795 574 ταπεινὸς
1809 541 1843 578 τῇ
1860 549 1920 577 καρ-

1137 590 1190 625 δίᾳ,
1208 590 1341 619 ταπεινῶς
1357 591 1401 616 καὶ
1414 592 1446 625 τῇ
1464 590 1581 624 ἐμαυτοῦ
1599 590 1730 625 πραότητι
1741 589 1847 621 οἰκείως
1860 587 1920 623 περὶ

1136 635 1254 670 ἐμαυτοῦ
1271 635 1385 661 ταπεινὰ
1398 635 1560 670 φθέγγομαι.
1585 635 1661 661 Οὕτω
1677 635 1709 670 δὴ
1731 636 1778 662 καὶ
1796 635 1920 671 σκώληκα

1136 683 1253 717 ἐμαυτὸν
1269 681 1394 717 ὀνομάζω
1407 690 1412 696 ·
1431 682 1457 707 τί
1479 681 1532 717 γὰρ
1547 681 1579 708 ἃν
1595 682 1698 715 γένοιτο
1721 680 1862 717 σκώληκος
1876 690 1921 708 τα-

1136 729 1291 764 πεινότερον
1304 737 1310 760 ;
1325 728 1385 754 ὅθεν
1401 727 1454 754 οὐδ’
1473 727 1614 762 ἄνθρωπον
1631 727 1748 762 ἐμαυτὸν
1764 727 1865 763 εἴποιμ’
1879 727 1920 758 ἂν.

1136 776 1174 806 εἱς
1195 774 1328 810 τοσαύτην
1354 774 1517 800 ταπείνωσιν
1539 774 1571 800 ἐκ
1596 773 1643 799 τοῦ
1668 773 1767 799 οἰκείου
1794 772 1921 808 μεγέθους

1136 820 1282 851 κατελθὼν,
1300 820 1369 846 ὥστε
1388 820 1434 846 καὶ
1461 818 1598 854 σκώληκος
1623 819 1704 855 μηδὲν
1722 819 1809 845 δοκεῖν
1833 810 1922 852 διαρρέ-

1138 875 1203 902 ρειν.
1217 866 1261 892 διὰ
1277 866 1306 892 τὺ
1329 866 1375 892 καὶ
1394 866 1473 901 μέχρι
1494 865 1607 891 θανάτου
1622 865 1668 891 καὶ
1691 865 1741 899 τῆς
1763 863 1811 890 τοῦ
1831 863 1921 899 σώμα-

1136 922 1181 944 τος
1208 913 1308 947 φθάσαι
1334 913 1444 947 φθορᾶς.
1464 912 1547 938 Πόθεν
1570 911 1624 945 γὰρ
1649 910 1758 937 ἄλλοθεν
1781 910 1921 944 γεννηθείη

1138 959 1244 995 σκώλῃξ
1262 960 1277 994 ἢ
1296 959 1348 985 ἀπο
1372 960 1504 994 σωμάτων
1522 958 1641 992 φθορᾶςς
1660 958 1699 989 εἰς
1724 958 1757 992 ῆν
1783 957 1830 983 καὶ
1846 957 1922 987 αὐτὸς

1137 1004 1283 1035 κατελθὼν,
1296 1004 1408 1035 εἰκότως
1425 1003 1541 1039 ἐμαυτὸν
1555 1002 1681 1037 σκώληκα
1698 1003 1744 1028 καὶ
1760 1002 1809 1028 οὐκ
1825 1001 1923 1037 ἄνθρω-

1137 1058 1186 1076 πον
1203 1049 1342 1083 γινώσκω’
1366 1050 1405 1075 δὴ
1422 1050 1468 1075 καὶ
1493 1049 1592 1083 γέγονα
1612 1057 1621 1072 t
1642 1048 1740 1079 ὄνειδος
1763 1047 1921 1083 ἀνθρώπων,

1137 1097 1182 1121 καὶ
1199 1095 1363 1130 ὲξουδὲνημα
1374 1095 1448 1126 λαοῦ,
1465 1105 1472 1120 ι
1492 1095 1541 1121 οὐκ
1553 1094 1736 1128 ἂνγενόμενος
1749 1093 1808 1119 οὐδὲ
1825 1093 1922 1125 ὄνειδος

1136 1142 1297 1177 ἀνθρώπων,
1321 1143 1379 1168 οὐδὲ
1407 1141 1580 1176 ἐξουδένημα,
1614 1143 1638 1167 εί
1659 1141 1697 1176 μὴ
1719 1141 1801 1176 μέχρι
1818 1140 1921 1175 σκώλη-

1136 1196 1183 1218 κος
1200 1187 1328 1222 ὲφθάκειν
1356 1187 1431 1222 παρὰ
1452 1188 1496 1213 τὸν
1518 1187 1564 1213 τοῦ
1594 1188 1696 1218 πάθους
1713 1187 1817 1222 καιρόν.
1843 1187 1920 1222 Τηνι-

1136 1233 1224 1260 καῦτα.
1240 1233 1304 1268 γοῦν
1317 1233 1481 1268 θεωροῦντες
1499 1242 1529 1268 με
1548 1233 1595 1260 ἐπὶ
1608 1233 1654 1259 τοῦ
1676 1233 1792 1269 σταυροῦ
1807 1233 1921 1268 ἀνηρτη-

1138 1280 1226 1315 μένον,
1255 1280 1481 1314 ἐξεμυκτήρισαν,
1508 1279 1555 1305 καὶ
1581 1279 1712 1313 ἐλάλησαν
1741 1280 1769 1304 ὲν
1795 1278 1920 1314 χείλεσιν.

1136 1326 1262 1362 ἐκίνησαν
1279 1334 1308 1351 τε
1325 1325 1444 1360 κεφαλὴν
1461 1325 1584 1359 λέγοντες
1596 1334 1602 1339 ·
1623 1334 1632 1350 t
1652 1325 1784 1352 ’Ήλπισεν
1800 1326 1848 1351 ἐπὶ
1869 1324 1920 1351 Κύ-

1136 1381 1204 1407 ριον,
1224 1372 1349 1407 ῥυσάσθω
1366 1371 1456 1402 αὑτὸν,
1476 1371 1589 1397 σωσάτω
1613 1371 1704 1403 αὐτὸν,
1725 1372 1766 1397 ὃτι
1783 1371 1854 1397 θέλει
1876 1371 1921 1398 αὺ-

1136 1418 1190 1443 τόν.
1210 1428 1218 1443 ›
1239 1417 1329 1444 Ταῦτα
1344 1418 1391 1452 μὲν
1405 1415 1451 1443 οὖν
1464 1418 1570 1444 ᾶπαντα
1586 1417 1629 1444 διὰ
1644 1417 1691 1443 τοῦ
1706 1417 1813 1452 ψαλμοῦ
1833 1417 1921 1452 σαφῶς

1137 1465 1200 1500 περὶ
1213 1465 1266 1490 τῶν
1281 1464 1429 1499 μελλόντων
1441 1464 1601 1499 γενήσεσθαι
1614 1465 1728 1499 μακροῖς
1741 1463 1800 1490 ποθ’
1814 1462 1922 1498 ὕστερον

1136 1512 1241 1546 χρόνοις
1255 1511 1419 1542 ὲθεσπίζετο,
1433 1511 1526 1542 τέλους
1539 1511 1567 1536 δὲ
1583 1510 1740 1545 ἐτύγχανεν,
1752 1509 1843 1541 ὁπότε,
1854 1508 1923 1536 κατὰ

1136 1558 1182 1583 τὸν
1195 1557 1341 1587 Ἀπιατθαῖον,
1361 1567 1369 1582 t
1388 1556 1594 1593 σταυρωθέντων
1605 1557 1652 1582 σὺν
1668 1555 1740 1591 αὐτῷ
1753 1555 1799 1582 δύο
1806 1555 1920 1591 λῃστῶν,

1138 1603 1195 1634 ὲνὺς
1211 1603 1243 1629 ἐκ
1257 1603 1360 1635 δεξιῶν,
1379 1604 1425 1629 καὶ
1442 1602 1500 1634 ἑνὸς
1517 1602 1546 1635 ἐξ
1563 1602 1708 1636 εὐωνύμων
1725 1601 1772 1628 τοῦ
1787 1602 1920 1638 Σωτῆρος,

1136 1650 1160 1675 οἰ
1188 1649 1437 1684 παραπορευόμενοι
1465 1649 1656 1684 ἐϐλασφήμουν
1683 1648 1763 1675 αὐτὸν
1788 1647 1922 1681 κινοῦντες

1136 1694 1185 1725 τὰς
1201 1694 1319 1728 κεφαλὰς
1336 1693 1434 1723 αὐτῶν,
1451 1695 1497 1721 καὶ
1513 1694 1636 1727 λέγοντες
1648 1703 1668 1719 Ἱ
1681 1694 1749 1720 Οὐαὶ
1759 1695 1773 1720 ὁ
1784 1693 1922 1721 καταλύων

1136 1742 1181 1767 τὸν
1199 1741 1271 1772 ναὸν,
1295 1742 1341 1766 καὶ
1364 1741 1392 1765 ἐν
1415 1742 1503 1775 τρισὶν
1523 1741 1640 1776 ἡμέραις
1663 1734 1823 1775 οἰκοδομῶν.
1837 1740 1923 1768 σῶσον

1138 1787 1262 1813 σεαυτὸν·
1282 1789 1305 1813 εἰ
1329 1786 1393 1818 Υἱὸς
1410 1785 1434 1813 εἴ
1455 1786 1502 1813 τοῦ
1527 1786 1606 1817 Θεοῦ,
1634 1786 1768 1822 κατάϐηθι
1796 1786 1850 1813 ἀπὸ
1875 1785 1922 1813 τοῦ

1138 1833 1264 1868 σταυροῦ.
1288 1833 1402 1868 Ὁμοίως
1416 1833 1444 1859 δὲ
1467 1834 1513 1859 καὶ
1536 1834 1559 1859 οἱ
1583 1833 1721 1868 ἀρχιερεῖς
1744 1832 1924 1868 ἐμπαίζοντες

1138 1879 1206 1914 μετὰ
1228 1879 1281 1905 τῶν
1311 1878 1502 1914 πρεσϐυτέρων
1529 1879 1575 1905 καὶ
1601 1879 1787 1914 γραμματέων
1812 1878 1921 1913 ελεγον·

1137 1925 1247 1956 Ἂλλους
1264 1925 1374 1955 ἔσωσεν,
1391 1924 1484 1950 ἑαυτὸν
1504 1925 1533 1950 οὐ
1551 1924 1661 1951 δύναται
1686 1924 1781 1951 σῶσαι.
1800 1925 1832 1951 Εἰ
1848 1924 1923 1960 βασι-

1135 1972 1196 2003 λεὺς
1212 1971 1258 1997 τοῦ
1282 1970 1388 2006 Ἰσραὴλ
1401 1972 1468 2002 ἐστι,
1486 1970 1631 1997 καταϐάτω
1650 1970 1696 1997 νῦν
1713 1970 1767 1997 ἀπὸ
1780 1970 1828 1998 τοῦ
1841 1979 1924 1998 σταυ-

1137 2017 1193 2052 ροῦ,
1212 2018 1258 2044 καὶ
1282 2017 1461 2052 πιστεύσομεν
1488 2016 1572 2052 αὐτῷ.
1593 2017 1624 2043 Et
1651 2016 1779 2043 πέποιθεν
1804 2017 1851 2044 ἐπὶ
1877 2017 1924 2044 τὸν

1134 2063 1210 2093 Θεὸν,
1228 2062 1355 2097 ῥυσάσθω
1371 2062 1417 2088 νῦν
1434 2062 1525 2095 αὑτὸν,
1542 2064 1565 2089 ει
1582 2062 1652 2089 θέλει
1668 2063 1758 2089 αὐτόν.
1776 2060 1845 2090 Eii-cs
1856 2063 1923 2100 γὰρ,

1134 2107 1184 2138 ὅτι,
1202 2107 1265 2138 Υἱὸς
1277 2106 1344 2133 Θεοῦ
1361 2108 1445 2142 εἰμι.»
1457 2106 1535 2133 Κατὰ
1546 2107 1574 2133 δὲ
1587 2107 1632 2132 τὸν
1640 2108 1756 2134 Λουκᾶνο
1773 2117 1783 2133 ι
1794 2107 1924 2144 Elaﬁum

1134 2157 1148 2182 ὁ
1163 2156 1225 2187 λαὸς
1242 2155 1360 2191 θεωρῶν,
1378 2155 1425 2182 καὶ
1443 2155 1653 2190 ἐξεμυκτήριζον
1678 2154 1760 2181 αὐτὸν
1781 2155 1807 2181 οἱ
1823 2155 1923 2191 ἄρχον-

298 2203 362 2224 nem
376 2195 486 2230 quidem
502 2195 634 2229 meipsum
650 2194 777 2227 dixerim,
793 2202 855 2221 cum
869 2195 962 2229 utique
976 2195 1009 2221 ad
1023 2199 1082 2221 tan-

1134 2211 1178 2233 τες
1202 2202 1249 2228 σὺν
1271 2202 1363 2232 αὐτοῖς
1385 2200 1526 2235 λέγοντες·
1546 2201 1657 2232 Ἄλλους
1684 2201 1780 2232 ἔσωσε,
1809 2201 1925 2229 σωσάτω

298 2247 355 2270 tam
371 2241 551 2269 humilitatem
570 2241 664 2267 relicta
689 2248 748 2267 mea
765 2241 952 2276 magnitudine
966 2241 1082 2267 descen-

297 2289 397 2320 derim.
417 2291 447 2315 ut
471 2287 554 2315 etiam
574 2294 664 2314 verme
687 2287 773 2313 ttiltilo
796 2287 968 2321 praestantior
997 2287 1083 2313 videri

298 2336 413 2371 possim,
428 2338 570 2370 propterea
587 2333 661 2368 quod
677 2341 763 2368 usque
784 2334 816 2360 ad
830 2339 944 2361 mortem
957 2339 984 2362 et
996 2342 1083 2370 usque

299 2383 333 2411 ad
358 2383 499 2410 interitum
523 2382 647 2417 corporis
671 2383 851 2416 pervenerim.
882 2382 999 2418 (Etenim
1029 2391 1082 2418 qua

297 2430 407 2458 tandem
432 2429 485 2455 alia
512 2428 619 2455 ratione
642 2427 731 2454 factus
757 2428 792 2455 sit
815 2429 926 2461 vermis,
945 2429 996 2456 nisi
1018 2430 1081 2464 quia

297 2483 412 2510 corpora
427 2475 515 2502 solent
525 2474 694 2509 corrumpi?)
706 2474 746 2501 Ad
761 2482 841 2510 quem
864 2483 929 2502 sane
941 2476 1080 2502 interitum

297 2529 360 2549 cum
383 2522 440 2556 ipse
463 2528 572 2555 quoque
594 2519 794 2552 descenderim,
825 2521 923 2548 merito
947 2521 1080 2556 meipsum

297 2574 417 2594 vermem
433 2571 460 2594 et
478 2575 531 2594 non
555 2567 693 2594 hominem
715 2574 835 2601 agnosco
851 2576 857 2593 :
881 2575 913 2594 ex
929 2575 983 2601 quo
999 2569 1081 2594 etiam

301 2623 309 2638 ι
334 2613 423 2641 lactus
438 2621 498 2641 sum
515 2613 692 2649 opprobrium
710 2613 848 2640 hominum
866 2617 893 2640 et
910 2613 1025 2647 abjectio
1036 2621 1082 2648 po-

298 2659 365 2694 puli,
381 2669 390 2685 ι
407 2660 452 2694 qui
464 2660 573 2694 quidem
589 2667 728 2694 nunquam
741 2659 766 2686 id
779 2667 865 2694 genus
879 2659 967 2686 factus
980 2667 1079 2689 essent,

298 2705 350 2731 nisi
365 2712 452 2740 usque
467 2705 500 2732 ad
517 2706 616 2733 vermis
638 2705 819 2733 eunditimtem
838 2706 889 2733 sub
907 2706 994 2740 ipsum
1019 2714 1080 2741 pas-

298 2749 385 2777 sionis
398 2754 505 2785 tempus
517 2759 679 2786 progressus
694 2760 794 2779 essem.
808 2751 885 2779 Tunc
898 2752 979 2787 igitur
991 2752 1081 2779 viden-

298 2801 339 2822 ICS
352 2803 393 2822 me
409 2797 437 2822 in
456 2804 537 2824 cruce
553 2805 725 2831 Suspensum,
748 2807 756 2822 1
786 2798 1034 2828 subsannaverunt.
1051 2801 1078 2825 ει

299 2841 381 2871 locuti
395 2845 459 2869 sunt
474 2842 563 2874 labiis,
591 2846 617 2869 et
641 2848 782 2870 moverunt
808 2847 898 2876 caput,
921 2843 1043 2870 dicentes
1069 2851 1075 2867 :

1136 2248 1241 2278 ἑαυτὸν,
1259 2249 1282 2274 εί
1305 2245 1381 2279 οὗτος
1397 2248 1470 2274 ἐστιν
1486 2249 1500 2274 ὁ
1515 2247 1630 2282 Χριστὸς
1645 2248 1659 2273 ὀ
1675 2247 1738 2279 Υἱὸς
1753 2246 1801 2274 τοῦ
1822 2247 1891 2274 Θεοῦ
1908 2248 1924 2274 ό

1136 2294 1272 2326 ἐκλεκτός.
1289 2304 1298 2319 ι
1314 2294 1391 2321 Κατὰ
1409 2294 1438 2321 δὲ
1450 2295 1495 2320 τὸν
1505 2294 1632 2329 Μάρκον·
1651 2303 1660 2318 ι
1675 2294 1730 2320 Καὶ
1745 2295 1770 2320 οἱ
1790 2294 1926 2330 παράγω-

1135 2350 1180 2373 τες
1196 2340 1386 2376 ἐϐλασφήμουν
1402 2341 1494 2371 αὑτὸν,
1511 2341 1648 2373 κινοῦντες
1671 2340 1719 2373 τὰς
1737 2341 1858 2375 κεφαλὰς
1874 2341 1925 2368 αῠ‹

1135 2387 1199 2418 τῶν,
1213 2387 1259 2413 καὶ
1270 2387 1392 2421 λέγοντες
1401 2395 1408 2401 ·
1424 2387 1491 2413 Οὐαὶ
1503 2388 1516 2413 ὁ
1532 2387 1673 2413 καταλύων
1685 2386 1730 2413 τὸν
1746 2386 1821 2419 ναὸν,
1832 2388 1879 2414 καὶ
1893 2387 1925 2414 ἑν

1136 2433 1223 2468 τρισὶν
1239 2433 1357 2469 ἡμέραις
1383 2433 1531 2468 οἰκοδομῶν
1559 2433 1654 2459 αὐτόν·
1686 2432 1772 2459 σῶσον
1797 2433 1924 2464 σεαυτδν,

1135 2478 1181 2504 καὶ
1199 2477 1331 2513 κατάϐηθι
1353 2478 1406 2504 ἀπὸ
1430 2478 1476 2503 τοῦ
1507 2478 1633 2513 σταυροῦ.
1655 2486 1665 2503 ι
1686 2477 1802 2513 ὀμοίως
1818 2478 1867 2505 καὶ
1895 2478 1924 2505 οι

1135 2525 1271 2559 ἀρχιερεῖς
1286 2523 1464 2558 ἐμπαίζοντες
1483 2524 1522 2555 εἰς
1535 2523 1665 2559 ἀλλήλους
1679 2523 1748 2559 μετὰ
1762 2523 1818 2550 τῶν
1837 2532 1926 2560 γραμ-

1137 2569 1241 2604 ματέων
1258 2568 1363 2603 ἔλεγον·
1375 2578 1383 2593 ι
1399 2568 1511 2600 Ἄλλους
1528 2568 1639 2601 ἔσωσεν,
1653 2568 1748 2595 ἑαυτὸν
1764 2569 1795 2596 οὐ
1812 2568 1925 2596 δύναται

1136 2614 1231 2641 σῶσαι·
1250 2615 1264 2641 ὁ
1280 2614 1395 2649 Χριστὸς
1411 2615 1425 2640 ὁ
1438 2614 1562 2649 βασιλεὺς
1582 2614 1629 2641 τοῦ
1653 2613 1759 2649 Ἰσραὴλ
1775 2614 1925 2641 καταϐάτω

1135 2659 1181 2686 νῦν
1204 2660 1256 2686 ἀπὸ
1271 2660 1317 2687 τοῦ
1345 2660 1477 2695 σταυροῦ,
1501 2660 1544 2686 ἵνα
1572 2660 1670 2695 ἴδωμεν
1695 2660 1741 2686 καὶ
1769 2659 1924 2686 πιστεύσω-

1137 2714 1185 2741 μεν
1211 2705 1294 2741 αὐτῷ.
1317 2716 1326 2731 t
1347 2706 1437 2732 Ταῦτα
1471 2706 1522 2742 γὰρ
1542 2707 1568 2732 τί
1596 2706 1628 2733 ἂν
1660 2706 1783 2742 διαφέροι
1810 2705 1866 2733 τῶν
1893 2706 1925 2732 ἓν

1133 2751 1172 2786 τῷ
1197 2751 1294 2786 ψαλμῶ
1322 2752 1628 2787 προαναπεφωνημένων
1653 2753 1681 2778 ὲν
1707 2751 1756 2786 τῷ,
1771 2760 1781 2777 t
1805 2750 1877 2786 Ἐγὼ
1893 2750 1924 2778 δέ

1132 2796 1188 2830 ειμι
1218 2795 1333 2830 σκώληξ,
1363 2797 1409 2822 καὶ
1440 2798 1489 2823 οὐκ
1514 2797 1664 2831 ἅνθρωπος,
1689 2796 1789 2827 ὄνειδος
1814 2795 1924 2832 ἀνθρὼ-

1132 2850 1189 2868 πων
1220 2843 1265 2868 καὶ
1294 2842 1458 2878 ὶξουδένημα
1486 2843 1559 2869 λαοῦ.
1576 2843 1676 2873 "dum;
1703 2843 1727 2869 ot
1756 2841 1923 2878 θεωροῦντα
