2099 3217
154 2905 163 2919 ⁴

196 163 249 190 775

636 162 792 190 DEMONS'I
801 163 961 191 RATIONIS
975 163 1202 192 EVANGELICxE
1222 164 1284 192 LIB.
1308 164 1340 193 Χ.

1753 165 1802 191 ’ΠΙ

195 232 229 259 με
240 222 454 258 ἐξεμυκτήρισάν
470 232 513 258 με,
527 223 658 258 ἐλάλησαν
672 226 699 251 ὲν
711 226 837 259 γείλεσιν.
848 225 975 260 ἐκίνησαν
989 228 1011 255 Α

972 234 975 247 ν
989 228 1011 255 Α
1028 234 1036 250 ι
1060 224 1183 259 Speravit
1208 225 1236 251 in
1261 224 1386 255 Domino,
1400 223 1496 258 eripiat
1513 231 1586 255 eum.
1603 223 1706 251 salvum
1722 224 1801 251 faciat

192 268 323 304 κεφαλήν
343 269 473 295 Ἦλπισεν
493 270 538 295 ἐπὶ
555 268 663 304 Κύριον,
683 270 808 304 ῥυσάσθω
825 270 915 302 αὑτὸν,
934 271 974 296 ὃτι

193 314 264 340 Θέλει
280 314 369 340 αὐτόν.
392 323 401 339 ι
417 314 471 340 Καὶ
489 314 525 348 μὴ
549 313 690 350 θαυμάσῃς
713 315 737 340 εἰ
759 314 844 340 ταῦτα
861 314 931 340 κατὰ
945 315 975 340 τὸ

193 359 278 390 πάθος
294 358 341 385 τοῦ
357 359 480 394 Σωτῆρος
500 359 578 394 ἡμῶν
594 359 686 394 εἴρητό
700 367 729 385 τε
743 360 789 385 καὶ
804 359 973 395 πεπλήρωτο,

191 405 271 431 ὁπότε
283 405 364 431 εἰσέτι
374 404 452 439 δεῦρο
461 405 534 440 παρὰ
547 406 627 432 πᾶσιν
642 404 791 440 ἀνθρώποις
800 407 854 437 τοῖς
865 406 975 441 μηδέπω

190 449 240 485 τὴν
253 451 293 481 είς
312 450 390 476 αὐτὸν
407 450 496 476 πίστιν
520 450 689 484 άνειληφόσιν
710 450 809 481 ὄνειδος
826 450 974 486 ἀνθρώπιον

190 501 354 536 νενόμισται.
375 501 408 527 Τί
425 501 477 537 γὰρ
499 501 530 528 ἂν
552 501 654 536 αἴσχιον
677 502 723 528 καὶ
744 502 842 533 παντὸς
859 502 974 534 ὀνείδους

190 548 281 582 χεῖρον
294 547 340 573 τοῦ
356 547 558 582 σταυρωθῆναις
579 547 657 573 Ἀλλὰ
676 548 721 573 καὶ
736 546 899 583 ὲξουδένημα
909 547 972 574 λαοῦ

190 593 259 623 ἐστι,
280 592 326 618 τοῦ
346 593 377 618 ἐκ
402 593 566 628 περιτομῆς,
594 593 692 624 παντὸς
711 593 799 619 αὐτῶν
815 593 861 619 τοῦ
882 593 972 625 ἔθνους

190 637 274 664 εἰσέτι
285 638 332 664 νῦν
352 639 399 664 καὶ
415 640 532 674 σήμερον
547 639 684 674 χλευάζειν
700 639 746 665 καὶ
763 639 908 672 ἐξουθενεῖν
928 640 972 665 καὶ

189 684 356 711 καταπτύειν
364 684 486 716 εἰωθότος
497 685 588 711 αὐτοῦ.
605 685 683 711 Ὅθεν
693 686 738 711 καὶ
748 685 858 716 εἰκότως
869 686 882 711 ὁ
899 686 972 712 ’Λπό-

190 731 290 762 στολος·
303 741 312 757 ‹
323 731 416 766 Ἡμεῖς
423 731 451 758 δὲ
460 731 630 767 κηρύσσομεν
638 732 750 767 Χριστὸν
759 732 969 767 ἐσταυρωμένον,

195 777 329 808 Ἰουδαίοις
346 777 395 811 μὲν
411 777 565 811 σκάνδαλον,
581 777 704 804 ἔθνεσιδὲ
721 778 834 813 μωρίαν.
852 788 860 804 ›
875 779 927 804 Καὶ
937 778 970 805 τὰ

188 822 252 858 ἑξῆς
268 823 296 849 δὲ
308 824 437 858 είρημένα
452 825 480 849 ἐν
496 823 534 857 τῷ
547 823 645 858 ψαλμῷ
660 822 740 849 εἰσέτι
759 823 804 849 καὶ
819 823 864 849 νῦν
882 823 970 860 εὕροις

188 868 220 894 ἂν
233 869 308 904 παρὰ
319 871 373 900 τοῖς
383 869 488 900 πολλοῖς
501 869 563 904 περὶ
578 868 623 894 τοῦ
638 868 717 895 αὑτοῦ
730 868 870 903 λεγόμενα.
881 869 969 896 Ταῦτα

188 913 238 948 μὲν
255 912 300 940 οὖν
317 914 379 950 περὶ
394 914 443 948 τῆς
455 913 633 948 διαλαὸούσης
650 914 728 940 αὑτὸν
745 914 826 940 εἰσέτι
844 914 901 940 τότε
918 924 967 941 πε-

187 959 337 995 ριστάσεως
351 959 457 994 ηὔχετο·
470 959 545 991 εἰδὼς
556 961 583 986 δὲ
601 960 637 995 μὴ
647 960 754 995 χείρονα
764 958 844 985 οὖσαν
857 959 906 993 τῆς
921 960 966 986 τοῦ

187 1006 300 1034 θανάτου
323 1007 461 1041 συμφορᾶς
478 1006 527 1041 τὴν
545 1005 654 1041 πρώτην
672 1005 752 1031 αὐτοῦ
769 1006 808 1036 είς
824 1005 911 1040 σάρκα
927 1006 968 1032 ἑν-

184 1053 268 1085 δεσιν,
282 1054 328 1080 καὶ
338 1053 386 1088 τὴν
400 1054 431 1079 ἐκ
445 1052 553 1088 θηλείας
566 1052 612 1078 καὶ
628 1051 760 1087 παρθένου
772 1051 886 1086 γένεσιν,
898 1052 967 1078 κατὰ

185 1099 281 1134 καιρὸν
296 1099 324 1125 ἐν
340 1100 396 1130 τοῖς
408 1099 470 1134 περὶ
485 1098 598 1124 θανάτου
613 1097 667 1124 τῶν
681 1098 730 1132 τῆς
742 1098 873 1131 γενέσεως
887 1098 966 1124 αὑτοῦ

186 1144 348 1180 μνημονεύει
365 1144 450 1178 λόγων
467 1144 533 1180 πρὸς
551 1144 596 1170 τὸν
616 1143 739 1179 Πατέρςν
762 1153 770 1168 ι
792 1144 851 1169 Ὅτι
869 1145 900 1170 σὺ
915 1142 940 1169 εἴ
954 1145 967 1170 ὁ

184 1191 325 1222 ἐκσπάσας
349 1200 381 1226 με
403 1192 435 1217 ὲκ
450 1190 576 1226 γαστρὸς,
594 1191 609 1225 ἡ
628 1190 704 1221 ἐλπίς
723 1198 772 1225 μου
792 1189 844 1216 ἀπὸ
859 1191 966 1224 μαστῶν

183 1236 235 1271 τῆς
255 1236 355 1272 μητρός
375 1245 434 1271 μου.
463 1236 523 1262 Ἐπὶ
539 1236 567 1261 σὲ
584 1235 733 1270 ἐπερρίφην
756 1235 788 1260 ὲκ
807 1235 921 1270 μήτρας,
936 1235 967 1260 ὲκ

182 1289 286 1320 κοιλίας
301 1289 401 1325 μητρός
415 1297 465 1324 μου
482 1288 546 1319 Θεός
563 1296 612 1323 μου
631 1285 655 1313 εἷ
671 1286 712 1313 σύ.
733 1297 741 1312 ο
760 1285 866 1313 Τούτων
886 1287 914 1312 δὲ
931 1288 968 1314 εί-

182 1335 271 1367 κὸτως
280 1335 410 1370 ἀναφέρει
426 1334 473 1370 τὴν
490 1335 599 1369 μνήμην
614 1335 652 1365 είς
666 1333 841 1368 παραμυθίαν
853 1333 902 1367 τῆς
915 1332 966 1358 τῶν

183 1381 324 1415 παρόντων
339 1379 504 1414 ἀπαλλαγῆς.
519 1380 622 1414 ’Ὠσπερ
633 1379 697 1414 γὰρ,
710 1379 784 1413 φησὶ,
793 1378 905 1412 γέγονας
917 1386 965 1413 μου

182 1426 290 1461 βοηθὸς,
309 1426 386 1461 σῶμα
409 1425 576 1460 ἀνθρώπειον
597 1425 785 1457 ἀναλαϐόντος,
810 1425 853 1450 ὅτε
875 1423 922 1450 καὶ
938 1423 968 1455 ἐξ

181 1471 269 1506 αὐτῆς
282 1472 329 1507 τῆς
342 1471 524 1506 κυοφορούσης
542 1479 574 1505 με
592 1470 709 1506 γαστρὸς
723 1470 754 1496 σὺ
771 1470 850 1501 αὐτὸς
869 1470 882 1495 ὁ
902 1469 968 1501 Θεός

183 1526 234 1552 μου
249 1517 295 1543 καὶ
305 1517 397 1552 Πατήρ
413 1525 473 1551 μου,
485 1516 577 1552 ὥσπερ
595 1515 756 1551 μαιούμενος
767 1515 815 1550 τὴν
827 1515 888 1550 ἐμοὶ
903 1523 966 1541 κατ-

181 1563 384 1598 εσκευασμένην
395 1563 424 1595 ἐξ
437 1562 511 1596 άγίου
523 1562 678 1597 Πνεύματος
689 1562 788 1597 σάρκα,
802 1560 963 1593 ἑξέσπασας,
978 1563 999 1592 C

179 1610 231 1645 τὴν
241 1609 336 1636 ἑαυτοῦ
353 1609 465 1644 δύναμιν
479 1608 584 1644 ὀρέξας,
600 1608 637 1640 ὡς
652 1607 684 1634 ἂν
701 1608 737 1643 μή
755 1616 797 1639 τις
810 1607 903 1643 ἐνέδρα
919 1607 964 1634 καὶ

179 1655 312 1690 ἐπιϐουλὴ
317 1654 348 1688 ἐξ
356 1655 547 1690 ἀντικειμένων
554 1654 692 1689 δυνάμεων
699 1654 745 1680 καὶ
755 1653 878 1689 πονηρῶν
885 1662 964 1680 πνευ-

181 1701 276 1734 μάτων
290 1700 519 1735 διαφθονουμένων
529 1701 562 1735 τῇ
574 1701 612 1732 εἰς
625 1699 782 1736 ἀνθρώπους
794 1699 902 1735 παρόδῳ
913 1707 962 1734 μου

178 1747 295 1781 γένοιτο·
311 1747 372 1773 ἐπεὶ
386 1747 433 1773 καὶ
444 1746 515 1773 κατὰ
528 1747 575 1782 τὴν
592 1746 702 1782 πρώτην
716 1745 844 1780 σύλληψιν
862 1745 893 1771 σὺ
911 1745 962 1771 πά-

179 1792 222 1820 λιν
235 1793 266 1819 τδ
277 1793 348 1819 κατὰ
356 1793 472 1828 γαστρὸς
482 1793 657 1823 ὲπεσκίασας,
668 1792 705 1823 ὡς
716 1791 749 1818 ἂν
760 1791 832 1817 λάθω
845 1791 907 1822 τοὺς
919 1791 964 1826 ἆρ-

178 1847 278 1875 χοντας
296 1839 342 1866 τοῦ
357 1839 452 1870 αἰῶνος
470 1839 563 1865 τούτου
578 1840 594 1873 ἡ
610 1838 639 1870 ἐξ
653 1838 730 1872 ἁγίου
745 1837 901 1873 Πνεύματος
914 1837 964 1872 τῆς

176 1885 261 1919 ἁγίας
280 1884 416 1920 Παρθένου
440 1884 576 1919 σύλληψις.
598 1885 683 1920 Ὅπερ
704 1883 773 1919 μέγα
790 1883 935 1918 μυστήριον
948 1883 963 1909 ὁ

179 1931 228 1962 σὸς
246 1931 412 1966 ἀρχάγγελος
434 1931 546 1966 ἐξέφηνε
567 1929 696 1966 Γαϐριὴλ,
710 1931 743 1964 τῇ
758 1929 852 1964 Μαρίᾳ
867 1928 959 1954 εἰπών·

181 1993 191 2008 ε
209 1983 322 2018 Πνεῦμα
344 1983 418 2017 ἅγιον
444 1982 617 2009 ἐπελεύσεται
644 1982 690 2007 ἐπὶ
715 1981 753 2012 σὲ,
778 1980 825 2007 καὶ
851 1979 963 2015 δύναμις

184 2029 312 2065 Ὑψίστου
328 2029 481 2056 ἐπισκιάσει
497 2037 546 2054 σοι.
567 2037 576 2053 ι
602 2026 776 2062 Ὠσπεροῦνή
795 2026 828 2062 σὴ
843 2026 901 2052 τότε
914 2024 961 2051 τοῦ

182 2074 312 2109 Ὑψίστου
332 2074 444 2110 δύναμις
466 2072 714 2113 συλλαμϐανόμενον
740 2071 788 2107 μὲν
806 2070 960 2103 ὶπεσκίασε,

175 2120 336 2156 τικτόμενον
352 2119 380 2146 δὲ
396 2119 544 2153 ἐξέσπασεν
569 2119 623 2145 ἀπὸ
643 2118 760 2153 γαστρὸς
783 2116 883 2152 μητρός
901 2124 961 2151 μου,

174 2166 249 2193 οὕτω
266 2165 348 2202 πολλή
366 2175 410 2201 μοι
422 2166 548 2201 τυγχάνει
564 2165 733 2201 παραμυθία,
745 2165 785 2191 ὅτι
796 2164 842 2190 καὶ
854 2162 901 2189 τοῦ
916 2163 962 2189 θα-

175 2213 259 2239 νάτου
286 2221 319 2248 με
344 2212 410 2239 πολὺ
436 2212 534 2247 μᾶλλον
557 2211 730 2242 ἀνασπάσεις.
756 2210 811 2236 Καὶ
830 2209 908 2235 τοῦτό
930 2217 961 2242 γε

175 2257 305 2290 ἐλπίζων,
320 2258 366 2284 ἐπὶ
379 2258 408 2284 σὲ
418 2257 534 2284 πέποιθα
545 2257 590 2284 τὸν
599 2256 716 2292 ἐμαυτοῦ
728 2256 793 2282 Θεὸν
804 2256 850 2282 καὶ
860 2254 960 2290 Κύριον
976 2263 998 2290 ι)

175 2303 226 2331 καὶ
239 2304 358 2339 Πατέρα·
379 2304 425 2330 καὶ
448 2303 564 2330 πέποιθα
585 2304 614 2329 οὐ
632 2303 678 2330 νῦν
693 2303 799 2338 πρῶτον
812 2301 962 2338 ἀρξάμενος

173 2347 226 2384 τῆς
240 2348 280 2380 εἰς
294 2348 324 2373 σὲ
335 2347 452 2379 ἐλπίδος,
468 2347 534 2374 ἀλλὰ
546 2348 592 2374 καὶ
605 2348 659 2379 ὅτε,
674 2348 727 2374 ἀπὸ
738 2347 846 2382 μαστῶν
861 2346 962 2382 μητρός

176 2401 229 2429 μου
243 2393 293 2428 τὴν
308 2393 429 2429 νηπιώδη
447 2394 549 2430 τροφὴν
569 2393 776 2428 ἀναλαμϐάνων,
801 2392 960 2428 ὲνομιςόμην

174 2443 277 2476 ὁμοίως
291 2446 346 2476 τοῖς
358 2445 411 2472 τῶν
422 2445 571 2481 ἀνθρώπων
585 2445 710 2480 βρέφεσιν
726 2445 822 2480 ἀτελὴς
835 2443 903 2471 εἶναι
915 2444 961 2470 καὶ

174 2489 283 2524 63.0.70;-
299 2490 336 2526 μὴ
351 2489 388 2517 ὢν
402 2491 455 2527 γὰρ
469 2491 596 2522 τοιοῦτος,
612 2492 635 2517 εί
655 2492 701 2517 καὶ
715 2491 794 2526 σῶμά
812 2500 856 2525 μοι
870 2491 960 2525 ὅμοιον

174 2535 330 2572 ἀνθρώποις
347 2534 391 2572 ἦν,
403 2538 449 2563 καὶ
463 2537 510 2572 τὴν
524 2537 647 2572 δύναμιν,
663 2537 722 2564 οὐδὲ
736 2537 784 2572 τὴν
799 2537 891 2562 οὐσίαν
902 2538 958 2568 τοῖς

173 2581 283 2613 πολλοῖς
297 2581 334 2608 ὢν
349 2582 480 2618 ἐμφερὴς,
494 2582 586 2614 ἄνετος
598 2583 625 2609 δὲ
639 2583 684 2609 καὶ
698 2582 837 2613 άπόλυτος,
852 2579 895 2608 οἷά
910 2589 956 2607 σου

172 2628 221 2655 τοῦ
230 2627 298 2654 Θεοῦ
313 2629 406 2664 ἀμνὸς,
430 2629 476 2655 και
502 2629 530 2661 ἐξ
551 2629 656 2664 ἐκείνης
673 2629 721 2664 τῆς
734 2621 840 2664 ἡλικίας
860 2628 958 2658 γαλου-

172 2681 315 2717 χούμενος,
330 2681 401 2716 λέγω
412 2682 444 2716 δὴ
459 2682 512 2708 ἀπὸ
529 2681 637 2717 μαστῶν
653 2681 702 2715 τῆς
717 2680 818 2716 μητρός
831 2689 891 2715 μου.
905 2680 959 2706 Καὶ

171 2729 250 2755 οὔπω
265 2727 344 2754 τοῦτο
361 2729 431 2764 μέγα
446 2737 486 2759 τις
499 2728 640 2763 ἡγήσεται,
662 2727 685 2752 εί
698 2726 787 2762 μάθοι,
804 2727 843 2753 ὅτι
859 2726 905 2752 καὶ
919 2726 958 2752 ἔτι

172 2774 306 2810 πρότερον
324 2775 370 2801 ἐπὶ
389 2775 419 2801 σὲ
432 2775 581 2810 ἐπερῤίφην
601 2775 632 2800 ἐκ
649 2774 764 2809 μήτρας,
779 2774 826 2800 καὶ
840 2773 893 2799 ἀπὸ
907 2781 957 2806 γα-

172 2822 255 2857 στρὸς
273 2821 374 2856 μητρός
393 2829 442 2856 μου
457 2821 522 2852 Θεός
538 2829 587 2856 μου
604 2818 629 2846 εἴ
643 2819 686 2846 σύ.
703 2819 762 2845 Ἔτι
775 2819 829 2854 γὰρ
842 2818 913 2845 ἔνδον
929 2820 957 2844 ὲν

204 2869 210 2875 ’
226 2871 236 2885 ⁵
257 2869 354 2896 Matth.
372 2877 462 2901 nvu,
480 2868 576 2896 40-45.
615 2869 625 2883 '
645 2867 706 2894 Luc.
730 2874 813 2900 xxin,
832 2867 876 2893 35.

915 2867 925 2882 '
945 2865 1027 2894 Marc.
1049 2875 1098 2900 xv,
1115 2866 1210 2895 29-52.

1026 278 1087 297 eum
1102 271 1229 304 quoniam
1243 270 1299 296 vult
1314 277 1386 296 cum.
1402 279 1411 295 I
1430 269 1492 296 Hec
1513 270 1594 304 igitur
1614 269 1694 304 plane
1710 270 1802 296 omnia

1026 315 1052 342 in
1069 315 1175 350 psalmo
1198 315 1231 342 dc
1254 315 1287 342 iis
1303 322 1363 349 qlae
1378 319 1431 341 tam
1448 316 1527 350 longo
1542 320 1603 350 post
1624 319 1744 350 tempore
1760 315 1803 341 fu-

1025 364 1085 386 tura
1101 364 1188 391 erant,
1206 360 1333 394 praedicta
1349 364 1422 392 sunt,
1449 361 1597 395 eademque
1621 369 1700 387 suum
1721 361 1802 387 linem

1025 409 1090 432 sunt
1105 411 1261 436 consecuta,
1278 414 1332 440 quo
1348 411 1479 440 tempore,
1496 410 1525 432 ut
1541 411 1582 433 est
1596 406 1665 440 apud
1682 405 1802 433 Matthe-

1024 459 1080 483 um,
1094 452 1167 478 cruci
1183 451 1267 478 allixis
1284 459 1345 478 cum
1360 459 1392 478 eo
1409 452 1514 478 duobus
1527 452 1687 483 latronibus,
1702 459 1755 479 uno
1768 451 1801 478 ad

1023 497 1156 527 dextram.
1171 498 1255 524 altero
1270 497 1303 524 ad
1320 497 1470 528 sinistram,
1483 498 1527 531 qui
1546 497 1606 524 illae
1618 497 1799 531 przeteribaut,

1022 543 1093 568 mala
1110 543 1136 569 in
1155 543 1231 568 illum
1242 543 1423 577 congerebant
1439 547 1577 570 moventes
1594 543 1683 577 capita
1700 550 1759 573 sua,
1774 546 1801 569 et

1023 587 1144 615 dicentes
1160 596 1166 614 :
1181 596 1189 612 ι
1209 587 1278 619 Vah,
1294 588 1339 622 qui
1353 588 1470 615 destruis
1486 587 1613 622 templum
1629 592 1655 615 ct
1668 587 1694 614 in
1713 588 1802 615 tribus

1022 632 1118 659 diebus
1134 633 1261 659 aedificas.
1280 632 1388 659 Salvum
1404 632 1446 659 fac
1462 633 1576 667 teipsuln
1595 643 1601 660 :
1616 633 1637 659 si
1657 631 1740 659 Filius
1753 633 1800 660 Dei

1021 685 1061 709 es,
1078 677 1211 705 descende
1226 678 1259 705 de
1273 686 1363 705 cruce.
1379 677 1508 705 Similiter
1523 682 1549 705 et
1562 679 1698 713 principes
1709 686 1801 706 sacer-

1022 723 1115 750 dotum
1133 724 1277 750 illudentcs
1292 731 1353 750 cum
1376 724 1528 752 senioribus
1544 729 1569 751 et
1593 725 1706 757 Scribis,
1726 725 1800 753 dice-

1021 768 1086 795 bant
1104 778 1109 795 :
1137 769 1211 795 Alios
1237 769 1327 795 salvos
1351 768 1423 801 fecit,
1439 770 1558 803 seipsum
1575 776 1627 795 non
1644 773 1733 803 potest
1747 770 1800 797 sal-

1021 821 1083 840 vum
1101 814 1200 841 facere.
1217 813 1244 840 Si
1263 813 1318 841 Rex
1337 813 1418 841 Israel
1430 818 1482 846 est,
1509 815 1656 842 descendat
1679 823 1751 842 nunc
1766 815 1800 842 de

1020 867 1112 890 cruce.
1130 864 1156 886 et
1175 860 1318 886 credemus
1329 859 1363 886 ei.
1383 858 1411 886 Si
1428 859 1548 887 conlisus
1563 865 1604 887 est
1620 860 1684 892 Deo,
1702 861 1800 888 liberet

1019 912 1092 932 nunc
1119 913 1191 937 eum,
1217 905 1240 932 si
1258 905 1315 932 vult
1339 913 1412 932 eum.
1438 905 1510 932 Dixit
1533 907 1604 933 enim
1624 916 1630 934 :
1649 906 1734 934 Filius
1751 907 1799 936 Dei

1019 958 1078 977 sum
1091 950 1112 977 ‘.
1133 961 1143 976 ι
1160 950 1194 977 Ut
1208 958 1273 978 vero
1289 955 1331 978 est
1344 951 1415 986 apud
1430 950 1530 978 Lucam
1550 961 1555 979 :
1573 961 1582 977 ‹
1604 951 1698 979 Stabat
1713 961 1799 989 popu-

1018 996 1060 1023 lus
1075 1000 1212 1031 spectans,
1233 1001 1260 1024 et
1281 998 1487 1024 subsannabant
1501 1006 1562 1025 eum
1583 999 1721 1034 principes
1735 1006 1798 1026 cum

1018 1042 1067 1073 eis,
1086 1042 1208 1070 dicentes
1233 1052 1239 1069 :
1263 1043 1338 1070 Alios
1365 1043 1455 1070 salvos
1480 1043 1554 1076 fecit,
1585 1044 1689 1070 salvum
1717 1043 1798 1072 faciat

1018 1088 1148 1122 seipsum,
1166 1088 1188 1114 si
1206 1088 1250 1115 hic
1265 1092 1307 1116 est
1322 1088 1448 1116 Christus
1464 1088 1549 1116 Filius
1566 1089 1611 1116 Dei
1631 1090 1733 1117 electus
1744 1090 1765 1117 '.
1784 1099 1794 1115 ι

1017 1134 1051 1159 At
1066 1133 1216 1160 secundum
1234 1133 1354 1160 Marcum
1367 1143 1373 1161 :
1389 1143 1398 1158 ι
1418 1134 1615 1160 Ρταξιονειιιιιθδ
1626 1134 1796 1168 blasphema-

1017 1178 1082 1205 bant
1100 1187 1171 1209 eum.
1187 1184 1326 1206 moventes
1341 1180 1429 1214 capita
1448 1188 1506 1210 sua,
1520 1183 1547 1206 et
1562 1180 1682 1207 dicentes
1700 1190 1706 1207 ι
1726 1179 1794 1211 Vah,

1017 1225 1063 1258 qui
1078 1225 1196 1252 destruis
1213 1225 1341 1260 templum
1366 1229 1394 1252 et
1418 1225 1445 1251 in
1462 1226 1550 1252 tribus
1564 1225 1660 1252 diebus
1676 1226 1795 1254 aediﬁcas

1017 1269 1093 1297 illud.
1111 1269 1220 1297 Salvum
1243 1270 1284 1297 fac
1302 1271 1428 1305 teipsum,
1450 1275 1476 1298 et
1500 1270 1633 1298 descende
1650 1271 1683 1298 de
1703 1279 1794 1299 cruce.

1018 1313 1150 1341 Similiter
1173 1318 1200 1341 et
1226 1315 1363 1349 principes
1391 1315 1562 1342 sacerdotum
1586 1315 1731 1343 illudentes
1753 1316 1796 1342 in-

1017 1363 1058 1386 ter
1084 1368 1113 1387 se
1134 1368 1195 1386 cum
1222 1360 1336 1392 Scribis,
1353 1360 1479 1387 dicebant
1497 1370 1504 1387 :
1522 1361 1595 1388 Alios
1611 1362 1700 1388 salvos
1721 1361 1794 1393 fecit,

1017 1407 1136 1442 seipsum
1160 1414 1213 1433 non
1237 1409 1326 1440 potest
1349 1406 1452 1433 salvum
1472 1406 1569 1433 facere.
1587 1406 1713 1434 Christus
1738 1406 1796 1435 Rex

1016 1451 1099 1479 Israel
1115 1451 1260 1478 descendat
1272 1458 1344 1477 nunc
1355 1450 1388 1478 de
1400 1459 1492 1483 cruce,
1505 1457 1533 1478 ut
1548 1452 1687 1480 videamus
1698 1457 1724 1479 et
1737 1461 1796 1480 cre-

1018 1498 1113 1525 damus
1127 1499 1151 1524 ei
1166 1497 1187 1524 ⁶.
1209 1507 1218 1523 ι
1237 1497 1299 1524 Haec
1316 1506 1430 1532 namque
1451 1498 1476 1524 in
1500 1506 1554 1532 quo
1577 1499 1684 1526 tandem
1710 1500 1744 1526 ab
1763 1500 1796 1526 iis

1018 1544 1156 1575 dill'erunt,
1166 1551 1224 1578 quae
1238 1544 1264 1569 in
1274 1543 1378 1578 psalmo
1393 1544 1521 1578 praedicta
1535 1548 1599 1572 sunt
1617 1545 1670 1571 illis
1688 1546 1793 1572 verbis:

1014 1588 1095 1624 599
1110 1598 1119 1614 ι
1138 1589 1193 1623 Ego
1206 1593 1295 1615 autem
1317 1597 1376 1616 sum
1394 1590 1492 1616 vermis
1507 1593 1533 1616 et
1548 1598 1602 1617 non
1625 1590 1723 1622 homo,
1748 1599 1796 1625 op-

1014 1635 1152 1669 probrium
1169 1633 1308 1661 hominum
1332 1639 1358 1660 ct
1380 1634 1496 1668 abjectio
1514 1635 1616 1669 populi.
1641 1634 1740 1663 Omnes
1756 1638 1796 1664 vi-

1014 1679 1107 1706 dentes
1120 1687 1171 1710 me,
1189 1679 1425 1706 subsannaverunt
1449 1687 1501 1711 mc,
1520 1681 1602 1707 locuti
1626 1685 1689 1708 sunt
1706 1683 1794 1715 labiis,

1013 1729 1039 1751 et
1047 1729 1188 1751 moverunt
1201 1729 1281 1758 caput
1293 1733 1300 1750 :
1316 1724 1439 1759 Speravit
1452 1725 1478 1751 in
1488 1725 1610 1758 Domino,
1619 1727 1793 1761 eripiateum,

1013 1771 1115 1797 salvum
1139 1771 1219 1797 faciat
1244 1778 1315 1802 cum,
1331 1771 1459 1805 quoniam
1476 1771 1532 1798 vult
1546 1779 1619 1798 eum.
1639 1782 1648 1798 I
1667 1772 1725 1800 Noli
1744 1781 1794 1801 au-

1013 1819 1067 1842 tem
1081 1816 1174 1842 mirari
1191 1816 1212 1843 si
1229 1817 1285 1843 haec
1300 1817 1350 1844 sub
1366 1817 1452 1851 ipsam
1469 1816 1617 1845 Salvatoris
1635 1819 1720 1846 nostri
1733 1827 1795 1854 pas-

1013 1861 1115 1888 sionem
1140 1867 1165 1888 et
1188 1861 1259 1888 dicta
1276 1865 1339 1889 sunt
1355 1865 1381 1888 et
1401 1862 1533 1896 completa
1548 1882 1555 1894 ,
1587 1863 1694 1897 quando
1714 1863 1795 1891 hodie

1013 1913 1119 1940 quoque
1135 1907 1204 1941 apud
1220 1915 1313 1934 omnes
1337 1907 1477 1939 homines,
1494 1907 1648 1943 quicunque
1672 1909 1793 1936 nondum

1013 1953 1040 1978 in
1056 1952 1127 1979 illius
1143 1951 1221 1987 fidem
1236 1956 1378 1984 venerunt,
1392 1953 1567 1987 opprobrium
1588 1953 1726 1981 hominum
1743 1954 1792 1980 lia-

1012 1998 1100 2025 betur.
1130 1998 1200 2031 Quid
1220 1998 1292 2025 enim
1308 1998 1415 2032 turpius
1431 2002 1458 2025 et
1480 1998 1554 2025 omni
1579 1999 1678 2033 probro
1692 1999 1792 2031 vilius,

1011 2050 1091 2077 quam
1106 2043 1180 2070 cruci
1192 2051 1253 2070 esse
1267 2043 1395 2070 aflivum‘?
1411 2043 1458 2072 sed
1480 2051 1570 2070 nonne
1599 2044 1680 2072 etiam
1701 2045 1793 2079 populi

1011 2088 1115 2115 Judaici
1136 2089 1252 2123 abjectio
1273 2089 1334 2117 est?
1354 2089 1454 2125 quippe
1469 2097 1529 2116 cum
1546 2090 1670 2117 universa
1687 2090 1731 2116 illa
1749 2098 1794 2118 na-

1012 2133 1049 2160 tio
1063 2134 1143 2160 eliam
1161 2142 1233 2161 nunc
1251 2138 1278 2161 et
1297 2135 1324 2162 in
1339 2135 1412 2162 hunc
1426 2142 1512 2170 usque
1525 2135 1607 2166 diem,
1627 2139 1654 2162 et
1668 2136 1791 2168 irridere,

1011 2182 1037 2205 et
1052 2179 1196 2214 negligere,
1212 2183 1239 2206 et
1260 2179 1392 2214 despuere
1409 2179 1483 2206 illum
1498 2180 1678 2207 consueverit.
1696 2179 1793 2207 Proin-

1011 2225 1044 2252 de
1057 2224 1202 2259 Apostolus
1220 2226 1332 2252 merito:
1345 2235 1353 2250 ι
1366 2225 1420 2253 Nos
1440 2230 1541 2258 autem,
1551 2225 1650 2261 inquit,
1662 2227 1793 2261 praedica-

1012 2278 1073 2298 mus
1086 2271 1226 2298 Christum
1243 2272 1412 2302 crucifixum,
1427 2271 1527 2299 Judteis
1541 2272 1649 2306 quidem
1675 2273 1792 2299 scanda-

1012 2316 1078 2348 lum,
1093 2317 1219 2351 gentibus
1236 2322 1323 2344 autem
1342 2318 1483 2345 stultitiam
1495 2318 1516 2344 ".
1538 2327 1547 2343 ι
1568 2317 1621 2344 Sed
1637 2325 1686 2344 nec
1701 2318 1792 2345 minus

1011 2370 1042 2389 ea
1059 2370 1118 2397 qua:
1135 2367 1285 2397 sequuntur
1301 2362 1327 2389 in
1343 2363 1456 2397 psalmo,
1474 2363 1552 2391 facile
1567 2364 1646 2390 etiam
1665 2371 1737 2390 nunc
1749 2365 1792 2390 iu-

1013 2407 1102 2434 venies
1117 2415 1130 2434 a
1150 2408 1286 2442 plerisque
1296 2408 1329 2435 de
1346 2408 1392 2434 illo
1402 2407 1466 2435 dici.
1483 2407 1544 2435 Haec
1567 2408 1647 2442 igitur
1661 2415 1709 2442 pro
1725 2408 1792 2435 allii-

1011 2454 1101 2480 ctione
1124 2461 1184 2488 quae
1208 2453 1283 2480 illum
1307 2454 1484 2488 apprehendit
1503 2455 1583 2480 etiam
1603 2457 1666 2480 tunc
1685 2453 1790 2481 orabat.

1011 2498 1077 2526 Cum
1093 2504 1181 2526 autem
1203 2499 1288 2526 nihilo
1302 2500 1424 2526 viliorem
1446 2507 1559 2534 primam
1585 2507 1722 2534 corporea:
1745 2508 1792 2526 ιι·-

1012 2548 1076 2571 tura:
1091 2544 1313 2578 assumptioncm,
1334 2549 1477 2579 ortumque
1504 2545 1578 2571 illum
1594 2545 1627 2571 de
1642 2544 1740 2572 femina
1764 2549 1792 2572 et

1011 2590 1123 2625 virgine,
1140 2590 1199 2624 ipsa
1225 2590 1322 2617 mortis
1353 2590 1506 2617 calamitate
1530 2597 1590 2617 esse
1615 2590 1791 2624 intelligeret,

1010 2643 1063 2662 non
1081 2634 1251 2662 incommode
1275 2635 1302 2661 in
1320 2635 1352 2662 iis
1368 2643 1427 2669 quae
1444 2635 1476 2661 ad
1493 2639 1606 2662 mortetn
1635 2636 1789 2670 pertinent,

1009 2682 1090 2709 etiam
1110 2688 1141 2708 ea
1152 2688 1211 2716 qua:
1224 2680 1257 2707 ad
1269 2685 1357 2707 ortum
1372 2684 1496 2715 spectant
1513 2685 1724 2713 commemorat,
1751 2683 1791 2708 sic

1010 2727 1043 2753 ad
1060 2726 1165 2754 Patrem
1180 2727 1288 2754 dicens:
1310 2736 1318 2751 ι
1337 2726 1468 2759 Quoniam
1484 2731 1512 2754 tu
1529 2734 1558 2754 cs
1578 2727 1623 2762 qui
1648 2727 1790 2754 exlraxisti

1009 2781 1052 2800 me
1064 2773 1097 2799 de
1112 2777 1205 2800 ventre
1215 2793 1221 2805 ,
1243 2780 1304 2807 spes
1325 2780 1384 2799 mea
1399 2773 1432 2799 ab
1447 2773 1576 2800 uberibus
1592 2773 1685 2799 matris
1699 2780 1765 2800 mea:
1781 2782 1789 2800 :

1010 2819 1040 2845 lu
1085 2823 1109 2845 te
1150 2819 1289 2852 projectus
1323 2826 1383 2845 sunt
1415 2826 1447 2845 cx
1481 2823 1559 2846 utero
1595 2819 1691 2846 matris
1725 2825 1790 2846 uicae

1253 2865 1262 2879 "
1279 2865 1286 2892 Ι
1304 2865 1366 2893 Cor.
1392 2876 1410 2900 ι,
1430 2866 1475 2894 23.
