2099 3217
196 192 247 219 77'!

651 194 972 227 DEMONSTRATIONIS
993 196 1221 229 ΕνΑΝϐειιεΑι
1242 197 1305 229 LIB.
1327 199 1358 230 Χ.

1758 205 1808 234 778

195 253 370 287 τεννημένου,
386 253 414 279 ὃν
431 253 583 289 ὲφάσκομεν
596 251 663 281 εἶναι
678 255 724 282 τὸν
737 257 820 291 ἀμνὴν
836 257 882 284 τοῦ
897 257 974 285 Θεοῦ.
990 263 1013 290 Α

990 263 1013 290 Α
1027 259 1108 286 ﬁxum
1123 267 1222 295 corpus
1239 262 1360 290 videntes
1372 282 1379 291 .
1405 263 1468 290 dum
1486 265 1541 291 r'em
1568 268 1592 291 et
1610 265 1762 300 fugiendam
1781 273 1807 294 et

195 297 288 333 Τούτῳ
300 297 354 332 γὰρ
368 299 414 325 καὶ
430 298 571 334 συμϐαίνει
585 299 620 326 τὰ
641 301 704 336 περὶ
724 301 755 327 τὺ
770 301 862 334 πάθος,
877 303 914 334 ὡς
928 305 974 330 καὶ

193 344 228 372 τὰ
243 346 293 381 τῆς
307 346 437 381 ὲνσάρκου
449 346 580 380 γενέσεως
591 347 702 382 ἥρμοζε.
719 347 755 374 Τὸ
769 348 833 382 γοῦν
847 349 974 385 γεννηθὲν

192 391 241 418 καὶ
257 391 420 426 ἀποθνήσκει
432 399 438 406 ·
459 391 489 417 τὸ
509 391 537 418 δὲ
558 392 671 427 θνῆσκον
690 394 739 420 οὐκ
755 393 840 426 ἄλλως
859 395 973 422 θανάτου

192 437 318 472 τυγχάνει
336 437 351 472 ἢ
368 437 496 473 πρότερον
509 437 618 464 ὀδεῦσαν
629 438 672 465 διὰ
680 440 821 473 γενέσεως.
838 441 917 467 Ταῦτ’
928 440 974 468 οὖν

191 483 316 516 διέξεισιν
331 484 344 509 ὀ
359 483 452 518 Σωτὴρ
465 484 511 510 καὶ
527 483 627 518 Κύριος
641 484 728 519 ἡμῶν,
743 486 773 511 οὐ
789 486 848 512 καθ’
864 487 878 512 ὂ
890 487 974 523 ἄσαρ-

192 539 240 558 κος
257 530 302 556 καὶ
319 529 460 564 ἀσώματος
483 530 598 564 ὑπάρχει
622 530 670 565 τὴν
692 530 781 564 φύσιν,
802 532 862 558 οὐδὲ
885 532 944 559 καθ⁴
959 533 973 559 ὃ

191 575 259 602 Θεοῦ
273 575 356 608 Λόγος
370 575 415 600 καὶ
429 574 494 605 Θεὸς
508 575 662 606 ἐπινοεῖται,
683 575 749 601 ἀλλὰ
770 576 828 602 καθ’
842 577 856 603 ὂ
871 574 925 609 οἷός
942 579 971 604 τε

189 617 225 656 ἦν
245 621 312 656 πρὸς
324 621 369 646 τὸν
388 620 496 656 Πατέρα
510 621 574 656 εὐχῇ
592 621 690 655 λέγειν·
711 631 720 647 ‹
739 622 798 648 ’Ότι
814 623 845 648 σὺ
863 621 888 649 εἴ
900 625 913 649 ὁ
926 625 972 650 ὲκ-

191 667 297 699 σπάσας
312 675 346 702 με
362 668 393 693 ὲκ
405 667 530 702 γαστρὸς,
547 668 562 701 ἡ
578 667 655 699 ἐλπίς
668 676 716 702 μου
734 668 787 694 ἀπὸ
802 669 910 704 μαστῶν
922 670 972 705 τῆς

191 709 294 749 μητρός
307 722 365 748 μου.
389 714 450 740 Ἐπὶ
465 714 494 740 σὲ
513 714 663 749 ὲπερρίφην
679 715 710 740 ἐκ
732 715 847 750 μήτρας,
860 715 912 741 ἀπὸ
922 724 972 750 γα-

190 760 270 795 στρὸς
292 759 393 794 μητρός
416 768 466 794 μου
486 759 551 791 Θεός
569 768 619 794 μου
637 757 661 786 εἷ
681 760 722 786 σύ.
739 770 747 785 ι
769 757 853 793 Οὗτος
867 762 898 797 δὴ
914 760 969 794 οὖν,

188 805 257 841 πρὸς
271 804 310 839 τῷ
321 805 400 831 πάθει
415 805 542 839 γεγονὼς,
555 805 662 840 εὔχεται
676 806 710 832 τὰ
723 807 888 842 προκείμενα
903 808 970 843 πρὸς

187 851 234 878 τὸν
243 851 360 886 Πατέρα,
372 852 418 878 καὶ
431 851 573 883 τοσούτων,
588 852 664 886 φησι,
678 852 826 886 μελλόντων
845 862 877 888 με
894 862 971 890 περι-

188 898 332 934 στήσεσθαι
343 898 534 933 ἀντικειμένων
545 899 697 933 ἐνεργειῶν,
709 900 754 926 καὶ
763 899 896 934 δαιμόνων
906 901 970 928 ἀκα-

187 943 304 979 θάρτων»
317 945 363 970 καὶ
373 944 564 979 πνευματικῶν
577 945 718 979 πονηρίας,
732 946 778 972 καὶ
789 946 833 971 ἐπὶ
845 947 910 973 πᾶσι
923 946 970 973 τοῦ

186 989 294 1016 πάντων
310 989 453 1024 χειρίστου,
471 989 551 1016 αὑτοῦ
562 989 593 1025 δὴ
609 990 654 1016 τοῦ
670 990 798 1025 ἄρχοντος
813 992 859 1018 τοῦ
875 992 970 1024 αἰῶνος

185 1035 280 1062 τούτου
292 1035 348 1070 (οὓς
363 1035 414 1070 τῆς
432 1036 528 1067 κακίας
544 1036 619 1062 ἓνεκε
630 1035 715 1071 θῆρας
727 1037 859 1072 πονηροὺς
872 1038 970 1073 ὀνομά-

185 1081 243 1114 ζειν
260 1081 343 1114 ἀξιον,
364 1082 410 1108 καὶ
424 1082 484 1117 ἦτοι
498 1082 614 1117 ταύρους
631 1082 751 1117 ἀγρίους,
771 1083 787 1118 ἢ
812 1083 937 1118 μόσχους,
953 1085 968 1119 ἦ

184 1126 336 1162 λέοντας,ἦ
358 1127 461 1162 κύνας),
484 1127 587 1163 μέλλων
611 1137 641 1154 τε
665 1128 732 1164 πρὸς
752 1129 873 1161 ἅπαντας
894 1130 970 1156 ἵστα-

185 1171 258 1204 σθαι,
285 1173 332 1199 καὶ
355 1173 436 1208 μηδὲν
457 1174 557 1207 ἀγαθὸν
586 1175 624 1205 εἰς
649 1174 746 1205 αὐτοὺς
771 1175 900 1210 ἐνεργεῖν,
931 1175 970 1210 τῷ

186 1219 270 1254 μηδὲν
292 1219 490 1254 παραδέχεσθαι
518 1220 614 1251 αὐτοὺς
639 1220 692 1246 τῶν
715 1220 787 1255 ὲμῶν
809 1221 917 1254 ἀγαθῶν
936 1221 968 1248 δι’

183 1263 273 1299 ἄκραν
284 1264 381 1295 κακίας
393 1264 458 1296 ἕξιν,
474 1265 540 1291 ἀλλὰ
559 1266 625 1300 μηδὲ
644 1265 739 1300 βοηθοῦ
758 1266 824 1301 μηδὲ
838 1267 967 1301 συνεργοῦ

182 1311 325 1344 τυγχάνων
338 1310 410 1342 τινὸς
426 1311 480 1337 τῶν
493 1312 709 1347 προειρημένων,
725 1313 764 1343 είς
778 1312 823 1338 τὸν
833 1312 901 1348 ὑπὲρ
916 1312 969 1339 τῶν

183 1356 214 1382 ὲν
228 1355 292 1390 ᾅδου
308 1355 401 1390 ψυχῶν
424 1354 517 1388 ἆθλον,
543 1356 600 1388 πῶς
621 1358 670 1383 οὑκ
686 1357 718 1383 ἂν
731 1357 846 1392 εὐλόγως
864 1358 967 1394 εἴποιμ·

186 1411 197 1427 α
218 1402 277 1429 ’Ότι
291 1401 380 1436 θλίψις
400 1403 492 1436 ἐγγὺς,
516 1403 555 1429 ὅτι
572 1403 621 1429 οὐκ
644 1403 716 1429 ἐστιν
733 1403 746 1429 ὁ
762 1403 882 1438 panem;
899 1415 908 1430 ›
933 1404 969 1432 Τὸ

184 1448 237 1484 μὲν
257 1446 305 1475 οὖν
322 1449 371 1480 τὰς
387 1449 507 1484 πονηρὰς
523 1449 569 1476 καὶ
583 1449 770 1484 ἀντικειμένας
788 1450 916 1485 δυνάμεις
931 1450 967 1486 μὴ

183 1497 324 1530 συνεργεῖν
340 1495 413 1530 αὐτῷ
425 1496 489 1531 μηδὲ
505 1495 610 1530 βοηθεῖν
627 1496 669 1521 ἐπ’
680 1496 779 1529 ἀγαθὸν
790 1496 873 1531 αὐτῷ,
893 1497 969 1532 νομί-

183 1540 277 1576 ζομεν,
294 1542 334 1568 ὃτι
351 1542 425 1568 οὐδὲν
446 1540 479 1576 ἦν
495 1541 664 1576 θαυμαστόν·
682 1542 711 1568 τὸ
725 1542 752 1568 δὲ
767 1543 874 1569 πάντων
892 1543 968 1578 μέγι-

183 1593 248 1614 στον
259 1587 309 1622 τῆς
323 1587 437 1621 θλίψεως
452 1587 501 1622 τῆς
522 1587 636 1622 μάλιστα
655 1587 801 1623 πιεζούσης
820 1589 900 1615 αὑτὸν
914 1588 967 1614 τόδ’
982 1606 1001 1631 C

180 1631 217 1669 ἦν
227 1633 291 1668 ἄρα,
302 1633 333 1660 τὸ
348 1634 448 1669 μηδένα
461 1633 526 1668 μηδὲ
539 1633 591 1659 τῶν
602 1634 696 1660 αἰσίων
711 1635 757 1660 καὶ
778 1633 870 1666 δεξιῶν
885 1634 967 1669 ἀγγέ-

181 1679 248 1711 λων,
278 1679 343 1715 μηδὲ
370 1680 424 1715 μὴν
450 1679 503 1705 τῶν
523 1679 601 1706 θείων
621 1680 770 1715 δυνάμεων,
791 1680 892 1715 τολμᾷν
906 1682 966 1706 ἐπι-

180 1724 284 1751 ῦαίνειν
300 1725 355 1755 τοῖς
369 1723 415 1750 τοῦ
436 1724 548 1750 θανάτου
565 1723 717 1759 βασιλείοις,
741 1725 807 1759 μηδὲ
828 1726 966 1760 συνεργεῖν

180 1770 230 1796 ἐπὶ
255 1769 365 1805 βοηθείᾳ
388 1769 442 1796 τῶν
468 1769 559 1796 αὐτόθι
584 1769 685 1805 ψυχῶν,
713 1770 792 1804 Μόνῳ
818 1770 870 1806 γὰρ
893 1770 966 1805 αὐτῷ

179 1814 255 1841 τοῦτ’
269 1815 385 1851 ἀτρεμὲς
397 1813 441 1851 ἦν,
460 1816 520 1842 ἐπεὶ
540 1816 587 1842 καὶ
605 1816 675 1850 μόνῳ
689 1815 861 1851 ἠνεῴχθησαν
885 1816 965 1843 πύλαι

180 1858 309 1893 θανάτου,
323 1862 370 1888 καὶ
386 1861 464 1896 μόνον
475 1862 555 1888 αὑτὸν
566 1862 683 1896 πυλωροὶ
698 1861 761 1896 ᾅδου
776 1862 873 1893 ἰδόντες
885 1862 966 1897 ἔπτη-

180 1905 243 1938 ξαν,
258 1905 339 1937 αὑτός
356 1915 386 1932 τε
398 1908 412 1932 ὁ
426 1906 456 1932 τὸ
473 1906 572 1941 κράτος
593 1906 660 1941 ἔχων
676 1906 723 1932 τοῦ
742 1906 866 1938 θανάτου,
883 1908 966 1938 ὑπεκτ

181 1950 250 1981 στὰς
257 1950 312 1977 τῶν
322 1950 462 1986 βασιλείων
477 1951 588 1987 θρόνων,
600 1951 647 1977 ἆτε
661 1951 738 1986 μόνον
749 1951 829 1977 αὑτὸν
840 1952 966 1984 ἐπιγνοὺς

180 1995 281 2023 ἑαυτοῦ
296 1996 408 2030 Κύριον,
431 1997 559 2032 ἐλάλησεν
576 1996 649 2031 αὐτῷ
668 1996 757 2031 δεήσει
780 1996 826 2022 καὶ
844 1996 967 2031 ἱκετηρία

182 2042 321 2079 μαλακῶς,
330 2043 440 2069 κατὰτὰ
450 2043 529 2078 δηλού
535 2052 600 2078 μενα
615 2045 644 2069 ὲν
652 2042 691 2078 τῷ
709 2042 768 2069 Ἰὼϐ
781 2042 843 2077 περὶ
853 2042 964 2069 τούτων,

180 2087 258 2123 Πλὴν
270 2087 337 2114 ἀλλά
351 2088 400 2123 τὴν
417 2089 502 2124 ἀσεῦῆ
524 2088 570 2115 τοῦ
584 2089 714 2124 τυράννου
738 2088 966 2114 καταδυναστείαν

178 2133 308 2161 τοσοῦτον
329 2134 399 2170 ὀρῶν
421 2134 572 2170 ἰσχύουσαν,
591 2135 628 2165 ὡς
650 2135 749 2170 μηδένα
771 2134 849 2161 ἄλλον
865 2133 966 2168 τολμᾷν

178 2179 238 2206 τῶν
249 2181 309 2207 κατ’
321 2180 433 2215 οὐρανὸν
448 2181 476 2206 ἐν
488 2182 544 2212 τοῖς
558 2180 649 2206 αὐτόθι
663 2181 771 2216 χωρίοις
784 2181 966 2214 συμπαρεῖναι

180 2225 267 2262 αὐτῷ,
284 2227 331 2254 καὶ
344 2228 377 2262 τῇ
392 2226 445 2253 τῶν
460 2227 551 2253 αὐτόθι
567 2226 659 2262 ψυχῶν
677 2227 815 2261 συνεργεῖν
833 2225 964 2261 σωτηρίᾳ,

1026 306 1174 333 ominosam
1190 312 1285 341 putant
1300 315 1331 335 se
1354 306 1460 340 videre,
1485 318 1527 337 me
1552 311 1806 344 subsauuaverunt,

1025 355 1128 378 tantum
1139 351 1282 379 adversum
1305 361 1347 381 ure
1368 354 1515 386 irrisionis,
1535 360 1694 391 tantumque
1717 357 1808 385 detra-

1024 397 1279 431 ctionisjactautes,
1297 404 1326 426 ut
1346 400 1380 428 de
1406 408 1450 428 me
1465 409 1518 428 non
1547 403 1627 429 modo
1655 404 1807 438 cogitantes

1023 444 1253 472 ratiocinarentur
1279 447 1423 482 animoque
1440 453 1580 475 versarent
1608 450 1712 476 nefaria
1727 470 1734 481 ,
1758 451 1808 477 sed

1024 488 1156 523 intrepide
1165 497 1272 524 quoque
1287 491 1463 526 loquerentur
1474 496 1500 520 et
1512 493 1599 527 palam
1620 495 1805 527 enuntiarent,

1026 542 1035 558 ι
1046 534 1176 568 siquidem
1188 535 1268 562 locuti
1279 540 1340 563 sunt
1348 537 1458 564 labiiset
1465 542 1606 565 moverunt
1613 543 1704 573 caput,
1713 540 1805 568 dicen-

1023 582 1079 606 tes:
1095 579 1171 615 501
1184 580 1674 619 SperavitiuDomino,eripiateum,»
1693 589 1720 611 et
1734 593 1806 613 nunc

1022 625 1114 659 igitur,
1131 631 1159 652 ut
1175 625 1309 659 dicebam,
1328 635 1388 654 cutn
1405 628 1466 654 talia
1488 634 1531 656 me
1553 630 1804 662 circumsteterunt.

1022 674 1048 696 te
1062 668 1168 696 Patrem
1185 677 1284 702 meum,
1301 671 1347 705 qui
1364 673 1506 699 exlraxisti
1522 681 1564 700 me
1585 673 1618 701 de
1632 681 1725 702 ventre
1750 684 1806 703 nia-

1021 715 1071 741 tris
1087 723 1162 747 mete,
1177 715 1203 742 in
1220 724 1299 750 quem
1316 717 1454 752 proiectus
1469 726 1529 745 sum
1551 727 1585 746 ex
1602 724 1690 750 utero.
1707 721 1734 748 in
1749 729 1805 756 quo

1022 761 1129 794 speravi
1159 761 1193 788 ab
1213 761 1355 794 uberibus,
1377 764 1424 797 qui
1447 765 1526 791 etiam
1545 765 1578 793 de
1598 770 1692 793 ventre
1709 768 1804 795 matris

1021 813 1088 833 mea:
1103 807 1210 841 agnitus
1227 816 1256 834 es
1272 808 1348 839 mihi,
1367 814 1394 836 et
1415 809 1524 836 interim
1548 813 1703 846 aguosreris
1720 813 1801 846 Deus,

1019 854 1132 887 supplex
1149 861 1196 881 oro
1210 861 1241 881 ac
1258 862 1354 890 precor
1374 865 1383 880 ι
1396 863 1430 884 ne
1445 856 1555 884 recedas
1568 865 1583 883 a
1604 865 1656 889 me,
1675 859 1803 893 quoniam

1021 899 1047 926 in
1068 901 1192 934 proximo
1216 906 1258 928 est
1274 901 1410 928 afﬂictio.)
1438 901 1518 929 Venit
1539 903 1621 935 enim,
1650 904 1748 939 inquit,
1777 909 1804 932 et

1022 949 1122 978 quanta
1147 946 1266 972 nondum
1290 946 1415 977 antehae,
1449 946 1527 974 adest
1549 951 1633 981 atque
1657 949 1804 983 appropin-

1021 995 1096 1025 quat,
1113 999 1172 1025 qme
1187 992 1392 1026 comprehendit
1410 992 1477 1026 jam,
1495 998 1521 1020 et
1535 993 1599 1019 mihi
1617 993 1700 1020 instat
1714 998 1803 1021 extre—

1022 1044 1065 1063 ma
1092 1037 1213 1063 omnium
1242 1038 1394 1064 immodicae
1424 1045 1491 1065 mem
1523 1037 1676 1066 aﬂlictionis
1703 1041 1801 1068 nubes.

1020 1081 1112 1116 Neque
1128 1083 1199 1110 enim
1223 1091 1271 1118 ego
1300 1091 1348 1118 per
1371 1083 1541 1111 amictlonem
1557 1084 1628 1111 hanc
1654 1093 1714 1119 quae
1730 1093 1803 1112 nunc

1021 1134 1063 1153 me
1092 1127 1260 1159 circumstat,
1288 1135 1396 1155 crucem
1436 1129 1520 1164 ipsam
1552 1129 1683 1164 intelligo.
1715 1138 1802 1164 neque

1019 1171 1119 1206 probra
1136 1181 1168 1199 ex
1185 1173 1351 1204 hominibus.
1372 1182 1461 1209 neque
1485 1174 1611 1206 ludibria,
1635 1183 1722 1210 neque
1737 1183 1801 1202 vero

1020 1226 1051 1245 ea
1066 1226 1126 1252 qua:
1139 1224 1199 1246 ante
1213 1226 1320 1246 crucem
1337 1219 1402 1246 mihi
1418 1219 1586 1251 acciderunt,
1599 1219 1714 1255 ﬂagella,
1734 1229 1801 1247 con—

1019 1264 1145 1291 tumelias
1161 1268 1188 1291 et
1215 1265 1267 1290 alia
1291 1272 1461 1299 qurecunque
1485 1264 1643 1292 debaCchati
1657 1269 1719 1292 sunt
1735 1273 1801 1293 con-

1020 1313 1061 1336 tra
1073 1318 1115 1337 me
1133 1310 1179 1336 lilii
1202 1309 1353 1341 hominum,
1382 1310 1429 1337 sed
1455 1310 1532 1337 video
1552 1316 1613 1345 post
1636 1312 1800 1339 solutionem

1019 1354 1142 1387 corporis
1158 1355 1184 1380 in
1201 1354 1259 1388 ipsa
1273 1358 1360 1381 morte
1383 1358 1410 1381 et
1426 1354 1459 1381 ad
1478 1354 1579 1382 inferos
1597 1355 1730 1383 descensu
1752 1364 1801 1391 ap—

1018 1400 1242 1434 propinquantem
1270 1400 1486 1427 adversariorum
1508 1406 1534 1428 et
1550 1400 1723 1428 inimicarum
1746 1402 1801 1429 Deo

1020 1448 1183 1478 potestatum
1209 1445 1368 1472 insolentem
1386 1445 1527 1480 impetum.
1554 1446 1724 1482 Quapropter
1739 1447 1800 1474 dieo

1018 1490 1189 1518 adiit-tionem
1213 1492 1239 1517 in
1260 1491 1383 1524 proximo
1399 1499 1471 1523 esse,
1503 1501 1512 1517 ι
1527 1494 1656 1527 quoniam
1676 1501 1730 1520 non
1758 1499 1800 1521 est

1017 1537 1064 1570 qui
1085 1537 1202 1569 adjuvet.
1221 1545 1230 1561 ι
1244 1535 1296 1568 Qui
1309 1538 1380 1564 enim
1397 1536 1453 1563 ﬁeri
1471 1541 1569 1571 potest,
1586 1542 1615 1564 ut
1631 1546 1684 1565 non
1708 1538 1802 1565 immo-

1020 1580 1080 1607 dica
1100 1585 1126 1606 et
1151 1581 1267 1607 maxima
1294 1582 1351 1614 ipsa
1380 1582 1424 1608 illa
1448 1582 1530 1610 fuerit
1552 1583 1671 1615 aﬂiictio,
1698 1585 1725 1611 in
1745 1593 1800 1619 qua

1018 1633 1072 1652 nou
1090 1625 1170 1651 fuerit
1189 1626 1234 1660 qui
1253 1626 1394 1659 adjuvaret
1407 1627 1418 1653 ?
1430 1627 1475 1654 ille
1488 1629 1559 1655 enim
1574 1637 1625 1664 pro
1636 1637 1730 1657 earum
1744 1631 1800 1657 ani-

1017 1679 1121 1697 marum
1135 1672 1223 1698 salute
1241 1673 1396 1703 accedebat,
1413 1681 1472 1707 qua:
1485 1674 1556 1708 apud
1575 1675 1677 1703 inferos
1688 1684 1719 1703 ex
1738 1677 1798 1703 lon-

1015 1718 1127 1752 gissimo
1156 1723 1276 1753 tempore
1303 1719 1447 1746 adventum
1476 1720 1536 1754 ejus
1552 1722 1754 1756 exspectabant,
1773 1724 1800 1749 et

1016 1763 1198 1791 descendebat
1228 1764 1300 1792 fores
1326 1774 1411 1794 aereas
1430 1768 1609 1799 contriturus,
1622 1772 1648 1795 et
1661 1773 1752 1795 vectes
1763 1776 1801 1794 aa-

1017 1816 1078 1837 reos
1092 1810 1294 1843 contracturus,
1311 1817 1336 1839 et
1349 1819 1405 1844 eos,
1418 1813 1464 1847 qui
1475 1817 1552 1840 antea
1562 1814 1642 1841 vincti
1652 1814 1721 1848 apud
1734 1814 1801 1841 infe-

1016 1864 1062 1882 ros
1076 1860 1163 1887 erant,
1181 1857 1207 1883 in
1224 1857 1374 1885 libertatem
1396 1859 1594 1890 vindicaturus,
1613 1859 1692 1893 'quod
1710 1859 1798 1894 ipsum

1017 1902 1097 1928 etiam
1129 1904 1228 1929 factum
1247 1907 1299 1935 est,
1315 1904 1426 1939 quando
1449 1905 1532 1931 multa
1558 1912 1673 1940 corpora
1702 1914 1797 1933 eorum

1017 1948 1061 1982 qui
1087 1948 1255 1976 dormierunt
1282 1955 1439 1978 sanctorum
1465 1952 1615 1985 surgentia.
1635 1952 1714 1979 simul
1736 1960 1798 1979 cum

1017 2001 1049 2021 eo
1066 1995 1187 2029 ingressa
1209 2000 1273 2022 sunt
1299 1996 1326 2023 in
1353 2005 1414 2024 vere
1434 2001 1556 2024 sanctam
1579 1996 1625 2023 Dei
1649 1997 1797 2030 civitatem,

1018 2041 1194 2068 adversantes
1209 2048 1273 2069 vero
1284 2046 1432 2077 potestates
1445 2047 1473 2069 ut
1488 2042 1644 2070 hominibus
1655 2047 1798 2073 nocerent.

1016 2091 1109 2113 contra
1138 2087 1214 2114 illum
1233 2088 1310 2122 quasi
1338 2087 1365 2114 in
1384 2088 1441 2115 acie
1470 2088 1626 2120 veniebant,
1652 2095 1798 2115 mmrorem

1016 2139 1070 2158 non
1085 2137 1196 2166 parvum
1212 2137 1293 2167 atque
1303 2131 1474 2159 afﬂictioucm
1485 2133 1520 2158 illi
1534 2133 1688 2164 all'crentt-s,
1699 2134 1800 2168 quippe

1016 2176 1062 2210 qui
1083 2177 1165 2203 etiam
1189 2177 1249 2204 illas
1277 2177 1358 2203 nimia
1381 2176 1501 2203 bonitate
1519 2175 1638 2203 deﬁeret.
1664 2175 1798 2203 Caeterum

1018 2223 1127 2249 attentio
1154 2230 1300 2257 quemnam
1325 2221 1352 2249 in
1377 2223 1487 2249 modum
1518 2226 1617 2249 cuncta
1646 2222 1703 2249 hac
1725 2222 1798 2248 dicta

181 2273 295 2305 εἰκότως
313 2274 403 2308 φησιν·
422 2283 432 2299 ‹
454 2274 513 2300 Ὅτι
529 2273 616 2307 θλίψις
630 2273 721 2306 ἐγγὺς,
737 2273 777 2298 ὅτι
795 2273 844 2298 οὐκ
859 2271 931 2298 ἔστιν
950 2272 964 2297 ὁ
981 2271 1002 2297 D

981 2271 1002 2297 D
1017 2269 1083 2302 sint,
1101 2269 1178 2304 quasi
1193 2277 1224 2296 ex
1246 2277 1360 2304 persona
1377 2269 1436 2302 ejus
1452 2267 1497 2303 qui
1510 2269 1631 2295 in-ulero
1652 2269 1686 2295 sit
1709 2272 1798 2302 gesta-

181 2317 298 2353 βοηθῶν,
311 2328 319 2344 ι
332 2318 389 2350 ἐνὸς
403 2318 483 2353 μόνου
496 2317 543 2344 τοῦ
556 2318 664 2344 κάκεῖσε
683 2317 788 2353 βοηθεῖν
799 2316 873 2352 αὶτῷ
886 2316 965 2343 δυνα-

181 2364 277 2400 μένου,
293 2364 515 2396 καταλελοιπότος
528 2364 618 2394 αὐτὸν,
635 2364 671 2395 ὡς
683 2363 715 2390 ἂν
726 2364 764 2395 εις
780 2363 883 2394 πάντας
898 2363 964 2389 ἀνα-

179 2409 331 2446 κηρυχθείη
351 2410 381 2436 τὸ
402 2409 525 2445 λαμπρδν
545 2409 591 2436 καὶ
610 2408 745 2445 ἐξαίρετον
761 2409 810 2444 τῆς
829 2408 896 2440 ἰδίας
916 2409 965 2435 αὺ-

179 2454 230 2489 τοῦ
247 2455 439 2491 προαιρέσεως,
463 2456 512 2491 τῆς
535 2464 564 2482 τε
587 2455 657 2482 κατὰ
681 2455 788 2482 πάντων
808 2454 895 2489 νίκης.
911 2455 967 2482 Καὶ

181 2500 332 2536 ἐπειδήπερ
356 2501 372 2526 ὁ
398 2500 477 2536 μόνος
505 2499 580 2535 αὑτῷ
604 2499 709 2535 βοηθεῖν
739 2500 886 2535 δυνάμενος
918 2501 967 2527 οὐκ

180 2545 218 2583 ἦν
236 2545 310 2582 αὐτῷ
330 2546 390 2573 τότε
413 2545 518 2582 βοηθὸς,
540 2545 650 2577 εἰκότως
668 2545 816 2580 ἀρχόμενος
832 2545 909 2580 ἔλεγε
925 2546 965 2577 τὸ,

184 2592 300 2624 οἮλεὶ,
333 2591 422 2624 Ἠλεὶ,
451 2591 548 2627 λαμμᾶ
576 2591 742 2626 σαϐαχθανὶ,
756 2601 766 2617 ›
794 2591 866 2618 τοῦτ’
891 2592 964 2618 ἐστι’

185 2649 196 2666 ε
207 2639 261 2667 θεέ
275 2646 342 2674 μου,
362 2638 412 2666 Θεέ
427 2646 478 2674 μου
488 2658 496 2670 ,
513 2638 557 2665 ἵνα
569 2636 594 2664 τι
612 2637 788 2671 ἐγκατέλιπές
811 2646 860 2673 με;
874 2648 883 2663 ι
903 2638 966 2664 συ).-

182 2682 380 2720 Ζαμσανομένῳ
411 2683 460 2718 μὲν
481 2679 528 2709 οὖν
554 2682 601 2708 καὶ
622 2681 831 2717 κυοφορουμένῳ
850 2683 902 2709 ὑπὸ
916 2682 966 2716 τῆς

183 2729 267 2764 ἐνίας
288 2728 485 2765 Παρθένου,τῴ
502 2727 656 2764 δηλουμένῳ
675 2730 691 2764 ὴ
719 2728 838 2763 πατρικὴ
854 2728 966 2763 δύναμις

184 2776 287 2811 συνῆν,
311 2775 357 2802 ὅτε
375 2773 487 2808 Πνεῦμα
504 2773 580 2808 ἅγιον
594 2773 694 2808 ὲπῆλθε
708 2775 741 2809 τῇ
758 2773 901 2809 Παρθένῳ,
920 2774 966 2799 καὶ

182 2820 296 2856 δῦναμις
318 2820 445 2855 Ὑψίστου
460 2820 622 2847 ἐπεσκίασεν
640 2820 724 2854 αὐτῇ,
742 2819 822 2851 αὑτός
836 2826 864 2844 τε
883 2819 897 2844 6
909 2819 966 2845 Πα-

182 2868 238 2904 τὴρ
250 2868 296 2894 τδν
311 2867 477 2902 γεννώμενον
488 2888 495 2900 ,
512 2867 550 2898 ὡς
573 2867 586 2892 ὁ
608 2866 685 2900 λόγος
705 2866 872 2902 παρέστησεν
883 2886 890 2893 ,
914 2864 967 2891 ἀπὸ

184 2914 234 2948 τῆς
251 2914 368 2949 γαστρῆς
385 2913 532 2946 ἐξέσπασεν
545 2920 551 2926 ·
583 2911 763 2946 ἀποδιδομένου
783 2910 809 2934 δὲ
827 2908 901 2946 παρὰ
920 2909 966 2935 τὸν

343 2963 476 2992 Pa‘ruot.
500 2962 557 2990 Gn.
575 2961 676 2991 XXII.

1017 2318 1070 2347 tus,
1088 2319 1115 2343 et
1127 2315 1160 2342 de
1173 2319 1267 2342 ventre
1284 2314 1378 2341 matris
1393 2319 1482 2345 natus,
1498 2319 1526 2340 et
1542 2321 1621 2348 quem
1639 2314 1798 2340 dicebat-tus

1017 2369 1078 2388 esse
1103 2362 1208 2395 Agnum
1235 2360 1291 2387 Dei.
1321 2359 1390 2387 Huic
1405 2360 1476 2387 cnim
1505 2360 1557 2394 ipsi
1584 2360 1620 2386 ita
1640 2359 1800 2386 acciderunt

1017 2414 1077 2441 quia
1101 2407 1134 2433 ad
1155 2406 1309 2441 passionem
1333 2409 1467 2441 spectant.
1490 2405 1717 2440 quemadmodum
1738 2411 1800 2438 qua

1018 2452 1052 2478 ad
1069 2456 1158 2479 ortum
1176 2452 1202 2478 in
1223 2458 1337 2485 corpore
1353 2450 1568 2477 conveniebant:
1588 2456 1650 2475 nam
1664 2448 1736 2483 qtiod
1749 2456 1796 2475 or-

1018 2502 1074 2525 tum
1091 2501 1143 2528 est.
1165 2497 1192 2523 id
1206 2496 1288 2524 etiam
1307 2496 1428 2529 occidit;
1444 2495 1515 2531 quod
1532 2502 1596 2522 vero
1610 2494 1720 2526 occidit,
1744 2502 1798 2521 non

1018 2542 1086 2568 alias
1101 2544 1215 2569 mortem
1238 2541 1382 2575 contingit,
1410 2547 1491 2574 quam
1515 2540 1538 2566 si
1554 2539 1630 2573 prius
1645 2546 1693 2573 per
1708 2542 1798 2566 ortum

1018 2587 1171 2622 ingressum
1191 2586 1236 2613 sit.
1261 2586 1323 2613 Haec
1338 2586 1420 2621 igitur
1436 2586 1548 2620 exponit
1562 2585 1687 2612 Salvator
1701 2591 1732 2611 ac
1746 2583 1798 2610 Do-

1017 2635 1110 2661 minus
1128 2638 1232 2664 noster,
1250 2640 1304 2660 non
1323 2637 1457 2667 quatenus
1473 2635 1500 2658 et
1516 2631 1607 2658 carnis
1629 2634 1656 2657 et
1676 2631 1799 2663 corporis

1017 2688 1114 2715 expers
1137 2684 1196 2707 erat
1222 2684 1331 2710 natura,
1349 2687 1436 2713 neque
1456 2682 1591 2713 quatenus
1613 2676 1661 2704 Dei
1681 2675 1799 2703 Verbum

1018 2726 1144 2760 Deusque
1170 2725 1238 2760 ipse.
1257 2725 1425 2757 intelligitur,
1448 2724 1495 2751 sed
1525 2728 1660 2758 quatenus
1682 2722 1799 2748 idoneus

1017 2774 1076 2797 erat
1090 2771 1116 2796 iu
1132 2771 1256 2797 oratione
1268 2770 1300 2796 ad
1316 2769 1421 2796 Patrem
1437 2769 1542 2796 dicere:
1553 2769 1632 2804 502
1644 2777 1651 2792 ι
1665 2767 1799 2800 Quoniam

1018 2822 1046 2843 tu
1076 2825 1106 2844 es
1136 2817 1181 2852 qui
1202 2817 1345 2844 extraxisti
1375 2824 1416 2843 me
1434 2816 1467 2843 de
1481 2820 1587 2846 ventre,
1604 2823 1666 2849 spes
1692 2822 1751 2843 mea
1767 2818 1800 2840 ab

1019 2863 1150 2890 uberibus
1178 2863 1273 2888 matris
1304 2870 1380 2889 mete.
1412 2861 1440 2888 lu
1469 2866 1495 2889 te
1520 2862 1656 2896 proiectus
1681 2868 1742 2888 sum
1767 2867 1800 2888 ex

1020 2914 1105 2935 utero.
1127 2908 1161 2934 E\'
1180 2912 1273 2935 ventre
1290 2908 1384 2934 matris
1405 2915 1470 2934 mem
1495 2908 1565 2935 Deus
1588 2915 1665 2934 meus
1687 2915 1718 2934 es
1741 2909 1798 2933 tua

1626 2954 1663 2985 25
