2099 3217
347 194 398 223 779

661 186 792 220 ΕὋΞΕΒΙΙ
807 192 1046 220 ΩΑΞΞΑΒΙΕΝΒΙΒ
1065 191 1139 220 OPP.

1175 193 1251 220 ἐὶΒὸ
1270 193 1302 220 ιι.
1320 209 1353 214 -
1368 193 1618 224 APOLOGETICA.

1901 199 1948 226 786

346 250 396 279 [lic
411 251 493 287 igitur
509 251 573 277 dum
595 250 626 276 in
651 249 708 284 ipsa
725 250 852 284 passione
873 254 925 282 est,
951 251 1065 285 supplex
1090 251 1124 277 ad
1140 254 1160 282 Α

1175 251 1271 286 καιρὸν
1286 251 1332 277 τοῦ
1352 251 1454 284 πάθους
1473 254 1541 288 πρὸς
1556 254 1605 289 τὴν
1622 255 1691 281 κατὰ
1712 257 1758 282 τοῦ
1776 257 1888 284 Θανάτου
1902 258 1948 285 πά-

346 296 453 324 l’atrem
469 303 548 323 Suum
577 301 609 322 ea
633 294 709 326 dicit,
728 302 788 328 quae
815 297 871 329 jam
898 296 1022 330 exposita
1048 301 1123 334 sunt.

348 341 379 369 Et
403 349 465 368 cum
492 344 546 367 tam
574 340 675 373 multae,
699 341 796 374 inquit,
829 349 872 368 me
899 341 1126 378 circumventuraz

346 387 400 414 sint
414 386 498 420 copia:
514 393 547 412 ex
566 385 681 413 adverso
695 385 828 420 ellicaees,
846 391 873 413 et
897 387 996 421 impuri
1021 387 1124 414 daemo-

345 439 404 463 nes,
424 435 451 459 et
471 431 624 466 spiritualia
637 432 774 466 nequitire,
791 437 818 459 et
832 432 949 467 denique
963 433 985 460 is
999 433 1046 467 qui
1064 440 1125 459 om-

344 479 420 506 nium
439 479 575 513 pessimus
594 482 646 510 est,
663 479 730 514 ipse.
747 479 869 514 inquam,
892 479 1019 514 princeps
1033 480 1126 506 sazeuli

346 524 427 558 hujus
449 525 528 559 (quos
539 528 650 559 propter
670 525 814 556 malitiam,
832 524 905 553 feras
925 525 1058 560 malignas
1074 533 1124 553 no-

345 571 448 597 minare
463 577 510 605 par
524 573 577 601 est,
596 574 623 597 et
643 571 684 597 vel
705 575 799 597 tauros
811 574 943 605 agrestes.
958 571 1000 598 vel
1014 571 1124 603 vitulos,

346 615 387 642 vel
408 615 509 648 leones,
525 616 567 643 vel
591 617 696 648 canes),
719 619 746 643 et
766 623 808 642 me
828 619 922 642 contra
941 623 1036 643 omnes
1050 621 1124 644 stare

344 665 478 697 oporteat,
493 668 580 696 neque
599 661 746 696 quidquam
764 661 826 687 boni
842 660 869 687 in
884 668 930 687 eos
944 661 994 687 sim
1009 661 1126 688 collatu-

344 716 403 741 rus,
427 712 570 744 propterea
585 707 658 743 quod
679 708 733 743 ipsi
746 711 855 743 propter
873 715 1030 742 supremum
1046 708 1125 734 ntali-

345 755 389 782 tiae
408 755 542 787 habitum,
560 761 683 781 meorum
701 754 834 781 bonorum
847 761 962 788 capaces
979 761 1032 780 non
1050 757 1124 785 sunt,

343 808 433 834 neque
455 799 608 833 adjutorem
634 803 681 825 aut
707 799 812 826 socium
831 799 945 826 habeam
971 799 1125 834 quempiam

345 853 443 873 eorum
460 845 582 880 ipsorum
602 845 648 880 qui
672 845 737 872 dicti
754 848 827 876 sunt,
852 844 879 872 in
897 844 1045 872 certamine
1060 844 1125 871 mihi

344 899 393 926 pro
409 891 496 918 salute
509 890 660 918 animarum
673 890 804 924 ineundo,
822 897 884 925 qua
897 894 961 917 sunt
973 891 1045 925 apud
1057 890 1126 918 infe-

344 944 400 968 ros,
415 944 464 963 cur
477 936 584 962 tandem
598 943 651 962 non
662 935 756 962 merito
769 935 883 962 dixerim
895 943 901 960 :
914 944 923 960 ι
935 933 1013 968 Quod
1021 935 1048 962 in
1059 943 1124 970 pro-
1141 923 1161 950 Β

344 981 419 1009 ximo
445 983 481 1010 sit
506 981 626 1015 aﬂlictio;
655 986 682 1009 et
703 981 776 1016 quod
799 989 853 1008 non
874 980 910 1008 sit
930 982 977 1016 qui
997 981 1124 1016 adjuvet?

346 1028 492 1055 «Creterum
517 1027 650 1062 malignas
669 1027 779 1062 quidem
800 1032 880 1061 atque
905 1027 1034 1055 adversas
1048 1031 1125 1062 pote-

344 1078 427 1102 states
443 1082 498 1101 non
517 1073 602 1101 fuisse
619 1073 658 1100 illi
673 1073 786 1103 auxilio,
803 1080 891 1108 neque
903 1073 1074 1100 succurrisse
1089 1072 1124 1099 ad

343 1122 444 1149 bonum
459 1122 624 1158 properanti,
639 1121 732 1148 mirari
745 1121 811 1148 nihil
830 1128 943 1148 necesse
963 1125 1014 1153 est,
1030 1127 1123 1146 verum

343 1169 415 1204 quod
429 1169 551 1196 omnium
571 1167 720 1195 maximum
736 1171 788 1198 est,
809 1174 843 1194 ex
856 1174 888 1194 ea
905 1166 1049 1193 amictione
1064 1173 1124 1200 quae

345 1215 420 1242 illum
445 1215 563 1241 maxime
586 1213 737 1248 premebat,
753 1213 780 1240 id
802 1219 868 1240 sane
893 1211 953 1244 luit,
975 1219 1009 1238 ne
1032 1211 1124 1238 l'aven-

344 1260 410 1287 tium
428 1259 536 1294 quidem
553 1265 586 1286 ac
601 1258 779 1293 propitiorum
790 1258 948 1292 angelorum
958 1257 1122 1292 quempiam,

345 1313 394 1332 nec
409 1305 561 1332 divinarum
578 1307 745 1339 potestatum
767 1311 882 1338 prorsus
908 1303 1002 1333 ullam,
1029 1310 1124 1329 ausam

343 1356 404 1376 esse
423 1349 510 1384 regias
529 1349 625 1375 mortis
640 1348 736 1375 domos
759 1347 898 1379 invadere,
916 1351 997 1381 atque
1018 1346 1053 1372 ad
1072 1354 1123 1373 au-

345 1394 438 1421 xilium
454 1395 617 1425 animarum,
632 1401 693 1428 quae
718 1392 773 1419 illic
790 1395 879 1424 erant,
894 1393 995 1419 sociam
1012 1400 1041 1419 se
1056 1399 1124 1427 prae-

345 1441 419 1469 bere.
445 1440 472 1468 Si
487 1440 595 1477 quidem
609 1440 655 1467 uni
667 1440 706 1467 illi
728 1440 779 1467 hoc
796 1439 938 1466 immotum
954 1439 1122 1470 servabatur,

345 1487 564 1523 quandoquidem
588 1486 634 1516 uni
648 1486 731 1514 etiam
745 1489 845 1520 aperta:
863 1489 927 1513 sunt
944 1489 1028 1520 porta:
1052 1492 1125 1512 mor-

345 1534 391 1567 tis,
405 1537 432 1561 et
449 1541 532 1560 unum
549 1533 623 1560 illum
639 1533 695 1560 orci
714 1532 847 1567 ianitores
860 1531 1014 1565 conspicati
1031 1529 1125 1557 formi-

1175 297 1241 332 λην,
1267 297 1358 323 οὐκέτι
1373 297 1469 332 βοηθὸς
1484 299 1557 334 αὑτῷ
1575 300 1673 335 παρῆν.
1708 301 1792 328 Τοῦτο
1805 303 1869 336 γοῦν
1884 304 1948 339 αὐτῷ

1177 343 1357 377 μαρτυροῦντι
1381 344 1518 371 πιστεύω·
1544 345 1574 371 τὸ
1601 346 1672 381 γὰρ,
1707 357 1717 373 ι
1740 348 1831 381 Ἠλεὶ,
1868 351 1947 382 Ἠλεὶ,

1175 387 1271 423 λαμμᾶ
1291 389 1440 424 σαῦαχθανὶ
1452 409 1459 421 ,
1474 399 1482 416 ι
1505 391 1645 426 εἰρημένον
1664 393 1737 427 αὐτῷ
1753 395 1799 420 ἐπὶ
1812 395 1858 421 τοῦ
1876 404 1948 422 σταυ-

1177 433 1224 470 ροῦ
1236 453 1243 465 ,
1264 434 1310 460 καὶ
1326 435 1378 461 ὑπὸ
1401 435 1448 461 τοῦ
1463 435 1570 470 ψαλμοῦ
1587 439 1760 473 προφητικῶς
1779 440 1949 476 ἀναπεφωνη-

1177 477 1276 512 μένον,
1294 479 1359 510 καὶ,
1389 488 1398 504 ι
1411 480 1471 506 Ὅτι
1490 479 1577 514 emet;
1591 482 1689 515 ἐγγὺς,
1717 483 1757 509 ὄτι
1774 484 1822 510 οὐκ
1845 485 1913 511 ἐστιν
1936 487 1948 512 ὸ

1177 522 1322 558 βοηθῶν.»
1351 524 1377 550 τί
1396 524 1487 560 ἕτερον
1504 526 1597 561 ἐδήλου
1618 527 1634 562 ἢ
1655 528 1696 554 ὅτι
1715 528 1752 559 ὠς
1773 529 1859 563 μέγας
1873 531 1947 566 ἀθλη-

1175 567 1224 604 τὴς
1242 570 1297 600 τοῖς
1323 569 1458 601 τοσούτοις
1485 571 1642 603 ἀντιπάλοις
1667 573 1884 609 προϐεϐλημένος
1909 573 1947 611 ἦν,

1175 614 1403 647 ἀγωνοθετοῦντος
1421 617 1468 642 καὶ
1484 616 1659 652 βραϐεύοντος
1674 621 1729 651 τοῖς
1743 621 1894 655 γινομένοις
1907 620 1948 648 τοῦ

1175 660 1221 686 ἐπὶ
1245 661 1311 687 πᾶσι
1331 660 1418 693 Θεοῦς
1447 662 1562 698 Ἔφορον
1588 663 1610 690 δ’
1626 662 1672 690 οὖν
1693 665 1747 691 τῶν
1766 667 1949 701 πραττομένων

1175 706 1324 741 παρεκάλει
1342 706 1386 733 τὸν
1405 707 1514 743 Πατέρα
1530 709 1576 735 καὶ
1593 709 1726 745 πάρεδρον
1737 733 1743 743 ,
1772 711 1809 743 ὡς
1825 712 1858 739 ἃν
1873 713 1950 746 δεξιὸν

1175 751 1322 788 ἀλείπτην,
1351 753 1426 788 αὐτῷ
1452 756 1632 789 συμπαρεῖναι
1645 775 1652 785 .
1671 756 1758 792 ταύτῃ
1785 758 1898 792 μάλιστα
1911 760 1950 785 ὅτε

1176 797 1238 832 μηδ’
1266 797 1387 833 ὑπῆρχεν
1413 797 1487 833 αὖτῴ
1510 798 1605 834 βοηθὸς
1635 800 1726 836 ἕτερος
1742 801 1758 836 ἢ
1777 801 1856 836 μ’όνος
1880 801 1918 834 εἷς
1939 805 1951 829 ὁ

1176 842 1327 879 βραϐευτὴς
1351 843 1405 870 τῶν
1430 845 1587 880 γινομένων.
1626 846 1672 873 Διό
1697 855 1778 881 φησιν
1793 848 1949 883 εὐχόμενος·

1177 889 1245 924 «Μὴ
1269 889 1389 925 ἀποστῇς
1411 889 1459 916 ἀπ’
1485 891 1569 925 ἐμοῦ,
1601 891 1642 918 ὅτι
1673 891 1760 927 Θλὶψις
1775 894 1876 927 ἐγγὺς,
1915 895 1952 921 δτι

1174 933 1224 959 οὐκ
1243 933 1314 959 ἔστιν
1329 935 1342 960 ὸ
1359 933 1472 969 βοηθῶν.
1489 944 1498 960 ι
1545 936 1629 971 Ὁρῶν
1645 936 1672 962 δὲ
1695 937 1796 969 ἐνθέοις
1821 938 1951 974 ὄμμασιν,

1175 978 1215 1004 ἔτι
1230 979 1276 1004 ἐπὶ
1291 978 1338 1005 τοῦ
1356 979 1442 1014 ίχρίου
1471 982 1692 1016 προσηρτημένου
1708 983 1780 1018 αὐτῷ
1797 983 1845 1010 τοῦ
1867 984 1952 1019 σώμα-

1174 1031 1219 1054 τος
1234 1042 1241 1055 ,
1271 1023 1319 1054 τὰς
1349 1023 1447 1056 ἔξωθεν
1463 1026 1534 1060 ἀμφὶ
1556 1025 1602 1052 τὸν
1621 1027 1689 1062 ἀέρα
1715 1027 1808 1054 τοῦτον
1824 1029 1953 1064 ἀσάρκως

1175 1069 1221 1096 καὶ
1248 1069 1400 1106 ἀνθρώποις
1436 1071 1567 1106 ἁοράτους
1602 1072 1730 1108 δυνάμεις
1755 1074 1832 1110 δίκην
1858 1075 1953 1102 οἰωνῶν

1174 1115 1319 1152 ὡμοὸόρων
1334 1118 1378 1143 καὶ
1391 1118 1489 1153 τρόπον
1503 1118 1604 1154 θηρίων
1623 1121 1687 1155 περὶ
1700 1121 1780 1148 αὐτὸν
1804 1122 1953 1158 ἰλυσπωμέ-

1174 1169 1223 1192 νας
1234 1181 1241 1192 ,
1263 1161 1309 1187 καὶ
1326 1162 1393 1197 πρὸς
1408 1163 1438 1189 τὸ
1459 1163 1553 1197 μέλλον
1566 1164 1627 1190 ὅσον
1641 1165 1716 1192 οὔπω
1734 1166 1830 1202 νεκρὸν
1852 1167 1954 1194 ἔσεσθαι

1174 1206 1255 1232 αὑτοῦ
1269 1207 1298 1233 τὸ
1309 1206 1389 1242 σῶμα
1398 1228 1404 1239 ,
1420 1208 1583 1243 πανταχόθεν
1594 1217 1622 1235 τε
1638 1210 1802 1245 συρρεούσας
1815 1212 1863 1243 τὰς
1873 1212 1953 1248 ἀρχὰς

1175 1253 1221 1278 καὶ
1235 1252 1355 1284 ἐξουσίας
1372 1252 1418 1279 τοῦ
1434 1253 1514 1289 ἀέρος
1525 1273 1532 1286 ,
1542 1254 1588 1280 τοῦ
1603 1255 1754 1291 πνεύματος
1770 1256 1815 1283 τοῦ
1830 1257 1877 1283 νῦν
1889 1258 1954 1294 ἐνερ-

1174 1297 1284 1332 γοῦντος
1296 1299 1324 1325 ἐν
1336 1300 1392 1330 τοῖς
1402 1299 1468 1331 υἱοῖς
1479 1300 1528 1335 τῆς
1538 1299 1687 1333 ἀπειθείας,
1699 1301 1747 1328 καὶ
1761 1301 1800 1328 ἑτι
1815 1302 1876 1334 τοὺς
1889 1303 1956 1338 ἀμςιὶ

1174 1345 1222 1380 τὴν
1239 1345 1289 1380 γῆν
1305 1345 1497 1380 διιπταμένους
1513 1345 1574 1372 καθ’
1591 1346 1654 1381 ὅλης
1669 1346 1719 1382 τῆς
1736 1347 1789 1374 τῶν
1810 1347 1954 1384 ἀνθρώπων

1174 1391 1333 1426 οἰκουμένης
1347 1391 1474 1426 δαίμονας
1486 1399 1493 1406 ·
1520 1392 1594 1423 εἰκὸς
1609 1392 1630 1418 δ’
1642 1392 1684 1419 ὅτι
1698 1393 1745 1420 καὶ
1759 1393 1822 1425 τοὺς
1847 1393 1956 1430 ὑποχθο-

1175 1436 1246 1468 νίους
1262 1437 1310 1472 ἤδη
1321 1456 1328 1468 ,
1343 1437 1390 1463 καὶ
1402 1437 1464 1468 τοὺς
1478 1437 1506 1463 ἐν
1521 1437 1594 1472 αὐτῷ
1608 1439 1735 1474 ταρτάρῳ
1749 1438 1835 1475 θῆρας
1849 1439 1956 1476 ἀγρίους

1175 1481 1221 1507 καὶ
1236 1481 1383 1517 φοϐεροὺς,
1400 1482 1464 1517 περὶ
1477 1478 1514 1508 ὧν
1534 1482 1645 1513 Ἡσαΐας
1661 1483 1729 1518 πρὸς
1752 1483 1797 1510 τὸν
1818 1485 1955 1510 ἐκπεπτω-

1175 1525 1241 1552 κότα
1269 1526 1316 1552 τοῦ
1335 1527 1449 1562 οὐρανοῦ
1490 1527 1643 1562 Ἑωσφόρον
1669 1528 1876 1564 ἀποτεινόμενος
1899 1528 1954 1555 ελε-

345 1579 487 1611 daverunt,
505 1580 617 1614 ipseque
633 1579 677 1606 ille
686 1579 733 1614 qui
747 1578 844 1605 mortis
856 1577 1000 1613 imperium
1013 1577 1123 1609 habeat,
1137 1591 1158 1619 ο

1176 1580 1238 1606 γεν·
1263 1581 1273 1597 ι
1291 1572 1320 1598 '0
1331 1572 1396 1607 ᾅδης
1421 1572 1541 1599 κάτωθεν
1555 1573 1704 1609 ἐπικράνθη
1722 1575 1890 1609 συναντήσας
1907 1583 1954 1605 σοι,

346 1622 379 1651 de
395 1623 478 1658 regiis
495 1623 605 1650 sedibus
628 1623 738 1654 cedens,
762 1626 856 1656 utpote
879 1623 925 1656 qui
948 1629 1031 1649 unum
1046 1622 1122 1648 illum

345 1676 424 1696 vuum
439 1668 581 1695 Dominum
597 1673 782 1704 cognosceret,
800 1675 862 1694 cum
885 1667 932 1694 illo
946 1670 988 1694 est
1016 1667 1123 1694 locutus

349 1714 550 1750 leprecantium
568 1722 601 1742 ac
626 1714 838 1749 supplicantium
864 1721 940 1740 more
956 1721 1010 1740 non
1032 1713 1124 1740 minus

354 1759 486 1794 ignaviter,
501 1765 582 1793 quam
600 1758 671 1793 apud
691 1757 741 1785 Job
757 1758 790 1785 de
806 1758 848 1785 his
868 1758 934 1792 ipsis
955 1758 1037 1785 rebus
1056 1758 1125 1785 scri-

344 1809 420 1840 ptum
439 1809 499 1832 est:
524 1803 571 1831 sed
591 1808 681 1831 tamen
706 1803 837 1831 nefariam
861 1803 933 1831 illius
948 1803 1055 1839 tyranni
1071 1804 1124 1830 im-

344 1850 494 1886 potentiam
508 1857 595 1885 usque
608 1849 675 1877 adeo
689 1856 804 1876 cernens
817 1848 976 1881 invaluisse,
992 1854 1022 1875 ut
1032 1849 1124 1876 nullus

345 1897 414 1924 alius
427 1896 579 1923 caelestium
591 1895 688 1922 adesse
706 1895 745 1922 illi
759 1894 787 1922 in
800 1895 901 1922 talibus
918 1895 985 1922 locis
1001 1894 1123 1926 auderet,

345 1944 425 1974 atque
441 1939 475 1966 ad
494 1947 590 1966 earum
601 1940 755 1967 animarum
774 1941 903 1971 salutem,
920 1946 979 1974 qua:
995 1939 1050 1965 illic
1076 1938 1125 1965 de-

345 1985 503 2013 tinebantur
515 1984 619 2013 socium
635 1993 665 2013 se
685 1987 818 2021 ιιι-σώετε,
836 1986 935 2013 merito
954 1985 991 2011 ait
1004 1983 1125 2011 afﬂictio-

345 2038 408 2058 nem
425 2031 536 2066 propius
557 2031 663 2063 adesse,
680 2036 823 2066 propterea
843 2030 917 2066 quod
938 2038 993 2057 non
1018 2029 1055 2056 sit
1078 2029 1124 2064 qui

345 2078 464 2112 adjuvet.
478 2078 577 2113 quippe
599 2086 660 2105 cum
679 2086 748 2106 unus
773 2079 817 2106 ille
829 2079 874 2114 qui
895 2078 1027 2114 potuisset
1043 2077 1124 2105 etiam

345 2123 445 2150 talibus
461 2123 489 2150 in
505 2124 572 2150 locis
588 2124 626 2150 illi
640 2124 777 2158 opitulari,
795 2124 884 2159 ipsum
901 2123 1078 2155 deseruisset,
1094 2125 1124 2149 ut

345 2169 471 2196 videlicet
487 2169 592 2197 illustre
609 2169 675 2197 illud
689 2170 874 2205 eximiumque
886 2169 1048 2203 inemptum,
1065 2168 1124 2195 illa-

345 2222 398 2250 que
421 2215 568 2250 singularis
582 2215 714 2243 adversus
738 2223 833 2243 omnes
855 2215 969 2242 victoria
994 2219 1123 2249 tanquam

345 2261 456 2296 propria
482 2261 568 2296 ipsius
594 2262 665 2296 apud
685 2269 779 2289 omnes
798 2261 1002 2296 praedicaretur.
1029 2261 1122 2295 Itaque
1138 2272 1160 2299 ο

344 2312 406 2333 cum
430 2305 478 2333 ille
501 2305 548 2340 qui
573 2313 644 2333 unus
660 2306 712 2342 ipsi
737 2306 838 2332 auxilio
851 2313 912 2332 esse
926 2308 1040 2340 poterat,
1057 2308 1124 2332 tunc

344 2351 396 2386 ipsi
406 2350 515 2386 adiutor
525 2358 579 2378 non
588 2355 675 2383 esset,
687 2351 785 2379 merito
797 2351 824 2377 in
836 2351 895 2385 ipso
904 2349 981 2378 initio
990 2350 1027 2377 ait
1038 2350 1103 2378 illud
1114 2360 1121 2378 :

344 2396 423 2432 503
440 2396 512 2428 (Eli,
529 2397 582 2429 Eli,
601 2397 700 2424 lamma
720 2396 908 2428 sabaclttliani,
924 2396 975 2424 hoc
990 2400 1042 2428 cst,
1054 2395 1124 2424 Deus

344 2450 429 2474 meus,
455 2442 527 2470 Deus
543 2450 631 2475 meus,
648 2450 733 2478 quare
747 2450 789 2470 me
803 2442 1010 2477 dereliquisti’?
1028 2452 1037 2467 ι
1056 2442 1124 2468 Nam

343 2488 486 2515 cumidem
501 2488 701 2522 conciperetur,
714 2493 743 2515 .et
757 2489 783 2514 in
794 2492 894 2515 uteroa
911 2492 1005 2515 sancta
1015 2486 1125 2522 Virgine

343 2537 504 2569 gestaretur,
514 2539 578 2561 tunc
593 2534 702 2568 quidem
718 2537 827 2569 paterna
841 2534 883 2560 vis
900 2541 962 2560 cum
977 2534 1036 2567 ipso
1054 2535 1125 2564 erat,

342 2588 398 2615 quo
422 2585 542 2615 tempore
555 2580 678 2615 Spiritus
705 2583 817 2607 sanctus
838 2579 941 2613 Virgini
955 2578 1123 2613 supervenit,

341 2629 370 2654 et
385 2625 472 2654 virtus
486 2626 620 2654 Altissimi
644 2625 816 2653 obumbravit
831 2625 882 2656 illi,
914 2626 1026 2660 ipseque
1045 2624 1124 2651 Pater

341 2680 404 2699 eum
415 2673 461 2708 qui
477 2672 647 2708 gignebatur,
671 2672 742 2699 sicut
767 2671 908 2698 oraculum
925 2671 1064 2703 indicavit,
1090 2669 1123 2697 de

342 2722 436 2745 ventre
452 2718 547 2745 matris
559 2718 685 2751 extraxit,
701 2726 763 2745 cum
776 2721 865 2746 autem
885 2717 936 2744 sub
953 2717 1042 2752 ipsum
1058 2723 1122 2751 pas-

343 2763 428 2790 sionis
440 2769 546 2798 tempus
561 2764 594 2790 ad
612 2764 712 2790 ludam
728 2764 859 2791 adversus
875 2768 989 2791 mortem
1011 2770 1123 2790 exuere-

342 2809 397 2839 tur,
413 2815 467 2834 non
477 2807 541 2834 item
566 2808 603 2834 illi
620 2811 686 2835 tunc
705 2812 768 2835 erat
797 2808 916 2843 adjutor.
931 2807 986 2843 Ego
1003 2815 1122 2843 namque

379 2891 389 2909 ⁵
406 2890 500 2920 Halth.
520 2901 611 2927 unt,
629 2894 672 2928 40.

1175 1616 1379 1652 συνηγέρθησάν
1393 1625 1432 1643 σοι
1445 1617 1543 1648 πάντες
1555 1618 1578 1643 ot
1591 1618 1716 1651 γίγαντες
1727 1627 1733 1633 ·
1747 1628 1756 1644 ι
1770 1618 1854 1645 ταῦτα
1869 1619 1899 1654 δὴ
1913 1617 1956 1645 οὖν

1175 1661 1280 1688 ἅπαντα
1300 1663 1419 1697 συνορῶν
1439 1661 1536 1695 ἔξωθεν
1555 1662 1584 1688 τὸ
1602 1662 1861 1698 ἀνεσκολοπισμένον
1882 1663 1957 1697 σῶμα

1174 1707 1334 1739 κυκλοῦντα,
1350 1709 1397 1734 καὶ
1411 1709 1673 1745 παρασκευαζόμενα
1688 1710 1747 1736 κατ’
1761 1709 1853 1741 αὑτοῦ,
1872 1710 1900 1736 τὸ
1917 1709 1958 1735 σύ-

1175 1761 1266 1788 στημα
1282 1753 1369 1779 αὐτῶν
1385 1753 1529 1789 διαγράφει
1546 1754 1657 1788 φάσκων
1672 1763 1679 1768 ·
1709 1764 1718 1780 ι
1732 1754 1957 1790 Περιεκύκλωσάν

1173 1807 1209 1834 με
1224 1799 1318 1834 μόσχοι
1331 1799 1431 1832 πολλοὶ,
1444 1799 1539 1834 ταῦροι
1548 1800 1637 1831 πίονες
1651 1800 1792 1835 περιέσχον
1807 1809 1850 1836 με.
1866 1801 1957 1827 Ἠνοι-

1174 1844 1223 1877 ξαν
1240 1846 1281 1871 ἐπ’
1294 1845 1344 1879 ἐμὲ
1355 1845 1384 1871 τὸ
1399 1845 1486 1880 στόμα
1499 1845 1597 1876 αὐτῶν,
1609 1846 1647 1877 ὡς
1657 1845 1724 1872 λέων
1738 1847 1752 1872 ὁ
1767 1845 1897 1881 ἁρπάζων
1913 1847 1955 1872 κιι1

1174 1890 1337 1926 ὡρυόμενος,
1352 1902 1361 1917 ι
1378 1891 1473 1927 Ψυχὴν
1483 1892 1536 1927 γὰρ
1547 1913 1553 1924 ,
1569 1892 1606 1924 ὠς
1618 1892 1690 1924 εἰκὸς
1699 1912 1706 1924 ,
1718 1892 1905 1928 ἀνθρωπείαν,
1913 1893 1959 1918 καὶ

1174 1934 1208 1973 τῇ
1227 1937 1280 1964 τῶν
1297 1937 1401 1964 πολλῶν
1416 1937 1625 1973 παραπλησίαν,
1646 1938 1727 1965 πλέον
1740 1938 1767 1964 δὲ
1783 1938 1858 1965 οὐδὲν
1874 1938 1956 1973 ἡγού-

1176 1991 1251 2018 μενοι
1278 1981 1347 2010 εἶναι
1362 1984 1412 2019 τὴν
1427 1984 1456 2010 τὸ
1473 1984 1550 2019 σῶμα
1567 1983 1653 2019 Ἰησοῦ
1674 1984 1898 2020 κατασκηνοῦσαν
1908 2004 1916 2015 ,
1933 1985 1961 2019 ῆς

1175 2028 1264 2061 νοιξαν
1282 2029 1312 2056 τὺ
1332 2030 1419 2065 στόμα
1438 2031 1462 2057 ot
1481 2031 1672 2066 προειρημένοι
1687 2050 1694 2063 ,
1726 2031 1763 2062 ὡς
1782 2031 1882 2066 ὁμοίως
1899 2033 1960 2063 ταῖς

1175 2075 1268 2107 ἄλλαις
1280 2075 1333 2102 τῶν
1343 2075 1492 2111 ἀνθρώπων
1507 2076 1605 2111 ψυχαῖς
1615 2077 1662 2104 καὶ
1675 2076 1759 2112 αὐτὴν
1773 2078 1961 2112 καταπιούμε-

1175 2129 1231 2148 νοι·
1260 2121 1300 2148 διό
1317 2130 1397 2157 φησιν
1408 2130 1415 2136 ’
1434 2131 1445 2147 ι
1461 2122 1586 2154 Ἦνοιξαν
1601 2123 1643 2149 ἐπ’
1661 2123 1710 2158 ἐμὲ
1723 2123 1753 2149 τὸ
1767 2123 1855 2158 στόμα
1869 2123 1962 2150 αὐτῶν

1174 2167 1212 2200 ὡς
1235 2167 1302 2194 λέων
1318 2168 1332 2194 ὁ
1347 2166 1475 2202 ἁρπάζων
1491 2168 1538 2195 καὶ
1554 2168 1706 2204 ὠρυόμενος
1718 2177 1725 2182 ·
1736 2177 1745 2194 ι
1764 2165 1804 2200 οἷς
1820 2169 1883 2204 ἑξῆς
1901 2170 1964 2195 ἐπι-

1174 2213 1263 2248 λέγει·
1295 2223 1304 2239 ι
1314 2213 1386 2239 Ὠσεὶ
1401 2213 1471 2249 ὕδωρ
1486 2213 1628 2250 ἐξεχύθην·
1644 2224 1653 2239 ι
1672 2215 1741 2250 ὅπερ
1755 2214 1892 2250 αἰσθητῶς
1912 2216 1963 2250 μὲν

1175 2258 1222 2284 καὶ
1232 2257 1302 2285 κατὰ
1311 2258 1359 2294 τὴν
1370 2258 1490 2293 ἱστορίαν
1499 2260 1569 2286 εἴποι
1581 2260 1614 2286 ἀν
1628 2269 1669 2292 τις
1685 2261 1881 2296 πεπληρῶσθαι
1892 2283 1901 2294 ,
1915 2263 1963 2289 ὅτι

1177 2301 1216 2336 εἷς
1230 2303 1283 2331 τῶν
1297 2306 1469 2340 στρατιωτῶν
1478 2326 1485 2338 ,
1514 2307 1585 2333 κατὰ
1598 2307 1643 2333 τὸν
1656 2307 1850 2343 εὐαγγελιστὴν
1871 2309 1965 2336 Ἰωάν-

1176 2359 1239 2386 νην,
1256 2350 1302 2378 τοῦ
1317 2352 1403 2387 ἁμνοῦ
1423 2352 1469 2379 τοῦ
1484 2352 1550 2379 Θεοῦ
1566 2352 1648 2388 λόγχῃ
1667 2353 1716 2388 τὴν
1730 2354 1850 2390 πλευρὰν
1866 2355 1963 2388 ἔνυξε,

1177 2397 1223 2423 καὶ
1236 2397 1346 2432 ἐξῆλθεν
1360 2398 1442 2430 εὐθὺς
1456 2398 1527 2434 ὕδωρ
1542 2400 1590 2425 καὶ
1603 2397 1682 2434 αἷμα.
1699 2409 1708 2425 ι
1739 2400 1812 2436 Πλὴν
1827 2400 1898 2428 ἀλλὰ
1915 2402 1966 2428 καὶ

1176 2441 1224 2477 τὴν
1248 2443 1310 2478 ὃλην
1323 2444 1372 2479 τῆς
1386 2445 1570 2479 πνευματικῆς
1587 2445 1693 2479 φύσεως
1715 2446 1847 2481 νέκρωσιν
1863 2446 1965 2482 δηλοῦν

1176 2487 1246 2515 ἔοικε
1255 2489 1288 2515 δι’
1298 2487 1334 2516 ὧν
1346 2498 1425 2525 φησιν
1435 2498 1441 2504 ·
1456 2500 1462 2514 ι
1475 2491 1545 2516 Ὠσεὶ
1555 2490 1626 2526 ὕδωρ
1635 2490 1774 2527 ἐξεχύθην,
1785 2492 1833 2518 καὶ
1842 2492 1966 2527 διεσκορ-

1175 2533 1258 2569 πίσϐη
1271 2534 1360 2560 πάντα
1376 2535 1408 2560 ei
1425 2535 1490 2561 ὁστᾶ
1517 2544 1578 2569 μου.
1605 2536 1735 2571 Ἐγενήθη
1759 2536 1776 2571 ἡ
1796 2537 1896 2572 καρδία
1911 2546 1964 2572 μου

1175 2578 1240 2605 ὼσεὶ
1265 2579 1348 2614 κηρὸς
1371 2579 1518 2614 τηκόμενος
1542 2581 1570 2607 ὲν
1600 2581 1674 2616 μέσῳ
1696 2581 1746 2616 τῆς
1774 2581 1880 2614 κοιλίας
1898 2591 1964 2617 μου.

1181 2623 1329 2659 Ἐξηράνθη
1347 2624 1383 2656 ὡς
1399 2624 1530 2660 ὄστρακον
1547 2627 1563 2661 ἡ
1579 2625 1654 2660 ἰσχύς
1674 2635 1740 2661 μου,
1753 2627 1800 2653 καὶ
1819 2628 1836 2662 ὴ
1849 2627 1967 2661 γλῶσσά

1178 2678 1227 2704 μου
1242 2670 1400 2705 κεκόλληται
1425 2670 1462 2706 τῷ
1478 2671 1592 2707 λάρυγγί
1607 2680 1668 2707 μου.
1684 2682 1692 2697 ι
1733 2672 1766 2699 Τί
1780 2673 1836 2709 γὰρ
1851 2674 1884 2700 ἂν
1900 2673 1968 2700 ἄλλο

1177 2715 1261 2742 ταῦτα
1277 2716 1364 2743 πάντα
1379 2717 1502 2752 σημαίνοι
1525 2717 1542 2752 ἢ
1557 2717 1653 2752 νεκροῦ
1670 2717 1796 2753 σώματος
1812 2719 1969 2751 atinas-tv;

1183 2760 1322 2797 Ἐπιφέρει
1340 2761 1404 2795 γοῦν
1420 2763 1500 2794 εὐθὺς
1514 2762 1599 2797 λέγων
1610 2771 1618 2779 ι
1646 2773 1658 2789 ι
1669 2765 1723 2790 Καὶ
1739 2765 1779 2796 είς
1796 2765 1861 2800 χοῦν
1880 2766 1968 2792 θανά-

1175 2815 1222 2834 του
1234 2808 1387 2844 κατήγαγέε
1405 2817 1448 2844 με.
1463 2819 1472 2835 ν
1488 2809 1578 2836 Ταῦτα
1592 2810 1642 2845 μὲν
1656 2809 1732 2838 οὕτω
1747 2812 1882 2847 γενόμενα
1899 2819 1967 2848 πρὺ
