2099 3217
169 210 173 215 _
191 176 239 202 πει

625 177 950 206 ΒΕΜΟΝΞΤΒΑΤΙΟΝΙΒ
973 177 1199 206 ΕΥΑΝΟΕΙΛΕΞ
1218 177 1283 205 LlB.
1305 177 1341 206 Χ.

973 177 1199 206 ΕΥΑΝΩΕΜΕΞ
1218 177 1283 205 LlB.
1305 177 1341 206 Χ.
1749 178 1801 205 782

189 234 310 267 ϐλέπων,
337 235 374 267 ὡς
387 235 469 270 ἐγγὺς
484 235 511 262 δὲ
527 235 573 262 καὶ
588 235 699 270 πλησίον
713 236 762 271 ἤδη
777 236 881 263 ἑστῶτα
891 256 898 268 ,
923 236 970 263 καὶ
985 239 1006 267 Α

985 239 1006 267 Α
1021 236 1073 264 hoc
1088 237 1176 271 ipsum
1189 235 1228 262 illi
1255 235 1412 262 testilicanti
1426 234 1524 262 credo:
1543 241 1605 261 nam
1616 233 1685 261 illud
1702 241 1709 259 :
1727 241 1737 259 ι
1750 232 1800 265 Eli.

191 280 403 316 περικυκλοῦντα
418 281 496 308 αὐτὸν
507 302 514 313 ,
541 281 642 315 ἔλεγεν.
660 280 741 314 Αὖθις
753 281 781 308 δὲ
797 281 971 308 ὲπαναλαϐὼν

190 325 224 353 τὰ
239 325 288 361 ἤδη
306 327 539 362 προπεπραγμένα
557 328 596 358 εἰς
611 327 660 363 τὴν
671 326 723 354 τῶν
740 327 888 362 μελλόντων
905 336 973 363 συμ-

191 371 320 408 ϐήσεσθαι
335 373 508 408 παραμυθίαν
519 394 527 406 ,
542 370 585 400 οἷα
602 373 745 409 ὑπέμεινεν
761 373 970 406 ἐπιϐουλευθεὶς,

189 418 309 445 διδάσκει
325 418 421 452 λέγων·
442 429 451 444 ι
467 420 526 446 Ὂτι
544 419 698 446 ἐκύκλωσάν
721 428 754 455 με
773 420 852 451 κύνες
869 420 971 452 πολλοὶ,

191 464 333 500 συναγωγὴ
347 465 566 500 πονηρευομένων
577 465 718 501 περιέσχον
730 474 763 501 με
773 475 795 492 ·›
807 465 850 492 διὰ
860 466 970 498 τούτων,

190 511 228 542 ὥς
241 511 313 542 εἰκὸς
323 531 330 543 ,
341 510 427 545 δηλῶν
440 510 505 546 ὁμοῦ
520 511 567 546 μὲν
581 512 628 538 καὶ
639 512 700 543 τοὺς
712 511 877 547 στρατιώτας
887 532 894 542 ,
905 512 971 548 ὁμοῦ

190 556 222 584 δἐν
233 557 281 583 καὶ
296 557 357 587 τοὺς
371 558 403 583 ὲκ
419 556 568 592 περιτομῆς
585 558 787 589 ἑπαναστάντας
803 557 886 592 αὐτῷ.
921 568 930 584 ι
941 558 971 584 Oi

192 602 240 638 μὲν
255 602 309 637 γὰρ
321 602 482 638 στρατιῶται
496 603 540 629 τοῦ
552 603 666 630 Πιλάτου
679 624 686 635 ,
713 604 913 639 παραλαϐόντες
927 604 972 631 τὸν

197 648 299 683 Ἰησοῦν
312 649 351 680 εἰς
365 648 396 674 τὸ
409 647 585 684 πραιτώριον,
600 650 749 685 συνήγαγον
761 649 824 685 ὃλην
834 650 882 686 τὴν
895 651 971 676 σπεῖ-

192 702 240 730 ραν
253 694 296 720 ἐπ’
309 694 398 723 αὐτόν,
423 694 478 721 Καὶ
492 694 650 727 ἐκδύσαντες
665 695 754 728 αὑτὸν,
769 696 891 731 χλαμύδα
907 706 972 724 κοκ-

191 739 268 773 κίνην
282 739 445 775 περιέθηκαν
460 739 542 774 αὐτῷ.
575 740 629 767 Καὶ
646 740 789 773 πλέξαντες
802 742 930 776 στέφανον
943 742 972 775 ἐξ

189 784 313 812 ἀκανθῶν
325 785 459 820 ἐπέθηκαν
473 786 518 812 ἐπὶ
530 786 578 821 τῆς
589 787 708 821 κεφαλῆς
722 787 802 814 αὐτοῦ
813 807 820 820 ,
835 788 882 816 καὶ
894 788 973 816 κάλα-

191 838 241 865 μον
258 831 286 856 ἐν
298 832 330 865 τῇ
343 831 414 866 χειρὶ
428 832 519 858 αὑτοῦ.
557 832 609 858 Καὶ
621 833 854 868 γονυπετήσαντες
870 833 972 869 ἔμπρο-

191 875 254 902 σθεν
268 877 300 902 αὐ
307 876 358 909 τοῦ,
371 877 509 909 ἐνέπαιζον
535 878 609 913 αὐτῷ
629 877 750 914 λέγοντες
763 887 769 893 ·
790 879 885 914 Χαῖρε,
898 879 912 905 ὁ
926 879 972 914 βα-

190 921 280 951 σιλεὺς
296 921 350 949 τῶν
370 923 511 951 Ἰουδαίων.
552 912 606 950 Καὶ
625 912 811 958 ἐμπτύσαντες
827 912 866 957 ei;
880 912 970 957 αὐτὸν,

189 967 285 995 ἔλαϐον
306 968 351 995 τὸν
366 969 485 1004 κάλαμον
501 990 507 1002 ,
535 971 582 997 καὶ
598 970 711 997 ἔτυπτον
727 973 767 1003 εἰς
789 972 837 1008 τὴν
853 973 971 1009 κεφαλὴν

189 1014 282 1041 αὐτοῦ.
314 1015 368 1052 Κθαὶ
393 1016 435 1042 ὅτε
455 1016 597 1050 ἐνέπαιξαν
616 1017 708 1053 αὐτῷ,
739 1019 865 1052 ἐξέδυσαν
893 1020 972 1047 αὐτὴν

190 1060 238 1095 τὴν
259 1060 380 1096 χλαμύδα
395 1081 402 1093 ,
420 1062 466 1088 καὶ
482 1062 607 1089 ἐνέδυσαν
621 1063 701 1090 αὐτὸν
716 1063 750 1090 τὰ
764 1064 858 1099 ἱμάτια
870 1065 951 1093 αὐτοῦ
964 1075 970 1082 ·

190 1107 237 1132 καὶ
255 1107 397 1141 ἀπήγαγον
416 1107 495 1134 αὑτὸν
514 1109 553 1140 εἰς
574 1109 605 1135 τὺ
625 1109 790 1145 σταυρῶσαι-
807 1119 815 1136 ›
834 1113 973 1147 μονονουχὶ

189 1151 264 1187 ἔργῳ
294 1152 458 1188 πληροῦντες
482 1153 512 1180 τὺ
524 1174 531 1186 ,
567 1164 576 1180 ι
590 1155 650 1182 ’Ὁτι
667 1155 822 1183 ἐκύκλωσαν
841 1166 875 1192 με
893 1157 974 1190 κύνες

190 1197 300 1229 πολλοὶ,
319 1198 460 1234 συναγωγὴ
488 1201 709 1235 πονηρευομένων
724 1203 866 1238 περιέσχον
898 1212 930 1238 με
940 1212 946 1217 ·
961 1213 970 1229 ι

190 1242 258 1268 ἀλλὰ
275 1243 321 1269 καὶ
342 1243 383 1275 τὸ,
411 1253 420 1270 t
434 1244 550 1279 Ὠρυξπν
567 1246 660 1281 χεῖράς
678 1256 728 1282 μου
747 1247 793 1277 καὶ
810 1248 892 1280 πόδας
911 1257 972 1284 μου,

190 1287 376 1326 ἐξηρίθμησαν
404 1291 492 1318 πάντα
518 1291 552 1317 τὰ
579 1292 645 1322 ὀστᾶ
672 1302 739 1328 μου·
758 1303 767 1319 ι
794 1294 842 1320 καὶ
869 1293 908 1320 ἔτι
931 1295 972 1327 τὺ,

194 1345 204 1362 α
221 1337 302 1363 Αὐτοὶ
326 1337 354 1364 δὲ
377 1337 543 1374 κατενόησαν
567 1338 613 1364 καὶ
637 1339 741 1366 ἐπεῖδόν
762 1349 812 1375 με,
829 1349 838 1365 ι
863 1341 972 1372 καὶτὸ,

193 1393 204 1409 α
220 1383 413 1420 Διεμερίσαντο
434 1384 468 1410 τὰ
487 1384 583 1420 ἱμάτιά
599 1393 648 1420 μου
670 1386 784 1417 ἑαυτοῖς,
802 1386 848 1412 καὶ
867 1387 913 1412 ἐπὶ
928 1386 973 1415 τὸν

190 1430 335 1466 ἱματισμόν
349 1439 399 1466 μου
413 1430 507 1458 ἔϐαλον
519 1430 628 1467 κλῆρον,
642 1441 650 1457 ι
669 1430 745 1464 αὖθις
757 1432 917 1468 ἐπληροῦτο,
929 1433 973 1459 ὅτε

189 1476 266 1511 ἥλοις
280 1476 360 1502 αὐτοῦ
379 1476 428 1508 τὰς
443 1478 536 1512 χεῖρας
556 1477 603 1504 καὶ
621 1478 684 1509 τοὺς
702 1478 782 1509 πόδας
803 1478 841 1513 τῷ
864 1478 973 1514 σταυρῷ

191 1522 367 1558 κατέπειραν,
388 1523 434 1549 καὶ
452 1523 569 1558 ὁπηνίκα
586 1522 619 1549 τὰ
634 1522 729 1558 ἱμάτια
748 1523 830 1550 αὑτοῦ
846 1523 973 1555 λαϐόντες

189 1567 379 1604 διεμερίσαντο
409 1569 524 1600 ἑαυτοῖς.
560 1568 589 1594 '0
619 1567 686 1602 γοῦν
714 1568 839 1604 Ἰωάννης
870 1569 972 1604 ἱστορεῖ

190 1613 290 1647 λέγων·
310 1622 319 1638 ε
334 1614 364 1639 Οἱ
383 1611 428 1640 οὖν
452 1612 632 1649 στρατιῶται,
658 1613 702 1640 ὅτε
727 1613 901 1650 ἐσταύρωσαν
926 1615 972 1641 τὸν

195 1658 318 1694 Ἰησοῦν,
344 1658 437 1685 ἔλαϐον
461 1658 495 1686 τὰ
523 1659 617 1695 ἱμάτια
641 1659 740 1691 αὐτοῦ,
771 1660 816 1686 καὶ
843 1660 973 1696 ἐποίησαν

191 1703 311 1740 τέσσαρα
326 1704 405 1740 μέρη,
419 1704 526 1740 ἑκάστῳ
540 1704 692 1742 στρατιώτῃ
706 1705 796 1741 μέρος.
808 1705 858 1732 Τὸν
873 1706 973 1741 χιτῶνα

189 1749 230 1781 δὲ,
245 1750 286 1776 ὅτι
299 1750 419 1785 ἄρραφος
433 1748 477 1786 ἦν,
494 1751 526 1777 ἐκ
538 1750 592 1777 τῶν
605 1750 707 1778 ἄνωθεν
721 1752 837 1786 ὑφαντὸς
852 1752 884 1778 δι’
900 1752 972 1784 ὅλου,

191 1794 269 1822 εἷπον
291 1796 358 1831 πρὸς
380 1795 526 1831 ἀλλήλους·
551 1795 597 1832 Μὴ
622 1796 758 1832 σχίσωμεν
784 1797 875 1828 αὐτὸν,
906 1796 972 1823 ἀλλὰ

191 1841 317 1876 λάχωμεν
338 1842 402 1877 περὶ
427 1841 508 1868 αὑτοῦ
531 1842 603 1874 τίνος
615 1842 706 1873 ἔσται,
733 1842 776 1868 ἵνα
796 1841 925 1878 πληρωθῇ
956 1842 972 1877 ἡ

191 1887 288 1923 Γραφὴ
303 1887 445 1922 ήλέγουσα
456 1896 462 1902 “
479 1888 671 1924 Διεμερίσαντο
684 1888 718 1914 τὰ
734 1888 828 1923 ἱμάτιά
843 1897 893 1923 μου
908 1889 972 1915 ἐαυ-

190 1933 265 1963 τοῖς,
288 1931 334 1958 καὶ
354 1932 401 1958 ἐπὶ
423 1931 468 1959 τὺν
492 1932 636 1968 ἱματισμόν
667 1941 716 1968 μου
745 1932 838 1959 ἔϐαλον
862 1932 971 1968 κλῆρον.

192 1978 224 2004 Οἱ
259 1977 307 2013 μὲν
339 1976 385 2007 οὖν
420 1978 583 2014 στρατιῶται
612 1978 696 2005 ταῦτα
726 1979 844 2006 ἐποίουν.
869 1988 879 2004 ι
919 1979 974 2006 Καὶ

191 2023 330 2055 Ματθαὶος
350 2023 379 2050 δὲ
401 2025 456 2056 τοῖς
475 2024 666 2060 γεγενημένοις
689 2024 783 2051 τοῦτον
806 2025 850 2051 τὴν
874 2025 974 2060 τρόπον

193 2071 329 2106 μαρτυρεῖ
342 2069 443 2104 λέγων·
470 2079 479 2095 ι
496 2070 704 2106 Σταυρώσαντες
725 2070 752 2097 δὲ
771 2071 861 2102 αὑτὸν,
882 2071 974 2107 διεμε-

193 2115 304 2152 ρίσαντο
316 2115 350 2142 τὰ
369 2115 462 2150 ἱμάτια
474 2115 567 2148 αὐτοῦ,
583 2116 706 2151 βαλόντες
718 2116 827 2153 κλῆρον,
843 2117 885 2147 ἶνα
904 2117 973 2153 πλη-

192 2157 267 2194 ρωθῇ
284 2158 315 2185 τὺ
331 2158 411 2194 ῥηθὲν
430 2158 473 2186 διὰ
490 2159 536 2186 τοῦ
555 2160 694 2196 προφήτου
705 2168 711 2175 ·
728 2161 919 2197 Διεμερίσαντο
940 2162 975 2189 τὰ

193 2203 290 2239 ἱμάτιά
314 2213 363 2240 μου
386 2205 509 2237 ἑαυτοῖς,
539 2207 585 2232 καὶ
610 2206 656 2235 ἐπὶ
678 2207 723 2234 τὸν
750 2207 895 2242 ἱματισμόν
923 2217 973 2244 μου

191 2249 288 2297 ξϐαλον
305 2250 426 2297 κλῆρον·
453 2252 500 2281 καὶ
527 2252 676 2288 καθήμενοι
706 2254 821 2290 ἐτήρουν
842 2254 933 2280 αὐτόν.
962 2264 971 2280 ι
990 2271 1012 2297 υ

192 2296 280 2327 Κύνες
301 2296 330 2323 δὲ
350 2294 420 2332 ἦσαν
445 2297 606 2330 κυκλοῦντες
631 2299 727 2331 αὑτὸν,
755 2299 801 2326 καὶ
829 2299 973 2335 συναγωγὴ

191 2342 424 2379 πονηρευομένων,
443 2343 467 2368 οἱ
483 2343 515 2369 ὲκ
527 2344 677 2379 περιτομῆς
691 2344 819 2380 ἄρχοντες
835 2346 890 2373 τῶν
909 2346 973 2373 Ίου-

187 2386 285 2426 γδαίων,
305 2388 377 2415 οἵτε
396 2391 567 2424 γραμματεῖς
593 2391 639 2416 καὶ
662 2391 686 2416 οἰ
706 2391 857 2426 ἀρχιερεῖς,
880 2393 926 2419 καὶ
948 2394 972 2420 οἰ

189 2431 342 2467 Φαρισαῖοι,
357 2433 381 2460 οἱ
398 2433 443 2460 καὶ
462 2434 493 2460 τὸ
508 2435 560 2461 πᾶν
581 2435 770 2467 ἀνασείσαντες
786 2436 885 2472 πλῆθος
900 2436 971 2470 ὲξαι-

189 2477 325 2514 τήαασθαι
343 2480 373 2507 τὺ
386 2477 454 2515 αἷμα
470 2480 551 2508 αὑτοῦ
567 2481 627 2508 καθ’
638 2482 741 2509 ἑαυτῶν
760 2483 807 2509 καὶ
826 2483 897 2510 κατὰ
918 2484 972 2510 τῶν

190 2522 266 2550 ἰδίων
284 2525 395 2553 τέκνων.
415 2526 510 2561 Σαφῶς
524 2526 589 2561 γοῦν
611 2528 624 2553 ὁ
639 2528 753 2560 Ἦσαῖας
776 2528 858 2560 κύνας
875 2529 973 2562 αὐτοὺς

190 2570 325 2598 ἀποκαλεῖ
345 2572 474 2606 φάσκων
503 2582 512 2597 ι
529 2574 632 2605 Πάντες
654 2574 733 2605 κύνες
753 2575 833 2606 ἐνεοὶ,
849 2575 878 2605 οὺ
891 2575 972 2602 δυνά-

190 2624 268 2652 μενοι
287 2616 419 2645 ὑλακτεῖν.
436 2627 445 2644 i
466 2619 530 2645 Δέον
548 2619 602 2654 γὰρ
620 2619 729 2652 αὐτοὺς,
746 2621 770 2646 ει
790 2622 835 2648 καὶ
851 2622 887 2657 μὴ
912 2630 971 2648 ποι-

190 2661 281 2697 μένων
297 2661 394 2697 τρόπον
411 2663 598 2698 ἀνειλήφεσαν,
618 2663 684 2691 ἀλλὰ
697 2665 776 2701 δίκην
788 2666 852 2702 γοῦν
860 2667 971 2700 ἀγαθῶν

189 2707 291 2738 κυνῶν,
309 2708 359 2744 τὴν
379 2708 426 2735 τοῦ
448 2709 575 2736 δεσπότου
597 2709 708 2746 λογικὴν
731 2711 847 2746 ποίμνην
871 2713 917 2739 καὶ
938 2712 973 2740 τὰ

189 2753 372 2789 πρόϐατατοῦ
387 2755 461 2782 οἴκου
480 2756 587 2792 Ἰσραὴλ
610 2757 800 2791 φυλάττοντας,
823 2759 972 2794 ἐπιστημὼ

186 2799 274 2831 πκῶς
290 2799 425 2833 ὑλακτεῖν,
446 2800 584 2834 σαίνοντας
605 2803 653 2838 μὲν
673 2803 719 2832 καὶ
740 2804 972 2838 ἐπιγινώσκοντας

246 2889 267 2904 ¹⁶
285 2889 362 2917 Joan.
381 2898 443 2922 xix.
461 2891 504 2920 55.

1023 281 1076 313 Eli,
1096 281 1195 308 lamma
1223 280 1410 311 sabaclithani,
1424 290 1432 306 ι
1452 280 1523 315 quod
1541 280 1574 307 ab
1592 281 1652 315 ipso
1676 280 1703 307 in
1719 287 1802 308 cruce

1022 326 1124 353 dictum
1142 330 1192 357 est,
1211 332 1316 352 necnon
1339 333 1355 352 a
1381 325 1485 359 psalmo
1500 325 1657 360 prophetice
1677 325 1803 353 enuntia-

1022 375 1089 402 tum,
1107 371 1224 405 itemque
1239 369 1311 405 quod
1325 369 1434 396 alllictio
1448 377 1531 404 prope
1550 370 1668 402 adesset,
1684 374 1711 397 et
1729 369 1802 405 quod

1023 423 1077 443 non
1090 419 1162 443 esset
1178 415 1224 450 qui
1250 415 1391 449 adjuvarct
1407 434 1415 447 ,
1442 415 1507 450 quid
1522 415 1630 442 tandem
1659 415 1710 443 sibi
1730 416 1801 443 aliud

1022 461 1126 493 volunt,
1140 469 1220 496 quam
1237 461 1309 499 quod
1324 466 1452 495 tanquam
1475 469 1588 496 magnus
1600 465 1732 493 certator,
1747 466 1801 488 tam

1022 507 1114 535 multis
1142 507 1279 541 tantisque
1309 507 1472 535 adversariis
1500 507 1558 543 ipse
1578 508 1802 542 essctohjectus,

1023 554 1149 589 prtel‘ecto
1160 555 1219 589 ejus
1229 555 1386 582 certaminis
1405 558 1433 581 et
1456 555 1542 582 totius
1555 555 1654 590 negotii
1669 555 1802 590 guberna-

1019 603 1081 627 tore
1097 607 1225 635 supremo
1236 600 1360 626 omnium
1373 598 1448 626 Deo?
1465 599 1607 634 praesidem
1623 607 1687 633 ergo
1712 607 1801 626 rerum

1024 646 1203 681 gerendarum
1223 651 1303 681 atque
1315 653 1483 673 assessorem
1509 646 1670 681 precabatur
1684 645 1801 675 Patrem.

1023 695 1053 718 ut
1080 692 1158 727 quasi
1187 691 1369 727 peritissimus
1393 691 1495 726 Aliptes
1524 692 1575 719 sibi
1605 691 1714 719 adesset
1739 695 1804 718 tunc

1023 738 1150 770 maxime.
1166 746 1228 765 cum
1244 739 1313 766 alius
1327 738 1378 774 ipsi
1393 738 1502 773 ailjutor
1514 737 1609 765 adesse
1627 741 1731 774 poterat
1743 738 1804 764 ritil-

1023 783 1076 815 lus,
1095 788 1193 819 praeter
1207 793 1290 811 unum
1304 785 1391 819 ipsum
1405 784 1450 819 qui
1460 785 1544 810 totius
1555 784 1655 819 negotii
1665 787 1737 812 esset
1752 791 1804 819 gu-

1023 829 1161 857 bernator.
1178 828 1311 862 Quocirca
1325 830 1388 857 dum
1402 833 1473 862 orat,
1490 829 1529 857 sic
1542 830 1579 856 ait
1592 837 1599 855 :
1617 838 1627 855 ι
1642 828 1680 857 Ne
1693 829 1803 858 recedas

1024 882 1040 902 a
1055 883 1109 908 me,
1127 876 1255 911 quoniam
1269 876 1378 904 alllietio
1398 884 1482 912 prope
1507 877 1593 909 adest,
1609 877 1737 912 quoniam
1750 884 1803 904 non

1023 926 1065 949 est
1079 922 1125 957 qui
1144 922 1261 957 adjuvet.
1278 933 1287 948 ι
1305 922 1409 950 Divinis
1425 927 1515 950 autem
1540 922 1661 951 oraculis
1677 929 1802 953 cernens.

1023 973 1085 993 cum
1097 966 1186 994 adhuc
1201 967 1238 994 illi
1264 974 1362 1004 corpus
1387 967 1415 994 in
1432 967 1506 1002 ligno
1531 970 1604 996 esset
1629 975 1803 1002 suspensum,

1023 1012 1194 1040 extrinsecus
1209 1013 1314 1040 circum
1338 1013 1412 1041 hunc
1429 1020 1519 1040 aerem
1547 1017 1688 1041 versantes
1713 1013 1804 1040 incor-

1023 1065 1119 1093 poreas
1132 1063 1159 1086 et
1173 1058 1330 1087 hominibus
1343 1059 1493 1087 invisibiles
1504 1063 1664 1094 potestates,
1675 1068 1735 1095 qua:
1749 1060 1804 1087 cir-

1023 1111 1085 1132 ctln
1100 1105 1190 1140 ipsum
1208 1105 1286 1140 quasi
1302 1105 1453 1133 crudivorre
1468 1113 1531 1134 aves
1545 1110 1572 1134 et
1590 1105 1652 1133 ferae
1676 1107 1803 1134 advolve-

1022 1149 1132 1181 bantur,
1144 1154 1170 1177 et
1184 1150 1216 1177 ad
1232 1153 1367 1177 mortuum
1383 1150 1437 1179 cito
1454 1150 1573 1178 futurum
1595 1151 1680 1185 ipsius
1693 1158 1804 1185 corpus,

1023 1195 1143 1230 undique
1159 1195 1325 1223 continentes
1342 1196 1510 1230 principatus
1527 1199 1554 1223 et
1570 1199 1717 1231 potestates
1734 1196 1804 1225 aeris

1024 1240 1105 1274 hujus
1124 1248 1155 1267 ac
1167 1241 1288 1276 spiritus,
1303 1241 1348 1276 qui
1358 1249 1429 1269 nunc
1441 1241 1586 1269 eﬂicaciam
1606 1249 1682 1269 suam
1696 1246 1804 1269 exercet

1023 1285 1051 1313 in
1068 1286 1129 1314 [iliis
1143 1288 1332 1318 contumaciae.
1348 1295 1396 1314 nec
1411 1295 1465 1314 non
1482 1287 1556 1314 circa
1573 1291 1674 1314 terram
1698 1294 1746 1321 per
1760 1290 1803 1313 to-.

1023 1335 1081 1359 tum
1097 1333 1201 1364 Orbem,
1217 1333 1262 1367 qui
1281 1333 1408 1360 incolitur
1429 1332 1465 1360 ah
1490 1332 1646 1360 hominibus
1662 1333 1804 1364 volitantes

1024 1377 1172 1410 daemones,
1185 1378 1316 1405 credibile
1329 1382 1418 1405 autem
1434 1382 1475 1406 est
1491 1378 1592 1406 vidisse
1606 1377 1727 1409 infernas
1741 1387 1804 1414 quo-

1024 1431 1078 1458 que
1097 1431 1128 1450 ac
1143 1427 1277 1451 tartareas
1290 1424 1394 1452 belluas
1411 1427 1533 1459 agrestes
1552 1428 1633 1458 atque
1643 1423 1804 1453 formidabis

1024 1468 1073 1500 les.
1088 1468 1121 1496 de
1133 1469 1232 1504 quibus
1252 1468 1352 1501 Isaias,
1365 1469 1398 1496 ad
1412 1476 1473 1496 eum
1488 1469 1534 1504 qui
1546 1469 1579 1496 de
1589 1469 1659 1498 coelo
1671 1469 1805 1502 ceciderat

1024 1513 1180 1546 Luciferum
1205 1522 1358 1543 sermonem
1385 1514 1538 1546 intendens,
1559 1515 1596 1543 ita
1622 1515 1803 1553 loquebatur;

1026 1569 1036 1586 ι
1048 1559 1172 1588 lnfernus
1189 1559 1282 1588 subter
1300 1560 1478 1587 conturbatus
1497 1561 1576 1588 estin
1592 1568 1735 1590 occursum
1758 1562 1806 1589 ad-

1023 1611 1120 1634 ventus
1132 1606 1314 1638 tui,suscitati
1326 1610 1389 1633 sunt
1396 1607 1444 1634 tibi
1459 1614 1555 1634 omnes
1569 1607 1692 1642 gigantes
1706 1617 1712 1634 :
1727 1618 1736 1633 ι
1748 1608 1805 1635 haec

1025 1653 1115 1687 itaque
1131 1653 1221 1680 omnia
1238 1653 1426 1688 conspiciens,
1443 1661 1521 1680 suum
1543 1653 1715 1682 extrinsecus
1729 1654 1804 1681 cruci

1025 1698 1131 1725 atlixum
1142 1707 1241 1734 corpus
1255 1698 1281 1726 in
1301 1699 1392 1726 orbem
1410 1698 1558 1734 cingentia,
1575 1706 1658 1734 seque
1673 1699 1804 1727 adversus

1025 1745 1112 1779 ipsum
1129 1745 1315 1779 comparantia‘
1329 1745 1646 1773 nuiltitudinem‘eorum
1663 1745 1803 1773 collectam

1024 1790 1163 1823 describit,
1181 1791 1220 1817 sic
1233 1790 1328 1818 dicens
1343 1801 1349 1817 :
1369 1800 1377 1816 ι
1397 1790 1645 1820 Circumdederunt
1668 1799 1711 1819 me
1727 1793 1804 1819 vituli

1024 1835 1114 1867 multi,
1130 1836 1201 1863 tauri
1223 1836 1338 1871 pingues
1364 1837 1531 1866 obsederunt
1554 1845 1606 1865 me.
1632 1837 1804 1873 Aperuerunt

1024 1888 1106 1915 super
1115 1889 1158 1910 me
1168 1889 1199 1908 os
1213 1889 1302 1913 suum,
1315 1886 1344 1908 ut
1355 1882 1398 1909 leo
1413 1883 1522 1919 rapiens
1533 1887 1559 1911 et
1573 1883 1693 1919 rugiens.
1708 1895 1717 1911 ι
1727 1884 1805 1921 504

1024 1927 1128 1954 Etenim
1139 1927 1206 1954 dum
1221 1929 1348 1959 animam,
1364 1933 1393 1955 ut
1408 1936 1459 1965 par
1475 1932 1528 1960 est,
1546 1929 1691 1957 humanam
1709 1935 1736 1958 et
1753 1939 1805 1958 ca:-

1024 1973 1089 2001 teris
1104 1973 1219 2001 similem
1238 1982 1287 2002 nec
1303 1975 1419 2011 amplius
1436 1979 1564 2010 praeterea
1583 1976 1728 2011 quidquam
1744 1985 1805 2007 esse

1023 2019 1201 2051 arbitrantur,
1217 2020 1289 2055 quod
1312 2020 1339 2047 in
1360 2029 1473 2056 corpore
1493 2021 1556 2050 Jesu
1581 2022 1730 2055 habitabat,
1749 2024 1803 2053 bel-

1024 2065 1086 2097 luze,
1100 2066 1133 2093 de
1149 2066 1248 2101 quibus
1276 2066 1406 2098 diximus,
1429 2072 1593 2102 aperuerunt
1613 2075 1644 2096 os
1670 2077 1760 2103 suum,
1775 2074 1803 2098 ut

1024 2112 1250 2147 quemadmodum
1265 2113 1333 2141 alias
1359 2113 1499 2141 hominum
1527 2115 1631 2143 animas
1658 2124 1804 2145 consueve-

1024 2161 1096 2189 rant,
1114 2159 1151 2185 ita
1175 2159 1256 2186 etiam
1278 2159 1352 2188 hanc
1378 2160 1551 2192 devorarent,
1578 2168 1742 2198 quapropter
1765 2163 1804 2191 sic

1025 2205 1062 2231 ait
1081 2214 1088 2232 :
1110 2214 1119 2231 ι
1137 2205 1308 2240 Aperucrunt
1338 2215 1419 2242 super
1446 2215 1490 2235 me
1509 2216 1540 2235 os
1569 2217 1659 2241 Slttll'n,
1676 2213 1804 2242 tanquam

1026 2249 1068 2277 leo
1082 2250 1190 2285 rapiens
1206 2255 1235 2278 et
1252 2252 1372 2287 rugiens,
1389 2262 1398 2278 ι
1427 2253 1526 2287 quibus
1554 2253 1682 2289 deinceps
1709 2254 1806 2289 adjung

1026 2296 1083 2331 git:
1102 2306 1111 2322 ι
1132 2296 1214 2330 Quasi
1228 2305 1298 2332 aqua
1312 2298 1415 2326 ell‘usus
1431 2307 1502 2330 sum,
1522 2308 1531 2324 ι
1549 2299 1622 2335 quod
1642 2299 1750 2334 quidem
1762 2301 1804 2332 vel

1026 2345 1093 2380 ipsis
1107 2345 1232 2372 sensibus
1247 2345 1347 2380 percipi
1363 2346 1460 2380 potuit.
1476 2349 1556 2380 atque
1583 2345 1696 2373 historia
1725 2346 1803 2374 ﬁdem

1026 2390 1141 2418 faciente
1154 2392 1315 2426 completum
1325 2395 1445 2424 est,cum
1455 2392 1579 2424 videlicet
1592 2400 1662 2420 unus
1675 2392 1802 2427 militum,

1026 2440 1056 2465 ut
1067 2440 1111 2464 est
1125 2436 1195 2471 apud
1210 2438 1402 2472 evangelistam
1417 2437 1560 2470 Joannem,
1581 2447 1591 2463 α
1605 2437 1672 2472 Agni
1684 2437 1730 2466 Dei
1744 2443 1804 2468 Ian-

1024 2490 1073 2509 cea
1087 2482 1158 2510 latus
1174 2482 1289 2517 aperuit,
1304 2488 1331 2509 et
1356 2482 1440 2512 exivit
1456 2483 1587 2516 continuo
1614 2490 1682 2517 aqua
1698 2486 1725 2515 et
1741 2490 1804 2510 sane

1025 2528 1087 2563 guis
1103 2528 1138 2560 ‘°,
1157 2537 1167 2553 ι
1185 2528 1232 2556 sed
1249 2532 1338 2555 tamen
1355 2533 1438 2556 totam
1453 2529 1601 2563 spiritualis
1612 2533 1715 2556 natura:
1729 2535 1803 2555 mor-

1025 2573 1200 2601 tilicationem
1223 2574 1378 2609 signiﬁcare
1403 2574 1520 2606 videtur,
1537 2574 1582 2602 ubi
1610 2574 1670 2601 ait:
1691 2583 1700 2599 ε
1720 2573 1803 2606 Quasi

1026 2627 1096 2655 aqua
1116 2620 1219 2648 ellusus
1243 2628 1313 2654 sum,
1331 2624 1358 2648 et
1381 2621 1503 2656 dispersa
1529 2623 1593 2647 sunt
1620 2621 1709 2651 omnia
1741 2627 1804 2652 ossa

1025 2673 1094 2693 mea.
1114 2665 1226 2692 Factum
1249 2670 1291 2695 est
1306 2673 1354 2694 cor
1373 2673 1461 2693 meum
1485 2669 1611 2700 tanquam
1633 2672 1695 2692 cera
1719 2665 1805 2698 lique-

1026 2719 1106 2740 scens
1123 2713 1151 2740 in
1168 2711 1257 2740 medio
1272 2711 1373 2739 ventris
1397 2712 1460 2739 mei.
1479 2711 1558 2738 Aruit
1580 2714 1709 2748 tanquam
1733 2714 1804 2738 testa

1024 2758 1112 2785 virtus
1128 2766 1194 2792 mea.
1209 2762 1236 2786 et
1250 2758 1342 2795 lingua
1358 2765 1416 2785 mea
1441 2757 1554 2785 adhazsit
1577 2757 1679 2793 gutturi
1702 2764 1771 2786 meo.
1792 2767 1803 2783 ι

1025 2805 1096 2838 Quid
1113 2805 1186 2839 enim
1204 2805 1277 2838 aliud
1304 2804 1413 2839 tandem
1428 2805 1554 2838 universa
1570 2805 1628 2840 haec
1640 2803 1803 2844 signiﬁcent,
