2099 3217
345 193 400 223 ’185

673 195 805 223 EUSEBII
822 196 1062 225 ϐίεδΔΒΙΕΝδίδ
1077 198 1152 226 οΡΡ.
1174 199 1264 227 PARS
1285 199 1316 227 ll.
1334 216 1367 221 ——
1384 202 1502 230 APOLOt

802 197 805 222 l
822 196 1062 225 (ΞᾸΞΞΛΒΙΕΝΞΙΒ
1077 198 1152 226 οΡΡ.
1174 199 1264 227 PARS
1285 199 1316 227 ll.
1334 216 1367 221 ——
1384 202 1631 232 APOLOGETiCA.

1908 209 1950 237 τιιι

343 262 426 290 quam
442 262 541 281 mortui
559 255 682 289 corporis
699 255 901 282 conditionem?
913 255 1027 290 proinde
1052 256 1124 283 illico
1139 259 1161 287 Α

1118 259 1161 304 ιΑ
1176 257 1221 284 τὸν
1246 258 1350 285 ἑαυτῶν
1372 259 1504 295 δεσπότην
1530 262 1576 288 καὶ
1602 263 1801 299 ἀρχιποιμένα,
1833 266 1906 304 πάσῃ
1924 277 1947 296 τι

344 301 467 336 adjungit
483 300 547 326 illud
566 309 573 326 :
594 309 603 324 ι
622 298 655 326 Ει
669 301 696 327 in
709 301 847 335 pulverem
873 301 969 328 mortis
985 301 1122 328 deduxisti

343 354 395 373 me.
414 355 424 372 ι
442 345 504 372 "me
519 345 600 380 igitur
613 345 676 372 dum
706 347 829 380 providet
858 347 977 373 nondum
999 347 1080 379 facta,
1094 353 1123 375 ut

341 391 513 418 adventantia
530 395 620 418 tamen
633 395 660 419 et
668 391 701 418 de
715 393 838 426 proximo
851 392 1030 424 imminentia,
1045 398 1071 420 et
1083 401 1124 421 se-

340 437 427 471 ipsutu
440 436 552 471 jamjam
579 437 829 469 circumvenientia,
844 437 960 465 dicebat.
988 438 1040 465 Sed
1060 447 1122 466 rur-

339 489 386 510 sus
401 482 522 517 repetitis
538 483 571 510 iis
590 491 650 517 quae
661 483 717 517 jatn
736 487 815 509 antea
842 487 916 518 gesta
944 488 1018 514 sunt,
1035 489 1062 511 ut
1078 493 1122 512 se-

338 527 426 562 ipsum
442 529 476 555 de
494 529 527 556 iis
541 536 600 563 quae
621 533 715 563 postea
741 534 870 556 eventura
886 534 973 561 erant,
991 532 1120 558 consola-

337 579 423 604 retur.
440 582 502 608 qme
518 575 678 601 sustinuerit
689 574 798 602 insidiis
812 576 1024 607 circumventus,
1041 577 1120 604 docet

336 619 379 647 his
392 619 482 647 verbis
498 629 503 646 :
523 629 533 644 ‹
553 620 684 652 Quoniam
709 620 947 648 circumdederunt
965 629 1007 648 me
1036 629 1119 650 canes

335 666 423 693 multi.
451 666 630 701 (Iongregatio
656 666 861 701 malignantium
892 667 998 694 obsedit
1024 675 1084 695 me:
1105 677 1114 693 ι

335 711 434 746 quibus
449 719 516 739 sane
538 712 627 739 verbis
650 715 707 738 tum
735 712 810 747 ipsos
839 713 939 740 milites
964 718 1019 740 tum
1035 714 1116 740 etiam

333 758 442 785 Judaeos
467 759 513 793 qui
548 758 575 785 in
601 759 720 793 seipsum
743 759 977 793 conspiraverant.
1002 759 1115 794 intelligi

334 804 401 831 vult.
423 803 562 839 Siquidem
582 813 591 829 ‹
612 805 711 831 milites
725 803 802 831 Pilati
827 805 1008 839 suscipientes
1021 804 1115 833 Jesum

334 850 361 877 in
391 850 526 885 prmtorio,
544 853 778 885 congregaverant
808 851 841 877 ad
866 858 928 877 eum
961 851 1114 878 universam

332 897 481 925 cohortem.
499 897 531 924 Et
546 902 676 925 ementes
687 905 760 929 eum,
775 897 942 933 chlamydem
957 897 1113 924 coccincam

1175 304 1281 340 φυλακῇ
1305 305 1353 340 τὴν
1379 308 1595 343 πεπιστευμένη-θ
1622 310 1715 342 αὐτοῖς
1739 310 1856 347 ποίμνην
1875 321 1948 348 φρονι

1174 350 1296 385 ροῦντας.
1310 351 1434 378 ὑλακτεῖν
1449 353 1488 385 δὲ,
1507 355 1530 380 εί
1544 354 1606 390 ἄρα,
1621 356 1691 381 κατὰ
1712 356 1768 383 τῶν
1782 357 1880 389 ἔξωθεν
1895 360 1946 386 ἐπι-

1172 394 1353 423 δουλευόντων
1372 398 1404 432 τῇ
1420 397 1520 433 ποίμνῃ
1532 407 1539 414 ’
1557 399 1582 425 ot
1597 399 1624 425 δὲ
1645 399 1734 427 κυνῶν
1749 401 1848 436 τρόπον
1861 403 1946 436 ὲνεῶν,

1171 443 1209 474 ὡς
1231 444 1338 478 ἀληθῶς
1355 445 1402 471 καὶ
1426 446 1582 481 μεμηνότων
1604 448 1666 479 τοὺς
1688 448 1825 483 ὑλαγμοὺς
1848 449 1944 486 ἔφερον,

1170 488 1204 514 τὰ
1221 488 1342 523 πρόϐατα
1359 489 1405 516 τοῦ
1424 490 1550 524 ποιμένος
1575 491 1774 526 ἐξαγριοῦντες,
1793 493 1862 520 ὥστε
1883 494 1947 522 εἰκό-

1169 540 1224 563 τως
1236 533 1327 564 αὐτοῖς
1343 533 1472 568 ἁρμόζειν
1484 535 1528 560 τό·
1558 545 1566 560 ι
1580 536 1804 571 Περιεκὺκλωσὰν
1819 547 1852 573 με
1873 539 1945 573 κύνες

1169 577 1278 608 πολλοὶ,
1301 579 1443 614 συναγωγὴ
1467 580 1690 615 πονηρευομένων
1720 582 1862 617 περιέσχον
1883 592 1942 619 με.»

1168 623 1223 648 Καὶ
1241 623 1340 655 πάντες
1354 624 1382 650 δὲ
1399 625 1424 650 οἱ
1444 626 1483 657 είς
1501 625 1579 661 δεῦρο
1592 625 1636 652 τὸν
1653 627 1744 662 ὅμοιον
1763 629 1862 663 τρόπον
1881 631 1944 657 ὲκεί-

1167 677 1222 700 νοις
1233 669 1465 705 διαπραττόμενοι,
1483 671 1512 697 ὲν
1527 671 1567 706 τῷ
1582 671 1749 708 βλασφημεῖν
1765 674 1811 700 καὶ
1828 675 1944 702 ὑλακτεῖν

1167 715 1211 741 τὸν
1228 716 1342 750 Χριστὸν
1361 716 1407 742 τοῦ
1423 716 1499 747 Θεοῦ,
1514 718 1563 743 οὐκ
1585 717 1617 744 ἂν
1634 718 1765 754 ἀλλότριοι
1782 719 1892 746 ἐκείνων
1906 720 1944 747 λο-

1166 760 1291 793 γισθεῖεν.
1319 760 1397 787 Ἀλλὰ
1420 761 1465 787 καὶ
1485 761 1509 787 οἱ
1528 761 1605 797 δίκην
1627 762 1681 788 τῶν
1700 763 1760 788 τότε
1780 763 1943 791 ἀσεϐούντων

1166 807 1338 841 στρατιωτῶν
1361 806 1590 842 ἀνασταυροῦντες
1612 804 1657 834 τὸν
1670 808 1731 834 Υἱὺν
1748 808 1794 835 τοῦ
1808 808 1875 835 Θεοῦ
1901 810 1943 836 καὶ

1165 851 1455 887 παραδειγματίζοντες
1470 853 1520 879 οὐκ
1536 853 1568 879 ἂν
1583 853 1632 888 τῆς
1648 855 1760 880 ἐκείνων
1774 854 1881 890 μακρὰν
1899 854 1928 888 γέ

1165 905 1251 923 νοιντο
1267 896 1421 929 διαθέσεως.
1436 897 1549 935 ⁹Πάντες
1568 896 1614 924 οὖν
1635 898 1718 925 εἰσέτι
1745 899 1793 925 καὶ
1809 899 1856 925 νῦν
1872 900 1896 925 οἱ
1914 900 1942 926 τὸ

330 944 569 971 circumdederunt
583 944 618 971 ei.
644 943 677 970 Et
692 944 839 978 plectentes
856 951 984 971 eornnazn
1010 943 1042 970 de
1057 943 1113 977 spi—
1129 940 1148 966 Β

1129 940 1148 966 Β
1165 940 1243 976 σῶμα
1259 941 1305 967 τοῦ
1319 941 1446 977 Χριστοῦ,
1463 943 1585 969 τουτέστι
1602 943 1651 978 τὴν
1670 943 1841 978 Ἐκκλησίαν,
1855 943 1941 970 λωὸὡ-

331 990 386 1021 nis,
404 990 591 1024 imposuerunt
606 996 687 1023 super
708 993 789 1023 caput
814 989 884 1023 ejus,
908 992 935 1016 et
951 989 1111 1016 arundinem

331 1035 359 1062 in
375 1035 484 1063 dextera
498 1035 568 1070 ejus.
580 1033 613 1060 Et
628 1034 741 1069 genibus
757 1034 833 1061 ﬂexis
844 1038 907 1062 ante
923 1043 996 1065 eum.
1014 1034 1111 1062 illude-

331 1083 395 1109 bant
410 1082 434 1109 ei
447 1081 588 1109 dicentes:
602 1080 668 1113 Ave,
680 1079 735 1107 Rex
751 1080 917 1108 Judzeorum.
936 1080 1112 1115 Etexspuen-

329 1133 370 1155 tes
388 1130 414 1156 in
429 1135 500 1159 eum,
517 1131 681 1162 acceperunt
697 1126 869 1159 arundinem,
881 1132 906 1154 et
920 1128 1109 1162 percutiebant

327 1178 410 1210 caput
426 1174 496 1208 ejus.
524 1173 556 1200 Et
582 1178 724 1208 postquam
747 1173 892 1201 illusernnt
916 1173 952 1205 ei,
976 1176 1110 1200 exuerunt

327 1228 389 1248 eum
415 1219 606 1255 chlamydem,
643 1223 670 1246 et
697 1219 844 1246 induerunt
873 1225 934 1245 eam
960 1222 1108 1245 vestimen-

327 1270 363 1297 tis
387 1269 445 1296 suis
461 1277 467 1295 :
482 1272 509 1295 et
536 1267 706 1295 abduxerunt
720 1275 782 1295 eum
797 1271 825 1294 nt
839 1265 1028 1300 crucifigerent
1040 1266 1077 1298 ";
1095 1275 1104 1291 ι

326 1314 521 1349 propemodum
548 1321 577 1340 re
603 1314 662 1348 ipsa
684 1314 850 1348 complentes
881 1312 946 1338 illud
974 1322 979 1338 :
1001 1321 1010 1337 ‹
1030 1311 1106 1344 Quo-

326 1361 399 1387 niam
436 1360 673 1388 circumdederunt
702 1367 744 1386 me
777 1366 859 1386 canes
895 1359 971 1385 multi
1005 1368 1011 1386 z
1039 1366 1106 1385 con-

322 1407 417 1434 cilium
441 1407 645 1442 malignantium
670 1404 777 1432 obsedit
803 1412 855 1431 me.
885 1414 894 1429 ι
924 1403 1003 1439 505
1035 1404 1106 1437 Quin

323 1453 392 1480 illud
416 1453 497 1480 ctiam
521 1463 527 1479 :
551 1461 560 1477 ι
587 1451 724 1479 Foderunt
746 1458 843 1477 manus
865 1452 939 1477 meas
964 1454 991 1477 et
1022 1449 1103 1485 pedes

321 1505 418 1530 meos,
434 1497 673 1524 dinumeraverunt
697 1495 788 1522 omnia
819 1492 881 1522 ossa
908 1502 978 1522 mea.
1008 1504 1017 1520 ›
1038 1494 1105 1521 llem

322 1544 390 1571 illud
411 1552 421 1570 ξ
445 1553 456 1568 1
481 1542 534 1578 ipsi
554 1547 642 1569 autem
667 1542 910 1570 considet-averunt
931 1545 957 1568 et
979 1540 1104 1575 inspexe-

322 1594 387 1618 runt
408 1589 434 1616 in
455 1597 512 1620 me.
529 1599 540 1615 ι
558 1593 585 1616 et
613 1589 677 1616 illud
702 1599 708 1616 :
728 1599 737 1614 ι
760 1588 917 1616 Diviseruut
942 1587 1101 1615 vestimenta

320 1643 381 1663 mea
408 1635 470 1666 sibi.
499 1639 525 1662 ct
542 1643 624 1670 super
638 1641 738 1662 vestem
765 1642 855 1661 meatu
882 1636 1016 1661 miserunt
1042 1639 1102 1659 sor-

321 1687 386 1708 tem.
404 1690 414 1707 »
433 1680 504 1713 llzec,
523 1680 644 1715 inquam.
660 1680 750 1707 omnia
775 1684 840 1706 tunc
863 1679 998 1714 completa
1025 1681 1100 1711 sunt,

319 1734 381 1754 cum
398 1727 425 1753 in
438 1733 518 1753 cruce
534 1730 560 1752 et
570 1733 669 1753 manus
687 1726 760 1753 illius
773 1730 797 1753 et
811 1725 902 1760 pedes,
917 1725 1003 1752 clavis
1016 1729 1102 1752 trans-

319 1774 447 1805 tixerunt,
472 1776 499 1799 et
516 1779 577 1798 cum
595 1772 669 1799 illius
683 1773 844 1799 vestimenta
868 1771 1045 1806 accipientes.
1068 1778 1100 1798 ea

316 1820 388 1842 inter
405 1823 434 1843 se
444 1815 606 1843 diviserunt.
623 1815 688 1842 Nam
700 1824 759 1846 eam
775 1824 830 1843 rem
853 1815 973 1844 Joannes
987 1816 1099 1851 exponit

316 1863 360 1890 his
373 1862 485 1890 verbis:
504 1871 513 1887 ι
533 1861 631 1889 Milites
654 1862 738 1896 igitur
755 1870 816 1889 cum
834 1863 1035 1890 cruriﬁxissent
1051 1861 1097 1889 Ιο-

317 1915 390 1938 sum,
404 1911 567 1942 acceperunt
578 1908 736 1934 vestimenta
759 1908 829 1941 ejus,
848 1912 875 1935 et
892 1907 1014 1935 fecerunt
1029 1907 1098 1944 qua-

316 1957 379 1980 tuor
395 1957 495 1988 partes,
509 1953 655 1987 unicuique
666 1953 744 1979 militi
757 1957 860 1988 partem
883 1963 891 1980 ι
911 1955 1003 1981 tunica
1019 1962 1094 1986 vero,

316 1998 378 2032 quia
392 2003 449 2025 erat
460 1998 632 2025 inco.:sutilis
647 2006 661 2024 a
674 2006 780 2025 suntme
795 2002 920 2025 contexta
935 2007 981 2034 per
995 2003 1093 2033 totum.

316 2045 442 2071 dixerunt
455 2045 524 2071 inter
542 2052 571 2071 se
586 2054 593 2071 :
613 2043 650 2071 Ne
665 2044 823 2072 scindamus
839 2052 910 2075 eam,
927 2046 973 2073 sed
997 2047 1094 2073 sortia-

313 2098 375 2117 mur
391 2091 423 2118 de
439 2091 482 2117 illa
495 2091 576 2125 cujus
597 2091 642 2122 sit,
660 2095 689 2118 ut
705 2091 864 2126 impleretur
880 2091 1019 2127 Scriptura
1035 2101 1094 2128 qua:

311 2135 400 2162 dicit:
422 2135 515 2162 Partiti
538 2140 602 2163 sunt
628 2136 788 2163 vestimenta
814 2144 872 2164 mea
888 2137 951 2169 sibi,
969 2142 996 2164 et
1012 2145 1094 2172 super

311 2185 413 2209 vestem
428 2189 514 2208 meam
531 2182 664 2209 miserunt
686 2187 788 2209 sortem
805 2192 811 2209 :
829 2188 855 2210 et
869 2183 968 2211 milites
982 2183 1090 2218 quidem

312 2227 369 2254 haec
385 2227 506 2255 fecerunt
522 2229 553 2255 η.
580 2237 588 2252 ι
608 2227 751 2256 Matthaeus
767 2236 831 2255 vero
844 2229 939 2256 iisdem
953 2230 1036 2256 rebus
1046 2237 1092 2264 ge-

1164 995 1238 1021 μενοι
1255 988 1348 1021 χεῖρας
1365 987 1447 1013 αὑτοῦ
1469 988 1514 1014 καὶ
1530 988 1611 1020 πόδας
1631 988 1676 1015 καὶ
1694 989 1804 1024 προσέτι
1818 990 1852 1016 τὰ
1865 989 1942 1017 όστέα

1160 1033 1388 1069 διαχειρίζονται,
1417 1034 1445 1060 εἴ
1467 1043 1497 1068 γε
1522 1034 1622 1066 πάντες
1646 1035 1675 1061 ἓν
1704 1035 1784 1071 σῶμα
1806 1037 1889 1072 ἐσμεν
1914 1037 1941 1064 ὲν

1161 1079 1281 1115 Χριστῷ,
1308 1080 1322 1105 ό
1345 1079 1373 1105 δὲ
1399 1080 1495 1113 καθεῑς
1518 1081 1638 1115 ἀλλήλων
1661 1082 1738 1117 μέλη.
1769 1083 1823 1109 Καὶ
1840 1084 1889 1110 οὐκ
1910 1083 1940 1110 ἂν

1160 1123 1230 1150 εἴποι
1247 1125 1263 1159 ή
1279 1124 1382 1160 κεφαλὴ
1397 1127 1452 1156 τοῖς
1469 1126 1531 1152 ποσί
1542 1134 1548 1141 ·
1570 1127 1684 1161 ιΧρείαν
1701 1127 1778 1162 ὑμῶν
1789 1128 1840 1154 οὐκ
1855 1128 1917 1162 ἔχω,
1929 1137 1937 1153 ι

1159 1169 1196 1201 ὡς
1213 1170 1272 1196 οὐδὲ
1293 1171 1351 1202 ταῖς
1370 1171 1462 1206 χερσὶν
1490 1172 1514 1197 οι
1533 1171 1674 1207 ὀφθαλμοί.
1699 1173 1776 1199 Κατὰ
1796 1173 1862 1207 γοῦν
1880 1175 1939 1206 τοὺς

1160 1217 1272 1251 καιροὺς
1285 1216 1338 1242 τῶν
1353 1217 1488 1251 διωγμῶν,
1505 1217 1531 1243 εἴ
1543 1218 1606 1244 ποτέ
1623 1227 1682 1245 τινα
1695 1219 1765 1245 κατὰ
1779 1219 1833 1245 τῶν
1855 1219 1938 1255 μελῶν

1158 1261 1204 1287 τοῦ
1219 1261 1334 1297 Χριστοῦ
1354 1263 1422 1298 πρὸς
1438 1263 1492 1289 τῶν
1517 1263 1620 1299 ἐχθρῶν
1643 1265 1690 1290 καὶ
1713 1264 1938 1301 πολεμίων·ὲνερ-

1158 1309 1241 1341 γοῖτο,
1265 1307 1336 1334 εἴποι
1361 1307 1394 1334 ἂν
1415 1309 1460 1335 καὶ
1487 1310 1550 1344 περὶ
1574 1309 1662 1336 αὐτῶν
1683 1310 1732 1337 οὐκ
1756 1311 1878 1346 ἀκαίρως
1898 1311 1936 1342 τὸ,

1161 1362 1170 1378 ι
1188 1354 1304 1388 Ὤρυξαν
1334 1356 1427 1391 χεῖράς
1458 1364 1523 1390 μου,
1555 1356 1601 1383 καὶ
1634 1357 1715 1388 πόδας
1745 1366 1818 1392 μου,
1847 1358 1936 1394 ἐξηρί-

1158 1399 1264 1434 θμησαν
1291 1400 1378 1427 πάντα
1400 1402 1435 1428 τὰ
1457 1402 1526 1428 ὀστᾶ
1546 1411 1607 1437 μου.
1632 1403 1712 1429 Αὐτοὶ
1726 1402 1754 1429 δὲ
1773 1403 1936 1439 κατενόησαν

1156 1446 1204 1472 καὶ
1225 1446 1329 1473 ἐπεῖδόν
1357 1455 1400 1482 με.
1417 1457 1426 1473 ι
1454 1448 1519 1474 Τότε
1549 1449 1576 1474 δὲ
1604 1449 1649 1475 καὶ
1681 1448 1882 1484 διαμερίζονται
1904 1449 1936 1476 τὰ

1157 1491 1252 1526 ἱμάτια
1267 1491 1349 1518 αὑτοῦ
1362 1493 1478 1524 ἑαυτοῖς,
1497 1493 1544 1518 καί
1562 1493 1608 1519 ἐπὶ
1618 1493 1663 1519 τὸν
1688 1493 1832 1529 ἱματισμὸν
1856 1494 1935 1521 αὑτοῦ

1156 1536 1280 1571 βάλλουσι
1306 1538 1420 1574 κλῆρον,
1442 1539 1485 1565 ὅτε
1507 1539 1553 1566 τὸν
1568 1539 1614 1565 τοῦ
1636 1539 1715 1574 λόγου
1739 1541 1856 1576 κόσμον,
1878 1541 1935 1576 ἦτοι

1153 1584 1202 1615 τὰς
1216 1583 1300 1616 λέξεις
1311 1583 1365 1610 τῶν
1383 1585 1462 1611 θείων
1476 1585 1599 1620 Γραφῶν,
1619 1585 1713 1612 ἄλλοτε
1725 1586 1810 1618 ἄλλως
1823 1587 1936 1618 ἕκαστος

1153 1630 1315 1666 διαφθείρων
1332 1631 1490 1663 ἐπισπᾶται,
1507 1633 1554 1658 καὶ
1567 1632 1610 1658 ὅτε
1625 1632 1675 1664 τὰς
1689 1634 1751 1669 περὶ
1764 1634 1844 1660 αὑτοῦ
1858 1634 1934 1666 δόξας

1151 1674 1321 1711 διαστρόφοις
1351 1676 1535 1708 διδασκαλίαις
1567 1678 1820 1713 ἀπολαμϐάνουσιν,
1856 1681 1934 1707 ὁποῖα

1153 1722 1266 1757 σύνηθες
1287 1724 1342 1754 τοῖς
1362 1722 1451 1754 ἀθέοις
1467 1723 1637 1758 αἱρεσιὼταες
1662 1726 1757 1751 ποιεῖν.
1783 1725 1844 1752 Ἐπὶ
1869 1727 1934 1752 πᾶσι

1150 1767 1254 1799 τούτοις
1278 1768 1344 1803 πρὸς
1368 1768 1413 1795 τὸν
1435 1768 1532 1794 ἑαυτοῦ
1551 1769 1616 1795 Θεὸν
1640 1770 1685 1796 καὶ
1697 1770 1797 1805 Κύριον
1816 1771 1864 1797 καὶ
1880 1771 1934 1798 [Ια-

1150 1813 1216 1849 τέρα
1238 1814 1286 1848 τὴν
1301 1814 1383 1849 εὐχὴν
1404 1814 1563 1846 ἀποτείνας,
1586 1815 1712 1851 ἐπιφέρει
1740 1815 1825 1850 λέγων
1839 1825 1846 1831 ·
1873 1825 1882 1842 ι
1897 1817 1932 1843 Σὺ

1149 1858 1188 1890 δὲ,
1207 1859 1308 1894 Κύριε,
1334 1860 1370 1894 μὴ
1390 1859 1530 1896 μακρὺνῃς
1552 1861 1601 1895 τὴν
1621 1860 1745 1895 βοήθειάν
1768 1870 1829 1896 μου.
1851 1872 1860 1888 ι
1890 1863 1934 1890 Ὢ⁶

1148 1905 1202 1941 γὰρ
1226 1906 1265 1937 εἰς
1289 1905 1374 1940 βραχὺ
1393 1905 1580 1940 καταλειφθεὶς
1599 1907 1667 1941 πρὸς
1688 1907 1736 1942 τὴν
1754 1907 1801 1934 τοῦ
1829 1909 1933 1942 ἀγῶνος

1147 1950 1286 1984 ἐπίδειξιν,
1311 1951 1357 1977 καὶ
1381 1952 1459 1985 μόνος
1477 1951 1536 1986 δίχα
1555 1951 1651 1987 βοηθοῦ
1667 1953 1735 1988 πρὸς
1752 1955 1798 1981 τὸν
1819 1955 1933 1982 θάνατον

1146 1997 1360 2031 ἀποδυσάμενος,
1379 1995 1408 2023 εὖ
1426 1997 1502 2029 εἰδὼς
1521 1998 1570 2034 τὴν
1587 1998 1712 2034 βοήθειαν
1728 2001 1777 2036 τὴν
1793 2002 1869 2037 παρὰ
1884 2002 1932 2029 τοῦ

1145 2044 1251 2080 Πατρὺς
1274 2043 1324 2069 οὐκ
1346 2043 1432 2075 ἄλλως
1455 2044 1528 2078 αὑτῷ
1550 2045 1711 2080 γενήσεσθαι
1733 2046 1749 2081 ἢ
1767 2046 1812 2073 διὰ
1830 2048 1879 2082 τῆς
1900 2048 1934 2075 ἐκ

1144 2090 1249 2126 νεκρῶν
1287 2090 1480 2122 ἀναστάσεως,
1512 2091 1623 2122 είκότως
1655 2091 1700 2118 ἐπὶ
1715 2091 1761 2118 τοῦ
1797 2094 1934 2128 παρόντος

1143 2136 1250 2172 εὔχεται
1269 2135 1386 2168 διεξόδου
1410 2137 1501 2170 τυχεῖν
1523 2136 1572 2171 τῆς
1591 2137 1644 2162 τῶν
1667 2137 1820 2164 ἀντιπάλων
1842 2147 1934 2175 παρα-

1142 2182 1254 2214 τάξεως.
1276 2181 1322 2208 Διό
1336 2188 1416 2217 φησί’
1432 2181 1484 2207 «Σὺ
1499 2181 1537 2212 δὲ,
1553 2182 1647 2216 Κύριε,
1665 2183 1701 2217 μὴ
1721 2183 1861 2220 μακρύνῃς
1881 2185 1933 2219 τὴν

1143 2227 1266 2263 βοήθειάν
1292 2235 1358 2261 μου,
1386 2227 1425 2257 εἰς
1448 2226 1498 2261 τὴν
1518 2226 1660 2262 ἀντίληῲίν
1688 2236 1737 2262 μου
1766 2228 1894 2263 πρόσχες.
1919 2237 1930 2254 ι

310 2274 362 2302 stis
385 2275 411 2302 in
429 2275 501 2302 hunc
522 2276 630 2303 modum
648 2275 726 2302 tidem
742 2274 806 2301 facit
823 2284 829 2301 :
847 2284 856 2300 ι
877 2275 1023 2309 Postquam
1039 2283 1089 2302 au-
1106 2283 1129 2312 ι)

1106 2283 1129 2312 D
1143 2273 1190 2300 Διὰ
1207 2273 1261 2309 γὰρ
1281 2273 1330 2307 τῆς
1355 2272 1404 2307 σῆς
1430 2272 1556 2307 βοηθείας
1579 2273 1750 2308 ἡάντίληψίς
1777 2283 1821 2309 μοι
1849 2275 1932 2310 γενή-

309 2325 362 2348 tem
377 2321 572 2348 crueilixet‘unt
585 2329 658 2351 eum,
675 2321 826 2348 diviserunt
840 2321 1001 2348 vestimenta
1019 2321 1089 2356 ejus,

308 2370 407 2392 sortem
433 2367 581 2398 mittentes,
598 2370 627 2393 ut
651 2366 808 2400 impleretur
831 2366 903 2400 quod
927 2366 1029 2393 dictum
1047 2371 1089 2393 est

307 2418 356 2446 per
373 2411 528 2446 prophetam
552 2422 564 2439 -ε
591 2411 745 2439 Diviseruut
762 2413 921 2439 vestimenta
944 2419 1002 2440 mea
1024 2412 1086 2445 sibi,

306 2461 333 2483 et
346 2465 427 2492 super
438 2462 541 2485 vestem
558 2465 644 2485 meam
656 2458 790 2485 miserunt
805 2463 904 2486 sortem
921 2468 928 2485 :
944 2462 972 2485 et
992 2459 1089 2486 sedem

304 2505 346 2530 tes
363 2503 507 2530 servabant
527 2512 589 2531 eum
601 2504 632 2530 “.
651 2514 662 2529 η»
687 2503 774 2531 Canes
787 2508 875 2531 autem
892 2508 969 2531 erant
983 2504 1029 2539 qui
1055 2505 1087 2531 il-

305 2548 360 2575 lum
371 2549 619 2581 circumdederant,
642 2551 668 2576 et
691 2553 843 2577 conventus
867 2549 1084 2584 malignantium.

304 2593 355 2627 ipsi
373 2593 405 2620 ad
419 2594 655 2621 circumeisionem
668 2594 833 2629 pertinentes
849 2594 1024 2628 magistratus
1040 2593 1086 2619 Ju-

303 2638 435 2670 daeorum,
447 2643 473 2665 et
484 2639 587 2666 Scriba:
601 2643 628 2667 et
640 2639 777 2675 principes
791 2639 963 2666 sacerdotum
976 2643 1002 2666 et
1014 2638 1084 2666 Pha-

303 2684 385 2715 risrei,
409 2685 456 2719 qui
472 2686 552 2712 etiam
569 2686 725 2713 universam
742 2685 944 2712 multitudinem
969 2693 1084 2720 compu-

303 2727 402 2760 lerunt,
420 2734 449 2756 ut
464 2731 624 2766 sanguinem
641 2731 715 2758 illius
726 2734 753 2758 et
765 2731 912 2758 adversum
936 2731 1046 2766 seipsos
1057 2737 1083 2759 et

303 2773 445 2801 adversum
458 2775 527 2802 tilios
541 2783 607 2803 suos
622 2781 754 2810 peterent.
769 2775 889 2804 Proinde
899 2775 984 2804 Isaias
1000 2777 1082 2812 plane

301 2817 362 2844 illos
376 2826 456 2849 canes
471 2825 559 2853 vocat,
576 2821 640 2848 dum
653 2822 718 2849 dicit
735 2831 740 2848 :
762 2830 772 2847 ι
792 2820 893 2848 Omnes
918 2829 1000 2850 canes
1020 2826 1078 2850 stu-

337 2908 358 2925 ⁸¹
377 2908 472 2937 Matth.
489 2919 579 2943 urit,
597 2911 689 2938 27-51.
731 2913 751 2927 "
770 2911 848 2940 Joan.
868 2920 930 2945 tu,
948 2913 1040 2947 25,25.

1144 2327 1229 2349 σεται,
1249 2318 1282 2344 δι’
1292 2318 1324 2353 ἦν
1336 2317 1476 2351 ἀντίληψιν
1490 2317 1503 2343 6
1519 2318 1571 2349 πᾶς
1587 2317 1698 2349 εῐκὸτως
1721 2318 1931 2354 προγέγραπται

1142 2363 1246 2398 ψαλμδς
1262 2363 1330 2398 ὑπὲρ
1342 2363 1390 2398 τῆς
1402 2363 1516 2398 ἑωθινῆς
1538 2363 1713 2399 ἀντιλήψεως.
1724 2365 1772 2396 Εἰς
1788 2366 1838 2400 τὴν
1855 2365 1932 2392 ἀντί-

1141 2409 1220 2445 ληψιν
1242 2409 1386 2445 τοιγαροῦν
1411 2410 1548 2444 πρόσχες,
1575 2413 1702 2445 παρέχων
1727 2420 1771 2447 μοι
1794 2412 1844 2448 τὴν
1867 2413 1930 2439 ὅσον

1139 2455 1214 2482 οὔπω
1226 2455 1296 2482 κατὰ
1306 2456 1355 2490 τὴν
1372 2455 1408 2481 ἕω
1421 2456 1451 2482 ἐκ
1464 2456 1569 2492 νεκρῶν
1582 2457 1756 2489 ἀναστάσεως
1773 2458 1929 2494 ἀντίληψιν,

1137 2498 1171 2536 ἦς
1194 2500 1294 2532 ἐλπίζω
1325 2499 1486 2532 τεύξεσθαι,
1522 2501 1611 2533 ἐπὰν,
1643 2501 1680 2537 μὴ
1708 2503 1849 2538 μακρύνας
1876 2512 1928 2539 μου

1137 2546 1234 2581 αὐτὴν,
1258 2555 1266 2571 ι
1285 2546 1353 2582 ῥύσῃ
1380 2545 1433 2571 ἀπὸ
1459 2547 1593 2581 ῥομφαίας
1620 2546 1669 2582 τὴν
1690 2547 1778 2583 ψυχήν
1801 2557 1861 2583 μου,
1880 2549 1929 2575 καὶ

1136 2593 1168 2618 ὲκ
1191 2591 1280 2626 χειρὸς
1307 2590 1385 2622 κυνὸς
1407 2591 1458 2625 τὴν
1487 2591 1614 2626 μονογενῆ
1642 2600 1709 2626 μου·
1741 2593 1810 2618 ἐπὰν
1835 2593 1929 2629 σώσῃς

1137 2646 1170 2673 με
1211 2637 1244 2664 ἐκ
1281 2637 1413 2672 στόματος
1457 2636 1581 2669 λέοντος,
1623 2638 1670 2664 καὶ
1704 2638 1758 2664 ἀπὸ
1799 2640 1927 2674 κεράτων

1137 2683 1328 2720 μονοκερώτων
1344 2684 1394 2718 τὴν
1406 2683 1567 2710 ταπείνωσιν
1586 2691 1636 2718 μου
1646 2691 1653 2697 ’
1670 2693 1679 2709 ι
1698 2684 1737 2709 Δι’
1751 2681 1788 2710 ὧν
1803 2685 1925 2720 ἠγοῦμαι

1134 2731 1214 2757 αὑτὸν
1229 2729 1277 2761 τὰς
1295 2728 1485 2763 καταχθονίους
1504 2729 1670 2756 αἰνίττεσθαι
1683 2729 1823 2764 δυνάμεις,
1839 2727 1876 2756 ὧν
1891 2732 1924 2758 οὗ

1133 2775 1193 2803 καθ’
1208 2776 1280 2811 ἡμᾶς
1306 2775 1340 2801 ἂν
1365 2774 1408 2809 εἴη
1435 2775 1494 2801 κατ’
1509 2772 1577 2806 εἶδος
1607 2774 1807 2802 διαστείλασθαι
1821 2775 1869 2803 καὶ
1883 2776 1921 2803 διι

1132 2822 1211 2854 ekf-.3
1221 2821 1294 2852 ὅπως
1308 2821 1324 2855 ἡ
1337 2819 1387 2855 μέν
1399 2828 1439 2851 τις
1452 2820 1539 2847 αὐτῶν
1553 2821 1674 2855 ῥομφαία
1689 2819 1756 2848 οὖσα
1768 2821 1924 2849 ἀνετείνετο

1081 2914 1101 2929 ¹³
1121 2913 1144 2940 Μ
1166 2913 1214 2940 t-th.
1235 2918 1328 2945 xxvii,
1345 2911 1438 2942 35,36.
