2099 3217
206 160 259 189 785

659 158 984 188 DEMONSTRATIONIS
1003 157 1231 186 EVANGELICA‘Z
1247 158 1309 186 LIB.
1330 158 1364 186 Χ.

1776 157 1822 186 786

205 216 276 245 κατά
292 216 342 252 τῆς
358 217 444 253 ψυχῆς
461 216 507 243 τοῦ
524 216 646 252 Σωτῆρος
663 217 758 252 ἡμῶν·
780 219 796 252 ἠ
813 217 842 244 δέ
855 225 897 248 τις
916 217 989 243 κύων
1003 220 1028 246 Α

1003 220 1028 246 Α
1043 215 1108 251 pidi.
1119 216 1166 250 qui
1182 220 1321 251 nequeunt
1336 215 1435 243 latrare
1447 216 1478 243 ".
1496 227 1504 242 ι
1521 216 1589 243 Cum
1603 216 1675 244 enim
1688 224 1734 244 eos
1744 224 1823 252 opor-

206 261 272 291 οὖσα
294 262 410 297 θανάτῳ,
428 262 476 297 τὴν
498 261 681 298 θανατηφόρον
697 264 775 298 χεῖρα
798 262 990 299 προῦὃάλλετο,

205 309 246 340 είς
267 307 297 334 τὸ
321 306 491 341 καθάψασθαι
515 306 608 342 αὐτῆς.
633 307 678 333 Διό
701 314 785 342 φησι·
802 305 915 332 «Ῥῦσαι
938 306 991 332 ἀπὸ

207 353 345 390 ῥομφαίας
368 352 416 388 τὴν
437 352 524 387 ψυχήν
548 361 610 387 μου,
624 352 670 379 καὶ
686 353 717 379 ὲκ
731 353 820 388 χειρὸς
842 352 922 383 κυνὸς
943 351 991 386 τὴν

206 398 338 435 μονογενῆ
355 406 422 433 μου·
440 408 449 423 ι
469 398 533 432 ἄλλη
550 398 578 424 δέ
593 407 634 430 τις
651 398 757 434 πονηρὰ
772 399 818 425 καὶ
835 397 888 424 τῶν
903 399 990 424 ἐκεῖσε

205 444 307 481 θηρίων
332 444 470 480 ἡγουμένη
495 443 618 479 δύναμις,
634 444 701 470 λέων
723 443 989 479 προσαγορευομένη,

204 489 235 516 τδ
254 489 339 517 πλατὺ
361 488 406 514 καὶ
422 488 520 523 ἀχανὲς
535 488 581 514 τοῦ
597 488 711 515 θανάτου
728 489 814 523 στόμα
825 487 989 521 ὃιανοίξασα,

205 534 275 570 μετὰ
287 534 340 560 τῶν
356 533 442 561 ἄλλων
456 533 510 560 τῶν
523 535 563 565 εἰς
580 534 642 569 ᾅδου
660 534 807 560 κατιόντων
820 534 867 561 καὶ
878 533 926 569 τὴν
943 534 991 560 ab-

203 580 251 608 τοῦ
268 580 355 616 ψυχὴν
369 581 511 607 καταπιεῖν
525 580 648 616 ὥρμητο,
662 580 801 616 ὼσπεροῦν
822 580 904 607 πάλαι
926 580 991 616 πρό-

203 635 283 662 τερον
297 627 426 653 κατέπιεν
439 627 453 652 ὁ
465 626 577 658 θάνατος
595 626 717 661 ἰσχύσας,
728 626 777 661 οὐχ
790 626 883 662 ἔτερος
896 625 932 652 ὢν
943 627 989 653 τοῦ

203 671 320 700 ἐνταῦθα
341 671 456 703 λέοντος,
472 671 518 698 τοῦ
541 671 572 698 τὸ
595 671 680 706 στόμα
704 672 773 698 κατὰ
797 671 842 698 τοῦ
866 672 989 707 Σωτῆρος

203 717 284 753 ἡμῶν
300 716 473 752 ἀνεῴξαντος,
491 717 537 751 ἀφ’
550 714 579 744 οὗ
595 717 641 743 καὶ
656 717 736 743 αὑτοῦ
752 717 869 753 σωθῆναι
882 707 991 744 τὺνΠα-

203 763 270 799 τέρα
295 762 447 800 παρακαλεῖ
471 762 574 796 λέγων’
605 772 613 787 ι
628 762 717 789 Σῶσόν
742 771 775 798 με
800 765 832 789 ἐκ
859 763 990 798 στόματος

202 808 319 841 λέοντος.
336 818 344 834 ι
363 807 423 835 Εἶεν
439 808 461 835 δ’
473 807 506 835 ἂν
517 809 563 835 καὶ
575 808 652 835 ἄλλαι
665 808 736 840 τινὲς
746 809 863 844 πονηραὶ
877 809 924 835 καὶ
936 808 990 835 θεό-

205 861 288 889 μαχοι
309 853 446 888 δυνάμεις,
469 852 507 888 τῷ
531 853 748 888 μονοκέρωτιτοῦ
760 852 826 879 Θεοῦ
843 852 989 888 ἀντιπράτ-

201 907 299 927 τουσαν.
323 899 369 926 καὶ
391 899 618 934 ἀντιπαρεξάγειν
631 898 712 925 αὐτοῦ
731 900 851 935 ὲπιχειρο
871 907 924 930 σαι,
943 899 988 933 ἀφ’
1006 894 1026 922 Β

202 943 242 973 ὧν
257 946 304 972 καὶ
319 945 407 972 αὐτῶν
421 945 435 971 ὁ
450 944 496 971 τοῦ
506 944 573 972 Θεοῦ
591 945 754 980 μονόκερως,
768 945 846 976 αὐτὸς
859 944 873 969 ὁ
888 945 989 980 Κύριος

202 991 293 1028 ἡμῶν,
305 992 382 1027 μόνον
396 990 441 1017 τὸν
456 990 565 1026 Πατέρα
580 990 662 1025 κέρας
677 989 754 1024 ἔχων,
771 989 819 1024 τὴν
836 989 930 1015 ἑαυτοῦ
947 997 991 1015 τα-

202 1037 332 1064 πείνωσιν
351 1035 480 1072 ῥυσθῆναι
495 1035 574 1067 ἀξιοῖ,
589 1035 674 1069 λέγων
684 1043 690 1049 ·
709 1044 717 1060 ι
735 1035 789 1061 Καὶ
803 1035 855 1061 ἀπὸ
869 1034 989 1069 κεράτων

203 1081 396 1120 μονοκερὼτων
415 1081 458 1116 τὴν
477 1081 640 1108 ταπείνωσίν
658 1089 718 1113 μου,
734 1090 742 1106 ›
761 1080 842 1106 Ποίαν
857 1079 884 1106 δὲ
895 1080 988 1106 ταπεί-

200 1137 285 1157 νωσιν
310 1128 326 1164 ἢ
353 1128 453 1163 ταύτην
478 1127 572 1162 αὐτὴν,
591 1127 650 1154 καθ’
666 1127 698 1162 ἦν
728 1136 736 1152 ι
753 1127 781 1152 ἐν
807 1128 895 1162 μορφῇ
922 1126 988 1153 Θεοῦ

201 1174 334 1211 ὑπάρχων
348 1174 528 1200 ἐταπείνωσεν
542 1173 635 1200 ἑαυτὸν
646 1173 692 1199 καὶ
706 1173 832 1204 ὲκένωσε,
846 1173 989 1207 γενόμενος

201 1221 324 1258 ὑπήκοος
341 1220 420 1256 μέχρι
436 1220 561 1251 θανάτου,
576 1219 688 1246 θανάτου
703 1219 730 1245 δὲ
744 1218 876 1254 occupo-3;
896 1229 905 1243 ι
922 1218 988 1245 ἀλλὰ

200 1267 259 1303 γὰρ
275 1267 322 1293 ἐπὶ
338 1265 463 1293 τοσοῦτον
487 1264 633 1297 κατελθὼν,
650 1265 695 1291 καὶ
718 1264 797 1300 μέχρι
813 1264 907 1290 τούτου
920 1264 988 1299 φθά-

201 1321 264 1344 σας,
279 1312 351 1347 λέγω
365 1312 396 1348 δὴ
412 1312 491 1348 μέχρι
502 1313 551 1348 τῆς
563 1313 591 1338 ἐν
606 1311 644 1346 τῷ
659 1311 708 1347 ᾄδῃ
722 1311 868 1347 ῥομφαίας,
882 1311 928 1338 καὶ
940 1311 988 1346 τῆς

200 1358 295 1394 χειρὸς
307 1357 353 1384 τοῦ
372 1357 464 1385 αὐτόθι
476 1357 620 1392 λεγομένου
639 1358 718 1389 κυνὸς
737 1357 806 1392 (ὅθεν
827 1358 873 1383 καὶ
891 1357 988 1388 παῖδας

205 1404 343 1440 Ἑλλήνων
350 1403 429 1436 είκὼς
437 1404 446 1439 <
455 1405 476 1439 Ι)
491 1403 609 1430 τοιοῦτόν
617 1412 676 1430 τινα
684 1402 907 1438 παρακούσαντας
921 1403 988 1429 κύνα

200 1450 331 1482 Θανάτου,
345 1451 391 1477 καὶ
408 1449 500 1476 τοῦτον
513 1442 675 1485 τρικέφαλον
687 1449 889 1485 ἀναζωγραψεῐν
898 1449 917 1482 ),
941 1449 988 1475 καὶ

200 1498 286 1534 μέχρι
301 1496 329 1524 δὲ
341 1497 395 1524 τῶν
412 1496 557 1532 φαρύγγων
572 1495 618 1522 τοῦ
633 1495 866 1532 προδεδηλωμένου
883 1495 987 1527 λέοντος

199 1543 299 1575 ἐλθὼν,
315 1543 362 1570 καὶ
371 1542 419 1578 τὴν
432 1542 593 1569 ταπείνωσιν
608 1542 690 1568 αὐτοῦ
704 1544 759 1574 τοῖς
771 1541 925 1573 ἀντιπάλοις
941 1541 987 1568 καὶ

198 1589 348 1625 θεομάχοις
361 1588 540 1624 μονοκέρωσιν
554 1587 740 1623 ὑποστρώσας,
755 1587 802 1614 καὶ
813 1587 857 1614 ἐπὶ
870 1587 947 1614 τοῦτό
957 1595 988 1621 γε

199 1634 279 1666 τέλος
294 1634 342 1670 τὴν
359 1635 447 1661 πᾶσαν
461 1633 614 1668 οἰκονομίαν
630 1633 680 1668 τῆς
693 1632 788 1658 ἑαυτοῦ
806 1631 944 1663 κενώσεως
958 1641 988 1658 τε

199 1681 250 1708 καὶ
263 1680 452 1712 ταπεινώσεως
466 1681 577 1716 στήσας,
587 1680 702 1706 κᾶπειτα
714 1679 861 1714 εὐξάμενος
872 1679 922 1714 ἤδη
936 1678 989 1705 λιι-

198 1725 254 1753 πὺν
269 1727 358 1761 τυχεῖν
377 1726 426 1761 τῆς
449 1725 573 1761 βοηθείας
593 1725 638 1751 καὶ
655 1724 703 1759 τῆς
723 1724 797 1760 παρὰ
815 1724 862 1750 τοῦ
884 1723 989 1760 Πατρὸς

197 1769 381 1805 ἀντιλήψεως,
394 1769 530 1803 ἐπιλέγει·
555 1779 563 1794 ι
580 1770 615 1795 Σὺ
627 1769 665 1800 δὲ,
679 1769 775 1804 Κύριε,
794 1768 831 1804 μὴ
849 1769 988 1805 μακρύνῃς

197 1816 252 1852 τὴν
268 1815 392 1851 βοήθειάν
415 1824 476 1850 μου,
489 1817 528 1848 είς
541 1815 590 1850 τὴν
605 1815 745 1850 ἁντίληψίν
761 1824 812 1850 μου
833 1815 958 1850 πρόσχες.
977 1825 985 1840 ι

197 1861 258 1888 Καὶ
270 1860 341 1887 τοῦτ’
357 1861 440 1887 εἰπὼν
454 1861 503 1887 οὐκ
518 1862 557 1892 είς
575 1860 682 1896 μακρὰν
696 1860 814 1895 ἐπηκόου
825 1860 871 1887 τοῦ
885 1861 989 1895 Πατρὸς

196 1906 341 1941 τυγχάνει,
367 1906 404 1941 μὴ
431 1905 648 1942 μακρυνθέντος,
674 1906 739 1940 μηδὲ
766 1905 796 1931 τδ
823 1904 988 1941 βραχύτατον

197 1950 399 1986 ὑπερθεμένου,
413 1951 503 1982 αὐτοῖς
524 1950 552 1976 δὲ
579 1950 668 1986 ἔργοις
697 1950 836 1986 μονονουχὶ
857 1952 989 1986 φήσαντος

195 1994 294 2030 αὐτῷ·
316 1995 391 2022 «Ἔτι
412 1995 554 2026 λαλοῦντός
577 2004 634 2027 σου,
652 1995 721 2031 ἐρῶ·
742 1995 807 2021 Ἰδοὺ
830 1995 954 2031 πάρειμι.
977 2005 986 2020 ι

196 2041 259 2069 Καὶ
272 2041 304 2076 δὴ
315 2041 386 2067 τοῦτ’
403 2041 573 2076 αἰσθόμενος,
590 2042 639 2076 τῆς
653 2050 683 2068 τε
700 2041 834 2077 πατρικῆς
854 2041 988 2076 βοηθείας,

197 2087 330 2123 καθάπερ
349 2086 458 2123 ηὔξατο,
473 2086 571 2123 τυχὼν,
587 2087 710 2114 ἐντεῦθεν
733 2087 824 2113 λοιπὸν
842 2087 990 2123 ἀπέρχεται

195 2132 251 2160 τοῦ
272 2133 403 2160 ὲπινικίου
421 2133 515 2169 ὕμνου,
531 2134 600 2168 ὑπὲρ
620 2134 668 2169 τῆς
689 2133 802 2169 ἑωθινῆς
824 2133 990 2168 ἀντιλήψεως

195 2179 250 2208 τὸν
261 2178 365 2215 ψαλμὸν
381 2179 550 2215 ποιούμενος,
562 2180 590 2205 ἐν
607 2176 647 2211 οἷς
661 2188 741 2214 φησι·
759 2188 768 2204 1
782 2180 950 2216 Διηγήσομαι
960 2180 990 2206 τὸ

1043 266 1122 293 teret,
1137 263 1244 290 tametsi
1269 267 1410 297 pastorum
1441 270 1545 289 morem
1564 270 1617 289 non
1633 268 1821 297 susceperant.

1042 310 1160 335 attamen
1176 308 1310 335 honorum
1327 316 1425 335 canum
1443 307 1539 340 instar,
1559 307 1665 334 Domini
1680 309 1720 335 sui
1740 308 1822 334 ratio-

1042 354 1130 381 nalem
1148 362 1256 389 gregem
1272 358 1353 388 atque
1366 361 1430 381 oves
1448 353 1546 381 domus
1567 354 1648 381 Israel
1666 354 1823 381 custodien-

1043 405 1094 431 tes,
1111 399 1190 427 docte
1204 407 1235 426 ac
1250 401 1396 435 prudenter
1407 401 1517 430 latrare.
1531 400 1728 435 Dominumque
1743 408 1821 428 suum

1042 453 1074 472 ac
1085 449 1223 480 pastorum
1239 445 1385 480 principem
1399 446 1554 473 demulcere
1570 450 1651 481 atque
1663 454 1820 481 agnoscere,

1041 492 1169 526 miniique
1192 491 1314 518 custodia
1332 492 1465 519 creditum
1486 493 1537 519 sibi
1552 500 1658 527 gregem
1675 500 1822 520 conserva-

1042 545 1082 568 re,
1098 538 1198 564 latrare
1211 541 1300 564 autem
1316 536 1339 563 si
1359 536 1427 563 forte
1446 537 1573 565 acerbius
1589 537 1698 568 vellent,
1726 543 1822 564 contra

1041 591 1089 610 eos
1107 583 1133 610 id
1152 583 1251 614 facere,
1267 583 1312 617 qui
1327 583 1499 610 extrinsecus
1519 583 1594 618 gregi
1614 583 1820 615 insidiareutur.

1042 629 1094 664 ipsi
1111 633 1218 660 contra,
1240 637 1340 656 canum
1368 628 1539 663 stupidortun
1566 636 1651 662 reque
1665 636 1728 656 vera
1748 629 1822 655 insa-

1042 675 1174 702 nientium
1191 675 1286 707 instar,
1310 675 1425 701 latratus
1439 682 1503 702 suos
1518 674 1677 706 emiserunt,
1704 679 1731 701 et
1757 681 1822 702 oves

1041 721 1161 755 pastoris
1178 720 1335 752 ell'erarunt,
1352 725 1381 747 ut
1396 720 1492 748 merito
1508 720 1651 747 conveniat
1670 720 1710 747 eis
1729 720 1794 747 illud
1813 729 1819 747 :

1044 776 1053 792 ‹
1076 766 1322 794 Circumdcderuut
1337 773 1380 794 me
1395 773 1478 793 canes
1495 767 1583 799 multi,
1600 767 1745 793 concilium
1764 774 1821 793 ma-

1042 812 1204 847 lignantium
1227 812 1335 839 ohscdit
1350 819 1402 839 me.
1424 821 1432 837 ι
1452 811 1532 846 506
1545 811 1615 844 Quin
1631 813 1711 838 etiam
1727 819 1821 838 omnes

1041 857 1197 892 quicunque
1215 857 1240 884 in
1255 857 1327 884 hunc
1343 865 1430 892 usque
1453 856 1526 884 diem
1551 857 1642 884 itidem
1660 861 1689 883 ut
1708 857 1745 883 illi
1765 865 1822 892 per<

1042 907 1109 938 gunt
1124 903 1285 930 maledicere
1297 910 1328 929 ac
1343 903 1443 930 latrare
1458 902 1589 930 adversus
1603 902 1742 929 Christum
1761 902 1820 932 Dei,

1041 949 1076 976 ab
1091 949 1145 977 illis
1157 949 1256 976 diversi
1275 949 1387 984 putandi
1400 956 1454 975 non
1469 953 1543 976 sunt.
1563 948 1617 976 Nec
1632 949 1722 976 minus
1736 949 1763 980 ii.
1774 948 1821 983 qui

1041 998 1106 1022 tunc
1124 995 1151 1021 in
1170 995 1245 1022 illum
1263 995 1344 1030 impie
1368 994 1552 1030 grassantium
1579 994 1695 1021 militum
1725 995 1820 1026 instar,

1041 1049 1114 1068 nttnc
1134 1041 1231 1068 Filium
1251 1041 1298 1070 Dei
1318 1042 1415 1069 iterum
1440 1042 1516 1069 cruci
1539 1041 1661 1077 adigunt,
1679 1042 1822 1077 palamque

1040 1087 1188 1122 ignominia
1214 1087 1343 1119 alliciunt,
1370 1095 1425 1115 non
1448 1087 1527 1122 longe
1549 1088 1694 1115 admodum
1712 1089 1746 1116 ab
1762 1089 1822 1116 illo-

1040 1141 1100 1160 rum
1126 1133 1230 1161 nefaria
1246 1134 1386 1162 voluntate
1411 1135 1558 1167 recedunt;
1584 1142 1679 1162 omnes
1704 1142 1768 1162 vero
1792 1135 1821 1162 ιιι

1041 1183 1116 1210 sunt,
1131 1179 1177 1214 qui
1197 1179 1278 1205 etiam
1300 1186 1372 1206 nunc
1385 1178 1486 1206 Christi
1501 1186 1611 1213 cci-pus,
1627 1178 1677 1205 hoc
1698 1181 1750 1211 est,
1769 1177 1820 1204 Ec-

1040 1226 1152 1253 elesiam
1166 1225 1360 1260 suscipientes,
1372 1233 1470 1252 manus
1486 1225 1559 1252 illitis
1574 1227 1600 1251 et
1618 1224 1699 1259 pedes
1716 1228 1743 1251 et
1756 1231 1819 1251 ossa

1040 1275 1171 1306 prmterca
1192 1270 1338 1304 dissipant,
1361 1270 1384 1297 si
1405 1269 1486 1296 modo
1510 1277 1605 1296 omnes
1622 1277 1704 1296 unum
1721 1276 1820 1303 corpus

1041 1324 1138 1344 sutnus
1149 1316 1175 1342 in
1193 1315 1303 1342 Christo
1317 1315 1393 1345 Jesu.
1415 1315 1513 1350 singuli
1536 1319 1625 1342 autent
1649 1314 1819 1349 singulorum

1040 1361 1156 1388 invicem
1183 1361 1314 1388 membra.
1339 1370 1348 1386 ι
1370 1360 1462 1395 Neque
1475 1368 1540 1388 vero
1555 1364 1635 1396 caput
1651 1361 1765 1396 pedibus
1778 1361 1820 1388 di-

1041 1407 1121 1438 xerit,
1140 1414 1221 1441 opera
1232 1410 1321 1433 vestra
1339 1414 1392 1433 non
1407 1407 1525 1442 indigeo,
1543 1407 1614 1434 sicut
1627 1415 1676 1434 nec
1694 1407 1820 1434 manibus

1040 1452 1150 1487 quidem
1168 1452 1240 1479 oculi
1255 1453 1287 1480 ”.
1310 1462 1320 1478 ι
1334 1451 1389 1479 Illis
1404 1460 1468 1487 ergo
1483 1453 1652 1488 temporibus
1667 1453 1765 1487 quibus
1779 1453 1820 1479 in-

1039 1497 1206 1524 sectationes
1230 1501 1401 1532 grassantur,
1420 1498 1443 1525 si
1464 1506 1517 1533 qua
1537 1498 1606 1525 forte
1619 1498 1719 1526 Christi
1736 1505 1820 1525 ntem-

1040 1543 1089 1569 bra
1105 1543 1139 1570 ab
1154 1543 1273 1570 inimicis
1295 1548 1375 1578 atque
1395 1543 1521 1571 hostibus
1544 1549 1686 1576 vexentur,
1709 1552 1763 1570 non
1779 1544 1820 1570 in-

1041 1589 1201 1623 tempestive
1217 1588 1251 1616 de
1262 1589 1315 1616 illis
1333 1595 1388 1617 tum
1401 1598 1508 1626 quoque
1523 1589 1638 1617 dixerit:
1655 1599 1663 1615 ι
1684 1589 1821 1618 Foderunt

1040 1641 1139 1662 manus
1151 1641 1223 1662 meas
1240 1639 1266 1661 et
1278 1635 1360 1669 pedes
1372 1643 1456 1667 meos.
1471 1635 1713 1663 dinumeraverunt
1730 1637 1820 1662 omnia

1040 1687 1102 1706 ossa
1121 1687 1191 1706 mea.
1209 1678 1260 1714 Ipsi
1276 1685 1364 1707 autent
1378 1681 1632 1713 consideraverunt,
1649 1686 1676 1708 et
1695 1682 1820 1716 inspexe-

1039 1729 1104 1751 runt
1119 1724 1145 1751 in
1160 1732 1212 1752 me.
1229 1734 1238 1750 ›
1255 1724 1331 1752 Tunc
1346 1726 1429 1753 etiam
1445 1727 1570 1755 dividunt
1586 1728 1646 1762 ejus
1661 1729 1819 1755 vestimenta

1040 1769 1103 1800 sibi,
1121 1774 1150 1797 et
1165 1770 1190 1796 in
1205 1774 1305 1797 restent
1320 1771 1380 1805 ejus
1394 1776 1494 1799 sortem
1509 1774 1618 1800 mittunt
1638 1781 1644 1798 :
1659 1781 1720 1799 cum
1734 1773 1820 1807 ipsius

1040 1815 1114 1843 verbi
1141 1820 1280 1846 ornatum.
1304 1817 1357 1845 hoc
1376 1822 1429 1851 est,
1444 1818 1599 1846 divinarum
1614 1818 1820 1852 Scripturarum

1040 1869 1121 1889 voces
1147 1862 1214 1890 alias
1239 1863 1317 1890 aliter
1337 1866 1525 1900 unusquiSque
1542 1865 1693 1899 corrumpit
1709 1868 1736 1891 et
1750 1865 1821 1891 lacc-

1041 1912 1093 1940 rat,
1121 1908 1184 1935 item
1213 1916 1274 1936 cum
1300 1911 1441 1946 opiniones
1456 1911 1490 1938 de
1506 1911 1553 1938 illo
1580 1911 1715 1945 perversis
1736 1910 1822 1937 docu-

1040 1955 1140 1981 mentis
1157 1954 1309 1989 excipiunt,
1324 1956 1477 1990 cujusmodi
1494 1960 1567 1988 sunt,
1589 1963 1648 1991 qua:
1661 1955 1756 1982 nefarii
1768 1955 1822 1982 lue-

1040 2001 1117 2027 rctiri
1133 2001 1223 2029 facere
1238 2002 1334 2029 solent.
1347 2001 1510 2029 Postomnia
1525 2002 1581 2028 lucc
1596 2001 1629 2028 ad
1646 2009 1725 2028 stium
1738 2000 1821 2027 Deum

1041 2050 1068 2073 et
1085 2045 1230 2074 Dominum
1245 2053 1270 2074 et
1289 2047 1395 2074 Patrem
1413 2048 1561 2074 orationem
1578 2046 1720 2074 intendens
1736 2045 1821 2079 subji-

1041 2092 1079 2120 cit
1097 2093 1164 2120 illud
1179 2102 1185 2120 :
1205 2103 1213 2118 I
1238 2093 1278 2120 Tu
1292 2098 1392 2125 autem,
1405 2093 1529 2124 Domine,
1546 2100 1579 2119 ne
1591 2093 1684 2127 procul
1697 2099 1821 2118 amm‘eas

1042 2139 1174 2166 auxilium
1187 2147 1287 2169 meum.
1305 2151 1313 2166 ι
1334 2139 1472 2174 Siquidem
1492 2143 1621 2174 tauquam
1636 2139 1662 2165 in
1677 2144 1822 2173 angustum

1043 2183 1172 2211 redactus
1188 2185 1222 2212 ad
1234 2185 1320 2219 ipsam
1333 2185 1490 2212 certaminis
1501 2185 1720 2216 ostentationem,
1737 2188 1764 2210 et
1779 2191 1823 2211 so-

195 2225 290 2262 δνομὰ
313 2234 360 2253 σου
383 2228 439 2258 τοῖς
461 2226 584 2262 ἀδελφοῖς
600 2234 667 2262 μου·
683 2228 711 2253 ὲν
734 2227 808 2262 μέσῳ
829 2226 989 2262 Ἐκκλησίας
1006 2237 1024 2264 D

1006 2237 1028 2264 D
1044 2230 1088 2258 lus
1104 2231 1207 2266 absque
1219 2231 1343 2266 adjutore
1354 2231 1485 2258 adversus
1499 2236 1612 2258 mortem
1623 2232 1750 2263 nudatus,
1761 2238 1820 2258 cum

195 2273 317 2308 ὑμνήσω
332 2280 371 2299 σε.
389 2281 397 2298 ι
417 2271 537 2308 Πρώτοις
555 2272 604 2308 μὲν
614 2270 659 2299 οὖν
674 2274 729 2305 τοῖς
746 2272 840 2298 ἑαυτοῦ
856 2271 989 2307 μαθηταῖς

195 2317 252 2346 καὶ
264 2317 421 2350 ἀποστόλοις
431 2318 626 2353 ἐπαγγέλλεται
644 2319 678 2345 τὰ
698 2319 746 2354 τῆς
761 2319 802 2356 εἶτ’
817 2317 890 2354 αὐτῷ
904 2318 991 2354 χαρᾶς

195 2363 252 2391 καὶ
278 2363 463 2398 ἀγαλλιάσεως
483 2363 715 2398 εὐαγγελίσεσθαι,
737 2363 868 2398 ἀδελφοὺς
892 2364 990 2396 αὐτοὺς

194 2410 363 2446 ὀνομάζων·
385 2408 425 2442 οἷς
447 2410 579 2437 ἀκόλουθα
602 2410 649 2436 καὶ
673 2411 687 2436 ὁ
710 2410 847 2442 Ματθαῐος
871 2410 990 2440 διδάσκει

193 2457 305 2492 λέγων·
323 2466 332 2482 ι
346 2457 401 2484 Kal.
417 2457 470 2483 ἰδοὺ
487 2456 501 2482 ὁ
522 2455 624 2491 Ἰησοῦς
637 2457 791 2492 ἀπήντησεν
803 2457 914 2489 αὑταῖς,
923 2467 932 2483 ι
945 2457 991 2492 δη-

193 2502 290 2530 λονότι
305 2504 365 2534 ταῖς
387 2503 458 2538 ἀμφὶ
480 2502 528 2538 τὴν
552 2502 733 2537 Μαγδαληνὴν
747 2503 866 2537 Μαρίαν,
884 2503 969 2537 λέγων
981 2512 987 2518 '

197 2559 210 2576 σ
231 2548 360 2584 Χαίρετε.
377 2558 386 2574 ι
412 2549 444 2575 Αἱ
463 2548 491 2575 δὲ
515 2547 709 2583 προσελθοῦσαι
729 2548 883 2583 ἐκράτησαν
907 2549 1002 2577 αὑτοῦ.

193 2595 267 2627 τοὺς
284 2594 377 2626 πόδας,
393 2595 439 2621 καὶ
455 2593 660 2630 προσεκύνησαν
675 2593 758 2629 αὐτῷ,
773 2594 839 2621 Τότε
855 2594 928 2629 λέγει
942 2596 990 2621 αὑ-

192 2643 262 2674 ⁴ιεσίίς
278 2641 293 2666 ὁ
315 2640 432 2676 Ἰησοῦς·
454 2649 463 2666 ‹
481 2640 525 2675 Μὴ
546 2639 836 2674 φοϐεῖσθεεὙπάγετε,
855 2641 988 2675 ἀπαγγεί-

192 2689 266 2715 λατε
281 2688 336 2718 τοῖς
353 2687 475 2721 ἀδελφοῖς
498 2695 557 2721 μου,
574 2686 616 2714 ἵνα
634 2685 785 2712 ἀπέλθωσιν
797 2688 837 2718 είς
852 2686 900 2722 τὴν
915 2688 990 2715 Γαλι-

193 2734 293 2766 λαίαν,
307 2733 387 2760 κάκεῖ
403 2741 437 2768 με
458 2731 576 2766 ὄψονται,
593 2741 602 2757 ι
619 2731 647 2758 '0
667 2732 791 2767 Ἰωάννης
809 2733 836 2759 δὲ
861 2734 928 2768 μετὰ
940 2734 989 2771 τὴν

192 2783 234 2808 ὲκ
256 2779 360 2816 νεκρῶν
377 2780 523 2807 ἀνάστασιν
538 2779 641 2813 είσὰγει
663 2779 710 2806 καὶ
723 2780 803 2811 αὐτὸς
825 2780 868 2807 τὸν
889 2781 997 2816 Ἰησοῦν,

242 2827 262 2842 ’⁸
284 2827 336 2854 lsa'.
355 2834 416 2858 Lvt.
437 2827 478 2853 l0.
519 2826 541 2842 "
561 2827 569 2853 Ι
587 2827 650 2853 (lor.
671 2834 713 2857 ιιι,
733 2825 777 2853 21.

241 2873 278 2907 (l)
298 2872 400 2906 Ιΐὶκώς.
417 2873 483 2907 Lego
499 2875 577 2904 εἰκός.
595 2871 674 2900 Eun.

1044 2277 1124 2312 plane
1152 2282 1322 2313 compertum
1347 2278 1470 2310 haberet,
1494 2278 1626 2305 auxilium
1649 2277 1701 2305 sibi
1715 2285 1729 2303 a
1745 2277 1823 2303 Patre

1043 2330 1098 2350 non
1115 2323 1195 2350 aliter
1210 2324 1293 2351 amore
1312 2332 1393 2358 quam
1409 2331 1456 2359 per
1471 2324 1672 2351 restitutionem
1698 2330 1713 2349 a
1737 2326 1822 2349 murti-

1043 2368 1076 2395 ad
1093 2368 1188 2401 vitam,
1205 2370 1305 2397 merito
1319 2370 1346 2396 in
1362 2370 1506 2405 prmsentia
1523 2373 1583 2397 orat
1603 2377 1635 2396 ex
1659 2368 1716 2395 acie
1728 2368 1821 2394 adver-

1043 2415 1178 2442 sariorum
1193 2416 1317 2443 evadere.
1335 2415 1470 2448 Quocirca
1493 2416 1533 2443 sic
1556 2416 1593 2442 ait
1609 2424 1616 2442 :
1635 2424 1644 2440 ι
1667 2414 1706 2441 Τιι
1721 2416 1822 2443 autem.

1042 2460 1166 2493 Domine,
1180 2469 1214 2488 ne
1230 2461 1325 2496 procul
1353 2468 1481 2489 amoveas
1503 2461 1634 2488 auxilium
1661 2467 1750 2486 meum
1767 2468 1773 2486 :
1790 2460 1822 2486 ad

1044 2507 1244 2542 susceptionem
1259 2515 1346 2534 meam
1373 2507 1489 2542 respice.
1515 2517 1525 2533 ι
1550 2506 1655 2534 Etenim
1671 2506 1704 2533 ab
1723 2505 1822 2532 auxilia

1044 2557 1091 2580 tuo
1107 2554 1245 2588 susceptio
1261 2553 1324 2580 mihi
1337 2554 1435 2586 veniet,
1452 2557 1562 2588 propter
1578 2560 1659 2587 quarti
1672 2551 1821 2586 susceptio-

1043 2607 1106 2626 nem
1134 2603 1208 2626 totus
1232 2600 1353 2634 psalmus
1379 2601 1476 2626 merito
1501 2598 1650 2633 inscriptus
1676 2601 1727 2627 est.
1747 2606 1756 2622 ι
1776 2604 1822 2631 pre

1044 2646 1217 2680 susceptione
1230 2646 1372 2672 matutina.
1389 2655 1398 2671 ι
1416 2645 1456 2672 Ad
1470 2645 1673 2679 susceptionem
1688 2643 1771 2678 igitur
1782 2651 1814 2670 re

1043 2691 1127 2726 spice,
1139 2696 1271 2726 prrestans
1280 2692 1345 2719 mihi
1359 2699 1440 2727 quam
1457 2691 1598 2718 celerrime
1610 2691 1662 2717 sub
1677 2691 1763 2725 ipsam
1775 2697 1818 2716 au-

1043 2745 1132 2764 roram
1150 2738 1313 2765 reversionis
1330 2746 1344 2764 a
1375 2738 1488 2765 mortuis
1513 2737 1725 2771 susceptionem,
1742 2743 1822 2771 quam

1043 2791 1109 2811 sane
1123 2791 1202 2819 spero
1220 2792 1261 2812 me
1277 2788 1498 2813 ροηεεουιωιιιιι.
1515 2791 1577 2812 cum
1589 2791 1648 2811 eam
1660 2791 1715 2810 non
1726 2781 1820 2831 procul
