2099 3217
305 190 358 224 πτ

305 265 321 283 ι
344 263 387 283 me
412 254 555 287 amoveris,
572 258 598 281 et
612 254 743 289 eripueris
763 262 771 278 t
793 260 808 280 a
833 252 934 281 framea
954 253 1082 285 animam,
1099 256 1121 283 Α

305 308 332 329 et
370 309 403 329 ει
436 309 517 328 manu
547 300 623 327 canis
665 300 774 327 unicam
804 304 913 330 meam,
935 306 944 324 ι
969 304 996 326 et
1023 303 1085 325 cum

306 346 457 375 servaveris
489 355 498 371 ι
529 353 572 373 me
597 353 631 373 ex
653 353 700 373 ore
728 344 836 376 leonis,
868 349 894 371 et
920 352 935 370 a
956 344 1086 371 cornibus

306 392 385 427 507
405 391 577 418 unicornium
609 389 788 417 humilitatem
817 397 924 417 meam:
948 399 957 415 1
987 389 1087 424 quibus

306 437 394 464 verbis
409 437 486 464 illum
501 437 619 464 arbitror
631 436 784 471 signiﬁcare
796 435 916 463 infernas
925 439 1083 469 potestates,

305 488 372 516 quas
390 489 455 509 sane
469 486 524 509 non
537 486 660 509 nostrum
675 481 758 509 fuerit
771 481 910 515 speciatim
920 481 1086 515 distinguere

304 535 336 555 ac
352 527 487 560 dividere,
511 527 738 562 quemadmodum
761 535 793 554 ex
815 527 855 554 eis
881 527 933 553 alia
959 525 1085 561 quidem,

305 581 365 607 quae
384 572 485 600 framea
498 573 543 606 sit,
559 573 665 600 intenta
678 573 714 600 sit
741 573 768 599 in
792 572 909 599 animam
936 571 1087 599 Salvatoris

305 620 411 653 nostri;
429 620 480 646 alia
492 627 566 652 vero,
580 627 640 655 quae
656 619 706 654 ipsi
723 619 803 645 morti
829 619 863 646 sit
880 618 974 649 canis,
992 617 1087 644 morti-

306 666 390 692 feram
415 672 524 691 manum
553 664 715 699 porrexerit,
733 667 762 691 ut
777 663 851 690 illam
866 663 1027 698 attingeret,
1053 670 1087 689 ex

305 717 359 745 quo
375 709 411 736 ait
429 719 435 736 :
455 719 464 734 ι
482 708 562 743 Eripe
577 716 593 735 a
612 708 714 736 framea
727 708 844 735 animam
861 716 948 735 meam
961 728 968 740 ,
998 711 1026 734 et
1054 707 1088 735 de

305 763 386 783 manu
403 755 480 783 canis
506 755 625 782 animam
648 763 755 788 meam;
781 764 790 780 ι
811 754 863 781 alia
881 754 943 781 item
969 754 1087 788 maligna

305 802 428 836 quaedam
442 805 572 836 potestas,
592 801 713 828 omnium
739 801 794 828 illic
809 801 925 828 ferarum
942 800 1069 835 princeps
1079 819 1086 832 ,

305 855 366 882 quat
381 847 422 874 leo
439 846 609 881 appelletur,
635 846 681 873 ubi
707 846 790 874 latum
815 853 951 881 supraque
979 853 1087 873 onmem

306 893 416 920 modum
433 892 511 918 hians
527 892 621 919 mortis
632 899 662 919 os
677 891 821 924 diduxerit,
839 898 891 918 una
906 898 968 918 cum
982 890 1087 918 caneris

306 946 367 974 qua:
383 937 416 964 ad
433 938 534 965 inferos
547 938 730 969 descendunt,
747 937 819 965 illius
841 943 950 972 quoque
968 937 1085 963 animam
1103 927 1124 954 Β

305 985 438 1012 devorare
452 989 548 1011 conata
561 984 606 1016 sit,
620 991 675 1010 non
687 983 766 1010 aliter
782 990 846 1010 sane
860 991 940 1018 quam
956 982 1087 1018 quemad-

306 1030 416 1057 modum
431 1029 494 1057 olim
508 1030 584 1065 prius
592 1029 736 1057 devoverat
751 1036 825 1057 mors
840 1028 1088 1064 inralescens,que

306 1078 414 1112 quidem
427 1085 500 1105 mors
513 1085 565 1104 non
582 1076 634 1103 alia
651 1075 732 1104 fuerit.
747 1084 826 1110 quam
837 1076 883 1111 qui
900 1075 951 1103 hoc
968 1075 1027 1102 loco
1046 1075 1088 1102 leo

307 1124 473 1155 nominatur,
485 1128 512 1150 et
530 1123 576 1158 qui
600 1131 630 1150 os
649 1127 744 1150 contra
768 1122 934 1150 Salvatorem
963 1126 1087 1149 nostrum

307 1171 422 1205 aperuit,
440 1177 454 1196 a
468 1177 522 1204 quo
537 1169 594 1204 ipse
605 1177 634 1196 se
646 1169 750 1196 salvum
763 1169 877 1196 evadere
892 1167 1000 1196 Patrem
1008 1175 1087 1195 suum

307 1221 385 1247 orat,
408 1215 502 1243 dicens
516 1221 525 1242 ε’
543 1222 554 1240 t
574 1214 652 1242 Salva
676 1222 720 1242 me
740 1222 773 1241 ex
793 1222 840 1241 ore
865 1214 962 1241 leonis.
983 1224 992 1240 ι
1015 1213 1088 1244 Fieri

306 1262 388 1288 etiam
404 1265 491 1296 potest
505 1265 534 1287 ut
548 1261 607 1288 alia:
620 1266 749 1295 praaterea
760 1261 815 1288 sint
828 1260 949 1296 quaedam
963 1260 1088 1295 maligna:

308 1315 340 1334 ac
355 1307 408 1334 Deo
424 1307 536 1335 rebelles
550 1311 695 1342 potestates
708 1306 838 1334 adversus
859 1306 906 1333 Dei
929 1306 1088 1333 unicornem

308 1354 436 1386 nitentes,
451 1361 567 1388 eumque
584 1354 610 1380 in
623 1352 776 1379 contrarias
790 1356 881 1387 partes
896 1352 1031 1379 abducere
1042 1359 1088 1378 co-

308 1402 422 1430 nantes,
437 1405 453 1425 a
467 1398 566 1433 quibus
584 1399 658 1430 item,
673 1397 721 1425 Dei
737 1397 876 1425 unicornis
890 1418 897 1430 ,
921 1398 979 1432 ipse
996 1397 1088 1424 Domi-

307 1452 361 1472 nus
380 1449 482 1476 noster,
495 1443 582 1470 solum
597 1443 705 1471 Patrem
719 1451 804 1470 cornu
826 1443 944 1475 habens,
957 1451 1034 1470 suam
1057 1443 1089 1469 li-

308 1489 397 1516 berari
413 1489 589 1516 humilitatem
605 1489 741 1524 postulat,
758 1489 851 1516 dicens
865 1499 872 1516 :
893 1498 902 1514 ι
925 1488 959 1515 Et
971 1496 986 1515 a
1000 1488 1089 1515 corni-

308 1535 360 1562 bus
383 1534 552 1561 uuicoruium
574 1533 753 1561 humilitatem
781 1541 879 1560 meam.
896 1543 905 1559 ι
933 1532 986 1560 Sed
1008 1541 1088 1568 quam

309 1581 417 1608 tandem
438 1580 633 1611 humilitatem,
663 1579 716 1607 nisi
738 1579 808 1607 hanc
831 1579 918 1614 ipsam
943 1579 1088 1607 secundam

308 1634 400 1662 quam,
418 1635 427 1652 ‹
448 1634 509 1653 cum
535 1626 562 1653 in
588 1626 675 1652 forma
691 1625 738 1653 Dei
752 1629 835 1660 esset,
851 1625 1004 1653 humiliavit
1020 1627 1090 1661 seip-

309 1682 369 1701 sum
394 1677 420 1700 et
439 1673 580 1700 evacuavit
595 1671 683 1699 factus
700 1672 830 1699 obediens
855 1679 940 1706 usque
962 1671 995 1698 ad
1019 1679 1091 1699 mor-

309 1723 505 1750 temmortem
522 1724 609 1745 autem
623 1719 713 1745 crucis
728 1718 769 1744 "1'
788 1728 797 1744 ι
815 1718 948 1745 Caeterum
964 1718 987 1745 is
999 1719 1044 1752 qui
1058 1717 1091 1744 ad

309 1767 412 1790 tantam
424 1763 603 1789 humilitatem
618 1763 758 1790 descendit
783 1769 809 1791 et
830 1763 971 1798 hucusque
994 1771 1091 1798 perve-

309 1809 360 1840 hit.
373 1808 425 1837 hoc
445 1814 486 1837 cst
507 1817 592 1844 usque
616 1809 650 1836 ad
667 1810 723 1836 orci
741 1809 870 1837 frameam
903 1814 929 1837 et
954 1818 1040 1845 usque
1057 1809 1091 1837 ad

309 1862 418 1882 manum
436 1856 506 1890 ejus,
522 1856 568 1890 qui
593 1856 657 1883 illuc
672 1857 772 1884 dicitur
789 1857 864 1884 canis
879 1856 921 1892 (ex
939 1865 993 1892 quo
1010 1857 1091 1884 etiam

310 1902 458 1938 scriptores
477 1901 631 1929 Grzecorum
646 1911 694 1937 par
709 1907 751 1931 est
772 1911 833 1930 cum
847 1904 880 1931 de
899 1904 945 1930 tali
961 1912 1028 1931 cane
1042 1912 1094 1931 aui

310 1947 454 1977 divissent,
472 1954 526 1980 quo
541 1954 606 1973 orco
621 1947 773 1979 inserviret,
791 1947 864 1974 hunc
879 1948 967 1982 ipsum
984 1948 1090 1984 tricipi-

310 1996 363 2018 tem
375 1991 517 2027 pinxisse),
532 1992 594 2019 item
609 1993 654 2027 qui
672 2000 756 2028 usque
768 1993 800 2020 ad
817 1993 908 2021 l'auces
918 1995 987 2030 ejus,
997 1994 1030 2022 de
1039 2003 1091 2030 quo

309 2034 363 2073 jam
375 2038 476 2065 dictum
490 2042 540 2070 est,
551 2039 638 2066 leonis
651 2041 777 2073 perrexit,
789 2046 815 2067 et
825 2041 1003 2068 humilitatem
1015 2048 1091 2068 suam

311 2084 473 2112 adversariis
491 2087 517 2111 et
532 2085 586 2112 Deo
601 2085 718 2113 inimicis
735 2087 911 2114 unicornibus
932 2087 1090 2119 substravit,

311 2134 338 2156 et
353 2129 506 2164 hujusmodi
531 2130 583 2157 line
601 2139 710 2158 omnem
732 2140 788 2160 suae
804 2134 988 2161 evacuationis
999 2138 1026 2161 et
1041 2134 1091 2161 hu-

311 2173 433 2200 militatis
461 2173 689 2209 dispensationem
726 2177 901 2212 terminavit,
933 2186 964 2205 ac
994 2179 1091 2206 deinde

312 2223 438 2253 precatus
451 2224 502 2253 est,
522 2221 593 2255 quod
606 2221 661 2255 jam
675 2223 808 2257 reliquum
822 2228 894 2255 erat,
910 2232 940 2252 se
954 2227 980 2252 et
999 2225 1091 2252 auxilii

310 2264 338 2291 et
350 2266 531 2300 sasceptionis
542 2275 556 2293 a
570 2267 648 2294 Patre
663 2273 814 2303 compotem
827 2269 896 2301 fieri,
911 2270 977 2296 illud
992 2270 1091 2304 adjun—

311 2312 370 2345 git:
389 2320 398 2336 ι
413 2311 452 2339 Tu
464 2318 565 2345 autem,
579 2313 702 2346 Domine,
718 2323 751 2342 ne
764 2316 857 2350 procul
873 2323 1000 2344 amoveas
1014 2317 1092 2343 auxi-

312 2358 376 2384 lium
394 2366 494 2389 lneum,
509 2363 535 2386 et
549 2361 745 2395 susceptionem
760 2369 846 2388 nteant
861 2362 975 2396 respice.
989 2371 998 2387 ι
1014 2361 1091 2394 Quod

312 2411 377 2431 sane
391 2404 434 2431 ubi
448 2404 525 2437 dixit,
538 2414 591 2433 non
606 2406 651 2433 diu
668 2411 788 2434 moratus
799 2414 814 2434 a
827 2406 907 2434 Patre
918 2415 968 2434 suo
984 2411 1026 2434 est
1043 2415 1091 2434 au-

312 2450 395 2483 ditus,
405 2451 450 2486 qui
463 2451 570 2485 quidem
587 2461 674 2488 neque
689 2457 832 2481 cunctatus
847 2458 899 2485 est,
912 2453 993 2488 508
1004 2461 1091 2488 neque

312 2496 353 2522 rel
371 2497 530 2524 brevissimo
551 2502 673 2533 tempore
689 2499 856 2533 supersedit,
885 2500 1014 2534 operibus
1028 2507 1092 2527 vero

313 2543 500 2571 tantummodo
515 2544 580 2579 ipsis
605 2544 638 2571 ad
657 2553 718 2571 eum
733 2545 891 2580 respondit;
909 2554 918 2580 ε
940 2546 1035 2573 Adhuc
1052 2547 1092 2573 lo-

312 2593 409 2623 quente
424 2593 460 2621 te,
471 2590 569 2623 dicam,
581 2598 644 2618 ecce
657 2591 752 2618 adsum
768 2592 799 2618 ¹⁷.
816 2601 825 2617 ι
840 2590 932 2626 Itaque
944 2591 966 2619 is
979 2592 1024 2627 qui
1041 2592 1092 2620 hoc

314 2634 400 2668 ipsum
410 2634 465 2669 jam
477 2640 609 2668 senserat,
622 2640 648 2663 et
663 2637 767 2670 paterni
792 2636 904 2670 auxilii,
923 2637 1094 2672 quemadmo-

313 2686 374 2706 cum
391 2680 599 2714 supplicaverat,
617 2688 729 2715 compos
743 2681 832 2709 factus
848 2687 917 2712 erat,
933 2686 990 2709 tum
1015 2682 1092 2709 denis

313 2731 365 2758 que
381 2725 455 2752 illinc
468 2725 595 2761 hymnum
612 2726 645 2753 ad
666 2727 807 2754 victoriam
830 2727 948 2761 inchoat,
961 2728 1025 2754 dum
1043 2735 1093 2762 pro

313 2771 446 2797 matutina
475 2772 648 2807 susceptione
675 2772 809 2807 psalmum
836 2772 921 2805 facit,
958 2772 1003 2800 ubi
1032 2774 1090 2799 ait:

317 2824 326 2839 ‹
343 2814 465 2842 Narrabo
479 2823 576 2844 nomen
593 2821 669 2844 tuum
692 2817 821 2846 fratribus
845 2818 913 2846 meis
927 2827 934 2846 :
949 2818 975 2845 in
1005 2817 1095 2846 medio

1103 1611 1124 1639 C

352 2907 374 2923 "‘
391 2906 508 2942 Philipp.
530 2915 565 2940 ιι,
584 2907 641 2940 6,7.
680 2909 699 2924 "
721 2907 773 2936 lsa.
813 2916 895 2942 Lvm,
912 2908 938 2936 9.

619 195 755 222 EUSEBll
771 193 1012 222 CESARIENSIS
1031 193 1105 221 OPP.
1122 193 1211 220 PARS
1224 193 1256 221 ll.
1275 208 1308 213 —
1322 192 1567 220 APOLOGETICA.

1868 194 1920 222 783

1134 252 1246 286 λέγοντα
1260 251 1326 286 πρὸς
1338 251 1386 287 τὴν
1405 251 1531 287 Μαριάμ·
1550 260 1559 276 ι
1573 251 1616 286 Μή
1647 259 1696 286 μου
1726 251 1821 278 amour
1845 252 1921 279 οῦπω

1137 297 1190 333 γὰρ
1208 296 1364 332 ἀναϐέϐηκα
1387 296 1454 332 πρὸς
1478 296 1522 323 τὸν
1544 296 1653 332 Πατέρα
1673 305 1738 332 μου·
1753 297 1869 332 πορεύου
1891 296 1920 324 δὲ

1139 339 1206 378 πρὸς
1215 343 1277 374 τοὺς
1292 342 1421 377 ἀδελφούς
1440 351 1500 377 μου,
1513 343 1559 369 καὶ
1575 343 1633 369 είπὲ
1648 342 1751 374 αὐτοῖς’
1773 342 1920 370 Ἀναϐαίνω

1138 390 1206 425 πρὸς
1222 390 1267 416 τὸν
1284 391 1392 425 Πατέρα
1415 397 1465 425 μου
1482 389 1529 416 καὶ
1551 389 1658 424 Πατέρα
1682 389 1768 425 ὑμῶν,
1785 391 1832 416 καὶ
1854 390 1919 417 Θεόν

1139 444 1187 470 μου
1202 436 1247 462 καὶ
1260 435 1325 462 Θεὸν
1339 435 1425 470 ὑμῶν.
1438 445 1446 460 ι
1464 435 1585 471 Πρώτοις
1598 436 1647 470 μὲν
1660 433 1706 462 οὖν
1727 437 1783 467 τοῖς
1805 435 1919 462 ἀποστό-

1137 482 1192 513 λοις
1213 482 1305 513 αὑτοῦ,
1319 481 1365 514 οὒς
1388 482 1468 514 ἰδίους
1491 483 1620 517 ἀδελφοὺς
1639 482 1775 518 ὀνομάζει,
1789 482 1820 508 τὺ
1838 483 1919 517 ὄνομα

1137 528 1183 554 τοῦ
1196 527 1300 563 [ἰατρὸς
1311 527 1486 563 διηγήσεσθαὶ
1507 536 1572 563 φησι
1584 537 1590 543 ·
1610 528 1678 564 μετὰ
1695 528 1723 554 δὲ
1740 528 1859 559 ἐκείνους
1872 527 1919 554 τά-

1138 573 1177 605 ξει
1190 573 1237 600 καὶ
1251 573 1394 609 ἀκολουθίᾳ
1410 574 1460 609 τὴν
1472 574 1531 600 καθ’
1545 574 1608 609 ὅλης
1624 574 1674 608 τῆς
1695 573 1855 609 οἰκουμένης
1874 574 1920 601 ἐπὶ

1137 618 1175 654 τῷ
1193 620 1302 655 ὀνόματι
1320 619 1402 646 αὑτοῦ
1418 621 1552 646 συστᾶσαν
1572 619 1731 654 Ἐκκλησίαν
1747 620 1862 655 διδάξειν
1875 619 1919 646 τδν

1138 668 1269 703 πατρικὸν
1284 667 1367 702 ὕμνον
1382 668 1694 703 ὲπαγγέλλεται.Ὢσπερ
1706 667 1760 703 γὰρ
1784 667 1811 693 εἴ
1830 676 1872 698 τις
1892 668 1919 693 ὲν

1140 714 1213 749 μέσῳ
1232 713 1358 749 μαθητῶν
1372 713 1513 746 διεξοδεύοι
1529 714 1622 749 λόγους
1635 714 1681 740 ἐπὶ
1704 713 1783 749 σοφία
1806 713 1918 748 διαπρέ-

1139 770 1197 787 πων
1221 760 1391 792 διδάσκαλος,
1417 761 1486 796 ὑπὲρ
1511 760 1557 786 τοῦ
1583 759 1725 791 κάκείνους
1752 759 1919 790 ἀκούσαντας

1138 806 1377 842 προσυπακοῦσαιτ
1398 807 1443 833 τὸν
1466 804 1545 833 αὐτὸν
1565 805 1663 841 τρόπον
1686 806 1733 832 καὶ
1756 805 1847 836 αὐτὸς,
1864 814 1873 830 ι
1891 806 1919 831 ἑν

1141 853 1214 888 μέσῳ
1233 850 1403 888 Ἐκκλησίας,
1422 862 1430 877 ι
1447 852 1538 886 φησὶν,
1552 861 1561 876 ι
1579 851 1692 886 ὑμνήσω
1708 858 1748 882 σε,
1765 860 1773 876 ι
1790 851 1859 886 ὑπὲρ
1873 850 1920 877 τοῦ

1142 898 1277 934 μαθοῦσαν
1301 899 1350 934 τὴν
1371 896 1530 934 Ἐκκλησίαν
1553 895 1599 924 καὶ
1623 897 1776 924 ἀκούσασαν
1794 897 1858 933 παρ’
1874 897 1921 922 αὒ-

1138 942 1194 976 τοῧ,
1210 944 1239 971 ὃν
1266 944 1398 979 προσήκει
1424 944 1533 979 τρόπον,
1557 941 1651 978 μηκέθ’
1663 943 1700 974 ὡς
1723 943 1753 969 τὸ
1774 942 1837 977 πρὶν
1860 943 1922 974 τοὺς

1137 990 1276 1025 δαίμονας,
1291 989 1348 1015 ἀλλ’
1364 989 1444 1016 αὑτὸν
1460 989 1538 1024 μόνον
1551 988 1597 1014 τὸν
1609 988 1715 1015 πάντων
1731 987 1806 1019 Θεὸν,
1820 987 1863 1014 διὰ
1875 987 1920 1013 τοῦ

1138 1036 1361 1070 καταγγείλαντος
1377 1034 1457 1061 αὑτὸν
1476 1034 1613 1069 ἀνυμνεῖν.
1630 1033 1720 1060 Ταῦτα
1733 1033 1845 1067 πράξειν
1871 1033 1922 1058 ὑπ-

1139 1079 1227 1115 ισχνού
1232 1088 1319 1114 μενος,
1330 1079 1429 1114 σφόδρα
1438 1079 1588 1110 ἀκολούθως
1597 1078 1717 1105 ἐντεῦθεν
1729 1078 1778 1113 ἤδη
1793 1077 1924 1114 προστάτ-

1138 1135 1178 1152 τει
1195 1126 1226 1160 τῇ
1248 1125 1394 1160 Ἐκκλησία
1409 1124 1455 1151 καὶ
1472 1125 1527 1156 τοῖς
1541 1123 1622 1151 αὑτοῦ
1635 1124 1757 1158 ἀδελφοῖς
1771 1124 1865 1158 ὑμνεῖν
1877 1123 1922 1149 τὸν

1138 1171 1258 1207 Πατέρα.
1273 1170 1319 1196 Διό
1340 1179 1433 1206 φησιν·
1447 1180 1456 1196 ι
1467 1171 1498 1196 Οί
1512 1169 1673 1205 φοϐούμενοι
1688 1169 1733 1196 τὸν
1750 1168 1861 1204 Κύριον,
1878 1169 1921 1195 αἰ-

1138 1217 1233 1243 νέσατε
1259 1217 1353 1243 αὐτόν·
1385 1217 1457 1243 ἆπαν
1480 1216 1510 1242 τὸ
1537 1215 1647 1252 σπέρμα
1671 1214 1768 1241 Ἰακὼϐ
1793 1215 1922 1247 δοξάσατε

1139 1262 1219 1289 αὑτὸν
1234 1271 1240 1277 ·
1272 1272 1281 1288 ι
1310 1263 1365 1294 καὶ,
1395 1272 1404 1288 ‹
1432 1261 1630 1297 Φοϐηθήτωσαν
1667 1261 1714 1288 ἀπ’
1735 1260 1817 1287 αὑτοῦ
1850 1259 1922 1286 ἇπαν

1139 1307 1168 1335 τὸ
1180 1309 1289 1344 σπέρμα
1312 1308 1428 1344 Ἰσραὴλ,
1443 1309 1483 1334 ὅτι
1499 1308 1548 1334 οὐκ
1562 1306 1748 1339 ὲξουδένωσεν,
1762 1305 1823 1331 οὐδὲ
1838 1312 1921 1340 προσ-

1138 1353 1237 1389 «axem
1262 1356 1294 1390 τῇ
1318 1355 1406 1389 δεήσει
1427 1354 1472 1380 τοῦ
1497 1352 1616 1388 πτωχοῦ,
1632 1353 1691 1379 οὐδὲ
1716 1351 1870 1386 ἀπέστρεψε
1892 1350 1921 1377 τὸ

1139 1398 1281 1435 πρόσωπον
1298 1399 1378 1426 αὑτοῦ
1395 1400 1440 1426 ἀπ’
1456 1399 1532 1434 ἐμοῦ,
1548 1399 1595 1426 καὶ
1611 1400 1640 1425 ὲν
1657 1398 1695 1433 τῷ
1711 1397 1873 1433 κεκραγέναι
1889 1404 1921 1432 με

1139 1445 1207 1480 πρὸς
1227 1442 1307 1472 αὐτδν
1330 1445 1472 1480 εἰσήκουσέ
1490 1452 1559 1480 μου·
1586 1453 1595 1470 )
1619 1444 1651 1471 δι’
1667 1440 1703 1470 ὧν
1733 1443 1825 1477 σαφῶς
1852 1448 1921 1478 παρ-

1139 1491 1236 1526 ἐστησε
1252 1491 1305 1517 τῶν
1320 1491 1570 1526 προωνομασμένων
1585 1490 1676 1517 κακῶν
1730 1499 1739 1516 J
1752 1489 1920 1524 ἀπαλλαγήν.

1140 1538 1171 1564 Εἰ
1189 1537 1242 1572 γὰρ
1256 1538 1285 1564 ἐν
1297 1537 1336 1572 τῷ
1352 1537 1514 1572 κεκραγέναι
1527 1537 1595 1572 πρὸς
1611 1536 1689 1562 αὐτὸν
1704 1536 1861 1570 εἰσήκουσεν
1875 1534 1924 1569 ab:

1140 1583 1197 1613 τοῦ,
1213 1581 1314 1618 ηὔξατο
1328 1583 1356 1609 δὲ
1374 1583 1503 1618 ῥωσθῆναι
1517 1582 1570 1608 ἀπὸ
1589 1581 1637 1617 μὲν
1663 1581 1797 1617 ῥομφαίας
1808 1580 1858 1615 τὴν
1871 1579 1921 1615 ψυ-

1141 1630 1190 1664 χὴν
1205 1629 1298 1660 αὑτοῦ,
1316 1629 1347 1655 ἐκ
1361 1629 1389 1655 δὲ
1406 1628 1484 1660 κυνὸς
1499 1628 1548 1663 τὴν
1567 1627 1697 1663 μονογενῆ
1712 1626 1805 1659 αὐτοῦ,
1821 1626 1868 1652 καὶ
1883 1625 1922 1651 ἔτι

1141 1674 1172 1699 ἐκ
1187 1672 1317 1707 στόματος
1333 1671 1447 1704 λέοντος,
1465 1673 1512 1699 καὶ
1526 1672 1578 1698 ἀπὸ
1594 1671 1718 1708 κεράτων
1733 1669 1923 1706 μονοκερώτων

1140 1719 1190 1755 τὴν
1210 1719 1370 1745 ταπείνωσιν
1386 1718 1478 1751 αὑτοῦ,
1502 1717 1646 1745 ἀκόλουθόν
1665 1718 1723 1743 ἐστι
1738 1718 1809 1743 νοεῖν
1822 1715 1922 1742 τούτων

1141 1765 1297 1801 ἀπαλλαγὴν
1322 1764 1447 1799 εὑρέσθαι
1472 1764 1517 1790 τὸν
1542 1764 1674 1799 φήσαντα,
1693 1764 1733 1790 ὅτι
1757 1773 1766 1788 ε
1782 1763 1818 1798 μὴ
1841 1770 1923 1797 7:906-

1140 1812 1254 1848 tbxetqzv
1270 1813 1284 1838 ό
1300 1810 1365 1842 Θεὸς
1380 1812 1411 1846 τῇ
1429 1811 1517 1846 δεήσει
1542 1809 1634 1841 αὑτοῦ,
1649 1809 1715 1844 μηδὲ
1728 1804 1759 1834 τδ
1780 1808 1924 1843 πρόσωπον

1141 1857 1309 1893 ἀπέστρεψεν
1317 1857 1363 1883 ἀπ’
1380 1855 1472 1887 αὑτοῦ,
1490 1855 1546 1882 ἀλλ’
1569 1855 1598 1882 ὲν
1620 1855 1658 1890 τῷ
1682 1854 1844 1890 κεκραγέναι
1870 1854 1924 1880 εἱσ-

1141 1904 1255 1940 ήκουσεν
1271 1901 1361 1928 αὑτοῦ.
1371 1911 1379 1926 ι
1394 1900 1439 1927 Διὸ
1451 1901 1497 1927 καὶ
1509 1900 1627 1936 ὑπῆρξεν
1644 1899 1716 1934 αὐτῷ
1733 1899 1856 1934 ῥυσθέντι
1871 1897 1925 1924 τῶν

1141 1947 1283 1978 τοσούτων,
1301 1946 1347 1972 καὶ
1360 1946 1391 1971 ὲκ
1407 1945 1453 1971 τοῦ
1471 1944 1585 1970 θανάτου
1601 1944 1756 1978 διαφυγόντι
1776 1943 1926 1978 συνδιατρί-

1142 1993 1199 2019 ϐειν
1220 1994 1275 2023 τοῖς
1294 1989 1389 2017 ἑαυτοῦ
1418 1989 1551 2025 μαθηταῖς
1572 1989 1639 2025 ὁμοῦ
1665 1989 1710 2015 καὶ
1731 1988 1864 2023 ἀδελφοῖς,
1880 1988 1926 2014 καὶ

1143 2039 1236 2074 ὑμνεῖν
1257 2038 1286 2063 ὲν
1309 2037 1382 2072 μέσῳ
1405 2035 1567 2070 Ἐκκλησίας
1583 2035 1628 2061 τὸν
1649 2035 1768 2070 Πατέρα.
1793 2034 1877 2069 Τήρει
1897 2033 1926 2060 δὲ

1143 2084 1222 2110 πάλιν
1236 2083 1273 2113 ὡς
1295 2082 1400 2117 πτωχὸν
1416 2079 1492 2112 αὖθις
1513 2081 1608 2107 ἑαυτὸν
1625 2080 1756 2106 ἀποκαλεῖ
1776 2078 1927 2114 συμφώνως

1142 2131 1201 2162 ταῖς
1214 2129 1343 2165 πρότερον
1358 2127 1567 2164 παρατεθείσαις
1580 2126 1766 2162 προφητείαις,
1780 2125 1812 2151 δι’
1827 2122 1864 2151 ὦν
1879 2124 1928 2151 πέ-

1143 2185 1191 2211 νης
1207 2176 1252 2202 καὶ
1272 2175 1376 2210 πτωχὸς
1390 2173 1553 2208 ὠνομάζετο.
1575 2173 1643 2198 Ἀλλ’
1660 2172 1721 2198 ἐπεὶ
1738 2171 1783 2197 καὶ
1797 2171 1846 2206 τὴν
1861 2170 1914 2197 ἀνά

1145 2231 1238 2249 στασιν
1253 2220 1335 2248 αὑτοῦ
1351 2220 1393 2247 διὰ
1406 2219 1507 2246 τούτων
1522 2219 1700 2254 παρέστησεν,
1714 2215 1790 2248 αὖθις
1803 2217 1870 2252 πρὸς
1883 2216 1929 2242 τδν

1144 2269 1252 2303 Πατέρα
1273 2266 1442 2302 ἐπιστρέφων
1459 2264 1503 2292 τὸν
1526 2265 1621 2298 λόγον·
1640 2273 1649 2289 t
1666 2263 1744 2299 Παρὰ
1761 2262 1819 2294 σοῦ,
1842 2271 1852 2288 t
1877 2270 1930 2297 φη-

1145 2316 1196 2346 σὶν,
1219 2324 1228 2339 ‹
1257 2315 1270 2340 ὁ
1293 2312 1402 2344 ἔπαινός
1422 2321 1472 2347 μου
1493 2312 1520 2337 ἐν
1541 2310 1688 2345 Ἐκκλησία
1708 2309 1822 2345 μεγάλῃ,
1845 2317 1854 2334 ι
1879 2308 1930 2343 τῆς

1143 2362 1186 2388 ἐπ’
1201 2361 1312 2395 ὀνόματι
1328 2359 1409 2386 αὐτοῦ
1427 2358 1562 2392 συστάσης
1575 2357 1604 2390 ἐξ
1620 2356 1704 2383 ἐθνῶν
1718 2355 1778 2382 καθ’
1795 2355 1860 2390 ὅλης
1880 2354 1929 2389 τῆς

1143 2406 1303 2443 οἰκουμένης
1324 2405 1483 2441 Ἐκκλησίας
1497 2403 1681 2439 μνημονεύων,
1697 2404 1725 2429 ὲν
1775 2403 1789 2428 ὁ
1802 2401 1867 2436 περὶ
1881 2401 1930 2428 τοῦ

1144 2453 1269 2489 Σωτῆρος
1291 2453 1368 2488 ἡμῶν
1389 2452 1496 2483 ἔπαινος
1515 2450 1558 2477 διὰ
1574 2450 1674 2481 παντὸς
1691 2449 1793 2485 ᾄδεται,
1814 2448 1930 2483 νεύματι

1143 2500 1189 2526 τοῦ
1204 2499 1308 2534 Πατρδς
1324 2498 1405 2525 αὑτοῦ
1423 2497 1470 2524 καὶ
1489 2497 1617 2532 συνεργίᾳ
1630 2504 1636 2511 ·
1659 2495 1699 2521 διό
1721 2503 1787 2530 φησι
1799 2502 1805 2506 ·
1823 2503 1834 2520 ί
1849 2494 1931 2529 Παρὰ

1145 2545 1190 2572 σοῦ
1204 2546 1218 2571 ὁ
1234 2544 1342 2576 ἔπαινός
1364 2552 1413 2579 μου
1433 2544 1461 2569 ὲν
1481 2542 1626 2578 Ἐκκλησία
1643 2541 1748 2578 μεγάλῃ
1760 2547 1767 2556 ί
1793 2550 1803 2566 ι
1823 2539 1929 2576 μεγάλη

1143 2592 1197 2627 γὰρ
1210 2592 1247 2622 ὡς
1263 2590 1369 2626 ἀληθῶς
1384 2591 1400 2625 ἡ
1423 2588 1570 2624 Ἐκκλησία
1582 2587 1660 2623 αὕτη,
1675 2587 1707 2613 ὲκ
1723 2585 1823 2618 παντὸς
1835 2586 1931 2621 γένους

1144 2636 1294 2673 ἀνθρώπων
1317 2634 1565 2671 συγκεκροτημένη,
1587 2633 1647 2661 οὐδὲ
1669 2631 1864 2667 συγκρίνεσθαι
1886 2631 1931 2659 διὰ

1144 2683 1174 2708 τὸ
1191 2681 1288 2717 σεμνὸν
1311 2681 1356 2708 καὶ
1373 2680 1509 2716 ὑπερφυὲς
1528 2679 1575 2706 τοῦ
1598 2678 1665 2713 βίου,
1690 2679 1736 2704 καὶ
1756 2677 1800 2704 διὰ
1821 2677 1851 2704 τὸ
1877 2677 1930 2704 τῶν

1145 2727 1285 2762 δογμάτων
1310 2725 1431 2762 μέγεθος,
1449 2724 1511 2757 ἀξία
1531 2724 1569 2760 τῷ
1589 2724 1722 2751 Ἰουδαίων
1738 2723 1810 2749 ἔθνει
1834 2723 1883 2750 καὶ
1896 2724 1930 2758 τῇ

1146 2773 1199 2798 τῶν
1224 2773 1256 2798 ὲκ
1272 2772 1421 2807 περιτομῆς
1443 2772 1596 2806 συναγωγῇ,
1614 2770 1688 2805 πάσῃ
1706 2769 1828 2804 πτωχείᾳ
1850 2768 1930 2802 λόγον

1147 2819 1193 2844 καὶ
1210 2817 1278 2853 βίον,
1295 2818 1341 2844 καὶ
1357 2817 1536 2852 φρονήματος,
1557 2816 1603 2843 καὶ
1618 2815 1667 2851 τῆς
1685 2815 1768 2850 ἄλλης
1783 2814 1847 2851 περὶ
1862 2813 1930 2841 Θεοῦ
