2099 3217
206 135 260 164 τοι

632 131 958 162 οιιιιοΝετιιΑτιοΝιδ
975 132 1203 161 ενΑΝοΕιιςιιι
1223 133 1288 162 LIB.
1305 121 1342 162 PX.

1778 109 1827 164 ὼ

205 192 284 228 δόξης
307 194 525 230 ὲσμικρυμμένῃ.
548 190 604 220 Εἷτ¹
629 192 766 227 ἐπιλέγει·
798 201 808 217 ι
833 191 889 223 Τάς
910 192 1012 226 εὐχάςλ

1045 191 1174 220 Eccleslte
1188 192 1302 220 laudabo
1324 197 1359 221 te.
1383 202 1392 220 ›
1411 192 1511 221 Primis
1528 193 1601 221 enim
1614 193 1672 222 suis
1686 194 1827 230 discipulis

209 249 259 276 μου
269 239 309 275 τῷ
324 240 419 276 Κυρίῳ
435 239 565 266 ἀποδώσω
577 238 691 266 ινώπιον
707 238 814 265 πάντων
827 237 881 265 τῶν
895 237 992 273 φοϐου-

209 285 297 322 μένων
309 285 389 313 αὐτόν
398 294 421 312 Ἴ
433 285 613 320 φοὸουμένους
623 285 702 311 αὐτὸν
713 284 858 311 ἀποκαλῶν
866 284 915 319 τὴν
930 284 992 319 πρό-

207 340 285 368 τερον
302 332 494 367 ὀνομασθεῖσαν
511 332 672 367 Ἐκκλησίαν
689 331 818 367 μεγάλην,
832 328 873 362 οἷς
886 331 990 364 ἔλεγεν·

211 388 221 405 ι
240 379 271 406 οἱ
282 377 440 413 φοϐούμενοι
449 378 492 404 τὸν
507 378 618 413 Κύριον,
634 377 758 404 αἰνέσατε
772 377 862 404 αὐτόν.
886 386 895 402 ι
911 377 993 408 Ποίας

208 424 237 451 δὲ
254 423 336 459 εὐχὰς
353 423 500 450 ἀποδώσειν
519 424 609 459 φησὶν,
625 423 641 459 ἢ
655 423 687 455 ἃς
702 423 898 459 ὲπηγγείλατο;
915 423 993 455 ποίας

209 470 237 497 δὲ
254 470 434 505 ἐπηγγείλατο
448 470 464 505 ἢ
485 470 599 501 ὲκείνας,
612 470 643 496 δι’
660 467 696 496 ὧν
713 470 812 505 ἔφησε·
834 479 843 494 ‹
862 470 994 505 Διηγήσο-

212 524 258 551 μαι
279 514 309 541 τὺ
324 515 408 550 ὄνομα
431 523 477 541 σου
496 516 550 547 τοῖς
568 515 691 549 ἀδελφοῖς
709 524 772 550 μου·
791 517 820 541 ὲν
839 515 913 550 μέσῳ
935 516 995 541 Ἐκ-

211 560 324 595 κλησίας
339 560 451 595 ὑμνήσω
467 569 507 592 σε,
521 570 529 586 ι
545 561 622 595 εὐχαὶ
640 561 687 597 γάρ
700 562 767 587 εἰσιν
782 562 808 587 αἱ
823 560 994 594 ἐπαγγελίαι,

210 607 245 638 ἃς
261 606 491 641 ἐπαγγειλάμενος
513 606 608 633 δώσειν
630 610 658 634 ὲν
679 608 754 643 μέσῳ
775 607 935 642 Ἑκκλησίας
956 607 996 633 δι-

211 653 375 680 εϐεϐαιοῦτο.
392 652 501 684 Τούτοις
515 651 576 687 ἑξῆς
587 652 706 687 ἐπιλέγει
717 661 723 667 ·
742 663 751 678 ‹
763 653 895 686 Φάγονται
912 653 996 687 πένη-

211 709 258 731 τες
280 699 325 726 καὶ
346 698 596 734 ὲμπλησθήσονται,
619 699 666 725 καὶ
691 698 825 725 αζνέσουσι
848 699 949 733 Κύριον
972 699 996 725 οί

213 744 390 781 ὲκζητοῦντες
409 744 499 771 αὐτόν.
521 745 651 779 Ζήσονται
677 745 704 770 αῑ
721 744 830 780 καρδίαι
855 743 942 770 αὐτῶν
959 744 998 774 είς

213 790 300 816 αἰῶνα
326 789 430 820 αἰῶνος.
453 789 659 824 Μνησθήσονται
680 789 726 815 καὶ
750 789 998 823 ὲπιστραφήσονται

215 834 284 871 πρὸς
299 834 399 870 Κύριον
420 834 508 861 πάντα
528 834 561 860 τά
580 834 685 870 πέρατα
706 834 756 869 τῆς
771 834 833 869 γῆς,
850 835 897 861 καὶ
914 841 997 869 προσ-

1042 242 1069 266 et
1083 239 1213 274 apostolis
1231 247 1292 275 quae
1312 239 1346 266 ad
1363 247 1440 267 suam
1458 239 1579 266 laetitiam
1610 244 1637 267 et
1665 241 1826 268 exsultatio-

1041 291 1102 311 nem
1119 284 1272 319 pertinent,
1299 284 1441 318 pollicetur
1455 291 1484 312 se
1507 284 1708 317 nuntiaturum,
1725 292 1772 313 eos
1786 286 1826 313 in-

1042 330 1121 357 terim
1139 330 1283 357 nominans
1302 329 1398 357 fratres
1412 339 1419 357 :
1435 330 1534 365 quibus
1549 331 1629 357 etiam
1645 336 1827 360 consentanea

1043 376 1185 403 Matthaeus
1202 376 1325 410 exponit,
1341 376 1403 402 dum
1419 376 1485 402 dicit
1500 386 1506 403 ;
1523 385 1532 401 ι
1565 376 1596 403 Et
1608 384 1672 404 ecce
1685 376 1765 405 Jesus
1781 385 1828 405 oc-

1044 423 1130 449 currit
1153 422 1217 454 illis,
1236 432 1245 448 »
1271 423 1314 449 ubi
1333 423 1393 450 illas
1412 423 1558 458 intelligit,
1576 430 1637 458 qua:
1653 431 1715 450 cum
1744 423 1827 451 Maria

1045 465 1201 501 Magdalcne
1218 470 1313 498 erant,
1332 476 1341 491 ι
1357 466 1471 494 dicens:
1488 466 1604 495 Salvete.
1618 467 1672 495 Illae
1684 472 1774 495 autem
1787 476 1830 496 ac-

1045 516 1186 539 cesserunt
1200 516 1226 539 et
1243 516 1388 539 tenuerunt
1403 513 1461 546 ejus
1476 513 1558 547 pedes
1568 534 1574 544 ,
1600 517 1627 540 et
1649 514 1830 548 adoraverunt

1045 566 1118 586 eum.
1137 557 1213 585 Tunc
1226 559 1264 584 ait
1281 558 1334 586 illis
1346 558 1445 586 Jcsus;
1468 558 1556 586 Nolite
1575 559 1677 587 timere.
1704 559 1758 592 Ite,
1781 569 1830 587 an-

1046 604 1170 630 nuntiate
1185 602 1315 629 fratribus
1334 603 1411 634 meis,
1427 608 1455 630 ut
1471 604 1569 631 abeant
1585 605 1611 631 in
1629 603 1784 637 Galilaeanu|
1804 610 1830 633 et

1047 650 1084 677 ibi
1101 657 1144 678 me
1159 650 1288 677 videbunt
1304 650 1334 675 ¹⁸.
1352 660 1362 675 ι
1384 649 1418 677 At
1431 658 1495 677 vero
1511 649 1630 678 Joannes
1644 655 1704 686 post
1720 651 1832 678 reditio-

1048 703 1108 722 nem
1126 703 1141 721 a
1155 695 1269 723 mortuis
1281 696 1338 730 ipse
1353 703 1460 730 quoque
1473 695 1576 723 inducit
1588 696 1680 724 Jesum
1696 696 1830 724 dicentem

1048 741 1082 768 ad
1103 740 1189 776 ipsam
1215 741 1349 768 Mariam:
1376 750 1386 766 ι
1411 741 1470 768 Noli
1488 750 1529 768 me
1554 746 1684 777 tangere:
1710 743 1830 770 nondum

1048 787 1120 814 enim
1136 787 1246 814 ascendi
1273 786 1305 813 ad
1330 786 1437 813 Patrem
1456 795 1556 814 meum.
1591 786 1665 815 Vade
1690 791 1780 815 autem
1798 788 1831 816 ad

1050 831 1147 859 fratres
1162 839 1247 863 meos,
1262 836 1286 858 et
1300 831 1344 858 die
1358 832 1397 859 eis
1414 841 1420 858 :
1438 831 1561 859 Ascendo
1577 832 1609 859 ad
1621 825 1726 859 Patrem
1743 841 1831 860 meum

215 880 376 916 κυνήσουσιν
403 879 516 905 ἐνώπιον
539 879 620 906 αὑτοῦ
648 880 731 906 πᾶσαι
758 881 784 905 αἱ
816 880 927 915 πατριαὶ
946 879 999 905 τῶν

1051 881 1077 905 et
1092 876 1201 904 Patrem
1218 881 1337 904 vestrum
1350 896 1357 908 ,
1387 881 1413 904 et
1428 876 1512 903 Deum
1539 884 1627 904 mcum
1646 882 1673 904 et
1690 877 1772 904 Deum
1785 885 1833 904 ve-

215 925 313 952 ἑθνῶν·
331 926 370 952 ὃτι
383 925 429 952 τοῦ
447 925 548 960 Κυρίου
565 926 580 960 ἡ
597 924 728 960 βασιλεία,
742 925 788 951 καὶ
805 925 885 956 αὐτὸς
902 925 997 951 δεσπό-

216 971 257 1004 ζει
274 971 328 998 τῶν
344 971 436 998 ὲθνῶν.
457 981 466 997 ι
484 971 522 997 Δι’
540 967 577 997 ὧν
593 971 694 1006 σφόδρα
712 970 864 1002 ἀκολούθως
881 970 914 997 τὰ
933 971 1001 1006 μετά

216 1018 267 1053 τὴν
281 1018 427 1045 ἀνάστασιν
443 1016 524 1043 αὑτοῦ
543 1015 740 1052 κατορθώματα
762 1017 906 1050 ἀναφωνεί,
920 1016 937 1043 ἂ
954 1017 1001 1043 καὶ

217 1063 393 1098 πεπλήρωται
406 1061 448 1088 διὰ
461 1061 511 1097 τῆς
526 1062 554 1095 ἐξ
569 1061 693 1088 ἁπάντων
706 1061 759 1088 τῶν
772 1061 854 1088 ἐθνῶν
868 1062 1000 1097 κλήσεως,

215 1109 261 1135 διά
275 1117 305 1135 τε
319 1108 368 1143 τῆς
383 1108 411 1134 ὲν
423 1109 479 1139 τοῖς
494 1107 592 1143 πέρασι
609 1107 657 1143 τῆς
673 1108 833 1143 οἰκουμένης
852 1107 1001 1143 ἀνθρώπων

216 1153 343 1188 ἐκλογῆς,
369 1149 406 1179 ὧν
431 1154 458 1179 al
487 1152 613 1184 ἐκϐάσεις
642 1152 789 1188 ὀφθαλμοῖς
819 1152 1001 1188 θεωρούμεναι

217 1199 327 1227 πάντων
343 1199 375 1225 ἂν
397 1199 515 1233 γένοιντο
528 1199 581 1225 τῶν
603 1198 646 1225 διὰ
664 1199 710 1225 τοῦ
727 1199 833 1234 ψαλμοῦ
851 1199 1002 1234 λεγομένων

218 1246 431 1281 παραστατικαί.
457 1246 576 1282 Πὲνητες
600 1246 627 1272 δὲ
651 1246 731 1273 πάλιν
756 1248 846 1282 ἡμεῖς,
870 1246 915 1278 οὓς
934 1247 1004 1273 κατὰ

218 1291 285 1318 Θεὸν
303 1291 490 1326 πτωχεύοντας
514 1292 652 1328 ὲκτρέφων
679 1293 692 1318 ὁ
715 1293 846 1327 σωτήριος
860 1291 945 1325 Λόγος
965 1291 1003 1326 τῷ

218 1337 307 1373 νοητῷ
323 1338 368 1364 καὶ
384 1337 483 1372 λογικῷ
505 1337 578 1374 ἀρτῳ
593 1339 651 1369 ταῖς
675 1338 814 1369 ζωοποιοῖς
838 1337 891 1363 τῶν
912 1337 1004 1372 ψυχῶν

218 1384 342 1419 τροφαῖς,
361 1383 409 1419 τὴν
426 1382 532 1410 αἰώνιον
548 1384 612 1419 ἡμῖν
633 1383 746 1419 παρέχει
764 1383 844 1419 ζωήν.
863 1383 907 1410 Διό
924 1392 1005 1418 φησιν

218 1431 234 1456 ὸ
249 1429 355 1464 enim;
364 1438 371 1444 ·
404 1440 413 1456 ι
431 1431 563 1464 Φάγονται
577 1430 691 1465 πένητες
702 1430 748 1456 καὶ
760 1429 1004 1465 ἐμπλησθήσονται,

219 1476 269 1503 καὶ
285 1476 420 1502 αίνέσουσι
435 1476 535 1512 Κύριον
554 1477 578 1503 ot
598 1475 774 1512 ὲκζητοῦντες
798 1475 888 1502 αὐτόν.
908 1476 1005 1510 Ζήσον-

219 1529 267 1548 ται
282 1522 310 1548 αι
326 1522 432 1557 καρδίαι
449 1522 538 1549 αὐτῶν
553 1523 591 1553 είς
605 1521 690 1548 αἰῶνα
700 1521 806 1552 αἰῶνος.
826 1530 835 1546 ι
854 1521 908 1547 Καὶ
920 1522 934 1547 ὁ
949 1520 1006 1547 ἐπί-

220 1567 301 1601 λογος
312 1567 340 1593 δὲ
353 1568 401 1603 τῆς
415 1568 477 1604 ὅλης
490 1568 656 1604 προφητείας
673 1567 741 1602 μετά
754 1567 841 1594 πάντα
855 1567 1003 1602 ἐπιφέρων·

224 1623 234 1639 ι
262 1612 488 1649 Ἀναγγελήσεται
500 1613 537 1648 τῷ
553 1613 648 1649 Κυρίῳ
663 1612 743 1647 γενεά
758 1613 774 1647 ἡ
792 1611 934 1647 ἐρχομένη.
951 1611 1006 1637 Καὶ

221 1658 400 1693 ἀναγγελοῦσι
412 1659 461 1694 τὴν
475 1658 646 1694 δικαιοσύνην
662 1658 743 1685 αὐτοῦ
759 1657 815 1693 λαῷ
827 1658 864 1693 τῷ
879 1657 1007 1692 τεχθησο-

224 1704 308 1740 μένῳ,
335 1705 364 1731 ὃν
390 1705 515 1740 ἐποίησεν
534 1705 548 1731 ὁ
577 1704 692 1740 Κύριος·
716 1714 724 1730 ι
744 1704 871 1738 ἄντικρυς
895 1703 939 1729 τὸν
978 1701 1006 1734 ἐξ

222 1750 309 1778 ἐθνῶν
325 1750 500 1787 προθεσπίζει
515 1750 588 1782 λαὸν,
615 1751 660 1776 καὶ
677 1750 724 1785 τὴν
749 1749 792 1776 διὰ
812 1749 858 1775 τοῦ
884 1748 1007 1783 Σωτῆρος

222 1794 304 1830 ἡμῶν
324 1794 409 1829 Ἰησοῦ
425 1794 541 1830 Χριστοῦ
559 1795 694 1820 συστᾶσαν
711 1795 756 1821 ἐπὶ
772 1794 820 1828 τῆς
835 1793 885 1828 γῆς
901 1793 1005 1826 γενεάν.

223 1841 275 1872 Τίς
287 1839 339 1876 γὰρ
352 1840 385 1867 ἂν
397 1841 438 1876 εἴη
455 1841 469 1866 ὁ
488 1841 556 1876 μετά
570 1841 654 1867 ταῦτα
674 1840 849 1875 τεχθήσεσθαι
866 1839 1008 1873 λεγόμενος

222 1885 265 1921 τῷ
281 1886 339 1921 Θεῷ
351 1886 425 1918 λαὸς,
442 1886 523 1913 πάλαι
541 1886 577 1922 μὴ
591 1886 638 1919 ὢν,
654 1886 712 1921 μηδ’
726 1885 847 1920 ὑφεστὼς
866 1886 894 1911 ὲν
910 1884 1010 1920 ἀνθρώ-

225 1940 297 1964 ποις,
315 1932 425 1967 ὕστερον
442 1932 470 1958 δὲ
486 1932 621 1967 γεγονὼς;
645 1932 687 1963 τίς
708 1941 737 1958 τε
758 1931 788 1957 οὐ
807 1931 843 1967 μὴ
859 1929 926 1957 οὖσα
938 1931 1008 1961 τότε,

223 1978 358 2013 λεγομένη
369 1978 397 2004 δὲ
413 1978 568 2005 ἐλεύσεσθαι
580 1978 670 2012 γενεὰ,
689 1978 712 2004 εί
727 1978 763 2013 μὴ
790 1977 857 2012 αὕτη
871 1978 888 2012 ἡ
902 1977 944 2003 διὰ
963 1976 1009 2002 τοῦ

224 2023 351 2059 Σωτῆρος
366 2023 443 2059 ήμῶν
458 2025 486 2050 ὲν
503 2024 583 2050 παντὶ
601 2023 639 2058 τῷ
653 2024 748 2059 κόσμῳ
760 2024 881 2050 συστᾶσα
898 2022 1011 2057 Ἐκκλη-

225 2069 289 2101 σία;
305 2069 351 2095 καὶ
364 2071 377 2096 ὁ
388 2070 447 2101 νέος
462 2069 490 2102 ἐξ
503 2069 586 2096 ἐθνῶν
602 2070 675 2101 λαὸς,
693 2071 736 2104 ἐφ’
751 2067 773 2104 ᾧ
785 2070 831 2096 καὶ
845 2069 888 2096 διά
902 2069 1011 2095 Ἡσαΐου

225 2116 257 2142 τὸ
281 2116 392 2151 Πνεῦμα
406 2117 436 2143 τὸ
460 2116 535 2150 ἀγιον
552 2116 745 2151 θαυμαστικῶς
761 2114 948 2150 ἀπεφθέγξατο
962 2115 1013 2150 φῆ-

226 2171 278 2189 σαν
291 2171 297 2177 ⁸
317 2172 326 2188 ι
349 2163 396 2194 Τίς
406 2163 504 2198 ἤκουσε
521 2163 641 2196 τοιαῦτα,
657 2164 703 2190 καὶ
716 2164 758 2194 τίς
774 2162 894 2198 ἑώρακεν
907 2162 1010 2193 οῦτωςς

1051 927 1137 951 strum
1156 924 1187 951 ".
1210 933 1219 949 ›
1237 922 1334 950 Primis
1349 930 1414 958 ergo
1429 923 1560 958 apostolis
1586 923 1658 954 suis,
1677 931 1746 957 quos
1769 931 1834 951 suos

1051 969 1149 997 fratres
1162 970 1294 1001 nominat,
1312 977 1409 996 nomen
1432 976 1461 997 se
1477 968 1565 996 Patris
1589 970 1631 997 sui
1658 973 1833 997 narraturum

1051 1016 1099 1042 ait.
1114 1015 1179 1043 Post
1195 1015 1256 1043 illos
1272 1020 1362 1042 autem
1373 1035 1380 1047 ,
1407 1015 1466 1050 ipso
1483 1015 1578 1043 ordine
1605 1016 1718 1051 ipsaque
1736 1023 1832 1043 conse-

1051 1063 1150 1098 quendi
1168 1062 1273 1090 ratione
1284 1061 1422 1094 Ecclesia},
1439 1070 1498 1097 qua:
1513 1070 1560 1097 per
1572 1066 1657 1089 totum
1676 1062 1768 1089 orbem
1780 1065 1835 1089 ter-

1051 1115 1143 1135 rarum
1168 1107 1195 1134 in
1213 1108 1322 1135 nomine
1350 1108 1436 1142 ipsius
1465 1107 1576 1135 fundata
1606 1112 1664 1140 est,
1692 1111 1834 1142 paternum

1052 1153 1182 1188 hymnum
1201 1161 1229 1180 se
1243 1153 1429 1188 expositurum
1445 1153 1586 1188 promittit.
1601 1153 1835 1186 Quemadmodum

1052 1199 1124 1225 enim
1144 1198 1167 1226 si
1191 1198 1253 1232 quis
1275 1198 1410 1225 excellens
1426 1197 1558 1233 sapientia
1572 1202 1722 1233 praeceptor
1737 1198 1764 1225 in
1780 1205 1837 1224 me-

1053 1243 1106 1272 diis
1122 1244 1179 1270 suis
1196 1243 1338 1278 discipulis
1354 1243 1436 1270 verba
1453 1247 1612 1278 percurrat.
1643 1247 1673 1270 ut
1700 1241 1753 1278 ipsi
1768 1248 1837 1277 quo;

1054 1296 1106 1323 que
1121 1288 1261 1316 audientes
1277 1288 1442 1320 auscultent,
1459 1288 1496 1315 ita
1513 1288 1594 1316 etiam
1618 1288 1662 1315 ille
1679 1297 1688 1312 ι
1708 1288 1734 1314 in
1749 1287 1837 1315 medio

1055 1334 1193 1366 Ecclesiae,
1207 1334 1306 1368 inquit,
1322 1334 1439 1361 laudabo
1456 1338 1492 1365 te,
1512 1345 1522 1360 ›
1551 1337 1580 1360 ιιι
1596 1341 1658 1361 cuin
1679 1333 1730 1362 hoc
1743 1332 1838 1361 Eccle-

1056 1383 1095 1409 sia
1109 1382 1244 1415 didicerit,
1258 1382 1321 1409 dum
1339 1382 1373 1409 ab
1391 1383 1450 1416 ipso
1467 1381 1562 1414 audit,
1590 1388 1644 1408 non
1660 1380 1730 1408 ultra
1745 1384 1774 1407 ut
1789 1388 1838 1408 an-

1039 1429 1099 1456 ‘tea
1115 1428 1267 1460 dmntonas,
1293 1428 1358 1459 sed,
1382 1432 1412 1454 ut
1441 1436 1487 1462 par
1515 1431 1577 1459 est,
1601 1427 1689 1462 ipsum
1719 1427 1839 1453 universi

1056 1471 1140 1500 Deum
1157 1480 1204 1508 per
1215 1480 1286 1504 eum,
1303 1473 1348 1507 qui
1365 1472 1440 1499 illttm
1455 1472 1617 1505 denuntiat,
1645 1472 1752 1507 hymnis
1771 1478 1839 1498 con-

1057 1518 1184 1546 celebret.
1197 1518 1259 1546 "336
1274 1519 1319 1546 ubi
1334 1526 1363 1546 se.
1380 1518 1515 1545 facturum
1532 1518 1654 1553 promisit
1671 1537 1678 1549 ,
1708 1522 1764 1544 tum
1789 1516 1838 1544 ad-

1058 1564 1167 1591 modum
1179 1565 1373 1592 convenienter
1385 1569 1466 1599 atque
1490 1569 1550 1599 apte
1575 1564 1630 1598 jam
1646 1563 1708 1590 inde
1725 1563 1839 1597 imperat

1058 1610 1186 1638 Ecclesia:
1201 1618 1232 1637 ac
1254 1610 1311 1638 suis
1334 1609 1481 1642 fratribus,
1511 1614 1540 1636 ut
1567 1609 1676 1645 hymnis
1703 1608 1840 1636 celz~brent

1057 1655 1175 1689 Patrem,
1197 1656 1243 1682 ubi
1260 1656 1315 1682 ait:
1334 1665 1344 1681 ‹
1365 1655 1417 1689 Qui
1443 1655 1544 1682 timetis
1561 1653 1715 1685 Dominum,
1732 1652 1840 1680 laudate

1058 1710 1130 1730 eum.
1158 1701 1243 1729 Omne
1268 1709 1359 1729 semen
1379 1701 1474 1731 Jacob.
1493 1700 1640 1736 glorificate
1661 1707 1733 1727 eum.
1752 1698 1840 1726 Etti-

1057 1754 1149 1776 meant
1160 1748 1194 1775 ab
1205 1755 1237 1775 eo
1248 1755 1328 1774 omne
1341 1755 1433 1774 semen
1448 1745 1529 1773 lsrael
1539 1766 1546 1777 ,
1559 1745 1687 1781 quoniam
1702 1752 1756 1771 non
1769 1750 1840 1778 spre-

1057 1795 1106 1825 vit,
1132 1801 1219 1829 neque
1243 1793 1356 1820 moleste
1380 1793 1442 1819 tulit
1455 1792 1671 1827 deprecationem
1694 1789 1840 1825 pauperis.

1060 1841 1140 1876 509
1161 1848 1248 1876 neque
1272 1840 1370 1867 avertit
1391 1839 1487 1866 faciem
1510 1846 1588 1866 suam
1613 1845 1628 1864 a
1649 1845 1710 1868 me,
1730 1841 1757 1864 et
1778 1843 1842 1863 cum

1060 1887 1205 1914 clamarem
1229 1885 1262 1912 ad
1278 1894 1339 1914 eum
1352 1906 1360 1918 ,
1377 1885 1514 1913 exaudivit
1531 1892 1583 1912 me.
1603 1894 1612 1909 ι
1628 1883 1732 1916 Quibus
1752 1882 1842 1909 verbis

1062 1933 1141 1968 plane
1162 1933 1281 1960 ostendit
1302 1940 1331 1959 se
1354 1933 1388 1959 ab
1413 1931 1468 1959 illis
1491 1938 1552 1958 esse
1575 1930 1720 1957 liberatum
1747 1928 1842 1957 malis.

1062 1986 1121 2013 qua:
1136 1979 1262 2013 superius
1278 1978 1349 2005 dicta
1366 1981 1440 2005 sunt.
1457 1976 1484 2004 Si
1501 1977 1571 2004 enini
1590 1984 1651 2003 cum
1665 1976 1794 2002 clamaret
1810 1973 1843 2000 ad

1061 2025 1154 2057 illum,
1170 2025 1204 2052 ab
1219 2025 1264 2052 illo
1282 2024 1427 2052 exauditus
1443 2029 1484 2051 est
1496 2044 1503 2055 ,
1527 2027 1555 2050 et
1574 2023 1696 2049 clamans
1717 2024 1844 2056 precatus

1062 2075 1120 2103 est,
1137 2075 1165 2098 ttt
1179 2071 1296 2106 eriperet
1312 2079 1327 2097 ξι
1345 2070 1446 2097 framea
1462 2069 1572 2104 quidem
1587 2068 1704 2095 animam
1720 2074 1812 2098 suatn,
1829 2074 1843 2093 a

1062 2124 1130 2144 cane
1150 2121 1238 2143 autetn
1263 2116 1369 2143 unicam
1393 2122 1470 2142 suam
1482 2135 1490 2147 ,
1508 2122 1558 2142 nec
1578 2122 1632 2141 non
1649 2115 1683 2141 ab
1699 2122 1746 2141 ore
1761 2113 1845 2140 leonis

1063 2166 1089 2190 et
1110 2170 1125 2189 a
1149 2162 1278 2189 cornibus
1299 2161 1471 2188 unicorninm
1493 2160 1672 2187 humilitatem
1690 2166 1785 2189 suam,
1800 2165 1845 2185 se-

226 2209 252 2235 ιί
267 2207 344 2234 ὦδινε
357 2208 391 2243 γῆ
405 2209 433 2234 ὲν
454 2209 543 2244 ἡμέρα
561 2210 619 2244 μιᾷ,
637 2209 685 2236 καὶ
701 2209 724 2234 εί
741 2208 836 2243 ἐτέχθη
855 2207 929 2239 ἔθνος
957 2208 1012 2232 είσ-

1039 2212 1050 2236 )
1065 2208 1158 2242 quitur
1174 2212 1200 2235 ut
1223 2207 1405 2243 intelligamus
1421 2206 1496 2233 illutn
1513 2205 1700 2233 liberationem
1716 2212 1731 2231 a
1746 2203 1846 2230 talibus

226 2253 312 2287 ἅπαξ.
332 2263 340 2279 ι
355 2254 447 2281 Ταῦτα
460 2255 507 2290 μὲν
522 2252 568 2281 οὖν
584 2255 674 2290 ἡμεῖς,
688 2255 730 2289 ἐφ’
743 2254 824 2290 ἕτερα
841 2252 1011 2280 συνελαύνον-

224 2309 274 2332 τος
289 2300 335 2327 τοῦ
357 2300 464 2336 καιροῦ,
488 2301 680 2337 διαδραμόντες
706 2299 858 2336 ἀκροθιγῶς
881 2298 1014 2335 διεξήλθο-

227 2354 291 2382 μεν,
308 2346 361 2382 ὅτῳ
380 2347 401 2373 δ’
419 2346 451 2373 ἂν
466 2347 539 2381 μέλοι
559 2346 609 2381 τῆς
621 2346 668 2372 τοῦ
693 2346 816 2381 Σωτῆρος
832 2345 910 2380 ἡμῶν
925 2353 1014 2379 παρα-

226 2391 387 2424 κελεύσεως,
403 2391 549 2427 [φήσαντος
561 2401 568 2407 ·
588 2401 596 2417 ι
621 2392 763 2427 Ἐρευνᾶτε
781 2392 830 2422 τὰς
843 2391 953 2426 Γραῳάς
964 2399 970 2405 ’
982 2391 1012 2416 ὲν

227 2434 274 2468 αἷς
290 2437 391 2464 δοκεῖτε
411 2436 484 2472 ζωὴν
506 2437 613 2464 αἰώνιον
632 2436 714 2471 ἔχειν,
729 2437 775 2463 καὶ
798 2436 877 2462 αὐταί
898 2437 966 2462 εἰσιν
985 2437 1014 2462 αἱ

228 2484 416 2520 μαρτυροῦσαι
439 2484 502 2519 περι
525 2483 601 2518 ἐμοῦ.
625 2493 634 2508 ι
658 2483 775 2517 Ἐχάστῃ
792 2482 864 2513 λέξει
879 2481 926 2508 τοῦ
947 2481 1015 2516 ψαλ-

228 2529 282 2565 μοῦ
298 2530 343 2556 τὸν
358 2529 420 2556 νοῦν
431 2529 596 2565 ἐμίαθύνας,
610 2528 658 2563 τὴν
672 2528 772 2563 ἀκριὸἦ
787 2527 904 2554 διάνοιαν
919 2527 1015 2564 θηρεύ-

227 2583 274 2601 σαι
292 2574 324 2601 ἂν
335 2575 384 2610 τῆς
395 2577 424 2602 ὲν
440 2577 496 2607 τοῖς
512 2575 666 2611 εἰρημένοις
680 2574 807 2609 ἀληθείας
823 2574 887 2610 (ι).]

1064 2253 1144 2280 malis
1159 2247 1335 2279 consecutmn
1348 2271 1355 2283 ,
1372 2251 1473 2286 quippe
1492 2250 1538 2285 qni
1556 2249 1675 2280 dixerit,
1692 2248 1776 2275 Deum
1792 2255 1846 2274 non

1065 2299 1178 2326 moleste
1190 2298 1286 2325 tulisse
1299 2297 1518 2332 deprecationem
1534 2303 1611 2323 suam
1621 2315 1628 2327 ,
1646 2302 1734 2329 neque
1750 2292 1846 2320 faciem

1064 2353 1140 2373 suam
1156 2345 1288 2372 avertisse
1299 2345 1334 2371 ab
1347 2344 1416 2378 ipso,
1430 2342 1476 2371 sed
1489 2343 1651 2370 clamantem
1665 2341 1753 2376 ipsum
1765 2346 1846 2366 exau-

1066 2391 1176 2418 divisse.
1199 2391 1334 2423 Quocirca
1348 2390 1435 2417 eidem
1450 2389 1483 2416 de
1498 2388 1580 2416 tantis
1596 2387 1675 2415 malis
1695 2390 1804 2421 erepto,
1821 2389 1846 2412 et

1067 2437 1118 2472 ipsi
1138 2436 1171 2464 de
1192 2441 1279 2463 tnorte
1300 2436 1392 2471 elapso
1408 2435 1515 2467 abunde
1528 2433 1662 2468 contingit
1677 2440 1730 2459 una
1743 2432 1847 2459 versari

1067 2490 1098 2509 ac
1112 2482 1210 2516 degere
1223 2489 1285 2508 cum
1301 2481 1359 2509 suis
1373 2483 1399 2508 et
1412 2480 1554 2515 discipulis
1574 2485 1601 2507 et
1616 2479 1756 2510 fratribus,
1776 2481 1803 2506 et
1820 2478 1848 2506 in

1067 2527 1155 2554 media
1169 2527 1290 2554 Ecclesia
1303 2530 1406 2561 patrem
1419 2526 1539 2553 laudare.
1554 2525 1606 2553 Sed
1617 2525 1727 2552 attende
1740 2531 1847 2555 rursus,

1069 2578 1099 2600 ut
1115 2580 1261 2608 pauperem
1279 2573 1398 2607 seipsum
1415 2573 1512 2599 iterum
1533 2576 1621 2603 vocat.
1646 2573 1673 2598 in
1687 2578 1719 2598 eo
1733 2577 1848 2598 concor-

226 2622 300 2650 dans
312 2629 373 2648 cum
388 2625 451 2649 ante
465 2621 596 2656 expositis
608 2620 774 2655 prophetiis,
789 2619 818 2647 in
847 2620 949 2654 quibus
976 2627 1078 2654 pauper
1101 2622 1128 2646 et
1151 2626 1253 2654 egenus
1273 2622 1316 2646 est
1339 2619 1516 2651 nominatus;
1538 2617 1586 2645 sed
1607 2617 1671 2652 quia
1702 2623 1782 2645 suum
1816 2615 1848 2642 ad

226 2670 313 2697 vitam
335 2669 451 2696 reditum
473 2669 500 2696 in
520 2669 564 2696 his
585 2667 733 2700 indicavit,
750 2675 846 2695 rursus
862 2675 1014 2695 sermonem
1035 2671 1198 2694 convertens
1214 2666 1246 2692 ad
1262 2666 1370 2693 Patrem
1381 2686 1388 2698 ,
1405 2675 1414 2691 ι
1431 2669 1503 2696 ate,
1520 2664 1625 2700 inquit,
1658 2663 1718 2691 lat:
1749 2669 1808 2690 mea
1822 2661 1848 2689 in

227 2717 354 2744 Ecclesia
370 2724 466 2752 magna
478 2737 486 2750 ,
500 2726 510 2742 1
539 2716 566 2744 in
581 2716 682 2751 quibus
697 2723 762 2743 sane
777 2715 868 2743 verbis
898 2714 1049 2742 Ecclesiam
1069 2716 1097 2742 in
1114 2715 1225 2742 nomine
1240 2714 1328 2749 ipsius
1342 2722 1375 2741 ex
1391 2713 1517 2749 gentibus
1531 2712 1673 2740 collectam
1684 2730 1692 2743 .
1707 2715 1735 2738 τι
1749 2717 1778 2739 ut
1791 2715 1846 2738 seu

266 2795 289 2813 ⁸⁸
307 2794 401 2822 Matth.
419 2801 506 2821 xxvttt
518 2813 525 2826 ,
541 2793 614 2825 9,10.
653 2793 675 2809 "
696 2791 776 2820 Joan.
795 2800 848 2825 xx,
866 2791 910 2819 l7.

265 2855 304 2890 (l)
325 2855 409 2883 Uncis
429 2855 558 2884 (onclusa
577 2854 715 2890 supplerit
735 2852 887 2882 Fabricius.
900 2851 969 2881 Vide
994 2852 1205 2880 Admonitionem
1229 2850 1308 2879 initio
1333 2841 1488 2878 voluminis.
