2099 3217
207 137 262 166 815

772 134 871 162 LIBER
891 132 1030 163 CONTRA
1051 131 1257 162 Hlii-ROCLEM.

1784 137 1837 165 8N

205 196 397 234 πορευόμενος,
411 195 511 232 ἄριστα
520 194 726 230 γιγνωσκόντων
744 203 774 220 τε
795 195 841 221 καὶ
859 195 993 230 πραττόν-

1050 195 1222 222 animantium
1240 194 1291 222 sibi
1314 193 1493 228 comparavit.
1511 192 1539 220 id
1560 201 1626 221 vero
1643 194 1752 227 didicit,
1770 195 1835 223 dum

205 252 261 271 των
274 243 340 271 αὺτό
354 241 419 278 (68).
437 242 515 269 Ἐστι
531 241 586 276 γὰρ
599 240 652 267 τῶν
672 240 805 276 ’Δραδίων
826 239 932 267 κύκνων
946 241 994 277 ήδη

206 288 255 316 καὶ
277 287 391 324 ὀρνίθων
409 286 464 322 (69)
489 282 698 321 μαντευομένων
719 285 828 312 ἀκούειν
840 306 847 318 ,
865 285 953 312 όπόσα
973 286 996 312 οἱ

207 334 339 371 χρησμοί.
354 332 559 369 Ξυμεάλλονται
579 331 608 358 δὲ
629 332 683 358 τῶν
697 331 817 365 ἀλόγων,
845 331 996 366 σιτούμενοι

206 379 261 407 τῶν
271 380 423 415 δρακόντων
435 380 459 405 oi
476 378 525 414 μὲν
539 379 664 414 καρδίαν,
686 378 777 412 φασὶν,
791 378 816 403 οἰ
833 377 861 404 δὲ
883 374 970 413 ἦπαρ.
985 387 993 404 ι

213 425 347 453 Ἐνταῦθα
364 425 473 457 πάντως
488 434 537 452 που
551 425 703 460 δρακόντων
717 424 830 459 καρδίας
843 423 928 458 δήπου
949 423 997 450 καὶ

205 473 311 508 ἥπατος
326 472 372 499 τὸν
394 471 594 507 Πυθαγόρειον,
621 471 748 507 ἐμψύχων
765 479 796 497 τε
816 471 919 506 τροφῆς
943 472 996 497 άπ-

206 518 347 554 εχόμενον,
359 517 406 544 καὶ
417 518 482 554 μηδὲ
498 518 571 545 θύειν
579 517 701 552 δαίμοσιν
714 515 909 551 ὲπιτολμῶντα,
923 517 997 549 εἰκὸς

205 562 241 601 ἦν
253 563 466 599 ἀπογεύσασθαι,
484 564 522 595 ὡς
534 564 566 590 ἂν
590 563 635 590 καὶ
654 563 703 598 τῆς
721 561 797 598 παρὰ
814 561 920 593 τούτοις
941 570 997 588 κοι-

206 612 321 647 νωνήσοι
337 610 442 645 σοφίας.
457 609 528 646 Πρὸς
541 609 595 644 γὰρ
606 609 714 636 τοιῶνδε
727 607 926 643 διδασκομένων
938 607 996 639 πῶς

205 658 241 686 ἂν
258 658 354 690 ἄλλως,
372 657 409 693 μὴ
421 657 482 692 οὐχὶ
504 656 538 683 τὰ
556 657 636 691 ὃμοια
652 657 708 687 τοῖς
722 654 891 686 διδασκάλοις
908 653 992 690 ζηλώ-

207 712 295 737 σαντι,
308 702 484 739 κατωρθοῦτο
503 703 534 729 τὺ
551 701 737 738 ὲπιτήδευμας
763 701 881 735 Ἕχομεν
901 700 932 735 δὴ
950 698 996 727 οὖν

206 750 276 787 πρὸς
306 751 363 782 τοῖς
386 748 628 784 καταλελεγμένοις
647 748 701 783 (70)
727 748 773 775 καὶ
791 748 854 779 τοὺς
870 746 991 782 Ἀράϐων

207 797 307 832 σοφοὺς
321 796 495 828 διδασκάλους
511 796 561 831 τῆς
586 796 657 822 κατὰ
679 795 728 831 τὴν
749 795 919 830 οἱωνιστικὴν
933 795 996 821 τάν-

205 843 270 880 δρὸς
281 844 435 879 ἐπιστήμης
445 851 451 858 ·
464 843 510 877 ἀφ’
527 840 561 878 ἧς
575 842 687 874 εἰκότως
700 841 871 877 ὁρμώμενος,
884 841 996 877 ’ὕστερόν

207 898 275 917 ποτε
290 889 335 916 τδν
347 889 485 925 στρουθὸν,
499 889 514 915 ὂ
527 897 553 915 τι
566 889 613 915 καὶ
627 887 756 923 βούλοιτο,
777 886 919 922 ξυγκαλῶν
934 886 997 918 τοὺς

207 935 332 973 ἑταίρους
358 936 405 962 ἐπὶ
427 936 542 971 τροφὴν,
572 933 733 971 προειπὼν,
755 933 847 969 θαῦμα
872 933 997 969 μέγιστον

207 982 339 1018 παρέχειν
352 981 424 1015 ἔδοξε
438 983 493 1013 τοῖς
508 980 633 1017 παροῦσι.
648 980 740 1017 Ταύτῃ
755 980 787 1016 δὴ
804 980 850 1007 καὶ¹
869 979 917 1015 τὴν
940 980 994 1006 άπ-

209 1029 386 1064 εσφαγμένην
398 1029 459 1055 ὅσον
472 1027 548 1054 οὔπω
560 1027 668 1054 λέαιναν
680 1027 737 1062 ἆμα
757 1027 813 1058 τοῖς
833 1025 904 1052 ὀκτὼ
927 1025 992 1052 σκύ-

209 1082 288 1109 μνοις
301 1073 371 1100 κατὰ
387 1074 436 1109 τὴν
454 1073 604 1108 Ἀσσυρίων
617 1072 675 1099 όδὸν
693 1071 873 1107 θεασάμενος,
886 1071 996 1104 αὐτίκα,

205 1119 248 1155 τῷ
264 1120 403 1156 μαθήματι
418 1119 578 1155 ξυμὸαλὼν,
597 1119 647 1154 τῆς
667 1118 798 1154 ἐσομένης
822 1117 896 1153 αὐτῷ
921 1118 996 1153 παρὰ

207 1166 328 1202 Πέρσαις
341 1165 480 1202 διατριϐῆς
491 1165 537 1192 τὸν
552 1165 646 1201 χρόνον
661 1164 854 1200 ἐμαντεύσατο.

1012 873 1033 900 Β

1048 249 1095 276 per
1112 241 1180 267 istos
1193 239 1299 266 Arabia:
1317 239 1432 274 populos
1448 239 1500 266 iler
1514 238 1628 272 faceret,
1644 240 1691 275 qui
1708 244 1735 268 et
1750 241 1837 268 scien-

1047 289 1083 314 tia
1103 291 1129 314 et
1140 294 1191 313 usu
1205 286 1265 320 ejus
1278 286 1316 312 rei
1337 285 1455 313 maxime
1467 285 1614 320 pollebant.
1631 285 1680 314 Est
1693 287 1767 314 enim
1785 288 1837 315 hoc

1046 333 1178 365 Arabum,
1195 337 1225 360 ut
1249 340 1351 368 cycnos
1370 332 1534 364 bodienum,
1557 333 1681 368 aliasque
1709 333 1836 361 fatidicas

1047 387 1112 407 aves
1122 380 1298 407 scisritcntur
1312 378 1425 411 perinde
1441 383 1523 413 atque
1538 380 1660 406 oracula.
1677 379 1836 414 Conjiciunt

1046 434 1112 453 vero
1132 427 1227 453 brutas
1247 433 1327 452 voces
1346 426 1495 452 draconum
1514 425 1596 460 pasti,
1613 430 1644 452 ut
1661 425 1706 452 alii
1727 430 1835 461 putant,

1047 472 1139 504 corde,
1164 475 1194 499 ut
1211 472 1268 504 alii,
1289 472 1397 507 hepate.
1417 482 1426 498 ›
1446 471 1496 499 Hic
1518 480 1617 507 nempe
1631 472 1745 500 omnino
1771 472 1837 500 dra-

1047 525 1157 549 conum.
1179 517 1236 544 sive
1248 524 1306 549 cor,
1319 517 1376 544 sive
1388 517 1472 552 hepar
1482 517 1694 553 Pythagoricum
1717 518 1805 551 illum,
1819 525 1836 545 a

1047 563 1122 590 victu
1135 563 1325 590 abhorrentem
1347 563 1538 595 animantium,
1557 567 1584 590 et
1603 571 1638 590 ne
1653 562 1706 590 diis
1721 563 1834 598 quidem

1047 611 1180 645 sanguine
1195 617 1251 637 rem
1286 617 1392 637 sacram
1415 609 1505 637 facere
1522 610 1715 642 sustinentem,
1732 610 1837 638 verosi-

1047 657 1111 684 mile
1127 661 1169 684 est
1183 655 1347 687 comedisse,
1364 663 1417 690 quo
1432 656 1537 683 scilicet
1547 656 1575 683 in
1593 656 1734 691 sapientiae
1747 656 1836 692 gentis

1047 700 1127 728 istius
1145 706 1237 735 partes
1256 701 1316 735 ipse
1329 707 1438 735 quoque
1455 701 1570 728 veniret.
1589 700 1669 736 Apud
1689 702 1836 737 magistros

1046 747 1118 773 enim
1140 746 1286 781 ejusmodi,
1307 753 1362 781 qua
1383 746 1435 772 alia
1452 746 1568 777 ratione,
1592 747 1644 774 nisi
1666 747 1759 775 eadem
1776 753 1837 782 qua

1047 797 1226 828 praeceptores
1252 791 1402 827 sequendo.
1427 792 1454 819 in
1480 791 1608 819 instituto
1629 800 1680 820 suo
1702 793 1836 828 proﬁcere

1046 838 1198 874 potuisset?
1219 838 1356 866 Tenemus
1372 839 1454 874 igitur
1468 839 1540 867 inter
1559 838 1698 874 Apollonii
1715 846 1834 874 praecep-

1047 889 1132 918 tores,
1151 892 1268 920 quorum
1285 885 1440 920 catalogum
1461 885 1597 918 dedimus,
1617 885 1737 912 Arabum
1751 885 1836 912 etiam

1049 931 1198 966 sapientes,
1213 931 1281 959 artis
1297 932 1446 966 auguralis,
1463 939 1517 966 qua
1529 931 1588 967 ipse
1610 931 1770 966 praestabat,
1786 930 1837 958 do-

1047 981 1138 1005 ctores
1152 985 1158 1002 :
1175 977 1265 1012 cujus,
1282 983 1311 1004 ut
1323 977 1477 1005 verosimile
1488 981 1541 1009 est,
1557 977 1726 1012 adjumento,
1741 981 1836 1012 postea

1047 1024 1194 1059 aliquando
1209 1023 1243 1051 de
1254 1024 1413 1058 passerculo
1423 1024 1456 1056 ¹⁸,
1473 1022 1539 1058 quid
1550 1023 1604 1051 sibi
1622 1023 1698 1056 velit,
1715 1022 1779 1050 dum
1791 1030 1836 1050 so-

1047 1070 1105 1098 cios
1124 1070 1158 1097 ad
1173 1073 1282 1104 pastum
1297 1069 1437 1102 invitaret,
1452 1069 1631 1101 vaticinatus,
1645 1076 1703 1096 rem
1717 1068 1836 1096 maxime

1048 1116 1201 1143 mirandam
1219 1119 1348 1150 praestare
1360 1115 1540 1151 praesentibus
1552 1115 1680 1142 omnibus
1691 1118 1734 1142 est
1744 1121 1833 1142 Visus.

1049 1162 1192 1195 Similiter,
1209 1170 1308 1190 caesam
1324 1163 1405 1190 modo
1419 1163 1544 1195 leaenam,
1558 1170 1613 1189 una
1633 1170 1697 1190 cum
1710 1166 1774 1189 octo
1789 1168 1836 1188 ca-

207 1213 285 1247 tulis,
302 1214 329 1241 in
349 1215 446 1241 itinere
460 1222 508 1249 per
529 1214 671 1248 Assyriam
696 1212 889 1247 conspicatus,
907 1210 992 1244 illico,
1012 1219 1046 1239 ex
1063 1213 1116 1239 isto
1127 1211 1313 1246 conjecturam
1343 1211 1448 1238 faciens
1460 1211 1482 1226 "
1501 1210 1678 1242 documento,
1705 1208 1837 1237 facienda!

207 1261 262 1290 sibi
275 1262 345 1298 apud
359 1261 457 1290 Persas
472 1269 555 1289 mora:
568 1266 675 1296 tempus
691 1261 827 1296 praedixit.

468 1321 667 1350 ΚΕΦΑΛΑΙΟΝ
688 1322 739 1348 iA‘.
803 1354 808 1360 .

251 1367 395 1396 Ἀκόλουθα
421 1368 449 1396 δὲ
470 1369 503 1404 τῇ
534 1369 610 1405 παρὰ
631 1369 686 1400 τοῖς
714 1366 850 1403 Ἀραϐίοις
877 1367 997 1404 φοιτήσει

208 1415 346 1452 ἐγχειρεῖν
360 1414 441 1442 αὐτὸν
456 1416 504 1442 καὶ
520 1415 596 1451 παρὰ
612 1414 732 1451 Πέρσαις
750 1415 765 1440 ὁ
781 1414 862 1447 αὐτὸς
880 1413 999 1450 ξυγγρα-

208 1461 278 1496 ιρεὺς
295 1461 404 1496 ἱστορεῖ.
420 1458 466 1496 Τῷ
480 1458 534 1495 γάρ
546 1468 587 1488 τοι
607 1460 714 1496 Δάμιδι,
728 1459 757 1492 ὃς
771 1460 850 1495 μόνος
869 1460 998 1496 φοιτητὴς

206 1502 244 1542 ἧν
258 1505 332 1541 αὐτῷ
351 1505 398 1532 καὶ
421 1506 537 1542 ἑταῖρος,
553 1506 745 1541 ἀπαγορεύσας
763 1506 819 1542 (71)
844 1505 918 1542 παρὰ
934 1506 997 1537 τοὺς

210 1553 316 1588 μάγους
333 1552 411 1584 ίέναι,
424 1552 502 1588 μόνος
514 1552 605 1586 αὐτὸς,
619 1553 657 1585 ὡς
674 1552 706 1579 ἂν
719 1553 756 1588 μὴ
773 1553 830 1588 μετ’
842 1551 997 1588 ἀγνώμονος

207 1597 310 1635 δηλαδὴ
325 1599 360 1626 τὰ
369 1599 419 1635 τῆς
433 1598 548 1634 μαγείας
564 1599 709 1634 μανθάνοι,
725 1597 895 1634 μεσημϐρίας
905 1607 946 1630 τε,
960 1598 997 1630 ὡς

206 1645 283 1680 ἀμφὶ
298 1643 383 1681 μέσας
396 1644 506 1677 νύκτας,
518 1644 568 1677 τὰς
583 1645 641 1680 μετ’
656 1644 743 1671 αὐτῶν
758 1645 875 1671 ἐποιεῖτο
890 1643 997 1679 σχολάς.

209 1689 275 1719 Ἔτι
287 1688 315 1717 δὲ
329 1689 469 1726 Οὐαρδάνῃ
485 1688 648 1725 Βαϐυλωνίῳ
667 1689 696 1721 ἐς
713 1686 808 1723 λόγους
824 1688 932 1715 ἐλθόντα
949 1688 997 1724 βα-

209 1735 292 1768 σιλεῖ,
301 1732 353 1764 ὢδέ
365 1745 424 1768 πως
437 1735 526 1770 λέγειν
541 1734 622 1762 αὑτὸν
641 1735 817 1771 παρατίθεται
827 1743 833 1749 ·
851 1744 860 1760 ε
874 1734 958 1769 Σοφία
970 1734 998 1761 δέ

210 1791 258 1819 μοι
284 1782 463 1818 Πυθαγόρου,
484 1781 585 1817 Σαμίου
619 1781 730 1816 ἀνδρὸς,
762 1779 791 1813 ὃς
817 1780 895 1812 θεοὺς
920 1780 1000 1817 θερα-

207 1826 306 1859 πεύειν
318 1827 374 1864 (72)
393 1824 445 1855 ὧδέ
462 1835 495 1863 με
511 1824 659 1859 ἐδιδάξατο,
672 1825 710 1857 ὡς
722 1825 778 1861 (75)
795 1824 912 1858 ξυνιέναι
925 1825 1000 1860 σφῶν

207 1874 358 1911 ὁρωμένων
371 1882 402 1901 τε
425 1874 472 1900 καὶ
483 1874 532 1909 οὐχ
553 1872 715 1908 ὁρωμένων·
740 1872 834 1907 φοιτᾷν
854 1880 884 1898 τε
898 1872 927 1904 ἐς
943 1871 1000 1898 δια-

209 1919 298 1952 λέξεις
312 1919 391 1946 θεῶν.
407 1929 416 1945 ›
427 1919 475 1951 Τίς
491 1916 512 1946 δ’
526 1918 599 1954 αὑτῷ
618 1917 703 1944 ταῦτα
717 1917 934 1954 ξυγχωρήσειενς
955 1919 1000 1945 ὅτε

211 1964 359 2000 Πυθαγόρᾳ
389 1965 437 2000 μὲν
462 1964 574 2000 οὐδεμία
593 1973 635 1996 τις
660 1964 770 2000 τοιαύτη
794 1963 1001 1992 καταλέλειπται

209 2010 316 2046 γραφὴ,
325 2010 377 2036 οὐδ’
390 2010 532 2046 ἀπόρρητά
541 2019 602 2037 τινα
614 2010 814 2045 ξυγγράμματα
824 2009 891 2045 (74),
899 2010 937 2042 ὡς
949 2010 1000 2038 κᾶν

210 2055 361 2091 ὑπονοῆσαι
378 2055 459 2083 αὐτὸν
471 2056 500 2088 ἐξ
512 2056 622 2082 ἐκείνων
635 2055 787 2091 ὁρμᾶσθαι·
800 2057 814 2082 ὁ
833 2055 861 2082 δέ
887 2065 918 2091 γε
931 2056 1001 2083 διδά-

212 2102 314 2134 σκαλος
327 2102 400 2138 αὺτῷ
413 2103 461 2138 τῆς
479 2101 550 2129 κατὰ
566 2101 727 2138 Πυθαγόραν
750 2102 909 2137 φιλοσοφίας
926 2102 1001 2129 οὐδέν

210 2157 241 2176 τι
256 2149 392 2185 διαφέρειν
410 2148 464 2175 τῶν
490 2148 682 2184 Ἐπικουρείων
703 2149 772 2184 πρὸς
790 2149 872 2176 αὐτοῦ
896 2156 1002 2185 μεμαρ-

1292 1313 1374 1349 519
1391 1313 1505 1342 CAPUT
1522 1313 1567 1342 XI.

1086 1363 1274 1392 Consentanca
1288 1367 1378 1391 autem
1388 1361 1538 1398 disciplinae
1551 1360 1622 1397 apud
1631 1359 1747 1394 Arabes,
1763 1358 1836 1396 apud

1050 1409 1149 1438 Persas
1164 1417 1273 1446 quoque
1289 1417 1449 1445 aggressum
1463 1416 1524 1435 eum
1539 1407 1635 1441 fuisse,
1657 1407 1728 1435 idem
1742 1411 1839 1434 auctor

1051 1460 1257 1484 commemorat.
1275 1454 1416 1482 Damidem
1438 1454 1523 1487 enim,
1540 1454 1587 1489 qui
1614 1453 1690 1481 solus
1714 1452 1765 1488 ipsi
1779 1456 1838 1481 erat

1049 1502 1201 1537 discipulus
1209 1502 1365 1536 sociusque,
1374 1500 1522 1536 prohibens
1535 1500 1569 1527 ad
1581 1506 1675 1534 magos
1683 1506 1797 1526 accessu
1804 1498 1836 1530 “,

1049 1549 1124 1576 solus
1137 1548 1205 1582 ipse,
1220 1546 1290 1583 (eam
1301 1547 1336 1574 ob
1350 1554 1462 1574 causam
1478 1545 1592 1578 scilicet,
1608 1553 1643 1573 ne
1656 1545 1743 1577 illum,
1756 1552 1837 1581 quem

1048 1594 1208 1631 planissime
1224 1593 1345 1628 liquebat
1360 1600 1451 1620 rerum
1469 1592 1636 1627 magicarum
1653 1592 1762 1627 penitus
1776 1599 1838 1619 esse

1048 1638 1437 1675 imperitum,condiscipulum
1448 1637 1584 1673 haberet,)
1599 1638 1673 1664 circa
1684 1637 1837 1668 meridiem,

1049 1687 1088 1713 uti
1103 1688 1130 1714 et
1143 1687 1217 1713 circa
1239 1684 1343 1712 medias
1366 1688 1474 1717 noctes,
1491 1691 1588 1712 eorum
1614 1684 1727 1711 scholas
1740 1683 1836 1712 obivit.

1048 1731 1236 1766 Praetereaque
1247 1730 1282 1758 ad
1292 1730 1425 1757 Bardanis
1439 1730 1582 1766 Babylonii
1599 1730 1672 1765 regis
1687 1728 1838 1757 admissum

1050 1777 1227 1812 colloquium,
1243 1776 1286 1803 his
1302 1776 1359 1803 fere
1383 1776 1474 1803 verbis
1489 1784 1570 1803 usum
1586 1783 1649 1803 eum
1661 1775 1747 1803 fuisse
1762 1774 1839 1812 [Phi-

1050 1822 1190 1860 lostratus]
1205 1822 1289 1850 rel'ert
1300 1821 1322 1838 "
1339 1832 1345 1850 :
1363 1831 1373 1848 ι
1392 1822 1560 1858 Sapientiam
1581 1826 1672 1850 autem
1689 1823 1839 1857 amplector

1050 1869 1210 1905 Pythagorae
1225 1868 1322 1902 Samii,
1337 1869 1382 1904 qui
1398 1874 1427 1897 et.
1439 1869 1529 1897 colere
1547 1869 1613 1897 deos
1628 1877 1671 1898 me
1684 1868 1721 1896 ita
1734 1869 1839 1903 docuit,

1050 1920 1179 1944 utmente
1193 1923 1240 1944 eos
1256 1916 1433 1951 complectar,
1447 1916 1504 1943 sive
1514 1915 1646 1943 videndos
1662 1923 1691 1944 se
1702 1916 1841 1951 praebeant

1052 1963 1110 1991 sive
1126 1964 1228 1995 minus,
1252 1963 1366 1998 pariter,
1391 1965 1474 1997 atque
1500 1961 1530 1988 in
1549 1961 1685 1997 colloquia
1700 1969 1763 1989 cum
1786 1962 1840 1990 diis

1052 2008 1225 2036 descendam.
1245 2017 1255 2034 ι
1269 2007 1323 2034 Sed
1339 2007 1410 2034 enim
1431 2006 1493 2042 quis
1510 2007 1563 2034 hoc
1588 2007 1629 2034 illi
1649 2007 1840 2036 concesserit?

1052 2055 1121 2083 Cum
1141 2053 1310 2090 Pythagoras
1333 2053 1394 2088 ejus
1415 2053 1524 2088 generis
1546 2053 1679 2088 scriptum
1699 2053 1841 2088 reliquerit

1052 2102 1168 2133 nullum,
1186 2107 1274 2135 neque
1289 2099 1400 2135 aliquod
1416 2099 1550 2134 scriptum
1566 2099 1626 2134 ejus
1651 2103 1740 2128 exstet
1759 2107 1840 2128 arca-

1053 2156 1118 2176 num
1128 2147 1225 2184 magis,
1243 2152 1273 2174 ut
1288 2147 1330 2174 vel
1345 2146 1481 2181 suspicari
1496 2145 1576 2174 liceat
1587 2146 1688 2177 talibus
1702 2155 1764 2175 eum
1775 2147 1841 2175 sub-

252 2229 275 2246 “
293 2230 339 2258 iib.
359 2238 403 2264 iv,
422 2237 446 2257 e.
463 2230 491 2258 2.
530 2231 553 2247 "
571 2231 619 2258 lib.
641 2239 665 2264 ι,
685 2238 711 2258 c.
729 2230 774 2258 22.
814 2232 836 2248 ”
856 2231 902 2258 lib.
919 2239 946 2263 ι,
963 2239 989 2259 c.
1005 2231 1052 2260 26.
1090 2231 1112 2247 "
1132 2231 1181 2259 lib.
1202 2238 1229 2264 I,
1251 2230 1295 2258 32.

252 2307 308 2344 (68)
324 2309 470 2345 Γιγνωσχ.
497 2317 528 2345 τε
552 2309 601 2335 καὶ
621 2316 724 2343 πραττ.
749 2310 832 2336 αὑτό.
857 2308 998 2340 Philostr.,

1052 2309 1138 2337 hanc"
1149 2309 1294 2337 lectionem
1310 2310 1452 2345 sequentia
1472 2313 1480 2335 ξ
1504 2306 1542 2341 ὡς
1564 2306 1597 2336 ἂν
1623 2310 1660 2345 μὴ
1677 2310 1741 2345 ’μετ’
1755 2308 1844 2344 ἀγνώ-

212 2344 421 2384 γιγνωσκόντων
427 2353 461 2384 ,τε
474 2344 538 2371 αὐτὸ
552 2345 598 2371 καὶ
610 2344 791 2379 πραττόντων,
808 2345 880 2380 quod
890 2345 998 2380 elegans

1056 2353 1136 2384 μόνος
1148 2351 1200 2372 etc.

215 2379 305 2407 magis
327 2380 392 2406 mihi
409 2379 525 2406 videtur.

254 2387 260 2405 I
283 2387 305 2406 Is
327 2387 392 2406 llllnl
409 2387 525 2406 videtur.

254 2387 309 2450 ($9)
325 2415 449 2450 κύκνων
465 2414 523 2449 ἤδη
543 2413 592 2441 καὶ
603 2414 694 2448 ὀρνίθ.
711 2413 851 2447 Philostr.,
876 2415 925 2450 ήδη
936 2423 1001 2450 γκοι-

215 2449 274 2481 νὺν,
291 2449 415 2484 ὀρνίθων,
432 2454 500 2481 etc.,
520 2450 590 2484 quod
606 2450 766 2484 :nagismihi
779 2449 924 2485 probatur.
935 2449 1001 2475 Nam

215 2490 245 2512 ct
259 2489 321 2519 post
332 2486 449 2519 speciem
470 2493 556 2519 genus
572 2485 707 2511 nominari
722 2492 775 2512 non
798 2486 865 2512 adeo
892 2493 1001 2512 conve—

214 2519 309 2552 niens,
324 2524 351 2547 et
362 2521 439 2555 cycni
457 2520 528 2547 inter
541 2521 684 2554 augurales
698 2528 763 2547 aves
774 2528 828 2548 nou
842 2520 911 2547 adeo
928 2520 999 2547 cele-

215 2555 293 2585 bres,
315 2555 369 2582 into
386 2563 522 2582 corvorum
541 2562 572 2582 ea
582 2556 618 2590 fin
635 2563 664 2582 re
679 2555 812 2582 celebrior
834 2563 914 2590 opera
932 2555 1003 2590 apud

215 2590 334 2652 Ara‘lzpf,
351 2594 380 2618 ut
391 2591 564 2618 observatum
580 2589 730 2626 Porphyrio
745 2590 783 2618 De
796 2590 878 2624 abst"
891 2590 939 2618 lib.
959 2597 1003 2623 ιιι,

216 2633 247 2652 n.
321 2645 328 2652 .

216 2633 454 2696 IL(I731).I’l'Izops-r
475 2661 510 2695 δὴ
536 2659 593 2688 οὖν
609 2658 659 2695 πρ.
681 2668 708 2688 τ.
727 2662 867 2688 καταλελ.
889 2659 951 2688 Haec
971 2668 1005 2688 eo

215 2699 356 2730 spectant,
372 2697 443 2732 quod
460 2698 512 2723 ista
529 2696 563 2723 de
578 2697 712 2723 Arabibus
727 2697 884 2724 narratione
894 2699 1005 2732 contra-

216 2732 294 2758 dicat
316 2732 366 2758 sibi
381 2731 442 2766 'ipsi
459 2731 651 2762 Philostratus,
674 2739 737 2758 cum
760 2732 822 2758 alibi
842 2731 1003 2766 sapientiam

215 2766 356 2802 Apollonii
367 2767 554 2794 αὐτοδίδακτον
567 2774 628 2795 esse
638 2770 749 2794 statuat.
762 2767 839 2799 Quod
851 2766 932 2802 paulo
941 2770 1005 2793 ante

217 2801 246 2831 ei
262 2802 467 2836 exprobratum,
480 2810 505 2829 c.
520 2803 547 2831 9.

257 2836 315 2873 (τί)
336 2838 561 2873 Ἀπαγυρεύσας.
577 2838 615 2865 lta
630 2836 774 2873 legendum
790 2845 851 2866 esse
867 2837 924 2865 sole
943 2837 1003 2864 cla-

219 2872 300 2906 rius,
316 2873 339 2900 si
371 2872 461 2902 locum
485 2873 642 2902 Philostrati
662 2872 814 2909 conferas,
838 2873 1003 2908 ﬁrmantque

1218 2346 1340 2378 Quorum
1357 2345 1451 2373 nullus
1466 2353 1528 2372 esse
1542 2349 1631 2379 potest
1647 2352 1755 2376 sensus,
1770 2345 1793 2372 si
1804 2352 1844 2372 re-

1054 2379 1191 2407 tineamus
1211 2380 1356 2408 lectionem
1377 2380 1553 2415 depravatam
1575 2380 1710 2407 editorum
1732 2381 1779 2414 qui
1794 2379 1845 2407 ha-

1054 2415 1127 2450 bent
1136 2415 1365 2450 ἀπαγορεύσαντι.

1090 2449 1145 2485 (72)
1163 2449 1253 2483 Θεοὺς
1270 2451 1452 2484 θεραπεύειν.
1468 2449 1652 2478 Philostratus
1667 2449 1846 2485 omittitipar—

1052 2484 1165 2512 ticulam
1186 2493 1216 2511 τε
1236 2493 1317 2520 quam
1337 2485 1382 2512 hic
1400 2486 1528 2513 insertam
1547 2486 1647 2512 habent
1667 2485 1740 2512 edita
1759 2484 1845 2513 Euse-

1052 2521 1146 2552 biana,
1161 2521 1258 2548 melius
1273 2527 1332 2548 eam
1345 2528 1399 2556 rego
1414 2528 1522 2556 quoque
1539 2521 1627 2548 omitti
1643 2525 1746 2556 putem,
1759 2520 1798 2547 illi
1813 2528 1844 2548 τε

1057 2556 1129 2582 enim
1147 2556 1215 2583 nihil
1236 2555 1392 2590 respondet,
1410 2555 1437 2583 ei.
1463 2555 1604 2591 sequentia
1629 2555 1683 2582 duo
1698 2555 1758 2582 cola
1774 2556 1846 2583 inter

1057 2598 1087 2618 se
1103 2591 1205 2618 rectius
1220 2591 1265 2617 illa
1283 2591 1416 2625 particula
1432 2591 1594 2626 junguntur,
1609 2594 1740 2625 tanquam
1754 2596 1845 2625 partes

1057 2626 1225 2654 continentia
1249 2628 1351 2658 cultus,
1373 2625 1454 2661 quem
1477 2625 1495 2653 εἰ
1525 2625 1685 2662 Pythagora:
1710 2625 1846 2660 sapientis

1058 2668 1088 2688 se
1099 2663 1237 2697 accepisse
1252 2662 1303 2697 ait.

1094 2696 1150 2731 (75)
1164 2695 1234 2729 "ac.
1251 2696 1380 2724 Philostr.
1398 2695 1480 2723 habet
1494 2695 1551 2724 καί.

1095 2730 1152 2767 (74)
1177 2732 1339 2766 Ἀπόρρητά
1347 2739 1414 2759 τινα
1428 2730 1648 2767 ξυγγράμματα.
1660 2730 1724 2759 H.e.
1743 2731 1847 2767 scripta

1058 2766 1146 2794 variis
1165 2767 1313 2794 involucris
1333 2775 1443 2795 sensum
1465 2766 1644 2799 involventia,
1664 2771 1695 2793 ut
1720 2766 1848 2795 solebant

1058 2802 1190 2837 symbolis
1205 2803 1262 2830 suis
1277 2803 1316 2829 uti
1338 2803 1371 2830 ad
1393 2802 1523 2837 tegendas
1536 2802 1693 2837 reconditas
1708 2802 1848 2830 doctrinae

1057 2836 1303 2876 illi_phi_losophi,_
1323 2836 1501 2874 symboiicam
1530 2837 1629 2866 imitati
1655 2836 1850 2876 Egyptiorum'

1049 2873 1216 2916 _sapientiam
1231 2873 1356 2908 passim.‘
