2099 3217
194 229 247 257 817

755 228 857 256 LIBER
875 227 1013 256 CONTRA
1033 226 1242 256 HIEROCLEM.

193 289 249 314 νεῖν
263 286 361 317 ἔπεισι,
377 287 423 314 καὶ
441 286 489 322 τὴν
505 286 568 323 περὶ
582 285 675 314 τούτου
690 287 781 315 πίστιν
803 289 898 319 αἰτεῖν,
915 288 976 315 οὐδὲ

1030 292 1089 315 ctro
1107 287 1285 322 "inquirere,
1301 286 1414 320 ejusque
1429 288 1588 320 argumenta
1604 288 1633 312 ut
1647 285 1709 313 edat
1723 289 1819 320 postu-

192 333 248 360 τῶν
269 332 333 368 παρ’
348 332 422 368 αὐτῷ
440 332 546 359 κύκνων
562 333 610 365 τὰς
631 333 790 367 ἀποδείξεις,
806 333 852 365 οὓς
866 334 977 368 γελοίως

192 378 336 406 τίκτουσαν
349 378 429 405 αὑτὸν
442 377 489 414 τὴν
504 379 610 414 μητέρα
622 379 669 406 καὶ
680 380 842 415 περιστῆσαι
853 379 918 415 (85),
932 380 978 407 καὶ

195 424 338 461 μαιοῦσθαι
351 425 461 460 ἱστορεῖ.
484 424 552 451 Ἀλλ’
569 425 629 452 οὐδὲ
645 425 709 462 περὶ
724 425 770 452 τοῦ
786 425 908 462 σκηπτοῦ
923 426 978 462 (84)

193 469 357 506 μυθολογίας
370 470 416 497 τὸν
434 471 558 506 μάρτυρα
579 471 709 506 παρέχειν
731 471 808 504 ἀξιῶ.
826 472 863 498 Οὺ
877 472 930 508 γὰρ
946 472 978 507 δὴ

192 514 241 542 καὶ
257 515 368 546 τούτων,
385 515 422 547 ὼς
437 515 498 550 ἔφη,
517 515 603 550 Δάμις
618 516 683 551 ἡμῖν
706 515 838 552 ξυνίστωρ
852 516 906 551 (85)
929 516 980 551 ἀφ-

193 559 288 594 ίξεται,
304 559 400 595 μακρῷ
409 560 520 596 ὕστερον
535 561 564 586 ἐν
577 560 650 596 Νίνῳ
663 561 711 596 τῆς
730 560 871 597 Ἀσσυρίας
886 560 980 596 τάνδρὶ

193 605 324 641 ξυνάψας.
348 605 419 640 Ἐγὼ
438 606 486 641 μὲν
502 604 548 632 οὖν
565 604 593 633 εὖ
614 606 685 642 μάλα
708 606 854 642 προθύμως
870 608 926 638 τοῖς
942 607 980 632 εί-

191 652 253 678 κόσι
266 661 296 679 τε
317 652 364 678 καὶ
380 651 508 686 ἀληθείας
532 652 671 687 ἐχομένοις
693 651 863 687 πειθόμενος,
887 653 911 679 εἰ
933 652 981 679 καὶ

193 698 306 734 μείζονά
319 707 379 725 τινα
391 698 452 725 καθ’
470 698 619 734 ὑπερϐολὴν
633 699 661 730 ἐς
675 698 784 725 ἔπαινον
800 698 895 734 ἀνδρὸς
914 700 981 733 ἁγα-

192 744 241 771 θοῦ
269 745 368 779 λέγοιτ’
389 745 432 777 ἂν,
460 744 543 771 πιστὰ
570 745 617 772 καὶ
647 745 818 780 παραδεκτέα
842 743 909 771 εἶναι
937 753 981 780 μοι

190 790 275 822 δοκῶ,
291 791 332 824 ὅτι
354 790 391 826 μὴ
418 790 485 826 μόνα
504 790 538 816 τὰ
562 790 700 827 τερατώδη
723 791 770 818 καὶ
795 790 877 826 λήρου
900 790 980 818 πλέα.

191 836 297 863 Οὔκουν
317 835 454 872 φθονείην,
477 837 504 863 εῐ
523 845 603 872 φησιν
626 837 641 862 ὸ
661 836 833 872 ξυγγραφεὺς
849 836 927 870 γένος
951 844 981 862 τε

191 883 315 918 ἀρχαῖον,
328 883 374 909 καὶ
389 882 443 909 τῶν
456 882 582 909 οἰκιστῶν
597 882 751 918 ἀνημμένον
767 882 805 918 τῷ
816 882 892 918 ἀνδρὶ
907 890 982 917 γεγο-

191 928 268 955 νέναι
277 936 284 943 ·
299 929 346 954 καὶ
359 928 482 955 πλουτῶν
493 929 518 954 εἰ
531 927 617 960 οὕτως
633 928 726 964 ἔτυχεν
739 928 808 964 ὑπὲρ
822 929 885 960 τοὺς
899 929 982 963 ἐγχω-

1030 333 1098 364 lare.
1116 337 1145 360 ut
1158 333 1234 364 item,
1250 332 1283 360 de
1294 332 1390 368 cycnis
1401 339 1462 366 qua:
1479 332 1560 358 habet
1576 331 1609 364 ιο,
1622 332 1736 366 probet,
1749 338 1819 367 quos

1028 378 1145 406 ridicule
1161 382 1275 405 matrem
1298 378 1370 412 ejus,
1399 378 1488 412 ipsum
1507 377 1562 412 jam
1587 377 1748 413 parientem.
1763 377 1819 405 cir-

1031 424 1216 455 cumstetisse,
1229 424 1307 459 eique
1330 423 1516 451 obstetriciam
1535 424 1694 458 praestitisse
1706 431 1817 459 operam

1030 474 1134 497 narrat.
1162 469 1219 496 lino
1234 476 1323 504 neque
1349 473 1378 496 ut
1396 468 1494 496 fabulae
1507 469 1529 484 "
1547 469 1580 496 de
1597 469 1709 497 fulmine
1720 473 1816 497 testem

1031 514 1165 550 producat
1176 519 1283 549 expeto.
1305 513 1399 549 Neque
1420 515 1492 542 enim
1515 514 1628 541 istorum
1644 514 1724 541 etiam
1752 522 1818 541 con-

1031 559 1106 588 scius
1122 560 1224 590 Damis.
1239 559 1272 586 ad
1295 567 1375 594 quem
1405 560 1573 594 provocavit,
1591 559 1670 587 nobis
1688 559 1817 595 prodibit,

1030 607 1076 641 qui
1092 606 1139 634 diu
1164 610 1226 642 post
1251 606 1361 634 demum
1389 605 1463 638 Nini,
1479 606 1597 642 Assyriae
1612 606 1689 639 urbe,
1715 606 1774 634 viro
1787 614 1818 634 se

1031 653 1166 687 adjunxit.
1185 652 1287 688 Nempe
1309 659 1359 687 ego
1371 651 1478 687 quidem
1494 652 1681 680 lubentissime
1692 653 1819 687 probabi-

1030 698 1101 725 libus
1112 698 1203 729 rebus,
1214 703 1241 726 et
1253 698 1286 724 ad
1305 706 1397 725 verum
1407 698 1519 733 propius
1534 697 1726 726 accedentibus
1740 698 1818 726 ﬁdem

1031 744 1145 775 habens.
1162 744 1224 771 licet
1247 744 1328 772 etiam
1355 743 1476 779 quazdam
1502 743 1644 779 magniﬁce
1659 744 1755 779 magis.
1770 752 1819 780 per

1032 789 1282 825 exaggerationem,
1299 789 1331 816 ad
1348 789 1614 817 commendationem
1633 790 1682 817 viri
1700 790 1763 828 boni
1777 789 1819 816 af-

1032 834 1166 866 ferantnr,
1195 842 1227 861 ea
1257 834 1393 862 credenda
1410 842 1471 862 esse
1495 834 1736 869 ainpleetendaque
1751 834 1817 861 mihi

1033 879 1195 915 persuadeo,
1212 881 1292 908 modo
1303 887 1337 907 ne
1359 885 1513 907 monstrosa
1531 880 1587 907 sint
1616 880 1705 915 plane,
1722 885 1747 907 et
1763 884 1820 907 sto-

1033 926 1095 954 lidis
1112 927 1247 962 ﬁgmentis
1268 926 1377 954 referta.
1396 925 1488 961 Neque
1503 926 1570 953 adeo
1585 925 1730 957 invideam,
1746 925 1818 961 quod

191 974 268 1010 ρίους
283 974 407 1007 ἅπαντας
418 983 424 990 '
440 974 608 1002 διδασκάλων
625 983 664 1007 τε,
689 975 747 1002 νέον
764 975 837 1007 ὕντα,
856 975 886 1001 οὐ
902 975 979 1010 μόνον

1032 973 1105 999 dicat
1124 972 1282 1004 historicus,
1310 980 1396 1008 genus
1425 980 1486 1000 esse
1511 973 1569 999 viro
1583 973 1723 1007 antiquum
1735 972 1776 1004 ",
1792 975 1818 999 et

188 1019 246 1048 τῶν
269 1020 460 1057 δεδηλωμένων
487 1022 588 1056 τυχεῖν,
612 1020 679 1052 ἀλλ’,
702 1022 726 1047 εἰ
747 1021 829 1052 δοκεῖ,
846 1020 893 1047 κα)⁸
917 1019 979 1047 τοὺ-

189 1075 246 1093 των
260 1065 313 1102 (86)
329 1067 409 1093 αὑτὸν
423 1066 580 1093 διδάσκαλον
594 1067 640 1093 καὶ
657 1066 815 1103 καθηγητὴν
829 1066 977 1101 γεγονέναι.

192 1113 284 1139 Ἔστω
301 1113 323 1139 δ’
339 1113 385 1139 ἐπὶ
402 1113 507 1144 τούτοις
529 1113 657 1149 ἐντρεχὴς
670 1114 716 1140 καὶ
732 1113 765 1140 τὰ
782 1113 870 1145 κοινὰ,
885 1112 922 1144 ὼς
934 1112 980 1138 τὸν

188 1158 221 1190 ἐς
245 1158 407 1195 Ἀσκληπιοῦ
423 1158 569 1196 θεραπείας
586 1159 665 1194 χάριν
680 1159 842 1195 ἀφιγμένον.
858 1159 902 1186 διὰ
910 1158 980 1194 γνώ-

190 1212 248 1240 μης
272 1204 386 1240 ἀρίστης
411 1203 563 1237 ἀπαλλάξαι
588 1204 638 1238 τῆς
661 1204 824 1240 ἀρρωστίας.
850 1203 979 1231 Νοσοῦντι

187 1249 286 1284 γὰρ’δὴ
303 1249 398 1286 ὑδέρου
421 1249 513 1281 πάθει,
537 1248 705 1284 κατάλληλον
729 1249 891 1285 ἐγκρατείας
917 1249 980 1275 ὑπο-

188 1295 284 1322 θέσθαι
304 1295 408 1322 δίαιταν
430 1295 468 1331 τῷ
483 1295 623 1331 κάμνοντι,
639 1296 685 1322 καὶ
709 1295 794 1331 ταύτῃ
815 1295 895 1322 αὑτὸν
917 1295 981 1330 ὑγιᾶ

188 1341 372 1376 καταστῆσαι,
385 1341 433 1369 καὶ
452 1341 538 1376 τούτῳ
551 1350 583 1376 γε
599 1342 647 1377 τῆς
663 1342 818 1377 φρονήσεως
834 1341 980 1369 ἀποδεκτὸν

187 1387 221 1415 τὸ
240 1387 392 1425 μειράκιον.
402 1388 455 1415 Kal.
471 1387 509 1420 ὡς
522 1387 567 1414 τὸν
583 1387 735 1419 πολυτελῶς
748 1388 802 1423 (87)
826 1387 899 1415 θύειν
910 1397 981 1424 παρ-

190 1433 394 1469 εσκευασμένον
413 1430 511 1469 εἷρξεν,
526 1431 569 1459 οἷα
586 1433 657 1464 εἰκὸς
677 1433 722 1459 ἐπὶ
738 1434 821 1469 κακίᾳ
840 1433 981 1470 διαϐεϐοη-

190 1480 293 1516 μένονο
323 1479 369 1506 καὶ
394 1479 448 1514 γὰρ
470 1479 502 1514 δὴ
529 1480 575 1506 καὶ
603 1479 657 1506 τῶν
685 1479 825 1514 ἐγχωρίων
852 1479 979 1506 ἁπάντων

158 1557 162 1560 ν
188 1522 392 1550 πλουσιώτατόν
405 1523 458 1558 (88)
475 1531 505 1549 τε
522 1523 568 1550 καὶ
584 1523 814 1558 περιφανέστατον
827 1524 907 1550 αὐτὸν
919 1524 981 1550 ὐπο-

186 1568 304 1596 τίθεται,
322 1569 378 1596 Kal.
397 1570 425 1595 ὲν
445 1568 565 1605 σώφροσι
578 1569 600 1595 δ’
617 1569 697 1595 αὑτὸν
711 1568 807 1603 φθόνος
822 1570 908 1602 οὐδεὶς
919 1570 982 1596 ἀνα-

186 1615 318 1651 γράφειν,
332 1616 373 1641 ὅτι
390 1624 418 1642 τε
434 1615 500 1651 πρὸς
516 1615 561 1641 τὸν
574 1614 700 1651 ἐραστὴν,
714 1615 882 1651 πειρώμενον
897 1615 979 1642 αὑτοῦ

185 1662 241 1697 τῆς
255 1661 338 1696 ὥρας,
359 1660 583 1696 διελοιδορήσατο,
604 1661 652 1687 καὶ
663 1662 820 1695 γυναικείας
836 1662 876 1687 ὅτι
893 1661 978 1688 καθα-
993 1652 1014 1681 C

193 1708 242 1744 ρδν
264 1708 358 1734 ἑαυτὸν
377 1707 475 1743 μίξεως
496 1707 540 1734 διὰ
562 1707 665 1740 τέλους,
690 1708 728 1740 ὡς
749 1709 763 1734 ὁ
785 1708 864 1742 λόγος
887 1708 979 1743 φησὶν,

189 1755 291 1790 ἤγαγε.
304 1754 390 1780 [Ima
407 1754 430 1781 δ’
450 1754 520 1781 ἔστω
540 1755 587 1781 καὶ
607 1754 639 1780 τὰ
655 1754 706 1789 τῆς
728 1754 890 1786 πενταετοῦς
909 1755 980 1782 κατὰ

188 1799 354 1835 Πυθαγόραν
369 1800 473 1835 σιωπῆς
489 1800 582 1832 αὑτοῦ,
597 1801 644 1827 καὶ
664 1800 707 1831 τὰ,
731 1801 804 1832 ὅπως
818 1800 918 1836 ταύτην
937 1801 978 1828 δι-

187 1847 301 1881 ήνυσεν,
317 1845 427 1872 ἐπαίνου
443 1846 514 1878 ἄξια.
532 1845 624 1872 Ταῦτα
633 1845 674 1881 δὴ,
684 1846 731 1872 καὶ
747 1846 798 1872 ὅσα
812 1846 924 1872 τοιαῦτα
935 1847 980 1874 ἀν-

187 1891 325 1927 θρώπινα,
343 1892 389 1918 καὶ
400 1892 437 1923 ὼς
449 1891 556 1927 ἀληθῶς
571 1891 728 1926 φιλοσοφίας
744 1892 789 1918 καὶ
806 1891 933 1927 ἀληθείας
949 1893 978 1919 οὺ

186 1939 297 1973 πόρρω,
313 1937 413 1973 δέχοιμ*
428 1937 471 1969 ἂν,
491 1939 555 1974 περὶ
575 1937 671 1965 πολλοῦ
688 1938 718 1964 τὸ
729 1937 869 1974 εὔγνωμον
882 1947 912 1965 τε
934 1939 980 1965 καὶ

187 1983 336 2019 φιλάληθες
352 1984 513 2020 τιμώμενος.
535 1984 571 2010 Τό
583 1984 614 2018 γέ
628 1992 669 2010 τοι
692 1985 815 2020 κρεῖττον
835 1983 978 2020 ἀνθρώπου

185 2029 240 2065 τὴν
252 2030 332 2064 φύσιν
352 2030 535 2062 ὑποτίθεσθαι,
552 2031 598 2057 καὶ
621 2030 695 2065 παρὰ
715 2030 797 2061 πόδας
820 2030 875 2065 (89)
899 2031 978 2057 ἐναν-

185 2075 330 2110 τιολογεῖν,
353 2076 403 2109 τῆς
426 2085 455 2102 τε
483 2076 606 2112 δοθείσης
625 2077 790 2111 ἀμνημονεῖν
813 2075 976 2109 ὑποθέσεως,

185 2121 262 2158 ἔχειν
275 2122 356 2157 ψόγον
372 2122 416 2154 ἂν,
432 2123 479 2149 καὶ
499 2123 623 2158 διαϐολὴν
638 2123 710 2158 αὐτῷ
730 2132 760 2149 τε
780 2123 819 2158 τῷ
834 2123 975 2160 γράφοντι,

186 2168 238 2195 καὶ
254 2167 321 2195 πολὺ
332 2166 469 2204 ’πρότερον
489 2168 527 2204 τῷ
542 2168 716 2204 γραφομένῳ,
735 2168 878 2204 περιάψειν
894 2167 974 2204 ἡγοῦ-

188 2222 253 2248 μαι.

1031 1018 1103 1054 quod
1120 1018 1147 1045 in
1171 1018 1274 1053 primos
1303 1018 1460 1046 conditores
1476 1017 1593 1054 [patriae]
1606 1018 1721 1045 desinat.
1739 1017 1816 1051 Quod

1033 1064 1096 1091 item
1112 1064 1211 1091 civium
1230 1064 1351 1091 omnium
1366 1063 1531 1091 ditissimum
1549 1063 1615 1091 licat
1631 1063 1731 1091 fuisse:
1747 1071 1817 1099 prae-

1031 1114 1210 1145 ceptoresque
1224 1111 1246 1126 "
1267 1110 1468 1138 adolescentem
1488 1118 1542 1138 non
1569 1110 1738 1138 clarissimos
1758 1116 1818 1137 tan-

1029 1160 1087 1183 tum
1112 1164 1173 1184 esse
1200 1160 1323 1188 nactum,
1350 1164 1445 1184 verum
1464 1157 1557 1188 etiam,
1589 1157 1611 1184 si
1636 1157 1673 1184 ita
1700 1157 1816 1192 placeat.

1029 1210 1123 1230 eorum
1136 1203 1224 1238 ipsum
1236 1203 1397 1238 magistrum
1418 1203 1558 1231 exstitisse
1575 1206 1656 1238 atque
1667 1203 1816 1234 doctorem.

1030 1250 1095 1278 Esto
1107 1256 1196 1278 autem
1212 1255 1353 1286 pra'terea,
1371 1252 1452 1278 etiam
1469 1250 1496 1279 in
1515 1251 1595 1278 rebus
1607 1251 1764 1286 [ordinariis
1778 1248 1816 1286 et]

1030 1297 1187 1332 vulgaribus
1204 1305 1286 1332 sagax
1304 1305 1310 1323 :
1327 1296 1364 1323 ita
1384 1301 1413 1324 ut
1429 1297 1463 1324 ad
1494 1297 1664 1332 Asclepieum
1676 1288 1818 1324 medicina!

1031 1350 1115 1370 causa
1132 1343 1305 1370 act-edentem
1325 1343 1359 1375 “,
1373 1343 1476 1378 optimo
1488 1344 1603 1371 consilio
1615 1343 1648 1370 ab
1657 1343 1819 1379 aegritudine

1031 1388 1153 1416 liberarit
1178 1388 1273 1424 (Aquae
1296 1388 1439 1417 intercutis
1462 1389 1535 1416 enim
1560 1390 1656 1417 morbo
1671 1390 1816 1420 laboranti,

1030 1433 1239 1461 convenientem
1268 1442 1341 1470 aegro
1357 1435 1385 1462 in
1414 1434 1487 1473 victu
1511 1436 1720 1470 temperantiam
1745 1435 1818 1471 quod

1031 1480 1199 1514 praeceperit,
1225 1488 1343 1516 eumque
1369 1481 1436 1509 adeo
1462 1481 1613 1509 restituerit
1631 1481 1754 1514 sanitati,
1783 1482 1818 1510 ob

1031 1525 1082 1553 hoc
1108 1533 1217 1560 quoque
1245 1527 1396 1562 prudentize
1418 1527 1634 1564 [argumentunﬂ
1664 1528 1818 1556 laudandus

1030 1572 1212 1608 adolescens);
1240 1573 1276 1600 ita
1293 1573 1386 1609 [porro
1410 1574 1439 1601 in
1465 1574 1547 1602 rebus
1562 1575 1720 1609 vulgaribus
1734 1583 1819 1611 sagax

1031 1617 1077 1654 sit]
1101 1623 1137 1645 'ut
1151 1623 1178 1646 et
1201 1619 1343 1654 magniﬁce
1361 1620 1447 1647 sacris
1470 1624 1627 1655 operantem
1651 1620 1771 1655 abegerit
1782 1620 1816 1654 ’⁸,

1030 1666 1131 1701 quippe
1145 1665 1246 1693 aﬂ'atim
1262 1666 1297 1693 ob
1305 1666 1371 1693 vitia
1386 1666 1518 1694 famosum
1541 1666 1649 1702 (nempe
1678 1666 1816 1694 hominem

1030 1715 1061 1738 ut
1088 1712 1208 1747 regionis
1235 1711 1307 1739 illius
1338 1712 1455 1739 maxime
1481 1712 1590 1739 divitem
1621 1715 1817 1747 repraesentat,

1029 1757 1202 1792 maximeque
1213 1757 1419 1792 conspicuum);
1434 1765 1521 1793 neque
1530 1757 1665 1784 invideam
1681 1758 1708 1784 in
1720 1757 1818 1786 castis-

1030 1803 1107 1832 simis
1121 1811 1183 1831 eum
1204 1803 1322 1835 censeri,
1353 1804 1482 1839 quodque
1509 1807 1644 1831 amantem
1659 1804 1693 1835 ",
1710 1807 1816 1831 aetatem

1031 1849 1091 1883 ejus
1105 1856 1282 1884 corrumpere
1297 1852 1460 1882 tentantem,
1479 1849 1655 1884 objurgatum
1670 1848 1815 1883 repulerit;

1030 1894 1103 1930 quod
1123 1895 1186 1921 item
1201 1901 1216 1921 ιι
1236 1894 1362 1921 muliebri
1391 1895 1558 1922 commercio
1585 1901 1681 1929 puram
1697 1902 1815 1930 semper,

1031 1942 1061 1966 ut
1075 1939 1190 1966 historia
1203 1938 1287 1966 refert
1298 1938 1332 1970 ’⁷,
1348 1940 1432 1966 vitam
1458 1940 1553 1975 egerit.
1570 1939 1663 1967 Fidem
1674 1940 1756 1968 etiam
1774 1940 1816 1967 in-

1030 1985 1150 2016 veniant,
1167 1992 1227 2019 quae
1240 1985 1273 2012 ad
1284 1984 1479 2022 [observatum]
1500 1986 1550 2021 ipsi
1562 1986 1640 2020 juxta
1655 1985 1817 2022 Pythagora:

1035 2032 1157 2059 instituta
1169 2032 1356 2067 quinquennio
1372 2033 1508 2059 silentium
1522 2037 1645 2067 spectant
1655 2033 1688 2064 ’⁸,
1699 2036 1727 2059 et
1741 2033 1818 2067 quid-

1034 2074 1110 2110 quid,
1127 2075 1190 2102 dum
1207 2076 1270 2103 illud
1283 2076 1377 2108 obivit,
1388 2075 1466 2104 laude
1482 2071 1676 2112 fecitdiguum.
1687 2076 1758 2110 Hmc,
1773 2077 1816 2104 in—

1035 2128 1126 2155 quam,
1135 2124 1163 2148 et
1171 2121 1301 2156 quidquid
1313 2121 1372 2155 ejus
1384 2127 1425 2149 est
1435 2122 1551 2156 generis,
1560 2121 1707 2150 humanam
1717 2127 1816 2150 sortem

1034 2175 1088 2195 non
1108 2167 1265 2196 excedentia
1278 2189 1285 2200 ,
1304 2167 1382 2202 521
1407 2171 1434 2195 et
1459 2176 1529 2195 verae
1557 2168 1736 2203 philosophiae
1753 2176 1820 2195 con-

1031 2219 1173 2248 sentanea,
1191 2223 1279 2250 neque
1299 2215 1382 2243 nimis
1398 2214 1432 2243 ab
1447 2215 1504 2250 ipsa
1516 2216 1629 2243 veritate
1644 2215 1743 2247 aliena,
1762 2223 1818 2242 non

186 2259 293 2286 invitus
310 2259 486 2292 admiserim;
505 2259 595 2295 magni
613 2267 678 2287 sane
695 2259 841 2287 candorem
858 2259 974 2292 faciens,
995 2265 1022 2288 et
1039 2261 1159 2288 studium
1178 2261 1312 2289 veritatis.
1325 2260 1361 2287 At
1370 2268 1434 2288 vero
1449 2261 1568 2288 hominis
1597 2260 1671 2288 illius
1699 2259 1817 2288 indolem

185 2306 310 2334 humana
332 2307 460 2342 majorem
478 2307 588 2343 ﬁngere,
605 2308 752 2343 statimque
766 2308 818 2337 sibi
835 2308 886 2344 ipsi
904 2309 1104 2343 contradicere,
1118 2312 1145 2336 et
1177 2317 1273 2344 parum
1289 2316 1437 2336 memorem
1458 2317 1520 2337 esse
1547 2314 1628 2336 antea
1655 2308 1818 2344 positorum,

225 2383 314 2420 'f_l'tl).
332 2392 356 2416 ι,
374 2393 398 2411 c.
415 2385 442 2412 4.
481 2386 504 2401 ¹⁰
524 2385 570 2412 lib.
592 2386 661 2416 n',c.
680 2385 706 2412 5.
745 2386 841 2413 “ibid.
880 2386 902 2403 “
922 2386 969 2414 ιιι).

1035 2394 1058 2414 c.
1080 2386 1108 2413 4.
1146 2387 1169 2402 ⁸³
1189 2386 1235 2414 lib.
1252 2395 1278 2420 ι,
1297 2395 1321 2414 c.
1339 2387 1365 2414 ὅ.

1412 2387 1436 2403 ιι
1460 2387 1506 2414 lib.
1528 2395 1553 2419 ι,
1574 2394 1599 2413 c.
1616 2385 1643 2413 9.
1681 2386 1703 2401 η
1724 2385 1772 2412 lib.
1790 2391 1817 2419 ι,

185 2426 214 2447 c.
234 2418 277 2445 ιο.
315 2420 338 2435 ’⁸
356 2421 403 2447 lib.
423 2428 449 2452 ι.
465 2429 491 2448 c.
509 2420 552 2447 12.
591 2421 612 2436 ’⁷
632 2422 678 2449 lib.
699 2430 722 2453 ι,
740 2429 765 2449 c.
783 2422 826 2449 15.
863 2421 886 2437 ’⁸
906 2422 952 2450 lib.
971 2430 978 2449 ι

1029 2430 1046 2449 :.
1064 2422 1096 2449 Μ
1109 2426 1136 2449 et
1154 2421 1197 2449 l6.

225 2496 283 2530 (85)
301 2497 491 2531 Περιστῆσαι.
507 2497 684 2526 Restituenda
701 2507 735 2527 ex
750 2498 916 2528 Philostrato
926 2508 976 2527 vox

186 2532 251 2561 fuit.
268 2540 329 2566 quae
344 2533 482 2559 exciderat
502 2534 529 2560 in
544 2535 634 2561 editis.

224 2568 282 2604 (ξι)
300 2567 354 2594 Τοῦ
377 2569 523 2604 σκηπτοῦ.
548 2568 704 2604 Legendum
729 2570 775 2596 τοῦ
799 2571 930 2604 σκηπτοῦ,
947 2575 976 2598 ιιι

186 2611 222 2630 ex
241 2601 306 2637 Reg.
326 2611 376 2629 ms.
393 2608 419 2629 et
444 2601 609 2630 Philostrato
631 2605 814 2633 emendaram.
837 2601 974 2633 “01.51524.

186 2638 298 2678 Nempe
309 2638 336 2664 in
358 2638 466 2666 Eusebii
481 2639 563 2666 editis
582 2639 672 2675 inepte
693 2641 824 2675 scriptum
836 2646 893 2668 erat
912 2642 976 2678 περὶ

185 2674 252 2704 τοὺς
269 2673 381 2708 κήπους.

223 2708 280 2750 (εῆ)
298 2708 460 2750 Eua-{amp}.
477 2709 733 2750 ﬁuvlazoipreposni
749 2718 797 2745 pro
815 2710 869 2750 an
892 2711 975 2750 terpip

187 2742 272 2778 (quod
285 2748 343 2782 erat
357 2744 383 2770 in
404 2745 541 2779 prioribus
562 2742 736 2781 editionibus)
749 2742 887 2773 sententia
903 2742 976 2782 ﬁa'gi-

187 2782 264 2805 tante
292 2778 426 2807 HOLSTEN.

224 2813 282 2848 (86)
301 2814 424 2852 Τούτων.
445 2814 490 2852 Sic
503 2815 613 2852 restitui
622 2823 679 2852 pro
697 2815 800 2849 τοῦτον,
821 2818 976 2852 postulante

224 2823 282 2848 (δυ)
302 2823 424 2854 gout-air.
445 2823 490 2843 mc
508 2823 613 2843 restitui
621 2823 679 2878 lpro
697 2825 800 2849 τουτον,
821 2823 975 2852 postulante

187 2852 338 2886 sententia,
355 2854 383 2876 et
407 2850 465 2885 ipsa
483 2850 595 2878 historia
643 2852 779 2879 hilostrati
800 2853 975 2886 concinente,

188 2884 236 2924 qui
254 2883 561 2924 Euxenonmagistr‘o‘in
579 2885 757 2924 Pythagorica
768 2888 899 2924 sapientia
912 2883 974 2919 suo,

186 2919 269 2981 Lolliae
299 2919 465 2955 superiorem
495 2920 579 2950 fuisse
600 2919 772 2958 discipulum
800 2919 973 2958 'Apollomum

208 2961 255 2981 ICII
258 2973 265 2981 ι

1065 2499 1120 2536 (87)
1140 2501 1194 2529 Καὶ
1209 2503 1249 2534 ὡς
1270 2502 1323 2530 τὸν
1344 2503 1448 2528 πολυτ.
1464 2499 1651 2536 'Suspenditnr
1665 2499 1759 2536 oratio
1770 2508 1818 2535 per

1028 2534 1189 2579 particulam
1204 2537 1254 2579 ιὼς
1276 2545 1292 2565 a
1312 2534 1595 2579 superiqpibpsjépzm
1607 2534 1628 2560 δ’
1645 2535 1691 2574 ἐπὶ
1703 2534 1818 2579 fodiat;
1837 2535 1844 2542 '

1029 2569 1156 2607 ἓντρεχὴς
1170 2573 1215 2599 καὶ
1228 2572 1261 2599 τὰ
1283 2569 1370 2601 κοινὰ,
1394 2572 1441 2598 ὨΣ
1454 2571 1499 2598 τὸν
1520 2569 1690 2607 Ἀσκληπιοξ
1698 2569 1818 2607 ἀριγμέ-

1028 2605 1081 2646 νον
1096 2605 1247 2640 ἀπαλλάξαι
1268 2608 1317 2643 τῆς
1344 2607 1500 2643 ἀρρωστίας
1512 2626 1518 2632 .
1528 2625 1535 2629 .
1547 2626 1553 2632 .
1573 2606 1620 2632 καὶ
1643 2605 1691 2631 ὨΣ
1704 2606 1749 2632 τὸν
1767 2605 1818 2633 πο-

1028 2648 1086 2668 Λυτ.
1102 2646 1155 2670 εις.

1063 2677 1117 2712 (88)
1132 2679 1186 2706 Καὶ
1197 2678 1259 2712 τπδ.
1269 2677 1320 2705 καὶ
1338 2686 1363 2704 τ.
1379 2677 1483 2710 ἐγχωρ.
1493 2676 1545 2703 ἀπ.
1559 2677 1670 2703 πλουσ.
1689 2675 1817 2709 Qualium

1028 2711 1130 2739 scelera
1152 2711 1258 2740 facilius
1269 2712 1296 2739 in
1309 2713 1406 2748 vulgus
1419 2711 1547 2748 emanare
1565 2712 1664 2748 solent.
1693 2715 1722 2738 ut
1750 2712 1818 2739 adeo

1027 2748 1187 2782 Apollonius
1209 2749 1268 2776 sine
1285 2747 1376 2775 divina
1403 2747 1528 2780 scientia,
1544 2755 1577 2775 ex
1601 2747 1683 2778 fama,
1700 2754 1761 2781 quae
1784 2747 1817 2774 ad

1029 2782 1166 2811 hominem
1184 2784 1264 2811 istum
1280 2782 1451 2818 spectabam.
1468 2783 1586 2818 potuerit
1601 2783 1761 2810 resciscere.

1064 2818 1120 2854 (89)
1136 2819 1218 2853 Παρὰ
1230 2816 1331 2851 πόδας.
1349 2816 1476 2854 lta__Regf
1490 2818 1560 2854 cod.
1572 2825 1621 2853 pro
1639 2818 1713 2846 edito
1729 2826 1818 2854 παρα-

1029 2852 1118 2886 δόσας,
1131 2852 1204 2888 quod
1218 2854 1296 2881 nauci
1316 2857 1367 2881 est.
1385 2852 1522 2882 Ηοιετειν.
1539 2852 1616 2881 Hanc
1631 2852 1775 2888 lectionem
1790 2857 1816 2879 et

1030 2886 1184 2925 ipseiprobo
1198 2897 1205 2922 ;
1218 2890 1374 2924 suspicatus
1398 2888 1463 2915 olim
1485 2889 1600 2923 fuerant,
1613 2886 1771 2925 παραδόξως
1784 2888 1816 2916 Ιο-

1028 2924 1145 2959 gendum
1163 2932 1233 2952 esse.
