2065 3216
210 227 259 255 821

774 218 873 246 LIBER
891 217 1030 246 CONTRA
1049 213 1256 243 HIEROCLEM.

1775 211 1827 239 82‘!

209 283 331 320 ἡγεμόνα
352 290 382 309 τε
398 282 467 315 ἀξιοῖ
484 281 532 316 τῆς
552 281 580 312 ἐς
596 279 759 316 Βραχμᾶνας
782 278 894 313 πορείας
916 276 992 311 γενέ-

1044 278 1130 310 rogat.
1158 273 1260 301 Ducem
1284 272 1349 299 item
1373 270 1491 306 aliquem
1512 270 1563 298 viae
1587 270 1621 298 ad
1641 269 1824 297 Brachmanas

211 331 272 357 σθαι
287 328 339 355 τιν’
355 328 438 362 αὐτῷ.
459 327 512 354 Καὶ
534 325 633 362 μεταξῦ
649 326 664 352 6
681 325 728 360 μὲν
744 323 798 350 τῶν
817 322 903 350 Ἰνδῶν
917 322 992 358 βασι-

208 375 286 407 λεὺς,
310 375 357 401 καὶ
376 374 462 400 ταῦτα
486 372 621 408 βάρϐαρος
644 370 681 397 ὣν
704 370 752 405 τὴν
771 369 862 404 φύσιν,
878 369 923 395 τὸν
945 369 991 404 έρ-

212 421 299 456 μηνέα
329 419 449 446 ἐκποδὼν
478 417 728 454 μεταστησάμενος,
760 415 864 442 Ἐλλάδι
895 415 992 450 χρῆται

210 466 278 502 πρὸς
302 465 382 493 αὑτὸν
405 467 438 500 τῇ
461 463 564 499 ὁμιλίᾳ,
589 463 710 490 παιδείαν
735 461 782 488 καὶ
809 460 993 496 πολυμάθειαν

210 511 427 547 ἐνδεικνύμενος·
455 512 469 538 6
489 510 517 536 δὲ
535 510 588 536 οὐδ’
607 510 661 542 ὥς,
675 509 716 535 ὅτι
732 508 763 543 δὴ
781 508 827 534 καὶ
847 507 928 538 αὐτὸς
942 506 993 541 τῆς

209 560 275 596 παρ’
292 560 383 590 αὐτοῖς
394 559 443 584 οὐκ
461 557 573 593 ἀμαθῶς
592 556 647 592 ἔχοι
665 556 766 591 φωνῆς,
782 555 840 581 δέον
857 552 994 588 ἀντεφιλο-

207 606 346 641 τιμήσατο
372 603 435 639 (96).

455 658 652 686 KE‘DAAAION
679 658 728 684 IE'.

252 716 332 743 Ἀλλὰ
354 717 400 743 καὶ
423 716 567 746 λαλοῦντος
586 714 689 740 Ἐλλάδι
708 712 813 748 γλώττῃ
832 712 879 739 τοῦ
899 712 991 744 Ἰνδοῦ,

207 762 404 798 ἐκπλήττεται,
462 770 543 797 φησιν
562 762 576 787 6
591 761 781 794 Φιλόστρατος,
800 759 942 790 ἀκόλουθα,
957 759 994 790 ὡς

208 810 307 842 ἔοικεν,
325 808 412 844 ἑαυτῷ
426 808 549 844 γράφων.
566 808 628 838 Πῶς
649 806 703 842 γὰρ
726 806 758 833 ἂν
779 805 931 841 ἐξεπλάγη,
956 806 993 841 μὴ

208 855 269 890 οὐχὶ
285 854 421 891 βάρϐαρον
443 853 553 888 οἰηθεὶς,
570 853 617 879 καὶ
641 852 782 887 θαυμάσας
800 851 876 886 (9T);
893 851 940 877 καὶ
954 851 994 878 ὅτι

209 899 242 934 δὴ
255 898 298 925 τὸν
314 899 433 925 τοιοῦτον
448 897 478 924 οὗ
495 896 553 924 ποτ’
566 897 597 923 ἂν
613 896 765 931 Ἐλληνίσαι
778 895 993 931 προσεδόκησεν;

209 942 272 976 εἷθ’,
293 943 387 979 ὥσπερ
405 952 431 970 τι
449 942 594 977 παραδόντι
622 941 771 977 παράδοξον
791 940 992 974 καταπλαγεὶς,

208 991 256 1017 καὶ
270 990 301 1016 τὺ
314 989 408 1016 τούτου
424 988 464 1015 ἔτι
486 988 540 1024 (98)
564 987 667 1022 ἀγνοῶν
694 988 789 1018 αἴτιον,
808 996 817 1013 ι
838 987 905 1015 Είπέ
929 995 991 1022 μοι,

208 1036 261 1072 ἔφη
278 1037 291 1063 6
308 1035 494 1067 Ἀπολλώνιος,
526 1032 548 1061 ὧ
581 1034 700 1070 βασιλεῦ,
720 1033 800 1060 πόθεν
816 1033 901 1065 οὕτως
921 1034 992 1068 ἔχεις

208 1081 302 1115 φωνῆς
329 1081 471 1112 Ἑλλάδος-;
500 1080 642 1114 Φιλοσοφία
669 1088 699 1105 τε
729 1081 744 1115 ὴ
767 1080 830 1115 περὶ
856 1079 885 1106 σὲ
912 1080 992 1109 πόθεν

209 1125 343 1158 ἑνταῦθας
361 1126 421 1152 οὐδὲ
436 1125 490 1160 γὰρ
511 1126 539 1156 ὲς
555 1124 747 1156 διδασκάλους,
773 1122 848 1160 οἶμαί
866 1133 908 1159 γε,
929 1126 993 1151 ἀνα-

208 1170 319 1205 φέρεις,
335 1171 396 1197 ὲπεί
413 1172 448 1206 μὴ
464 1168 533 1197 εἶναι
556 1170 645 1201 Ἰνδοῖς
660 1169 733 1201 είκὸς
745 1169 801 1204 (99)
819 1169 993 1202 διδασκάλους

206 1215 314 1243 τούτου.
330 1227 339 1243 ι
363 1214 447 1244 Αὖται
467 1217 494 1243 αἱ
517 1215 661 1252 παράδοξοι
677 1215 724 1242 τοῦ
740 1215 827 1243 πάντα
840 1214 992 1251 προγνώσει

207 1262 376 1297 διειληφότος
399 1262 495 1297 φωναὶ,
520 1262 552 1294 ἃς
568 1262 582 1288 6
600 1261 929 1297 Bactlebgdpsmdpsvoc.
952 1261 992 1287 ὅτι

208 1307 331 1342 τεσσχοίη
352 1307 536 1338 διδασκάλους,
555 1307 602 1333 καὶ
622 1307 718 1338 οἵτινες
744 1304 825 1338 οὗτοι,
846 1306 950 1332 ἕκαστά
962 1314 992 1332 τε

208 1352 343 1388 πατρόθεν
357 1352 411 1379 τῶν
428 1353 490 1388 περὶ
509 1353 589 1380 αὑτὸν
609 1352 816 1388 ξυμϐεϐηκότων
831 1352 937 1388 φράζει,

463 1499 660 1525 ΚΕΦΑΛΑῙΟΝ
679 1499 737 1532 tq'.

243 1535 312 1568 Εἶτα
325 1543 371 1569 καί
384 1552 437 1570 τισι
449 1543 496 1570 τοῦ
512 1543 592 1570 Ἰνδοῦ
605 1543 759 1576 δικάζοντος
775 1542 839 1579 περὶ
855 1542 991 1579 θησαυροῦ

208 1588 380 1623 φωραθέντος
396 1589 425 1615 ὲν
446 1588 533 1624 ἀγρῷ,
557 1589 658 1625 πότερα
673 1589 712 1624 τῷ
726 1589 868 1625 πριαμένῳ
879 1608 886 1620 ,
911 1588 928 1624 ἢ
953 1587 992 1623 τῷ

206 1632 239 1658 τδ
257 1633 355 1668 χωρίον
371 1633 537 1669 ἀποδομένῳ,
555 1634 612 1660 δέον
627 1632 701 1670 οἶμαι
715 1634 753 1670 (1)
767 1633 871 1665 τοῦτον,
896 1635 910 1660 6
924 1634 993 1661 πάν·
1006 1625 1026 1654 C

204 1684 263 1708 τως
282 1677 433 1712 φιλόσοφος,
451 1679 498 1704 καὶ
513 1679 584 1710 θεοῖς
601 1678 811 1714 κεχαρισμένος,
834 1677 990 1714 ἐρωτηθεὶς,

207 1722 343 1758 ἰπικρίνει
357 1723 395 1759 τῷ
413 1724 564 1760 πριαμένῳ,
581 1725 709 1760 λογισμὸν
724 1724 755 1760 δὴ
768 1725 858 1756 αὐτοῖς
875 1725 992 1761 ῥήμασιν

206 1769 345 1796 ιπειπών·
363 1779 372 1795 ι
390 1770 433 1802 Ὠς
457 1771 507 1797 οὐκ
527 1770 559 1797 ἃν
581 1771 604 1797 ot
622 1771 677 1797 θεοὶ
695 1771 740 1798 τὸν
755 1771 803 1806 μὲν
820 1771 929 1805 ἀφεῖλον
945 1771 992 1797 καὶ

207 1814 281 1841 κατὰ
296 1814 345 1850 τὴν
367 1815 417 1850 γῆν
438 1815 491 1849 (2),
519 1816 543 1842 εἰ
568 1816 604 1852 μὴ
625 1815 725 1850 φαῦλος
744 1813 794 1852 ἤν,
810 1815 849 1851 τῷ
869 1815 890 1842 δ’
907 1814 939 1842 αὖ
955 1816 991 1850 (3)

207 1861 257 1889 καὶ
271 1861 305 1887 τὰ
317 1861 369 1888 ὑπὸ
387 1861 439 1896 γῆν
457 1861 547 1890 δοῦναι
558 1881 565 1893 ,
583 1863 607 1888 εί
625 1862 662 1897 μὴ
680 1862 791 1897 βελτίων
807 1860 840 1898 ἦν
856 1861 903 1888 τοῦ
924 1862 992 1888 ἀπο-

206 1906 321 1941 δομένου
335 1916 364 1932 ..ι
384 1907 428 1938 Ὠς
447 1907 506 1933 κατ’
522 1907 601 1933 αὑτὸν
615 1907 647 1942 δὴ
668 1907 846 1942 ξυνάγεσθαι,
862 1907 925 1938 τοὺς
943 1907 992 1942 μὲν

207 1951 341 1987 εὐπόρους
359 1952 406 1978 καὶ
420 1952 526 1988 πλούτῳ
542 1952 717 1989 διαφέροντας
728 1974 736 1986 ,
756 1953 807 1980 κᾶν
823 1953 993 1988 αίσχρότατοι

207 1996 256 2022 καὶ
279 1997 477 2024 πανωλέστατοι
503 1998 680 2033 τυγχάνοιεν,
702 1997 925 2033 τρισευδαίμονας
948 1997 993 2023 καὶ

208 2041 342 2076 θεοφιλεῖς
363 2043 497 2077 ἡγεῖσθαι,
523 2043 619 2078 μόνους
635 2043 656 2068 δ’
673 2043 727 2078 ἄρα
749 2042 948 2076 κακοδαίμονάς
963 2051 993 2069 τε

207 2086 256 2112 καὶ¹
278 2086 385 2118 ἀθλίους
407 2087 469 2119 τοὺς
487 2089 683 2119 πενεστάτους,
701 2087 751 2114 κᾶν
762 2087 920 2123 Σωκράτης,
941 2088 993 2115 κᾶν

208 2132 354 2168 Διογένης,
378 2133 429 2159 κᾶν
450 2134 530 2165 αὐτὸς
550 2134 652 2165 ἐκεῖνος
670 2134 831 2169 Πυθαγόρας
854 2134 992 2170 τυγχάνῃ,

208 2177 263 2204 κᾶν
280 2178 368 2210 ἄλλος,
389 2179 416 2205 oi
436 2179 542 2208 πάντων
552 2179 656 2215 ἀνδρῶν
671 2179 885 2215 σωφρονέστατοί
901 2188 930 2206 τε
947 2180 994 2206 καὶ

208 2224 415 2253 ἐπιεικέστατοι.
432 2225 510 2251 Εἴποι
531 2225 584 2260 γὰρ
602 2225 634 2252 ἄν
656 2234 698 2257 τις
717 2226 850 2261 ἑπόμενος
869 2225 908 2261 τῷ
924 2225 995 2261 λόγῳ

209 2268 248 2303 μὴ
274 2268 306 2295 ἂν
331 2269 390 2295 κατ’
405 2270 485 2296 αὑτὸν
510 2271 572 2301 τοὺς
598 2270 675 2302 θεοὺς
698 2270 760 2302 τοὺς
785 2271 835 2305 μὲν
864 2270 993 2305 πένητας,

1043 320 1095 347 sibi
1110 319 1168 346 dari
1181 326 1235 346 non
1248 317 1339 345 renuit
1352 316 1383 342 ".
1401 315 1506 343 Interea
1521 315 1649 342 Indorum
1662 323 1710 343 rex
1721 315 1754 346 ³⁵,
1766 314 1826 341 bar-

1046 366 1131 393 barus
1147 364 1212 392 licet
1228 363 1377 393 natalibus,
1398 362 1547 397 interprete
1568 361 1659 388 subito
1687 360 1824 392 submoto,

1043 410 1136 438 Graece
1150 418 1212 438 cum
1226 410 1286 445 ipso
1305 410 1436 444 loquitur,
1451 408 1582 436 doctrina;
1595 411 1677 442 atque
1692 406 1824 433 eruditio-

1043 458 1088 484 nis
1105 457 1189 484 edens
1204 459 1374 491 argumcnta.
1402 453 1564 489 Apollonius
1585 460 1650 480 vero
1663 459 1699 479 ne
1711 452 1751 479 sic
1765 451 1826 485 qui-

1042 501 1114 534 dem,
1134 505 1162 528 ut
1176 503 1213 535 lse
1228 508 1336 536 quoque
1352 500 1471 527 vicissim
1493 499 1590 534 linguae
1607 505 1667 533 quae
1694 495 1765 532 apud
1781 495 1825 522 ln-

1043 548 1094 575 dos
1108 547 1252 577 obtineret.
1274 547 1391 582 peritum
1421 545 1587 576 ostenderet,
1603 547 1710 576 contra,
1724 546 1755 570 ut
1776 549 1825 577 par

1043 595 1112 624 erat,
1129 591 1281 620 contendit.

1292 644 1372 682 522
1390 642 1503 672 CAPUT
1523 641 1580 670 xv.

1079 703 1128 731 Ast
1140 708 1167 730 et
1182 702 1248 731 lndo
1263 701 1354 729 Graece
1374 701 1502 737 loquente
1524 701 1674 737 obstupuit,
1691 704 1720 728 ut
1732 700 1825 727 Philo-

1044 752 1146 775 stratus
1164 751 1290 779 testatur,
1307 747 1410 774 scilicet
1422 751 1604 774 consentanea
1620 745 1670 772 sibi
1687 745 1738 780 ipsi
1753 744 1824 771 scri-

1043 794 1120 822 bens.
1138 794 1207 827 Quid
1223 794 1294 821 enim
1317 793 1467 827 obstupuit,
1484 792 1507 819 si
1525 792 1670 819 barbarum
1694 798 1747 817 non
1764 797 1825 817 esse

1045 840 1165 875 putavit,
1181 839 1263 874 idque
1279 839 1314 867 ob
1330 839 1418 874 ipsum
1433 837 1574 872 suspexit?
1589 836 1622 862 Et
1642 843 1692 862 cur
1705 842 1825 870 quacun-

1045 894 1097 922 que
1114 894 1143 913 re
1159 890 1263 913 tantum
1277 886 1365 912 virum
1378 884 1487 912 Graecos
1510 883 1676 910 imitaturum
1692 889 1752 909 esse
1770 887 1825 907 non

1045 932 1211 969 exspectavit
1227 932 1335 968 potius?
1360 930 1455 962 Porro,
1471 929 1549 965 quasi
1569 936 1612 955 res
1635 928 1714 962 plane
1730 926 1825 960 singu-

1046 978 1110 1005 laris
1127 979 1160 1004 ab
1181 985 1214 1005 eo
1233 977 1284 1004 sibi
1306 977 1397 1004 oblata
1421 980 1505 1009 esset,
1526 975 1639 1009 ejusque
1669 971 1824 999 adhucdum

1044 1025 1172 1060 ignorans
1189 1029 1298 1051 causam
1309 1033 1333 1056 ι,
1360 1022 1443 1055 Cedo,
1475 1030 1492 1049 ο
1515 1028 1573 1053 rex,
1598 1019 1688 1054 inquit
1713 1017 1826 1053 Apollo-

1043 1071 1145 1102 nius",
1164 1070 1235 1097 unde
1252 1078 1283 1097 ea
1304 1070 1351 1096 tibi
1377 1069 1413 1096 sit
1439 1067 1539 1095 Graecae
1563 1067 1662 1101 lingua:
1688 1064 1826 1092 facultas!

1043 1115 1217 1150 Philosophia
1234 1115 1308 1146 item,
1326 1122 1378 1148 qua
1403 1113 1523 1140 imbutus
1538 1119 1578 1144 es,
1593 1112 1663 1139 unde
1679 1110 1721 1137 his
1736 1110 1827 1146 regio-

1043 1161 1125 1188 ribus
1146 1160 1241 1188 venit?
1263 1168 1351 1195 neque
1374 1160 1456 1189 enim,
1474 1163 1503 1185 ut
1521 1162 1597 1194 puto,
1613 1157 1752 1193 magistris
1764 1163 1824 1183 eam

1043 1207 1071 1234 in
1085 1207 1204 1242 acceptis
1230 1206 1294 1239 fers,
1314 1213 1375 1233 nam
1400 1206 1539 1240 probabile
1559 1204 1631 1232 haud
1651 1209 1692 1232 est
1711 1204 1770 1238 ejus
1785 1203 1825 1231 rei

1043 1253 1189 1287 magistros
1205 1260 1266 1280 esse
1287 1252 1387 1279 Indis.)
1413 1251 1475 1278 llaec
1489 1250 1612 1278 miranda
1628 1254 1691 1278 sunt
1708 1250 1736 1276 in
1753 1249 1823 1280 viro,

1044 1298 1214 1333 prmscientia
1231 1297 1321 1323 omnia
1351 1296 1502 1331 complexo,
1531 1295 1627 1322 verba:
1652 1294 1752 1329 quibus
1779 1301 1825 1320 re-

1043 1342 1181 1377 spondens
1208 1349 1273 1372 rex.
1287 1341 1359 1375 quod
1383 1344 1411 1368 et
1427 1343 1608 1375 praeceptores
1631 1339 1767 1371 habuerit,
1796 1342 1826 1366 οῖ

1043 1389 1155 1424 quinam
1181 1388 1220 1415 illi
1247 1387 1348 1414 fuerint
1365 1385 1538 1422 [exponens,]
1563 1386 1652 1412 omnia
1674 1385 1824 1420 sigillatirn,

1042 1442 1103 1469 qua:
1121 1433 1172 1469 ipsi
1193 1441 1208 1460 a
1221 1433 1357 1460 natalibus
1373 1432 1436 1460 inde
1449 1432 1610 1467 obtigerant,
1627 1424 1737 1466 exponit
1749 1431 1784 1460 ³⁷.

1335 1499 1449 1527 CAPUT
1465 1498 1535 1531 XVI,

1079 1547 1143 1575 Inde
1156 1554 1238 1582 porro
1255 1553 1316 1573 eum
1331 1546 1376 1580 jus
1406 1544 1571 1580 quibusdam
1593 1543 1697 1571 diceret
1710 1542 1825 1571 Indus"

1043 1594 1076 1621 de
1093 1593 1222 1620 thesauro
1242 1592 1269 1619 in
1291 1599 1357 1626 agro
1373 1595 1492 1626 reperto,
1511 1598 1545 1617 an
1561 1590 1677 1624 emptori
1700 1597 1735 1616 an
1760 1597 1826 1616 ven-

1044 1639 1124 1666 ditori
1144 1639 1202 1673 agri
1225 1645 1287 1665 eum
1309 1636 1422 1664 reddere
1446 1643 1494 1670 par
1521 1636 1580 1668 sit;
1598 1634 1771 1669 Apollonius,
1797 1635 1825 1660 in

1044 1683 1170 1711 omnibus
1183 1681 1336 1717 philosophi
1360 1688 1426 1708 usus
1442 1679 1578 1710 acumine,
1597 1678 1704 1713 diisque
1720 1677 1827 1705 charis-

1043 1729 1139 1762 simus,
1158 1728 1320 1756 sententiam
1341 1726 1386 1754 ubi
1402 1729 1474 1754 esset
1489 1725 1684 1759 interrogatus,
1701 1724 1820 1759 emptori

1043 1783 1105 1802 eum
1118 1774 1232 1806 addixit,
1249 1773 1355 1800 ratione
1367 1771 1400 1799 ad
1418 1771 1528 1799 verbum
1542 1770 1593 1797 hac
1604 1769 1712 1797 addita:
1731 1769 1824 1802 «Quod

1042 1818 1080 1845 dii
1096 1817 1225 1844 vendenti
1259 1815 1469 1850 haudquaquam
1492 1814 1606 1849 agellum
1621 1813 1704 1841 etiam
1723 1813 1826 1840 fuerint

1043 1862 1206 1896 adempturi,
1224 1861 1365 1896 improbus
1387 1860 1439 1887 nisi
1461 1859 1506 1893 sit,
1526 1859 1642 1894 emptori
1656 1866 1722 1886 vero
1738 1859 1822 1886 vicis-

1043 1907 1095 1935 sim
1111 1907 1221 1933 latentia
1238 1906 1319 1934 etiam
1340 1905 1391 1933 sub
1405 1909 1477 1932 terra
1493 1905 1563 1931 bona
1580 1904 1749 1936 concessuri,
1772 1905 1825 1932 nisi

1043 1952 1178 1981 vendente
1194 1952 1230 1979 sit
1246 1953 1324 1987 longe
1337 1952 1460 1978 melior.»
1482 1950 1515 1977 Ut
1530 1950 1607 1984 juxta
1624 1950 1700 1976 illum
1713 1951 1825 1977 conclu-

1043 1999 1165 2026 dendum
1193 1998 1239 2030 sit,
1262 2005 1308 2025 eos
1326 1997 1371 2032 qui
1389 1997 1486 2031 opibus
1501 1996 1625 2029 afﬂuunt,
1643 1999 1827 2031 praestantqne

1044 2044 1157 2076 divitiis,
1173 2051 1329 2078 quanquam
1346 2042 1490 2070 Γωάίεεὶιηί
1506 2043 1560 2070 sint
1589 2045 1616 2068 et
1639 2042 1826 2076 perditissimi,

1043 2098 1093 2125 pro
1122 2094 1163 2117 ter
1179 2090 1264 2118 beatis
1288 2094 1390 2122 tamen,
1417 2089 1527 2124 Deoque
1554 2089 1743 2117 dilectissimis
1765 2096 1828 2116 esse

1045 2135 1198 2163 habendos:
1226 2135 1348 2162 infelices
1367 2138 1457 2162 autem
1484 2135 1657 2169 miserosque
1676 2134 1750 2162 solos
1767 2141 1828 2165 esse

1044 2189 1102 2213 eos,
1131 2181 1178 2216 qui
1202 2189 1264 2208 cum
1291 2184 1450 2216 paupertate
1479 2181 1597 2208 maxime
1624 2180 1827 2211 conﬂictentur.

1045 2227 1109 2254 licet
1126 2226 1266 2253 Socratem
1288 2227 1377 2261 ipsum
1405 2225 1447 2253 vel
1473 2226 1601 2259 maxime,
1620 2233 1652 2253 ac
1670 2225 1835 2260 Diogenem,

1047 2272 1191 2307 ipsumque
1206 2273 1289 2299 etiam
1304 2271 1485 2308 Pythagoram
1500 2271 1525 2298 in
1547 2272 1590 2299 his
1603 2279 1664 2301 esse
1675 2273 1836 2306 contingat,

205 2314 319 2346 τούτους
340 2315 371 2350 δὴ
393 2315 507 2348 αὐτοὺς,
529 2317 553 2342 οἶ
571 2316 640 2342 κατὰ
663 2316 820 2350 φιλοσοφίαν
839 2316 993 2352 διήνεγκαν,

1047 2321 1074 2344 et
1096 2324 1287 2353 quemcunque
1311 2325 1416 2350 eorum,
1444 2317 1490 2353 qui
1516 2316 1694 2353 frugalissimi
1711 2316 1775 2348 viri,
1803 2321 1838 2345 et,

206 2360 356 2394 ἀφελέσθαι
375 2362 421 2389 καὶ
445 2361 479 2389 τὰ
501 2361 568 2397 πρὸς
587 2362 636 2397 τὴν
658 2363 809 2397 ἀναγκαίαν
824 2362 936 2398 τροφὴν,
955 2362 992 2398 μὴ

1045 2363 1160 2398 εει-θείω
1199 2363 1343 2398 probitatis
1373 2367 1529 2393 censentur.
1555 2363 1633 2392 Dicat
1659 2361 1733 2390 enim
1755 2361 1836 2401 quisL

243 2437 269 2454 ⁸⁸
287 2437 334 2464 lib.
353 2445 390 2470 tt,
406 2445 431 2465 c.
445 2438 490 2466 40.
528 2439 551 2455 ³⁵
572 2439 618 2467 lib.
637 2447 674 2472 II,
690 2449 715 2468 ο.
731 2441 775 2469 17.
791 2441 1066 2477 "lib.n,cap.‘29."
1083 2441 1131 2470 lib.
1150 2449 1188 2475 tt,
1204 2449 1229 2469 c.
1246 2442 1290 2469 3L
1329 2441 1352 2457 "
1372 2441 1419 2469 lib.
1438 2449 1475 2474 ιι,
1491 2449 1517 2470 e.
1533 2441 1584 2472 59.,

244 2514 301 2554 _(96)
328 2515 645 2556 Awsgznlorwija._8ic
664 2525 695 2556 ex
717 2519 875 2556 coniectura
890 2520 990 2547 rescri-

206 2552 425 2589 psilzgumfsset
440 2552 465 2589 i_n
478 2552 563 2589 editis
579 2552 836 2589 άπεφιλοτιμήσατο.

224 2584 300 2625 _7(91)
320 2585 367 2625 Μὴ
376 2585 454 2625 ὀὐχὶ
466 2584 645 2625 ,βάρρζ-οίηθξ
656 2588 702 2614 καὶ
718 2584 846 2625 θαὶυιάσ.
858 2588 895 2617 Eo
904 2590 991 2622 respi-

205 2620 256 2662 cit,
275 2620 525 2662 'quod‘Apolloniq
535 2621 726 2662 Philostratus“
738 2620 891 2662 φιλοσοφεῖν
916 2620 990 2657 δόξαι

205 2655 340 2694 Φραώτην
354 2659 480 2694 testatur,
499 2656 546 2694 lib.
569 2664 600 2694 ιι,
618 2665 677 2691 cap.
693 2655 844 2694 26,'initio.'
858 2655 991 2694 Quodque

206 2691 277 2717 adeo
292 2690 413 2717 moribus
430 2691 520 2718 minus
539 2690 672 2719 barbarus
690 2693 714 2719 ei
736 2695 809 2721 visns
826 2690 880 2722 sit:
892 2690 991 2722 Vereor

207 2729 317 2765 autem,
335 2733 368 2752 ne
389 2733 470 2765 suum
494 2726 538 2753 hic
558 2726 704 2765 Eusebium
720 2728 850 2765 destituat
863 2737 991 2762 acumen;

207 2767 264 2798 cur
275 2761 346 2786 enim
365 2761 459 2798 mirari
476 2768 529 2798 non
550 2763 669 2796 potuerit
683 2761 854 2797 Apollonius,
873 2764 991 2798 linguam

207 2794 366 2832 Graecorum
382 2796 481 2832 callere
498 2794 652 2829 Phraaten).
667 2794 746 2832 quém
765 2798 886 2827 moribus
902 2794 993 2826 minus

208 2829 358 2857 barbarum
374 2830 597 2863 deprehenderat,
611 2839 665 2859 non
676 2829 765 2860 "video.

245 2865 303 2898 (98)
324 2865 394 2891 Ἔτι.
413 2865 449 2892 lta
468 2867 640 2894 scribendum
661 2875 722 2896 esse
740 2868 873 2897 sententia
895 2869 993 2899 suade-

209 2899 266 2926 bat.
284 2898 354 2925 Editi
371 2900 507 2928 habebant
521 2902 579 2930 είτ“.

247 2933 303 2969 (99)
330 2935 433 2969 Ἰνδοῖς
445 2937 533 2970 εἰκός.
548 2937 648 2965 Saltem
666 2939 864 2967 restituendum
881 2948 914 2968 ex
928 2939 992 2967 Phi-

1043 2520 1158 2548 lostrato
1175 2521 1257 2552 εἰκός,
1271 2520 1344 2555 quod
1359 2521 1499 2548 exciderat
1515 2520 1585 2555 apud
1600 2519 1759 2547 Eusebium.
1776 2519 1838 2547 σω..

1044 2559 1102 2581 tera
1119 2556 1189 2590 apud
1204 2564 1265 2582 eum
1283 2559 1369 2583 totum
1383 2556 1434 2582 hoc
1445 2555 1532 2582 κῶλον
1548 2558 1585 2582 ita
1601 2555 1682 2582 habet
1697 2565 1702 2581 :
1721 2556 1757 2581 Οὺ
1774 2555 1830 2590 γὰρ

1043 2591 1071 2621 ὲς
1088 2589 1264 2622 διδασκάλους
1281 2599 1312 2625 γε
1328 2589 1409 2626 οἶμαι
1420 2590 1576 2626 ἀναφέρειν,
1594 2591 1654 2626 ἐπεὶ
1675 2590 1741 2625 μηδὲ
1760 2589 1830 2616 εἷναί

1043 2634 1119 2657 τινας
1137 2627 1165 2652 ἐν
1191 2626 1279 2657 Ἰνδοῖς
1293 2626 1364 2657 εἰκὸς
1375 2625 1549 2657 διδασκάλους
1564 2625 1668 2652 τούτου.

1081 2661 1118 2695 (1)
1140 2659 1234 2695 οἶμαι.
1253 2660 1353 2695 Parum
1366 2665 1550 2695 opportunum
1571 2660 1616 2687 isti
1629 2661 1689 2687 loco
1706 2659 1772 2686 mihi
1788 2659 1829 2687 vj-

1044 2693 1124 2734 detur
1137 2693 1351 2734 vei-bumoipat,
1365 2693 1456 2734 malim
1468 2695 1633 2734 substituere
1644 2695 1746 2727 δοῦναι,
1757 2695 1831 2730 quod

1046 2731 1126 2766 etiam
1145 2731 1172 2757 in
1188 2731 1313 2766 versione
1329 2731 1460 2766 expressi.

1079 2765 1117 2801 (2)
1137 2766 1192 2808 Kal
1211 2766 1268 2800 τὴν
1277 2765 1347 2828 (γῆν.
1364 2764 1436 2806 Ειιιιι
1451 2765 1496 2792 καὶ
1509 2765 1578 2792 κατὰ
1592 2765 1641 2801 τὴν
1653 2765 1714 2806 γῆν.
1728 2764 1830 2793 Omisi-

1079 2809 1105 2828 ,ιε
1123 2809 1204 2828 κατα.
1221 2809 1274 2828 uno
1304 2808 1395 2828 natum
1412 2801 1519 2828 Videtur
1535 2809 1567 2828 ex
1581 2805 1696 2828 reuetlto
1707 2799 1764 2828 καί.
1776 2799 1830 2826 for-

1044 2799 1105 2828 miis
1123 2801 1204 2833 κατά,
1221 2799 1293 2835 quod
1304 2799 1395 2828 natum
1412 2801 1519 2828 videtur
1535 2809 1567 2828 ex
1581 2799 1696 2835 repetito
1707 2799 1764 2831 καί,
1776 2799 1831 2826 for-

1045 2843 1087 2861 ma
1112 2834 1248 2864 scribendi
1266 2836 1432 2865 abbreviata.
1456 2835 1594 2864 Omissum
1613 2834 1688 2865 ⁷κατά
1702 2835 1784 2863 etiam
1802 2834 1830 2861 in

1043 2873 1118 2897 textu
1134 2870 1302 2898 Philostrati.

1063 2905 1119 2947 τῶ)
1142 2905 1182 2947 Τῷ
1196 2905 1221 2932 δ’
1238 2904 1287 2947 mi.
1303 2905 1420 2947 omnino
1431 2908 1469 2947 er;
1482 2905 1611 2947 Philostr:
1625 2905 1839 2935 restituendum.

1044 2940 1076 2967 αὖ
1095 2948 1143 2975 pro
1159 2940 1190 2967 div
1205 2941 1283 2976 quod‘
1294 2945 1352 2969 crat
1365 2942 1392 2969 in
1406 2941 1486 2969 editis
1499 2941 1621 2969 EuSebii.
