2065 3216
169 199 224 229 89.5
735 200 837 228 LIBER
855 201 994 229 CONTRA
1012 197 1224 232 HIEROCLEII.
1740 206 1793 236 826

167 257 301 294 χϐοὖντας
316 257 381 289 τοὺς
399 256 558 292 φιλοσόφους
577 259 762 294 τεχνουργεῖν,
778 258 794 294 ἢ
815 259 872 292 καὶ,
890 259 948 286 θαυ-

1009 259 1074 288 Erat
1089 265 1179 289 autem
1193 262 1258 289 illud
1271 269 1305 289 ex
1323 268 1377 295 mre
1398 262 1485 298 nigro,
1501 262 1647 299 aureisque
1667 269 1794 294 ornatum

169 303 325 340 ματοποιῶν
340 303 427 339 δίκην,
450 303 600 338 αὐτόματον
621 303 762 330 ἀποτελεῖν
781 304 812 331 τὺ
831 304 948 340 ἃημιούρ

1010 308 1119 339 statuis.
1139 308 1234 343 quales
1247 308 1361 341 sciliCet,
1378 308 1518 336 fabrorum
1539 317 1615 338 more
1639 311 1794 340 verosimile

165 359 254 386 γημα.
273 350 305 377 οι
327 350 356 377 δὲ
376 350 429 376 τῶν
446 350 532 377 ἄλλων
548 349 603 376 τῶν
623 350 682 386 μετ’
698 351 779 377 αὑτὸν
800 350 948 378 διδάσκαλον

1008 353 1045 380 sit
1061 354 1219 390 sapientes,
1240 355 1295 389 igni
1319 353 1446 390 ferroque
1471 355 1611 389 adhibito,
1638 355 1792 390 fabricare;

164 396 255 431 δίφροι
274 395 370 432 χαλκοῖ
386 396 445 432 μὲν,
460 395 553 431 φησὶν,
566 395 666 432 ἄσημοι
681 396 703 423 δ’
719 394 800 432 ἦσαν,
813 397 861 424 καὶ
877 395 948 433 ἦττοι

1007 399 1073 434 quin
1084 404 1111 427 et
1124 400 1352 435 praestigiatorum
1373 401 1428 428 ritu
1451 401 1488 427 ita
1502 409 1569 436 opus
1585 401 1736 434 instruere,
1762 406 1793 430 ut

165 441 273 477 ὑψηλοί.
299 442 373 468 Ἔδει
395 442 448 477 γάρ
473 450 522 468 που
547 442 678 478 τυράννου
705 443 813 474 πάντως
836 443 954 479 σχήματι

164 487 316 522 προνομίας
329 487 378 522 τῆς
393 487 420 513 ἑν
434 487 582 522 ἀγάλμασι,
597 488 642 514 καὶ
656 488 749 524 χρυσῴ
764 489 809 516 τὸν
821 488 870 524 τῆς
881 489 955 521 θείας

163 533 324 567 φιλοσοφίας
335 533 492 560 διδάσκαλον
508 533 658 566 ἀξιοῦσθαι.

1007 449 1105 479 sponte
1127 453 1176 472 sua
1195 450 1345 474 moveatur.
1361 446 1526 474 Cmterarum
1544 451 1644 478 autem,
1661 448 1706 483 qui
1723 448 1794 476 assi-

1011 489 1112 518 debant
1126 491 1272 526 magistro,
1289 491 1379 524 sedes,
1391 499 1467 519 aereae
1481 492 1605 527 quidem,
1622 494 1661 520 uti
1691 494 1728 520 ait
1738 494 1793 525 .si-

1007 537 1069 572 guis
1085 542 1174 564 tamen
1189 545 1290 565 ornata:
1315 546 1370 565 non
1383 542 1472 570 erant,
1493 540 1637 574 minusque
1651 540 1791 570 sublimes.

163 577 267 614 Nempe
280 584 339 607 erat
356 581 522 609 conveniens
541 582 652 608 omnino
672 582 746 618 regio
760 583 868 610 ornatui
887 585 1079 620 przerogativa,
1105 585 1132 612 in
1157 587 1255 614 statuis
1271 586 1325 613 illis
1344 585 1687 621 consistens,[conveniens
1703 587 1778 626 item]

162 633 233 654 auro
247 627 382 655 honorare
396 627 493 655 divina:
504 629 680 664 philosophiae
693 631 865 666 magistrum.

426 677 622 704 ΚΕΦΑΛΑΙΟΝ
642 678 692 705 16'.

199 722 310 758 Πρῶτον
332 722 361 749 δὲ
382 723 427 749 τὸν
450 723 556 759 Ίάρχαν
579 724 674 756 ἰδόντα,
689 726 765 761 φησὶ,
789 726 835 753 τὸν
856 727 952 755 Ἀπολ-

160 765 268 799 λὼνιον,
291 767 321 801 ἐξ
344 768 474 804 ὀνόματός
495 778 524 795 τε
551 772 709 805 προσειπεῖν
729 771 766 806 (8)
790 772 894 799 Ἐλλάδι
917 775 950 809 τῇ

160 815 250 850 φωνῇ,
266 814 313 842 καὶ
328 815 361 850 ἦν
373 815 447 850 αὐτῷ
461 814 536 850 παρὰ
549 816 675 851 Φραώτου
689 817 794 852 κομίζει
808 819 951 855 ἐπιστολὴν

159 861 283 896 αἰτῆσαι,
308 861 378 888 κατὰ
404 861 556 897 πρόγνωσιν
579 862 628 898 ἠδη
654 863 733 890 τοῦτο
756 865 949 900 προειληφότα.

165 905 351 938 Ἐνδείξασθαί
365 915 395 933 τε
416 907 446 933 τὸ
469 906 558 934 ἔνθεον
580 908 630 942 τῆς
646 908 834 944 προγνώσεως,
858 919 951 946 προει-

160 951 275 988 ρηκότα,
289 952 327 983 ὡς
348 952 402 987 ἄρα
416 953 456 980 ὲνὶ
467 953 620 989 γράμματι,
697 964 706 980 ι
724 955 819 987 Δέλτα,
840 966 849 982 ι
866 956 951 984 λείποι

157 999 175 1034 ὴ
199 998 337 1034 ἐπιστολή.
359 999 508 1034 Ἀρξασοαί
532 1008 561 1026 τε
582 1001 769 1036 ἀπειροκάλως
792 1002 872 1034 εὐθὺς
898 1002 952 1029 ἀπὸ

158 1046 275 1082 πρώτης
290 1045 408 1080 ὁμιλίας,
431 1046 645 1083 ἀπειροπλούτου
666 1048 754 1084 δίκην,
775 1048 952 1076 ὲνεπιδείκνυ-

158 1091 224 1118 σοαι
241 1091 271 1118 τὸ
291 1091 342 1127 τῆς
369 1093 549 1128 προγνώσεως
571 1094 770 1130 πλεονέκτημα,
786 1096 890 1131 πατέρα
905 1096 951 1123 καὶ

159 1137 270 1172 μητέρα
288 1137 470 1172 καταλέγοντα
493 1139 539 1166 τοῦ
560 1140 748 1171 Ἀπολλωνίου,
766 1141 843 1175 γένος
858 1151 887 1168 τε
905 1144 951 1169 καὶ

155 1184 275 1219 τροφὴν,
292 1184 338 1210 καὶ
352 1185 487 1216 παιδείαν,
508 1185 556 1212 καὶ
569 1185 618 1218 τὰς
632 1186 703 1213 κατὰ
721 1187 833 1222 χρόνους
849 1188 950 1224 ἀποδη-

158 1229 238 1265 μίας,
255 1230 301 1256 καὶ
316 1230 364 1265 τὴν
384 1231 412 1262 ἐς
434 1231 514 1257 αὑτὸν
537 1231 659 1266 πορείαν,
675 1233 722 1259 καὶ
743 1233 778 1259 τὰ
794 1235 853 1260 κατ’
868 1234 950 1270 αὐτὴν

155 1275 343 1310 πεπραγμένα
370 1275 443 1311 αὐτῷ
470 1277 517 1303 καὶ
537 1277 707 1312 ὡμιλημένα.
725 1275 792 1305 Εἶτα
816 1278 844 1305 δέ
869 1288 950 1314 φησιν

154 1317 237 1353 οὗτος
259 1321 273 1347 ὁ
299 1321 449 1357 θαυμάσιος
479 1323 662 1358 συγγραφεὺς,
689 1324 751 1355 τοὺς
775 1323 949 1360 Βραχμᾶνας,

155 1368 219 1403 ἅμα
246 1367 286 1403 τῷ
306 1368 485 1404 Ἀπολλωνίῳ,
509 1369 692 1404 χρισαμένους
717 1370 866 1406 ὴλεκτρὶνῳ
883 1379 951 1406 φαρ-

156 1413 251 1449 μάκῳ,
264 1413 429 1441 λούσασθαι·
446 1415 494 1441 καὶ
516 1415 695 1451 περιστάντας
710 1416 748 1448 ὡς
763 1417 792 1442 ὲν
810 1416 884 1453 χορῷ
901 1417 950 1453 τὴν

153 1459 212 1495 γῆν
228 1459 310 1495 τύψαι
332 1462 392 1493 ταῖς
417 1461 540 1497 ῥάϐδοις
554 1461 602 1497 τὴν
626 1461 653 1488 δὲ
680 1462 863 1498 κυρτωθεῖσαν
886 1463 950 1490 ἁνα-

154 1506 268 1542 ττέμιζναι
286 1507 383 1539 αὐτοὺς
396 1507 425 1539 ἐς
448 1507 546 1543 δίπηχυ
563 1507 610 1534 τοῦ
627 1508 717 1544 ἀέρος,
732 1508 842 1535 ἑστάναι
861 1517 890 1535 τε
905 1509 951 1535 αύ-

153 1553 222 1584 τοὺς
237 1553 390 1589 μετεώρους
404 1555 432 1580 ὲν
442 1554 515 1589 αὐτῷ
526 1553 586 1590 ἀέρι
597 1554 643 1580 ὲπὶ
654 1563 680 1580 τι
694 1555 789 1590 χρόνου
802 1554 948 1590 διάστημα,

1243 676 1324 712 524
1341 676 1454 705 CAPUT
1473 675 1544 705 XIX.

1040 723 1164 752 larcham
1188 729 1278 751 autem
1291 744 1298 755 ,
1315 725 1359 751 ubi
1385 725 1502 759 primum
1538 724 1709 760 Apollonium
1725 735 1792 754 eon-

1004 770 1138 806 spexisset
1149 790 1155 801 ,
1166 769 1327 796 nominatim
1344 777 1406 796 eum
1422 770 1554 797 salutasse
1582 770 1619 797 ait
1634 770 1726 798 (ΙΙ-πρε
1744 772 1791 798 lin-

1003 823 1067 851 gua,
1083 815 1212 850 reddique
1228 815 1279 842 sibi
1294 815 1436 849 epistolam
1449 835 1456 847 ,
1477 823 1559 850 quam
1576 823 1591 842 a
1605 815 1722 844 Phraota
1739 817 1790 852 ipsi

1005 861 1135 889 afferebat
1145 882 1152 892 ,
1170 861 1325 897 postulasse
1338 881 1345 893 ,
1359 865 1450 888 mente
1467 869 1587 897 prazsaga
1604 870 1636 889 ea
1650 863 1683 890 de
1696 863 1790 897 rejam

1005 913 1084 936 antea
1096 907 1233 935 edoctum.
1261 905 1363 942 Nempe
1376 907 1578 934 demonstrasse
1591 907 1721 935 divinitus
1738 908 1791 935 sibi

1002 961 1046 981 res
1060 957 1139 980 antea
1160 957 1317 987 perspectas
1338 960 1410 984 esse,
1424 952 1596 988 praedicendo
1618 961 1671 980 una
1687 953 1788 985 littera,

1004 1008 1013 1025 ι
1029 999 1116 1031 Delta,
1133 1009 1142 1026 ι
1159 1000 1273 1027 deﬁcere
1289 999 1441 1034 epistoiam.
1452 999 1575 1034 Cmpisse
1588 1005 1677 1027 autem
1695 1008 1790 1035 parum

1001 1047 1124 1074 modeste
1136 1046 1223 1082 prima
1239 1046 1332 1074 statim
1360 1047 1568 1074 conversatione
1578 1067 1584 1078 ,
1605 1054 1681 1074 more
1695 1055 1789 1075 eorum

1001 1094 1045 1127 qui
1063 1094 1147 1120 vastis
1163 1093 1265 1120 divitiis
1279 1092 1431 1123 abundant,
1454 1093 1675 1120 absconditarum
1697 1101 1788 1121 rerum

998 1139 1103 1174 jactare
1120 1139 1272 1171 scientiam,
1292 1143 1395 1174 patrem
1418 1140 1587 1166 recensendo
1601 1140 1736 1175 Apollonii
1762 1143 1790 1168 et

1000 1189 1125 1218 matrem,
1140 1189 1166 1213 et
1180 1193 1266 1221 genus
1285 1193 1377 1217 onme,
1390 1185 1634 1221 educationemque
1660 1191 1688 1214 et
1711 1186 1789 1214 insti-

1000 1231 1141 1264 tutionem,
1153 1231 1291 1266 variisque
1314 1231 1483 1266 temporibus
1509 1236 1652 1266 susceptas
1667 1231 1789 1267 peregri-

1000 1276 1135 1307 nationes,
1151 1281 1176 1303 et
1192 1277 1265 1311 quod
1280 1277 1312 1304 ad
1325 1277 1414 1311 ipsum
1430 1277 1585 1304 instituerat
1597 1277 1657 1309 iter,
1675 1284 1790 1312 quasque

999 1322 1051 1356 ipsi
1065 1323 1092 1349 in
1108 1330 1140 1350 eo
1155 1326 1230 1358 gesta
1247 1322 1354 1350 dictare
1379 1322 1496 1350 fuerant.
1518 1323 1583 1350 Inde
1604 1330 1686 1358 porro
1713 1331 1789 1358 egre-

1000 1369 1060 1404 gius
1075 1369 1119 1396 ille
1136 1369 1252 1404 scriptor
1266 1373 1361 1396 narrat
1377 1369 1411 1401 ",
1426 1369 1558 1396 electrino
1582 1374 1720 1404 unguento
1736 1377 1788 1396 un-

999 1420 1059 1443 ctos
1072 1415 1256 1443 Brachmanas
1271 1423 1334 1443 cum
1344 1414 1481 1451 Tyaneusi
1492 1437 1499 1449 ,
1516 1416 1614 1443 balneo
1629 1424 1695 1444 usos
1710 1424 1770 1444 esse
1780 1437 1788 1446 .

999 1469 1115 1495 eumque
1129 1461 1298 1492 ambientes.
1316 1461 1401 1489 choro
1414 1461 1509 1495 quasi.
1537 1465 1639 1489 terram
1662 1463 1791 1497 scipioni—

999 1507 1050 1534 bus
1062 1505 1184 1538 feriisse;
1200 1513 1260 1533 eam
1277 1514 1342 1533 vero
1358 1506 1386 1533 in
1404 1506 1515 1541 gibbum
1532 1507 1710 1539 resilientem,
1728 1509 1790 1536 alli-

999 1552 1093 1580 tudine
1110 1552 1250 1580 bicubitali
1265 1560 1312 1579 eos
1325 1554 1352 1579 in
1376 1560 1468 1580 aerem
1497 1554 1639 1586 extulisse,
1656 1555 1788 1589 pensiles—

153 1599 249 1626 ἕλκειν
262 1599 290 1626 δὲ
307 1600 354 1626 καὶ
374 1599 428 1635 πῦρ
445 1599 498 1626 ἀπὸ
512 1599 559 1626 τοῦ
581 1599 666 1636 ἡλίου,
686 1601 730 1626 ὅτε
744 1600 888 1635 βούλοιντο,
903 1601 948 1628 αύ-

1000 1607 1051 1633 que
1065 1598 1224 1632 aliquandiu
1240 1598 1266 1625 in
1283 1599 1342 1633 ipso
1364 1606 1427 1626 aere
1447 1599 1508 1626 illos
1521 1600 1688 1628 substitisse.
1712 1600 1789 1628 Deri-

153 1645 293 1680 τομάτως.
309 1645 419 1677 Τούτοις
434 1645 456 1672 δ’
471 1646 596 1681 ἐπιφέρει
613 1646 762 1681 παράδοξον
777 1648 790 1673 ό
809 1646 944 1682 θαυματο-

152 1691 237 1725 λόγος
247 1700 253 1706 ·
270 1691 307 1722 ὡς
323 1691 376 1727 ἄρα
390 1691 515 1727 τρίποδες
532 1692 644 1718 Πυθικοὶ
656 1693 782 1728 τέτταρες
799 1692 946 1729 ἐξεκυκλὴο

154 1738 247 1774 Θησαν
262 1737 309 1773 (9).
327 1738 474 1773 αὐτόματοι
495 1738 654 1772 φοιτῶντες·
674 1739 720 1766 καὶ
736 1739 839 1771 εἰκάζει
852 1739 884 1774 δὴ
899 1737 946 1766 οὗν

153 1784 259 1815 αὐτοὺς
277 1785 334 1816 τοῖς
355 1784 507 1820 ὐμηρείοις
517 1794 523 1800 ο
544 1785 678 1820 οἰνοχόους
698 1785 722 1811 τ’
737 1785 783 1811 ἐπὶ
796 1785 900 1817 τούτοις
914 1786 947 1812 ἐκ

153 1830 262 1865 χαλκοῦ
283 1830 422 1862 διακόνους
448 1831 498 1866 τὴν
523 1830 588 1866 ὓλην
611 1831 665 1866 (ιο)
688 1831 776 1866 ἵστησι
802 1831 945 1867 τέτταρας.

161 1875 300 1910 Ἐπιλέγει
311 1876 339 1902 δὲ
355 1876 393 1908 ὡς
409 1876 462 1912 ἄρα
482 1877 528 1903 καὶ
543 1877 559 1912 ἠ
573 1877 606 1912 γῆ
618 1877 777 1912 αὐτομάτως
792 1877 947 1913 ὑπεστρών-

153 1931 222 1951 vute
242 1923 334 1955 αὐτοῖς
350 1923 427 1954 πόας.
444 1922 504 1949 Τῶν
524 1923 551 1949 δὲ
568 1923 701 1959 τριπόδων
720 1923 745 1949 οἱ
763 1923 811 1958 μὲν
825 1923 881 1955 δύο,
897 1932 948 1959 φη-

155 1970 214 2001 σὶν,
235 1968 306 1996 οἴνου
322 1967 467 2005 ἀπέρρεον,
490 1970 514 1997 οἱ
533 1969 561 1996 δὲ
583 1970 670 2004 ἕτεροι
688 1969 744 2001 δύο,
759 1970 773 1995 ό
790 1970 839 2005 μὲν
853 1969 947 2002 ὓδατος

153 2015 262 2051 θερμοῦ
287 2017 385 2052 κρᾶσιν
407 2018 547 2052 παρεῖχεν,
570 2017 584 2043 ὁ
605 2016 627 2043 δ’
647 2014 680 2043 αὖ
699 2016 812 2052 ψυχροῦ,
834 2017 903 2048 Τοὺς
919 2016 947 2043 δὲ

152 2063 293 2098 οἰνοχόους
318 2063 381 2094 τοὺς
397 2062 515 2098 χαλκοῦς
540 2062 671 2099 ἀρύεσθαι
697 2062 836 2099 εὖμέτρως
856 2062 903 2089 τοῦ
917 2071 947 2089 τε

153 2108 231 2136 οῐνου
258 2109 368 2136 καὶτοῦ
394 2108 505 2140 ὕδατος·
530 2109 715 2144 περιελαύνειν
736 2117 766 2144 γε
789 2109 879 2145 κύκλῳ
900 2109 948 2141 τὰς

154 2155 284 2188 κύλικας,
300 2155 394 2191 ὥσπερ
404 2156 432 2182 ὲν
444 2157 500 2187 τοῖς
512 2155 602 2188 πότοις
616 2155 682 2192 (ii).

425 2289 622 2316 ΚΕΦᾹΛΑΙΟΝ
641 2290 683 2316 K'.

193 2334 288 2361 Ταῦτα
310 2334 446 2370 Ἱεροκλεῖ,
460 2335 495 2362 τὰ
506 2335 636 2362 ἀνωτάτω
651 2335 705 2371 (12)
720 2336 766 2362 καὶ
789 2335 901 2363 καθόλου
913 2336 950 2363 δι-

154 2382 296 2418 καστήρια
328 2382 544 2417 πεπιστευμένῳ,
570 2381 639 2417 μετὰ
668 2382 767 2418 πολλῆς
797 2382 949 2414 ἀνετὰσεως

197 2479 223 2495 ⁸⁸
243 2478 292 2505 lib.
309 2486 351 2510 ιιι,
367 2486 392 2506 c.
410 2477 455 2505 i7.
493 2479 515 2495 “
534 2479 582 2506 lib.
602 2487 648 2511 ιιι,
666 2486 692 2506 c.
710 2479 756 2507 27.

998 1651 1062 1670 vare
1078 1644 1142 1671 item
1154 1650 1201 1670 eos
1213 1643 1260 1670 ubi
1276 1643 1422 1675 voluerint,
1436 1651 1469 1670 ex
1485 1644 1541 1670 sole
1556 1643 1644 1679 ignem
1656 1664 1664 1677 ,
1691 1650 1788 1680 sponte

999 1693 1168 1724 sequentem.
1190 1689 1278 1724 Atque
1293 1688 1354 1716 istis
1366 1689 1494 1716 omnibus
1509 1697 1566 1716 rem
1581 1690 1659 1724 plane
1674 1695 1787 1726 stupen-

999 1735 1060 1762 dam
1078 1739 1253 1770 portentosas
1268 1735 1313 1762 ille
1327 1735 1445 1770 scriptor
1457 1736 1548 1770 jungit
1563 1736 1603 1769 “;
1620 1740 1649 1763 ut
1666 1737 1787 1772 tripodes

999 1789 1106 1816 nempe,
1120 1780 1224 1816 Pythiis
1241 1781 1358 1813 similes,
1386 1785 1513 1816 quatuor,
1529 1786 1626 1816 sponte
1651 1790 1700 1810 sua
1726 1791 1787 1811 mo-

999 1831 1105 1860 ventes,
1122 1827 1148 1854 in
1163 1827 1280 1854 medium
1293 1827 1497 1862 prooesserint;
1514 1835 1616 1863 eosque
1633 1827 1786 1858 Homericis

1000 1874 1103 1901 similes
1115 1881 1177 1901 esse
1202 1873 1248 1900 ait.
1272 1872 1420 1900 Pincernas
1446 1877 1537 1901 autem
1554 1874 1587 1902 iis
1612 1882 1645 1902 ex
1672 1882 1745 1907 tere.
1762 1877 1786 1904 si

999 1918 1141 1946 materiam
1165 1923 1284 1954 spectes,
1298 1919 1344 1954 qui
1363 1919 1568 1953 ministrarent,
1594 1921 1690 1947 statuit
1717 1930 1786 1957 qua-

1000 1969 1073 1992 tuor.
1089 1964 1171 1992 Addit
1185 1966 1287 1998 etiam,
1308 1969 1338 1992 ut
1362 1969 1434 1993 terra
1458 1969 1555 2000 sponte
1577 1966 1701 2001 gramina
1722 1967 1788 1995 sub-

1000 2011 1139 2040 straverit.
1152 2011 1300 2047 Tripodum
1313 2015 1402 2039 autem
1416 2011 1496 2039 binos
1511 2012 1548 2039 ait
1562 2013 1626 2040 vino
1643 2020 1785 2046 manasse,

999 2058 1168 2093 reliquorum
1197 2066 1262 2086 vero
1290 2058 1405 2086 alterum
1429 2059 1524 2086 calida:
1547 2058 1730 2087 admiscenda:
1744 2068 1787 2088 co-

998 2105 1069 2140 piam
1084 2104 1191 2138 feeisse,
1209 2105 1322 2132 alterum
1344 2104 1466 2140 frigidm;
1487 2113 1627 2141 aereosque
1642 2106 1786 2141 pincernas

997 2151 1091 2178 vinum
1109 2151 1210 2186 pariter
1226 2154 1253 2178 et
1277 2158 1375 2186 aquam
1398 2152 1472 2187 larga
1498 2152 1624 2180 hausisse
1642 2160 1784 2186 mensura;

998 2197 1097 2224 calices
1111 2197 1186 2224 enim
1202 2197 1378 2226 circumlatos
1395 2205 1466 2230 esse,
1484 2202 1514 2226 ut
1530 2198 1587 2225 fieri
1604 2199 1633 2226 in
1647 2204 1787 2234 compota-

997 2243 1120 2270 tionibus
1135 2243 1246 2271 assolet.

1246 2288 1326 2324 525
1345 2289 1457 2317 CAPUT
1476 2289 1535 2316 xx.

1035 2334 1088 2362 Ista
1111 2333 1247 2367 Hierocli,
1271 2335 1406 2370 supremis
1431 2335 1458 2361 in
1484 2335 1633 2370 provinciis
1658 2335 1786 2370 praefecto

1000 2381 1164 2414 dicasteriis,
1184 2383 1268 2408 multa
1281 2381 1406 2409 instituta
1424 2381 1632 2416 disquisitione,
1647 2389 1709 2409 vera
1724 2389 1786 2410 esse

193 2558 233 2593 (8)
254 2558 442 2592 Προσειπεῖν.
469 2557 508 2584 lta
522 2565 555 2585 ex
569 2557 735 2584 Philostrato
753 2556 945 2590 scribendum;
963 2562 985 2589 ι)
1000 2556 1086 2593 invito
1099 2556 1197 2592 linguae
1207 2557 1298 2592 genio,
1310 2563 1369 2583 eam
1381 2557 1474 2593 itaque
1485 2557 1573 2585 omitti
1585 2556 1666 2592 plane
1679 2556 1783 2591 malim,

154 2595 230 2622 male
243 2594 314 2620 enim
331 2594 358 2621 in
374 2594 454 2621 editis
469 2593 578 2628 Eusebii
592 2597 634 2620 est
649 2593 798 2628 προειπεῖν.

195 2628 233 2664 (9)
261 2628 536 2663 Ὲξεκυκλήθησαν.
550 2627 607 2664 Vox
624 2628 650 2654 ιιι
667 2627 783 2655 theatris
798 2627 895 2655 usitata
914 2628 948 2655 de

155 2664 223 2695 illis.
238 2672 298 2698 qua:
310 2665 443 2691 machinis
460 2663 575 2690 occultis
588 2663 614 2690 in
628 2670 740 2698 scenam
759 2664 947 2697 provehehan—

154 2704 218 2731 tur;
237 2697 324 2726 utitur
336 2699 442 2728 eadem.
460 2699 504 2726 ubi
522 2699 555 2725 de
570 2698 612 2726 his
627 2697 827 2725 Brachmanum
843 2698 948 2726 artibus

156 2735 293 2769 loquitur,
303 2734 471 2769 Thespesion
485 2734 705 2769 gymnosophisla
718 2733 789 2769 apud
798 2732 948 2760 Philostra-

156 2767 216 2797 ιιιιίι
235 2770 282 2796 lib.
297 2778 332 2801 νι,
347 2767 383 2797 Dé
404 2771 458 2796 vita
473 2767 624 2803 Apollonii,
635 2777 694 2803 cap.
709 2768 751 2795 10.
767 2767 840 2795 Loco
857 2773 947 2796 autem

156 2806 204 2840 ubi
220 2805 277 2832 hinc
297 2805 452 2832 referuntur
471 2804 581 2840 proprio
600 2805 712 2831 verbum
733 2803 948 2840 ὲξεπορεύθησαν

156 2838 290 2868 Philostr.
310 2840 444 2867 adhibuit.

195 2875 252 2911 (i0)
273 2876 394 2911 Χαλκοῦ
409 2875 567 2908 διακόνους
589 2874 647 2909 τὴν
666 2874 755 2911 ὕλην.
779 2873 864 2909 Egre
881 2873 946 2901 mihi

158 2910 228 2949 facit
244 2909 297 2938 'vox
311 2910 451 2949 διακόνους
467 2910 626 2949 interposita
649 2909 877 2949 vocibusnatpra
894 2917 944 2949 sua

158 2946 371 2982 coniungendis,
387 2953 475 2981 neque
494 2944 548 2973 hac'
562 2946 668 2974 ratione
691 2945 864 2978 divellendis,
890 2944 945 2972 nisi

999 2592 1067 2619 nihil
1078 2593 1150 2618 enim
1167 2599 1197 2619 ea
1213 2596 1254 2620 est
1267 2599 1346 2626 opus.

1036 2627 1092 2662 (ii)
1112 2627 1226 2660 Πότοις.
1244 2627 1312 2654 Male
1333 2628 1359 2655 in
1377 2628 1459 2656 editis
1474 2627 1625 2655 habebatur
1640 2629 1783 2662 ποταμοῖς,

985 2661 1071 2696 ’(ιιιοιΙ
1085 2670 1181 2690 secm'e
1194 2663 1274 2691 nimis
1286 2668 1397 2690 secutus
1410 2664 1461 2690 fuit
1475 2663 1614 2694 Acciolus,
1626 2663 1671 2698 qui
1683 2661 1765 2690 vertit
1776 2671 1782 2679 ·

1000 2697 1052 2725 Sed
1069 2702 1093 2725 et
1108 2697 1207 2734 calices
1218 2704 1291 2726 actas
1305 2699 1332 2724 ἰὴ
1342 2707 1435 2733 gyrum
1447 2699 1524 2734 quasi
1535 2697 1663 2725 verticoso
1676 2698 1784 2732 ﬂumina

999 2733 1178 2768 impellebant.
1190 2733 1226 2760 Eo
1238 2734 1323 2760 tutius
1335 2738 1424 2761 autem
1437 2734 1529 2765 πότοις
1540 2734 1701 2764 substituas,
1710 2735 1783 2768 quod

1000 2768 1058 2802 ipsa
1078 2769 1123 2795 hic
1144 2767 1302 2796 Philostrati
1330 2770 1411 2796 verba
1432 2769 1576 2797 retinuerit
1594 2767 1739 2799 Eusebius,
1755 2769 1783 2797 in

1001 2805 1081 2838 cujus
1096 2808 1172 2830 textu
1191 2804 1281 2836 τούτοις
1306 2805 1430 2831 codicum
1456 2805 1576 2832 omnium
1592 2812 1728 2832 consensu
1745 2805 1784 2832 le-

1001 2839 1084 2876 gitur.
1099 2839 1229 2876 Eamdeni
1245 2840 1386 2876 lectionem
1402 2839 1566 2868 Salmasium
1581 2848 1690 2876 quoque
1699 2840 1783 2868 resti-

1001 2875 1098 2910 tuisse,
1112 2878 1174 2910 post
1182 2874 1376 2910 animadverti.

1035 2909 1090 2944 (12)
1112 2908 1150 2937 Τὰ
1165 2908 1313 2943 ἀνωτάτω,
1329 2915 1383 2938 etc.
1401 2910 1501 2939 Eadem
1518 2910 1608 2941 verbis
1624 2910 1720 2941 iisdem
1735 2910 1786 2938 ba-

998 2944 1047 2973 bes
1064 2952 1157 2980 supra,
1173 2952 1233 2980 cap.
1250 2944 1276 2972 5.
