2065 3216
312 221 366 250 837

648 218 781 246 EUSEBII
802 216 1040 246 CESARIENSIS
1059 215 1135 244 OPP.
1156 215 1246 242 PARS
1266 215 1299 242 ll.
1317 230 1352 236 —
1371 213 1618 242 APOLOGETICA.

311 280 440 307 videntur
454 280 536 312 atque
548 274 698 311 explorata,
711 279 806 303 nostra
819 279 910 302 autem
922 274 1088 309 simplicitas.

1146 272 1233 308 ἀληθῆ
1251 274 1299 300 καὶ
1313 272 1396 299 πιστὰ
1417 269 1487 298 εἶναι
1501 272 1584 298 δοκεῖ.
1601 271 1656 297 Καὶ
1680 269 1757 305 ἡμῶν
1783 269 1833 304 μὲν
1855 270 1929 305 εὐκί-

312 325 463 360 levitasque
484 323 567 350 animi
592 322 672 356 longe
697 322 815 347 maxima
836 321 870 348 ab
889 328 921 347 eo
940 320 1094 346 damnatur.

312 372 371 406 Ipse
383 375 472 397 autem
486 369 550 396 talia
566 368 682 395 credens
700 367 877 398 Philostrato,
891 367 934 393 his
954 367 1022 401 ipsis
1034 373 1096 393 ver-

311 418 353 444 bis
368 424 398 444 se
409 417 504 451 jactat,
520 415 647 450 inquiens
665 425 672 441 :
687 423 697 440 ι
716 413 865 441 Videamus
885 414 956 440 enim
967 433 975 444 ,
993 417 1096 447 quanto

309 470 361 489 nos
391 463 490 490 melius
517 461 574 488 hac
605 464 687 495 atque
707 459 869 495 prudentius
898 459 1093 492 admittamus,

309 511 335 535 et
351 515 411 542 qua:
430 507 464 534 de
480 506 619 542 praeclaris
636 506 737 532 virtute
751 505 819 533 viris
843 505 980 532 sententia
1000 508 1094 531 nostra

310 553 355 581 lit.
375 562 386 579 ι
1082 553 1084 555 ’

598 607 714 636 CAPUT
735 606 805 636 XXI.

342 665 372 693 In
401 669 532 701 apparatu
557 673 639 700 porro
664 666 716 693 hoc
745 665 826 693 modo
847 664 989 698 convivio,
1017 665 1095 700 juxta

307 711 397 747 ipsum
420 711 616 740 Philostratum
643 712 683 744 ",
712 711 840 738 lmlorum
865 711 1004 738 inducitur
1028 719 1093 743 rex,

306 759 535 793 compotatimlem
561 759 708 786 instituens
728 765 790 784 cum
811 757 991 792 philosophis.
1016 756 1095 784 Hunc

305 811 371 830 vero
387 805 503 839 superbe
519 811 549 831 se
561 805 679 838 gessisse
693 804 759 831 etin
776 803 976 838 philosophiam
999 803 1096 830 debac-

305 849 416 876 chatnm
429 853 533 881 narrat,
556 850 667 884 crapula
691 849 755 876 item
775 849 846 884 apud
867 857 915 877 eos
937 849 1094 884 incaluisse,

305 902 424 933 cumque
439 895 497 930 ipso
513 896 570 923 sole
591 895 624 922 de
642 895 797 930 principatu
819 895 994 924 contendisse
1005 917 1013 928 ,
1029 897 1095 924 alia-

1149 328 1208 355 ρεια
1218 320 1264 346 καὶ
1275 319 1410 354 κουφότης
1417 319 1472 354 (l5)
1481 318 1592 353 πλείστη
1605 318 1653 352 ὅση
1668 317 1853 350 κατέγνωσται
1866 316 1927 352 παρ’

1145 366 1234 402 αὐτῷ’
1256 366 1336 398 αὐτὸς
1351 365 1390 396 δὲ,
1407 365 1519 391 τοιαῦτα
1537 364 1707 399 Φιλοστρὰτῳ
1721 362 1867 393 πιστεύων,
1884 363 1928 389 αὺ-

1145 414 1201 445 τοῖς
1223 413 1255 449 δὴ
1286 413 1390 448 ῥήμασι
1417 411 1578 447 σεμνύνεται
1609 410 1705 444 λέγων·
1738 419 1747 435 ι
1765 408 1928 444 Σκεψώμεθα

1145 468 1177 494 γε
1206 459 1258 495 μὴν
1284 460 1339 494 ὅσῳ
1360 459 1463 494 βέλτιον
1491 457 1539 484 καὶ
1556 455 1734 492 ξυνετώτερον
1758 456 1838 490 ἡμεῖς
1861 455 1928 482 ἐκδε-

1145 505 1249 541 χόμεθα
1260 506 1295 533 τὰ
1307 505 1430 538 τοιαῦτα,
1441 505 1488 532 καὶ
1495 505 1528 540 ἢν
1540 504 1604 540 περὶ
1616 503 1670 530 τῶν
1682 503 1815 538 ὲναρέτων
1828 501 1929 537 ἀνδρῶν

1145 552 1242 589 ἔχομεν
1256 552 1378 588 γνώμην.
1400 562 1410 578 ι

1396 608 1594 635 ΚΕΦΑΛΑῘΟΝ
1613 607 1677 634 KA'.

1187 668 1248 696 Ἐπὶ
1263 667 1376 702 τοιούτῳ
1389 667 1421 702 δὴ
1435 666 1474 702 τῷ
1489 665 1642 702 συμποσίῳ,
1658 664 1728 691 κατὰ
1741 663 1785 690 τὸν
1797 664 1877 691 αὑτὸν
1890 664 1930 690 Qu

1145 717 1298 752 λόπρατον,
1325 714 1450 750 βασιλεὺς
1471 713 1644 748 ἐγχωριάζων
1671 711 1761 743 Ἰνδοῖς
1782 711 1929 744 εἰσάγεται,

1145 763 1286 799 συμπίνων
1307 759 1541 795 τοῖςιφὺοσόφοις.
1559 758 1658 785 Τοῦτον
1678 757 1706 784 δὲ
1720 756 1931 793 ἑνυόρίζειν”καὶ

1145 810 1320 845 ὲμπαροινεῖν
1337 807 1489 842 φιλοσοφίᾳ,
1509 803 1690 841 μεθύσκεσθαί
1704 813 1734 830 τε
1751 804 1816 838 παρ’
1830 803 1930 834 αὐτοῖς,

1145 854 1192 880 καὶ
1223 851 1449 887 ἀντιπαρεξάγειν
1471 849 1510 885 τῷ
1539 849 1615 885 ἡλίῳ,
1649 849 1695 876 καὶ
1725 847 1932 880 ἀλαζονεύεσθαι

1147 900 1258 935 ἱστορεῖ.
1276 898 1331 924 Καὶ
1347 897 1427 924 πάλιν
1443 896 1488 922 τὸν
1508 894 1683 921 ’Δπολλώνιον
1696 894 1729 921 δι’
1745 894 1885 930 ἑρμηνέως
1899 894 1933 920 τὰ

304 950 359 979 que
375 944 446 971 elato
460 941 552 970 animo
568 940 717 976 jactitasse.
735 940 855 969 Rursum
868 946 957 969 autem
978 949 1026 978 per
1048 942 1088 970 in-

1141 945 1217 982 παρέι
1231 944 1324 973 τούτου
1340 943 1483 980 μανθάνειν
1494 951 1501 958 ⁸
1516 942 1562 970 καὶ
1572 940 1604 970 αὖ
1620 942 1701 970 πάλιν
1711 942 1780 976 πρὸς
1789 940 1932 971 aitet/3t:-

304 995 451 1031 terpretem
469 991 521 1018 ista
540 991 574 1018 ab
595 997 627 1017 eo
647 990 786 1025 accepisse
800 990 992 1024 Apollonium;
1007 990 1091 1018 vicis-

305 1037 412 1072 simque
421 1044 512 1071 regem
528 1036 676 1063 allocutum
694 1044 770 1069 esse,
788 1036 884 1063 larcba
899 1036 986 1064 vicem
1009 1036 1093 1064 inter-

305 1083 388 1118 pretis
405 1082 568 1110 sustinente.
588 1081 640 1116 Qui
662 1087 753 1110 autem
777 1082 957 1111 admiratione
980 1082 1092 1118 dignum

305 1127 377 1154 haud
393 1127 592 1158 existimemus,
613 1127 685 1162 quod
699 1128 847 1163 superbum
865 1133 1023 1164 tantopere,
1044 1130 1092 1156 ab—

304 1173 388 1200 surde
405 1172 472 1200 adeo
485 1173 659 1206 debacchari,
674 1176 702 1200 et
723 1174 841 1209 crapulae
864 1174 1005 1210 indulgere
1019 1183 1093 1203 vero-

304 1219 394 1246 simile
422 1223 504 1254 queat
524 1219 626 1251 videri,
651 1227 730 1253 quem
751 1228 785 1247 ne
810 1220 844 1248 ad
866 1221 1090 1256 philosophorum

303 1266 424 1301 quidem,
440 1266 540 1293 nedum
553 1266 612 1293 deis
628 1267 759 1294 similium
775 1267 896 1294 virorum
917 1270 1033 1302 penates‘
1042 1275 1092 1302 par

303 1315 362 1338 erat
385 1311 530 1339 accedere?
545 1311 616 1344 Quid
630 1319 694 1339 vero
713 1316 766 1345 est,
789 1313 862 1346 quod
887 1313 1024 1340 semideos
1043 1321 1091 1340 eos

304 1357 421 1392 appello,
432 1361 459 1384 et
473 1358 599 1393 dignitati
611 1359 732 1385 virorum
744 1358 828 1385 illudo
837 1359 848 1384 ?
858 1359 1090 1394 quandoquidem,

303 1403 447 1438 Apollonio
465 1404 648 1440 interrogante
669 1405 706 1436 “,
723 1412 856 1439 quosnam
879 1413 909 1432 se
931 1413 992 1432 esse
1012 1409 1092 1440 puta-

305 1449 384 1476 rent?
400 1448 466 1476 deos
483 1457 513 1476 se
527 1457 588 1477 esse
604 1449 745 1484 respondit
762 1449 882 1477 larchas.
902 1449 954 1482 Qui
973 1451 1054 1477 etiam
1068 1450 1091 1466 δ’

304 1495 375 1530 apud
394 1495 534 1526 convivas,
560 1500 589 1522 ut
610 1495 655 1530 qui
681 1495 748 1523 deus
774 1500 856 1526 esset,
882 1495 968 1522 modo’
981 1496 1089 1531 quidem

303 1539 496 1575 philosophum
511 1541 622 1568 minime
638 1541 801 1573 addecente,
822 1541 907 1568 multo
921 1542 1010 1569 minus
1024 1550 1091 1569 con-

302 1585 427 1612 veniente
443 1585 497 1617 dei,
510 1593 590 1620 quem
608 1593 637 1613 se
654 1593 716 1614 esse
729 1586 869 1621 prolessus
880 1591 933 1619 est,
951 1587 1088 1622 dignitati,

1143 993 1278 1028 λέγεσθαι,
1287 992 1520 1028 ὑφερμηνεύοντος
1531 990 1576 1017 τοῦ
1584 990 1685 1026 Ἰάρχα.
1696 991 1751 1017 Καὶ
1762 990 1820 1022 πῶς
1829 990 1861 1017 οὺ
1870 989 1933 1016 Θαυ-

1144 1041 1238 1077 μάζειν
1255 1039 1343 1072 ἄξιον,
1361 1039 1434 1069 ὅπως
1463 1037 1508 1063 τὸν
1533 1036 1662 1072 ὑϐριστὴν
1680 1036 1727 1063 καὶ
1758 1035 1932 1063 ἀτοπώτατον

1143 1087 1282 1122 παροινεῖν
1297 1085 1344 1111 καὶ
1370 1083 1551 1120 μεθύσκεσθαι
1573 1083 1648 1118 παρὰ
1669 1081 1839 1118 τηλικούτοις
1861 1081 1931 1114 εἰχδς

1141 1130 1185 1168 ἦν,
1203 1133 1232 1159 ὃν
1255 1132 1315 1158 οὐδὲ
1339 1129 1463 1165 παριέναι
1486 1129 1560 1161 ἄξιον
1582 1129 1610 1154 ὲν
1633 1128 1794 1163 φιλοσόφων,
1811 1129 1878 1164 μήτι
1900 1137 1930 1162 γε

1141 1179 1189 1204 καὶ
1211 1177 1322 1203 ἰσοθέων
1335 1175 1425 1211 ἑστίῃ
1443 1175 1475 1201 Τί
1497 1174 1525 1201 δέ
1549 1183 1593 1209 μοι
1610 1173 1729 1206 ἰσοθέους
1749 1175 1861 1205 τούτους
1885 1183 1932 1201 κα-

1141 1222 1207 1253 λεῖν,
1231 1223 1277 1249 καὶ
1295 1222 1346 1256 τῆς
1361 1221 1438 1253 ἀξίας
1454 1219 1604 1255 ἐνυϐρίζειν
1616 1221 1679 1251 τοὺς
1699 1219 1815 1256 ἄνδραςς
1840 1220 1929 1253 ὁπότε,

1142 1268 1292 1303 πυθομένου
1306 1267 1351 1294 τοῦ
1372 1266 1560 1296 Ἀπολλωνίου,
1575 1265 1649 1296 τίνας
1658 1266 1771 1297 ἑαυτοὺς
1784 1265 1913 1301 ἡγοῦνται
1922 1286 1929 1295 ,

1141 1314 1230 1345 θεοὺς,
1246 1313 1298 1348 ἔφη
1314 1314 1328 1339 ό
1347 1313 1468 1347 Ὶάρχας·
1487 1311 1516 1342 ὃς
1529 1312 1576 1337 καὶ
1592 1312 1647 1341 τοῖς
1664 1310 1826 1345 συμπόταις,
1838 1308 1882 1337 οἷα
1899 1309 1930 1336 δὴ

1141 1360 1201 1391 θεὸς
1213 1358 1327 1394 (ιι-15),
1340 1357 1484 1392 φιλοσόφου
1504 1357 1552 1392 μὲν
1561 1357 1660 1392 ἥκιστα
1674 1356 1778 1392 τρόπῳ,
1791 1355 1890 1382 πολ).οὖ
1900 1364 1930 1389 ’τε

1140 1406 1190 1437 δεῖ,
1211 1406 1276 1440 μήτι
1294 1413 1326 1438 γε
1341 1403 1450 1440 μᾶλλον,
1466 1400 1496 1430 οὗ
1512 1403 1607 1437 ἔφησε,
1624 1402 1684 1429 θεοῦ
1704 1402 1797 1435 ἀξίως,
1811 1403 1863 1437 τὴν
1875 1402 1931 1436 φιά-

1141 1451 1189 1487 λην
1204 1451 1363 1477 ὲπικύπτων
1375 1449 1430 1484 (16)
1446 1449 1570 1484 ἐξῆρχεν.
1590 1448 1622 1474 Ἦ
1633 1448 1671 1479 δὲ,
1684 1449 1766 1483 φησὶν
1783 1449 1798 1474 ὁ
1817 1454 1932 1482 συγγρα-

1142 1499 1218 1533 φεὺς,
1240 1497 1277 1529 ὡς
1303 1496 1357 1532 ἄρα
1379 1494 1486 1527 ὲπότιζε
1505 1495 1559 1531 (Π)
1577 1494 1677 1526 ἱκανῶς
1703 1495 1816 1526 πάντας,
1843 1493 1933 1520 ἐπεδί-

1140 1543 1185 1570 δου
1205 1543 1271 1578 (18),
1285 1541 1410 1577 καθάπερ
1432 1542 1460 1568 αἱ
1482 1541 1632 1577 ἀπόρρητοι
1648 1539 1735 1575 πηγαὶ
1751 1541 1807 1571 τοῖς
1829 1540 1934 1575 ἀνιμω-

1144 1589 1245 1625 μένοις.

302 1632 399 1666 Phiala!
426 1632 598 1665 incumbens,
623 1634 851 1668 compotationem
871 1634 984 1670 incepit.
1002 1635 1040 1662 Ea
1073 1645 1139 1666 vero
1158 1637 1233 1668 dum,
1259 1640 1388 1664 narrante
1405 1636 1554 1665 historico.
1571 1634 1698 1662 omnilms
1716 1634 1817 1661 allatim
1837 1637 1929 1668 potum

301 1681 444 1716 praeberet,
464 1681 615 1709 liberaliter
643 1681 761 1718 [latices]
792 1683 986 1718 submittebat,
1004 1685 1116 1720 perinde
1136 1694 1168 1714 ac
1199 1685 1288 1713 l‘ontcs
1309 1684 1412 1713 occulti
1438 1684 1626 1711 haurientibus
1649 1683 1748 1718 [aquas
1770 1682 1933 1710 submittere

300 1728 412 1765 solent].

584 1776 701 1805 CAPUT
723 1777 802 1805 XXll.

337 1821 494 1850 Succedunt
508 1822 571 1850 inde
582 1824 669 1850 mutui
687 1831 829 1852 sermones
845 1829 873 1853 et
891 1826 1088 1861 philosophica:

300 1867 512 1903 disputationes,
527 1867 623 1895 larcha
637 1869 751 1896 docente
764 1870 786 1885 "
802 1874 831 1897 ut
850 1879 898 1898 sua
914 1872 978 1898 olim
998 1871 1087 1898 anima

300 1915 328 1941 in
346 1915 399 1941 alio
421 1914 550 1943 hominis.
567 1915 614 1952 qui
634 1923 682 1943 rex
696 1916 788 1949 fuerit,
803 1917 941 1945 exstiterit
962 1925 1086 1953 eorp0te.

300 1963 382 1994 atque
404 1959 468 1986 talia
491 1960 615 1994 quaedam
644 1961 672 1988 in
696 1969 728 1989 eo
754 1963 921 1997 patraverit:
944 1963 1087 1998 Apollonio

300 2005 421 2032 vicissim
435 2005 470 2037 “,
491 2011 521 2033 ut
540 2007 619 2034 navis
642 2007 778 2043 Egyptiae
796 2009 931 2036 exstiterit
952 2010 1089 2045 guberna-

300 2053 361 2083 tor,
394 2058 507 2086 quaeque
530 2052 582 2079 sibi
607 2057 682 2087 gesta
701 2057 758 2080 tum
789 2054 911 2088 fuerint,
944 2059 1084 2082 narrante.

299 2094 470 2128 Qumstiones
481 2105 546 2126 vero
559 2103 586 2126 et
597 2100 792 2134 responsiones
807 2101 951 2136 utriusque
966 2105 1030 2128 sunt
1045 2105 1086 2128 ta-

298 2142 348 2175 les,
365 2144 486 2178 qualium
499 2152 533 2172 ne
547 2146 711 2174 mentionem
724 2147 834 2182 quidem
851 2147 960 2181 fecisse,
975 2149 1085 2183 sapien-

298 2189 335 2216 tia
350 2190 467 2218 maxime
484 2195 542 2218 erat
557 2191 680 2228 dignum.
703 2193 889 2228 Interrogasse
912 2203 976 2230 ergo
1001 2197 1085 2231 Apol-

297 2235 399 2262 lenium
414 2236 498 2264 refert
511 2237 545 2270 ",
559 2245 676 2266 aureane
695 2239 765 2274 apud
786 2246 834 2266 eos
856 2247 926 2274 aqua
950 2241 1085 2268 invenire-

295 2281 387 2310 tur?0
402 2282 508 2317 plenam
527 2284 683 2318 sapientiae,
698 2292 714 2311 ο
736 2283 925 2312 admirandam
949 2287 1077 2321 quaastio-

1396 1777 1593 1804 ΚΕΦΑΛΑῘΟΝ
1617 1777 1681 1802 KB'.

1174 1823 1252 1851 Μετὰ
1264 1822 1350 1850 ταῦτα
1365 1823 1453 1849 κοιναὶ
1463 1822 1549 1857 λόγων
1566 1822 1678 1857 ὁμιλίαι,
1695 1822 1742 1848 καὶ
1757 1823 1929 1849 σπουοαιολο-

1139 1870 1197 1905 γίαι
1222 1869 1276 1896 τῶν
1298 1869 1462 1904 φιλοσόςων,
1489 1868 1534 1894 τοῦ
1561 1868 1609 1903 μὲν
1631 1868 1723 1903 Ίάρχα
1747 1868 1934 1899 διδάσκοντοςνν

1139 1916 1177 1948 ὡς
1192 1917 1245 1951 ἄρα
1260 1915 1324 1942 ποτὲ
1335 1915 1409 1950 αὑτῷ
1425 1916 1441 1950 ἡ
1456 1914 1528 1950 ψυχὴ
1542 1915 1570 1940 ὲν
1588 1914 1683 1950 ἑτέρῳ,
1700 1913 1844 1949 ἀνθρώπου
1858 1914 1931 1948 βατι-

1139 1963 1218 1994 λέως,
1232 1962 1335 1996 γένοιτο
1351 1961 1467 1996 σώματι,
1484 1960 1529 1987 καὶ
1549 1960 1634 1986 τοιάδε
1653 1959 1713 1986 τινὰ
1735 1960 1810 1994 αὑτῷ
1824 1969 1935 1996 πεπρα-

1139 2010 1228 2045 γμένα
1249 2008 1309 2043 εῐιί⁸
1322 2007 1369 2034 τοῦ
1392 2006 1568 2034 ’Δπολλωνίου
1588 2006 1627 2037 δὲ,
1641 2006 1678 2037 ὡς
1691 2006 1752 2041 νηὸς
1776 2007 1935 2040 Αἰγυπτίας

1137 2056 1201 2083 ποτὲ
1219 2056 1323 2089 γένοιτο
1346 2054 1525 2090 κυϐερνήτης,
1542 2054 1588 2080 καὶ
1611 2053 1729 2080 τοσαῦτα
1743 2052 1929 2089 διαπράξοιτο.

1137 2103 1250 2134 Πεύσεις
1263 2110 1292 2128 τε
1307 2102 1353 2127 καὶ
1375 2101 1535 2136 ἀποκρίσεις
1556 2100 1682 2131 ἑκάστου,
1700 2096 1736 2125 ὧν
1751 2100 1799 2126 καὶ
1813 2099 1864 2134 τῆς
1887 2107 1937 2125 σο-

1136 2148 1199 2182 φίας
1214 2147 1288 2180 ἄξιον
1307 2146 1439 2182 μηδαμῶς
1457 2145 1639 2182 παρεκοέσθαι
1654 2145 1701 2180 τὴν
1717 2146 1837 2180 μνήμην.
1859 2144 1934 2180 Ἐρέ-

1137 2196 1198 2222 σθαι
1220 2195 1248 2221 δέ
1260 2203 1326 2230 φησι
1345 2194 1391 2221 τὸν
1424 2193 1610 2225 Ἀπολλώνιον,
1631 2194 1654 2219 ει
1676 2193 1733 2219 ἔστι
1755 2193 1820 2228 παρ’
1837 2193 1933 2223 αὐτοῖς

1137 2241 1250 2277 χρύσεον
1270 2240 1360 2275 ὓδωρ;
1379 2240 1410 2265 Ὢ
1430 2239 1476 2265 τοῦ
1492 2238 1574 2273 σοφοῦ
1589 2239 1636 2265 καὶ
1652 2237 1802 2273 παραδόξου
1820 2236 1933 2271 πύσμα-

1137 2296 1181 2319 τος
1194 2288 1199 2313 !
1215 2287 1269 2314 Καὶ
1286 2286 1350 2321 περὶ
1364 2285 1515 2321 ἀνῦρώπων
1531 2285 1558 2311 δὲ
1577 2284 1628 2311 ὑπὸ
1641 2284 1692 2319 γῆν
1707 2283 1868 2315 οἰκούντων,
1883 2282 1932 2310 καὶ

328 2339 351 2356 ⁴¹
372 2340 426 2378 lib._
446 2348 492 2373 ιιι,
509 2348 535 2369 c.
551 2341 596 2373 25,
635 2343 657 2359 ’⁸⁸
676 2344 724 2372 lib‘.
742 2352 788 2376 ιιι,
809 2345 851 2373 18.
890 2344 912 2361 ⁸⁹
928 2345 974 2373 lib.
996 2353 1038 2378 nl,
1054 2354 1079 2375 c.

1139 2369 1144 2374 .
1181 2347 1206 2363 "
1227 2347 1274 2374 lib.
1291 2354 1339 2378 ut,
1356 2354 1381 2374 c.
1401 2346 1490 2376 l9,20.
1529 2345 1548 2360 "
1573 2345 1620 2373 lib.
1639 2352 1689 2378 ut,
1707 2352 1731 2372 c.
1748 2343 1794 2372 25.
1835 2344 1859 2360 "
1879 2344 1928 2372 lib.

296 2384 338 2408 Ill,
350 2383 374 2404 c.
391 2375 437 2404 45.

331 2454 386 2489 (15)
412 2454 506 2490 Ἠμῶγ
517 2455 576 2489 μὲν
588 2455 654 2489 εὐχ.
668 2455 715 2482 καὶ
728 2457 851 2489 πυρός’.
873 2455 932 2490 Ipsa
950 2455 1082 2483 Hieroclis

1139 2456 1211 2483 dum.
1229 2459 1363 2484 Hotsrex.

293 2491 388 2521 verba,
404 2492 504 2526 quilms
527 2499 586 2518 eam
605 2491 771 2518 Christianis
788 2491 982 2526 exprobrabat,
997 2492 1082 2520 habes

295 2533 387 2557 supra,
404 2535 463 2557 cup,
481 2527 506 2553 L

343 2535 509 2596 irilttéipbid
524 2561 562 2596 δὴ
579 2562 656 2595 θεός.
668 2561 757 2589 Verba
769 2562 821 2589 ista
835 2561 900 2589 mihi
915 2565 1014 2595 prmter
1024 2570 1080 2590 rem

293 2597 429 2626 videnlur,
447 2598 539 2624 nescio
556 2598 638 2628 unde,
655 2598 681 2624 in
697 2602 798 2625 textum
815 2605 876 2625 esse
890 2597 1021 2624 admissa.

329 2631 386 2665 (16)
413 2633 606 2659 Ἐπικύπτων.
631 2633 670 2659 Ita
698 2633 852 2660 certissime
878 2632 1078 2660 restituendum

294 2674 328 2694 ex
337 2666 504 2694 Philostrato
521 2678 528 2696 :
548 2667 615 2695 Vide
630 2669 774 2696 observata
790 2668 823 2694 ad
841 2668 888 2694 lib.
903 2675 944 2698 ιιι,
959 2676 1019 2702 cap.
1034 2668 1080 2698 '52,

294 2710 323 2729 n.
343 2703 369 2734 5,
388 2707 415 2729 et
431 2703 473 2730 lib.
489 2711 519 2736 ti,
534 2711 594 2738 cap.
608 2704 653 2737 28,
671 2712 699 2731 n.
714 2704 741 2737 6,
759 2711 856 2738 nempe
869 2702 1021 2734 κύπτοντας
1038 2703 1082 2729 πί-

293 2745 354 2774 νειν
364 2742 406 2765 est
420 2746 518 2766 canum
534 2739 703 2774 aliorumque
716 2742 776 2774 ejus
789 2739 897 2774 generis
910 2739 1080 2774 animalium,

294 2777 324 2812 u_t
339 2772 423 2812 liquet
437 2782 470 2812 ex
489 2774 643 2812 observatis
656 2772 809 2812 posteriore
827 2775 898 2812 loco,
917 2774 1000 2812 idque
1012 2773 1082 2800 adeo

293 2809 362 2847 viris
373 2809 509 2842 gravibus,
526 2810 629 2847 nedum.
637 2809 817 2844 philosophis,
831 2809 909 2836 valde
923 2809 1077 2847 indignum,

294 2841 387 2882 bibere
409 2851 440 2870 ex
455 2848 537 2872 tanta:
556 2841 813 2882 molis-crateri'bus,
837 2848 867 2871 ut
887 2841 1079 2879 pronis‘etiam

293 2884 327 2904 ex
346 2880 380 2903 iis
395 2882 475 2912 potus
487 2884 560 2907 esset
575 2880 752 2908 hauriendus.

330 2912 386 2948 (17)
412 2913 547 2944 Ἑπότιζε.
568 2914 683 2942 Delenda
699 2922 757 2943 erat
773 2924 824 2943 vox
846 2915 924 2943 nihili
942 2915 1078 2948 ἐπόντιζε,

293 2951 319 2975 et
329 2954 361 2976 ex
372 2947 537 2977 Philostrato
548 2955 628 2986 atque
638 2950 701 2986 Reg.
714 2951 774 2979 cod.
789 2951 895 2985 ὲπότιζε
908 2951 1079 2980 substituen-

1172 2491 1227 2526 (18)
1253 2492 1414 2519 Ἰ-ἱπεδίδου.
1446 2491 1604 2520 Holstenius
1629 2501 1662 2520 ex
1689 2491 1859 2520 Philostrato
1882 2493 1929 2519 ad-

1136 2527 1225 2554 denda
1247 2532 1307 2561 post
1328 2528 1448 2554 ἐπεδίδου
1474 2529 1584 2562 putabat
1602 2529 1684 2555 verba
1703 2528 1733 2554 τὸ
1749 2529 1822 2562 νᾶμα
1841 2528 1928 2562 1:901-

1136 2571 1198 2594 νως,
1209 2562 1267 2590 sine
1282 2563 1381 2597 quibus
1396 2567 1492 2590 caetera
1509 2571 1562 2590 non
1577 2564 1715 2590 cohzcrere
1730 2564 1856 2597 putabat.
1873 2563 1927 2597 Sed

1135 2606 1200 2632 pace
1213 2598 1273 2632 ejus
1283 2595 1386 2625 dictum
1403 2598 1448 2626 sit.
1461 2599 1521 2626 sine
1538 2598 1598 2625 istis
1609 2599 1691 2626 etiam
1709 2595 1771 2632 apte
1787 2595 1927 2626 ρωποι-ἐρ’

1134 2634 1249 2667 reliqua,
1271 2641 1333 2660 nam
1351 2633 1494 2660 ἐπιδιδόναι
1510 2634 1596 2668 πηγή,
1614 2634 1687 2660 nulla
1703 2633 1756 2659 alia
1774 2641 1805 2660 re
1821 2634 1925 2663 addita,

1134 2669 1188 2696 dici
1206 2668 1267 2696 fons
1282 2673 1382 2703 potest.
1399 2668 1444 2695 Sic
1458 2670 1530 2696 enim
1550 2669 1622 2702 apud
1642 2668 1748 2694 Atticos
1773 2669 1926 2702 scriptores

1135 2704 1279 2738 ipsumque
1294 2703 1490 2731 Philostratum
1505 2705 1606 2738 passim
1619 2704 1708 2738 aliqua
1720 2711 1764 2730 res
1776 2703 1927 2730 ἐπιδιδόναι

1134 2739 1244 2770 dicitur,
1263 2747 1316 2766 non
1336 2739 1426 2766 addita
1452 2739 1478 2765 in
1499 2743 1575 2766 sexto
1597 2747 1662 2766 casu
1685 2746 1724 2769 re,
1746 2747 1801 2773 qua
1818 2739 1927 2773 prolicit

1134 2775 1176 2801 vel
1193 2776 1360 2802 incrementa
1374 2776 1454 2808 capit.
1465 2781 1524 2807 qua:
1535 2774 1602 2801 adeo
1613 2782 1645 2801 ex
1659 2774 1726 2808 ipsis
1738 2777 1926 2801 circumstan-

1134 2810 1180 2837 tiis
1195 2811 1231 2837 sit
1245 2809 1430 2845 intelligenda.
1447 2809 1600 2836 Omittenda
1620 2809 1711 2843 itaque
1727 2816 1759 2835 ea
1772 2808 1866 2845 rverba‘
1880 2809 1926 2835 hic

1132 2845 1273 2878 duximus,
1287 2853 1350 2872 eum
1368 2852 1455 2879 neque
1471 2845 1622 2871 necessitas
1638 2851 1668 2871 ea
1685 2844 1818 2878 postulet,
1834 2851 1926 2878 neque

1132 2888 1226 2908 eorum
1249 2881 1279 2908 in
1301 2880 1380 2908 codd.
1398 2879 1559 2907 Eusebiauis
1574 2879 1717 2915 vestigium
1734 2879 1820 2906 ullum
1838 2885 1926 2914 appa-

1130 2919 1198 2944 reat.
