2065 3216
167 226 222 255 8‘39

737 229 837 257 LIBER
856 213 996 257 conm
1015 225 1223 255 msnocuzu.

1736 221 1790 250 830

169 286 318 322 Πυγμαίων
337 286 434 318 ἄλλων,
459 287 504 314 καὶ
523 287 678 314 ..κιαπόδων
701 287 833 324 ἁνερωτᾷ.
857 287 912 315 Καὶ
931 296 944 314 ε

1006 294 1067 314 nem
1079 287 1085 314 l
1101 285 1288 320 Interrogasse
1300 283 1364 311 item
1378 283 1412 310 de
1423 281 1580 310 hominibus
1595 281 1790 309 subterraneae

167 332 287 367 γίγνοιτο
297 333 361 368 παρ’
375 334 465 365 αὐτοῖς
478 332 547 365 ξώον
559 334 719 370 τετράπουν,
735 335 749 361 ὁ
761 334 866 368 λέγεται
879 335 955 361 Μαν-

167 378 262 414 τιχόρα
276 378 342 414 (19),
354 379 368 405 δ
381 379 430 415 τὴν
441 379 560 416 κεφαλὴν
570 380 706 417 ἀνθρώπῳ
717 380 852 413 εἰκάσθαι,
868 381 954 408 λέοντι

166 423 196 451 δὲ
221 424 375 459 ὡμοιῶσϐαι
394 424 424 451 τὸ
450 425 574 460 μέγεθος,
600 425 649 461 τὴν
668 425 696 452 δὲ
717 425 800 461 οὐρὰν
828 425 954 460 ὲκφέρειν

166 469 304 505 πηχυαίας
319 470 366 496 καὶ
387 469 550 503 ἀκανθώδεις
570 470 619 502 τὰς
642 471 738 506 τρίχας
752 470 806 506 (το)
820 491 828 502 ,
841 470 873 501 ἃς
894 470 954 505 βάλ-

165 516 223 542 λειν
233 515 326 551 ὥσπερ
335 516 486 552 τοξεύματα
499 518 528 548 ἐς
538 517 600 549 τοὺς
612 516 762 552 θηρῶντας.
774 517 829 543 Καὶ
841 516 953 543 τοιαῦτα

166 560 216 597 μὲν
238 562 283 588 τὸν
309 562 484 589 Ἀπολλώνιον
505 563 661 599 ἀνερωτᾷν·
678 564 724 590 τὸν
743 563 772 589 δὲ
795 564 903 599 ’Ῑάρχαν
917 564 953 590 δι-

163 606 274 634 δάσκειν
297 607 377 635 αὐτὸν
392 609 456 644 περὶ
471 609 520 644 μὲν
538 609 591 635 τῶν
607 609 766 645 Πυγμαίων,
781 609 818 641 ὡς
832 609 885 645 ἄρα
897 607 952 635 εἶεν

163 653 301 686 οικοῦντες
314 653 362 689 μὲν
379 655 510 688 ὑπόγειοι,
522 654 703 690 διατρίϐοντες
717 655 745 682 δὲ
758 655 809 682 ὑπὸ
823 655 867 682 τὸν
882 655 952 690 Γάγ-

162 707 215 734 γην
231 700 352 735 ποταμὸν
376 699 493 733 ζῶντες·
511 701 574 738 περὶ
593 701 622 728 δὲ
649 702 704 729 τῶν
723 701 825 734 ἄλλων,
846 701 884 734 ὡς
904 702 951 728 dv-

164 744 292 780 ὑπαρκτα
307 745 360 781 εἴη.

416 855 613 882 ΚΕΦΔΛΔῘΟΝ
632 855 696 882 Kl".

199 901 292 936 Ἔριον
309 901 356 927 ὲπὶ
380 901 485 934 τούτοις
511 902 643 938 φυόμενον
665 903 756 934 αὐτοῖς
775 902 829 930 ἀπὸ
846 903 898 939 γῆς
920 903 948 935 ἐς

159 946 275 982 ὲσϐἦτος
292 946 356 982 ὓλην
370 947 383 973 ὁ
399 947 575 983 Φιλόστρατος
591 948 753 983 ἀναγράφει,
771 949 879 981 πάντως
902 949 949 985 δή-

158 1001 212 1020 που
236 992 290 1020 τῶν
314 993 465 1028 φιλοσόφων
488 994 559 1020 ἱστὸν
584 994 778 1030 ἐποιχομένων,
796 995 841 1021 καὶ
865 994 947 1021 ταλα-

157 1039 311 1074 σιουργίαις
333 1040 362 1071 ἐς
384 1039 497 1074 ὲσοῆτος
530 1040 711 1076 κατεργασίαν
743 1041 947 1076 ὲκπονουμένων

158 1086 232 1120 (οὐδὲ
249 1085 303 1121 γὰρ
320 1086 443 1121 εἰσῆκται
464 1086 519 1122 (21)
536 1087 599 1122 mp‘
619 1087 709 1118 αὐτοῖς
730 1088 883 1121 γυναικεῖον
898 1087 947 1121 φῦ-

157 1132 232 1164 λον),
246 1132 270 1157 εἰ
289 1131 325 1166 μὴ
348 1132 395 1158 καὶ
408 1132 487 1159 τοῦτο
503 1133 613 1168 φήσειεν
628 1133 780 1168 αὐτόματον
793 1133 883 1165 αὐτοῖς
895 1142 947 1160 παο

157 1177 278 1213 ραδόξως
305 1177 338 1204 δι’
365 1178 454 1213 ἱερέας
478 1179 534 1214 (22)
559 1180 588 1210 ἐς
621 1179 722 1214 ἐσθῆτα
750 1179 944 1215 μεταφύεσθαι.

155 1222 255 1259 Φέρειν
268 1223 290 1250 δ’
301 1223 414 1250 ἕκαστον
428 1224 516 1251 αὐτῶν
529 1224 624 1260 ῥάϐδον
637 1225 683 1253 καὶ
698 1224 848 1257 δακτύλων,
864 1225 947 1261 ἀττόρ-

158 1271 241 1305 ῥητον
257 1269 353 1305 ἔχοντα
379 1271 464 1307 ἰσχύν.
486 1270 552 1298 Εἶτα
570 1270 790 1306 παραδοξοποιίαι
812 1271 859 1297 τοῦ
878 1271 946 1307 Βρα-

156 1316 271 1351 χμᾶνος,
290 1316 326 1347 ὡς
341 1316 509 1352 δαιμονῶντα
531 1317 563 1345 δι’
576 1318 719 1353 ἐπιστολῆς
742 1317 943 1351 ἁνακαλέσοιτο,

155 1361 196 1392 ὡς
210 1361 362 1396 χωλεύοντα
380 1363 537 1398 καταψήσας
551 1363 596 1390 τὸν
609 1364 721 1398 γλουτὸν
742 1363 944 1399 θεραπεύσειεν,

154 1407 196 1439 ὡς
219 1408 312 1443 τυφλῷ
330 1409 360 1434 τὸ
382 1408 500 1443 βλέπειν,
516 1410 564 1437 καὶ
587 1409 696 1444 ἁδρανεῖ
718 1419 771 1437 τινι
793 1410 843 1445 τὴν
866 1411 945 1445 χεῖρα

156 1452 232 1480 σώαν
248 1454 394 1490 χαρίζοιτο.

410 1601 607 1628 ΚΕΦΑΛΑΙΟΝ
623 1601 669 1628 ΚΔ
679 1622 686 1628 .

1006 333 1132 368 regiones
1151 330 1351 362 incolentibus,
1369 329 1430 356 aliis
1455 329 1519 356 item
1544 328 1592 364 qui
1609 327 1720 363 pygmazi
1746 327 1788 354 di-

1004 382 1113 411 cantur.
1129 382 1156 405 et
1174 376 1357 412 umbripedes.
1374 375 1416 403 An
1429 375 1492 403 item
1509 375 1581 410 apud
1597 382 1645 402 eos
1668 374 1789 409 quadru-

1004 431 1052 459 pes
1063 424 1172 451 obvium
1188 424 1227 451 sit
1239 421 1351 454 animal,
1367 421 1546 453 Mantichora,
1562 420 1634 456 quod
1649 419 1787 447 hominem

1004 471 1093 505 capite
1109 469 1219 500 referat.
1236 468 1308 495 mole
1324 467 1449 503 corporis
1464 467 1569 494 leonem
1583 468 1714 500 exaequet,
1728 472 1789 492 cau-

1003 517 1097 552 datque
1115 517 1176 543 loco
1194 515 1334 550 promittat
1352 514 1484 541 cubitales
1508 516 1597 545 setas,
1612 511 1737 539 acanthis
1751 511 1787 538 si-

1003 563 1092 593 miles,
1107 569 1176 597 quas
1193 561 1276 589 veluti
1296 560 1409 595 sagittas
1430 560 1456 586 in
1480 563 1623 586 venatores
1641 557 1787 592 iaculetur.

1001 608 1089 643 Atque
1102 608 1159 636 haec
1174 606 1350 643 Apollonium
1373 605 1481 641 quidem
1503 604 1563 640 [ait]
1585 605 1786 638 interrogasse.

1006 653 1128 681 larcham
1145 658 1235 681 autent
1247 653 1280 680 de
1292 652 1421 688 pygmaais
1434 651 1545 686 quidem
1562 658 1624 678 eum
1641 650 1786 682 docuisse.

1002 700 1193 728 subterraneas
1205 707 1303 734 specus
1314 706 1362 727 eos
1379 698 1512 731 habitare,
1525 696 1577 725 sub
1596 696 1689 732 Gange
1705 695 1788 722 fluvio

1000 747 1083 773 vitam
1113 747 1258 781 degentes;
1289 745 1323 774 de
1349 746 1457 772 caeteris
1483 751 1566 777 vero,
1597 743 1723 778 nuspiam
1754 749 1787 769 ea

1000 793 1143 821 exsistere.

1224 836 1305 872 526
1322 833 1435 862 CAPUT
1454 832 1547 860 xxm.

1035 884 1168 912 Prmterea
1191 884 1280 910 lanam
1305 887 1501 910 commemorat
1525 879 1707 907 Philostratus
1731 876 1754 892 "
1770 884 1787 904 ο

999 935 1072 958 terra
1085 930 1139 957 illis
1150 929 1366 965 provenientem,
1383 932 1413 954 ut
1429 927 1552 954 vestibus
1564 928 1704 954 materiam
1716 934 1784 961 pra:-

964 961 985 988 B
999 978 1078 1010 beat;
1096 961 1266 1012 philosophis
1280 983 1377 1010 nempe
1395 974 1504 1009 pectine
1518 974 1587 1000 telas
1598 973 1708 1000 omnino
1722 980 1785 1008 per-

996 1023 1181 1055 citi-rentibus,
1205 1026 1232 1049 et
1250 1021 1399 1048 lanificium
1421 1020 1454 1056 ad
1475 1024 1566 1047 vestes
1587 1018 1787 1054 comparandas

996 1068 1184 1096 exercentibus
1208 1068 1308 1102 (neque
1330 1067 1402 1094 enim
1428 1067 1569 1094 muliebris
1591 1073 1673 1093 sexus
1689 1069 1786 1092 contu-

995 1114 1091 1142 bernio
1108 1115 1178 1150 apud
1196 1122 1242 1142 eos
1266 1113 1451 1149 admittitur),
1476 1113 1529 1140 nisi
1551 1116 1578 1140 et
1598 1113 1687 1139 lanam
1711 1112 1786 1138 dicat

995 1166 1092 1197 sponte
1101 1169 1149 1189 sua
1161 1161 1233 1197 apud
1245 1169 1293 1188 eos
1305 1159 1561 1195 miraculoquodam
1575 1161 1600 1186 in
1612 1159 1784 1186 sacerdotum

995 1208 1112 1244 gratiam
1147 1206 1339 1234 transformari
1374 1207 1402 1234 in
1431 1210 1531 1234 vestes.
1564 1205 1677 1233 Gestare
1704 1212 1785 1240 porro

995 1254 1120 1290 quemvis
1137 1261 1231 1281 eorum
1251 1253 1380 1280 baculum
1392 1252 1477 1280 refert
1488 1258 1514 1280 et
1527 1252 1668 1284 annulum,
1685 1257 1784 1278 arcana

995 1304 1169 1336 praestantem
1192 1299 1301 1326 virtute.
1334 1297 1492 1335 Sequuntur
1517 1297 1580 1324 inde
1606 1296 1785 1325 Brachmanis

997 1346 1140 1379 miracula,
1160 1349 1190 1372 ut
1208 1346 1330 1372 daemone
1353 1345 1424 1371 malo
1440 1347 1596 1378 correptum
1619 1343 1704 1370 missa
1727 1343 1785 1377 epi-

995 1391 1065 1418 stola
1090 1390 1242 1418 restituerit
1258 1389 1292 1422 ⁸⁸,
1312 1392 1343 1416 ut
1359 1389 1423 1416 item
1442 1388 1502 1415 solo
1522 1391 1624 1414 attactu
1642 1394 1718 1418 eum,
1736 1386 1785 1421 qui

995 1438 1115 1465 lunatam
1133 1437 1250 1464 habebat
1274 1435 1425 1471 apophysin
1443 1434 1515 1462 ossis
1531 1434 1645 1468 majoris
1661 1433 1783 1467 femoris,

995 1484 1133 1513 sanaverit
1151 1484 1173 1499 "
1192 1493 1198 1510 :
1215 1487 1244 1510 ut
1262 1483 1350 1510 oculis
1363 1482 1427 1509 item
1455 1486 1535 1516 capto
1562 1480 1651 1507 visum
1665 1501 1672 1512 ,
1701 1483 1784 1515 atque

995 1537 1077 1557 manu
1092 1529 1237 1563 laboranti,
1254 1529 1386 1563 integram
1403 1534 1462 1554 eam
1477 1525 1627 1554 restituerit
1643 1526 1676 1552 ".

1274 1592 1389 1621 CAPUT
1410 1591 1505 1619 XXIV.

193 1648 281 1676 Πολλὰ
290 1647 398 1683 κάγαθὰ
407 1649 510 1682 γένοιτο
520 1648 690 1684 πραγμάτων
700 1649 773 1683 ἡμᾶς
783 1647 944 1674 ἀπολύσαντι

1031 1642 1104 1670 Bene
1127 1642 1236 1670 eveniat
1254 1641 1371 1672 auctori,
1394 1641 1442 1675 qui
1464 1648 1514 1667 nos
1537 1647 1620 1675 opera
1646 1638 1782 1668 sublevat.

152 1693 215 1729 (25)
232 1693 270 1730 τῷ
287 1695 449 1730 συγγραφεῖ.
480 1694 551 1729 Δῆλα
567 1694 622 1730 γὰρ
636 1694 673 1725 ὼς
688 1693 774 1729 ἀληθῆ
791 1692 944 1724 καὶταῦτα,

151 1739 201 1766 ὅτε
219 1738 331 1774 βροντάς
348 1748 378 1766 τε
397 1739 445 1765 καὶ
464 1739 581 1774 ἀνέμους
598 1739 627 1766 ἐν
644 1738 748 1770 πίθοις,
771 1737 900 1774 τρίποδάς
915 1746 945 1764 τε

151 1785 190 1811 ὲκ
203 1783 276 1810 λίθου
296 1784 443 1818 φοιτῶντας
462 1784 622 1819 αὐτομάτως
636 1803 644 1815 ,
675 1783 722 1810 καὶ
740 1783 873 1819 οίνοχόους
892 1783 945 1810 ἀπὸ

152 1829 256 1865 χαλκοῦ
273 1829 458 1865 περιελαύνειν
473 1830 501 1856 ἐν
520 1828 611 1864 κύκλῳ
627 1827 677 1860 τὰς
693 1827 804 1859 κύλικας
821 1830 946 1863 προϊστο-

154 1876 252 1911 ρήσας,
266 1875 310 1902 διὰ
321 1875 370 1911 τῆς
385 1876 448 1911 περὶ
458 1875 559 1901 τούτων
569 1894 576 1906 ,
592 1875 629 1906 ώς
642 1873 749 1910 ἀληθῶν
758 1894 765 1906 ,
780 1874 943 1909 ἀφηγήσεως

151 1921 204 1948 καὶ
217 1920 270 1947 τῶν
282 1920 381 1947 λοιπῶν
391 1921 516 1948 ἁπάντων
532 1920 644 1956 ἐξέφηνέ
659 1929 688 1947 τε
703 1920 750 1947 καὶ
762 1919 884 1955 διήλεγξε
894 1919 943 1955 τὴν

154 1966 330 2002 μυθολογίαν,

405 2012 601 2039 ΚΕΦΛΛᾹῘΟΝ
625 2012 690 2039 KE'.

190 2057 336 2092 Είρηκέναι
350 2057 378 2084 δέ
392 2065 473 2092 φησιν
487 2059 500 2084 ὁ
512 2057 690 2092 Φιλόστρατος
703 2057 748 2085 τὸν
760 2057 846 2093 Δάμιν
858 2078 866 2090 ,
880 2057 942 2092 δίχα

149 2103 204 2139 τῆς
220 2103 301 2130 αὑτοῦ
318 2103 466 2139 παρουσίας
479 2104 525 2130 καὶ
537 2103 576 2139 τῷ
597 2104 689 2139 Ἰάρχᾳ
712 2103 943 2139 συμφιλοσοφῆσαι

149 2149 200 2176 τὸν
218 2148 390 2176 Ἀπολλώνιον
401 2169 407 2181 ,
419 2149 556 2184 εἰληφέναι
569 2157 599 2175 τε
616 2150 680 2184 παρ’
692 2148 772 2175 αὑτοῦ
785 2148 944 2179 δακτυλίους

204 2230 229 2246 ³⁸
248 2229 294 2257 lib.
313 2237 393 2264 itt,c.
410 2231 452 2258 15.
505 2231 528 2246 ³⁸
547 2231 594 2258 lib.
611 2239 656 2263 ιιι,
672 2238 698 2257 c.
713 2230 759 2258 58.

149 2273 179 2293 c.
195 2265 241 2293 27.
279 2267 302 2282 '°
318 2266 364 2294 lib.
381 2274 428 2299 ιιι,
443 2273 469 2294 c.
485 2266 530 2293 41.

809 2231 832 2246 ⁸⁵
852 2231 899 2259 lib.
918 2239 946 2259 ιιι
958 2251 966 2264 ,

997 1687 1098 1722 Nempe
1113 1694 1194 1721 quam
1209 1694 1270 1714 vera
1285 1686 1337 1713 ista
1359 1686 1414 1712 sint
1426 1685 1508 1712 etiam
1536 1683 1711 1712 manifestum
1728 1687 1780 1714 est.

996 1733 1106 1770 quando
1121 1733 1241 1760 tonitrua
1255 1736 1407 1767 ventosque
1426 1731 1452 1758 in
1469 1731 1551 1758 doliis
1564 1731 1598 1762 ",
1619 1734 1645 1757 et
1659 1730 1782 1764 tripodas

996 1788 1029 1808 ex
1042 1787 1108 1808 saxo
1128 1779 1239 1815 proprio
1264 1782 1339 1805 motu
1368 1773 1623 1807 obambulantes”,
1638 1783 1782 1810 amcosun

996 1827 1154 1862 pincernas,
1181 1825 1282 1853 calices
1298 1824 1325 1851 in
1341 1823 1435 1851 orbem
1451 1822 1688 1854 circumferentes,
1707 1829 1782 1849 cem-

997 1878 1153 1899 memorans
1166 1871 1296 1906 primum.
1313 1869 1371 1896 haec
1388 1868 1446 1903 ipsa
1463 1867 1541 1902 quasi
1553 1873 1616 1894 vera
1633 1865 1780 1897 narrando.

996 1918 1100 1953 reliqua
1112 1917 1194 1944 etiam
1209 1915 1301 1943 omnia
1321 1922 1413 1942 meras
1432 1913 1537 1941 fabulas
1553 1920 1615 1940 esse
1631 1911 1723 1947 prodit
1735 1917 1779 1939 at-

995 1972 1048 1999 que
1061 1963 1160 1999 arguit.

1275 2007 1389 2036 CAPUT
1415 2006 1498 2033 XXV.

1030 2055 1124 2083 Refert
1141 2058 1231 2082 autem
1250 2054 1433 2082 Philostratus
1444 2053 1467 2069 "
1481 2052 1563 2080 etiam
1582 2050 1677 2078 Damin
1694 2050 1781 2078 dixis-

997 2109 1036 2131 se.
1054 2109 1083 2129 se
1102 2108 1156 2128 non
1174 2104 1309 2136 praesente
1330 2106 1439 2135 quoque
1461 2106 1522 2125 cum
1547 2097 1642 2124 larcha
1666 2096 1779 2131 Apollo-

997 2148 1072 2175 nium
1090 2146 1312 2182 philosophatum
1330 2154 1401 2179 esse,
1419 2151 1574 2179 munusque
1593 2145 1668 2170 abeo
1685 2143 1781 2171 tulisse

1304 2230 1325 2246 "'
1345 2230 1394 2257 lib.
1411 2237 1456 2262 tu,
1473 2236 1497 2256 c.
1515 2228 1558 2255 H.
1616 2226 1640 2242 ⁸⁸
1659 2226 1706 2254 lib.
1729 2234 1776 2258 Iit,

990 2238 1015 2259 c.
1037 2230 1082 2258 39.
1137 2231 1161 2247 "
1180 2231 1247 2258 ibid.

189 2341 245 2412 (19)
265 2344 442 2386 Μᾳντιχόρα.
464 2343 541 2377 Apud
558 2342 686 2385 Philostr.
708 2348 750 2384 est
768 2344 937 2385 Μαρτιχόρα.

199 2377 235 2406 20
268 2380 323 2412 Τας
336 2379 449 2412 τρίχας.
464 2379 558 2406 Marica
576 2387 686 2406 omnino
705 2387 764 2407 stne
782 2384 842 2407 Istis
860 2380 935 2406 voci-

994 2349 1066 2376 vant,
1080 2343 1169 2378 γάμου
1185 2345 1232 2370 καὶ
1246 2345 1387 2374 συνουσίας
1402 2343 1496 2386 χωρίς,
1522 2347 1551 2370 ut
1567 2343 1779 2380 Chrysostomus

994 2383 1053 2408 irat.
1062 2381 1111 2412 Εἰς
1122 2378 1322 2412 τοὺς-ἔχοντας
1328 2387 1502 2405 συνεισακτ.
1510 2378 1600 2410 docet,
1608 2384 1627 2405 t.
1636 2387 1672 2408 νι.
1681 2387 1705 2412 p.
1713 2379 1776 2409 2H,

199 2377 245 2412 20)
268 2378 323 2412 Τὰς
336 2379 449 2412 τρίχας.
464 2379 558 2406 Marica
576 2379 686 2406 omnino
705 2379 764 2407 sine
782 2377 842 2407 istis
860 2377 935 2406 voci-

149 2413 206 2440 bus
223 2417 320 2445 oratio.
338 2422 406 2448 quas
421 2422 453 2441 ex
474 2413 639 2441 Philostrato
656 2415 768 2448 proinde
786 2415 934 2442 restituen-

147 2448 203 2475 das
216 2448 330 2484 Eusebio
341 2450 505 2484 putavimus,
521 2449 623 2484 pariter
634 2457 666 2476 ac
679 2451 801 2476 voculam
815 2451 862 2477 καί
873 2454 936 2478 ante

146 2483 329 2516 ἀκανθώδεις.

189 2518 245 2553 (21)
265 2519 419 2553 Εἰσῆκται.
433 2519 491 2546 Vox
507 2519 616 2547 Eusebii
631 2524 710 2547 aetate
721 2521 748 2547 in
763 2520 814 2547 hoc
827 2520 938 2555 nogotio

149 2553 385 2589 frequentissima,
403 2555 466 2582 inde
488 2555 656 2581 συνείσακτοι
671 2553 876 2586 όὶειξῐξΐειῐιίιιιιξξ
891 2563 940 2581 va-

147 2589 202 2616 riis
220 2590 378 2617 ministeriis
400 2590 552 2620 destinatae,
579 2596 605 2617 et
622 2591 648 2617 in
666 2591 838 2621 clericorum.
861 2599 938 2618 seve-

148 2625 253 2651 riorem
275 2627 355 2652 etiam
370 2626 453 2651 vitam
479 2625 675 2659 professorum,
700 2626 879 2653 contubernio
895 2626 937 2652 vi-

149 2663 259 2691 ventes,
281 2661 314 2687 de
337 2661 436 2694 quibus
459 2661 543 2687 multa
567 2661 594 2687 in
616 2661 734 2695 antiquis
755 2661 937 2688 Ecclesiarum

147 2695 312 2723 canonibus.
324 2695 491 2730 Epiphanius
504 2696 568 2722 hazr.
587 2703 651 2722 unt
666 2696 699 2723 de
713 2696 829 2730 quodam
844 2697 870 2722 in
883 2695 938 2722 Pa-

150 2730 258 2756 larstinn
272 2731 411 2765 episcopo.
425 2731 472 2764 qui
484 2739 499 2757 c
511 2731 698 2758 confessorum
711 2739 826 2758 numero
837 2731 934 2758 fuerit:

156 2765 319 2800 Ἐσχηκότος
331 2765 358 2792 δὲ
373 2765 498 2796 τοιαύτας
510 2766 937 2800 γυναῖκας,ἐξυπηρετουμέγας

148 2801 235 2835 αὐτῳ,
254 2801 326 2834 φημὶ
335 2801 364 2827 δὲ
377 2801 606 2834 συνεισάκτους.
630 2801 701 2828 Idem
718 2802 751 2828 de
768 2801 911 2828 llieracitis
925 2810 934 2829 :

148 2835 332 2872 Χλεύὰζονται
340 2836 398 2862 τελε
403 2837 494 2862 ιότατα
503 2836 536 2872 ᾇι*
544 2837 576 2868 ἃς
588 2837 733 2872 κέκτηνται
743 2836 855 2872 ἕκαστος
865 2845 937 2863 συν-

148 2870 310 2907 fumiuqu
333 2872 481 2907 γυναῖκαςε
501 2871 533 2899 δι’
555 2871 588 2902 ἃς
606 2870 717 2898 εἰώθασι
742 2871 940 2907 φιλοτιμεῖσθαι

149 2904 222 2966 ξχειν
229 2906 269 2936 εἰς
276 2907 452 2940 ὑπηρεσίαν.
463 2905 541 2934 Vides
551 2904 804 2939 a'nvetsa'tx-rougdici
812 2904 940 2935 mulieres

151 2948 160 2966 ι
173 2941 224 2966 las.
237 2948 296 2966 uuae
311 2942 449 2966 ministerii
464 2949 545 2966 causa
563 2950 624 2966 cum
643 2942 704 2966 istis
721 2942 877 2966 hominibus
897 2942 939 2966 vi.

151 2940 224 2973 illas,
237 2948 296 2977 qua:
311 2942 449 2968 ministerii
464 2949 545 2970 causa
563 2950 624 2970 cum
643 2942 704 2970 istis
720 2942 877 2970 hominibus
897 2942 939 2970 vi-

985 2383 1053 2408 orat.
1062 2381 1111 2412 Εις
1122 2378 1322 2412 τοὺς-ἔχοντας
1328 2378 1502 2405 συνεισάκτ.
1510 2378 1600 2410 docet,
1608 2378 1672 2408 ιξνι.
1681 2379 1776 2413 ρ.211,

987 2415 1054 2442 edit.
1084 2414 1169 2441 Savil.
1199 2414 1266 2441 Vide
1291 2415 1369 2448 plura
1390 2414 1424 2441 de
1452 2414 1494 2442 his
1516 2414 1587 2449 apud
1612 2413 1778 2441 Cotelerium

988 2451 1021 2478 ad
1036 2449 1142 2477 Hermae
1156 2449 1207 2477 vis.
1225 2457 1248 2481 ι,
1264 2453 1322 2476 ιιοι.
1341 2449 1366 2480 1,
1382 2453 1408 2476 et
1429 2449 1462 2475 ad
1484 2449 1536 2477 vis.
1563 2456 1592 2480 ιι,
1617 2454 1673 2476 not.
1693 2449 1736 2479 15,
1750 2453 1778 2476 et

988 2487 1116 2520 llevereg.
1130 2485 1157 2511 in
1168 2493 1229 2511 can.
1245 2492 1273 2511 ιιι
1286 2484 1395 2520 concilii
1418 2483 1519 2512 Nicaeni
1532 2492 1549 2511 ι.
1561 2484 1630 2511 Hinc
1638 2484 1778 2520 Eusebius

988 2525 1051 2556 apte
1069 2519 1339 2556 vocemetsdyeoOat
1351 2527 1384 2546 ex
1395 2527 1445 2556 usu
1461 2520 1533 2556 illius
1548 2519 1596 2546 aevi
1612 2519 1731 2556 adhibet.
1744 2519 1778 2556 de

991 2555 1151 2584 mulieribus
1167 2555 1291 2589 loquens,
1312 2562 1371 2590 qua;
1388 2555 1611 2589 philosophorum
1634 2555 1655 2581 si
1675 2562 1729 2582 non
1745 2555 1779 2581 Ii-

992 2592 1089 2621 bidini,
1106 2590 1267 2618 ministeriis
1280 2592 1386 2624 saltem,
1401 2591 1435 2617 de
1449 2590 1549 2625 quibus
1561 2590 1605 2616 hic
1616 2597 1717 2623 sermo,
1731 2597 1777 2617 va-

993 2635 1057 2654 care
1068 2626 1212 2654 debebant.

1027 2661 1083 2696 (τε)
1098 2662 1138 2688 Δι’
1150 2661 1255 2695 ἱερέας.
1273 2660 1335 2688 Haec
1356 2659 1504 2696 adduntur,
1519 2660 1552 2688 ad
1573 2660 1775 2696 exprimendam

990 2697 1147 2724 Philostrati
1168 2697 1330 2724 sententiam
1350 2695 1428 2722 τοῦτο
1452 2695 1527 2731 ἱερὰν
1555 2695 1657 2731 ἐσθῆτα
1670 2695 1776 2722 ποιοῦν-

988 2741 1044 2764 ται,
1058 2740 1154 2766 nempe
1171 2739 1224 2759 non
1241 2732 1396 2758 ordinarius
1413 2731 1457 2758 ille
1477 2731 1604 2765 vestitus,
1618 2730 1666 2758 Sed
1680 2739 1774 2758 eorum

989 2769 1034 2803 qui
1051 2767 1232 2803 sacerdotalia
1249 2767 1356 2803 obirent
1373 2766 1468 2803 ofﬁcia.

1024 2803 1079 2838 (25)
1095 2802 1275 2837 Πραςψάτων
1294 2801 1371 2836 ἡμᾶς
1389 2802 1585 2838 (inclamant.
1611 2800 1713 2835 Nempe
1739 2800 1773 2827 ita

988 2836 1098 2865 strenue
1121 2842 1148 2864 et
1162 2836 1264 2871 aperte
1284 2837 1392 2864 mentiri
1407 2837 1496 2864 innuit
1515 2836 1719 2867 Philostratmn,
1742 2840 1773 2862 ut

988 2873 1089 2900 fabulis
1107 2872 1260 2900 manifestis
1275 2876 1402 2907 suspecta
1418 2872 1522 2906 reliqua
1536 2872 1617 2899 etiam
1631 2871 1729 2903 faciat;
1743 2873 1773 2907 ut

989 2909 1057 2936 adeo
1072 2907 1244 2935 refutationis
1261 2904 1341 2942 oper'a
1359 2904 1517 2936 sublevet-ur
1540 2908 1607 2942 ipse,
1623 2904 1772 2935 mentiendi

989 2952 1016 2971 in
1032 2951 1047 2971 a
1067 2943 1190 2970 versario
1208 2942 1384 2978 impudentia.
