2065 3216
329 213 378 240 831

667 220 799 249 EUSEBII
817 223 1061 256 CIESARIENSIS
1081 228 1157 257 OPP.
1177 230 1266 259 PARS
1285 233 1318 259 Il.
1337 249 1370 253 —
1390 234 1640 264 APOLOGET‘CA.

1881 243 1928 270 83!

329 274 444 302 annulos
457 280 570 311 septem,
586 278 756 313 planetarum
769 283 925 313 nominibus
943 286 1086 321 insignitos

1133 294 1142 319 ι
1156 290 1226 316 ἑπτὰ
1236 311 1243 323 ,
1255 292 1414 328 ἐπωνύμους
1424 294 1544 330 ἀστέρων
1552 315 1560 326 ,
1570 296 1616 328 οὓς
1627 297 1672 323 καὶ
1684 298 1775 333 φορεῖν
1785 300 1862 326 αὑτὸν
1872 301 1930 327 καθ.

327 327 397 353 quos
413 321 495 348 etiam
521 325 677 358 gestaverit,
696 335 780 354 unum
797 333 859 364 post
885 332 982 364 alium,
998 341 1047 368 pro
1061 342 1106 362 ra-

327 365 400 392 tione
416 367 558 395 nominum
584 369 681 398 diebus
709 372 910 408 impositorum.
932 365 1006 406 llaec-
1017 384 1105 408 tamen

326 410 379 437 isto
390 412 499 445 quidem
516 414 575 442 loco
600 416 733 451 referens,
751 420 797 454 qui
823 422 945 452 veritatis
967 425 1106 455 studiosus

325 455 479 486 Philaletlue
498 460 601 493 judicio
616 467 668 495 est,
687 465 740 493 alio
759 467 853 502 scripti
866 469 940 497 illius
950 471 1105 508 loco,quasi

322 501 457 532 danmans
472 504 671 536 Brachmanum
687 501 900 546 incantamenta,
922 520 1006 550 utque
1022 518 1056 545 ab
1070 518 1104 546 iis

322 547 468 577 immunem
492 557 601 586 praestet
625 555 798 590 Apollonium
816 567 888 587 cura;
909 561 1023 594 habens,
1039 564 1104 591 sub-

319 592 407 628 juugit
422 597 585 626 vet-botellus
600 601 650 628 ista
667 603 688 618 ⁶⁰
702 612 708 630 :
727 614 737 630 ι
759 604 858 634 Videns
876 612 965 635 alitem
981 609 1103 644 tripodas

320 639 390 673 apud
409 639 498 674 Indos,
518 643 726 682 piucernasque.
739 652 765 676 et
780 658 949 686 qua-cunque
966 661 1016 680 suo
1028 659 1101 682 motu

319 690 378 711 acta
405 688 552 720 procedere
577 691 643 722 dixi,
668 701 755 728 neque
777 696 955 733 interrogavit
974 707 1026 734 qua
1043 705 1102 728 arte

317 730 440 758 confecta
455 733 513 761 luec
534 735 600 768 sint,
619 746 708 773 neque
727 739 854 769 discendi
870 751 901 770 ea
921 743 1011 779 ipsum
1024 746 1101 773 volu-

316 781 377 810 ptas
394 778 518 808 incessit.
542 781 640 809 Verum
664 784 785 813 laudavit
802 788 923 822 quidem,
941 790 1040 818 imitari
1057 796 1100 819 ta-

315 830 375 848 men
399 823 527 859 dignatus
546 827 617 855 haud
640 828 701 856 fuit.
729 841 738 856 ι
764 831 846 860 llleue
866 841 931 861 vero
947 833 1010 870 [hoc
1025 836 1099 864 fece-

314 868 381 904 rit?]
395 870 441 904 qui
458 871 569 900 Damide
582 875 709 903 submoto
723 885 785 904 cum
797 879 830 906 iis
841 882 996 909 canversari
1008 883 1097 918 magni

313 912 442 947 faciebat,
466 920 548 951 atque
572 919 693 948 sodalem
719 923 841 956 unicum,
867 924 1000 960 quidquid
1017 912 1096 954 etiam

311 962 364 989 est,
380 958 454 994 [cum
472 961 518 997 iis]
530 964 602 998 quod
618 965 683 1000 egit,

311 1003 377 1032 bat?
393 1005 444 1038 Qui
459 1015 524 1035 vero
537 1009 637 1038 imitari
653 1011 781 1047 dignatus
794 1014 865 1042 haud
877 1003 930 1043 sit?
946 1017 992 1052 qui
1007 1018 1096 1052 plane-

310 1053 400 1077 tarum
410 1054 567 1082 nominibus
583 1055 728 1091 insignitos
740 1060 856 1088 annulos
871 1063 976 1097 accepit
988 1064 1019 1094 ει,
1031 1071 1094 1091 eos-

309 1104 363 1130 que
385 1105 433 1132 per
448 1105 556 1126 omnem
588 1101 673 1128 vitam
699 1109 807 1138 gustare
832 1108 1016 1136 necessarium
1041 1110 1093 1138 snbi

307 1141 394 1174 duxit,
412 1149 493 1178 prout
517 1145 620 1173 ferrent
634 1149 742 1176 nomina
759 1151 881 1185 cujusvis
896 1153 949 1181 diei
966 1163 972 1181 :
987 1159 1013 1182 et
1030 1157 1092 1191 qui-

307 1187 367 1215 dem
386 1197 419 1216 eo
436 1191 508 1225 quod
526 1200 636 1225 arcana,
652 1195 690 1221 uti
711 1195 768 1231 ipse
787 1197 839 1228 ais,
860 1199 961 1227 virtute
977 1206 1090 1236 praesta-

306 1239 377 1262 rent.
397 1235 432 1263 Ut
445 1245 509 1264 vero
523 1239 707 1269 conci-damus
721 1243 813 1275 etiam,
832 1244 932 1273 imitari
949 1247 1001 1274 ista
1024 1256 1088 1276 eum

305 1281 437 1314 uoluisse,
456 1289 599 1318 propterea
615 1290 689 1314 certe
706 1295 758 1314 non
774 1289 907 1317 imitatum
924 1299 985 1320 esse
1001 1295 1088 1321 mani-

305 1324 404 1352 festum
420 1328 482 1359 erit,
499 1329 570 1363 quod
588 1336 661 1358 recte
677 1332 730 1359 sibi
747 1333 820 1360 haud
848 1334 938 1363 facere
964 1338 1087 1366 videren-

304 1374 358 1398 tur.
376 1371 517 1404 Quomodo
533 1375 615 1410 igitur
631 1376 665 1403 ob
680 1385 711 1404 ea
727 1378 857 1411 laudavit,
883 1389 943 1416 qua:
967 1391 1021 1410 non
1044 1385 1086 1412 di-

303 1420 434 1450 gnaretur
457 1417 575 1446 imitari?
588 1420 631 1453 Et,
649 1421 672 1449 si
697 1427 825 1458 tanquam
841 1430 900 1454 arte
914 1427 1004 1455 divina
1021 1437 1085 1465 ope-

303 1466 394 1491 rantes
411 1465 586 1497 collaudavit,
603 1475 653 1495 cur
674 1469 796 1498 imitatus
815 1471 886 1499 haud
901 1478 952 1505 est.
977 1476 1084 1504 laudem

301 1515 361 1542 quae
381 1513 569 1538 mererentur?
589 1512 674 1540 Porro
699 1522 763 1542 vero
789 1521 849 1551 post
882 1525 985 1547 moram
1013 1523 1082 1557 apud

301 1553 351 1580 bos
368 1553 478 1587 factam,
494 1557 666 1592 Apollonium
685 1569 737 1588 una
755 1569 817 1588 cum
832 1563 891 1591 suis
902 1572 1082 1596 revertentem

299 1600 332 1626 ad
346 1600 483 1630 Oritarum
508 1605 546 1631 ait
558 1605 579 1620 ⁸³
595 1607 703 1634 venisse
728 1609 876 1643 regionem,
894 1612 938 1639 ubi
958 1621 1028 1642 aerea
1049 1624 1112 1645 saxa

298 1653 352 1682 que
364 1648 416 1676 ista
428 1655 502 1684 sunt,
519 1660 580 1687 qua:
595 1653 622 1680 in
644 1655 724 1682 tertio
741 1656 810 1684 libro
825 1660 1009 1689 continentur.

527 1709 609 1745 527
625 1710 739 1739 CAPUT
759 1712 852 1741 xxvr.

334 1761 480 1797 Sequentia
494 1764 550 1798 j‘am
568 1774 787 1800 percenseamus.
810 1770 847 1799 Ex
871 1771 946 1801 India
967 1774 993 1802 in
1007 1775 1082 1803 Grae-

296 1807 368 1835 ciam
383 1810 510 1837 reducem
527 1811 549 1827 “
567 1812 601 1839 ab
628 1813 694 1848 ipsis
713 1816 766 1843 diis
781 1817 865 1845 refert
894 1820 998 1847 socium
1016 1822 1081 1850 deo-

294 1861 355 1880 rum
373 1862 434 1882 eum
449 1863 510 1883 esse
525 1856 693 1886 declaratqu
709 1862 771 1896 :qui
789 1867 816 1889 et
828 1867 945 1898 aegrotos
960 1870 992 1892 ad
1005 1873 1078 1899 eum,

294 1899 421 1928 sanitatis
437 1904 631 1936 recuperanda:
646 1913 741 1939 causa,
764 1906 939 1936 remiserunt.
965 1910 1079 1946 Jamque

294 1945 371 1979 quasi
388 1946 422 1973 ab
447 1947 593 1981 Arabibus,
616 1953 756 1987 magisque
770 1959 798 1981 et
817 1954 890 1983 Indis
914 1945 1077 1991 stupendum

293 1991 381 2018 virum
397 1995 423 2019 et
439 1992 517 2027 plane
534 1994 655 2023 divinum
672 1998 819 2032 advehens,
836 2001 920 2029 miras
934 2002 998 2030 inde
1014 2010 1078 2029 nar—

292 2036 414 2064 rationes
431 2037 561 2067 instituit.
579 2040 662 2076 Atqui
686 2051 739 2071 non
767 2045 906 2074 immerito
928 2048 1001 2076 dicat
1026 2050 1077 2077 ali-

292 2083 364 2117 quis,
392 2085 465 2119 quod
492 2086 515 2113 si
537 2087 592 2121 jam
611 2089 676 2116 olim
696 2092 910 2125 excellentioris,
936 2103 1017 2129 quam
1032 2100 1076 2123 est

292 2128 421 2162 humana,
436 2134 589 2161 exstitisset
607 2140 722 2169 naturae,
741 2146 796 2166 non
818 2140 874 2174 jam
889 2141 1009 2175 demum,
1026 2142 1074 2170 sed

290 2175 382 2209 potius
398 2181 542 2212 antequam
568 2181 686 2209 aliorum
711 2184 871 2218 profecisset
890 2186 1072 2220 institutione,

290 2220 484 2250 miraculorum
501 2227 696 2259 patrandorum
713 2230 821 2257 initium
837 2239 900 2258 eum
918 2231 1007 2260 facere
1023 2241 1072 2268 par

288 2272 355 2293 erat.
371 2266 503 2296 Prmterea
519 2272 714 2306 superforanea
741 2274 830 2302 futura
859 2276 966 2310 fuisset,
989 2287 1071 2314 quam

287 2311 432 2344 Arabibus,
450 2316 590 2353 magisque
615 2323 642 2345 et
668 2319 741 2348 lndis
755 2322 846 2349 studio
863 2323 913 2350 sibi
931 2325 1072 2359 conquisi-

286 2358 334 2390 vit,
349 2358 485 2393 doctrina,
502 2362 525 2389 si
541 2363 603 2395 quis
617 2372 678 2391 eum
692 2365 770 2400 juxta
785 2375 827 2400 ea,
846 2377 906 2404 quae
922 2368 1070 2398 Philostra—

286 2407 329 2431 tus
342 2406 426 2438 ponit,
443 2408 627 2436 extollendum
640 2415 725 2445 putet.
743 2411 795 2440 Sed
809 2417 899 2442 tamen
915 2416 969 2448 ille,
982 2416 1061 2451 juxta
1080 2411 1104 2439 ι)

285 2451 489 2479 veracissimum
501 2453 584 2481 istum
599 2456 770 2491 scriptorem,
785 2459 839 2493 jam
852 2460 961 2489 demum
977 2463 1065 2496 adest,

284 2496 422 2530 sapientiae
437 2504 595 2533 argumenta
615 2502 722 2535 publice
734 2504 876 2533 exhibens.

1091 1727 1111 1756 C

1158 334 1207 362 ἕνα.
1221 337 1289 372 πρὸς
1301 338 1334 364 τὰ
1348 338 1465 374 ὀνόματα
1479 340 1531 367 τῶν
1546 341 1665 376 ἡμερῶν.
1694 342 1784 370 Ταῦτα
1796 344 1825 370 δὲ
1837 344 1881 371 νῦν
1893 346 1928 372 ει-

1156 381 1215 408 πὼν
1227 402 1234 414 ,
1256 382 1270 408 ὅ
1285 384 1309 409 τ’
1323 383 1421 420 ἀληθὲς
1438 386 1519 421 τιμᾷν
1535 386 1610 422 παρὰ
1625 387 1662 423 τῷ
1682 397 1690 413 ι
1701 388 1840 424 Φιλαλήθει
1852 400 1861 416 ι

1156 429 1346 463 νενομισμένος
1355 450 1362 462 ,
1379 430 1437 464 μεθ’
1449 430 1529 466 ἔτερα
1541 432 1590 467 τῆς
1599 433 1706 468 γραφῆς
1716 453 1723 465 ,
1736 433 1773 465 ὡς
1785 435 1818 461 ἂν
1827 435 1858 471 δὴ
1870 444 1928 472 γοη·

1154 474 1229 500 τείαν
1246 474 1300 501 τῶν
1319 475 1486 512 Βραχμάνων
1501 480 1649 513 καταγνοὺς
1659 499 1667 511 ,
1687 480 1733 506 καὶ
1747 480 1846 516 ταύτης
1860 482 1928 510 ἐλεύ-

1154 519 1232 554 θερον
1246 521 1413 556 καταστῆσαι
1427 522 1472 548 τὸν
1498 522 1671 551 Ἀπολλώνιον
1687 525 1829 560 φροντίσας
1842 546 1849 557 ,
1873 527 1927 553 ἐπι-

1154 564 1249 599 φέρει,
1270 566 1380 599 φάσκων
1399 567 1468 593 κατὰ
1495 567 1566 601 λέξιν
1578 576 1585 582 ·
1619 578 1627 594 ι
1649 569 1719 596 Ἰδὼν
1738 570 1766 596 δὲ
1785 571 1860 606 παρὰ
1877 573 1926 604 τοῖς

1160 609 1248 642 Ἰνδοῖς
1262 612 1324 642 τοὺς
1337 612 1466 647 τρίποδας
1476 634 1483 645 ,
1503 614 1550 640 καὶ
1564 615 1628 646 τοὺς
1643 616 1775 650 οἰνοχόους
1786 637 1794 648 ,
1822 618 1868 644 καὶ
1882 618 1927 646 ὅσα

1152 656 1293 691 αὐτόματα
1319 659 1446 694 ἐσφοιτᾷν
1468 659 1523 695 (⁵9.5)
1544 658 1632 694 εἷπον,
1674 661 1730 688 οὗθ’
1757 663 1831 696 ὅπως
1856 667 1926 700 σοφί-

1151 701 1238 734 ζοιντο
1253 703 1320 730 αὐτὰ
1333 724 1340 735 ,
1360 705 1440 740 ἦρετο
1459 705 1514 742 (26)
1527 727 1534 738 ,
1555 707 1614 734 οὔτε
1633 708 1728 745 ἐδεήθη
1745 710 1854 745 μαθεῖν·
1875 712 1925 739 ἀλλ’

1150 748 1243 785 ἐπῄνει
1261 750 1311 785 μὲν
1322 771 1330 782 ,
1355 751 1450 787 ζηλοῦν
1475 753 1502 779 δὲ
1525 754 1574 781 οὐκ
1591 755 1675 789 ἠξίου.
1690 765 1698 782 ι
1744 758 1799 784 Καὶ
1816 758 1890 791 πῶς,
1906 757 1926 786 ὦ

1149 792 1225 828 οὗτος
1237 816 1244 828 ,
1262 797 1311 824 οὐκ
1328 798 1402 832 ἠξίου
1420 798 1535 834 ζηλοῦν;
1553 802 1567 827 ὁ
1584 801 1644 836 δίχα
1662 802 1709 828 τοῦ
1726 803 1841 839 Δάμιδος
1855 814 1926 832 σπου-

1148 841 1195 877 δὴν
1231 844 1390 879 ποιούμενος
1423 846 1632 881 συμφιλοσοφεῖν
1659 849 1768 881 αὐτοῖς,
1809 851 1857 877 καὶ
1885 851 1925 878 τον

1150 888 1245 922 μόνον,
1277 890 1290 916 ὃ
1314 899 1340 916 τι
1364 891 1409 917 καὶ
1436 891 1566 927 πράττοι,
1593 893 1734 922 λανθάνειν
1750 896 1808 923 δέον
1824 897 1924 933 ἑταῖρον

1148 933 1306 969 ἡγούμενος.
1335 936 1396 967 Πῶς
1419 936 1447 963 δὲ
1462 938 1511 964 οὐκ
1527 938 1602 973 ἠξίου
1626 939 1743 975 ζηλοῦν;
1771 942 1785 967 ὁ
1798 943 1863 974 τοὺς
1876 943 1924 969 τῶν

708 967 835 1001 ignorare
859 975 986 1004 oportere
1002 979 1086 1000 cense

1147 980 1269 1016 ἀστέρων
1284 981 1442 1017 ἐπωνύμους
1459 985 1672 1021 καταδεχόμενος
1687 987 1847 1020 δακτυλίους
1858 1009 1864 1021 ,
1882 990 1924 1017 ml

1145 1024 1254 1057 τούτους
1280 1027 1426 1061 ἀναγκαῖον
1446 1028 1585 1064 τιθέμενος
1610 1030 1654 1057 διὰ
1682 1032 1782 1064 παντὸς
1798 1033 1845 1059 τοῦ
1871 1033 1923 1068 βίου

1145 1072 1236 1106 φέρειν
1265 1073 1332 1107 πρὸς
1359 1073 1393 1100 τὰ
1416 1075 1535 1110 ὀνόματα
1559 1076 1612 1102 τῶν
1637 1077 1763 1114 ἡμερῶν·
1795 1080 1922 1114 καίτοιγε,

1143 1117 1318 1154 ἀπόρρητον,
1344 1119 1381 1152 ὡς
1406 1121 1457 1156 φῂς
1484 1122 1580 1153 αὐτὸς,
1599 1123 1707 1158 ἔχοντας
1723 1124 1810 1159 ἰσχύν.
1843 1125 1873 1152 Εἰ
1897 1125 1922 1152 δὲ

1143 1162 1191 1189 καὶ
1218 1163 1307 1200 δοθείη
1324 1165 1354 1191 τὸ
1381 1166 1418 1202 μὴ
1434 1166 1531 1201 ζηλοῦν
1548 1167 1691 1202 ἠξιωκέναι
1707 1170 1789 1196 αὐτὸν
1800 1191 1808 1202 ,
1835 1170 1872 1202 ὡς
1888 1170 1921 1207 μὴ

1142 1206 1171 1235 εὖ
1189 1209 1355 1244 πράττοντας
1375 1212 1424 1238 οὐκ
1446 1212 1539 1248 ἐζήλου
1562 1213 1688 1249 δηλονότι.
1719 1216 1781 1248 Πῶς
1806 1214 1854 1242 οὖν
1878 1218 1922 1243 ἐπ-

1140 1253 1208 1288 ῄνει,
1223 1256 1265 1289 ἐφ’
1280 1253 1320 1287 οἷς
1337 1257 1373 1292 μὴ
1387 1257 1461 1292 ἠξίου
1479 1258 1575 1294 ζηλοῦν
1588 1268 1594 1290 ;
1623 1260 1654 1286 Εἰ
1668 1260 1690 1287 δ’
1704 1261 1742 1292 ὡς
1756 1261 1838 1293 θείως
1851 1263 1920 1298 ἐνερ-

1139 1300 1254 1334 γοῦντας
1276 1302 1385 1338 ἐπῄνει,
1410 1304 1468 1336 πῶς
1488 1305 1537 1331 οὐκ
1551 1305 1645 1341 ἐζήλου
1661 1306 1695 1333 τὰ
1707 1308 1828 1335 ἐπαίνων
1842 1309 1918 1341 diu;

1146 1345 1225 1372 Ἀλλὰ
1239 1346 1293 1382 γὰρ
1318 1349 1386 1383 μετὰ
1402 1350 1451 1385 τὴν
1466 1350 1541 1386 παρὰ
1557 1351 1660 1383 τούτοις
1685 1353 1827 1389 διατριϐὴν
1838 1375 1845 1387 ,
1873 1363 1920 1380 πα-

1138 1390 1308 1420 λινοστοῦντα
1322 1395 1401 1420 αὑτὸν
1412 1395 1468 1430 ἅμα
1480 1399 1534 1428 τοῖς
1549 1397 1682 1433 ἑταίροις,
1693 1399 1852 1435 ἐληλυθέναι
1871 1409 1919 1435 tm-

1139 1437 1180 1464 a‘tv
1197 1439 1225 1470 ἐς
1238 1439 1286 1474 τὴν
1300 1441 1352 1467 τῶν
1370 1441 1480 1477 Ὡριτῶν
1491 1442 1545 1478 (27)
1563 1443 1663 1480 χώραν,
1680 1445 1742 1471 ἔνθα
1759 1447 1861 1481 χαλκαῖ
1874 1447 1918 1482 μὲν

1135 1483 1225 1516 αὐτοῖς
1234 1486 1262 1511 αἱ
1273 1486 1380 1522 πέτραι,
1392 1489 1478 1524 χαλκῆ
1488 1489 1514 1516 δὲ
1523 1491 1540 1525 ὴ
1548 1490 1668 1526 ψάμμος,
1677 1491 1778 1526 χαλκοῦ
1788 1492 1817 1519 δὲ
1824 1492 1918 1528 ψῆγμα

1133 1528 1158 1553 oi
1172 1531 1288 1565 ποταμοὶ
1303 1533 1407 1566 ἄγουσι.
1426 1535 1480 1561 Καὶ
1494 1536 1612 1563 τοσαῦτα
1628 1537 1678 1572 μὲν
1691 1537 1725 1564 τὰ
1739 1539 1813 1566 κατὰ
1823 1539 1854 1566 τδ
1866 1539 1917 1575 τρί-

1132 1581 1178 1600 τον
1195 1575 1374 1613 σύγγραμμα,

1144 1627 1280 1658 areuaque
1292 1633 1371 1658 azrea,
1387 1627 1503 1663 aerisque
1518 1633 1643 1657 ramenta
1658 1629 1732 1658 ﬂuvii
1748 1630 1863 1660 vehunt.
1872 1631 1916 1657 At-

1374 1728 1570 1758 ΚΕΦΑΛΑῘΟΝ
1596 1733 1667 1767 KC’.

1172 1781 1306 1818 Ἐπίωμεν
1322 1783 1343 1810 δ’
1358 1784 1407 1820 ἤδη
1424 1785 1458 1812 τὰ
1475 1786 1548 1822 ἑξῆς.
1584 1788 1778 1818 Ἐπανελθόντα
1788 1813 1796 1825 ,
1824 1793 1914 1828 φησὶν.

1130 1827 1211 1854 αὐτὴν
1224 1828 1272 1863 τῆς
1293 1829 1380 1857 Ἰνδῶν
1392 1830 1482 1867 χώρας
1495 1833 1541 1859 ἐπὶ
1555 1835 1603 1870 τὴν
1630 1835 1741 1863 Ἐλλάδα
1753 1857 1761 1868 ,
1790 1827 1914 1866 κοινωνὸν

1129 1872 1183 1900 τῶν
1198 1873 1265 1900 θεῶν
1282 1875 1349 1911 πρὸς
1365 1877 1453 1903 αὐτῶν
1467 1878 1520 1904 τῶν
1545 1879 1612 1906 θεῶν
1628 1881 1853 1918 ἀνακεκηρύχθαι
1864 1905 1872 1915 ,
1890 1884 1912 1911 οῖ

1128 1920 1174 1945 καὶ
1189 1920 1252 1951 τοὺς
1265 1920 1417 1956 κάμνοντας
1428 1923 1465 1955 ὡς
1481 1925 1561 1952 αὐτὸν
1576 1926 1617 1961 ἐφ’
1629 1927 1707 1963 ὑγεία
1719 1930 1911 1966 παρέπεμπον.

1127 1965 1182 1991 Καὶ
1206 1965 1272 2001 δῆτα
1292 1967 1330 1998 ὡς
1345 1967 1373 2000 ἐξ
1397 1968 1518 2004 ’Λράεων
1530 1991 1537 2002 ,
1556 1972 1602 1998 καὶ
1619 1974 1732 2007 μάγων,
1759 1976 1807 2002 καὶ
1829 1965 1912 2003 Ἰνδῶν

1127 2011 1277 2047 παράδοξόν
1290 2021 1351 2041 τινα
1365 2015 1412 2040 καὶ
1427 2015 1496 2042 θετον
1505 2017 1585 2043 αὐτὸν
1596 2019 1661 2053 ἡμῖν
1676 2020 1787 2054 ἀγαγὼν
1801 2042 1809 2053 ,
1828 2031 1912 2058 παρα-

1125 2056 1206 2090 δόξων
1218 2058 1340 2086 ἐντεῦθεν
1354 2060 1542 2096 ἀφηγημάτων
1555 2064 1788 2100 κατάρχεται.Κα“ι
1800 2068 1832 2094 τὸ
1847 2056 1911 2103 (ΞΓ)

1124 2102 1157 2128 ἄν
1167 2111 1208 2134 τις
1220 2104 1290 2131 εἴποι
1304 2105 1429 2140 εὐλόγως,
1441 2108 1481 2134 ὅτι
1489 2108 1531 2143 δὴ,
1542 2110 1565 2136 εἰ
1576 2110 1712 2146 θειοτέρας
1721 2112 1736 2148 ἢ
1744 2115 1912 2151 κατ’ἆνθρω-

1124 2156 1174 2175 πον
1190 2148 1296 2183 φύσεως
1309 2148 1342 2186 ἧν
1359 2152 1440 2179 πάλαι
1453 2173 1460 2184 ,
1484 2153 1540 2180 ἀλλ’
1555 2155 1584 2181 οὺ
1599 2155 1646 2182 νῦν
1659 2156 1711 2183 ἔδει
1721 2177 1728 2189 ,
1753 2158 1810 2194 πρὸ
1823 2148 1873 2195 τῆς
1884 2159 1910 2187 δὲ

1122 2193 1223 2230 ἐτέρων
1247 2196 1421 2232 μεταλήψεως
1446 2199 1502 2225 τῶν
1530 2200 1688 2236 θαυμασίων
1711 2193 1907 2240 κατάρχεσθαι.

1121 2239 1239 2276 Περιττὴ
1264 2241 1286 2267 δ’
1301 2241 1333 2268 ἃν
1353 2243 1400 2270 καὶ
1415 2245 1432 2278 ἡ
1457 2245 1486 2278 ἐξ
1509 2245 1630 2281 Ἀράόων
1644 2247 1718 2283 αὐτῷ
1729 2268 1737 2280 ,
1765 2239 1864 2284 μάγων
1881 2259 1907 2276 τε

1121 2284 1168 2310 καὶ
1188 2285 1284 2318 Ἰνδῶν,
1300 2286 1344 2314 διὰ
1356 2289 1472 2324 σπουδῆς
1484 2291 1651 2327 ἐπεχειρεῖτο
1679 2294 1851 2330 πολυμάθεια
1861 2316 1868 2326 ,
1885 2297 1907 2322 s!

1120 2330 1152 2366 δή
1169 2339 1211 2363 τις
1238 2333 1308 2359 κατὰ
1337 2335 1385 2370 τὴν
1401 2335 1522 2363 δοθεῖσαν
1540 2338 1644 2373 ὑπῆρεν
1674 2339 1814 2368 ὑπόθεσιν.
1839 2343 1906 2369 Ἀλλ’

1120 2373 1206 2410 οὗτος,
1221 2378 1291 2405 κατὰ
1303 2379 1347 2406 τὸν
1359 2379 1445 2416 ἅληθῆ
1460 2385 1618 2419 συγγραφέα
1641 2385 1706 2421 (28),
1718 2387 1764 2413 νῦν
1778 2388 1810 2423 δὴ
1838 2389 1906 2425 πάρ-

1117 2432 1184 2455 εστι,
1198 2425 1265 2459 μετὰ
1277 2426 1597 2462 τοσούτουςδιδασκάλους
1604 2431 1653 2467 τὴν
1664 2433 1759 2467 σοφίαν
1769 2435 1904 2463 ἐνδεικνὺ-

1121 2479 1209 2505 μενος.

318 2541 341 2557 ⁶⁰
361 2542 407 2569 lib.
426 2551 458 2575 ν,
477 2552 502 2573 e.
521 2545 564 2572 12.
603 2547 624 2562 ⁶¹
646 2547 692 2575 lib.
715 2555 762 2580 ιιι,
784 2557 809 2576 c.
830 2551 873 2578 15.
913 2552 935 2568 ⁶²
955 2553 1003 2582 lib.
1025 2562 1073 2588 tu,

1135 2559 1179 2586 54.
1218 2560 1241 2575 ⁸⁸
1260 2560 1306 2587 lib.
1324 2569 1366 2592 IV,
1384 2568 1409 2588 c.
1427 2562 1453 2589 Ι.

392 2590 475 2629 {apd
490 2590 536 2629 τῷ
545 2592 716 2629 Φιᾼαλῄθει.
732 2593 818 2629 Supra
834 2605 859 2623 c.
877 2597 904 2624 2.

317 2622 372 2664 (ἓῇ)
387 2622 567 2664 -Ἐὰροιζᾷᾏ
581 2627 623 2664 rlta
637 2622 752 2656 Pbilost.
767 2622 999 2662 [iubetet—Euseb.
1014 2635 1062 2664 inf.

281 2664 305 2684 c.
387 2659 528 2695 'Exzpovrq‘tv
544 2662 677 2690 habebant
691 2665 766 2692 editi.

316 2692 370 2735 (νο)
388 2692 506 2735 ᾟρετο.’
520 2697 590 2735 Editi
617 2698 679 2725 οὔτε
705 2700 796 2735 ἤρετο.
814 2701 871 2730 Hoc
893 2703 954 2730 οὔτε
972 2708 1062 2733 tamen

281 2728 458 2774 emittendum
472 2733 575 2774 putavi;
586 2741 667 2774 tlf'tm,.
676 2740 706 2774 ut
716 2728 833 2774 “taceam
843 2728 849 2730 ⁷

280 2761 377 2802 ipseigl
388 2761 493 2802 _o_uiilt'it
510 2761 830 2802 Eusebius'iufqrcffiiit

314 2796 371 2839 (27)
388 2799 515 2839 Ὤριτᾱρι.
535 2802 572 2839 Ita
591 2802 689 2831 lndirze
702 2796 799 2839 gentis
808 2796 908 2835 nomen
933 2811 1062 2838 scriben~

477 2835 640 2880 Stephanus,

280 2866 380 2917 aliique
402 2867 466 2917 [non
493 2866 616 2917 “plateau:
634 2866 673 2901 ἰιι

285 2899 411 2937 Ὠρὶίτηξ
423 2909 510 2931 autem
523 2899 634 2934 ’ἐθνικὸν
647 2899 1060 2948 1.05

1119 2604 1175 2632 biea
1188 2606 1292 2648 insula.
1308 2606 1438 2635 Similiter
1450 2609 1521 2644 apud
1539 2609 1733 2639 Philostratum
1758 2618 1900 2648 peccatum

1118 2645 1168 2667 est.
1188 2641 1322 2668 HoLSTEtI.

1142 2676 1210 2714 (Ξῖ)
1222 2677 1276 2703 Καὶ
1289 2677 1333 2704 τό.
1347 2677 1427 2714 Forte
1440 2679 1582 2714 legendum
1601 2681 1698 2708 καίτοι.
1709 2681 1791 2710 Eni'r.

1152 2711 1207 2746 (28)
1231 2713 1311 2739 Κατὰ
1334 2713 1396 2750 τὸνν
1410 2711 1507 2750 ἀληθῆ
1532 2723 1635 2750 cum).
1657 2716 1762 2744 Dictum
1784 2719 1898 2750 εἰρωνι-

1115 2745 1181 2778 κῶς,
1197 2755 1348 2782 nempepro
1363 2749 1408 2774 tali
1425 2745 1617 2779 Philostraluiu
1634 2752 1791 2780 vendiderat
1801 2745 1897 2781 Hiero-

1114 2782 1180 2813 cles,
1192 2789 1273 2816 supra
1286 2790 1310 2809 c.
1324 2783 1432 2823 n._Male
1446 2785 1527 2818 igitur
1542 2786 1669 2823 Acciolus
1683 2787 1739 2814 haec
1756 2789 1788 2815 ad
1806 2790 1895 2823 ipsum

1115 2815 1265 2843 Hieroclem
1293 2818 1430 2848 retulerat.
1443 2815 1469 2846 et
1493 2825 1586 2847 contra
1603 2821 1687 2848 Graeci
1710 2828 1800 2851 textus
1817 2815 1896 2850 l'idcm

1114 2855 1245 2879 verterat:
1255 2852 1493 2881 Philuletltetamen
1506 2858 1734 2886 auctaremanniai
1742 2864 1778 2886 tot
1793 2861 1895 2886 aliau-

1113 2887 1160 2913 stis
1175 2888 1308 2922 magistris
1320 2889 1475 2924 sapientiam
1491 2891 1624 2926 patefecit.
