2065 3216
169 139 223 168 833

421 199 616 227 ΚΕΦΑΛΔΙΟΝ
645 200 706 226 KZ'.

203 246 258 271 Καὶ
274 245 370 281 πρῶτα
388 247 438 282 μὲν
450 266 457 278 ,
473 243 517 273 οἷα
526 246 555 280 ἐξ
572 246 692 283 ’Δρὰὃῳν
704 247 760 283 (29)
771 247 878 283 καὶτῆς
892 249 955 283 παρ’

166 291 258 322 αὐτοῖς
268 292 439 327 οἱωνιστικῆς
448 291 605 328 ὁρμώμενος
618 311 625 324 ,
639 292 686 318 τὸν
697 292 824 328 στρουθὸν
835 293 849 319 ὂ
863 301 887 318 τι
899 292 957 328 βού-

166 336 238 364 λοιτο
248 357 255 369 ,
271 337 334 369 τοὺς
347 337 454 373 ἐτέρους
465 338 511 364 ἐπὶ
523 338 625 374 τροφὴν
641 339 807 374 παρακαλῶν
819 359 827 370 ,
839 340 957 376 ὲφερμη-

166 383 239 410 νεύει
253 385 309 415 τοῖς
321 384 466 420 παροῦσιν·
481 383 538 411 εἶτα
561 385 607 417 δὲ,
622 385 715 421 λοιμοῦ
732 385 954 422 προαισθόμενος,

167 431 383 466 προμαντεύεται
398 433 450 464 τοῖς
462 433 591 465 πολίταις.
608 434 663 469 Τὴν
673 434 694 459 δ’
703 434 791 461 αἰτίαν
805 434 851 460 καὶ
861 433 955 460 τούτου

167 477 198 503 ὲν
211 479 243 512 τῇ
264 478 329 513 πρὸς
347 479 507 514 Δομετιανὸν
523 480 654 516 ἀπολογίᾳ
669 480 749 511 αὐτὸς
766 479 954 515 παρατίθεται.

173 523 318 559 Ἐρομένου
326 524 425 559 γάρτοι
432 525 522 558 αὐτὸν,
533 526 628 553 ὁπόθεν
639 525 795 562 ὁρμώμενος
804 525 882 552 τοῦτο
891 535 956 562 προ-

165 568 249 601 είποι,
264 569 443 606 (Λεπτοτέρᾳ,
455 570 518 606 ἔφη,
529 571 678 607 χρώμενος,
691 569 713 598 ὧ
724 571 843 607 βασιλεῦ,
854 571 953 609 διαίτῃ,

165 614 274 650 πρῶτος
289 615 336 641 τοῦ
364 615 450 643 δεινοῦ
475 617 597 653 ᾐσθόμην
610 627 617 633 ·
637 628 646 643 ι
671 618 717 644 καὶ
731 618 821 653 τρίτον
840 618 862 644 δ’
880 618 954 653 αὐτῷ

166 659 258 696 θαῦμα
277 661 387 695 γεγονὸς
407 662 525 698 ἱστορεῖ,
545 663 582 695 ὡς
598 663 629 699 δὴ
646 663 826 700 ἀλεξήσαντος
841 664 887 691 τὸν
903 664 955 691 λοι-

166 705 217 742 μόν
242 707 305 742 (50).
333 708 419 744 Ὅπερ
446 710 470 736 ει
492 709 526 736 τὰ
547 710 661 745 μάλιστα
684 711 712 736 ἐν
733 711 794 742 ταῖς
819 710 865 736 ἐπὶ
882 710 954 737 τέλει

163 753 224 779 κατ’
246 753 326 780 αὐτοῦ
355 755 530 791 κατηγορίαις
545 756 576 782 οὐ
591 755 714 782 τέθεικεν
735 757 749 782 ό
767 756 952 792 συγγραφεὺς,

161 798 206 825 ὅτι
219 798 256 834 μὴ
273 800 373 835 παρῆν,
390 800 428 832 ὼς
442 801 525 833 εἰκὸς,
543 801 617 836 αύτῷ
633 802 667 828 δι’
684 801 833 836 ἀπολογίας
854 800 955 828 ἀπολύ-

162 844 261 871 σασθαι
274 844 328 880 (51)
342 845 372 871 τὺ
388 845 522 882 ἔγκλημα,
532 846 597 882 φέρε
611 846 642 882 δὴ
657 844 702 873 οὖν
719 847 804 882 ὅμως,
815 847 892 874 αὐτοὶ
903 847 953 883 τὴν

732 139 832 167 LIBER
850 139 990 168 CONTRA
1009 139 1221 168 HIEROCLEM.

1726 148 1729 152 ‘
1740 142 1792 171 856

1272 199 1388 228 CAPUT
1406 200 1513 229 XXVII.

1043 246 1081 273 Ac
1093 246 1183 281 primo
1197 246 1307 282 quidem
1321 246 1353 280 ⁸⁸,
1365 247 1449 274 veluti
1466 247 1500 274 ab
1514 247 1650 275 Arabibus
1664 249 1691 275 et
1708 255 1793 282 augu-

1007 293 1057 319 rali
1070 300 1165 320 eorum
1180 293 1274 320 schola
1289 293 1451 326 adventans,
1466 294 1644 329 passerculus
1659 294 1725 330 quid
1739 294 1791 322 sibi

1007 339 1097 372 vellet,
1120 338 1154 366 ad
1179 345 1288 374 pastum
1305 344 1418 367 caeteros
1435 340 1482 375 qui
1499 339 1642 373 invitabat,
1658 341 1790 367 auditori-

1005 385 1058 412 bus
1076 385 1281 420 interpretatur.
1296 384 1366 413 Tum
1379 385 1401 402 °‘
1416 390 1588 421 appetentem
1605 386 1790 421 pestilentiam

1007 435 1070 459 ante
1082 433 1213 463 sentiens,
1242 431 1348 459 civibus
1364 432 1438 459 illam
1454 432 1589 467 praedicit.
1615 432 1736 467 Eiusque
1751 432 1790 459 rei

1005 477 1138 504 rationem
1164 477 1234 512 apud
1263 477 1447 505 Domitianum
1473 479 1531 513 ipse
1563 485 1670 513 quoque
1696 477 1789 506 edidit.

1005 523 1128 558 Rogante
1154 524 1226 550 enim
1261 531 1325 551 eum
1355 523 1520 555 Domitiano,
1552 531 1607 559 quo
1635 523 1662 550 id
1690 522 1790 558 praedi—

1005 569 1091 596 xisset
1120 569 1262 602 instinctu,
1291 578 1301 595 ί
1331 568 1431 602 Diaeta,
1458 569 1556 604 inquit,
1583 576 1599 596 ο
1626 569 1788 604 imperator,

1004 616 1094 650 magis
1129 615 1208 643 tenui
1240 623 1329 648 usus,
1363 616 1468 650 primus
1503 616 1626 642 omnium
1665 614 1790 650 persensi

1004 664 1117 690 malum.
1151 672 1161 688 ι
1197 662 1319 690 Tertium
1349 661 1413 690 inde
1449 665 1619 697 patratorum
1650 662 1675 690 ei
1705 663 1790 690 mira—

1004 709 1128 736 culorum
1157 709 1268 744 exponit
1302 709 1347 741 “,
1379 712 1409 735 ut
1440 713 1544 743 pestem
1580 716 1677 743 nempe
1705 709 1790 744 depu-

1004 755 1075 782 lerit.
1088 754 1164 788 Quod
1181 755 1290 782 tametsi
1302 763 1362 782 cum
1373 755 1488 782 maxime
1500 755 1617 789 scriptor
1631 755 1658 782 in
1672 755 1716 787 iis,
1729 763 1790 790 qua:

1004 801 1057 828 sub
1076 800 1156 828 ﬁnem
1179 801 1325 833 habentur,
1352 801 1574 828 accusationibus
1593 808 1647 828 non
1669 808 1790 829 comme-

1003 847 1161 878 moraverit,
1187 847 1328 882 quoniam,
1347 851 1376 874 ut
1404 846 1562 874 verosimilc
1582 851 1635 879 est,
1663 847 1788 882 apologia

161 891 283 927 ἱστορίαν
298 892 327 923 ἐς
344 892 459 928 φανερὸν
476 892 649 928 ὑποθώμεθα,
665 893 735 920 οὕτω
747 893 779 928 δὴ
797 894 842 920 καὶ
854 894 948 928 ταύτηκ

1006 893 1072 921 illud
1088 894 1192 921 crimen
1215 901 1271 920 non
1290 897 1397 928 poterat
1411 892 1534 926 diluere;
1552 893 1732 920 nihilominus
1748 897 1789 920 ta-

163 937 330 969 εὺθύνοντες.
349 938 382 964 Εἴ
405 947 457 965 τινι
483 938 538 974 γὰρ
562 939 612 965 οὐκ
635 939 667 966 ἂν
691 939 733 975 εἴη
753 940 845 974 σαφὲς,
865 940 953 977 ὁτιδὴ

160 982 230 1009 πολὺ
244 983 275 1009 τὸ
291 983 412 1018 πλάσμα,
427 984 474 1011 καὶ
490 984 638 1020 ἀπατηλὸν,
652 985 780 1020 γοητείας
795 993 825 1011 τε
838 985 876 1017 ὡς
888 985 954 1021 ἀλη-

159 1028 216 1060 θῶς
226 1029 439 1064 ἔμπλεον,αὺτὸς
454 1031 468 1057 ὁ
482 1030 580 1066 τρόπος
594 1031 739 1066 ἀπελέγχει
752 1031 803 1066 τῆς
819 1032 950 1068 ἱστορίας.

159 1074 215 1100 Τὸν
227 1074 280 1110 γάρ
291 1084 332 1101 τοι
347 1075 440 1111 λοιμὸν
457 1076 612 1104 ὑποτίθεται
624 1078 653 1104 ὲν
669 1077 733 1104 εῖδει
751 1077 946 1113 πτωχεύοντος,

159 1120 207 1147 καὶ
231 1121 340 1156 ῥάκεσιν
363 1123 552 1158 ἠμφιεσμένοι)
579 1123 731 1159 πρεσϐύτου
750 1123 846 1160 ἀνδρὸς
862 1125 951 1161 ἑωρᾶ-

159 1167 236 1194 σθαι·
256 1168 286 1194 ὃν
302 1168 460 1195 καταλεύειν
484 1169 730 1204 ἐπικελευσαμένου
750 1169 795 1196 τοῦ
814 1169 950 1197 Ἀπολλωη

158 1210 227 1242 νίού,
245 1211 374 1247 πρότερον
393 1212 441 1247 μὲν
458 1212 513 1249 πῦρ
534 1213 640 1248 βάλλειν
656 1213 710 1240 τῶν
727 1214 885 1250 ὀφθαλμῶν,
899 1212 949 1241 εἶθ’

159 1255 272 1291 ὕστερον
298 1256 429 1293 βληθέντα
441 1258 534 1291 λίθοις,
553 1258 620 1285 κύνα
646 1260 884 1295 συντετριμμένον,
903 1260 950 1286 καὶ

159 1303 354 1340 παραπτύοντα
375 1304 470 1341 ἀφρὸν,
487 1305 524 1337 ὡς
538 1306 561 1332 οἱ
579 1305 737 1338 λυττῶντες,
756 1307 872 1342 φανῆναι
885 1315 892 1321 ·
910 1307 949 1333 εὶ-

159 1348 275 1383 ρηκέναι
290 1348 311 1375 δ’
327 1349 407 1376 αὑτὸν
424 1350 488 1387 περὶ
504 1350 599 1377 τούτου
624 1351 669 1386 καὶ
685 1352 713 1377 ἐν
730 1353 763 1387 τῇ
784 1352 851 1388 πρὸς
868 1352 947 1378 αὺτο-

158 1392 281 1430 γράτορα
307 1394 467 1428 Δομετιανὸν
493 1394 624 1430 ἀπολογίᾳ
643 1395 729 1422 ταῦτα
746 1396 856 1432 γράφει·
878 1406 887 1420 ι
911 1395 947 1422 Τὸ

158 1439 214 1475 γὰρ
229 1439 323 1475 λοιμοῦ
341 1438 420 1472 εἶδος,
439 1440 549 1475 πτωχῷ,
569 1438 619 1467 ὦδε
634 1442 769 1477 ἀγείροντι
787 1441 852 1477 (52),
870 1441 946 1468 εἴκα-

158 1494 223 1513 στο·
251 1486 297 1513 καὶ
321 1484 400 1518 εἶδον,
416 1486 462 1513 καὶ
491 1487 560 1518 ἰδὼν,
578 1484 660 1520 εἶλον,
677 1488 707 1514 ού
736 1488 842 1519 παύσας
858 1488 944 1519 νόσον,

156 1531 216 1559 ἁλλ’
241 1530 346 1566 ἐξελών.
369 1543 378 1559 ι
398 1533 446 1564 Τίς
462 1533 493 1568 δὴ
510 1531 556 1560 οῦν
573 1533 618 1560 ἐπὶ
634 1533 737 1565 τούτοις
762 1535 792 1560 οὐ
811 1534 882 1570 μέγα
896 1533 945 1569 τὴν

155 1577 205 1605 τοῦ
222 1577 420 1614 θαυματοποιοῦ
435 1580 578 1613 γελάσεται
599 1579 843 1616 παραδοξοποιίαν;
866 1579 946 1612 ζώων

155 1624 316 1660 ὀφθαλμοῖς,
334 1626 380 1652 καὶ
394 1625 474 1652 λίθων
490 1626 675 1653 ὑποπίπτοντα
693 1626 793 1661 βολαῖς,
808 1625 947 1662 ξυντριϐό-

157 1670 240 1704 μενόν
255 1679 285 1697 τε
303 1671 370 1707 πρὸς
393 1670 553 1706 ἀνθρώπων,
571 1672 617 1699 καὶ
633 1671 718 1707 ἀφρὸν
740 1672 946 1708 παραπτύοντα,

155 1717 208 1752 τὴν
232 1717 280 1744 τοῦ
307 1718 399 1752 λοιμοῦ
425 1719 504 1754 φύσιν
528 1719 644 1751 ἀκούων,
658 1719 696 1751 ὡς
712 1719 766 1746 οὐδ’
788 1719 844 1746 ἄλλ’
858 1719 947 1747 ὁτιοῦν

155 1763 286 1798 τ)γχάνει
307 1764 323 1799 ἢ
345 1764 442 1801 φθορὰ,
471 1765 518 1792 καὶ
544 1765 664 1796 κάκωσις
687 1764 778 1800 ἀέρος,
796 1766 842 1792 ἐπὶ
859 1766 890 1792 τὸ
903 1774 947 1792 νο-

155 1806 242 1840 σῶδες
265 1811 441 1845 τρεπομένου,
463 1810 511 1837 τοῦ
527 1811 707 1847 περιέχοντος,
726 1811 758 1837 ὲκ
772 1811 897 1848 πονηρῶν
912 1820 943 1838 τε

155 1856 206 1882 καὶ
230 1856 338 1891 φαύλων
358 1858 574 1893 ἀναθυμιάσεων,
589 1855 694 1893 ἦλόγος
709 1857 830 1892 ἰατρικὸς
853 1866 943 1893 παρα-

154 1901 259 1935 δίδωσι,
279 1903 483 1939 ξυνισταμένου.
507 1904 561 1930 Καὶ
583 1904 668 1935 ἄλλως
684 1903 738 1939 (55)
750 1903 771 1929 δ’
789 1903 821 1930 ἂν
841 1904 872 1930 τὸ
894 1905 947 1939 φά‹

155 1959 215 1985 σμα
229 1951 284 1987 (54)
298 1949 472 1985 διευθυνθείη,
483 1950 597 1985 ἐπείπερ
613 1950 681 1986 μόνῃ
697 1951 730 1985 τῇ
747 1949 800 1976 τῶν
816 1950 946 1984 Ἐφεσίων

154 1998 244 2030 πόλει,
259 1998 316 2025 ἀλλ’
332 1997 392 2033 οὐχὶ
406 1997 452 2024 καὶ
466 1998 524 2028 τοῖς
538 1996 647 2032 ὁμόροις
657 1996 703 2022 τὸν
720 1995 812 2031 λοιμὸν
830 1996 944 2032 ἐπισκῆ-

153 2043 206 2079 ψαι
236 2051 317 2078 φησιν
339 2044 354 2069 ὁ
378 2042 455 2077 λόγος
466 2050 473 2057 ·
491 2042 558 2077 ὅπερ
574 2041 623 2068 οὐκ
640 2042 673 2068 ἂν
691 2041 807 2076 γεγόνοι,
822 2042 942 2069 κάκωσιν

152 2089 205 2117 τοῦ
221 2089 392 2126 περιέχοντος
420 2087 598 2120 πεπονθότος·
616 2088 645 2114 οὐ
667 2088 721 2122 γὰρ
743 2087 784 2124 δὴ,
799 2087 943 2114 κατακλει-

155 2135 231 2168 σθὲν,
241 2136 314 2171 μόνῳ
329 2135 362 2162 ἂν
370 2135 519 2171 ὲφήδρευσε
533 2134 572 2170 τῷ
580 2133 644 2170 περὶ
653 2134 702 2170 τὴν
713 2134 825 2168 Ἔφεσον
841 2134 902 2170 ἀέρι
913 2134 943 2160 τὸ

152 2182 221 2218 νόση
226 2191 273 2218 μα.

1004 948 1066 967 men
1082 948 1143 971 nos,
1159 947 1220 975 age,
1235 940 1315 966 istam
1337 939 1480 967 historiam
1499 939 1527 966 in
1548 940 1634 967 lucem
1653 941 1787 975 produca-

1003 991 1075 1015 mus,
1087 990 1146 1010 eam
1161 991 1270 1018 quoque
1285 984 1322 1010 ita
1338 984 1528 1012 examinaturi.
1545 983 1573 1011 Si
1587 984 1632 1011 cui
1648 985 1720 1012 enim
1738 985 1789 1012 mi-

1002 1036 1055 1056 nus
1073 1029 1141 1057 alias
1158 1033 1295 1058 constaret
1311 1029 1425 1064 liquido,
1440 1030 1559 1063 spissum
1571 1029 1623 1057 hoc
1636 1038 1697 1059 esse
1711 1039 1787 1058 men-

1005 1075 1158 1108 dacium,ct
1174 1076 1277 1110 magica
1296 1083 1386 1102 revera
1401 1075 1482 1110 528
1494 1076 1685 1111 superstitione
1702 1076 1785 1104 refer-

1006 1125 1074 1153 tum,
1087 1122 1143 1156 ipsa
1155 1121 1318 1149 narrationis
1332 1122 1401 1148 ratio
1414 1122 1439 1148 id
1456 1126 1527 1149 esset
1540 1122 1626 1149 evictu
1632 1129 1669 1149 ra.
1680 1121 1784 1150 Pestem

1006 1168 1078 1195 enim
1091 1167 1185 1194 statuit
1201 1168 1329 1200 mendici,
1348 1167 1497 1202 pannisque
1517 1168 1613 1195 laceris
1635 1167 1721 1195 induti
1743 1176 1786 1194 se-

1007 1214 1050 1241 nis
1073 1214 1165 1240 habitu
1190 1214 1357 1247 apparuisse.
1376 1213 1459 1246 Quem
1472 1222 1533 1241 cum
1553 1214 1685 1248 lapidibus
1707 1213 1784 1240 obrui

996 1257 1126 1292 jussisset
1138 1258 1310 1293 Apollonius,
1329 1257 1446 1292 primum
1459 1257 1497 1284 ait
1513 1256 1648 1284 ﬂammant
1660 1257 1785 1284 emisisse

998 1304 1086 1331 oculis
1101 1313 1106 1330 :
1122 1307 1178 1330 tum
1194 1311 1259 1331 vero
1274 1304 1410 1338 lapidibus
1432 1303 1558 1330 obrutum
1584 1311 1680 1332 canem
1698 1304 1784 1331 obtri-

997 1353 1053 1377 tum
1066 1353 1092 1376 et
1105 1358 1159 1376 ore.
1170 1354 1352 1384 spumantem,
1368 1349 1525 1376 rabidorum
1542 1357 1627 1381 more,
1643 1351 1785 1385 apparuis-

997 1402 1037 1422 se.
1053 1393 1144 1429 Ipsum
1171 1399 1261 1421 autem
1285 1394 1318 1421 de
1335 1402 1367 1421 eo
1381 1395 1461 1420 etiam
1485 1394 1670 1429 Apollonium.
1690 1397 1717 1422 in
1735 1404 1784 1423 sua

997 1441 1030 1468 ad
1047 1440 1229 1468 Domitianum
1246 1441 1437 1476 imperatorem
1462 1441 1598 1476 apologia,
1612 1441 1648 1468 ita
1662 1442 1784 1469 locutum

996 1494 1057 1514 esse
1073 1487 1169 1514 scribit
1184 1496 1190 1514 :
1212 1496 1221 1512 ι
1239 1486 1406 1514 Pestilentia:
1419 1487 1491 1513 enim
1506 1485 1593 1513 forma
1607 1487 1743 1519 mendico,
1753 1494 1785 1514 eo

997 1532 1091 1560 habitu
1109 1532 1334 1568 circumvaganti,
1350 1533 1570 1561 assimilabatur:
1587 1541 1702 1568 eamque
1718 1533 1783 1566 vidi,

997 1579 1139 1615 visamque
1161 1580 1224 1611 vici,
1239 1587 1292 1606 non
1317 1584 1347 1606 ut
1371 1583 1492 1606 cessaret
1514 1578 1573 1606 lues
1592 1579 1720 1610 elliciens.
1736 1581 1784 1607 sed

996 1626 1075 1661 plane
1091 1634 1106 1653 e
1115 1625 1204 1653 medio
1215 1633 1275 1652 eam
1291 1625 1398 1652 tollens.
1412 1634 1420 1650 ι
1431 1625 1499 1657 Quis
1511 1633 1585 1657 vero,
1598 1625 1663 1652 talia
1680 1626 1784 1660 legens,

995 1671 1204 1707 praestigiatoris
1224 1679 1323 1706 magno
1342 1671 1400 1698 risu
1428 1679 1482 1698 non
1505 1671 1624 1706 excipiat
1640 1672 1786 1706 portenta?

998 1716 1174 1755 [monstrum]
1194 1717 1282 1745 oculis
1305 1717 1466 1750 viventium,
1489 1720 1516 1744 et
1546 1716 1683 1752 lapidibus
1709 1717 1736 1744 in
1755 1725 1785 1745 se

996 1763 1128 1798 conjectis
1143 1763 1302 1793 obnoxium,
1319 1763 1353 1790 ab
1376 1763 1534 1790 hominibus
1556 1770 1622 1790 vero
1637 1763 1782 1794 obtritum,

998 1815 1025 1837 et
1047 1817 1094 1836 ore
1117 1816 1247 1844 spumans
1265 1817 1270 1834 :
1289 1808 1373 1842 pestis
1402 1812 1529 1835 naturam
1547 1808 1592 1843 qui
1610 1808 1689 1840 sciat,
1708 1809 1783 1843 quod

999 1859 1071 1886 aliud
1097 1858 1133 1886 sit
1157 1858 1224 1885 nihil
1241 1865 1323 1893 quam
1354 1857 1508 1892 corruptela
1533 1860 1561 1884 et
1575 1855 1670 1882 vitium
1699 1854 1782 1886 aeris,

999 1909 1106 1932 nosmet
1118 1904 1274 1934 ambientis,
1288 1907 1370 1938 atque
1384 1904 1412 1930 in
1428 1903 1539 1930 noxium
1559 1901 1630 1929 versi
1647 1900 1781 1932 habitum,

1000 1953 1027 1977 et
1043 1949 1168 1983 malignis
1182 1956 1214 1975 ac
1229 1948 1384 1983 depravatis
1402 1947 1632 1978 exhalationibus,
1648 1951 1676 1974 ut
1695 1945 1783 1973 Inedi—

1000 2003 1095 2023 corum
1117 1994 1200 2022 tradit
1228 1994 1363 2026 doctrina,
1382 1993 1532 2028 inspissati.
1556 1991 1613 2019 lmo
1638 1995 1665 2019 et
1689 1990 1781 2018 habita

996 2045 1155 2069 camerarum
1179 2040 1448 2068 circumstantiarum
1464 2039 1570 2065 ratione
1591 2038 1674 2065 hocce
1689 2037 1782 2071 explo-

996 2088 1061 2115 dere
1088 2088 1167 2114 liceat
1193 2090 1341 2122 speetrum,
1363 2085 1491 2121 quoniam
1515 2091 1613 2117 nempe
1643 2083 1693 2111 soli
1721 2083 1781 2109 urbi

997 2132 1130 2168 Ephesiae,
1145 2139 1200 2159 non
1220 2139 1284 2159 vero
1307 2130 1432 2158 ﬁnitimis
1447 2130 1529 2158 etiam
1548 2133 1652 2164 pestem
1669 2135 1780 2163 gravem

998 2178 1157 2206 incubuisse
1172 2181 1266 2205 narrat
1287 2177 1376 2204 oratio
1393 2185 1401 2204 :
1419 2176 1491 2211 quod
1504 2175 1605 2202 factum
1619 2179 1693 2202 certe
1709 2173 1780 2201 haud

153 2234 240 2259 esset,
255 2228 279 2256 si
296 2228 392 2255 vitium
417 2228 452 2255 ab
475 2235 538 2254 aere
570 2226 708 2254 ambiente
730 2225 830 2253 fuisset
858 2230 1053 2253 contractum:
1071 2225 1184 2252 minime
1216 2224 1299 2256 enim,
1327 2223 1463 2258 angustiis
1490 2222 1656 2254 conclusus,
1691 2221 1779 2249 solum

152 2275 303 2311 Ephesium
321 2282 409 2302 aerem
425 2275 538 2303 morbus
552 2274 679 2301 obsidere
693 2273 838 2309 potuisset.

193 2323 217 2340 ⁵⁸
237 2323 283 2350 lib.
301 2331 343 2354 Iv,
360 2331 385 2349 c.
401 2323 428 2350 3.
467 2322 489 2339 ⁸⁵
509 2322 557 2349 lib.
576 2329 619 2353 tv,
637 2329 662 2349 c.
678 2320 706 2347 Δί.
747 2320 769 2336 ⁸⁸
789 2320 837 2347 lib.
855 2326 904 2351 tu,
919 2326 944 2346 ο.
966 2317 1010 2345 10.

194 2369 250 2404 (29)
267 2367 320 2396 Οἴα
338 2368 373 2400 ἐξ
394 2367 539 2404 ‘Apdﬁagr.
549 2368 651 2402 Nempe
666 2366 817 2396 doctissimi
836 2366 874 2393 illi
892 2365 940 2404 τῆς

998 2361 1043 2390 ὧδε
1056 2362 1183 2404 ’γέροντα
1206 2362 1251 2390 sed
1277 2359 1536 2404 potiusmquife'
1552 2359 1669 2404 γέροντι¹
1681 2359 1779 2404 legitur

152 2401 327 2440 οἰωνιστικῆς
343 2401 475 2440 magistri.
491 2401 697 2440 VideAnostrum»
712 2409 796 2440 supra
813 2409 872 2436 cap.
892 2401 937 2440 i0.

197 2440 253 2475 (50)
272 2436 401 2474 Λὸιμόνῖ
415 2439 515 2475 Vitium
537 2438 640 2465 Aldinae
655 2436 796 2475 editionis,
815 2443 875 2472 qua:
891 2437 940 2462 ba-

152 2472 240 2504 bebat
264 2472 401 2509 λογισμόν,
439 2474 629 2509 Morellianam
648 2480 756 2508 quoque
775 2472 937 2509 _invaserat,

153 2507 349 2548 quamvis—vel
374 2510 475 2536 Accioli
488 2509 590 2548 _versio
606 2507 746 2548 Moreuum
767 2507 800 2534 de
815 2515 882 2548 vc_ra_
894 2507 939 2533 le—

154 2542 249 2574 ctione
262 2547 408 2573 admonere
420 2545 562 2580 potuisset.
582 2544 610 2570 in
625 2542 802 2570 Holsteniana
819 2542 938 2569 editione

153 2582 285 2610 mendum
300 2581 371 2608 istud
387 2581 522 2608 sublatum
536 2579 662 2606 observo.

194 2617 331 2653 (διλζοτι
346 2615 389 2651 μὴ
406 2623 475 2653 παρ.
544 2616 598 2642 alia.
617 2615 682 2653 αψτ.
695 2613 743 2653 alii
757 2613 854 2653 daal.“
868 2612 941 2653 ἀξιο-

152 2647 354 2681 λύὶγ.’Νοεεὶό
372 2647 406 2678 an
428 2647 573 2678 Eusebium
599 2650 670 2676 ratio
695 2649 738 2675 hic
762 2656 817 2675 nou
842 2647 937 2681 fugiat.

153 2689 224 2716 Cum
241 2689 324 2717 enim.
343 2687 414 2721 quod
433 2686 490 2721 ipse
506 2685 585 2720 paulo
599 2688 660 2721 post
674 2684 811 2721 observat,
830 2682 939 2721 Apollo-

152 2726 220 2751 nius
246 2723 317 2758 apud
344 2718 543 2758 Domitianmii__
558 2718 648 2747 ea'de
673 2727 703 2758 _re
727 2719 831 2758 proiixe
849 2718 939 2758 egisse

152 2754 293 2790 narretur,
319 2758 411 2785 nescio
435 2765 468 2783 an
486 2755 650 2782 Philostrato
676 2755 727 2790 ista
750 2754 833 2780 tribui
852 2754 940 2790 possit

153 2788 353 2829 praevaricatio.
367 2793 433 2820 Vide
460 2792 513 2819 huc
529 2792 690 2826 spectantia,
722 2789 769 2817 lib.
792 2797 851 2820 vui,
868 2796 893 2815 c.
912 2788 936 2820 7,

153 2829 358 2900 ωῖζὲῗὴτονέ.
369 2860 432 2900 ωε
457 2862 610 2900 ἀγείροντι.
628 2859 785 2900 Holstenius
800 2866 832 2886 ex
845 2858 939 2886 Philo-

150 2896 253 2934 strato,
279 2896 459 2936 ὧδεγέροντι,
475 2898 616 2933 legendum
633 2899 720 2936 putat.
735 2896 770 2924 At
786 2902 874 2930 neque
888 2902 935 2921 πτ.
955 2933 957 2935 ν

993 2394 1285 2433 ιιρυάῬῙιὶιοειτίιιιιιιιξ
1302 2396 1357 2433 Nec
1374 2396 1401 2423 in
1425 2394 1537 2433 proclivi
1553 2400 1643 2433 est_ea
1663 2394 1778 2433 lectione

992 2428 1131 2461 obtinente
1148 2432 1309 2467 particulam
1327 2429 1377 2458 ὧδε
1392 2428 1532 2458 commode
1545 2430 1695 2467 grplicare.
1708 2428 1777 2467 Hinc

991 2477 1025 2496 ex
1040 2464 1157 2495 Eusebio
1174 2466 1378 2498 Philostralum,
1395 2473 1476 2501 quam
1494 2473 1527 2493 ex
1543 2464 1708 2492 Philostrato
1722 2464 1777 2491 Eu-

992 2505 1096 2532 sebium
1113 2503 1166 2530 isto
1182 2504 1241 2529 loco
1257 2503 1348 2528 malim
1360 2501 1510 2529 emendari.

1027 2540 1083 2574 (35)
1101 2538 1155 2565 Kal
1168 2537 1277 2569 ἄλλως.
1295 2537 1326 2574 l-l.
1343 2545 1368 2564 e.
1384 2537 1449 2574 licet
1466 2543 1528 2563 vero
1547 2535 1627 2574 etiam
1643 2534 1774 2562 conceda‘

990 2570 1036 2602 tur
1050 2570 1168 2601 fabulam
1184 2581 1245 2600 esse
1261 2573 1359 2599 tradita
1376 2571 1409 2599 de
1420 2575 1496 2606 peste
1512 2572 1585 2598 senis
1603 2570 1689 2597 forma
1702 2577 1762 2606 icon

991 2611 1096 2645 spicua.
1112 2613 1139 2636 et
1154 2613 1250 2645 caetera
1270 2616 1302 2635 eo
1320 2605 1482 2645 pertinentia
1507 2609 1670 2645 nugamenta
1698 2605 1776 2632 fabu-

990 2640 1048 2673 losa
1061 2652 1138 2677 esse;
1150 2651 1199 2670 nec
1212 2644 1252 2670 sic
1266 2640 1354 2669 tanien
1367 2643 1447 2669 etiam
1459 2640 1701 2677 acquiesceudum;
1712 2648 1774 2667 nam

990 2681 1101 2708 omnino
1122 2685 1224 2714 pestem
1248 2678 1404 2714 Ephesiam,
1420 2677 1500 2714 etiam
1523 2677 1582 2714 sine
1595 2676 1666 2714 istis
1690 2683 1775 2710 nuga-

989 2717 1088 2743 mentis
1101 2711 1260 2749 spectatam,
1271 2711 1321 2740 καὶ
1334 2712 1430 2743 ἄλλως,
1443 2713 1548 2739 ratione
1560 2711 1648 2749 habita
1663 2715 1776 2749 Cretera—

989 2759 1049 2779 rum
1063 2745 1342 2780 circiunstanliarum,
1356 2748 1507 2774 fabulosam
1523 2755 1583 2774 esse
1597 2745 1773 2781 deprehendi.

1028 2787 1084 2821 (55)
1102 2785 1217 2819 Φάσμα,
1234 2784 1397 2821 Φάσμαγιιος
1414 2784 1473 2809 loco
1495 2781 1624 2821 nil_al_iud
1640 2782 1775 2821 signiﬁcat

991 2816 1081 2856 quam
1099 2816 1190 2848 l‘ucuiu
1215 2816 1303 2856 oculis
1316 2820 1480 2856 obstipatum
1499 2828 1505 2845 ς
1522 2819 1562 2856 sic
1574 2817 1668 2856 liniue.
1682 2816 1774 2856 531L-

990 2850 1084 2884 eadem
1101 2864 1140 2888 re,
1157 2856 1218 2882 Ὀτι
1229 2855 1322 2890 φάσυα
1337 2850 1476 2881 καὶόὑδέν
1489 2861 1516 2880 τι
1532 2852 1611 2880 πλέον
1626 2850 1775 2889 {mnenda-

989 2892 1115 2929 δὴλωταῑ.
