2065 3216
316 123 371 154 835

577 179 691 208 CAPUT
710 179 829 207 XXVIII.

351 243 445 276 Quarti
468 238 592 268 miraculi
609 238 670 265 loco
685 237 799 264 Achillis
814 236 939 272 producit
955 243 1049 263 manes
1064 235 1097 268 ⁸⁷,

318 290 432 326 primum
453 286 562 323 quidem
589 287 618 313 in
641 285 782 320 chlamyde
809 284 929 318 quinque
953 282 1098 314 cubitales,

318 325 379 363 inde
395 332 537 361 duodecim
566 331 720 359 cubitorum
747 327 935 363 magnitudine
960 326 994 354 ad
1007 325 1098 361 sepulo

317 387 392 408 crum
420 378 506 414 ipsius
522 376 664 413 Apollonio
689 377 862 409 conspectos,
874 377 901 401 et
911 373 945 400 de
960 371 1099 399 Thessalis

315 428 524 460 conquerentes,
540 421 613 458 quod
629 421 680 450 sibi
693 420 816 452 inferias,
833 423 863 446 ut
887 426 962 445 more
983 421 1042 445 erat
1056 425 1099 444 re-

314 475 435 506 ceptum,
450 477 505 496 non
520 469 656 496 solverent
671 477 678 495 :
692 466 819 502 Troianis
846 471 976 501 praeterea
1002 465 1097 496 iratos,

314 518 350 545 ob
364 525 395 545 ea
411 524 471 552 qua:
496 516 523 543 in
548 523 610 542 eum
626 514 825 549 peccavissent.
843 518 923 547 atque
944 511 1097 546 Apollonio,

315 568 345 592 ut
359 555 477 598 quinque
489 565 651 597 proponeret
661 560 836 596 qumstiones,
853 566 923 593 quas
935 558 1015 585 vellet
1030 557 1098 592 ipse,

314 615 342 638 et
358 609 449 637 Parcae
480 608 593 644 proponi
622 610 788 642 paterentur,
814 605 1012 640 permittentes.
1035 602 1100 630 Inde

315 657 355 685 vir
366 656 420 688 ille,
438 663 528 683 rerum
545 654 667 682 omnium
687 653 785 683 solers.
798 656 824 679 et
838 650 929 678 futura
944 654 1024 677 antea
1047 649 1098 677 sibi

314 703 487 731 innotescere
510 700 656 736 gloriatus,
672 699 762 726 adhuc
775 697 840 725 dum
860 697 978 732 ignorat,
990 696 1100 723 funera-

315 753 395 776 tusne
416 748 542 784 sepulcro
556 747 674 774 Achilles
703 745 793 777 fuerit,
806 743 988 779 Musaaqueilli
1000 750 1032 770 ac
1046 741 1100 770 Ne-

314 795 404 823 reides
431 802 466 822 an
491 794 610 822 lamenta
636 791 817 828 profuderint,
834 791 922 825 deque
950 790 994 818 his
1024 790 1099 817 illum

314 840 397 868 rebus
409 842 621 875 percunctatur:
637 845 725 872 neque
753 836 844 864 minus
863 844 897 863 an
916 835 1051 870 Polyxena
1065 834 1098 861 il-

652 121 787 150 EUSEBll
801 117 1044 149 CESABIENSIS
1061 117 1137 145 OPP.
1154 114 1254 143 PARS.
1275 110 1613 142 IL—APOLOGETICA.
1891 109 1933 136 83$

1401 181 1598 210 ΚΕΦΛΛΑΙΟΝ
1624 180 1691 207 KH’.

1183 242 1318 278 Τέταρτον
1330 239 1404 275 αὑτῷ
1421 238 1570 276 παράδοξον
1578 238 1721 274 Ἀχιλλέως
1731 233 1766 272 ἦν
1777 236 1861 271 ψυχὴ,
1877 235 1934 271 πρό-

1148 296 1228 324 τερον
1243 287 1292 322 μὲν
1308 287 1337 312 ὲν
1347 285 1463 321 χλαμύδι
1479 285 1662 320 πεντάπηχυς,
1673 281 1732 310 εἶτα
1748 282 1934 316 δωδεκάπηχυς

1148 335 1180 361 τὺ
1195 333 1321 370 μέγεθος,
1337 333 1412 368 παρὰ
1424 331 1463 367 τῷ
1475 331 1533 366 ἰδίῳ
1549 330 1630 358 αὐτοῦ
1645 330 1766 365 μνήματι
1779 328 1935 363 φαινομένη,

1149 379 1299 411 Θετταλούς
1320 387 1351 406 τε
1374 377 1586 412 καταιτιωμὲνη,
1603 376 1644 402 δτι
1664 375 1696 412 δὴ
1719 375 1754 402 τὰ
1771 374 1937 409 ἐναγίσματα

1149 426 1232 462 αὐτῷ,
1249 425 1286 457 ὼς
1314 425 1373 456 ἔθος
1390 422 1434 460 ἦν,
1451 424 1501 450 οὐκ
1518 422 1659 449 ἐπετέλουν
1670 431 1676 437 ·
1699 421 1824 457 μηνιῶσά
1838 429 1869 447 τε
1884 421 1936 447 είσ-

1149 471 1202 498 έτι.
1245 471 1336 506 Τρωσὶ
1351 470 1404 498 τῶν
1433 471 1461 502 ὲς
1483 469 1564 496 αὑτὸν
1587 467 1872 503 πεπλημμελημένων,
1895 467 1938 494 καὶ

1149 519 1354 554 προστάττουσα
1369 517 1408 553 τῷ
1424 515 1595 551 Ἀπολλωνίῳ
1623 515 1703 542 πέντε
1725 514 1831 548 λόγους,
1848 513 1893 544 οὓς
1908 513 1938 539 ἂν

1149 565 1231 596 αὑτός
1253 572 1282 591 τε
1305 563 1436 598 βούλοιτο,
1455 562 1505 589 καὶ
1520 563 1548 588 αἱ
1564 562 1653 596 μοῖραι
1667 559 1829 595 ξυγχωρεῖεν
1847 559 1937 594 ἀνέρε-

1150 611 1222 638 σθαι.
1247 608 1304 637 Εἷίν
1324 610 1338 636 ὁ
1365 610 1453 636 πάντα
1469 608 1557 640 είδὼς,
1575 607 1621 634 καὶ
1636 606 1690 633 τῶν
1711 605 1864 641 μελλόντων
1875 603 1938 638 πρό-

1149 665 1248 691 γνωσιν
1273 656 1373 692 αὐχῶν,
1388 655 1428 682 ἔτι
1443 655 1536 689 ἀγνοεῖ
1554 655 1578 680 εί
1593 653 1679 688 τάφου
1694 652 1771 687 τύχοι
1794 650 1937 686 Ἀχιλλεὺς.

1149 704 1196 730 καὶ
1209 703 1233 730 εί
1246 702 1362 730 Μουσῶν
1375 702 1480 738 θρῆνοι,
1495 701 1542 728 καὶ
1556 699 1701 736 Νηρηίδων
1721 699 1764 725 ἐπ’
1777 697 1852 732 αὐτῷ
1863 696 1939 731 γεγό-

1149 757 1221 781 νασι,
1238 748 1284 776 καὶ
1299 748 1362 784 περὶ
1379 748 1481 774 τούτων
1505 747 1586 774 αὐτὸν
1609 746 1742 781 ἁνερωτᾷ,
1759 745 1807 771 καὶ
1832 745 1940 771 διαπυν-

1149 796 1270 828 θάνεται,
1284 796 1309 822 εί
1321 793 1456 830 Πολυξένη
1475 793 1618 828 ἐπεσφάγη
1643 791 1726 828 αὐτῷ,
1745 792 1793 818 καὶ
1806 792 1830 817 εἰ
1847 790 1937 824 Ἑλένη

1151 843 1180 874 ἐς
1196 842 1295 878 Τροίαν
1311 841 1445 877 ἐληλύθει.
1468 841 1511 872 Ὠς
1528 840 1615 875 σεμνά
1630 847 1673 873 γε,
1687 839 1734 865 καὶ
1745 837 1940 870 κατεπείγοντα

314 887 368 914 lius
385 886 418 913 ad
440 885 574 913 tumulum
592 891 663 912 caesa
679 883 761 910 fuerit
781 883 942 917 interrogat,
953 881 1097 915 Troiamve

1149 890 1178 921 ὲς
1190 888 1237 915 τὸν
1255 888 1398 923 φιλόσοφον
1413 887 1468 923 βίον
1490 886 1536 913 τοῦ
1553 886 1610 913 δίου
1627 885 1681 921 (55)
1696 885 1730 911 τὰ
1744 883 1863 918 σπουδῆς
1879 882 1940 914 ἄξια

315 932 416 960 Helena
435 939 468 958 an
484 930 646 967 pervenerit.
670 929 821 956 Praeclaras
836 935 912 958 vero,
928 927 1098 961 multumque

315 979 349 1006 ad
362 978 578 1014 philosophicam
599 976 683 1004 divini
701 976 773 1003 illius
789 975 839 1003 viri
851 975 933 1002 vitam
952 973 1098 1001 conferen-

315 1028 374 1055 tes,
391 1023 517 1058 serioque
543 1021 658 1058 proinde
683 1021 776 1049 studio
799 1020 896 1056 dignas
920 1019 1097 1054 quaestiones.

315 1077 429 1105 Miratur
445 1077 509 1104 item
531 1080 672 1111 praeterea,
685 1074 757 1109 quod
772 1077 812 1100 tot
825 1074 922 1101 heroes
940 1072 1010 1099 inter
1026 1071 1097 1099 Grae-

315 1130 362 1150 cos
375 1125 452 1149 :etatc
467 1120 561 1149 eadem
577 1128 638 1148 esse
654 1119 802 1154 potuerint,
819 1122 846 1147 et
856 1118 929 1154 quod
941 1118 973 1145 ad
989 1117 1099 1153 Trojam

315 1167 472 1195 Palamedes
487 1166 568 1194 fuerit
581 1173 708 1201 praesens.
720 1164 813 1192 Virum
824 1168 914 1192 autem
927 1173 938 1190 ί
953 1172 1014 1191 cum
1023 1163 1076 1191 diis
1088 1173 1097 1189 ι

315 1213 487 1242 familiariter
499 1217 650 1244 versatum,
671 1220 680 1236 ι
699 1211 757 1238 sive
771 1210 859 1237 forma
877 1210 1066 1245 apparentium
1077 1208 1100 1225 ⁸⁸

315 1260 425 1292 visibili,
441 1259 502 1287 sive
518 1266 573 1286 non
594 1258 775 1285 obnoxiorum
799 1257 898 1288 oculis,
917 1266 926 1282 ι
943 1256 1007 1283 talia
1023 1256 1100 1291 igno-

315 1314 387 1337 rare,
403 1309 430 1332 et
454 1305 487 1332 dc
503 1304 638 1339 ejusmodi
662 1304 830 1338 interrogare
848 1303 942 1335 rebus,
963 1303 1100 1338 quomodo

316 1351 503 1384 turpissimum
518 1358 570 1376 non
579 1349 802 1377 censeatur?Nisi
815 1348 894 1381 forte,
903 1349 965 1383 quia
975 1352 1096 1376 mortuos

316 1394 486 1429 interrogans
506 1394 656 1425 inducitur,
673 1393 754 1428 529
775 1393 836 1421 ideo
856 1393 1008 1428 frigidiores
1026 1400 1100 1427 qua!»

319 1441 469 1468 stiunculas
491 1444 585 1467 auctor
601 1439 685 1474 lingit,
705 1445 733 1467 ut
749 1440 823 1466 tollat
835 1440 1028 1474 suspicionem,
1044 1446 1098 1473 qua

318 1488 364 1515 ille
383 1488 452 1514 ultra
475 1494 556 1521 quam
580 1494 629 1521 par
650 1490 692 1513 est
713 1486 840 1514 curiosus
857 1486 994 1513 exstitisse
1012 1486 1098 1514 videri

1149 933 1330 969 ὲρωτήματαῐ
1358 932 1490 967 θαυμάζει
1515 931 1537 957 δ’
1562 931 1608 957 ἐπὶ
1626 930 1740 961 τούτοις,
1770 929 1795 955 εί
1820 926 1940 954 τοσοῦτοι

1148 979 1236 1014 ἥρωες
1260 979 1334 1014 παρὰ
1360 977 1415 1009 τοὶς
1429 977 1555 1012 Ἓλλησιν
1572 976 1612 1003 ἑνὶ
1627 976 1715 1011 χρόνῳ
1737 974 1876 1008 γεγόνασι,
1895 972 1940 999 καὶ

1149 1026 1173 1051 εί
1183 1024 1306 1058 ἀφίκοιτο
1318 1024 1346 1055 ἐς
1357 1023 1456 1059 Τροίαν
1469 1022 1644 1058 Παλαμήδης.
1654 1021 1705 1047 Τὸν
1717 1019 1749 1056 δὴ
1765 1029 1773 1045 ι
1791 1019 1862 1046 θεῶν
1878 1019 1941 1054 ὁρω-

1151 1071 1239 1107 μένων
1265 1079 1295 1097 τε
1323 1071 1370 1097 καὶ
1393 1071 1442 1105 οὺχ
1467 1069 1616 1105 ὁρωμένων
1645 1079 1654 1094 ι
1675 1067 1807 1104 ὁμιλητὴν
1830 1065 1940 1092 τοιαῦτα

1150 1119 1265 1153 ἀγνοεῖν,
1281 1116 1327 1145 καί
1349 1118 1412 1153 περὶ
1434 1117 1535 1144 τούτων
1552 1115 1701 1152 ἀνερωτᾷν,
1716 1114 1796 1145 ποίας
1818 1113 1880 1148 οὐχ).
1896 1112 1941 1146 γέ-

1149 1165 1212 1192 νοιτ’
1228 1165 1261 1191 ἂν
1273 1164 1420 1199 αἰσχύνης
1437 1164 1461 1190 εἰ
1480 1164 1516 1199 μὴ
1534 1163 1587 1199 ἄρ’,
1608 1161 1701 1197 ἐπειδὴ
1718 1161 1827 1196 νεκροῖς
1839 1157 1941 1194 ὁμιλῶν

1151 1210 1288 1245 εἰσῆκται,
1306 1210 1352 1236 ἐπὶ
1377 1210 1412 1236 ea
1430 1209 1595 1245 ψυχρότερον
1614 1208 1755 1244 μεταποιεί
1766 1207 1816 1237 τὰς
1833 1204 1942 1236 πεύσεις

1150 1256 1164 1282 6
1181 1256 1362 1292 ξυγγραφεὺς,
1384 1255 1422 1286 ὡς
1447 1256 1479 1282 ἂν
1506 1254 1644 1289 ὑπεκλύσῃ
1667 1253 1718 1289 τὴν
1747 1252 1876 1279 ὑπόνοιαν
1894 1249 1940 1277 τοῦ

1154 1302 1226 1338 πέρα
1249 1302 1303 1329 τῶν
1328 1301 1520 1338 προσηκόντων
1550 1299 1631 1327 αὑτὸν
1658 1297 1867 1334 περιειργάσθαι
1888 1296 1941 1332 (36)

1151 1347 1252 1375 δοκεῖν.
1278 1348 1333 1375 Καὶ
1353 1348 1408 1384 γὰρ
1430 1348 1463 1383 δὴ
1481 1348 1528 1374 καὶ
1551 1346 1767 1381 ἀπολογούμενον
1782 1344 1864 1371 αὑτὸν
1878 1344 1942 1370 ὑπο-

1153 1393 1263 1429 γράφει,
1283 1394 1324 1420 ὅτι
1343 1393 1379 1429 μὴ
1395 1393 1465 1420 κατὰ
1487 1391 1698 1428 νεκρομαντείαν
1723 1392 1738 1417 ὁ
1752 1391 1855 1427 τρόπος
1870 1388 1944 1424 αὐτῷ

1147 1439 1197 1475 τῆς
1206 1439 1335 1474 φανείσης
1343 1438 1430 1473 ὅψεως
1437 1438 1548 1472 γένοιτο·
1560 1447 1569 1463 ι
1579 1437 1647 1464 Οὖτε
1664 1437 1720 1472 γὰρ
1732 1435 1839 1471 βόθρον,
1857 1433 1940 1465 εἶπεν,

1159 1484 1306 1516 Ὀδυσσέως
1313 1484 1488 1520 ὀρυξάμενος,
1501 1483 1556 1510 οὐδ’
1563 1483 1652 1519 ἀρνῶν
1672 1483 1769 1517 αἵμασι
1781 1481 1943 1516 ψυχαγωγή-

315 1536 431 1568 poterat.
455 1531 527 1560 Sane
540 1532 613 1559 enim
632 1537 660 1559 et
680 1532 805 1568 apologia
830 1540 910 1560 usum
928 1533 1008 1560 nobis
1025 1533 1097 1561 sistit

1154 1538 1214 1562 (τας⁷
1222 1531 1251 1561 ἐς
1259 1529 1374 1561 διάλεξιν
1386 1528 1434 1556 τοῦ
1442 1527 1584 1564 Ἀχιλλέως
1593 1526 1674 1563 ἦλθον
1686 1525 1755 1562 (37),
1765 1525 1943 1561 ἀλλἐὑξαμε-

315 1578 487 1614 Λροιιοηῐιιπι
502 1579 535 1612 ε’,
550 1578 621 1613 quod
633 1586 666 1606 eo
679 1579 771 1611 modo.
787 1586 841 1614 quo
856 1579 883 1606 in
893 1578 1097 1615 Necyomantiis

1150 1584 1193 1607 νος
1201 1575 1286 1602 ὁπόσα
1298 1577 1352 1607 τοῖς
1364 1576 1466 1612 ἥρωσιν
1480 1574 1555 1602 Ἰνδοί
1564 1583 1643 1609 φασιν
1652 1572 1779 1605 εὔξασθαι
1787 1572 1852 1599 δεῖν.
1868 1581 1877 1597 ι
1888 1572 1942 1598 Καὶ

315 1624 374 1652 ﬁeri
397 1624 476 1657 solet,
491 1624 542 1659 ipsi
558 1626 616 1652 visa
631 1625 722 1652 oblata
743 1625 815 1652 haud
833 1625 935 1653 fuerint
949 1634 955 1652 :
971 1635 981 1652 ‹
1003 1626 1096 1662 Neque

1151 1621 1239 1648 ταῦτα
1255 1621 1302 1648 νῦν
1319 1621 1386 1656 πρὸς
1400 1622 1445 1648 τὸν
1462 1622 1567 1657 ἑταῖρον
1584 1619 1812 1655 ἁποσεμνύνεται,
1828 1618 1845 1645 ὁ
1862 1617 1944 1653 μηδὲν

315 1673 399 1705 enim,
421 1672 519 1708 inquit,
535 1676 564 1699 ut
577 1672 688 1708 Ulysses
706 1672 802 1700 scrobe
819 1672 929 1706 eﬂossa,
939 1682 1026 1709 neque
1043 1682 1094 1702 ca:-

1154 1667 1249 1702 μαθεῖν
1257 1667 1322 1703 παρ’
1337 1667 1436 1699 Ἰνδῶν,
1449 1667 1516 1704 μηδὲ
1530 1666 1649 1702 ζηλῶσαι
1662 1665 1775 1701 (58)·ιὴν
1783 1664 1944 1700 παράὑτοζς

315 1718 354 1746 sis
368 1718 446 1754 agnis
460 1718 586 1746 manibus
602 1718 728 1753 placatis,
744 1718 772 1746 in
799 1719 914 1747 Achillis
929 1720 1096 1755 colloquium

1153 1713 1260 1748 σοφίαν,
1283 1715 1351 1749 πρὸς
1382 1713 1429 1741 τοῦ
1451 1712 1628 1749 ξυγγραφέως
1657 1711 1914 1748 μεμαρτυρημένος.

314 1764 387 1796 veni,
407 1764 454 1792 sed
472 1764 599 1799 precibus
615 1763 695 1796 fusis,
710 1771 779 1799 quas
797 1764 855 1792 Indi
873 1769 986 1793 censent
1006 1766 1136 1796 heroibus
1154 1767 1231 1796 fundi
1249 1773 1386 1804 oportere.
1410 1779 1419 1795 ι
1436 1769 1524 1804 Atque
1559 1769 1592 1796 de
1625 1769 1686 1797 istis
1713 1767 1770 1803 iam
1798 1767 1870 1802 apud
1898 1774 1942 1794 so-

314 1809 402 1838 dalem
412 1811 554 1846 gloriatur,
569 1811 615 1846 qui
628 1811 695 1838 nihil
711 1811 746 1838 ah
757 1810 830 1839 Indis
844 1812 994 1847 accepisse,
1011 1820 1100 1849 neque
1117 1822 1213 1842 eorum
1226 1815 1349 1844 imitatus
1363 1815 1525 1851 sapientiam
1541 1822 1603 1843 esse
1635 1814 1700 1842 alibi
1731 1814 1797 1841 huic
1814 1808 1944 1848 scriptori

315 1858 475 1886 nerhibetur
489 1859 524 1885 7'.

315 1859 475 1894 perhibetur
489 1859 524 1885 7'.

593 1926 708 1955 CAPUT
719 1926 815 1956 XXIX.
1404 1931 1597 1959 KEtI’AAAIOlN
1613 1932 1665 1960 KH
1671 1949 1680 1959 .

351 1983 415 2016 Sed,
427 1983 508 2011 heus!
522 1984 591 2012 bone
604 1984 654 2016 vir,
670 1985 723 2012 nisi
737 1984 898 2013 damnabilis
913 1985 958 2012 illa
966 1989 1026 2013 erat
1041 1993 1097 2013 ma-

1186 1985 1343 2023 Τίδῆτ”οὖν,
1361 1984 1384 2014 ὦ
1400 1984 1519 2020 οὖτος,εἱ
1530 1989 1565 2024 μή
1575 1997 1618 2019 τις
1626 1985 1660 2024 ἦν
1674 1986 1813 2022 κακοήθης
1828 1995 1941 2022 περιερ-

315 2031 369 2066 gia,
382 2030 446 2066 quid
471 2034 513 2057 est
540 2030 612 2065 quod
637 2031 677 2058 vel
701 2031 811 2058 unicum
837 2031 886 2058 tibi
915 2031 1097 2060 familiarissi-

1150 2034 1207 2069 γία,
1224 2033 1290 2069 μηδὲ
1305 2033 1351 2060 τὸν
1364 2033 1411 2060 ἕνα
1425 2042 1476 2065 σοι,
1491 2033 1537 2060 καὶ
1545 2034 1665 2068 γνήσιον,
1676 2033 1722 2059 καὶ
1734 2033 1814 2067 μόνον
1823 2033 1944 2069 ἑταῖρονγ

314 2084 410 2108 mum,
445 2084 561 2111 eumque
599 2077 706 2110 solum,
743 2076 906 2110 Damidem,
944 2077 1095 2105 admirandl

1150 2081 1246 2115 Δάμιν.
1256 2079 1343 2106 κοινὸν
1358 2079 1450 2106 ἐποιοῦ
1466 2079 1516 2114 τῆς
1533 2079 1691 2114 θαυμαστῆς
1703 2078 1803 2113 ταύτης
1813 2078 1904 2113 δψεώς
1914 2087 1944 2104 τε

315 2123 397 2158 hujus
428 2123 575 2158 spectaculi
607 2128 634 2151 et
669 2123 899 2152 confabulationis
934 2125 1095 2160 participem

1152 2124 1199 2150 καὶ
1206 2123 1313 2158 ὁμιλίας
1321 2131 1328 2156 ;
1337 2122 1369 2150 Τί
1379 2123 1401 2150 δ’
1409 2124 1469 2158 οὐχὶ
1477 2124 1522 2150 καὶ
1528 2123 1562 2150 δι’
1571 2123 1677 2159 ἡμέρας
1684 2122 1762 2150 τοῦτο
1770 2123 1834 2158 ἐξῆν
1844 2125 1943 2155 ποιεῖν,

314 2168 386 2196 haud
401 2168 497 2196 fecisti.
521 2169 578 2197 Cur
618 2170 681 2197 item
706 2171 785 2205 plena
802 2170 846 2197 die
872 2170 898 2197 id
921 2170 1012 2198 facere
1026 2170 1097 2198 haud

1153 2170 1220 2197 ἀλλὰ
1230 2170 1283 2196 τῶν
1295 2169 1399 2196 νυκτῶν
1411 2170 1489 2205 ἀωρὶ,
1505 2170 1552 2196 καὶ
1569 2170 1647 2205 μόνον
1657 2178 1664 2201 ;
1676 2169 1708 2195 Τί
1723 2169 1751 2195 δὲ
1767 2169 1815 2196 καὶ
1826 2169 1945 2205 ἤλαυνον

314 2215 402 2248 licuit,
440 2214 488 2243 sed
514 2220 594 2242 nocte
618 2215 793 2251 intempesta,
816 2220 872 2243 ate
897 2217 990 2252 peragi
1018 2224 1097 2251 opor-

1152 2217 1201 2250 τὴν
1221 2216 1269 2242 τοῦ
1289 2216 1378 2252 ἥρωος
1396 2215 1483 2251 ψυχὴν
1505 2215 1690 2251 ἀλεκτρυόνων
1706 2215 1765 2250 βοαί
1775 2225 1782 2248 ;
1797 2225 1806 2240 ι
1824 2215 1945 2251 ’Λπῆλθε

313 2262 367 2289 tuit
382 2261 457 2290 solo?
469 2261 524 2288 Cur
547 2261 612 2289 item
629 2262 762 2297 gallorum
779 2267 876 2289 cantus
895 2262 987 2289 herois
1002 2269 1097 2290 manes

1151 2263 1214 2298 γὰρ,
1235 2263 1311 2298 φησὶ,
1338 2263 1385 2296 ξὺν
1414 2263 1538 2298 ἀστραπῇ
1557 2262 1671 2298 μετρία·
1702 2262 1748 2288 καὶ
1774 2261 1830 2296 γὰρ
1846 2261 1880 2297 δὴ
1898 2262 1943 2288 καὶ

315 2308 565 2344 fugarunthAbiit
577 2309 661 2340 enim,
681 2308 779 2343 inquit,
801 2315 862 2335 cum
892 2307 997 2343 fulgure
1029 2315 1097 2343 quo-

1150 2309 1326 2345 ἀλεκτρυόνες
1347 2309 1397 2344 ἧδη
1417 2309 1488 2345 ᾠδῆς
1509 2310 1634 2344 ἥπτοντο.
1656 2318 1665 2334 ι
1684 2308 1798 2344 Δαίμοσι
1827 2308 1878 2344 μὲν
1898 2307 1945 2335 οὖν

314 2354 376 2382 dam
386 2354 503 2388 modico,
521 2362 638 2389 namque
652 2358 678 2382 ct
689 2355 750 2389 galli
764 2354 966 2390 gallinaceijam
986 2359 1097 2381 cantum

1150 2356 1277 2390 πονηροῖς
1291 2354 1390 2389 γένοιτ’
1405 2354 1438 2381 ἂν
1463 2354 1527 2386 ἴσως
1542 2355 1556 2380 ὁ
1572 2353 1622 2388 τῆς
1647 2353 1720 2389 ὥρας
1743 2352 1900 2388 ἑπιτήδειος
1917 2354 1946 2383 ἐς

313 2401 404 2429 exorsi
419 2401 535 2428 fuerant.
553 2410 562 2426 ι
582 2401 699 2436 lmpuris
722 2401 813 2436 itaque
830 2400 1001 2429 daemonibus
1027 2400 1097 2428 forte

1151 2401 1312 2437 περιέργους
1336 2400 1442 2436 ὁμιλίας
1459 2400 1568 2436 καιρὸς,
1587 2399 1646 2426 ἀλλ’
1661 2399 1720 2435 οὐχὶ
1741 2399 1840 2434 ηρωῖδι
1857 2398 1944 2434 ψυχῇ,

365 2478 388 2494 ⁸⁷
407 2479 455 2506 lib.
472 2487 515 2511 Iv,
531 2486 556 2506 c.
573 2478 617 2506 16.
655 2478 677 2494 ⁸⁸
696 2478 744 2507 lib.
761 2487 784 2511 ι,
802 2486 829 2506 c.
846 2478 891 2506 52.
929 2479 952 2494 "
970 2479 1017 2506 lib.
1034 2487 1061 2506 Iv
1074 2492 1097 2512 ,ι

1149 2478 1185 2506 l6.
1223 2479 1246 2495 "°
1266 2479 1313 2507 lib.
1330 2486 1361 2512 v,
1378 2486 1404 2507 c.
1422 2479 1466 2506 I2.

349 2566 404 2603 (55)
423 2566 478 2594 Τοῦ
492 2567 568 2594 δίου.
585 2566 656 2594 Editi
673 2567 809 2603 habebant
822 2567 868 2594 τοῦ
881 2567 1024 2602 A26;,quod
1040 2575 1096 2595 non

313 2602 438 2636 ingratiis
458 2603 596 2630 Musarum
612 2603 639 2630 in
653 2602 709 2629 δίου
723 2611 775 2630 nos
798 2611 829 2630 ex
856 2604 1014 2638 conjectura
1036 2611 1095 2630 mu-

312 2642 386 2664 tasse
401 2639 571 2665 conlidinms.

346 2671 402 2713 (736)
417 2673 648 2713 Περιειργάᾳθαι.
664 2672 749 2713 ῌοῑιιδ
765 2672 923 2713 erat-tibus
944 2673 1096 2713 apostolicis

311 2708 388 2734 vocis
410 2708 553 2743 περίεργος
577 2709 610 2735 de
636 2709 718 2735 rebus
741 2709 853 2743 magicis
871 2717 947 2740 usus,
961 2708 998 2736 ad
1015 2716 1096 2743 quem

313 2749 424 2768 censum
441 2746 542 2770 relerre
556 2748 663 2778 oportet
682 2743 904 2778 νεκυομαντείαν,
919 2745 1098 2777 curiosusque

313 2780 482 2804 mortuorum
493 2779 717 2806 consiiltationes.
729 2778 911 2811 Quamobrem
924 2781 987 2806 nolo
998 2778 1032 2805 de
1043 2778 1094 2804 hac

312 2818 383 2851 voce.
391 2812 424 2839 ad
431 2820 542 2851 sacram
557 2814 629 2851 illam
642 2815 826 2851 apostolorum
841 2814 980 2842 historiam
995 2821 1010 2841 a
1027 2813 1095 2841 viris

313 2846 400 2874 doctis
413 2847 556 2876 observata
571 2849 623 2876 hoc
643 2846 702 2877 loco
717 2853 848 2885 repetere.

1183 2569 1238 2604 (37)
1253 2567 1377 2596 Ἦλθον.
1396 2568 1466 2595 Editi
1484 2568 1554 2604 ξλθοι
1571 2569 1718 2600 habebant,
1739 2577 1822 2596 sensu
1841 2568 1939 2600 invito.

1147 2611 1264 2638 cumque
1289 2605 1348 2639 ipsa
1370 2605 1414 2631 hic
1429 2612 1462 2639 es
1484 2603 1642 2631 Philostrati
1655 2605 1768 2631 historia
1786 2605 1944 2638 allegentur

1147 2637 1283 2700 itpollonii
1300 2637 1400 2672 verba,
1427 2637 1508 2675 ἦλθον
1522 2647 1554 2667 ex
1570 2647 1602 2667 ea
1624 2640 1770 2667 restituere
1786 2637 1942 2666 non’dubi-

1162 2682 1215 2700 τινι.

1162 2682 1215 2701 ονι.

1185 2709 1240 2744 (58)
1256 2709 1338 2742 Μηδὲ
1354 2708 1483 2743 ζηλῶσαι
1497 2713 1550 2737 etc.
1566 2709 1687 2744 Respicit
1701 2710 1792 2737 locum
1806 2711 1834 2737 in
1852 2709 1942 2736 histo-

1149 2745 1190 2771 ria
1217 2745 1386 2775 Philostrati,
1404 2753 1487 2780 supra
1516 2747 1597 2772 etiam
1620 2753 1680 2779 rap.
1706 2745 1752 2777 24,
1778 2745 1940 2780 allegatum,

1148 2788 1228 2814 quem
1243 2788 1305 2807 cum
1322 2781 1402 2808 modo
1419 2781 1541 2815 allegatis
1562 2780 1697 2815 Apollonii
1715 2781 1807 2807 verbis
1823 2783 1943 2806 conten-

1149 2815 1227 2850 deus,
1242 2816 1380 2843 contraria
1396 2823 1508 2844 narrare
1524 2815 1718 2844 Philostratum
1733 2815 1866 2843 ostendit.
