2065 3216
167 140 229 173 ,85⁸1

733 137 837 167 LlBER
854 137 996 167 CONTRA.
1014 135 1223 166 HlEﬂOCLEM.

1741 136 1795 165 853

173 201 218 236 ἢν,
235 201 286 236 τῆς
300 200 414 236 παχείας
428 200 474 226 τοῦ
494 200 616 236 σώματος
629 197 853 236 ὲλευθερωθεῐσαν
867 198 931 235 ὕλης
940 220 948 233 ,

1015 194 1099 229 magis
1115 198 1300 228 opportunum
1317 192 1399 220 fuerit
1423 192 1457 219 ad
1471 191 1593 227 magicas
1608 191 1795 218 conversatio-

172 246 279 281 ἀγαθὴν
301 247 346 272 καὶ
363 246 512 281 πανὰρετον
525 244 593 272 εἶναι
609 245 705 280 χρεών.
720 245 753 271 '0
768 253 800 279 γε
825 245 878 281 μὴν
898 246 954 271 εἰσ-

174 291 295 327 ηγμένος
309 291 425 318 ἐνταῦθα
439 291 542 326 δαίμων
556 290 697 325 βάσκανος,
713 291 758 318 καὶ
772 290 899 326 φθονερὸς
909 290 954 316 τὸν

172 337 284 372 τρόπον,
301 337 407 372 ὀργίλος
426 345 454 362 τε
477 336 523 362 καὶ
546 336 672 367 ταπεινὸς
688 337 736 372 τὴν
751 336 868 363 διάθεσιν
889 336 954 362 ὑπεμ

173 382 339 409 τετύπωται.
357 382 392 408 ’Ἡ
407 382 466 417 οὐχὶ
480 381 622 413 τοιοῦτοςό
639 382 683 408 τὸν
701 382 882 416 Ἀντισθένην,
899 390 955 416 μει-

175 427 271 463 ράκιόν
282 436 308 453 τι
324 427 475 458 σπουδαῖον,
489 426 526 458 ὡς
545 427 577 453 ἂν
596 427 627 462 δὴ
641 427 776 462 φιλοσόφῳ
795 425 953 459 ξυνέπεσθαι

174 473 215 508 τῷ
234 472 403 507 Ἀπολλωνίῳ
418 472 594 508 πειρώμενον,
616 472 753 507 ἀπείργων
766 479 773 504 ;
789 471 953 506 Προστάττει

174 517 232 553 γὰρ
253 517 284 544 τδ
308 517 344 552 μὴ
359 516 492 543 ποιεῖσθαι
516 517 595 543 αὑτὸν
618 516 785 553 ξυνέμπορον
798 518 849 552 τῆς
866 516 961 544 ἑαυτοῦ

175 563 344 599 φιλοσοφίας,
353 562 484 597 ἐπιλέγων
493 563 542 598 τὴν
553 562 652 590 αἰτίαν·
672 574 681 589 ι
693 563 844 599 Πριαμίδης
858 573 886 590 τε
897 564 960 600 γὰρ,

174 610 269 645 φησὶν,
297 608 396 641 ἱκανῶς
416 609 481 645 (58')
497 610 565 640 ἐστι,
590 610 637 636 καὶ
659 609 705 637 τὸν
718 611 837 646 Ἕκτορα
870 610 961 646 ὑμνῶν

174 657 207 684 οὐ
233 655 358 683 παύεται.
380 665 389 681 ι
404 655 466 687 Πῶς
482 656 510 683 δὲ
532 657 582 682 οὐκ
603 656 710 692 ὀργίλος
728 657 775 683 καὶ
792 658 932 690 ταπεινός
948 658 962 684 ό

175 702 330 734 Θετταλοῖς.
359 702 399 729 ὅτι
434 702 471 737 μὴ
503 702 591 729 θύοιεν
607 703 690 738 αὐτῷ.
706 703 884 738 θυμούμενος,
915 704 961 731 καὶ

175 749 294 785 Τρωσὶν,
308 749 348 775 ὅτι
361 748 392 783 δὴ
405 748 458 784 πρὸ
476 748 578 784 μυρίων
592 749 662 776 ὅσων
684 748 751 775 ἐτῶν
782 750 810 781 ὲς
827 749 906 776 αὑτὸν
921 750 961 776 δι-

175 794 364 830 ημαρτήκασι,
381 793 417 829 μὴ
432 793 691 830 καταλλασσόμενος,
705 794 752 821 καὶ
765 794 850 822 ταῦτα
859 794 960 827 θύουσι,

170 840 226 866 καὶ
249 839 366 874 ξυνεχῶς
383 839 590 874 σπενδομένοις-
610 839 678 867 ἀλλὰ
699 841 746 867 καὶ
764 841 810 867 τὸν
833 841 962 877 Παλαμὴ-

1010 247 1060 267 nes
1077 239 1149 267 istud
1167 244 1284 274 tempus,
1303 246 1359 266 non
1375 246 1440 266 vero
1453 238 1546 265 herois
1562 236 1700 270 manibus,
1714 243 1795 271 quos,

1011 292 1105 312 crassa
1125 285 1178 312 ista
1191 284 1316 319 corporis
1339 284 1444 312 solutos
1466 283 1591 315 materia,
1608 283 1709 318 probos
1723 290 1796 314 esse,

1011 331 1141 366 omnique
1154 331 1287 358 virtutum
1304 337 1403 366 genere
1427 330 1566 358 abundare
1582 329 1731 364 oportebat.
1750 329 1796 360 At,

1011 379 1057 414 qui
1072 377 1154 405 isthic
1172 377 1311 406 inducitur
1329 378 1446 409 daemon,
1463 376 1564 404 invidis
1589 380 1630 404 est
1651 379 1678 403 et
1701 383 1797 411 parum

1011 424 1137 460 benignis
1159 425 1280 452 moribus
1299 433 1305 450 :
1323 424 1472 452 iracundus
1498 423 1561 451 item
1584 426 1798 457 reprzescntatur

1011 470 1094 502 idem,
1118 475 1146 498 et
1159 471 1259 506 pusillo
1285 471 1388 498 animo.
1407 470 1504 497 Annon
1527 469 1599 496 enim
1623 469 1685 496 talis
1698 468 1798 496 haben-

1011 517 1063 545 dus
1077 517 1124 550 sit,
1139 517 1185 552 qui
1201 517 1432 549 Antisthenen)“,
1452 516 1568 551 probum
1585 515 1798 546 adolescentem,

1012 567 1041 591 ut
1056 564 1103 599 qui
1118 563 1310 598 philosophum
1323 562 1421 590 sectari
1441 561 1614 596 Apollonium
1628 564 1748 596 cuperet,
1763 560 1798 587 ab

1011 617 1044 638 eo
1067 610 1184 637 avulsit?
1199 609 1303 644 Nempe
1326 617 1387 636 eum
1404 608 1564 643 Apollonius
1583 615 1617 635 ne
1638 607 1799 642 participem

1012 657 1191 692 philosophia.-
1217 655 1320 682 t‘aceret
1336 663 1393 682 sua:
1409 655 1546 690 prohibet,
1561 654 1668 681 ratione
1684 653 1774 681 addita
1789 660 1797 679 :

1015 711 1024 727 ι
1039 701 1191 730 Priamides
1203 703 1273 730 enim
1287 705 1326 729 est
1338 701 1520 736 genuinus,et
1534 699 1677 729 Hectorem
1687 699 1800 726 laudare

1012 756 1066 776 non
1081 748 1192 776 desinit.
1212 758 1222 775 ι
1242 748 1295 781 Qui
1317 746 1479 774 iracundum
1502 747 1567 774 item
1586 749 1613 773 et
1633 745 1724 772 animo
1748 751 1796 779 pu-

1012 795 1074 823 sillo
1087 803 1141 822 non
1150 794 1239 822 dicam
1250 793 1383 828 esse?qui
1396 790 1535 820 Thessalis
1549 795 1705 823 succenSet,
1720 789 1795 825 quod

1012 849 1092 870 sacra
1107 841 1159 869 sibi
1176 849 1229 868 non
1253 840 1398 872 faciant",
1414 845 1441 868 et
1465 839 1603 872 Troianis,
1630 837 1702 873 quod
1717 837 1800 864 innu-

173 885 240 917 δους
250 885 343 920 τάφον,
357 885 430 920 αὐτῷ
444 885 579 921 ἀγάλματι
595 886 703 921 φαύλως
714 887 888 924 ἐρριμμένον,
904 888 964 914 ἀνα-

1015 888 1097 916 meris
1114 891 1177 915 ante
1193 887 1272 915 annis
1290 887 1390 921 injuria
1406 894 1468 914 eum
1491 885 1657 917 atl‘ecissent,
1678 885 1801 912 reconci-

170 932 269 959 λαϐεῖν
283 931 492 967 ἐγκελευόμενος
502 939 510 964 ;

441 1077 638 1104 ΚΕΦΑΛΑΙΟΝ
657 1078 696 1104 Λ’.

219 1124 251 1151 Γὺ
275 1115 365 1159 μέντοι
385 1124 511 1160 πέμπτον
529 1125 576 1151 καὶ
598 1124 675 1150 ἕκτον
701 1124 792 1160 Θαῦμα
814 1125 844 1151 οὐ
865 1125 964 1161 πολλῆς

171 1170 262 1199 δέοιτο
274 1170 320 1197 τοῦ
335 1169 413 1204 λόγου
427 1170 579 1206 διατριϐῆς,
598 1171 626 1202 ὲς
643 1170 753 1203 ἔνδειξιν
767 1171 818 1206 τῆς
832 1171 880 1198 τοῦ
897 1180 965 1207 γρα-

175 1217 274 1252 φέντος
300 1215 356 1252 (59)
382 1215 537 1250 εὐχερείας”
568 1216 696 1251 δαίμονας
729 1216 783 1251 γὰρ
810 1217 963 1250 ἀπελαύνει,

175 1263 250 1299 ἄλλῳ
266 1262 352 1293 ἄλλον,
414 1269 481 1296 φασι
510 1260 576 1297 (40),
600 1261 715 1296 δαίμονι.
731 1262 782 1289 Τὸν
805 1263 853 1297 μὲν
867 1263 921 1298 γὰρ
936 1263 965 1296 ἐξ

175 1308 327 1335 ἀκολάστου
346 1307 497 1342 μειρακίου,
519 1307 565 1333 τὸν
585 1307 608 1333 δ’
622 1307 795 1340 ὲπιπλάστως
821 1309 850 1340 ὲς
874 1318 966 1343 γυναι-

175 1355 255 1382 κείαν
274 1355 378 1390 μορφὴν
402 1353 642 1389 σχηματιζόμενον.
661 1355 770 1381 Τουτονὶ
791 1355 818 1381 δὲ
840 1356 885 1382 τὸν
909 1355 967 1382 δαί-

179 1410 250 1438 μονα
269 1410 278 1426 ι
298 1401 459 1436 Ἔμπουσαν
477 1410 485 1425 ι
501 1402 548 1427 καί
568 1410 577 1426 ι
598 1401 717 1436 Λαμίαν,
737 1411 745 1427 ι
763 1402 854 1434 αὐτοῖς
867 1402 966 1437 όνόματ

178 1455 233 1479 σιν,
245 1448 259 1473 ό
283 1446 436 1480 σοφώτατος
451 1446 591 1474 ἀποκαλεῖ.
609 1446 644 1474 Τό
663 1455 693 1482 γε
711 1448 765 1484 μὴν
777 1448 822 1474 ἐπὶ
836 1449 886 1484 τῆς
902 1449 967 1475 Ῥω-

179 1492 269 1528 μαίων
285 1491 387 1523 πόλεως
404 1490 472 1527 μετὰ
487 1492 574 1519 ταῦτα
589 1492 688 1529 κόριον,
703 1494 743 1520 ὅτι
759 1494 790 1530 δὴ
807 1494 875 1530 μετὰ
887 1494 967 1522 θάνα-

175 1548 226 1565 τον
237 1538 425 1589 ἓπλξευτέραν
439 1537 511 1574 ζωὴν
524 1539 634 1574 ἤγαγεν,
655 1540 833 1568 ἀπιστότατον
850 1541 905 1576 (4·1)
921 1542 966 1568 καὶ
979 1559 1002 1589 C

177 1584 255 1620 αὑτῷ
270 1584 348 1616 δόξαν
362 1583 400 1619 τῷ
412 1584 591 1620 Φιλοστράτῳ.
608 1586 797 1621 παραιτητέον,
821 1587 863 1613 Ἐν
878 1587 964 1613 διστα-

176 1628 244 1664 γμῷ
259 1629 348 1664 μέντοι
362 1629 535 1664 ἀμφιϐάλλει,
562 1630 598 1666 μὴ
618 1630 671 1666 ἄρα
689 1631 804 1668 σπινθὴρ
816 1632 865 1667 τῆς
878 1633 967 1668 ψυχῆς

174 1675 340 1710 ’ἐνυπάρχων
359 1674 398 1710 τῷ
422 1675 507 1708 παιδὶ,
528 1676 591 1707 τοὺς
615 1676 814 1712 θεραπεύοντας
835 1677 966 1713 ἐλελήθει.

175 1720 313 1755 Λέγεσθαι
337 1720 391 1756 γάρ
409 1729 499 1756 φησιν,
518 1721 556 1753 ὡς
571 1721 684 1757 ψεκάζοι
707 1723 756 1758 μὲν
776 1725 790 1750 ό
809 1724 886 1756 Ζεὺς,
905 1725 921 1759 ἡ
939 1723 967 1750 δὲ

173 1767 289 1802 ἀτμίζοι
308 1768 362 1794 ἀπὸ
375 1768 422 1795 τοῦ
446 1768 599 1804 προσώπου.
617 1769 672 1795 Καὶ
687 1769 741 1805 γὰρ
761 1769 792 1804 δὴ
815 1771 839 1796 εί
860 1769 967 1805 ἀληθῶς

175 1814 246 1841 αὐτὸ
261 1814 360 1841 τοιόνδε
383 1815 425 1841 ἐπ’
447 1815 531 1850 αὐτῆς
556 1814 665 1851 Ῥώμης
685 1815 852 1851 ἐπέπρακτο,
872 1817 921 1843 οὐκ
935 1816 968 1843 ἂν

176 1860 300 1895 ἐλελήθει
323 1860 433 1896 βασιλέα
460 1870 490 1888 τε
514 1861 631 1897 πρῶτον,
657 1863 703 1889 καὶ
725 1863 787 1895 τοὺς
811 1864 869 1898 μετ’
887 1864 968 1890 αὑτὸν

175 1905 304 1936 ἅπαντας
323 1906 471 1941 ὑπάρχους,
496 1906 612 1942 μάλιστα
635 1908 662 1934 δὲ
684 1908 729 1934 τὸν
752 1908 894 1943 φιλόσοφον
915 1909 968 1935 Εὑ-

176 1951 303 1987 φράτην,
326 1954 527 1989 ὲγχωριάζοντα
548 1955 608 1980 κατ’
620 1956 707 1981 ὲκεῖνο
725 1955 836 1991 καιροῦ,
861 1956 908 1982 καὶ
922 1956 969 1982 ἐπὶ

178 1999 231 2033 τῆς
251 1998 358 2035 Ῥώμης
378 2000 556 2035 διατρίϐοντα,
580 2001 609 2032 ὃς
623 2001 654 2037 δὴ
671 2002 700 2033 ἐς
715 2001 826 2038 ὕστερον
842 2003 891 2038 τὴν
908 2003 968 2029 κατ’

179 2044 264 2071 αὑτοῦ
283 2046 458 2081 κατηγορίαν,
473 2046 511 2078 ὡς
533 2047 564 2082 δὴ
586 2048 655 2074 κατὰ
677 2048 782 2083 γόητος,
809 2048 969 2075 ὑποϐάλλειν

181 2090 331 2126 ιστέρηιιαι.
349 2092 460 2124 Πάντως
474 2093 527 2128 γὰρ
543 2094 575 2120 ἂν
587 2094 634 2120 καὶ
646 2094 732 2125 τοῦτο,
748 2096 772 2121 εἰ
786 2094 817 2131 δὴ
831 2095 908 2122 τοῦτο
923 2104 969 2130 γε-

179 2136 259 2171 γονὸς
271 2135 314 2172 ἧν,
329 2139 388 2169 ταῖς
398 2138 491 2170 ἄλλαις
509 2139 568 2165 κατ’
590 2139 673 2166 αὑτοῦ
689 2140 823 2172 διαϐολαῖς
836 2141 903 2177 πρὸς
921 2142 968 2168 τοῦ

180 2181 334 2217 κατηγόρου
349 2183 566 2217 συγκατείλεκτο.
587 2185 641 2211 Καὶ
658 2184 692 2212 τὰ
708 2186 755 2220 μὲν
771 2186 799 2212 ὲν
818 2186 894 2222 μέρει
923 2188 971 2214 καὶ

179 2228 243 2254 κατ’
258 2225 326 2259 εἶδος
341 2228 414 2263 αὐτῴ
430 2230 619 2265 πεπραγμένα,
633 2231 749 2257 τοσαῦτα
759 2240 765 2246 ·
785 2232 868 2267 μυρία
881 2232 909 2258 δὲ
923 2233 970 2259 καὶ

218 2305 241 2321 ⁷¹
261 2305 367 2346 lib._rv,
381 2313 409 2334 c.
426 2306 471 2335 12.
507 2308 530 2323 ⁷¹
550 2307 598 2336 lib.
619 2316 663 2341 tv,
680 2316 705 2336 c.
725 2309 768 2336 16.
806 2310 830 2326 ⁷³
848 2310 897 2338 lib.
915 2318 959 2344 tv,

1017 2310 1063 2339 20.
1101 2312 1125 2328 ⁷⁵
1145 2311 1193 2338 lib.
1209 2319 1255 2346 tv,
1273 2319 1298 2338 c.
1316 2311 1362 2339 25.
1399 2311 1423 2328 ’⁸
1442 2311 1490 2339 lib.
1507 2318 1533 2338 tv
1545 2331 1552 2344 ,
1569 2318 1595 2338 c.
1616 2311 1662 2338 45.

182 2348 233 2368 vnl
242 2361 249 2374 ,
265 2349 289 2368 c.
308 2341 334 2369 5.

221 2396 287 2432 (ὅδ’)
307 2397 432 2430 Ἰκανῶς.
449 2397 530 2425 Forte
543 2397 644 2429 ἱκανός.
660 2397 738 2426 Eon.

220 2431 276 2472 ('5_9)
310 2432 489 2472 I‘pasférrog:
520 2432 591 2472 _Editi
620 2434 756 2472 habebant
788 2435 964 2472 πραχθέντος.

174 2465 271 2502 Paulo
292 2465 423 2495 audacius
443 2468 527 2495 videri
544 2474 699 2502 poteramus
724 2470 769 2498 hic
795 2465 963 2499 emendasse.

181 2501 238 2530 Sed
252 2503 410 2535 necessitas,
428 2509 457 2530 ut
472 2501 562 2538 spero,
581 2504 722 2531 audaciam
739 2507 890 2537 excusabit;
905 2506 967 2533 nul-

182 2537 245 2575 lout
263 2538 334 2564 enim
356 2537 531 2575 sensumqhic
557 2538 646 2565 fundit
669 2541 846 2575 πραχθέντος.
863 2542 966 2569 Contra

182 2572 324 2612 Ξυχέρειαν
344 2577 371 2600 ot
397 2573 562 2612 mood-tnta
577 2572 743 2612 Christianis
764 2572 966 2610 exprobraverat

181 2607 332 2646 Hierocles,
345 2616 425 2642 quam
433 2607 539 2646 passim
557 2609 646 2646 in_hoc
657 2607 966 2646 opusculo-retorquen-

179 2647 236 2681 tem
258 2643 381 2681 viduatus
398 2644 562 2681 calumniam
583 2644 749 2673 Eusebium:
767 2647 855 2681 ipsum
876 2643 966 2681 potius

180 2677 344 2715 Hieroclem,
366 2678 613 2715 Philostratumque
635 2677 784 2715 tantopere'
796 2682 830 2708 ab
842 2677 967 2709 eo'com-

180 2713 350 2744 mendatum,
365 2714 510 2751 εὐχερείας
522 2719 550 2751 et
566 2713 734 2751 κουᾳότητὸς
755 2725 816 2744 reos
839 2725 900 2744 esse
916 2716 965 2743 de-

181 2752 379 2788 monstrantem
393 2759 398 2776 :
417 2750 488 2788 quod
505 2750 549 2776 hic
563 2758 744 2788 quoqueeum
760 2751 848 2788 facere
862 2752 966 2788 liquido

179 2787 309 2822 constare
331 2788 405 2822 puto.
429 2785 562 2822 Caeterum
587 2785 654 2822 sive
668 2786 733 2813 illud
756 2785 906 2822 γραφέντος
931 2787 966 2814 ad

181 2817 336 2858 Allierqclem’
350 2819 465 2858 referas.
487 2819 544 2846 sive
560 2821 593 2847 ad
609 2817 801 2858 Philostratum
817 2817 872 2850 hon
895 2817 966 2849 inul-

178 2856 238 2880 tum
255 2855 388 2889 intererit,
405 2863 466 2882 nam
480 2859 569 2890 potest
583 2857 697 2891 γραφείς
710 2865 772 2886 esse
785 2858 829 2886 ille
845 2861 964 2894 quoque,

1014 935 1075 962 liari
1093 935 1170 966 nolit,
1189 933 1407 962 sacriﬁcantibus
1428 933 1491 960 licet
1508 936 1589 967 atque
1614 931 1762 959 libanlibus
1774 930 1801 957 ei

1014 981 1211 1008 indesinenter.
1227 979 1280 1007 Sed
1299 983 1325 1006 et
1337 978 1490 1006 Palamedis
1509 978 1663 1013 sepulcrum
1677 983 1801 1005 unacum

1014 1028 1087 1055 illius
1100 1031 1191 1055 statua
1206 1026 1276 1053 male
1290 1026 1411 1053 dirutum
1428 1025 1579 1054 restaurari
1592 1025 1680 1060 jubet.

1249 1081 1329 1117 530
1347 1079 1459 1108 CAPUT
1477 1079 1561 1107 xxx.

1049 1129 1179 1163 Quintum
1192 1137 1274 1164 porro
1296 1132 1459 1163 sextumque
1478 1128 1642 1155 miraculum
1655 1134 1711 1154 non
1731 1133 1801 1162 opus

1015 1175 1125 1205 habent.
1139 1179 1168 1202 ut
1183 1175 1263 1209 longa
1279 1175 1319 1202 eis
1333 1174 1458 1201 oratione
1480 1173 1667 1205 immoremur,
1681 1180 1734 1208 qua
1755 1179 1802 1208 pa-

1015 1225 1068 1248 teat
1081 1220 1178 1249 stolida
1187 1221 1331 1256 scriptoris
1346 1220 1508 1254 simplicitas
1525 1229 1532 1245 :
1550 1219 1689 1246 daemonas
1700 1225 1799 1253 nempe

1015 1267 1152 1299 exturbat,
1165 1267 1259 1298 alium,
1273 1270 1302 1293 ut
1319 1266 1398 1301 vulgo
1409 1266 1496 1298 aiunt,
1508 1273 1559 1300 ope
1571 1265 1693 1292 alterius.
1709 1265 1800 1291 Alium

1016 1320 1114 1347 nempe
1130 1321 1162 1340 ex
1177 1312 1351 1339 adolescente
1366 1311 1500 1338 infrunito
1509 1311 1543 1343 ⁷³,
1559 1311 1642 1338 alium
1659 1317 1741 1345 porro
1754 1309 1802 1344 qui

1016 1358 1086 1385 facie
1098 1358 1223 1385 muliebri
1242 1361 1317 1385 esset
1332 1357 1485 1385 indutus“.
1499 1357 1588 1392 Atque
1604 1356 1678 1383 hunc
1692 1356 1801 1391 quidem

1019 1403 1171 1431 «Lamiami
1183 1408 1209 1431 et
1218 1403 1408 1438 «Empusamg
1420 1403 1486 1438 ipsis
1500 1404 1576 1430 hisce
1591 1402 1719 1429 adhibitis
1730 1401 1805 1428 voci-

1023 1450 1084 1481 bus.
1100 1450 1322 1485 sapientissimus
1334 1454 1429 1476 auctor
1438 1449 1564 1484 appellat.
1575 1448 1696 1476 Puellam
1705 1448 1767 1475 inde
1775 1447 1804 1474 in

1016 1497 1084 1524 urbe
1095 1497 1218 1524 Romana
1227 1496 1250 1512 ⁷⁸
1260 1496 1331 1531 quod
1341 1499 1402 1531 post
1410 1501 1523 1523 mortem
1534 1495 1561 1522 in
1572 1495 1654 1522 vitam
1666 1493 1806 1522 reduxerit

1018 1543 1131 1574 iterum,
1157 1550 1218 1569 cum
1234 1543 1274 1570 vel
1288 1542 1341 1577 ipsi
1356 1541 1523 1569 Philostrato
1539 1541 1620 1575 plane
1641 1539 1802 1576 incredibile

1019 1588 1151 1619 videatur,
1161 1588 1240 1623 plane
1249 1587 1456 1622 repudiandum.
1474 1586 1502 1614 In
1521 1586 1649 1622 ambiguo
1662 1587 1733 1614 enim
1750 1586 1804 1613 hae-

1019 1637 1070 1664 ret.
1085 1641 1150 1660 num
1174 1633 1266 1660 vitalis
1279 1640 1352 1660 aura:
1372 1633 1501 1665 scintilla,
1520 1633 1548 1660 in
1566 1633 1656 1667 puella
1680 1631 1803 1663 residua,

1019 1679 1139 1707 medicos
1160 1679 1280 1706 latuerit.
1302 1678 1413 1706 Famam
1439 1678 1511 1706 enim
1535 1685 1597 1705 esse
1618 1678 1666 1710 ait,
1683 1677 1802 1712 pluviam

1019 1728 1075 1752 tum
1087 1725 1219 1753 cecidisse
1237 1724 1462 1760 placidissimam.
1480 1732 1514 1751 ex
1534 1723 1630 1758 puella).
1653 1731 1719 1750 vero
1733 1722 1804 1751 facie

1019 1779 1144 1806 vaporem
1163 1771 1318 1798 exhalasse.
1339 1770 1374 1796 At
1390 1773 1474 1801 certe,
1496 1769 1519 1797 si
1544 1776 1606 1796 vere
1621 1769 1673 1796 tale
1694 1768 1758 1803 quid
1775 1768 1803 1795 in

1018 1817 1077 1852 ipsa
1099 1818 1165 1844 urbe
1178 1816 1301 1843 Romana
1323 1816 1419 1843 fuisset
1437 1818 1573 1850 patratum
1585 1836 1592 1847 ,
1607 1813 1700 1849 fugere
1715 1814 1804 1849 primo

1018 1863 1106 1898 ipsum
1127 1863 1235 1898 quidem
1257 1869 1311 1888 non
1328 1862 1464 1896 potuisset
1489 1861 1696 1895 imperatorem,
1715 1867 1804 1895 neque

1019 1909 1167 1944 principes,
1180 1909 1226 1944 qui
1242 1908 1396 1943 proximum
1407 1907 1432 1934 ei
1448 1907 1535 1933 locum
1550 1906 1684 1939 obtinent,
1696 1913 1803 1938 omnes,

1019 1954 1154 1989 praecipue
1170 1957 1271 1985 autem,
1290 1953 1337 1988 qui
1351 1960 1383 1980 ea
1403 1955 1562 1986 tempestate
1573 1951 1599 1978 in
1609 1951 1670 1979 istis
1681 1951 1804 1986 partibus

1020 2001 1127 2035 agebat,
1146 2000 1200 2026 imo
1221 2000 1247 2026 in
1272 1999 1330 2034 ipsa
1353 1998 1421 2026 urbe
1444 1997 1530 2024 Roma
1552 2000 1610 2024 tum
1631 1998 1804 2030 versabatur,

1021 2046 1182 2081 Euphratem
1198 2045 1402 2080 philosophum,
1419 2045 1466 2079 qui
1491 2043 1722 2078 subsequentibus
1736 2047 1806 2070 tem-

1020 2094 1143 2128 poribus.
1157 2092 1371 2120 contrOversiam
1382 2097 1512 2127 tanquam
1522 2098 1600 2126 mago
1613 2098 1637 2118 et
1655 2090 1805 2117 intentasse

1021 2141 1190 2168 narratur”.
1208 2139 1278 2167 Sane
1302 2147 1366 2167 vero
1383 2140 1435 2166 hoc
1457 2139 1570 2166 omnino
1593 2139 1688 2170 etiam,
1705 2138 1728 2167 si
1745 2137 1807 2173 qui-

1020 2186 1079 2214 dem
1097 2185 1198 2213 factum
1214 2186 1239 2212 id
1254 2189 1336 2217 esset,
1354 2185 1460 2212 caeteris
1478 2184 1704 2219 imputationihus
1717 2184 1750 2211 ab
1760 2191 1807 2210 ac-

1022 2237 1149 2261 cusatore
1165 2232 1289 2260 additum
1311 2231 1417 2259 fuisset.
1433 2231 1522 2266 Atque
1539 2231 1590 2258 ista
1607 2231 1718 2268 quidem
1741 2233 1807 2258 sunt

1713 2310 1735 2326 ⁷⁶
1755 2310 1804 2338 lib.

983 2404 1005 2431 1)
1019 2402 1065 2436 qui
1081 2401 1287 2444 ljtentintendit.
1304 2411 1364 2438 qua!
1376 2403 1473 2444 γραφήν
1487 2402 1587 2430 dicitur
1598 2412 1613 2444 _:
1634 2403 1718 2444 forma
1732 2403 1805 2444 enim

1020 2438 1128 2471 passiva
1149 2437 1200 2465 hoc
1224 2437 1336 2466 verbum
1355 2437 1443 2466 active
1463 2437 1558 2466 tamen
1582 2438 1736 2474 significare
1756 2439 1808 2465 tri-

1021 2477 1087 2498 tum.

1055 2507 1111 2542 (40)
1130 2504 1168 2542 ᾟ
1179 2516 1264 2541 φασι.
1278 2508 1375 2535 Forma
1391 2509 1448 2536 haec
1464 2508 1591 2543 loquendi
1609 2508 1720 2543 vulgare
1736 2509 1804 2537 illud

1019 2542 1122 2569 dictum
1135 2543 1219 2570 fuisse
1233 2544 1331 2577 innuit,
1347 2549 1438 2570 natum
1455 2542 1523 2570 forte
1535 2551 1568 2570 ex
1585 2542 1739 2571 Judaeorum
1756 2544 1805 2571 ad-

1018 2585 1114 2605 versus
1127 2577 1294 2606 Salvatorem
1310 2580 1457 2611 calumnia,
1467 2579 1508 2606 vel
1522 2579 1555 2606 iis
1565 2578 1646 2605 etiam
1656 2579 1711 2612 jam
1725 2584 1804 2606 antea

1019 2612 1085 2649 trito
1099 2621 1150 2640 usu
1164 2618 1312 2649 receptum,
1325 2618 1352 2641 et
1365 2615 1465 2649 passim
1479 2614 1559 2649 deriis
1579 2613 1742 2646 adhibitum,
1754 2615 1803 2649 qui

1017 2648 1120 2685 malum
1135 2649 1210 2685 malo
1223 2648 1398 2684 depellerent.
1418 2649 1463 2676 Sic
1480 2648 1543 2682 inf.,
1560 2656 1586 2676 c.
1606 2648 1651 2682 52,
1667 2649 1735 2676 ἀλλὰ
1749 2648 1803 2685 γὰρ

1018 2683 1183 2720 καὶ-τυφλῷ,
1198 2683 1275 2718 «potat,
1292 2685 1385 2720 δῆλον,
1397 2689 1449 2712 etc.

1053 2718 1109 2753 (41)
1136 2718 1352 2755 Ἀπιστότατόν.
1379 2719 1417 2746 Ita
1445 2722 1568 2749 rescribo
1597 2720 1728 2748 audacter
1755 2726 1810 2755 pro,

1018 2753 1201 2791 dmemordth
1216 2756 1294 2791 quod
1313 2760 1354 2791 est
1371 2755 1398 2782 in
1414 2756 1506 2791 editi5.
1523 2756 1659 2791 imperitis
1683 2753 1806 2782 librariis

1018 2787 1110 2815 fucum
1126 2787 1190 2816 fecit
1204 2787 1276 2826 quod
1287 2790 1364 2822 δόξαν
1376 2787 1573 2819 ,ςιιίιηαηιίυυηί
1584 2791 1739 2826 femininum
1754 2797 1806 2826 pu-

1018 2825 1214 2895 ἓῗὶθηὲἓηὲρρα
1236 2831 1327 2855 tamen
1343 2830 1386 2854 est
1409 2827 1578 2862 participium
1599 2827 1724 2863 ἀόριστον
1741 2833 1804 2854 mu-

1064 2868 1087 2886 u
1173 2868 1205 2887 tl.
1556 2866 1558 2868 '

1064 2868 1087 2886 ιι
1095 2867 1205 2887 aettem.
1556 2866 1558 2868 '
