  <div class='ocr_page' id='page_1' title='image "/cluster/home/n/w/nwhite01/storage/ocr_20150623/22/njp.32101077772497/476.png"; bbox 0 0 2065 3216; ppageno 0'>
   <div class='ocr_carea' id='block_1_1' title="bbox 178 209 1802 239">
    <p class='ocr_par' dir='ltr' id='par_1_1' title="bbox 178 209 1802 239">
     <span class='ocr_line' id='line_1_1' title="bbox 178 209 1802 239; baseline 0.002 -3"><span class='ocrx_word' id='word_1_1' title='bbox 178 209 226 236; x_wconf 72' lang='grc' dir='ltr'><strong><em>ΒΜ</em></strong></span> <span class='ocrx_word' id='word_1_2' title='bbox 737 209 838 237; x_wconf 80' lang='lat' dir='ltr'><strong>LIBER</strong></span> <span class='ocrx_word' id='word_1_3' title='bbox 856 210 994 239; x_wconf 65' lang='lat' dir='ltr'><strong>CONTRA</strong></span> <span class='ocrx_word' id='word_1_4' title='bbox 1013 210 1220 239; x_wconf 69' lang='lat' dir='ltr'><strong>HIEROCLEM.</strong></span> <span class='ocrx_word' id='word_1_5' title='bbox 1749 212 1802 239; x_wconf 60' lang='lat'><strong>84-2</strong></span> 
     </span>
    </p>
   </div>
   <div class='ocr_carea' id='block_1_2' title="bbox 177 267 992 308">
    <p class='ocr_par' dir='ltr' id='par_1_2' title="bbox 177 267 992 308">
     <span class='ocr_line' id='line_1_2' title="bbox 177 267 992 308; baseline 0.006 -14"><span class='ocrx_word' id='word_1_6' title='bbox 177 267 238 303; x_wconf 77' lang='grc' dir='ltr'>ὥρα</span> <span class='ocrx_word' id='word_1_7' title='bbox 259 268 400 304; x_wconf 71' lang='grc' dir='ltr'><strong>μανθάνειν</strong></span> <span class='ocrx_word' id='word_1_8' title='bbox 413 269 476 304; x_wconf 81' lang='lat'><strong>(5&#39;5).</strong></span> <span class='ocrx_word' id='word_1_9' title='bbox 498 279 506 294; x_wconf 75' lang='grc' dir='ltr'><strong>ι</strong></span> <span class='ocrx_word' id='word_1_10' title='bbox 525 269 580 296; x_wconf 64' lang='grc' dir='ltr'><strong>Καὶ</strong></span> <span class='ocrx_word' id='word_1_11' title='bbox 603 270 671 304; x_wconf 79' lang='grc' dir='ltr'>μετὰ</span> <span class='ocrx_word' id='word_1_12' title='bbox 687 270 788 307; x_wconf 76' lang='grc' dir='ltr'>βραχέα</span> <span class='ocrx_word' id='word_1_13' title='bbox 872 273 965 308; x_wconf 78' lang='grc' dir='ltr'>φησιν·</span> <span class='ocrx_word' id='word_1_14' title='bbox 981 279 992 305; x_wconf 54' lang='grc' dir='ltr'><em>Α</em></span> 
     </span>
    </p>
   </div>
   <div class='ocr_carea' id='block_1_3' title="bbox 985 267 1800 308">
    <p class='ocr_par' dir='ltr' id='par_1_3' title="bbox 985 271 1800 308">
     <span class='ocr_line' id='line_1_3' title="bbox 985 271 1800 308; baseline 0 -8"><span class='ocrx_word' id='word_1_15' title='bbox 985 278 1004 306; x_wconf 76' lang='grc' dir='ltr'><strong>Α</strong></span> <span class='ocrx_word' id='word_1_16' title='bbox 1019 273 1132 300; x_wconf 81' lang='lat' dir='ltr'><strong>verbum</strong></span> <span class='ocrx_word' id='word_1_17' title='bbox 1144 272 1304 307; x_wconf 74' lang='lat' dir='ltr'><strong>prolocutus</strong></span> <span class='ocrx_word' id='word_1_18' title='bbox 1322 271 1464 306; x_wconf 62' lang='lat' dir='ltr'><strong>sequattia</strong></span> <span class='ocrx_word' id='word_1_19' title='bbox 1474 271 1497 287; x_wconf 79' lang='grc'><strong>³⁸</strong></span> <span class='ocrx_word' id='word_1_20' title='bbox 1514 279 1520 297; x_wconf 85' lang='lat'>:</span> <span class='ocrx_word' id='word_1_21' title='bbox 1538 281 1547 297; x_wconf 78' lang='grc' dir='ltr'><strong>ι</strong></span> <span class='ocrx_word' id='word_1_22' title='bbox 1559 271 1651 308; x_wconf 86' lang='lat' dir='ltr'><strong>Neque</strong></span> <span class='ocrx_word' id='word_1_23' title='bbox 1668 273 1800 301; x_wconf 88' lang='lat' dir='ltr'><strong>absonum</strong></span> 
     </span>
    </p>
   </div>
   <div class='ocr_carea' id='block_1_4' title="bbox 179 313 994 353">
    <p class='ocr_par' dir='ltr' id='par_1_4' title="bbox 179 313 965 353">
     <span class='ocr_line' id='line_1_4' title="bbox 179 313 965 353; baseline 0.006 -13"><span class='ocrx_word' id='word_1_24' title='bbox 179 324 188 340; x_wconf 72' lang='grc' dir='ltr'><strong>ι</strong></span> <span class='ocrx_word' id='word_1_25' title='bbox 204 313 282 341; x_wconf 74' lang='grc' dir='ltr'>Οὗτοι</span> <span class='ocrx_word' id='word_1_26' title='bbox 302 315 349 350; x_wconf 80' lang='grc' dir='ltr'><strong>μὲν</strong></span> <span class='ocrx_word' id='word_1_27' title='bbox 366 315 419 351; x_wconf 75' lang='grc' dir='ltr'>γὰρ</span> <span class='ocrx_word' id='word_1_28' title='bbox 436 315 490 341; x_wconf 79' lang='grc' dir='ltr'>θεοί</span> <span class='ocrx_word' id='word_1_29' title='bbox 507 316 536 342; x_wconf 82' lang='grc' dir='ltr'><em>τὲ</em></span> <span class='ocrx_word' id='word_1_30' title='bbox 555 317 617 348; x_wconf 81' lang='grc' dir='ltr'>εἰσι,</span> <span class='ocrx_word' id='word_1_31' title='bbox 631 317 677 343; x_wconf 61' lang='grc' dir='ltr'><strong>καὶ</strong></span> <span class='ocrx_word' id='word_1_32' title='bbox 694 317 878 353; x_wconf 78' lang='grc' dir='ltr'><strong>κεκόσμηνται</strong></span> <span class='ocrx_word' id='word_1_33' title='bbox 895 320 965 346; x_wconf 77' lang='grc' dir='ltr'>κατὰ</span> 
     </span>
    </p>
   </div>
   <div class='ocr_carea' id='block_1_5' title="bbox 986 313 1801 353">
    <p class='ocr_par' dir='ltr' id='par_1_5' title="bbox 1020 317 1801 353">
     <span class='ocr_line' id='line_1_5' title="bbox 1020 317 1801 353; baseline 0.001 -8"><span class='ocrx_word' id='word_1_34' title='bbox 1020 318 1084 353; x_wconf 85' lang='lat' dir='ltr'><strong>quid</strong></span> <span class='ocrx_word' id='word_1_35' title='bbox 1101 317 1165 345; x_wconf 92' lang='lat' dir='ltr'><strong>mihi</strong></span> <span class='ocrx_word' id='word_1_36' title='bbox 1190 317 1299 345; x_wconf 80' lang='lat' dir='ltr'><strong>evenire</strong></span> <span class='ocrx_word' id='word_1_37' title='bbox 1322 323 1398 352; x_wconf 90' lang='lat' dir='ltr'><strong>pulo,</strong></span> <span class='ocrx_word' id='word_1_38' title='bbox 1421 318 1444 345; x_wconf 86' lang='lat' dir='ltr'><strong>si</strong></span> <span class='ocrx_word' id='word_1_39' title='bbox 1467 317 1645 352; x_wconf 65' lang='lat' dir='ltr'><strong>philosophiae</strong></span> <span class='ocrx_word' id='word_1_40' title='bbox 1667 319 1801 346; x_wconf 78' lang='lat' dir='ltr'><strong>obnoxius</strong></span> 
     </span>
    </p>
   </div>
   <div class='ocr_carea' id='block_1_6' title="bbox 176 359 991 398">
    <p class='ocr_par' dir='ltr' id='par_1_6' title="bbox 176 359 962 398">
     <span class='ocr_line' id='line_1_6' title="bbox 176 359 962 398; baseline 0.009 -14"><span class='ocrx_word' id='word_1_41' title='bbox 176 359 225 394; x_wconf 78' lang='grc' dir='ltr'><strong>τὴν</strong></span> <span class='ocrx_word' id='word_1_42' title='bbox 235 359 412 394; x_wconf 75' lang='grc' dir='ltr'>Πυθίαν</span> <span class='ocrx_word' id='word_1_43' title='bbox 434 370 442 386; x_wconf 78' lang='grc' dir='ltr'><strong>ι</strong></span> <span class='ocrx_word' id='word_1_44' title='bbox 456 361 509 387; x_wconf 72' lang='grc' dir='ltr'><strong>Καὶ</strong></span> <span class='ocrx_word' id='word_1_45' title='bbox 523 362 678 398; x_wconf 72' lang='grc' dir='ltr'><strong>Δομετιανῷ</strong></span> <span class='ocrx_word' id='word_1_46' title='bbox 692 362 720 389; x_wconf 81' lang='grc' dir='ltr'><strong>δὲ</strong></span> <span class='ocrx_word' id='word_1_47' title='bbox 731 363 854 398; x_wconf 74' lang='grc' dir='ltr'>εἰσῆκται</span> <span class='ocrx_word' id='word_1_48' title='bbox 867 364 962 398; x_wconf 82' lang='grc' dir='ltr'>λέγων·</span> 
     </span>
    </p>
   </div>
   <div class='ocr_carea' id='block_1_7' title="bbox 986 359 1801 398">
    <p class='ocr_par' dir='ltr' id='par_1_7' title="bbox 1019 362 1801 398">
     <span class='ocr_line' id='line_1_7' title="bbox 1019 362 1801 398; baseline -0.003 -7"><span class='ocrx_word' id='word_1_49' title='bbox 1019 363 1133 391; x_wconf 73' lang='lat' dir='ltr'><strong>evadant</strong></span> <span class='ocrx_word' id='word_1_50' title='bbox 1150 362 1333 398; x_wconf 84' lang='lat' dir='ltr'><strong>pulcherrime</strong></span> <span class='ocrx_word' id='word_1_51' title='bbox 1355 367 1467 395; x_wconf 60' lang='lat' dir='ltr'><strong>ornatae,</strong></span> <span class='ocrx_word' id='word_1_52' title='bbox 1489 370 1569 397; x_wconf 87' lang='lat' dir='ltr'><strong>quam</strong></span> <span class='ocrx_word' id='word_1_53' title='bbox 1588 362 1695 390; x_wconf 89' lang='lat' dir='ltr'><strong>decenti</strong></span> <span class='ocrx_word' id='word_1_54' title='bbox 1709 363 1801 390; x_wconf 84' lang='lat' dir='ltr'><strong>habitu</strong></span> 
     </span>
    </p>
   </div>
   <div class='ocr_carea' id='block_1_8' title="bbox 179 406 994 445">
    <p class='ocr_par' dir='ltr' id='par_1_8' title="bbox 179 406 964 445">
     <span class='ocr_line' id='line_1_8' title="bbox 179 406 964 445; baseline 0.006 -14"><span class='ocrx_word' id='word_1_55' title='bbox 179 415 188 431; x_wconf 73' lang='grc' dir='ltr'><strong>ι</strong></span> <span class='ocrx_word' id='word_1_56' title='bbox 202 406 255 432; x_wconf 79' lang='grc' dir='ltr'>Καὶ</span> <span class='ocrx_word' id='word_1_57' title='bbox 263 406 304 437; x_wconf 77' lang='grc' dir='ltr'><strong>τίς</strong></span> <span class='ocrx_word' id='word_1_58' title='bbox 315 406 384 441; x_wconf 84' lang='grc' dir='ltr'>πρὸς</span> <span class='ocrx_word' id='word_1_59' title='bbox 400 406 505 442; x_wconf 84' lang='grc' dir='ltr'>Ἰάρχαν</span> <span class='ocrx_word' id='word_1_60' title='bbox 513 415 552 433; x_wconf 92' lang='grc' dir='ltr'><strong>σοι</strong></span> <span class='ocrx_word' id='word_1_61' title='bbox 562 407 688 444; x_wconf 74' lang='grc' dir='ltr'>πόλεμος,</span> <span class='ocrx_word' id='word_1_62' title='bbox 698 409 744 434; x_wconf 71' lang='grc' dir='ltr'><strong>καὶ</strong></span> <span class='ocrx_word' id='word_1_63' title='bbox 753 409 894 445; x_wconf 73' lang='grc' dir='ltr'>Φραώτην,</span> <span class='ocrx_word' id='word_1_64' title='bbox 902 411 964 443; x_wconf 72' lang='grc' dir='ltr'>τοὺς</span> 
     </span>
    </p>
   </div>
   <div class='ocr_carea' id='block_1_9' title="bbox 986 406 1801 445">
    <p class='ocr_par' dir='ltr' id='par_1_9' title="bbox 1018 407 1801 442">
     <span class='ocr_line' id='line_1_9' title="bbox 1018 407 1801 442; baseline -0.001 -7"><span class='ocrx_word' id='word_1_65' title='bbox 1018 409 1151 440; x_wconf 86' lang='lat' dir='ltr'><strong>indutam,</strong></span> <span class='ocrx_word' id='word_1_66' title='bbox 1168 408 1227 435; x_wconf 94' lang='lat' dir='ltr'><strong>Indi</strong></span> <span class='ocrx_word' id='word_1_67' title='bbox 1241 407 1352 435; x_wconf 90' lang='lat' dir='ltr'><strong>sublimi</strong></span> <span class='ocrx_word' id='word_1_68' title='bbox 1377 411 1404 434; x_wconf 87' lang='lat' dir='ltr'><strong>et</strong></span> <span class='ocrx_word' id='word_1_69' title='bbox 1418 408 1496 442; x_wconf 84' lang='lat' dir='ltr'><strong>plane</strong></span> <span class='ocrx_word' id='word_1_70' title='bbox 1511 407 1603 434; x_wconf 84' lang='lat' dir='ltr'><strong>divina</strong></span> <span class='ocrx_word' id='word_1_71' title='bbox 1626 411 1732 434; x_wconf 87' lang='lat' dir='ltr'><strong>vectam</strong></span> <span class='ocrx_word' id='word_1_72' title='bbox 1745 415 1801 434; x_wconf 89' lang='lat' dir='ltr'><strong>ma-</strong></span> 
     </span>
    </p>
   </div>
   <div class='ocr_carea' id='block_1_10' title="bbox 184 450 999 491">
    <p class='ocr_par' dir='ltr' id='par_1_10' title="bbox 184 450 962 491">
     <span class='ocr_line' id='line_1_10' title="bbox 184 450 962 491; baseline 0.009 -15"><span class='ocrx_word' id='word_1_73' title='bbox 184 450 295 483; x_wconf 61' lang='lat' dir='ltr'><strong>‘Ivasdg;</strong></span> <span class='ocrx_word' id='word_1_74' title='bbox 309 450 355 483; x_wconf 73' lang='grc' dir='ltr'><strong>οὓς</strong></span> <span class='ocrx_word' id='word_1_75' title='bbox 367 451 421 486; x_wconf 81' lang='grc' dir='ltr'><strong>ἐγὼ</strong></span> <span class='ocrx_word' id='word_1_76' title='bbox 434 453 530 488; x_wconf 78' lang='grc' dir='ltr'>μόνους</span> <span class='ocrx_word' id='word_1_77' title='bbox 542 453 691 490; x_wconf 79' lang='grc' dir='ltr'>ἀνθρώπων</span> <span class='ocrx_word' id='word_1_78' title='bbox 703 454 780 486; x_wconf 80' lang='grc' dir='ltr'>θεούς</span> <span class='ocrx_word' id='word_1_79' title='bbox 792 464 821 482; x_wconf 84' lang='grc' dir='ltr'><strong>τε</strong></span> <span class='ocrx_word' id='word_1_80' title='bbox 831 456 962 491; x_wconf 80' lang='grc' dir='ltr'>ἡγοῦμαι,</span> 
     </span>
    </p>
   </div>
   <div class='ocr_carea' id='block_1_11' title="bbox 986 450 1801 491">
    <p class='ocr_par' dir='ltr' id='par_1_11' title="bbox 1016 453 1801 488">
     <span class='ocr_line' id='line_1_11' title="bbox 1016 453 1801 488; baseline -0.001 -7"><span class='ocrx_word' id='word_1_81' title='bbox 1016 455 1107 486; x_wconf 79' lang='lat' dir='ltr'><strong>china,</strong></span> <span class='ocrx_word' id='word_1_82' title='bbox 1124 453 1151 481; x_wconf 93' lang='lat' dir='ltr'><strong>in</strong></span> <span class='ocrx_word' id='word_1_83' title='bbox 1166 461 1275 482; x_wconf 82' lang='lat' dir='ltr'><strong>scenam</strong></span> <span class='ocrx_word' id='word_1_84' title='bbox 1291 453 1453 488; x_wconf 89' lang='lat' dir='ltr'><strong>provehunt.</strong></span> <span class='ocrx_word' id='word_1_85' title='bbox 1469 453 1556 486; x_wconf 87' lang='lat' dir='ltr'><strong>Quam</strong></span> <span class='ocrx_word' id='word_1_86' title='bbox 1569 453 1631 488; x_wconf 86' lang='lat' dir='ltr'><strong>jure</strong></span> <span class='ocrx_word' id='word_1_87' title='bbox 1646 457 1737 481; x_wconf 86' lang='lat' dir='ltr'><strong>autem</strong></span> <span class='ocrx_word' id='word_1_88' title='bbox 1754 461 1801 481; x_wconf 84' lang='lat' dir='ltr'><strong>eos</strong></span> 
     </span>
    </p>
   </div>
   <div class='ocr_carea' id='block_1_12' title="bbox 175 496 990 535">
    <p class='ocr_par' dir='ltr' id='par_1_12' title="bbox 175 496 964 534">
     <span class='ocr_line' id='line_1_12' title="bbox 175 496 964 534; baseline 0.008 -12"><span class='ocrx_word' id='word_1_89' title='bbox 175 496 225 523; x_wconf 71' lang='grc' dir='ltr'>καὶ</span> <span class='ocrx_word' id='word_1_90' title='bbox 237 497 327 529; x_wconf 74' lang='grc' dir='ltr'>ἀξίους</span> <span class='ocrx_word' id='word_1_91' title='bbox 341 498 390 533; x_wconf 79' lang='grc' dir='ltr'>τῆς</span> <span class='ocrx_word' id='word_1_92' title='bbox 403 498 560 534; x_wconf 68' lang='grc' dir='ltr'>ἐπωνυμίας</span> <span class='ocrx_word' id='word_1_93' title='bbox 572 499 682 534; x_wconf 71' lang='grc' dir='ltr'>ταύτης.</span> <span class='ocrx_word' id='word_1_94' title='bbox 703 509 712 524; x_wconf 79' lang='grc' dir='ltr'><strong>ι</strong></span> <span class='ocrx_word' id='word_1_95' title='bbox 723 500 777 527; x_wconf 82' lang='grc' dir='ltr'>Καὶ</span> <span class='ocrx_word' id='word_1_96' title='bbox 797 502 825 527; x_wconf 75' lang='grc' dir='ltr'><strong>ἐν</strong></span> <span class='ocrx_word' id='word_1_97' title='bbox 834 500 923 533; x_wconf 83' lang='grc' dir='ltr'>ἄλλοις</span> <span class='ocrx_word' id='word_1_98' title='bbox 935 502 964 528; x_wconf 74' lang='grc' dir='ltr'><strong>δὲ</strong></span> 
     </span>
    </p>
   </div>
   <div class='ocr_carea' id='block_1_13' title="bbox 986 496 1801 535">
    <p class='ocr_par' dir='ltr' id='par_1_13' title="bbox 1017 499 1801 535">
     <span class='ocr_line' id='line_1_13' title="bbox 1017 499 1801 535; baseline -0.003 -7"><span class='ocrx_word' id='word_1_99' title='bbox 1017 501 1147 532; x_wconf 84' lang='lat' dir='ltr'><strong>admirer,</strong></span> <span class='ocrx_word' id='word_1_100' title='bbox 1162 500 1224 535; x_wconf 82' lang='lat' dir='ltr'><strong>jure</strong></span> <span class='ocrx_word' id='word_1_101' title='bbox 1241 500 1379 535; x_wconf 73' lang='lat' dir='ltr'><strong>sapientes</strong></span> <span class='ocrx_word' id='word_1_102' title='bbox 1405 507 1466 527; x_wconf 87' lang='lat' dir='ltr'><strong>esse</strong></span> <span class='ocrx_word' id='word_1_103' title='bbox 1489 503 1570 534; x_wconf 84' lang='lat' dir='ltr'><strong>alque</strong></span> <span class='ocrx_word' id='word_1_104' title='bbox 1592 499 1687 527; x_wconf 89' lang='lat' dir='ltr'><strong>beatos</strong></span> <span class='ocrx_word' id='word_1_105' title='bbox 1707 499 1801 527; x_wconf 75' lang='lat' dir='ltr'><strong>existi-</strong></span> 
     </span>
    </p>
   </div>
   <div class='ocr_carea' id='block_1_14' title="bbox 173 544 988 584">
    <p class='ocr_par' dir='ltr' id='par_1_14' title="bbox 173 544 964 584">
     <span class='ocr_line' id='line_1_14' title="bbox 173 544 964 584; baseline 0.008 -15"><span class='ocrx_word' id='word_1_106' title='bbox 173 544 276 578; x_wconf 70' lang='grc' dir='ltr'>ὁμοίως</span> <span class='ocrx_word' id='word_1_107' title='bbox 295 544 371 576; x_wconf 81' lang='grc' dir='ltr'>ϐεούς</span> <span class='ocrx_word' id='word_1_108' title='bbox 394 553 423 570; x_wconf 84' lang='grc' dir='ltr'><strong>τε</strong></span> <span class='ocrx_word' id='word_1_109' title='bbox 449 546 495 572; x_wconf 76' lang='grc' dir='ltr'><strong>καὶ</strong></span> <span class='ocrx_word' id='word_1_110' title='bbox 520 545 695 577; x_wconf 76' lang='grc' dir='ltr'>διδασκάλους</span> <span class='ocrx_word' id='word_1_111' title='bbox 709 547 823 582; x_wconf 72' lang='grc' dir='ltr'>τάνδρὸς</span> <span class='ocrx_word' id='word_1_112' title='bbox 849 548 964 584; x_wconf 76' lang='grc' dir='ltr'>ἐπιγρά-</span> 
     </span>
    </p>
   </div>
   <div class='ocr_carea' id='block_1_15' title="bbox 987 544 1802 584">
    <p class='ocr_par' dir='ltr' id='par_1_15' title="bbox 1017 545 1802 582">
     <span class='ocr_line' id='line_1_15' title="bbox 1017 545 1802 582; baseline -0.003 -8"><span class='ocrx_word' id='word_1_113' title='bbox 1017 555 1098 579; x_wconf 92' lang='lat' dir='ltr'><strong>mem,</strong></span> <span class='ocrx_word' id='word_1_114' title='bbox 1111 547 1166 581; x_wconf 82' lang='lat' dir='ltr'><strong>jam</strong></span> <span class='ocrx_word' id='word_1_115' title='bbox 1180 549 1286 582; x_wconf 86' lang='lat' dir='ltr'><strong>tempus</strong></span> <span class='ocrx_word' id='word_1_116' title='bbox 1296 549 1338 574; x_wconf 87' lang='lat' dir='ltr'><strong>est</strong></span> <span class='ocrx_word' id='word_1_117' title='bbox 1350 549 1379 572; x_wconf 92' lang='lat' dir='ltr'><strong>ut</strong></span> <span class='ocrx_word' id='word_1_118' title='bbox 1389 545 1556 581; x_wconf 77' lang='lat' dir='ltr'><strong>percipiatis.</strong></span> <span class='ocrx_word' id='word_1_119' title='bbox 1578 555 1587 571; x_wconf 78' lang='grc' dir='ltr'><strong>ι</strong></span> <span class='ocrx_word' id='word_1_120' title='bbox 1600 545 1632 572; x_wconf 83' lang='lat' dir='ltr'><strong>Et</strong></span> <span class='ocrx_word' id='word_1_121' title='bbox 1646 547 1727 580; x_wconf 87' lang='lat' dir='ltr'><strong>paulo</strong></span> <span class='ocrx_word' id='word_1_122' title='bbox 1740 549 1802 581; x_wconf 88' lang='lat' dir='ltr'><strong>post</strong></span> 
     </span>
    </p>
   </div>
   <div class='ocr_carea' id='block_1_16' title="bbox 174 590 989 632">
    <p class='ocr_par' dir='ltr' id='par_1_16' title="bbox 174 590 965 632">
     <span class='ocr_line' id='line_1_16' title="bbox 174 590 965 632; baseline 0.005 -16"><span class='ocrx_word' id='word_1_123' title='bbox 174 590 231 624; x_wconf 77' lang='grc' dir='ltr'><strong>ψας</strong></span> <span class='ocrx_word' id='word_1_124' title='bbox 247 590 300 625; x_wconf 73' lang='grc'><strong>(56)</strong></span> <span class='ocrx_word' id='word_1_125' title='bbox 316 591 329 616; x_wconf 82' lang='grc' dir='ltr'>ὁ</span> <span class='ocrx_word' id='word_1_126' title='bbox 344 591 421 624; x_wconf 80' lang='grc' dir='ltr'>λόγος</span> <span class='ocrx_word' id='word_1_127' title='bbox 439 592 501 623; x_wconf 69' lang='grc' dir='ltr'>τοὺς</span> <span class='ocrx_word' id='word_1_128' title='bbox 524 592 914 632; x_wconf 11' lang='grc' dir='ltr'>δεδηλωμένους,γδακτυλίους</span> <span class='ocrx_word' id='word_1_129' title='bbox 936 603 965 621; x_wconf 80' lang='grc' dir='ltr'><strong>τε</strong></span> 
     </span>
    </p>
   </div>
   <div class='ocr_carea' id='block_1_17' title="bbox 986 590 1801 632">
    <p class='ocr_par' dir='ltr' id='par_1_17' title="bbox 1017 591 1801 627">
     <span class='ocr_line' id='line_1_17' title="bbox 1017 591 1801 627; baseline -0.003 -7"><span class='ocrx_word' id='word_1_130' title='bbox 1017 593 1083 620; x_wconf 69' lang='lat' dir='ltr'><strong>ait“</strong></span> <span class='ocrx_word' id='word_1_131' title='bbox 1098 601 1104 618; x_wconf 89' lang='lat'>:</span> <span class='ocrx_word' id='word_1_132' title='bbox 1123 602 1132 618; x_wconf 77' lang='grc' dir='ltr'><strong>ι</strong></span> <span class='ocrx_word' id='word_1_133' title='bbox 1148 591 1181 619; x_wconf 84' lang='lat' dir='ltr'><strong>Ili</strong></span> <span class='ocrx_word' id='word_1_134' title='bbox 1196 592 1233 619; x_wconf 90' lang='lat' dir='ltr'><strong>dii</strong></span> <span class='ocrx_word' id='word_1_135' title='bbox 1250 593 1322 620; x_wconf 91' lang='lat' dir='ltr'><strong>enim</strong></span> <span class='ocrx_word' id='word_1_136' title='bbox 1336 595 1411 622; x_wconf 90' lang='lat' dir='ltr'><strong>sunt,</strong></span> <span class='ocrx_word' id='word_1_137' title='bbox 1421 595 1448 619; x_wconf 86' lang='lat' dir='ltr'><strong>et</strong></span> <span class='ocrx_word' id='word_1_138' title='bbox 1457 591 1687 627; x_wconf 71' lang='lat' dir='ltr'><strong>Pythiaaexemplo</strong></span> <span class='ocrx_word' id='word_1_139' title='bbox 1699 599 1801 618; x_wconf 86' lang='lat' dir='ltr'><strong>ornan-</strong></span> 
     </span>
    </p>
   </div>
   <div class='ocr_carea' id='block_1_18' title="bbox 175 636 990 676">
    <p class='ocr_par' dir='ltr' id='par_1_18' title="bbox 175 636 966 676">
     <span class='ocr_line' id='line_1_18' title="bbox 175 636 966 676; baseline 0.008 -15"><span class='ocrx_word' id='word_1_140' title='bbox 175 637 243 672; x_wconf 77' lang='grc' dir='ltr'>παρ’</span> <span class='ocrx_word' id='word_1_141' title='bbox 252 636 341 662; x_wconf 79' lang='grc' dir='ltr'>αὐτῶν</span> <span class='ocrx_word' id='word_1_142' title='bbox 357 638 495 673; x_wconf 67' lang='grc' dir='ltr'>εἰληφέναι</span> <span class='ocrx_word' id='word_1_143' title='bbox 511 637 679 674; x_wconf 78' lang='grc' dir='ltr'>ὁμολογήσας</span> <span class='ocrx_word' id='word_1_144' title='bbox 691 639 781 672; x_wconf 76' lang='grc' dir='ltr'>αὑτὸν,</span> <span class='ocrx_word' id='word_1_145' title='bbox 794 639 966 676; x_wconf 78' lang='grc' dir='ltr'><strong>ἐπιλέλησται</strong></span> 
     </span>
    </p>
   </div>
   <div class='ocr_carea' id='block_1_19' title="bbox 985 636 1800 676">
    <p class='ocr_par' dir='ltr' id='par_1_19' title="bbox 1019 637 1800 673">
     <span class='ocr_line' id='line_1_19' title="bbox 1019 637 1800 673; baseline -0.003 -7"><span class='ocrx_word' id='word_1_146' title='bbox 1019 643 1073 666; x_wconf 92' lang='lat' dir='ltr'><strong>tur.</strong></span> <span class='ocrx_word' id='word_1_147' title='bbox 1087 648 1096 665; x_wconf 73' lang='grc' dir='ltr'><strong>ι</strong></span> <span class='ocrx_word' id='word_1_148' title='bbox 1114 638 1296 666; x_wconf 88' lang='lat' dir='ltr'><strong>Domitianum</strong></span> <span class='ocrx_word' id='word_1_149' title='bbox 1314 645 1422 673; x_wconf 86' lang='lat' dir='ltr'><strong>quoque</strong></span> <span class='ocrx_word' id='word_1_150' title='bbox 1436 639 1626 673; x_wconf 83' lang='lat' dir='ltr'><strong>imperatorem</strong></span> <span class='ocrx_word' id='word_1_151' title='bbox 1641 637 1800 672; x_wconf 83' lang='lat' dir='ltr'><strong>hujusmodi</strong></span> 
     </span>
    </p>
   </div>
   <div class='ocr_carea' id='block_1_20' title="bbox 174 681 989 721">
    <p class='ocr_par' dir='ltr' id='par_1_20' title="bbox 174 681 969 721">
     <span class='ocr_line' id='line_1_20' title="bbox 174 681 969 721; baseline 0.006 -14"><span class='ocrx_word' id='word_1_152' title='bbox 174 682 235 712; x_wconf 75' lang='grc' dir='ltr'>νῦν,</span> <span class='ocrx_word' id='word_1_153' title='bbox 250 681 296 708; x_wconf 68' lang='grc' dir='ltr'>καὶ</span> <span class='ocrx_word' id='word_1_154' title='bbox 312 682 509 709; x_wconf 76' lang='grc' dir='ltr'>συνδιαόάλλων</span> <span class='ocrx_word' id='word_1_155' title='bbox 525 685 580 715; x_wconf 85' lang='grc' dir='ltr'>τοῖς</span> <span class='ocrx_word' id='word_1_156' title='bbox 591 683 761 716; x_wconf 73' lang='grc' dir='ltr'><strong>διδασκάλοις</strong></span> <span class='ocrx_word' id='word_1_157' title='bbox 783 685 828 711; x_wconf 84' lang='grc' dir='ltr'><strong>τὸν</strong></span> <span class='ocrx_word' id='word_1_158' title='bbox 844 685 969 721; x_wconf 79' lang='grc' dir='ltr'>μαθητὴν</span> 
     </span>
    </p>
   </div>
   <div class='ocr_carea' id='block_1_21' title="bbox 986 681 1801 721">
    <p class='ocr_par' dir='ltr' id='par_1_21' title="bbox 1017 683 1801 717">
     <span class='ocr_line' id='line_1_21' title="bbox 1017 683 1801 717; baseline -0.003 -5"><span class='ocrx_word' id='word_1_159' title='bbox 1017 685 1110 713; x_wconf 84' lang='lat' dir='ltr'><strong>verbis</strong></span> <span class='ocrx_word' id='word_1_160' title='bbox 1126 684 1266 712; x_wconf 85' lang='lat' dir='ltr'><strong>inducitur</strong></span> <span class='ocrx_word' id='word_1_161' title='bbox 1280 684 1444 712; x_wconf 75' lang='lat' dir='ltr'><strong>allocutus“</strong></span> <span class='ocrx_word' id='word_1_162' title='bbox 1458 693 1465 711; x_wconf 94' lang='lat'><strong>:</strong></span> <span class='ocrx_word' id='word_1_163' title='bbox 1481 683 1622 717; x_wconf 78' lang='lat' dir='ltr'><strong>Quodnam</strong></span> <span class='ocrx_word' id='word_1_164' title='bbox 1637 684 1685 711; x_wconf 84' lang='lat' dir='ltr'><strong>tibi</strong></span> <span class='ocrx_word' id='word_1_165' title='bbox 1707 683 1801 711; x_wconf 87' lang='lat' dir='ltr'><strong>adver-</strong></span> 
     </span>
    </p>
   </div>
   <div class='ocr_carea' id='block_1_22' title="bbox 177 728 992 766">
    <p class='ocr_par' dir='ltr' id='par_1_22' title="bbox 177 728 347 755">
     <span class='ocr_line' id='line_1_22' title="bbox 177 728 347 755; baseline 0 -1"><span class='ocrx_word' id='word_1_166' title='bbox 177 729 231 755; x_wconf 72' lang='grc' dir='ltr'><strong>οὐκ</strong></span> <span class='ocrx_word' id='word_1_167' title='bbox 247 728 347 755; x_wconf 77' lang='grc' dir='ltr'>ἐπαΐει.</span> 
     </span>
    </p>
   </div>
   <div class='ocr_carea' id='block_1_23' title="bbox 986 728 1801 766">
    <p class='ocr_par' dir='ltr' id='par_1_23' title="bbox 1020 730 1801 766">
     <span class='ocr_line' id='line_1_23' title="bbox 1020 730 1801 766; baseline -0.003 -8"><span class='ocrx_word' id='word_1_168' title='bbox 1020 739 1068 759; x_wconf 85' lang='lat' dir='ltr'><strong>sus</strong></span> <span class='ocrx_word' id='word_1_169' title='bbox 1082 731 1205 758; x_wconf 88' lang='lat' dir='ltr'><strong>Iarcbam</strong></span> <span class='ocrx_word' id='word_1_170' title='bbox 1227 735 1255 759; x_wconf 86' lang='lat' dir='ltr'><strong>et</strong></span> <span class='ocrx_word' id='word_1_171' title='bbox 1270 730 1414 758; x_wconf 88' lang='lat' dir='ltr'><strong>Phraotem</strong></span> <span class='ocrx_word' id='word_1_172' title='bbox 1437 730 1518 758; x_wconf 88' lang='lat' dir='ltr'><strong>Indos</strong></span> <span class='ocrx_word' id='word_1_173' title='bbox 1539 734 1582 758; x_wconf 90' lang='lat' dir='ltr'><strong>est</strong></span> <span class='ocrx_word' id='word_1_174' title='bbox 1601 730 1718 758; x_wconf 74' lang='lat' dir='ltr'><strong>bellum?</strong></span> <span class='ocrx_word' id='word_1_175' title='bbox 1732 737 1801 766; x_wconf 87' lang='lat' dir='ltr'><strong>quos</strong></span> 
     </span>
    </p>
   </div>
   <div class='ocr_carea' id='block_1_24' title="bbox 175 777 1803 815">
    <p class='ocr_par' dir='ltr' id='par_1_24' title="bbox 175 777 1803 815">
     <span class='ocr_line' id='line_1_24' title="bbox 175 777 1803 815; baseline 0.002 -13"><span class='ocrx_word' id='word_1_176' title='bbox 175 783 231 811; x_wconf 77' lang='lat' dir='ltr'><strong>ego</strong></span> <span class='ocrx_word' id='word_1_177' title='bbox 247 777 320 804; x_wconf 91' lang='lat' dir='ltr'><strong>solos</strong></span> <span class='ocrx_word' id='word_1_178' title='bbox 342 777 412 804; x_wconf 91' lang='lat' dir='ltr'><strong>inler</strong></span> <span class='ocrx_word' id='word_1_179' title='bbox 427 777 551 805; x_wconf 88' lang='lat' dir='ltr'><strong>homines</strong></span> <span class='ocrx_word' id='word_1_180' title='bbox 581 777 647 806; x_wconf 86' lang='lat' dir='ltr'><strong>deos</strong></span> <span class='ocrx_word' id='word_1_181' title='bbox 669 786 731 807; x_wconf 87' lang='lat' dir='ltr'><strong>esse</strong></span> <span class='ocrx_word' id='word_1_182' title='bbox 758 783 834 815; x_wconf 91' lang='lat' dir='ltr'><strong>puto,</strong></span> <span class='ocrx_word' id='word_1_183' title='bbox 854 788 940 815; x_wconf 83' lang='lat' dir='ltr'><strong>eaque</strong></span> <span class='ocrx_word' id='word_1_184' title='bbox 968 780 1148 815; x_wconf 78' lang='lat' dir='ltr'><strong>appellatione</strong></span> <span class='ocrx_word' id='word_1_185' title='bbox 1165 779 1262 815; x_wconf 83' lang='lat' dir='ltr'><strong>dignos</strong></span> <span class='ocrx_word' id='word_1_186' title='bbox 1294 787 1404 807; x_wconf 85' lang='lat' dir='ltr'><strong>censeo.</strong></span> <span class='ocrx_word' id='word_1_187' title='bbox 1425 790 1434 805; x_wconf 74' lang='grc' dir='ltr'><strong>ι</strong></span> <span class='ocrx_word' id='word_1_188' title='bbox 1452 779 1574 814; x_wconf 79' lang='lat' dir='ltr'><strong>Aliisque</strong></span> <span class='ocrx_word' id='word_1_189' title='bbox 1590 780 1617 806; x_wconf 96' lang='lat' dir='ltr'><strong>in</strong></span> <span class='ocrx_word' id='word_1_190' title='bbox 1638 779 1705 807; x_wconf 91' lang='lat' dir='ltr'><strong>locis</strong></span> <span class='ocrx_word' id='word_1_191' title='bbox 1722 779 1803 806; x_wconf 85' lang='lat' dir='ltr'><strong>simi-</strong></span> 
     </span>
    </p>
   </div>
   <div class='ocr_carea' id='block_1_25' title="bbox 177 823 1802 862">
    <p class='ocr_par' dir='ltr' id='par_1_25' title="bbox 177 823 1802 862">
     <span class='ocr_line' id='line_1_25' title="bbox 177 823 1802 862; baseline 0.002 -12"><span class='ocrx_word' id='word_1_192' title='bbox 177 824 242 850; x_wconf 89' lang='lat' dir='ltr'><strong>liter</strong></span> <span class='ocrx_word' id='word_1_193' title='bbox 266 823 332 852; x_wconf 88' lang='lat' dir='ltr'><strong>deos</strong></span> <span class='ocrx_word' id='word_1_194' title='bbox 361 824 495 859; x_wconf 82' lang='lat' dir='ltr'><strong>Apollonii</strong></span> <span class='ocrx_word' id='word_1_195' title='bbox 512 830 592 860; x_wconf 88' lang='lat' dir='ltr'><strong>atque</strong></span> <span class='ocrx_word' id='word_1_196' title='bbox 616 827 761 861; x_wconf 78' lang='lat' dir='ltr'><strong>magistros</strong></span> <span class='ocrx_word' id='word_1_197' title='bbox 791 835 943 862; x_wconf 77' lang='lat' dir='ltr'><strong>agnoscens</strong></span> <span class='ocrx_word' id='word_1_198' title='bbox 969 827 1083 855; x_wconf 79' lang='lat' dir='ltr'><strong>hiswria</strong></span> <span class='ocrx_word' id='word_1_199' title='bbox 1103 827 1149 854; x_wconf 88' lang='lat' dir='ltr'><strong>illa</strong></span> <span class='ocrx_word' id='word_1_200' title='bbox 1165 827 1309 862; x_wconf 66' lang='lat' dir='ltr'><strong>praedictos</strong></span> <span class='ocrx_word' id='word_1_201' title='bbox 1330 825 1544 862; x_wconf 86' lang='lat' dir='ltr'><strong>[philosophos],</strong></span> <span class='ocrx_word' id='word_1_202' title='bbox 1570 827 1740 861; x_wconf 88' lang='lat' dir='ltr'><strong>annulosque</strong></span> <span class='ocrx_word' id='word_1_203' title='bbox 1769 826 1802 854; x_wconf 86' lang='lat' dir='ltr'><strong>ab</strong></span> 
     </span>
    </p>
   </div>
   <div class='ocr_carea' id='block_1_26' title="bbox 177 871 1801 909">
    <p class='ocr_par' dir='ltr' id='par_1_26' title="bbox 177 871 1801 909">
     <span class='ocr_line' id='line_1_26' title="bbox 177 871 1801 909; baseline 0.002 -12"><span class='ocrx_word' id='word_1_204' title='bbox 177 871 213 897; x_wconf 86' lang='lat' dir='ltr'><strong>iis</strong></span> <span class='ocrx_word' id='word_1_205' title='bbox 232 871 371 905; x_wconf 84' lang='lat' dir='ltr'><strong>accepisse</strong></span> <span class='ocrx_word' id='word_1_206' title='bbox 403 871 516 903; x_wconf 79' lang='lat' dir='ltr'><strong>fassa&quot;,</strong></span> <span class='ocrx_word' id='word_1_207' title='bbox 535 880 609 899; x_wconf 91' lang='lat' dir='ltr'><strong>nunc</strong></span> <span class='ocrx_word' id='word_1_208' title='bbox 624 873 739 900; x_wconf 90' lang='lat' dir='ltr'><strong>istorum</strong></span> <span class='ocrx_word' id='word_1_209' title='bbox 753 873 826 901; x_wconf 86' lang='lat' dir='ltr'><strong>velut</strong></span> <span class='ocrx_word' id='word_1_210' title='bbox 841 874 1012 901; x_wconf 89' lang='lat' dir='ltr'><strong>obliviscitur</strong></span> <span class='ocrx_word' id='word_1_211' title='bbox 1026 881 1080 901; x_wconf 86' lang='lat' dir='ltr'><strong>una</strong></span> <span class='ocrx_word' id='word_1_212' title='bbox 1091 881 1154 901; x_wconf 90' lang='lat' dir='ltr'><strong>cum</strong></span> <span class='ocrx_word' id='word_1_213' title='bbox 1167 873 1309 908; x_wconf 81' lang='lat' dir='ltr'><strong>magistris</strong></span> <span class='ocrx_word' id='word_1_214' title='bbox 1335 873 1510 909; x_wconf 85' lang='lat' dir='ltr'><strong>discipulum,</strong></span> <span class='ocrx_word' id='word_1_215' title='bbox 1537 873 1691 908; x_wconf 87' lang='lat' dir='ltr'><strong>opprobriis</strong></span> <span class='ocrx_word' id='word_1_216' title='bbox 1715 874 1801 901; x_wconf 88' lang='lat' dir='ltr'><strong>obno-</strong></span> 
     </span>
    </p>
   </div>
   <div class='ocr_carea' id='block_1_27' title="bbox 175 917 666 947">
    <p class='ocr_par' dir='ltr' id='par_1_27' title="bbox 175 917 666 947">
     <span class='ocr_line' id='line_1_27' title="bbox 175 917 666 947; baseline 0.004 -3"><span class='ocrx_word' id='word_1_217' title='bbox 175 917 252 944; x_wconf 79' lang='lat' dir='ltr'><strong>xium</strong></span> <span class='ocrx_word' id='word_1_218' title='bbox 269 925 329 944; x_wconf 87' lang='lat' dir='ltr'><strong>sese</strong></span> <span class='ocrx_word' id='word_1_219' title='bbox 341 917 455 945; x_wconf 86' lang='lat' dir='ltr'><strong>reddere</strong></span> <span class='ocrx_word' id='word_1_220' title='bbox 470 926 524 944; x_wconf 89' lang='lat' dir='ltr'><strong>non</strong></span> <span class='ocrx_word' id='word_1_221' title='bbox 536 919 666 947; x_wconf 86' lang='lat' dir='ltr'><strong>sentiens.</strong></span> 
     </span>
    </p>
   </div>
   <div class='ocr_carea' id='block_1_28' title="bbox 429 976 1244 1016">
    <p class='ocr_par' dir='ltr' id='par_1_28' title="bbox 429 977 1003 1016">
     <span class='ocr_line' id='line_1_28' title="bbox 429 977 1003 1016; baseline 0.009 -14"><span class='ocrx_word' id='word_1_222' title='bbox 429 977 627 1004; x_wconf 74' lang='grc' dir='ltr'><strong>ΚΕΦΛΛΑΙΟΝ</strong></span> <span class='ocrx_word' id='word_1_223' title='bbox 653 978 713 1005; x_wconf 89' lang='lat' dir='ltr'><strong>AB&#39;.</strong></span> <span class='ocrx_word' id='word_1_224' title='bbox 982 989 1003 1016; x_wconf 71' lang='grc' dir='ltr'>Β</span> 
     </span>
    </p>
   </div>
   <div class='ocr_carea' id='block_1_29' title="bbox 711 976 1526 1016">
    <p class='ocr_par' dir='ltr' id='par_1_29' title="bbox 711 976 1526 1016">
     <span class='ocr_line' id='line_1_29' title="bbox 711 976 1526 1016; baseline -0.001 -11"><span class='ocrx_word' id='word_1_225' title='bbox 711 999 713 1005; x_wconf 74' lang='grc'><strong>,</strong></span> <span class='ocrx_word' id='word_1_226' title='bbox 982 989 1003 1016; x_wconf 69' lang='grc' dir='ltr'>Β</span> <span class='ocrx_word' id='word_1_227' title='bbox 1292 976 1407 1004; x_wconf 85' lang='lat' dir='ltr'><strong>CAPUT</strong></span> <span class='ocrx_word' id='word_1_228' title='bbox 1421 976 1526 1004; x_wconf 77' lang='lat' dir='ltr'><strong>xxxu.</strong></span> 
     </span>
    </p>
   </div>
   <div class='ocr_carea' id='block_1_30' title="bbox 218 1022 1033 1060">
    <p class='ocr_par' dir='ltr' id='par_1_30' title="bbox 218 1022 966 1059">
     <span class='ocr_line' id='line_1_30' title="bbox 218 1022 966 1059; baseline 0.005 -11"><span class='ocrx_word' id='word_1_229' title='bbox 218 1022 337 1054; x_wconf 73' lang='lat' dir='ltr'><strong>&#39;Yrro6a&#39;t;</strong></span> <span class='ocrx_word' id='word_1_230' title='bbox 354 1022 375 1048; x_wconf 73' lang='grc' dir='ltr'><strong>δ’</strong></span> <span class='ocrx_word' id='word_1_231' title='bbox 390 1023 418 1048; x_wconf 84' lang='grc' dir='ltr'>ὲν</span> <span class='ocrx_word' id='word_1_232' title='bbox 434 1024 466 1058; x_wconf 81' lang='grc' dir='ltr'>τῇ</span> <span class='ocrx_word' id='word_1_233' title='bbox 482 1025 585 1059; x_wconf 74' lang='grc' dir='ltr'>γραφῇ,</span> <span class='ocrx_word' id='word_1_234' title='bbox 605 1023 723 1059; x_wconf 78' lang='grc' dir='ltr'>αὐλητὴν</span> <span class='ocrx_word' id='word_1_235' title='bbox 738 1024 902 1057; x_wconf 81' lang='grc' dir='ltr'>ὑποτίθεται,</span> <span class='ocrx_word' id='word_1_236' title='bbox 919 1025 966 1052; x_wconf 68' lang='grc' dir='ltr'><strong>καὶ</strong></span> 
     </span>
    </p>
   </div>
   <div class='ocr_carea' id='block_1_31' title="bbox 987 1022 1802 1060">
    <p class='ocr_par' dir='ltr' id='par_1_31' title="bbox 1052 1023 1802 1060">
     <span class='ocr_line' id='line_1_31' title="bbox 1052 1023 1802 1060; baseline 0 -9"><span class='ocrx_word' id='word_1_237' title='bbox 1052 1024 1119 1051; x_wconf 81' lang='lat' dir='ltr'><strong>Dum</strong></span> <span class='ocrx_word' id='word_1_238' title='bbox 1133 1024 1221 1060; x_wconf 79' lang='lat' dir='ltr'><strong>pergit</strong></span> <span class='ocrx_word' id='word_1_239' title='bbox 1230 1032 1294 1051; x_wconf 87' lang='lat' dir='ltr'><strong>vero</strong></span> <span class='ocrx_word' id='word_1_240' title='bbox 1303 1024 1434 1055; x_wconf 87' lang='lat' dir='ltr'><strong>scribere,</strong></span> <span class='ocrx_word' id='word_1_241' title='bbox 1451 1023 1590 1050; x_wconf 87' lang='lat' dir='ltr'><strong>tibicinem</strong></span> <span class='ocrx_word' id='word_1_242' title='bbox 1598 1023 1743 1058; x_wconf 85' lang='lat' dir='ltr'><strong>quemdam</strong></span> <span class='ocrx_word' id='word_1_243' title='bbox 1760 1024 1802 1051; x_wconf 75' lang='lat' dir='ltr'><strong>in-</strong></span> 
     </span>
    </p>
   </div>
   <div class='ocr_carea' id='block_1_32' title="bbox 173 1066 988 1106">
    <p class='ocr_par' dir='ltr' id='par_1_32' title="bbox 173 1067 967 1106">
     <span class='ocr_line' id='line_1_32' title="bbox 173 1067 967 1106; baseline 0.004 -12"><span class='ocrx_word' id='word_1_244' title='bbox 173 1067 222 1094; x_wconf 73' lang='grc' dir='ltr'>’τὺν</span> <span class='ocrx_word' id='word_1_245' title='bbox 242 1069 428 1100; x_wconf 79' lang='grc' dir='ltr'>Ἀπολλώνιον,</span> <span class='ocrx_word' id='word_1_246' title='bbox 453 1069 546 1105; x_wconf 78' lang='grc' dir='ltr'>ὥσπερ</span> <span class='ocrx_word' id='word_1_247' title='bbox 568 1069 640 1101; x_wconf 76' lang='grc' dir='ltr'>τινος</span> <span class='ocrx_word' id='word_1_248' title='bbox 662 1069 745 1106; x_wconf 73' lang='grc' dir='ltr'>οὔσης</span> <span class='ocrx_word' id='word_1_249' title='bbox 768 1070 900 1106; x_wconf 80' lang='grc' dir='ltr'><strong>μεγίστης</strong></span> <span class='ocrx_word' id='word_1_250' title='bbox 920 1071 967 1097; x_wconf 79' lang='grc' dir='ltr'><strong>καὶ</strong></span> 
     </span>
    </p>
   </div>
   <div class='ocr_carea' id='block_1_33' title="bbox 986 1066 1801 1106">
    <p class='ocr_par' dir='ltr' id='par_1_33' title="bbox 1017 1066 1801 1106">
     <span class='ocr_line' id='line_1_33' title="bbox 1017 1066 1801 1106; baseline -0.001 -8"><span class='ocrx_word' id='word_1_251' title='bbox 1017 1071 1118 1098; x_wconf 67' lang='lat' dir='ltr'><strong>ducit“</strong></span> <span class='ocrx_word' id='word_1_252' title='bbox 1128 1081 1135 1098; x_wconf 83' lang='lat'>:</span> <span class='ocrx_word' id='word_1_253' title='bbox 1144 1071 1315 1106; x_wconf 83' lang='lat' dir='ltr'><strong>Apollonium</strong></span> <span class='ocrx_word' id='word_1_254' title='bbox 1324 1075 1414 1097; x_wconf 83' lang='lat' dir='ltr'><strong>autem</strong></span> <span class='ocrx_word' id='word_1_255' title='bbox 1424 1070 1502 1105; x_wconf 88' lang='lat' dir='ltr'><strong>quasi</strong></span> <span class='ocrx_word' id='word_1_256' title='bbox 1511 1069 1629 1097; x_wconf 79' lang='lat' dir='ltr'><strong>maxima</strong></span> <span class='ocrx_word' id='word_1_257' title='bbox 1636 1069 1680 1097; x_wconf 84' lang='lat' dir='ltr'><strong>illa</strong></span> <span class='ocrx_word' id='word_1_258' title='bbox 1688 1066 1767 1102; x_wconf 76' lang='lat'><strong>532</strong></span> <span class='ocrx_word' id='word_1_259' title='bbox 1776 1074 1801 1097; x_wconf 87' lang='lat' dir='ltr'><strong>et</strong></span> 
     </span>
    </p>
   </div>
   <div class='ocr_carea' id='block_1_34' title="bbox 176 1114 991 1152">
    <p class='ocr_par' dir='ltr' id='par_1_34' title="bbox 176 1114 966 1151">
     <span class='ocr_line' id='line_1_34' title="bbox 176 1114 966 1151; baseline 0.004 -12"><span class='ocrx_word' id='word_1_260' title='bbox 176 1115 337 1149; x_wconf 55' lang='grc' dir='ltr'>σοφωτάτης</span> <span class='ocrx_word' id='word_1_261' title='bbox 347 1115 509 1150; x_wconf 76' lang='grc' dir='ltr'>ἐπιστήμης,</span> <span class='ocrx_word' id='word_1_262' title='bbox 522 1114 638 1150; x_wconf 74' lang='grc' dir='ltr'>τρόπους</span> <span class='ocrx_word' id='word_1_263' title='bbox 650 1115 788 1150; x_wconf 74' lang='grc' dir='ltr'><strong>αὐλήσεως</strong></span> <span class='ocrx_word' id='word_1_264' title='bbox 800 1116 871 1151; x_wconf 77' lang='grc' dir='ltr'>μάλα</span> <span class='ocrx_word' id='word_1_265' title='bbox 884 1125 966 1142; x_wconf 75' lang='grc' dir='ltr'>σπου-</span> 
     </span>
    </p>
   </div>
   <div class='ocr_carea' id='block_1_35' title="bbox 985 1114 1800 1152">
    <p class='ocr_par' dir='ltr' id='par_1_35' title="bbox 1017 1115 1800 1152">
     <span class='ocr_line' id='line_1_35' title="bbox 1017 1115 1800 1152; baseline -0.003 -8"><span class='ocrx_word' id='word_1_266' title='bbox 1017 1116 1225 1152; x_wconf 65' lang='lat' dir='ltr'><strong>praaclarissima</strong></span> <span class='ocrx_word' id='word_1_267' title='bbox 1238 1116 1351 1143; x_wconf 83' lang='lat' dir='ltr'><strong>scientia</strong></span> <span class='ocrx_word' id='word_1_268' title='bbox 1367 1120 1451 1148; x_wconf 86' lang='lat' dir='ltr'><strong>esset,</strong></span> <span class='ocrx_word' id='word_1_269' title='bbox 1467 1116 1564 1144; x_wconf 90' lang='lat' dir='ltr'><strong>modos</strong></span> <span class='ocrx_word' id='word_1_270' title='bbox 1579 1116 1652 1143; x_wconf 56' lang='lat' dir='ltr'><strong>tibia),</strong></span> <span class='ocrx_word' id='word_1_271' title='bbox 1665 1115 1800 1146; x_wconf 60' lang='lat' dir='ltr'><strong>inﬂandm.</strong></span> 
     </span>
    </p>
   </div>
   <div class='ocr_carea' id='block_1_36' title="bbox 173 1157 988 1198">
    <p class='ocr_par' dir='ltr' id='par_1_36' title="bbox 173 1157 965 1196">
     <span class='ocr_line' id='line_1_36' title="bbox 173 1157 965 1196; baseline 0.004 -12"><span class='ocrx_word' id='word_1_272' title='bbox 173 1157 259 1190; x_wconf 77' lang='grc' dir='ltr'>δαίως</span> <span class='ocrx_word' id='word_1_273' title='bbox 275 1161 388 1195; x_wconf 80' lang='grc' dir='ltr'>μακροῖς</span> <span class='ocrx_word' id='word_1_274' title='bbox 409 1161 464 1191; x_wconf 81' lang='grc' dir='ltr'>τοῖς</span> <span class='ocrx_word' id='word_1_275' title='bbox 486 1160 650 1195; x_wconf 79' lang='grc' dir='ltr'><strong>διηγήμασιν</strong></span> <span class='ocrx_word' id='word_1_276' title='bbox 669 1160 776 1196; x_wconf 77' lang='grc' dir='ltr'>εἴροντα</span> <span class='ocrx_word' id='word_1_277' title='bbox 790 1160 965 1196; x_wconf 78' lang='grc' dir='ltr'>διεξέρχεται.</span> 
     </span>
    </p>
   </div>
   <div class='ocr_carea' id='block_1_37' title="bbox 988 1157 1803 1198">
    <p class='ocr_par' dir='ltr' id='par_1_37' title="bbox 1018 1162 1803 1198">
     <span class='ocr_line' id='line_1_37' title="bbox 1018 1162 1803 1198; baseline 0 -9"><span class='ocrx_word' id='word_1_278' title='bbox 1018 1170 1116 1198; x_wconf 73' lang='lat' dir='ltr'><strong>magno</strong></span> <span class='ocrx_word' id='word_1_279' title='bbox 1134 1163 1236 1195; x_wconf 85' lang='lat' dir='ltr'><strong>studio,</strong></span> <span class='ocrx_word' id='word_1_280' title='bbox 1252 1162 1359 1198; x_wconf 81' lang='lat' dir='ltr'><strong>prolixo</strong></span> <span class='ocrx_word' id='word_1_281' title='bbox 1383 1162 1521 1196; x_wconf 85' lang='lat' dir='ltr'><strong>discursu,</strong></span> <span class='ocrx_word' id='word_1_282' title='bbox 1545 1166 1719 1197; x_wconf 90' lang='lat' dir='ltr'><strong>prosecutum</strong></span> <span class='ocrx_word' id='word_1_283' title='bbox 1739 1170 1803 1189; x_wconf 86' lang='lat' dir='ltr'><strong>nar-</strong></span> 
     </span>
    </p>
   </div>
   <div class='ocr_carea' id='block_1_38' title="bbox 174 1204 989 1244">
    <p class='ocr_par' dir='ltr' id='par_1_38' title="bbox 174 1204 968 1244">
     <span class='ocr_line' id='line_1_38' title="bbox 174 1204 968 1244; baseline 0.001 -12"><span class='ocrx_word' id='word_1_284' title='bbox 174 1206 232 1232; x_wconf 74' lang='grc' dir='ltr'>Καὶ</span> <span class='ocrx_word' id='word_1_285' title='bbox 245 1206 431 1242; x_wconf 75' lang='grc' dir='ltr'>αὐτοκράτορα</span> <span class='ocrx_word' id='word_1_286' title='bbox 447 1207 659 1239; x_wconf 74' lang='grc' dir='ltr'>Οὐεσπασιανὸν,</span> <span class='ocrx_word' id='word_1_287' title='bbox 676 1204 719 1233; x_wconf 74' lang='grc' dir='ltr'>οἷα</span> <span class='ocrx_word' id='word_1_288' title='bbox 735 1207 767 1242; x_wconf 79' lang='grc' dir='ltr'><strong>δὴ</strong></span> <span class='ocrx_word' id='word_1_289' title='bbox 782 1207 840 1242; x_wconf 79' lang='grc' dir='ltr'>Θεῷ</span> <span class='ocrx_word' id='word_1_290' title='bbox 853 1207 968 1244; x_wconf 80' lang='grc' dir='ltr'>προσεύ-</span> 
     </span>
    </p>
   </div>
   <div class='ocr_carea' id='block_1_39' title="bbox 986 1204 1801 1244">
    <p class='ocr_par' dir='ltr' id='par_1_39' title="bbox 1018 1207 1801 1244">
     <span class='ocr_line' id='line_1_39' title="bbox 1018 1207 1801 1244; baseline -0.003 -8"><span class='ocrx_word' id='word_1_291' title='bbox 1018 1213 1070 1236; x_wconf 90' lang='lat' dir='ltr'><strong>rat.</strong></span> <span class='ocrx_word' id='word_1_292' title='bbox 1087 1208 1285 1244; x_wconf 81' lang='lat' dir='ltr'><strong>Vespasianum</strong></span> <span class='ocrx_word' id='word_1_293' title='bbox 1296 1216 1377 1244; x_wconf 90' lang='lat' dir='ltr'><strong>porro</strong></span> <span class='ocrx_word' id='word_1_294' title='bbox 1392 1209 1585 1243; x_wconf 83' lang='lat' dir='ltr'><strong>imperatorem</strong></span> <span class='ocrx_word' id='word_1_295' title='bbox 1601 1209 1636 1239; x_wconf 88' lang='lat' dir='ltr'><strong>ei,</strong></span> <span class='ocrx_word' id='word_1_296' title='bbox 1646 1209 1725 1244; x_wconf 87' lang='lat' dir='ltr'><strong>quasi</strong></span> <span class='ocrx_word' id='word_1_297' title='bbox 1736 1207 1801 1240; x_wconf 86' lang='lat' dir='ltr'><strong>Deo,</strong></span> 
     </span>
    </p>
   </div>
   <div class='ocr_carea' id='block_1_40' title="bbox 175 1251 990 1289">
    <p class='ocr_par' dir='ltr' id='par_1_40' title="bbox 175 1251 968 1289">
     <span class='ocr_line' id='line_1_40' title="bbox 175 1251 968 1289; baseline 0.004 -12"><span class='ocrx_word' id='word_1_298' title='bbox 175 1251 274 1284; x_wconf 70' lang='grc' dir='ltr'>ξασθαι</span> <span class='ocrx_word' id='word_1_299' title='bbox 290 1252 364 1287; x_wconf 77' lang='grc' dir='ltr'>αὐτῷ</span> <span class='ocrx_word' id='word_1_300' title='bbox 382 1253 491 1288; x_wconf 81' lang='grc' dir='ltr'>ἱστορεῖ·</span> <span class='ocrx_word' id='word_1_301' title='bbox 508 1253 554 1279; x_wconf 72' lang='grc' dir='ltr'>καὶ</span> <span class='ocrx_word' id='word_1_302' title='bbox 572 1253 618 1279; x_wconf 79' lang='grc' dir='ltr'>τὸν</span> <span class='ocrx_word' id='word_1_303' title='bbox 639 1253 697 1288; x_wconf 72' lang='grc' dir='ltr'>μὲν,</span> <span class='ocrx_word' id='word_1_304' title='bbox 713 1253 749 1284; x_wconf 84' lang='grc' dir='ltr'>ὡς</span> <span class='ocrx_word' id='word_1_305' title='bbox 768 1254 845 1289; x_wconf 81' lang='grc' dir='ltr'>εὐχῇ,</span> <span class='ocrx_word' id='word_1_306' title='bbox 860 1253 968 1289; x_wconf 78' lang='grc' dir='ltr'>εἰρηκὲ-</span> 
     </span>
    </p>
   </div>
   <div class='ocr_carea' id='block_1_41' title="bbox 989 1251 1804 1289">
    <p class='ocr_par' dir='ltr' id='par_1_41' title="bbox 1019 1252 1804 1288">
     <span class='ocr_line' id='line_1_41' title="bbox 1019 1252 1804 1288; baseline 0 -8"><span class='ocrx_word' id='word_1_307' title='bbox 1019 1253 1168 1288; x_wconf 84' lang='lat' dir='ltr'><strong>supplicem</strong></span> <span class='ocrx_word' id='word_1_308' title='bbox 1183 1252 1284 1280; x_wconf 83' lang='lat' dir='ltr'><strong>factum</strong></span> <span class='ocrx_word' id='word_1_309' title='bbox 1300 1253 1377 1279; x_wconf 70' lang='lat' dir='ltr'><strong>ait”.</strong></span> <span class='ocrx_word' id='word_1_310' title='bbox 1395 1252 1484 1287; x_wconf 84' lang='lat' dir='ltr'><strong>Atque</strong></span> <span class='ocrx_word' id='word_1_311' title='bbox 1498 1253 1586 1287; x_wconf 91' lang='lat' dir='ltr'><strong>ipsum</strong></span> <span class='ocrx_word' id='word_1_312' title='bbox 1604 1252 1725 1288; x_wconf 89' lang='lat' dir='ltr'><strong>quidem,</strong></span> <span class='ocrx_word' id='word_1_313' title='bbox 1743 1261 1804 1288; x_wconf 85' lang='lat' dir='ltr'><strong>sup-</strong></span> 
     </span>
    </p>
   </div>
   <div class='ocr_carea' id='block_1_42' title="bbox 174 1297 989 1334">
    <p class='ocr_par' dir='ltr' id='par_1_42' title="bbox 174 1298 966 1334">
     <span class='ocr_line' id='line_1_42' title="bbox 174 1298 966 1334; baseline 0.003 -10"><span class='ocrx_word' id='word_1_314' title='bbox 174 1307 221 1324; x_wconf 77' lang='grc' dir='ltr'><strong>ναι</strong></span> <span class='ocrx_word' id='word_1_315' title='bbox 237 1298 302 1333; x_wconf 69' lang='grc'><strong>(57)·</strong></span> <span class='ocrx_word' id='word_1_316' title='bbox 324 1308 332 1323; x_wconf 84' lang='grc' dir='ltr'><strong>ι</strong></span> <span class='ocrx_word' id='word_1_317' title='bbox 355 1298 470 1334; x_wconf 72' lang='grc' dir='ltr'>Ποίησον</span> <span class='ocrx_word' id='word_1_318' title='bbox 488 1308 520 1334; x_wconf 81' lang='grc' dir='ltr'><strong>με</strong></span> <span class='ocrx_word' id='word_1_319' title='bbox 538 1299 659 1334; x_wconf 79' lang='grc' dir='ltr'>βασιλέα·</span> <span class='ocrx_word' id='word_1_320' title='bbox 684 1309 692 1325; x_wconf 79' lang='grc' dir='ltr'><strong>ι</strong></span> <span class='ocrx_word' id='word_1_321' title='bbox 715 1299 760 1325; x_wconf 72' lang='grc' dir='ltr'>τὸν</span> <span class='ocrx_word' id='word_1_322' title='bbox 776 1299 804 1326; x_wconf 79' lang='grc' dir='ltr'><strong>δὲ</strong></span> <span class='ocrx_word' id='word_1_323' title='bbox 819 1299 966 1334; x_wconf 77' lang='grc' dir='ltr'>ἀποκρίνα-</span> 
     </span>
    </p>
   </div>
   <div class='ocr_carea' id='block_1_43' title="bbox 986 1297 1801 1334">
    <p class='ocr_par' dir='ltr' id='par_1_43' title="bbox 1019 1297 1801 1334">
     <span class='ocr_line' id='line_1_43' title="bbox 1019 1297 1801 1334; baseline 0.003 -9"><span class='ocrx_word' id='word_1_324' title='bbox 1019 1299 1147 1334; x_wconf 86' lang='lat' dir='ltr'><strong>plicantis</strong></span> <span class='ocrx_word' id='word_1_325' title='bbox 1157 1306 1243 1331; x_wconf 84' lang='lat' dir='ltr'><strong>more,</strong></span> <span class='ocrx_word' id='word_1_326' title='bbox 1262 1308 1271 1324; x_wconf 77' lang='grc' dir='ltr'><strong>ι</strong></span> <span class='ocrx_word' id='word_1_327' title='bbox 1291 1297 1484 1334; x_wconf 84' lang='lat' dir='ltr'><strong>Imperatorem</strong></span> <span class='ocrx_word' id='word_1_328' title='bbox 1499 1306 1543 1325; x_wconf 85' lang='lat' dir='ltr'><strong>me</strong></span> <span class='ocrx_word' id='word_1_329' title='bbox 1557 1298 1649 1331; x_wconf 80' lang='lat' dir='ltr'><strong>facito,</strong></span> <span class='ocrx_word' id='word_1_330' title='bbox 1667 1307 1676 1324; x_wconf 84' lang='lat'><strong>)</strong></span> <span class='ocrx_word' id='word_1_331' title='bbox 1689 1297 1801 1327; x_wconf 80' lang='lat' dir='ltr'><strong>dixisse.</strong></span> 
     </span>
    </p>
   </div>
   <div class='ocr_carea' id='block_1_44' title="bbox 176 1344 991 1382">
    <p class='ocr_par' dir='ltr' id='par_1_44' title="bbox 176 1344 968 1382">
     <span class='ocr_line' id='line_1_44' title="bbox 176 1344 968 1382; baseline 0.003 -12"><span class='ocrx_word' id='word_1_332' title='bbox 176 1344 250 1371; x_wconf 76' lang='grc' dir='ltr'>σθαι·</span> <span class='ocrx_word' id='word_1_333' title='bbox 268 1354 277 1369; x_wconf 75' lang='grc' dir='ltr'><strong>ι</strong></span> <span class='ocrx_word' id='word_1_334' title='bbox 297 1345 436 1380; x_wconf 80' lang='grc' dir='ltr'>Ἐποίησα.</span> <span class='ocrx_word' id='word_1_335' title='bbox 449 1355 458 1370; x_wconf 75' lang='grc' dir='ltr'><strong>ι</strong></span> <span class='ocrx_word' id='word_1_336' title='bbox 474 1346 528 1372; x_wconf 70' lang='grc' dir='ltr'>Καὶ</span> <span class='ocrx_word' id='word_1_337' title='bbox 543 1345 584 1377; x_wconf 80' lang='grc' dir='ltr'><strong>τίς</strong></span> <span class='ocrx_word' id='word_1_338' title='bbox 599 1346 647 1372; x_wconf 79' lang='grc' dir='ltr'>οὐκ</span> <span class='ocrx_word' id='word_1_339' title='bbox 659 1345 690 1372; x_wconf 86' lang='grc' dir='ltr'><strong>ἂν</strong></span> <span class='ocrx_word' id='word_1_340' title='bbox 703 1347 842 1382; x_wconf 77' lang='grc' dir='ltr'>μισήσειεν</span> <span class='ocrx_word' id='word_1_341' title='bbox 850 1345 968 1380; x_wconf 70' lang='grc' dir='ltr'>εὐλόγως</span> 
     </span>
    </p>
   </div>
   <div class='ocr_carea' id='block_1_45' title="bbox 987 1344 1802 1382">
    <p class='ocr_par' dir='ltr' id='par_1_45' title="bbox 1020 1344 1802 1380">
     <span class='ocr_line' id='line_1_45' title="bbox 1020 1344 1802 1380; baseline 0.003 -9"><span class='ocrx_word' id='word_1_342' title='bbox 1020 1344 1163 1380; x_wconf 86' lang='lat' dir='ltr'><strong>Iluncque,</strong></span> <span class='ocrx_word' id='word_1_343' title='bbox 1180 1354 1189 1371; x_wconf 78' lang='grc' dir='ltr'><strong>ι</strong></span> <span class='ocrx_word' id='word_1_344' title='bbox 1207 1345 1266 1372; x_wconf 87' lang='lat' dir='ltr'><strong>Jam</strong></span> <span class='ocrx_word' id='word_1_345' title='bbox 1280 1345 1342 1376; x_wconf 82' lang='lat' dir='ltr'><strong>feci,</strong></span> <span class='ocrx_word' id='word_1_346' title='bbox 1362 1355 1371 1370; x_wconf 77' lang='grc' dir='ltr'><strong>ι</strong></span> <span class='ocrx_word' id='word_1_347' title='bbox 1385 1344 1570 1380; x_wconf 86' lang='lat' dir='ltr'><strong>respondisse.</strong></span> <span class='ocrx_word' id='word_1_348' title='bbox 1591 1346 1657 1378; x_wconf 84' lang='lat' dir='ltr'><strong>Quis</strong></span> <span class='ocrx_word' id='word_1_349' title='bbox 1672 1353 1737 1373; x_wconf 90' lang='lat' dir='ltr'><strong>vero</strong></span> <span class='ocrx_word' id='word_1_350' title='bbox 1749 1354 1802 1373; x_wconf 89' lang='lat' dir='ltr'><strong>non</strong></span> 
     </span>
    </p>
   </div>
   <div class='ocr_carea' id='block_1_46' title="bbox 174 1389 989 1427">
    <p class='ocr_par' dir='ltr' id='par_1_46' title="bbox 174 1389 969 1427">
     <span class='ocr_line' id='line_1_46' title="bbox 174 1389 969 1427; baseline 0.003 -11"><span class='ocrx_word' id='word_1_351' title='bbox 174 1391 227 1426; x_wconf 79' lang='grc' dir='ltr'>τῆς</span> <span class='ocrx_word' id='word_1_352' title='bbox 241 1389 398 1422; x_wconf 76' lang='grc' dir='ltr'>ἀλαζονείας</span> <span class='ocrx_word' id='word_1_353' title='bbox 410 1391 458 1426; x_wconf 78' lang='grc' dir='ltr'>τὴν</span> <span class='ocrx_word' id='word_1_354' title='bbox 471 1391 571 1427; x_wconf 75' lang='grc' dir='ltr'>φωνὴν,</span> <span class='ocrx_word' id='word_1_355' title='bbox 589 1392 687 1427; x_wconf 76' lang='grc' dir='ltr'>μανίας</span> <span class='ocrx_word' id='word_1_356' title='bbox 700 1391 730 1417; x_wconf 79' lang='grc' dir='ltr'><strong>τὸ</strong></span> <span class='ocrx_word' id='word_1_357' title='bbox 744 1391 828 1427; x_wconf 80' lang='grc' dir='ltr'>μηθὲν</span> <span class='ocrx_word' id='word_1_358' title='bbox 842 1391 969 1418; x_wconf 78' lang='grc' dir='ltr'>ἀποδέου-</span> 
     </span>
    </p>
   </div>
   <div class='ocr_carea' id='block_1_47' title="bbox 990 1389 1805 1427">
    <p class='ocr_par' dir='ltr' id='par_1_47' title="bbox 1019 1390 1805 1426">
     <span class='ocr_line' id='line_1_47' title="bbox 1019 1390 1805 1426; baseline 0 -8"><span class='ocrx_word' id='word_1_359' title='bbox 1019 1390 1082 1418; x_wconf 88' lang='lat' dir='ltr'><strong>odio</strong></span> <span class='ocrx_word' id='word_1_360' title='bbox 1098 1390 1196 1418; x_wconf 87' lang='lat' dir='ltr'><strong>habeat</strong></span> <span class='ocrx_word' id='word_1_361' title='bbox 1206 1391 1315 1424; x_wconf 88' lang='lat' dir='ltr'><strong>merito,</strong></span> <span class='ocrx_word' id='word_1_362' title='bbox 1332 1390 1484 1418; x_wconf 67' lang='lat' dir='ltr'><strong>insolentiae</strong></span> <span class='ocrx_word' id='word_1_363' title='bbox 1500 1392 1617 1426; x_wconf 83' lang='lat' dir='ltr'><strong>plenam,</strong></span> <span class='ocrx_word' id='word_1_364' title='bbox 1636 1391 1805 1426; x_wconf 80' lang='lat' dir='ltr'><strong>proximam-</strong></span> 
     </span>
    </p>
   </div>
   <div class='ocr_carea' id='block_1_48' title="bbox 176 1437 991 1474">
    <p class='ocr_par' dir='ltr' id='par_1_48' title="bbox 176 1437 969 1474">
     <span class='ocr_line' id='line_1_48' title="bbox 176 1437 969 1474; baseline 0.003 -12"><span class='ocrx_word' id='word_1_365' title='bbox 176 1445 238 1467; x_wconf 77' lang='grc' dir='ltr'>σαν,</span> <span class='ocrx_word' id='word_1_366' title='bbox 263 1437 306 1462; x_wconf 80' lang='grc' dir='ltr'>ὅτε</span> <span class='ocrx_word' id='word_1_367' title='bbox 331 1445 362 1470; x_wconf 87' lang='grc' dir='ltr'><strong>γε</strong></span> <span class='ocrx_word' id='word_1_368' title='bbox 383 1437 431 1472; x_wconf 71' lang='grc' dir='ltr'><strong>ἤδη</strong></span> <span class='ocrx_word' id='word_1_369' title='bbox 447 1437 528 1469; x_wconf 70' lang='grc' dir='ltr'>αὐτὸς</span> <span class='ocrx_word' id='word_1_370' title='bbox 543 1437 618 1469; x_wconf 68' lang='grc' dir='ltr'>Θεὸς,</span> <span class='ocrx_word' id='word_1_371' title='bbox 640 1437 686 1464; x_wconf 77' lang='grc' dir='ltr'><strong>καὶ</strong></span> <span class='ocrx_word' id='word_1_372' title='bbox 705 1437 836 1472; x_wconf 77' lang='grc' dir='ltr'>βασιλέων</span> <span class='ocrx_word' id='word_1_373' title='bbox 854 1438 969 1474; x_wconf 78' lang='grc' dir='ltr'>ποιητὴς</span> 
     </span>
    </p>
   </div>
   <div class='ocr_carea' id='block_1_49' title="bbox 988 1437 1803 1474">
    <p class='ocr_par' dir='ltr' id='par_1_49' title="bbox 1019 1437 1803 1473">
     <span class='ocr_line' id='line_1_49' title="bbox 1019 1437 1803 1473; baseline 0.001 -9"><span class='ocrx_word' id='word_1_374' title='bbox 1019 1445 1072 1473; x_wconf 88' lang='lat' dir='ltr'><strong>que</strong></span> <span class='ocrx_word' id='word_1_375' title='bbox 1090 1437 1203 1464; x_wconf 64' lang='lat' dir='ltr'><strong>insaniae</strong></span> <span class='ocrx_word' id='word_1_376' title='bbox 1224 1438 1338 1465; x_wconf 78' lang='lat' dir='ltr'><strong>vocem?</strong></span> <span class='ocrx_word' id='word_1_377' title='bbox 1352 1438 1460 1473; x_wconf 84' lang='lat' dir='ltr'><strong>quando</strong></span> <span class='ocrx_word' id='word_1_378' title='bbox 1474 1437 1531 1472; x_wconf 88' lang='lat' dir='ltr'><strong>jam</strong></span> <span class='ocrx_word' id='word_1_379' title='bbox 1547 1438 1637 1473; x_wconf 82' lang='lat' dir='ltr'><strong>ipsum</strong></span> <span class='ocrx_word' id='word_1_380' title='bbox 1657 1445 1686 1466; x_wconf 89' lang='lat' dir='ltr'><strong>se</strong></span> <span class='ocrx_word' id='word_1_381' title='bbox 1707 1437 1803 1470; x_wconf 84' lang='lat' dir='ltr'><strong>Deum,</strong></span> 
     </span>
    </p>
   </div>
   <div class='ocr_carea' id='block_1_50' title="bbox 175 1481 990 1521">
    <p class='ocr_par' dir='ltr' id='par_1_50' title="bbox 175 1481 967 1521">
     <span class='ocr_line' id='line_1_50' title="bbox 175 1481 967 1521; baseline -0.001 -11"><span class='ocrx_word' id='word_1_382' title='bbox 175 1481 248 1510; x_wconf 79' lang='grc' dir='ltr'>εἶναι</span> <span class='ocrx_word' id='word_1_383' title='bbox 260 1484 434 1519; x_wconf 80' lang='grc' dir='ltr'>φρυάττεται,</span> <span class='ocrx_word' id='word_1_384' title='bbox 449 1485 463 1510; x_wconf 75' lang='grc' dir='ltr'>ὁ</span> <span class='ocrx_word' id='word_1_385' title='bbox 479 1484 528 1519; x_wconf 83' lang='grc' dir='ltr'>τῆς</span> <span class='ocrx_word' id='word_1_386' title='bbox 541 1484 690 1518; x_wconf 77' lang='grc' dir='ltr'>Αἰγυπτίας</span> <span class='ocrx_word' id='word_1_387' title='bbox 703 1484 872 1521; x_wconf 78' lang='grc' dir='ltr'>κυδερνῄτης</span> <span class='ocrx_word' id='word_1_388' title='bbox 885 1484 967 1517; x_wconf 78' lang='grc' dir='ltr'>νεώς;</span> 
     </span>
    </p>
   </div>
   <div class='ocr_carea' id='block_1_51' title="bbox 987 1481 1802 1521">
    <p class='ocr_par' dir='ltr' id='par_1_51' title="bbox 1019 1483 1802 1520">
     <span class='ocr_line' id='line_1_51' title="bbox 1019 1483 1802 1520; baseline 0.001 -10"><span class='ocrx_word' id='word_1_389' title='bbox 1019 1487 1046 1511; x_wconf 88' lang='lat' dir='ltr'><strong>et</strong></span> <span class='ocrx_word' id='word_1_390' title='bbox 1066 1484 1245 1519; x_wconf 84' lang='lat' dir='ltr'><strong>imperatores</strong></span> <span class='ocrx_word' id='word_1_391' title='bbox 1267 1484 1378 1511; x_wconf 84' lang='lat' dir='ltr'><strong>creandi</strong></span> <span class='ocrx_word' id='word_1_392' title='bbox 1402 1487 1563 1520; x_wconf 85' lang='lat' dir='ltr'><strong>potestatem</strong></span> <span class='ocrx_word' id='word_1_393' title='bbox 1580 1484 1681 1512; x_wconf 86' lang='lat' dir='ltr'><strong>habere</strong></span> <span class='ocrx_word' id='word_1_394' title='bbox 1703 1483 1802 1516; x_wconf 79' lang='lat' dir='ltr'><strong>fremit.</strong></span> 
     </span>
    </p>
   </div>
   <div class='ocr_carea' id='block_1_52' title="bbox 175 1528 990 1565">
    <p class='ocr_par' dir='ltr' id='par_1_52' title="bbox 175 1528 968 1564">
     <span class='ocr_line' id='line_1_52' title="bbox 175 1528 968 1564; baseline 0 -9"><span class='ocrx_word' id='word_1_395' title='bbox 175 1529 263 1555; x_wconf 81' lang='grc' dir='ltr'>Τοῦτο</span> <span class='ocrx_word' id='word_1_396' title='bbox 273 1529 326 1564; x_wconf 74' lang='grc' dir='ltr'><strong>γὰρ</strong></span> <span class='ocrx_word' id='word_1_397' title='bbox 337 1529 417 1560; x_wconf 77' lang='grc' dir='ltr'>αὐτὸς</span> <span class='ocrx_word' id='word_1_398' title='bbox 432 1529 524 1555; x_wconf 76' lang='grc' dir='ltr'>ἑαυτὸν</span> <span class='ocrx_word' id='word_1_399' title='bbox 540 1530 554 1556; x_wconf 88' lang='grc' dir='ltr'>ὁ</span> <span class='ocrx_word' id='word_1_400' title='bbox 574 1528 751 1561; x_wconf 80' lang='grc' dir='ltr'>Ἀπολλώνιος</span> <span class='ocrx_word' id='word_1_401' title='bbox 769 1529 909 1564; x_wconf 76' lang='grc' dir='ltr'>γεγονέναι</span> <span class='ocrx_word' id='word_1_402' title='bbox 920 1529 968 1564; x_wconf 82' lang='grc' dir='ltr'><strong>τὴν</strong></span> 
     </span>
    </p>
   </div>
   <div class='ocr_carea' id='block_1_53' title="bbox 989 1528 1804 1565">
    <p class='ocr_par' dir='ltr' id='par_1_53' title="bbox 1020 1529 1804 1565">
     <span class='ocr_line' id='line_1_53' title="bbox 1020 1529 1804 1565; baseline 0 -9"><span class='ocrx_word' id='word_1_403' title='bbox 1020 1529 1098 1557; x_wconf 88' lang='lat' dir='ltr'><strong>navis</strong></span> <span class='ocrx_word' id='word_1_404' title='bbox 1111 1529 1244 1565; x_wconf 61' lang='lat' dir='ltr'><strong>{Egyptiaa</strong></span> <span class='ocrx_word' id='word_1_405' title='bbox 1261 1530 1326 1556; x_wconf 89' lang='lat' dir='ltr'><strong>olim</strong></span> <span class='ocrx_word' id='word_1_406' title='bbox 1347 1529 1563 1564; x_wconf 77' lang='lat' dir='ltr'><strong>gubernator“?</strong></span> <span class='ocrx_word' id='word_1_407' title='bbox 1578 1529 1670 1556; x_wconf 88' lang='lat' dir='ltr'><strong>Talem</strong></span> <span class='ocrx_word' id='word_1_408' title='bbox 1686 1529 1758 1557; x_wconf 88' lang='lat' dir='ltr'><strong>enim</strong></span> <span class='ocrx_word' id='word_1_409' title='bbox 1775 1537 1804 1557; x_wconf 85' lang='lat' dir='ltr'><strong>se</strong></span> 
     </span>
    </p>
   </div>
   <div class='ocr_carea' id='block_1_54' title="bbox 173 1574 988 1611">
    <p class='ocr_par' dir='ltr' id='par_1_54' title="bbox 173 1574 970 1611">
     <span class='ocr_line' id='line_1_54' title="bbox 173 1574 970 1611; baseline -0.001 -10"><span class='ocrx_word' id='word_1_410' title='bbox 173 1575 277 1611; x_wconf 75' lang='grc' dir='ltr'>ψυχὴν,</span> <span class='ocrx_word' id='word_1_411' title='bbox 295 1576 323 1601; x_wconf 82' lang='grc' dir='ltr'>ἐν</span> <span class='ocrx_word' id='word_1_412' title='bbox 337 1577 395 1607; x_wconf 75' lang='grc' dir='ltr'>ταῖς</span> <span class='ocrx_word' id='word_1_413' title='bbox 409 1575 476 1610; x_wconf 73' lang='grc' dir='ltr'>πρὸς</span> <span class='ocrx_word' id='word_1_414' title='bbox 495 1575 540 1602; x_wconf 72' lang='grc' dir='ltr'>τὸν</span> <span class='ocrx_word' id='word_1_415' title='bbox 566 1575 644 1601; x_wconf 73' lang='grc' dir='ltr'>Ἰνδὸν</span> <span class='ocrx_word' id='word_1_416' title='bbox 665 1575 783 1610; x_wconf 71' lang='grc' dir='ltr'>ὁμιλίαις</span> <span class='ocrx_word' id='word_1_417' title='bbox 799 1574 889 1610; x_wconf 82' lang='grc' dir='ltr'>μικρῷ</span> <span class='ocrx_word' id='word_1_418' title='bbox 904 1575 970 1610; x_wconf 71' lang='grc' dir='ltr'>πρύ-</span> 
     </span>
    </p>
   </div>
   <div class='ocr_carea' id='block_1_55' title="bbox 988 1574 1803 1611">
    <p class='ocr_par' dir='ltr' id='par_1_55' title="bbox 1021 1574 1803 1610">
     <span class='ocr_line' id='line_1_55' title="bbox 1021 1574 1803 1610; baseline 0.003 -9"><span class='ocrx_word' id='word_1_419' title='bbox 1021 1574 1116 1606; x_wconf 83' lang='lat' dir='ltr'><strong>fuisse,</strong></span> <span class='ocrx_word' id='word_1_420' title='bbox 1139 1582 1190 1610; x_wconf 89' lang='lat' dir='ltr'><strong>qua</strong></span> <span class='ocrx_word' id='word_1_421' title='bbox 1216 1575 1348 1606; x_wconf 84' lang='lat' dir='ltr'><strong>animum.</strong></span> <span class='ocrx_word' id='word_1_422' title='bbox 1372 1575 1430 1609; x_wconf 90' lang='lat' dir='ltr'><strong>ipse</strong></span> <span class='ocrx_word' id='word_1_423' title='bbox 1453 1574 1614 1610; x_wconf 87' lang='lat' dir='ltr'><strong>Apollonius</strong></span> <span class='ocrx_word' id='word_1_424' title='bbox 1637 1575 1665 1602; x_wconf 94' lang='lat' dir='ltr'><strong>in</strong></span> <span class='ocrx_word' id='word_1_425' title='bbox 1679 1582 1803 1603; x_wconf 81' lang='lat' dir='ltr'><strong>sermoue</strong></span> 
     </span>
    </p>
   </div>
   <div class='ocr_carea' id='block_1_56' title="bbox 175 1619 990 1657">
    <p class='ocr_par' dir='ltr' id='par_1_56' title="bbox 175 1620 475 1657">
     <span class='ocr_line' id='line_1_56' title="bbox 175 1620 475 1657; baseline 0 -10"><span class='ocrx_word' id='word_1_426' title='bbox 175 1620 242 1648; x_wconf 76' lang='grc' dir='ltr'>σθεν</span> <span class='ocrx_word' id='word_1_427' title='bbox 255 1622 321 1657; x_wconf 85' lang='grc' dir='ltr'>ἡμῖν</span> <span class='ocrx_word' id='word_1_428' title='bbox 333 1621 475 1656; x_wconf 78' lang='grc' dir='ltr'>δεδήλωκε.</span> 
     </span>
    </p>
   </div>
   <div class='ocr_carea' id='block_1_57' title="bbox 783 1619 1598 1657">
    <p class='ocr_par' dir='ltr' id='par_1_57' title="bbox 1020 1619 1598 1655">
     <span class='ocr_line' id='line_1_57' title="bbox 1020 1619 1598 1655; baseline -0.002 -7"><span class='ocrx_word' id='word_1_429' title='bbox 1020 1628 1082 1648; x_wconf 90' lang='lat' dir='ltr'><strong>cum</strong></span> <span class='ocrx_word' id='word_1_430' title='bbox 1100 1619 1166 1647; x_wconf 92' lang='lat' dir='ltr'><strong>Indo</strong></span> <span class='ocrx_word' id='word_1_431' title='bbox 1178 1620 1259 1655; x_wconf 86' lang='lat' dir='ltr'><strong>paulo</strong></span> <span class='ocrx_word' id='word_1_432' title='bbox 1273 1624 1337 1647; x_wconf 84' lang='lat' dir='ltr'><strong>ante</strong></span> <span class='ocrx_word' id='word_1_433' title='bbox 1357 1621 1435 1648; x_wconf 89' lang='lat' dir='ltr'><strong>nobis</strong></span> <span class='ocrx_word' id='word_1_434' title='bbox 1458 1620 1598 1648; x_wconf 89' lang='lat' dir='ltr'><strong>indicavit.</strong></span> 
     </span>
    </p>
   </div>
   <div class='ocr_carea' id='block_1_58' title="bbox 435 1668 1529 1704">
    <p class='ocr_par' dir='ltr' id='par_1_58' title="bbox 435 1668 1529 1704">
     <span class='ocr_line' id='line_1_58' title="bbox 435 1668 1529 1704; baseline -0.003 0"><span class='ocrx_word' id='word_1_435' title='bbox 435 1678 631 1704; x_wconf 69' lang='grc' dir='ltr'><strong>ΚΕΦΑΛΛΙΟΝ</strong></span> <span class='ocrx_word' id='word_1_436' title='bbox 656 1678 716 1704; x_wconf 76' lang='lat' dir='ltr'><strong>Al&quot;.</strong></span> <span class='ocrx_word' id='word_1_437' title='bbox 984 1668 1004 1695; x_wconf 75' lang='grc' dir='ltr'>ο</span> <span class='ocrx_word' id='word_1_438' title='bbox 1286 1675 1400 1703; x_wconf 77' lang='lat' dir='ltr'><strong>CAPUT</strong></span> <span class='ocrx_word' id='word_1_439' title='bbox 1419 1674 1529 1702; x_wconf 80' lang='lat' dir='ltr'><strong>XXXIII</strong></span> 
     </span>
    </p>
   </div>
   <div class='ocr_carea' id='block_1_59' title="bbox 213 1733 1028 1770">
    <p class='ocr_par' dir='ltr' id='par_1_59' title="bbox 213 1733 968 1770">
     <span class='ocr_line' id='line_1_59' title="bbox 213 1733 968 1770; baseline -0.001 -9"><span class='ocrx_word' id='word_1_440' title='bbox 213 1734 260 1769; x_wconf 89' lang='grc' dir='ltr'><strong>Τῷ</strong></span> <span class='ocrx_word' id='word_1_441' title='bbox 277 1734 298 1760; x_wconf 76' lang='grc' dir='ltr'><strong>δ’</strong></span> <span class='ocrx_word' id='word_1_442' title='bbox 313 1734 387 1770; x_wconf 78' lang='grc' dir='ltr'>αὐτῷ</span> <span class='ocrx_word' id='word_1_443' title='bbox 404 1734 526 1769; x_wconf 86' lang='grc' dir='ltr'>βασιλεῖ,</span> <span class='ocrx_word' id='word_1_444' title='bbox 551 1734 595 1766; x_wconf 85' lang='grc' dir='ltr'><strong>οὓς</strong></span> <span class='ocrx_word' id='word_1_445' title='bbox 614 1734 647 1761; x_wconf 85' lang='grc' dir='ltr'><strong>ἂν</strong></span> <span class='ocrx_word' id='word_1_446' title='bbox 661 1734 741 1766; x_wconf 73' lang='grc' dir='ltr'>αὐτὸς</span> <span class='ocrx_word' id='word_1_447' title='bbox 757 1734 896 1769; x_wconf 79' lang='grc' dir='ltr'>δοκιμάζοι</span> <span class='ocrx_word' id='word_1_448' title='bbox 913 1733 968 1760; x_wconf 81' lang='grc' dir='ltr'><strong>τῶν</strong></span> 
     </span>
    </p>
   </div>
   <div class='ocr_carea' id='block_1_60' title="bbox 988 1733 1803 1770">
    <p class='ocr_par' dir='ltr' id='par_1_60' title="bbox 1054 1733 1803 1769">
     <span class='ocr_line' id='line_1_60' title="bbox 1054 1733 1803 1769; baseline 0 -8"><span class='ocrx_word' id='word_1_449' title='bbox 1054 1733 1147 1762; x_wconf 84' lang='lat' dir='ltr'><strong>Eidem</strong></span> <span class='ocrx_word' id='word_1_450' title='bbox 1157 1734 1325 1769; x_wconf 82' lang='lat' dir='ltr'><strong>imperatori,</strong></span> <span class='ocrx_word' id='word_1_451' title='bbox 1341 1733 1431 1761; x_wconf 91' lang='lat' dir='ltr'><strong>utsibi</strong></span> <span class='ocrx_word' id='word_1_452' title='bbox 1447 1734 1579 1761; x_wconf 87' lang='lat' dir='ltr'><strong>indicaret</strong></span> <span class='ocrx_word' id='word_1_453' title='bbox 1591 1733 1706 1768; x_wconf 78' lang='lat' dir='ltr'><strong>roganti,</strong></span> <span class='ocrx_word' id='word_1_454' title='bbox 1719 1741 1803 1768; x_wconf 83' lang='lat' dir='ltr'><strong>quos-</strong></span> 
     </span>
    </p>
   </div>
   <div class='ocr_carea' id='block_1_61' title="bbox 175 1779 990 1816">
    <p class='ocr_par' dir='ltr' id='par_1_61' title="bbox 175 1780 968 1816">
     <span class='ocr_line' id='line_1_61' title="bbox 175 1780 968 1816; baseline -0.001 -9"><span class='ocrx_word' id='word_1_455' title='bbox 175 1781 330 1816; x_wconf 77' lang='grc' dir='ltr'>φιλοσόφων</span> <span class='ocrx_word' id='word_1_456' title='bbox 347 1780 515 1816; x_wconf 75' lang='grc' dir='ltr'>συμϐούλους</span> <span class='ocrx_word' id='word_1_457' title='bbox 531 1781 585 1807; x_wconf 82' lang='grc' dir='ltr'><strong>τῶν</strong></span> <span class='ocrx_word' id='word_1_458' title='bbox 601 1781 756 1816; x_wconf 79' lang='grc' dir='ltr'>πρακτέων,</span> <span class='ocrx_word' id='word_1_459' title='bbox 774 1780 906 1815; x_wconf 86' lang='grc' dir='ltr'>γνωρίσαι</span> <span class='ocrx_word' id='word_1_460' title='bbox 920 1780 968 1806; x_wconf 80' lang='grc' dir='ltr'><strong>αὺ-</strong></span> 
     </span>
    </p>
   </div>
   <div class='ocr_carea' id='block_1_62' title="bbox 988 1779 1803 1816">
    <p class='ocr_par' dir='ltr' id='par_1_62' title="bbox 1020 1779 1803 1816">
     <span class='ocr_line' id='line_1_62' title="bbox 1020 1779 1803 1816; baseline -0.003 -8"><span class='ocrx_word' id='word_1_461' title='bbox 1020 1788 1082 1809; x_wconf 82' lang='lat' dir='ltr'><strong>nam</strong></span> <span class='ocrx_word' id='word_1_462' title='bbox 1101 1780 1280 1816; x_wconf 86' lang='lat' dir='ltr'><strong>philosophos</strong></span> <span class='ocrx_word' id='word_1_463' title='bbox 1306 1779 1335 1807; x_wconf 92' lang='lat' dir='ltr'><strong>in</strong></span> <span class='ocrx_word' id='word_1_464' title='bbox 1350 1779 1494 1807; x_wconf 88' lang='lat' dir='ltr'><strong>consilium</strong></span> <span class='ocrx_word' id='word_1_465' title='bbox 1518 1787 1610 1807; x_wconf 91' lang='lat' dir='ltr'><strong>rerum</strong></span> <span class='ocrx_word' id='word_1_466' title='bbox 1624 1779 1803 1815; x_wconf 76' lang='lat' dir='ltr'><strong>gerendarum</strong></span> 
     </span>
    </p>
   </div>
   <div class='ocr_carea' id='block_1_63' title="bbox 173 1825 988 1862">
    <p class='ocr_par' dir='ltr' id='par_1_63' title="bbox 173 1825 968 1862">
     <span class='ocr_line' id='line_1_63' title="bbox 173 1825 968 1862; baseline 0 -10"><span class='ocrx_word' id='word_1_467' title='bbox 173 1826 217 1861; x_wconf 83' lang='grc' dir='ltr'><strong>τῷ</strong></span> <span class='ocrx_word' id='word_1_468' title='bbox 234 1827 362 1858; x_wconf 76' lang='grc' dir='ltr'>ἀξιοῦντι,</span> <span class='ocrx_word' id='word_1_469' title='bbox 384 1827 454 1853; x_wconf 85' lang='grc' dir='ltr'>κατὰ</span> <span class='ocrx_word' id='word_1_470' title='bbox 469 1826 541 1859; x_wconf 84' lang='grc' dir='ltr'>λέξιν</span> <span class='ocrx_word' id='word_1_471' title='bbox 557 1827 646 1862; x_wconf 83' lang='grc' dir='ltr'>φησίν·</span> <span class='ocrx_word' id='word_1_472' title='bbox 667 1836 676 1852; x_wconf 78' lang='grc' dir='ltr'><strong>ι</strong></span> <span class='ocrx_word' id='word_1_473' title='bbox 699 1825 808 1860; x_wconf 78' lang='grc' dir='ltr'>’Λγαθοὶ</span> <span class='ocrx_word' id='word_1_474' title='bbox 822 1826 850 1852; x_wconf 78' lang='grc' dir='ltr'><strong>δὲ</strong></span> <span class='ocrx_word' id='word_1_475' title='bbox 866 1825 968 1852; x_wconf 85' lang='grc' dir='ltr'>τούτων</span> 
     </span>
    </p>
   </div>
   <div class='ocr_carea' id='block_1_64' title="bbox 986 1825 1801 1862">
    <p class='ocr_par' dir='ltr' id='par_1_64' title="bbox 1020 1825 1801 1860">
     <span class='ocr_line' id='line_1_64' title="bbox 1020 1825 1801 1860; baseline -0.001 -7"><span class='ocrx_word' id='word_1_476' title='bbox 1020 1825 1190 1853; x_wconf 87' lang='lat' dir='ltr'><strong>adhibendos</strong></span> <span class='ocrx_word' id='word_1_477' title='bbox 1212 1826 1330 1854; x_wconf 80' lang='lat' dir='ltr'><strong>maxime</strong></span> <span class='ocrx_word' id='word_1_478' title='bbox 1353 1825 1503 1860; x_wconf 83' lang='lat' dir='ltr'><strong>probaret?</strong></span> <span class='ocrx_word' id='word_1_479' title='bbox 1521 1825 1558 1852; x_wconf 88' lang='lat' dir='ltr'><strong>ita</strong></span> <span class='ocrx_word' id='word_1_480' title='bbox 1573 1825 1607 1853; x_wconf 88' lang='lat' dir='ltr'><strong>ad</strong></span> <span class='ocrx_word' id='word_1_481' title='bbox 1627 1825 1740 1853; x_wconf 90' lang='lat' dir='ltr'><strong>verbum</strong></span> <span class='ocrx_word' id='word_1_482' title='bbox 1761 1833 1801 1852; x_wconf 86' lang='lat' dir='ltr'><strong>re-</strong></span> 
     </span>
    </p>
   </div>
   <div class='ocr_carea' id='block_1_65' title="bbox 175 1868 990 1908">
    <p class='ocr_par' dir='ltr' id='par_1_65' title="bbox 175 1868 968 1908">
     <span class='ocr_line' id='line_1_65' title="bbox 175 1868 968 1908; baseline 0 -10"><span class='ocrx_word' id='word_1_483' title='bbox 175 1872 326 1907; x_wconf 74' lang='grc' dir='ltr'>σύμϐουλοι</span> <span class='ocrx_word' id='word_1_484' title='bbox 342 1868 389 1899; x_wconf 71' lang='grc' dir='ltr'>καὶ</span> <span class='ocrx_word' id='word_1_485' title='bbox 403 1873 457 1899; x_wconf 81' lang='grc' dir='ltr'>οἵδε</span> <span class='ocrx_word' id='word_1_486' title='bbox 475 1874 499 1899; x_wconf 76' lang='grc' dir='ltr'>οἱ</span> <span class='ocrx_word' id='word_1_487' title='bbox 518 1873 624 1908; x_wconf 75' lang='grc' dir='ltr'>ἄνδρες,</span> <span class='ocrx_word' id='word_1_488' title='bbox 643 1873 687 1900; x_wconf 78' lang='grc' dir='ltr'><strong>τὸν</strong></span> <span class='ocrx_word' id='word_1_489' title='bbox 705 1872 792 1899; x_wconf 78' lang='grc' dir='ltr'>Δίωνα</span> <span class='ocrx_word' id='word_1_490' title='bbox 804 1872 904 1905; x_wconf 81' lang='grc' dir='ltr'>δείξας,</span> <span class='ocrx_word' id='word_1_491' title='bbox 921 1872 968 1898; x_wconf 75' lang='grc' dir='ltr'><strong>καὶ</strong></span> 
     </span>
    </p>
   </div>
   <div class='ocr_carea' id='block_1_66' title="bbox 988 1868 1803 1908">
    <p class='ocr_par' dir='ltr' id='par_1_66' title="bbox 1020 1871 1803 1908">
     <span class='ocr_line' id='line_1_66' title="bbox 1020 1871 1803 1908; baseline 0 -8"><span class='ocrx_word' id='word_1_492' title='bbox 1020 1872 1135 1908; x_wconf 88' lang='lat' dir='ltr'><strong>spondet</strong></span> <span class='ocrx_word' id='word_1_493' title='bbox 1144 1873 1166 1888; x_wconf 82' lang='grc'><strong>⁸⁷</strong></span> <span class='ocrx_word' id='word_1_494' title='bbox 1183 1882 1190 1900; x_wconf 92' lang='lat'>:</span> <span class='ocrx_word' id='word_1_495' title='bbox 1210 1882 1219 1898; x_wconf 79' lang='grc' dir='ltr'><strong>ι</strong></span> <span class='ocrx_word' id='word_1_496' title='bbox 1235 1872 1302 1900; x_wconf 89' lang='lat' dir='ltr'><strong>Boni</strong></span> <span class='ocrx_word' id='word_1_497' title='bbox 1319 1872 1427 1899; x_wconf 90' lang='lat' dir='ltr'><strong>illarum</strong></span> <span class='ocrx_word' id='word_1_498' title='bbox 1442 1880 1532 1900; x_wconf 91' lang='lat' dir='ltr'><strong>rerum</strong></span> <span class='ocrx_word' id='word_1_499' title='bbox 1552 1871 1703 1900; x_wconf 85' lang='lat' dir='ltr'><strong>consiliarii</strong></span> <span class='ocrx_word' id='word_1_500' title='bbox 1718 1875 1745 1900; x_wconf 84' lang='lat' dir='ltr'><strong>et</strong></span> <span class='ocrx_word' id='word_1_501' title='bbox 1758 1872 1803 1900; x_wconf 88' lang='lat' dir='ltr'><strong>isti</strong></span> 
     </span>
    </p>
   </div>
   <div class='ocr_carea' id='block_1_67' title="bbox 174 1918 989 1954">
    <p class='ocr_par' dir='ltr' id='par_1_67' title="bbox 174 1918 962 1954">
     <span class='ocr_line' id='line_1_67' title="bbox 174 1918 962 1954; baseline -0.001 -10"><span class='ocrx_word' id='word_1_502' title='bbox 174 1918 224 1944; x_wconf 77' lang='grc' dir='ltr'><strong>τὸν</strong></span> <span class='ocrx_word' id='word_1_503' title='bbox 247 1918 402 1953; x_wconf 74' lang='grc' dir='ltr'><strong>Εὐφράτην,</strong></span> <span class='ocrx_word' id='word_1_504' title='bbox 428 1919 510 1954; x_wconf 88' lang='grc' dir='ltr'>μήπω</span> <span class='ocrx_word' id='word_1_505' title='bbox 528 1918 602 1953; x_wconf 75' lang='grc' dir='ltr'>αὐτῷ</span> <span class='ocrx_word' id='word_1_506' title='bbox 624 1919 652 1950; x_wconf 81' lang='grc' dir='ltr'><strong>ἐς</strong></span> <span class='ocrx_word' id='word_1_507' title='bbox 668 1918 800 1953; x_wconf 77' lang='grc' dir='ltr'>διαφορὰν</span> <span class='ocrx_word' id='word_1_508' title='bbox 821 1918 931 1953; x_wconf 75' lang='grc' dir='ltr'>ἥκοντα.</span> <span class='ocrx_word' id='word_1_509' title='bbox 954 1927 962 1943; x_wconf 79' lang='grc' dir='ltr'><strong>ι</strong></span> 
     </span>
    </p>
   </div>
   <div class='ocr_carea' id='block_1_68' title="bbox 988 1918 1803 1954">
    <p class='ocr_par' dir='ltr' id='par_1_68' title="bbox 1021 1918 1803 1953">
     <span class='ocr_line' id='line_1_68' title="bbox 1021 1918 1803 1953; baseline 0 -8"><span class='ocrx_word' id='word_1_510' title='bbox 1021 1922 1095 1950; x_wconf 85' lang='lat' dir='ltr'><strong>sunt,</strong></span> <span class='ocrx_word' id='word_1_511' title='bbox 1115 1918 1227 1946; x_wconf 88' lang='lat' dir='ltr'><strong>Dionem</strong></span> <span class='ocrx_word' id='word_1_512' title='bbox 1244 1918 1465 1953; x_wconf 86' lang='lat' dir='ltr'><strong>Euphratemque</strong></span> <span class='ocrx_word' id='word_1_513' title='bbox 1482 1926 1564 1945; x_wconf 84' lang='lat' dir='ltr'><strong>manu</strong></span> <span class='ocrx_word' id='word_1_514' title='bbox 1577 1921 1745 1951; x_wconf 87' lang='lat' dir='ltr'><strong>monstrans,</strong></span> <span class='ocrx_word' id='word_1_515' title='bbox 1760 1918 1803 1945; x_wconf 91' lang='lat' dir='ltr'><strong>cui</strong></span> 
     </span>
    </p>
   </div>
   <div class='ocr_carea' id='block_1_69' title="bbox 174 1962 989 2001">
    <p class='ocr_par' dir='ltr' id='par_1_69' title="bbox 174 1962 966 2001">
     <span class='ocr_line' id='line_1_69' title="bbox 174 1962 966 2001; baseline -0.015 0"><span class='ocrx_word' id='word_1_516' title='bbox 174 1963 234 2001; x_wconf 55' lang='lat' dir='ltr'><strong>Fel</strong></span> <span class='ocrx_word' id='word_1_517' title='bbox 263 1962 357 1995; x_wconf 64' lang='grc' dir='ltr'><strong>αὖθις·</strong></span> <span class='ocrx_word' id='word_1_518' title='bbox 388 1962 447 1990; x_wconf 71' lang='grc' dir='ltr'><strong>«Ὤ</strong></span> <span class='ocrx_word' id='word_1_519' title='bbox 472 1964 596 1999; x_wconf 84' lang='grc' dir='ltr'>βασιλεῦ,</span> <span class='ocrx_word' id='word_1_520' title='bbox 627 1963 717 1996; x_wconf 75' lang='grc' dir='ltr'>εἶπεν,</span> <span class='ocrx_word' id='word_1_521' title='bbox 744 1963 889 1999; x_wconf 72' lang='grc' dir='ltr'>Εὐφράτης</span> <span class='ocrx_word' id='word_1_522' title='bbox 918 1963 966 1989; x_wconf 77' lang='grc' dir='ltr'>καὶ</span> 
     </span>
    </p>
   </div>
   <div class='ocr_carea' id='block_1_70' title="bbox 986 1962 1801 2001">
    <p class='ocr_par' dir='ltr' id='par_1_70' title="bbox 1019 1962 1801 1991">
     <span class='ocr_line' id='line_1_70' title="bbox 1019 1962 1801 1991; baseline -0.001 -1"><span class='ocrx_word' id='word_1_523' title='bbox 1019 1964 1087 1990; x_wconf 91' lang='lat' dir='ltr'><strong>nihil</strong></span> <span class='ocrx_word' id='word_1_524' title='bbox 1097 1964 1186 1991; x_wconf 89' lang='lat' dir='ltr'><strong>adhuc</strong></span> <span class='ocrx_word' id='word_1_525' title='bbox 1193 1964 1257 1991; x_wconf 93' lang='lat' dir='ltr'><strong>dum</strong></span> <span class='ocrx_word' id='word_1_526' title='bbox 1269 1971 1330 1990; x_wconf 90' lang='lat' dir='ltr'><strong>cum</strong></span> <span class='ocrx_word' id='word_1_527' title='bbox 1343 1971 1376 1991; x_wconf 87' lang='lat' dir='ltr'><strong>eo</strong></span> <span class='ocrx_word' id='word_1_528' title='bbox 1386 1962 1777 1991; x_wconf 70' lang='lat' dir='ltr'><strong>contrmersiaaintercedebat.</strong></span> <span class='ocrx_word' id='word_1_529' title='bbox 1793 1973 1801 1989; x_wconf 89' lang='lat' dir='ltr'><strong>I</strong></span> 
     </span>
    </p>
   </div>
   <div class='ocr_carea' id='block_1_71' title="bbox 174 2008 989 2046">
    <p class='ocr_par' dir='ltr' id='par_1_71' title="bbox 174 2009 965 2046">
     <span class='ocr_line' id='line_1_71' title="bbox 174 2009 965 2046; baseline -0.001 -10"><span class='ocrx_word' id='word_1_530' title='bbox 174 2010 259 2041; x_wconf 84' lang='grc' dir='ltr'>Δίων,</span> <span class='ocrx_word' id='word_1_531' title='bbox 274 2010 357 2037; x_wconf 71' lang='grc' dir='ltr'>πάλαι</span> <span class='ocrx_word' id='word_1_532' title='bbox 379 2018 419 2036; x_wconf 88' lang='grc' dir='ltr'><strong>σοι</strong></span> <span class='ocrx_word' id='word_1_533' title='bbox 439 2010 572 2046; x_wconf 81' lang='grc' dir='ltr'>γνώριμοι</span> <span class='ocrx_word' id='word_1_534' title='bbox 588 2010 674 2042; x_wconf 74' lang='grc' dir='ltr'>ὄντες,</span> <span class='ocrx_word' id='word_1_535' title='bbox 691 2010 758 2046; x_wconf 77' lang='grc' dir='ltr'>πρὸς</span> <span class='ocrx_word' id='word_1_536' title='bbox 774 2009 869 2045; x_wconf 80' lang='grc' dir='ltr'>θύραις</span> <span class='ocrx_word' id='word_1_537' title='bbox 886 2009 965 2040; x_wconf 77' lang='grc' dir='ltr'>εἰσὶν,</span> 
     </span>
    </p>
   </div>
   <div class='ocr_carea' id='block_1_72' title="bbox 989 2008 1804 2046">
    <p class='ocr_par' dir='ltr' id='par_1_72' title="bbox 1021 2008 1804 2044">
     <span class='ocr_line' id='line_1_72' title="bbox 1021 2008 1804 2044; baseline 0.001 -8"><span class='ocrx_word' id='word_1_538' title='bbox 1021 2009 1054 2036; x_wconf 88' lang='lat' dir='ltr'><strong>Et</strong></span> <span class='ocrx_word' id='word_1_539' title='bbox 1067 2010 1207 2037; x_wconf 70' lang='lat' dir='ltr'><strong>rursum”</strong></span> <span class='ocrx_word' id='word_1_540' title='bbox 1220 2019 1226 2036; x_wconf 89' lang='lat'><strong>:</strong></span> <span class='ocrx_word' id='word_1_541' title='bbox 1238 2019 1247 2035; x_wconf 76' lang='grc' dir='ltr'><strong>ι</strong></span> <span class='ocrx_word' id='word_1_542' title='bbox 1262 2008 1341 2041; x_wconf 90' lang='lat' dir='ltr'><strong>Sunt,</strong></span> <span class='ocrx_word' id='word_1_543' title='bbox 1356 2009 1644 2044; x_wconf 83' lang='lat' dir='ltr'><strong>inquil.oimperator,</strong></span> <span class='ocrx_word' id='word_1_544' title='bbox 1654 2008 1804 2044; x_wconf 82' lang='lat' dir='ltr'><strong>Euphrates</strong></span> 
     </span>
    </p>
   </div>
   <div class='ocr_carea' id='block_1_73' title="bbox 173 2053 988 2092">
    <p class='ocr_par' dir='ltr' id='par_1_73' title="bbox 173 2056 967 2092">
     <span class='ocr_line' id='line_1_73' title="bbox 173 2056 967 2092; baseline -0.003 -10"><span class='ocrx_word' id='word_1_545' title='bbox 173 2057 229 2083; x_wconf 74' lang='grc' dir='ltr'><strong>οὐκ</strong></span> <span class='ocrx_word' id='word_1_546' title='bbox 243 2056 399 2092; x_wconf 76' lang='grc' dir='ltr'>ἀφρόντιδες</span> <span class='ocrx_word' id='word_1_547' title='bbox 413 2057 466 2083; x_wconf 82' lang='grc' dir='ltr'>τῶν</span> <span class='ocrx_word' id='word_1_548' title='bbox 478 2056 542 2083; x_wconf 86' lang='grc' dir='ltr'>σῶν.</span> <span class='ocrx_word' id='word_1_549' title='bbox 560 2056 646 2083; x_wconf 85' lang='grc' dir='ltr'>Κάλει</span> <span class='ocrx_word' id='word_1_550' title='bbox 657 2056 688 2092; x_wconf 81' lang='grc' dir='ltr'><strong>δὴ</strong></span> <span class='ocrx_word' id='word_1_551' title='bbox 702 2056 844 2087; x_wconf 79' lang='grc' dir='ltr'>κάκείνους</span> <span class='ocrx_word' id='word_1_552' title='bbox 864 2057 892 2087; x_wconf 76' lang='grc' dir='ltr'>ἐς</span> <span class='ocrx_word' id='word_1_553' title='bbox 909 2063 967 2081; x_wconf 88' lang='grc' dir='ltr'>κοι-</span> 
     </span>
    </p>
   </div>
   <div class='ocr_carea' id='block_1_74' title="bbox 990 2053 1805 2092">
    <p class='ocr_par' dir='ltr' id='par_1_74' title="bbox 1021 2053 1805 2087">
     <span class='ocr_line' id='line_1_74' title="bbox 1021 2053 1805 2087; baseline 0.001 -7"><span class='ocrx_word' id='word_1_554' title='bbox 1021 2057 1048 2081; x_wconf 91' lang='lat' dir='ltr'><strong>et</strong></span> <span class='ocrx_word' id='word_1_555' title='bbox 1066 2053 1145 2086; x_wconf 89' lang='lat' dir='ltr'><strong>Dion,</strong></span> <span class='ocrx_word' id='word_1_556' title='bbox 1167 2058 1272 2082; x_wconf 77' lang='lat' dir='ltr'><strong>veteres</strong></span> <span class='ocrx_word' id='word_1_557' title='bbox 1289 2054 1370 2081; x_wconf 84' lang='lat' dir='ltr'><strong>amici</strong></span> <span class='ocrx_word' id='word_1_558' title='bbox 1395 2054 1445 2085; x_wconf 93' lang='lat' dir='ltr'><strong>tui,</strong></span> <span class='ocrx_word' id='word_1_559' title='bbox 1462 2053 1489 2080; x_wconf 91' lang='lat' dir='ltr'><strong>in</strong></span> <span class='ocrx_word' id='word_1_560' title='bbox 1503 2054 1618 2087; x_wconf 79' lang='lat' dir='ltr'><strong>limine;</strong></span> <span class='ocrx_word' id='word_1_561' title='bbox 1638 2061 1730 2081; x_wconf 90' lang='lat' dir='ltr'><strong>rerum</strong></span> <span class='ocrx_word' id='word_1_562' title='bbox 1745 2058 1805 2081; x_wconf 81' lang='lat' dir='ltr'><strong>tua-</strong></span> 
     </span>
    </p>
   </div>
   <div class='ocr_carea' id='block_1_75' title="bbox 174 2098 989 2137">
    <p class='ocr_par' dir='ltr' id='par_1_75' title="bbox 174 2100 967 2137">
     <span class='ocr_line' id='line_1_75' title="bbox 174 2100 967 2137; baseline -0.001 -10"><span class='ocrx_word' id='word_1_563' title='bbox 174 2101 224 2128; x_wconf 75' lang='grc' dir='ltr'>νὺν</span> <span class='ocrx_word' id='word_1_564' title='bbox 236 2100 313 2135; x_wconf 72' lang='grc' dir='ltr'>λόγον</span> <span class='ocrx_word' id='word_1_565' title='bbox 324 2110 330 2117; x_wconf 93' lang='grc'><strong>·</strong></span> <span class='ocrx_word' id='word_1_566' title='bbox 347 2100 420 2136; x_wconf 74' lang='grc' dir='ltr'>σοφὼ</span> <span class='ocrx_word' id='word_1_567' title='bbox 435 2101 489 2137; x_wconf 83' lang='grc' dir='ltr'>γὰρ</span> <span class='ocrx_word' id='word_1_568' title='bbox 503 2101 542 2128; x_wconf 88' lang='grc' dir='ltr'>τὼ</span> <span class='ocrx_word' id='word_1_569' title='bbox 559 2101 648 2137; x_wconf 81' lang='grc' dir='ltr'>ἄνδρε.</span> <span class='ocrx_word' id='word_1_570' title='bbox 664 2112 673 2128; x_wconf 77' lang='grc' dir='ltr'><strong>ι</strong></span> <span class='ocrx_word' id='word_1_571' title='bbox 688 2101 760 2136; x_wconf 75' lang='grc' dir='ltr'>Πρὸς</span> <span class='ocrx_word' id='word_1_572' title='bbox 771 2100 788 2128; x_wconf 76' lang='grc' dir='ltr'>ἃ</span> <span class='ocrx_word' id='word_1_573' title='bbox 798 2102 967 2128; x_wconf 81' lang='grc' dir='ltr'>Οὐεσπασια-</span> 
     </span>
    </p>
   </div>
   <div class='ocr_carea' id='block_1_76' title="bbox 988 2098 1803 2137">
    <p class='ocr_par' dir='ltr' id='par_1_76' title="bbox 1023 2098 1803 2136">
     <span class='ocr_line' id='line_1_76' title="bbox 1023 2098 1803 2136; baseline -0.001 -10"><span class='ocrx_word' id='word_1_574' title='bbox 1023 2107 1082 2127; x_wconf 88' lang='lat' dir='ltr'><strong>rum</strong></span> <span class='ocrx_word' id='word_1_575' title='bbox 1099 2104 1265 2136; x_wconf 79' lang='lat' dir='ltr'><strong>satagentes,</strong></span> <span class='ocrx_word' id='word_1_576' title='bbox 1280 2100 1342 2128; x_wconf 90' lang='lat' dir='ltr'><strong>illos</strong></span> <span class='ocrx_word' id='word_1_577' title='bbox 1358 2100 1442 2136; x_wconf 73' lang='lat' dir='ltr'><strong>igitur</strong></span> <span class='ocrx_word' id='word_1_578' title='bbox 1453 2100 1486 2126; x_wconf 89' lang='lat' dir='ltr'><strong>ad</strong></span> <span class='ocrx_word' id='word_1_579' title='bbox 1504 2098 1686 2127; x_wconf 75' lang='lat' dir='ltr'><strong>conferendas</strong></span> <span class='ocrx_word' id='word_1_580' title='bbox 1699 2107 1803 2128; x_wconf 84' lang='lat' dir='ltr'><strong>sermu-</strong></span> 
     </span>
    </p>
   </div>
   <div class='ocr_carea' id='block_1_77' title="bbox 214 2173 1805 2230">
    <p class='ocr_par' dir='ltr' id='par_1_77' title="bbox 214 2173 1805 2230">
     <span class='ocr_line' id='line_1_77' title="bbox 214 2173 1805 2230; baseline 0.002 -12"><span class='ocrx_word' id='word_1_581' title='bbox 214 2192 305 2230; x_wconf 57' lang='lat' dir='ltr'><strong>&#39;_‘f_lib.</strong></span> <span class='ocrx_word' id='word_1_582' title='bbox 321 2201 366 2223; x_wconf 75' lang='lat' dir='ltr'><strong>v1,</strong></span> <span class='ocrx_word' id='word_1_583' title='bbox 383 2193 471 2230; x_wconf 46' lang='lat'><strong>(3.77“.</strong></span> <span class='ocrx_word' id='word_1_584' title='bbox 489 2229 495 2230; x_wconf 47' lang='lat'><strong>7</strong></span> <span class='ocrx_word' id='word_1_585' title='bbox 510 2194 530 2210; x_wconf 83' lang='lat'>“</span> <span class='ocrx_word' id='word_1_586' title='bbox 546 2194 612 2222; x_wconf 80' lang='lat' dir='ltr'><strong>ibid.</strong></span> <span class='ocrx_word' id='word_1_587' title='bbox 655 2194 677 2210; x_wconf 81' lang='lat'><strong>&quot;</strong></span> <span class='ocrx_word' id='word_1_588' title='bbox 697 2195 745 2222; x_wconf 91' lang='lat' dir='ltr'><strong>lib.</strong></span> <span class='ocrx_word' id='word_1_589' title='bbox 763 2202 798 2221; x_wconf 89' lang='lat' dir='ltr'><strong>vn</strong></span> <span class='ocrx_word' id='word_1_590' title='bbox 811 2215 818 2225; x_wconf 89' lang='lat'><strong>,</strong></span> <span class='ocrx_word' id='word_1_591' title='bbox 835 2202 860 2221; x_wconf 89' lang='lat' dir='ltr'><strong>c.</strong></span> <span class='ocrx_word' id='word_1_592' title='bbox 879 2194 925 2222; x_wconf 72' lang='lat'><strong>5&#39;2.</strong></span> <span class='ocrx_word' id='word_1_593' title='bbox 963 2195 987 2211; x_wconf 84' lang='grc'><strong>⁸³</strong></span> <span class='ocrx_word' id='word_1_594' title='bbox 1007 2195 1054 2224; x_wconf 89' lang='lat' dir='ltr'><strong>lib.</strong></span> <span class='ocrx_word' id='word_1_595' title='bbox 1073 2205 1114 2230; x_wconf 84' lang='lat' dir='ltr'><strong>Iv,</strong></span> <span class='ocrx_word' id='word_1_596' title='bbox 1130 2205 1155 2224; x_wconf 92' lang='lat' dir='ltr'><strong>c.</strong></span> <span class='ocrx_word' id='word_1_597' title='bbox 1175 2197 1217 2224; x_wconf 78' lang='lat' dir='ltr'><strong>I9.</strong></span> <span class='ocrx_word' id='word_1_598' title='bbox 1256 2197 1279 2213; x_wconf 79' lang='grc'><strong>⁸⁸</strong></span> <span class='ocrx_word' id='word_1_599' title='bbox 1298 2196 1346 2224; x_wconf 87' lang='lat' dir='ltr'><strong>lib.</strong></span> <span class='ocrx_word' id='word_1_600' title='bbox 1363 2205 1397 2228; x_wconf 86' lang='grc' dir='ltr'><strong>ν,</strong></span> <span class='ocrx_word' id='word_1_601' title='bbox 1416 2204 1441 2224; x_wconf 90' lang='lat' dir='ltr'><strong>c.</strong></span> <span class='ocrx_word' id='word_1_602' title='bbox 1456 2196 1502 2223; x_wconf 74' lang='lat' dir='ltr'><strong>2L</strong></span> <span class='ocrx_word' id='word_1_603' title='bbox 1540 2196 1563 2212; x_wconf 82' lang='lat'><strong>&quot;</strong></span> <span class='ocrx_word' id='word_1_604' title='bbox 1583 2196 1632 2224; x_wconf 88' lang='lat' dir='ltr'><strong>lib.</strong></span> <span class='ocrx_word' id='word_1_605' title='bbox 1651 2173 1688 2229; x_wconf 62' lang='grc' dir='ltr'><strong>ν,</strong></span> <span class='ocrx_word' id='word_1_606' title='bbox 1705 2203 1729 2223; x_wconf 80' lang='lat' dir='ltr'><strong>c.</strong></span> <span class='ocrx_word' id='word_1_607' title='bbox 1758 2195 1805 2222; x_wconf 73' lang='lat'><strong>29.</strong></span> 
     </span>
    </p>
   </div>
   <div class='ocr_carea' id='block_1_78' title="bbox 174 2227 999 2262">
    <p class='ocr_par' dir='ltr' id='par_1_78' title="bbox 174 2227 999 2262">
     <span class='ocr_line' id='line_1_78' title="bbox 174 2227 999 2262; baseline 0.004 -8"><span class='ocrx_word' id='word_1_608' title='bbox 174 2228 200 2246; x_wconf 73' lang='grc'><strong><em>⁸⁸</em></strong></span> <span class='ocrx_word' id='word_1_609' title='bbox 221 2227 269 2255; x_wconf 91' lang='lat' dir='ltr'><strong>lib.</strong></span> <span class='ocrx_word' id='word_1_610' title='bbox 285 2235 333 2260; x_wconf 89' lang='grc' dir='ltr'>ιιι,</span> <span class='ocrx_word' id='word_1_611' title='bbox 349 2236 374 2255; x_wconf 89' lang='lat' dir='ltr'><strong>c.</strong></span> <span class='ocrx_word' id='word_1_612' title='bbox 390 2229 434 2256; x_wconf 73' lang='lat'><strong>‘25.</strong></span> <span class='ocrx_word' id='word_1_613' title='bbox 473 2229 496 2244; x_wconf 82' lang='grc'><strong>⁸⁷</strong></span> <span class='ocrx_word' id='word_1_614' title='bbox 511 2230 558 2257; x_wconf 90' lang='lat' dir='ltr'><strong>lib.</strong></span> <span class='ocrx_word' id='word_1_615' title='bbox 578 2238 608 2262; x_wconf 89' lang='lat' dir='ltr'><strong>v,</strong></span> <span class='ocrx_word' id='word_1_616' title='bbox 625 2237 649 2258; x_wconf 92' lang='lat' dir='ltr'><strong>c.</strong></span> <span class='ocrx_word' id='word_1_617' title='bbox 667 2230 714 2257; x_wconf 79' lang='lat'><strong>29.</strong></span> <span class='ocrx_word' id='word_1_618' title='bbox 752 2230 775 2246; x_wconf 80' lang='grc'>⁸⁸</span> <span class='ocrx_word' id='word_1_619' title='bbox 796 2230 842 2257; x_wconf 91' lang='lat' dir='ltr'><strong>lib.</strong></span> <span class='ocrx_word' id='word_1_620' title='bbox 860 2238 891 2262; x_wconf 78' lang='grc' dir='ltr'><strong>ν,</strong></span> <span class='ocrx_word' id='word_1_621' title='bbox 909 2238 935 2257; x_wconf 74' lang='lat' dir='ltr'><strong>c;</strong></span> <span class='ocrx_word' id='word_1_622' title='bbox 954 2231 999 2258; x_wconf 77' lang='lat' dir='ltr'><strong>5t.</strong></span> 
     </span>
    </p>
   </div>
   <div class='ocr_carea' id='block_1_79' title="bbox 214 2305 1029 2343">
    <p class='ocr_par' dir='ltr' id='par_1_79' title="bbox 214 2305 1029 2343">
     <span class='ocr_line' id='line_1_79' title="bbox 214 2305 1029 2343; baseline 0.001 -10"><span class='ocrx_word' id='word_1_623' title='bbox 214 2305 269 2343; x_wconf 69' lang='lat'><strong>(53)</strong></span> <span class='ocrx_word' id='word_1_624' title='bbox 288 2306 428 2343; x_wconf 67' lang='lat' dir='ltr'><strong>Katpau.</strong></span> <span class='ocrx_word' id='word_1_625' title='bbox 446 2306 506 2340; x_wconf 81' lang='grc' dir='ltr'>ὥρα</span> <span class='ocrx_word' id='word_1_626' title='bbox 525 2309 613 2341; x_wconf 80' lang='grc' dir='ltr'>μανθ.</span> <span class='ocrx_word' id='word_1_627' title='bbox 636 2307 721 2334; x_wconf 81' lang='lat' dir='ltr'><strong>Verba</strong></span> <span class='ocrx_word' id='word_1_628' title='bbox 736 2307 794 2343; x_wconf 88' lang='grc' dir='ltr'>ὦρα</span> <span class='ocrx_word' id='word_1_629' title='bbox 817 2307 961 2342; x_wconf 79' lang='grc' dir='ltr'>μανθάνειν</span> <span class='ocrx_word' id='word_1_630' title='bbox 1016 2315 1029 2334; x_wconf 85' lang='grc' dir='ltr'><strong>ιι</strong></span> 
     </span>
    </p>
   </div>
   <div class='ocr_carea' id='block_1_80' title="bbox 985 2305 1800 2343">
    <p class='ocr_par' dir='ltr' id='par_1_80' title="bbox 1016 2306 1800 2343">
     <span class='ocr_line' id='line_1_80' title="bbox 1016 2306 1800 2343; baseline -0.003 -9"><span class='ocrx_word' id='word_1_631' title='bbox 1016 2308 1100 2335; x_wconf 89' lang='lat' dir='ltr'><strong>misso</strong></span> <span class='ocrx_word' id='word_1_632' title='bbox 1113 2315 1206 2335; x_wconf 88' lang='lat' dir='ltr'><strong>errore</strong></span> <span class='ocrx_word' id='word_1_633' title='bbox 1220 2311 1317 2334; x_wconf 59' lang='lat' dir='ltr'><strong>caetera</strong></span> <span class='ocrx_word' id='word_1_634' title='bbox 1333 2306 1424 2334; x_wconf 89' lang='lat' dir='ltr'><strong>omnia</strong></span> <span class='ocrx_word' id='word_1_635' title='bbox 1435 2306 1505 2333; x_wconf 88' lang='lat' dir='ltr'><strong>idem</strong></span> <span class='ocrx_word' id='word_1_636' title='bbox 1522 2313 1570 2341; x_wconf 90' lang='lat' dir='ltr'><strong>pro</strong></span> <span class='ocrx_word' id='word_1_637' title='bbox 1582 2306 1668 2343; x_wconf 85' lang='lat' dir='ltr'><strong>lubitu</strong></span> <span class='ocrx_word' id='word_1_638' title='bbox 1683 2306 1800 2343; x_wconf 62' lang='lat' dir='ltr'><strong>redimit,</strong></span> 
     </span>
    </p>
   </div>
   <div class='ocr_carea' id='block_1_81' title="bbox 173 2342 1803 2390">
    <p class='ocr_par' dir='ltr' id='par_1_81' title="bbox 173 2342 1803 2390">
     <span class='ocr_line' id='line_1_81' title="bbox 173 2342 1803 2390; baseline -0.001 -22"><span class='ocrx_word' id='word_1_639' title='bbox 173 2342 354 2390; x_wconf 49' lang='lat' dir='ltr'><strong>om&#39;nino’lad</strong></span> <span class='ocrx_word' id='word_1_640' title='bbox 384 2342 574 2390; x_wconf 62' lang='lat' dir='ltr'><strong>prmcedential</strong></span> <span class='ocrx_word' id='word_1_641' title='bbox 587 2344 743 2390; x_wconf 44' lang='lat' dir='ltr'><strong>pertinere.4</strong></span> <span class='ocrx_word' id='word_1_642' title='bbox 760 2342 883 2377; x_wconf 79' lang='lat' dir='ltr'><strong>adeoque</strong></span> <span class='ocrx_word' id='word_1_643' title='bbox 908 2350 961 2370; x_wconf 92' lang='lat' dir='ltr'><strong>non</strong></span> <span class='ocrx_word' id='word_1_644' title='bbox 979 2362 999 2390; x_wconf 71' lang='grc' dir='ltr'>υ</span> <span class='ocrx_word' id='word_1_645' title='bbox 1015 2347 1045 2390; x_wconf 69' lang='grc' dir='ltr'><strong>ιιι</strong></span> <span class='ocrx_word' id='word_1_646' title='bbox 1065 2343 1129 2390; x_wconf 62' lang='grc' dir='ltr'><strong>⁴ειιίιλι</strong></span> <span class='ocrx_word' id='word_1_647' title='bbox 1150 2342 1422 2390; x_wconf 59' lang='lat' dir='ltr'><strong>accommodarentur</strong></span> <span class='ocrx_word' id='word_1_648' title='bbox 1442 2342 1616 2390; x_wconf 62' lang='lat' dir='ltr'><strong>epmmentis,</strong></span> <span class='ocrx_word' id='word_1_649' title='bbox 1633 2342 1803 2390; x_wconf 50' lang='lat' dir='ltr'><strong>atque&#39;adeo</strong></span> 
     </span>
    </p>
   </div>
   <div class='ocr_carea' id='block_1_82' title="bbox 175 2376 1802 2413">
    <p class='ocr_par' dir='ltr' id='par_1_82' title="bbox 175 2376 1802 2413">
     <span class='ocr_line' id='line_1_82' title="bbox 175 2376 1802 2413; baseline 0 -10"><span class='ocrx_word' id='word_1_650' title='bbox 175 2376 311 2413; x_wconf 79' lang='lat' dir='ltr'><strong>ante,sed</strong></span> <span class='ocrx_word' id='word_1_651' title='bbox 337 2376 398 2411; x_wconf 71' lang='lat' dir='ltr'><strong>post</strong></span> <span class='ocrx_word' id='word_1_652' title='bbox 418 2385 448 2405; x_wconf 93' lang='lat' dir='ltr'><strong>ea</strong></span> <span class='ocrx_word' id='word_1_653' title='bbox 468 2378 620 2412; x_wconf 82' lang='lat' dir='ltr'><strong>ponendam</strong></span> <span class='ocrx_word' id='word_1_654' title='bbox 645 2378 761 2413; x_wconf 85' lang='grc' dir='ltr'>στιγμήν</span> <span class='ocrx_word' id='word_1_655' title='bbox 787 2376 859 2411; x_wconf 83' lang='lat' dir='ltr'><strong>esse,</strong></span> <span class='ocrx_word' id='word_1_656' title='bbox 882 2385 962 2405; x_wconf 90' lang='lat' dir='ltr'><strong>secus</strong></span> <span class='ocrx_word' id='word_1_657' title='bbox 979 2376 999 2390; x_wconf 82' lang='lat'>”</span> <span class='ocrx_word' id='word_1_658' title='bbox 1014 2378 1051 2413; x_wconf 80' lang='lat' dir='ltr'><strong>ita</strong></span> <span class='ocrx_word' id='word_1_659' title='bbox 1065 2382 1148 2404; x_wconf 86' lang='lat' dir='ltr'><strong>totam</strong></span> <span class='ocrx_word' id='word_1_660' title='bbox 1162 2379 1242 2405; x_wconf 86' lang='lat' dir='ltr'><strong>istam</strong></span> <span class='ocrx_word' id='word_1_661' title='bbox 1259 2377 1337 2412; x_wconf 77' lang='grc' dir='ltr'>ῥῆσιν</span> <span class='ocrx_word' id='word_1_662' title='bbox 1352 2376 1513 2413; x_wconf 73' lang='lat' dir='ltr'><strong>excerebro</strong></span> <span class='ocrx_word' id='word_1_663' title='bbox 1522 2385 1572 2413; x_wconf 82' lang='lat' dir='ltr'><strong>suo</strong></span> <span class='ocrx_word' id='word_1_664' title='bbox 1584 2377 1802 2413; x_wconf 66' lang='lat' dir='ltr'><strong>repraesentavit:</strong></span> 
     </span>
    </p>
   </div>
   <div class='ocr_carea' id='block_1_83' title="bbox 174 2411 989 2448">
    <p class='ocr_par' dir='ltr' id='par_1_83' title="bbox 174 2411 962 2448">
     <span class='ocr_line' id='line_1_83' title="bbox 174 2411 962 2448; baseline 0.005 -12"><span class='ocrx_word' id='word_1_665' title='bbox 174 2418 260 2448; x_wconf 74' lang='lat' dir='ltr'><strong>quam</strong></span> <span class='ocrx_word' id='word_1_666' title='bbox 278 2411 383 2448; x_wconf 77' lang='lat' dir='ltr'><strong>factum</strong></span> <span class='ocrx_word' id='word_1_667' title='bbox 394 2413 420 2439; x_wconf 93' lang='lat' dir='ltr'><strong>in</strong></span> <span class='ocrx_word' id='word_1_668' title='bbox 439 2411 574 2448; x_wconf 80' lang='lat' dir='ltr'><strong>prioribus</strong></span> <span class='ocrx_word' id='word_1_669' title='bbox 600 2411 784 2448; x_wconf 65' lang='lat' dir='ltr'><strong>editiotiibus;</strong></span> <span class='ocrx_word' id='word_1_670' title='bbox 800 2414 962 2448; x_wconf 83' lang='lat' dir='ltr'><strong>particulam</strong></span> 
     </span>
    </p>
   </div>
   <div class='ocr_carea' id='block_1_84' title="bbox 988 2411 1803 2448">
    <p class='ocr_par' dir='ltr' id='par_1_84' title="bbox 1013 2411 1803 2448">
     <span class='ocr_line' id='line_1_84' title="bbox 1013 2411 1803 2448; baseline -0.001 -9"><span class='ocrx_word' id='word_1_671' title='bbox 1013 2412 1066 2444; x_wconf 85' lang='grc' dir='ltr'><strong>Οὒς</strong></span> <span class='ocrx_word' id='word_1_672' title='bbox 1080 2413 1112 2447; x_wconf 83' lang='grc' dir='ltr'>δὴ</span> <span class='ocrx_word' id='word_1_673' title='bbox 1125 2414 1153 2439; x_wconf 83' lang='grc' dir='ltr'>ὲν</span> <span class='ocrx_word' id='word_1_674' title='bbox 1169 2412 1230 2448; x_wconf 76' lang='grc' dir='ltr'><strong>δίκῃ</strong></span> <span class='ocrx_word' id='word_1_675' title='bbox 1245 2411 1295 2448; x_wconf 80' lang='grc' dir='ltr'><strong>μὲν</strong></span> <span class='ocrx_word' id='word_1_676' title='bbox 1314 2411 1447 2447; x_wconf 72' lang='grc' dir='ltr'>ἠγάσθην,</span> <span class='ocrx_word' id='word_1_677' title='bbox 1463 2413 1492 2438; x_wconf 81' lang='grc' dir='ltr'><strong>ὲν</strong></span> <span class='ocrx_word' id='word_1_678' title='bbox 1504 2412 1565 2448; x_wconf 66' lang='grc' dir='ltr'><strong>ᾆξκῃ</strong></span> <span class='ocrx_word' id='word_1_679' title='bbox 1582 2412 1803 2448; x_wconf 15' lang='grc' dir='ltr'>δὲῄᾐγοῦμαιγσοε</span> 
     </span>
    </p>
   </div>
   <div class='ocr_carea' id='block_1_85' title="bbox 174 2444 989 2483">
    <p class='ocr_par' dir='ltr' id='par_1_85' title="bbox 174 2444 962 2483">
     <span class='ocr_line' id='line_1_85' title="bbox 174 2444 962 2483; baseline 0.003 -10"><span class='ocrx_word' id='word_1_680' title='bbox 174 2444 206 2474; x_wconf 73' lang='grc' dir='ltr'><strong>δέ</strong></span> <span class='ocrx_word' id='word_1_681' title='bbox 222 2447 285 2483; x_wconf 76' lang='lat' dir='ltr'><strong>item</strong></span> <span class='ocrx_word' id='word_1_682' title='bbox 299 2451 358 2480; x_wconf 76' lang='lat' dir='ltr'><strong>post</strong></span> <span class='ocrx_word' id='word_1_683' title='bbox 373 2447 431 2483; x_wconf 83' lang='grc' dir='ltr'>ὥρα</span> <span class='ocrx_word' id='word_1_684' title='bbox 439 2444 585 2475; x_wconf 72' lang='grc' dir='ltr'>’ᾱθιειιιίιιηι</span> <span class='ocrx_word' id='word_1_685' title='bbox 602 2456 672 2478; x_wconf 86' lang='lat' dir='ltr'><strong>esse.</strong></span> <span class='ocrx_word' id='word_1_686' title='bbox 686 2444 843 2475; x_wconf 68' lang='lat' dir='ltr'><strong>Philostrati</strong></span> <span class='ocrx_word' id='word_1_687' title='bbox 860 2452 962 2475; x_wconf 83' lang='lat' dir='ltr'><strong>textum</strong></span> 
     </span>
    </p>
   </div>
   <div class='ocr_carea' id='block_1_86' title="bbox 991 2444 1806 2483">
    <p class='ocr_par' dir='ltr' id='par_1_86' title="bbox 1013 2444 1806 2483">
     <span class='ocr_line' id='line_1_86' title="bbox 1013 2444 1806 2483; baseline -0.004 -9"><span class='ocrx_word' id='word_1_688' title='bbox 1013 2448 1080 2482; x_wconf 86' lang='grc' dir='ltr'>φούς</span> <span class='ocrx_word' id='word_1_689' title='bbox 1150 2448 1197 2474; x_wconf 75' lang='grc' dir='ltr'>καὶ</span> <span class='ocrx_word' id='word_1_690' title='bbox 1216 2444 1385 2483; x_wconf 50' lang='grc' dir='ltr'>’μακαρίους</span> <span class='ocrx_word' id='word_1_691' title='bbox 1410 2444 1480 2483; x_wconf 78' lang='grc' dir='ltr'>Ὦρα</span> <span class='ocrx_word' id='word_1_692' title='bbox 1503 2446 1532 2473; x_wconf 85' lang='grc' dir='ltr'><strong>δὲ</strong></span> <span class='ocrx_word' id='word_1_693' title='bbox 1550 2444 1760 2482; x_wconf 75' lang='grc' dir='ltr'>μανθάνειν’καὶ</span> <span class='ocrx_word' id='word_1_694' title='bbox 1789 2444 1806 2471; x_wconf 80' lang='grc' dir='ltr'>ἃ</span> 
     </span>
    </p>
   </div>
   <div class='ocr_carea' id='block_1_87' title="bbox 176 2481 991 2543">
    <p class='ocr_par' dir='ltr' id='par_1_87' title="bbox 176 2481 964 2543">
     <span class='ocr_line' id='line_1_87' title="bbox 176 2481 963 2518; baseline 0.003 -10"><span class='ocrx_word' id='word_1_695' title='bbox 176 2481 384 2510; x_wconf 77' lang='lat' dir='ltr'><strong>conferentibus</strong></span> <span class='ocrx_word' id='word_1_696' title='bbox 398 2481 512 2509; x_wconf 83' lang='lat' dir='ltr'><strong>dubium</strong></span> <span class='ocrx_word' id='word_1_697' title='bbox 533 2483 605 2510; x_wconf 84' lang='lat' dir='ltr'><strong>haud</strong></span> <span class='ocrx_word' id='word_1_698' title='bbox 618 2491 679 2510; x_wconf 87' lang='lat' dir='ltr'><strong>esse</strong></span> <span class='ocrx_word' id='word_1_699' title='bbox 695 2483 804 2518; x_wconf 88' lang='lat' dir='ltr'><strong>poterit.</strong></span> <span class='ocrx_word' id='word_1_700' title='bbox 826 2482 921 2510; x_wconf 88' lang='lat' dir='ltr'><strong>Omnis</strong></span> <span class='ocrx_word' id='word_1_701' title='bbox 936 2483 963 2509; x_wconf 90' lang='lat' dir='ltr'><strong>in</strong></span> 
     </span>
     <span class='ocr_line' id='line_1_88' title="bbox 176 2517 964 2543; baseline 0 0"><span class='ocrx_word' id='word_1_702' title='bbox 176 2517 296 2543; x_wconf 64' lang='lat' dir='ltr'><strong>vulta-dtis</strong></span> <span class='ocrx_word' id='word_1_703' title='bbox 311 2517 418 2543; x_wconf 74' lang='lat' dir='ltr'><strong>Eusebii</strong></span> <span class='ocrx_word' id='word_1_704' title='bbox 437 2525 515 2543; x_wconf 90' lang='lat' dir='ltr'><strong>error</strong></span> <span class='ocrx_word' id='word_1_705' title='bbox 535 2526 568 2543; x_wconf 86' lang='lat' dir='ltr'><strong>ex</strong></span> <span class='ocrx_word' id='word_1_706' title='bbox 583 2526 615 2543; x_wconf 82' lang='lat' dir='ltr'><strong>eo</strong></span> <span class='ocrx_word' id='word_1_707' title='bbox 630 2523 682 2543; x_wconf 83' lang='lat' dir='ltr'><strong>est.</strong></span> <span class='ocrx_word' id='word_1_708' title='bbox 700 2518 772 2543; x_wconf 83' lang='lat' dir='ltr'><strong>nuod</strong></span> <span class='ocrx_word' id='word_1_709' title='bbox 789 2519 880 2543; x_wconf 81' lang='lat' dir='ltr'><strong>statim</strong></span> <span class='ocrx_word' id='word_1_710' title='bbox 901 2521 964 2543; x_wconf 86' lang='lat' dir='ltr'><strong>nost</strong></span> 
     </span>
    </p>
   </div>
   <div class='ocr_carea' id='block_1_88' title="bbox 497 2481 1312 2543">
    <p class='ocr_par' dir='ltr' id='par_1_88' title="bbox 497 2481 1312 2543">
     <span class='ocr_line' id='line_1_89' title="bbox 497 2481 1312 2543; baseline -0.001 -34"><span class='ocrx_word' id='word_1_711' title='bbox 497 2491 512 2509; x_wconf 93' lang='lat' dir='ltr'><strong>n</strong></span> <span class='ocrx_word' id='word_1_712' title='bbox 533 2483 605 2510; x_wconf 85' lang='lat' dir='ltr'><strong>haud</strong></span> <span class='ocrx_word' id='word_1_713' title='bbox 618 2491 679 2510; x_wconf 87' lang='lat' dir='ltr'><strong>esse</strong></span> <span class='ocrx_word' id='word_1_714' title='bbox 695 2483 804 2518; x_wconf 88' lang='lat' dir='ltr'><strong>poterit.</strong></span> <span class='ocrx_word' id='word_1_715' title='bbox 826 2482 921 2524; x_wconf 73' lang='lat' dir='ltr'><strong>omnis</strong></span> <span class='ocrx_word' id='word_1_716' title='bbox 936 2483 963 2509; x_wconf 90' lang='lat' dir='ltr'><strong>in</strong></span> <span class='ocrx_word' id='word_1_717' title='bbox 1014 2481 1083 2518; x_wconf 71' lang='grc' dir='ltr'>μετὰ</span> <span class='ocrx_word' id='word_1_718' title='bbox 1102 2482 1204 2518; x_wconf 77' lang='grc' dir='ltr'>βραχέα</span> <span class='ocrx_word' id='word_1_719' title='bbox 1221 2481 1312 2543; x_wconf 61' lang='grc' dir='ltr'>φησιν’.</span> 
     </span>
     <span class='ocr_line' id='line_1_90' title="bbox 497 2518 1312 2543; baseline 0 0"><span class='ocrx_word' id='word_1_720' title='bbox 497 2526 515 2543; x_wconf 77' lang='grc' dir='ltr'><strong>›ι’</strong></span> <span class='ocrx_word' id='word_1_721' title='bbox 535 2526 568 2543; x_wconf 86' lang='lat' dir='ltr'><strong>ex</strong></span> <span class='ocrx_word' id='word_1_722' title='bbox 583 2526 615 2543; x_wconf 82' lang='lat' dir='ltr'><strong>eo</strong></span> <span class='ocrx_word' id='word_1_723' title='bbox 630 2523 682 2543; x_wconf 83' lang='lat' dir='ltr'><strong>est.</strong></span> <span class='ocrx_word' id='word_1_724' title='bbox 700 2518 772 2543; x_wconf 78' lang='grc' dir='ltr'>(ιιιοά</span> <span class='ocrx_word' id='word_1_725' title='bbox 789 2522 880 2543; x_wconf 84' lang='lat' dir='ltr'><strong>statim</strong></span> <span class='ocrx_word' id='word_1_726' title='bbox 901 2521 964 2543; x_wconf 88' lang='lat' dir='ltr'><strong>nost</strong></span> <span class='ocrx_word' id='word_1_727' title='bbox 1049 2518 1104 2543; x_wconf 70' lang='lat' dir='ltr'><strong>(Ml</strong></span> <span class='ocrx_word' id='word_1_728' title='bbox 1125 2518 1180 2543; x_wconf 81' lang='lat' dir='ltr'><strong>Kal</strong></span> <span class='ocrx_word' id='word_1_729' title='bbox 1191 2526 1264 2543; x_wconf 81' lang='grc' dir='ltr'>ιιετι</span> <span class='ocrx_word' id='word_1_730' title='bbox 1284 2518 1312 2543; x_wconf 73' lang='lat' dir='ltr'><strong>Bt</strong></span> 
     </span>
    </p>
   </div>
   <div class='ocr_carea' id='block_1_89' title="bbox 174 2517 989 2553">
    <p class='ocr_par' dir='ltr' id='par_1_89' title="bbox 174 2517 964 2553">
     <span class='ocr_line' id='line_1_91' title="bbox 174 2517 964 2553; baseline 0 -9"><span class='ocrx_word' id='word_1_731' title='bbox 174 2517 296 2552; x_wconf 71' lang='lat' dir='ltr'><strong>Vulgatis</strong></span> <span class='ocrx_word' id='word_1_732' title='bbox 311 2517 418 2545; x_wconf 81' lang='lat' dir='ltr'><strong>Eusebii</strong></span> <span class='ocrx_word' id='word_1_733' title='bbox 437 2525 515 2545; x_wconf 85' lang='lat' dir='ltr'><strong>error</strong></span> <span class='ocrx_word' id='word_1_734' title='bbox 535 2526 568 2545; x_wconf 87' lang='lat' dir='ltr'><strong>ex</strong></span> <span class='ocrx_word' id='word_1_735' title='bbox 583 2526 615 2546; x_wconf 87' lang='lat' dir='ltr'><strong>eo</strong></span> <span class='ocrx_word' id='word_1_736' title='bbox 630 2523 682 2548; x_wconf 86' lang='lat' dir='ltr'><strong>est,</strong></span> <span class='ocrx_word' id='word_1_737' title='bbox 695 2517 772 2552; x_wconf 76' lang='lat' dir='ltr'><strong>quod</strong></span> <span class='ocrx_word' id='word_1_738' title='bbox 789 2519 880 2545; x_wconf 85' lang='lat' dir='ltr'><strong>statim</strong></span> <span class='ocrx_word' id='word_1_739' title='bbox 901 2521 964 2553; x_wconf 91' lang='lat' dir='ltr'><strong>post</strong></span> 
     </span>
    </p>
   </div>
   <div class='ocr_carea' id='block_1_90' title="bbox 988 2517 1803 2553">
    <p class='ocr_par' dir='ltr' id='par_1_90' title="bbox 1016 2517 1803 2553">
     <span class='ocr_line' id='line_1_92' title="bbox 1016 2517 1803 2553; baseline 0 -8"><span class='ocrx_word' id='word_1_740' title='bbox 1016 2517 1020 2518; x_wconf 57' lang='grc'><strong><em>⁷</em></strong></span> <span class='ocrx_word' id='word_1_741' title='bbox 1049 2518 1104 2553; x_wconf 70' lang='lat'><strong>(547)</strong></span> <span class='ocrx_word' id='word_1_742' title='bbox 1120 2517 1180 2545; x_wconf 81' lang='lat' dir='ltr'><strong>Kal.</strong></span> <span class='ocrx_word' id='word_1_743' title='bbox 1188 2517 1264 2552; x_wconf 78' lang='grc' dir='ltr'>μετὰ</span> <span class='ocrx_word' id='word_1_744' title='bbox 1277 2517 1404 2552; x_wconf 80' lang='grc' dir='ltr'>βραχέα.</span> <span class='ocrx_word' id='word_1_745' title='bbox 1421 2517 1491 2545; x_wconf 84' lang='lat' dir='ltr'><strong>Ante</strong></span> <span class='ocrx_word' id='word_1_746' title='bbox 1508 2517 1611 2553; x_wconf 79' lang='lat' dir='ltr'><strong>editum</strong></span> <span class='ocrx_word' id='word_1_747' title='bbox 1630 2518 1677 2544; x_wconf 78' lang='grc' dir='ltr'>καὶ</span> <span class='ocrx_word' id='word_1_748' title='bbox 1699 2517 1718 2544; x_wconf 77' lang='grc' dir='ltr'>ἃ</span> <span class='ocrx_word' id='word_1_749' title='bbox 1734 2517 1803 2553; x_wconf 72' lang='grc' dir='ltr'>μετὰ</span> 
     </span>
    </p>
   </div>
   <div class='ocr_carea' id='block_1_91' title="bbox 174 2552 1804 2589">
    <p class='ocr_par' dir='ltr' id='par_1_91' title="bbox 174 2552 1804 2589">
     <span class='ocr_line' id='line_1_93' title="bbox 174 2552 1804 2589; baseline -0.001 -9"><span class='ocrx_word' id='word_1_750' title='bbox 174 2553 334 2589; x_wconf 71' lang='lat' dir='ltr'><strong>I;zec_verba</strong></span> <span class='ocrx_word' id='word_1_751' title='bbox 355 2553 485 2580; x_wconf 92' lang='lat' dir='ltr'><strong>indicium</strong></span> <span class='ocrx_word' id='word_1_752' title='bbox 502 2553 577 2589; x_wconf 84' lang='lat' dir='ltr'><strong>lieret</strong></span> <span class='ocrx_word' id='word_1_753' title='bbox 592 2553 712 2588; x_wconf 66' lang='lat' dir='ltr'><strong>allegataa</strong></span> <span class='ocrx_word' id='word_1_754' title='bbox 730 2553 834 2589; x_wconf 73' lang='grc' dir='ltr'>ῥήσεως</span> <span class='ocrx_word' id='word_1_755' title='bbox 850 2552 963 2589; x_wconf 76' lang='lat' dir='ltr'><strong>alterius</strong></span> <span class='ocrx_word' id='word_1_756' title='bbox 1014 2553 1056 2589; x_wconf 86' lang='grc' dir='ltr'><strong>βρ.</strong></span> <span class='ocrx_word' id='word_1_757' title='bbox 1075 2552 1175 2587; x_wconf 86' lang='lat' dir='ltr'><strong>Nempe</strong></span> <span class='ocrx_word' id='word_1_758' title='bbox 1194 2553 1221 2589; x_wconf 44' lang='lat'><strong>5.7</strong></span> <span class='ocrx_word' id='word_1_759' title='bbox 1230 2553 1352 2580; x_wconf 88' lang='lat' dir='ltr'><strong>additum</strong></span> <span class='ocrx_word' id='word_1_760' title='bbox 1376 2561 1409 2580; x_wconf 81' lang='lat' dir='ltr'><strong>ex</strong></span> <span class='ocrx_word' id='word_1_761' title='bbox 1434 2552 1518 2589; x_wconf 76' lang='lat' dir='ltr'><strong>semel</strong></span> <span class='ocrx_word' id='word_1_762' title='bbox 1537 2556 1670 2588; x_wconf 86' lang='lat' dir='ltr'><strong>concepto</strong></span> <span class='ocrx_word' id='word_1_763' title='bbox 1697 2553 1731 2580; x_wconf 88' lang='lat' dir='ltr'><strong>de</strong></span> <span class='ocrx_word' id='word_1_764' title='bbox 1752 2553 1804 2579; x_wconf 85' lang='lat' dir='ltr'><strong>hoc</strong></span> 
     </span>
    </p>
   </div>
   <div class='ocr_carea' id='block_1_92' title="bbox 174 2587 1519 2623">
    <p class='ocr_par' dir='ltr' id='par_1_92' title="bbox 174 2587 1519 2623">
     <span class='ocr_line' id='line_1_94' title="bbox 174 2587 1519 2623; baseline -0.001 -8"><span class='ocrx_word' id='word_1_765' title='bbox 174 2587 326 2623; x_wconf 77' lang='lat' dir='ltr'><strong>Apollonii,</strong></span> <span class='ocrx_word' id='word_1_766' title='bbox 343 2588 433 2615; x_wconf 87' lang='lat' dir='ltr'><strong>verbis</strong></span> <span class='ocrx_word' id='word_1_767' title='bbox 450 2588 559 2623; x_wconf 87' lang='lat' dir='ltr'><strong>quidem</strong></span> <span class='ocrx_word' id='word_1_768' title='bbox 575 2587 723 2623; x_wconf 75' lang='lat' dir='ltr'><strong>praemissis</strong></span> <span class='ocrx_word' id='word_1_769' title='bbox 735 2587 812 2623; x_wconf 80' lang='lat' dir='ltr'><strong>istis:</strong></span> <span class='ocrx_word' id='word_1_770' title='bbox 828 2588 876 2615; x_wconf 75' lang='grc' dir='ltr'><strong>καὶ</strong></span> <span class='ocrx_word' id='word_1_771' title='bbox 891 2588 959 2623; x_wconf 87' lang='grc' dir='ltr'>μετὰ</span> <span class='ocrx_word' id='word_1_772' title='bbox 1012 2587 1073 2615; x_wconf 86' lang='lat' dir='ltr'><strong>loco</strong></span> <span class='ocrx_word' id='word_1_773' title='bbox 1086 2596 1189 2617; x_wconf 85' lang='lat' dir='ltr'><strong>errore.</strong></span> <span class='ocrx_word' id='word_1_774' title='bbox 1206 2587 1239 2615; x_wconf 89' lang='lat' dir='ltr'><strong>de</strong></span> <span class='ocrx_word' id='word_1_775' title='bbox 1252 2595 1307 2622; x_wconf 92' lang='lat' dir='ltr'><strong>quo</strong></span> <span class='ocrx_word' id='word_1_776' title='bbox 1322 2592 1386 2614; x_wconf 91' lang='lat' dir='ltr'><strong>nota</strong></span> <span class='ocrx_word' id='word_1_777' title='bbox 1402 2587 1519 2623; x_wconf 54' lang='lat' dir='ltr'><strong>praeced.</strong></span> 
     </span>
    </p>
   </div>
   <div class='ocr_carea' id='block_1_93' title="bbox 176 2622 991 2658">
    <p class='ocr_par' dir='ltr' id='par_1_93' title="bbox 176 2622 960 2658">
     <span class='ocr_line' id='line_1_95' title="bbox 176 2622 960 2658; baseline 0.001 -10"><span class='ocrx_word' id='word_1_778' title='bbox 176 2622 390 2658; x_wconf 44' lang='lat' dir='ltr'><strong>Bpaxéatpnrxtv.</strong></span> <span class='ocrx_word' id='word_1_779' title='bbox 409 2623 449 2650; x_wconf 83' lang='lat' dir='ltr'><strong>Ad</strong></span> <span class='ocrx_word' id='word_1_780' title='bbox 469 2623 526 2650; x_wconf 69' lang='lat' dir='ltr'><strong>haec</strong></span> <span class='ocrx_word' id='word_1_781' title='bbox 546 2623 630 2656; x_wconf 65' lang='lat' dir='ltr'><strong>igitur</strong></span> <span class='ocrx_word' id='word_1_782' title='bbox 651 2624 741 2658; x_wconf 85' lang='lat' dir='ltr'><strong>aptius</strong></span> <span class='ocrx_word' id='word_1_783' title='bbox 763 2622 858 2650; x_wconf 81' lang='lat' dir='ltr'><strong>referri</strong></span> <span class='ocrx_word' id='word_1_784' title='bbox 879 2622 960 2657; x_wconf 85' lang='lat' dir='ltr'><strong>posse</strong></span> 
     </span>
    </p>
   </div>
   <div class='ocr_carea' id='block_1_94' title="bbox 988 2622 1803 2658">
    <p class='ocr_par' dir='ltr' id='par_1_94' title="bbox 1050 2622 1803 2658">
     <span class='ocr_line' id='line_1_96' title="bbox 1050 2622 1803 2658; baseline -0.004 -7"><span class='ocrx_word' id='word_1_785' title='bbox 1050 2623 1105 2658; x_wconf 83' lang='grc'><strong>(55)</strong></span> <span class='ocrx_word' id='word_1_786' title='bbox 1125 2622 1205 2650; x_wconf 81' lang='grc' dir='ltr'>Κατὰ</span> <span class='ocrx_word' id='word_1_787' title='bbox 1219 2622 1277 2656; x_wconf 76' lang='grc' dir='ltr'><strong>τὴν</strong></span> <span class='ocrx_word' id='word_1_788' title='bbox 1297 2623 1420 2658; x_wconf 60' lang='grc' dir='ltr'>Πυθίαν.</span> <span class='ocrx_word' id='word_1_789' title='bbox 1437 2622 1534 2658; x_wconf 77' lang='lat' dir='ltr'><strong>Pythia</strong></span> <span class='ocrx_word' id='word_1_790' title='bbox 1545 2622 1682 2658; x_wconf 79' lang='lat' dir='ltr'><strong>Apollinis</strong></span> <span class='ocrx_word' id='word_1_791' title='bbox 1697 2622 1803 2657; x_wconf 69' lang='grc' dir='ltr'><strong>ὑποφῆ-</strong></span> 
     </span>
    </p>
   </div>
   <div class='ocr_carea' id='block_1_95' title="bbox 172 2657 987 2693">
    <p class='ocr_par' dir='ltr' id='par_1_95' title="bbox 172 2657 959 2693">
     <span class='ocr_line' id='line_1_97' title="bbox 172 2657 959 2693; baseline 0.001 -10"><span class='ocrx_word' id='word_1_792' title='bbox 172 2657 309 2692; x_wconf 78' lang='lat' dir='ltr'><strong>judicavit</strong></span> <span class='ocrx_word' id='word_1_793' title='bbox 326 2658 409 2685; x_wconf 78' lang='lat' dir='ltr'><strong>verba</strong></span> <span class='ocrx_word' id='word_1_794' title='bbox 429 2658 488 2693; x_wconf 80' lang='grc' dir='ltr'>ὥρα</span> <span class='ocrx_word' id='word_1_795' title='bbox 509 2658 652 2693; x_wconf 81' lang='grc' dir='ltr'>μανθάνειν</span> <span class='ocrx_word' id='word_1_796' title='bbox 672 2658 816 2685; x_wconf 82' lang='lat' dir='ltr'><strong>nasutulus</strong></span> <span class='ocrx_word' id='word_1_797' title='bbox 837 2658 959 2693; x_wconf 85' lang='lat' dir='ltr'><strong>quidam,</strong></span> 
     </span>
    </p>
   </div>
   <div class='ocr_carea' id='block_1_96' title="bbox 667 2657 1482 2693">
    <p class='ocr_par' dir='ltr' id='par_1_96' title="bbox 672 2657 1482 2693">
     <span class='ocr_line' id='line_1_98' title="bbox 672 2657 1482 2693; baseline -0.001 -9"><span class='ocrx_word' id='word_1_798' title='bbox 672 2658 816 2685; x_wconf 82' lang='lat' dir='ltr'><strong>nasutulus</strong></span> <span class='ocrx_word' id='word_1_799' title='bbox 837 2658 959 2693; x_wconf 85' lang='lat' dir='ltr'><strong>quidam,</strong></span> <span class='ocrx_word' id='word_1_800' title='bbox 1012 2657 1064 2690; x_wconf 58' lang='lat' dir='ltr'><strong>rte.</strong></span> <span class='ocrx_word' id='word_1_801' title='bbox 1083 2657 1112 2685; x_wconf 81' lang='lat' dir='ltr'><strong>ut</strong></span> <span class='ocrx_word' id='word_1_802' title='bbox 1126 2662 1231 2690; x_wconf 90' lang='lat' dir='ltr'><strong>notum,</strong></span> <span class='ocrx_word' id='word_1_803' title='bbox 1244 2657 1363 2693; x_wconf 80' lang='grc' dir='ltr'>ἀτεχνῶς</span> <span class='ocrx_word' id='word_1_804' title='bbox 1378 2657 1482 2692; x_wconf 73' lang='grc' dir='ltr'>μάντις.</span> 
     </span>
    </p>
   </div>
   <div class='ocr_carea' id='block_1_97' title="bbox 175 2691 990 2728">
    <p class='ocr_par' dir='ltr' id='par_1_97' title="bbox 175 2691 960 2728">
     <span class='ocr_line' id='line_1_99' title="bbox 175 2691 960 2728; baseline 0.003 -11"><span class='ocrx_word' id='word_1_805' title='bbox 175 2700 259 2727; x_wconf 87' lang='lat' dir='ltr'><strong>quam</strong></span> <span class='ocrx_word' id='word_1_806' title='bbox 281 2693 314 2719; x_wconf 87' lang='lat' dir='ltr'><strong>ad</strong></span> <span class='ocrx_word' id='word_1_807' title='bbox 334 2691 524 2727; x_wconf 68' lang='lat' dir='ltr'><strong>pratcedentia,</strong></span> <span class='ocrx_word' id='word_1_808' title='bbox 546 2701 578 2720; x_wconf 88' lang='lat' dir='ltr'><strong>eo</strong></span> <span class='ocrx_word' id='word_1_809' title='bbox 592 2693 665 2728; x_wconf 91' lang='lat' dir='ltr'><strong>quod</strong></span> <span class='ocrx_word' id='word_1_810' title='bbox 686 2691 879 2720; x_wconf 78' lang='lat' dir='ltr'><strong>Philostratum</strong></span> <span class='ocrx_word' id='word_1_811' title='bbox 905 2701 960 2720; x_wconf 93' lang='lat' dir='ltr'><strong>non</strong></span> 
     </span>
    </p>
   </div>
   <div class='ocr_carea' id='block_1_98' title="bbox 986 2691 1801 2728">
    <p class='ocr_par' dir='ltr' id='par_1_98' title="bbox 1049 2691 1801 2728">
     <span class='ocr_line' id='line_1_100' title="bbox 1049 2691 1801 2728; baseline -0.003 -7"><span class='ocrx_word' id='word_1_812' title='bbox 1049 2693 1105 2728; x_wconf 83' lang='lat'><strong>(56)</strong></span> <span class='ocrx_word' id='word_1_813' title='bbox 1129 2691 1318 2728; x_wconf 68' lang='grc' dir='ltr'><strong>Ἐπιπςράψαξ.</strong></span> <span class='ocrx_word' id='word_1_814' title='bbox 1338 2691 1406 2719; x_wconf 82' lang='lat' dir='ltr'><strong>Male</strong></span> <span class='ocrx_word' id='word_1_815' title='bbox 1425 2693 1490 2720; x_wconf 87' lang='lat' dir='ltr'><strong>editi</strong></span> <span class='ocrx_word' id='word_1_816' title='bbox 1513 2692 1676 2728; x_wconf 70' lang='grc' dir='ltr'>ἐπιγράψαι.</span> <span class='ocrx_word' id='word_1_817' title='bbox 1702 2691 1801 2719; x_wconf 77' lang='lat' dir='ltr'><strong>Veram</strong></span> 
     </span>
    </p>
   </div>
   <div class='ocr_carea' id='block_1_99' title="bbox 176 2727 1802 2763">
    <p class='ocr_par' dir='ltr' id='par_1_99' title="bbox 176 2727 1802 2763">
     <span class='ocr_line' id='line_1_101' title="bbox 176 2727 1802 2763; baseline 0 -9"><span class='ocrx_word' id='word_1_818' title='bbox 176 2728 355 2763; x_wconf 74' lang='lat' dir='ltr'><strong>inspexisset,</strong></span> <span class='ocrx_word' id='word_1_819' title='bbox 370 2736 457 2763; x_wconf 89' lang='lat' dir='ltr'><strong>neque</strong></span> <span class='ocrx_word' id='word_1_820' title='bbox 471 2729 539 2755; x_wconf 85' lang='lat' dir='ltr'><strong>adeo</strong></span> <span class='ocrx_word' id='word_1_821' title='bbox 551 2727 670 2763; x_wconf 79' lang='lat' dir='ltr'><strong>legisset,</strong></span> <span class='ocrx_word' id='word_1_822' title='bbox 684 2735 745 2762; x_wconf 83' lang='lat' dir='ltr'><strong>quae</strong></span> <span class='ocrx_word' id='word_1_823' title='bbox 760 2728 829 2763; x_wconf 85' lang='lat' dir='ltr'><strong>apud</strong></span> <span class='ocrx_word' id='word_1_824' title='bbox 843 2736 904 2755; x_wconf 86' lang='lat' dir='ltr'><strong>eum</strong></span> <span class='ocrx_word' id='word_1_825' title='bbox 917 2735 961 2755; x_wconf 87' lang='lat' dir='ltr'><strong>se-</strong></span> <span class='ocrx_word' id='word_1_826' title='bbox 1013 2728 1168 2761; x_wconf 85' lang='lat' dir='ltr'><strong>lectionem,</strong></span> <span class='ocrx_word' id='word_1_827' title='bbox 1196 2727 1378 2763; x_wconf 59' lang='lat' dir='ltr'><strong>praeterquam</strong></span> <span class='ocrx_word' id='word_1_828' title='bbox 1402 2729 1475 2763; x_wconf 89' lang='lat' dir='ltr'><strong>quod</strong></span> <span class='ocrx_word' id='word_1_829' title='bbox 1508 2727 1643 2755; x_wconf 80' lang='lat' dir='ltr'><strong>sententia</strong></span> <span class='ocrx_word' id='word_1_830' title='bbox 1671 2727 1802 2763; x_wconf 85' lang='lat' dir='ltr'><strong>postulat,</strong></span> 
     </span>
    </p>
   </div>
   <div class='ocr_carea' id='block_1_100' title="bbox 176 2762 1803 2799">
    <p class='ocr_par' dir='ltr' id='par_1_100' title="bbox 176 2762 1803 2799">
     <span class='ocr_line' id='line_1_102' title="bbox 176 2762 1803 2799; baseline 0.001 -10"><span class='ocrx_word' id='word_1_831' title='bbox 176 2762 310 2799; x_wconf 75' lang='lat' dir='ltr'><strong>qutintur,</strong></span> <span class='ocrx_word' id='word_1_832' title='bbox 329 2762 427 2798; x_wconf 83' lang='lat' dir='ltr'><strong>quibus</strong></span> <span class='ocrx_word' id='word_1_833' title='bbox 447 2764 616 2799; x_wconf 84' lang='lat' dir='ltr'><strong>demonstrat</strong></span> <span class='ocrx_word' id='word_1_834' title='bbox 636 2764 734 2790; x_wconf 89' lang='lat' dir='ltr'><strong>merito</strong></span> <span class='ocrx_word' id='word_1_835' title='bbox 751 2762 883 2799; x_wconf 86' lang='lat' dir='ltr'><strong>se_lndos</strong></span> <span class='ocrx_word' id='word_1_836' title='bbox 904 2763 960 2797; x_wconf 90' lang='lat' dir='ltr'><strong>phi-</strong></span> <span class='ocrx_word' id='word_1_837' title='bbox 1013 2763 1104 2790; x_wconf 86' lang='lat' dir='ltr'><strong>ﬁrmat</strong></span> <span class='ocrx_word' id='word_1_838' title='bbox 1115 2762 1206 2791; x_wconf 76' lang='lat' dir='ltr'><strong>statim</strong></span> <span class='ocrx_word' id='word_1_839' title='bbox 1219 2762 1336 2798; x_wconf 86' lang='lat' dir='ltr'><strong>sequens</strong></span> <span class='ocrx_word' id='word_1_840' title='bbox 1348 2763 1520 2797; x_wconf 86' lang='lat' dir='ltr'><strong>participium</strong></span> <span class='ocrx_word' id='word_1_841' title='bbox 1534 2763 1713 2799; x_wconf 80' lang='grc' dir='ltr'>ὁμολογήσας,</span> <span class='ocrx_word' id='word_1_842' title='bbox 1730 2763 1803 2799; x_wconf 90' lang='lat' dir='ltr'><strong>quod</strong></span> 
     </span>
    </p>
   </div>
   <div class='ocr_carea' id='block_1_101' title="bbox 176 2797 1805 2834">
    <p class='ocr_par' dir='ltr' id='par_1_101' title="bbox 176 2797 1805 2834">
     <span class='ocr_line' id='line_1_103' title="bbox 176 2797 1805 2834; baseline 0.001 -10"><span class='ocrx_word' id='word_1_843' title='bbox 176 2798 320 2834; x_wconf 78' lang='lat' dir='ltr'><strong>losopbos</strong></span> <span class='ocrx_word' id='word_1_844' title='bbox 336 2806 385 2833; x_wconf 87' lang='lat' dir='ltr'><strong>pro</strong></span> <span class='ocrx_word' id='word_1_845' title='bbox 408 2798 550 2834; x_wconf 74' lang='grc' dir='ltr'>μακαρίοις</span> <span class='ocrx_word' id='word_1_846' title='bbox 575 2799 683 2834; x_wconf 75' lang='lat' dir='ltr'><strong>habere,</strong></span> <span class='ocrx_word' id='word_1_847' title='bbox 712 2802 740 2824; x_wconf 89' lang='lat' dir='ltr'><strong>ut</strong></span> <span class='ocrx_word' id='word_1_848' title='bbox 764 2797 832 2834; x_wconf 73' lang='lat' dir='ltr'><strong>adeo</strong></span> <span class='ocrx_word' id='word_1_849' title='bbox 857 2799 960 2834; x_wconf 86' lang='lat' dir='ltr'><strong>optime</strong></span> <span class='ocrx_word' id='word_1_850' title='bbox 1013 2799 1188 2833; x_wconf 64' lang='lat' dir='ltr'><strong>praecessisse</strong></span> <span class='ocrx_word' id='word_1_851' title='bbox 1202 2797 1274 2826; x_wconf 83' lang='lat' dir='ltr'><strong>aliud</strong></span> <span class='ocrx_word' id='word_1_852' title='bbox 1290 2799 1462 2833; x_wconf 77' lang='lat' dir='ltr'><strong>participium</strong></span> <span class='ocrx_word' id='word_1_853' title='bbox 1476 2797 1650 2826; x_wconf 79' lang='lat' dir='ltr'><strong>intercedeus</strong></span> <span class='ocrx_word' id='word_1_854' title='bbox 1663 2797 1762 2833; x_wconf 86' lang='lat' dir='ltr'><strong>copula</strong></span> <span class='ocrx_word' id='word_1_855' title='bbox 1773 2806 1805 2825; x_wconf 75' lang='grc' dir='ltr'><strong>τε</strong></span> 
     </span>
    </p>
   </div>
   <div class='ocr_carea' id='block_1_102' title="bbox 177 2833 992 2869">
    <p class='ocr_par' dir='ltr' id='par_1_102' title="bbox 177 2833 961 2869">
     <span class='ocr_line' id='line_1_104' title="bbox 177 2833 961 2869; baseline -0.001 -9"><span class='ocrx_word' id='word_1_856' title='bbox 177 2834 294 2868; x_wconf 82' lang='lat' dir='ltr'><strong>quadret</strong></span> <span class='ocrx_word' id='word_1_857' title='bbox 315 2833 349 2860; x_wconf 88' lang='lat' dir='ltr'><strong>iis</strong></span> <span class='ocrx_word' id='word_1_858' title='bbox 368 2833 440 2868; x_wconf 83' lang='lat' dir='ltr'><strong>quod</strong></span> <span class='ocrx_word' id='word_1_859' title='bbox 460 2833 634 2868; x_wconf 49' lang='lat' dir='ltr'><strong>praecesserat</strong></span> <span class='ocrx_word' id='word_1_860' title='bbox 649 2833 706 2869; x_wconf 82' lang='grc' dir='ltr'>ὥρα</span> <span class='ocrx_word' id='word_1_861' title='bbox 725 2833 877 2868; x_wconf 80' lang='grc' dir='ltr'>μανθάνειν.</span> <span class='ocrx_word' id='word_1_862' title='bbox 894 2833 961 2866; x_wconf 71' lang='lat' dir='ltr'><strong>Qum</strong></span> 
     </span>
    </p>
   </div>
   <div class='ocr_carea' id='block_1_103' title="bbox 722 2833 1537 2869">
    <p class='ocr_par' dir='ltr' id='par_1_103' title="bbox 725 2833 1537 2869">
     <span class='ocr_line' id='line_1_105' title="bbox 725 2833 1537 2869; baseline 0.006 -10"><span class='ocrx_word' id='word_1_863' title='bbox 725 2833 877 2868; x_wconf 81' lang='grc' dir='ltr'>μανθάνειν.</span> <span class='ocrx_word' id='word_1_864' title='bbox 894 2833 961 2866; x_wconf 69' lang='lat' dir='ltr'><strong>Quze</strong></span> <span class='ocrx_word' id='word_1_865' title='bbox 1012 2834 1124 2861; x_wconf 83' lang='lat' dir='ltr'><strong>evincit.</strong></span> <span class='ocrx_word' id='word_1_866' title='bbox 1234 2868 1239 2869; x_wconf 91' lang='lat'><strong>7</strong></span> <span class='ocrx_word' id='word_1_867' title='bbox 1331 2868 1334 2869; x_wconf 99' lang='lat'><strong>7</strong></span> <span class='ocrx_word' id='word_1_868' title='bbox 1355 2868 1358 2869; x_wconf 99' lang='lat'><strong>7</strong></span> <span class='ocrx_word' id='word_1_869' title='bbox 1375 2868 1379 2869; x_wconf 99' lang='lat'><strong>7</strong></span> <span class='ocrx_word' id='word_1_870' title='bbox 1530 2854 1537 2864; x_wconf 83' lang='lat'><strong>.</strong></span> 
     </span>
    </p>
   </div>
   <div class='ocr_carea' id='block_1_104' title="bbox 177 2867 992 2904">
    <p class='ocr_par' dir='ltr' id='par_1_104' title="bbox 177 2867 962 2904">
     <span class='ocr_line' id='line_1_106' title="bbox 177 2867 962 2904; baseline 0.001 -10"><span class='ocrx_word' id='word_1_871' title='bbox 177 2867 200 2904; x_wconf 62' lang='lat' dir='ltr'><strong>si</strong></span> <span class='ocrx_word' id='word_1_872' title='bbox 220 2868 342 2901; x_wconf 80' lang='lat' dir='ltr'><strong>vidisset,</strong></span> <span class='ocrx_word' id='word_1_873' title='bbox 357 2867 511 2904; x_wconf 56' lang='lat' dir='ltr'><strong>quicumque</strong></span> <span class='ocrx_word' id='word_1_874' title='bbox 526 2869 570 2895; x_wconf 87' lang='lat' dir='ltr'><strong>ille</strong></span> <span class='ocrx_word' id='word_1_875' title='bbox 582 2868 665 2904; x_wconf 72' lang='lat' dir='ltr'><strong>fuerit</strong></span> <span class='ocrx_word' id='word_1_876' title='bbox 674 2867 799 2900; x_wconf 74' lang='lat' dir='ltr'><strong>criticus,</strong></span> <span class='ocrx_word' id='word_1_877' title='bbox 814 2869 906 2895; x_wconf 86' lang='lat' dir='ltr'><strong>statim</strong></span> <span class='ocrx_word' id='word_1_878' title='bbox 920 2868 962 2895; x_wconf 90' lang='lat' dir='ltr'><strong>vi-</strong></span> 
     </span>
    </p>
   </div>
   <div class='ocr_carea' id='block_1_105' title="bbox 987 2867 1802 2904">
    <p class='ocr_par' dir='ltr' id='par_1_105' title="bbox 1049 2867 1802 2903">
     <span class='ocr_line' id='line_1_107' title="bbox 1049 2867 1802 2903; baseline 0 -7"><span class='ocrx_word' id='word_1_879' title='bbox 1049 2868 1105 2903; x_wconf 79' lang='lat'><strong>(57)</strong></span> <span class='ocrx_word' id='word_1_880' title='bbox 1133 2868 1300 2902; x_wconf 79' lang='grc' dir='ltr'>Εἰρηκέναι.</span> <span class='ocrx_word' id='word_1_881' title='bbox 1322 2868 1452 2896; x_wconf 80' lang='lat' dir='ltr'><strong>Additum</strong></span> <span class='ocrx_word' id='word_1_882' title='bbox 1480 2869 1508 2895; x_wconf 94' lang='lat' dir='ltr'><strong>in</strong></span> <span class='ocrx_word' id='word_1_883' title='bbox 1531 2867 1612 2896; x_wconf 84' lang='lat' dir='ltr'><strong>editis</strong></span> <span class='ocrx_word' id='word_1_884' title='bbox 1633 2868 1802 2896; x_wconf 77' lang='grc' dir='ltr'>Οὐεσπασια-</span> 
     </span>
    </p>
   </div>
   <div class='ocr_carea' id='block_1_106' title="bbox 176 2903 1803 2939">
    <p class='ocr_par' dir='ltr' id='par_1_106' title="bbox 176 2903 1803 2939">
     <span class='ocr_line' id='line_1_108' title="bbox 176 2903 1803 2939; baseline 0 -9"><span class='ocrx_word' id='word_1_885' title='bbox 176 2903 266 2930; x_wconf 87' lang='lat' dir='ltr'><strong>disset</strong></span> <span class='ocrx_word' id='word_1_886' title='bbox 289 2903 321 2929; x_wconf 84' lang='lat' dir='ltr'><strong>ad</strong></span> <span class='ocrx_word' id='word_1_887' title='bbox 343 2905 425 2931; x_wconf 87' lang='lat' dir='ltr'><strong>verba</strong></span> <span class='ocrx_word' id='word_1_888' title='bbox 446 2904 581 2939; x_wconf 79' lang='lat' dir='ltr'><strong>Apollonii</strong></span> <span class='ocrx_word' id='word_1_889' title='bbox 603 2912 636 2931; x_wconf 83' lang='lat' dir='ltr'><strong>ex</strong></span> <span class='ocrx_word' id='word_1_890' title='bbox 655 2903 819 2931; x_wconf 87' lang='lat' dir='ltr'><strong>Philostrato</strong></span> <span class='ocrx_word' id='word_1_891' title='bbox 845 2904 961 2939; x_wconf 74' lang='lat' dir='ltr'><strong>allegata</strong></span> <span class='ocrx_word' id='word_1_892' title='bbox 1012 2904 1067 2936; x_wconf 82' lang='grc' dir='ltr'>νόν,</span> <span class='ocrx_word' id='word_1_893' title='bbox 1091 2904 1176 2930; x_wconf 91' lang='lat' dir='ltr'><strong>invito</strong></span> <span class='ocrx_word' id='word_1_894' title='bbox 1197 2904 1296 2938; x_wconf 69' lang='lat' dir='ltr'><strong>lingua:</strong></span> <span class='ocrx_word' id='word_1_895' title='bbox 1323 2904 1418 2938; x_wconf 82' lang='lat' dir='ltr'><strong>genio,</strong></span> <span class='ocrx_word' id='word_1_896' title='bbox 1441 2911 1522 2938; x_wconf 84' lang='lat' dir='ltr'><strong>quam</strong></span> <span class='ocrx_word' id='word_1_897' title='bbox 1547 2904 1665 2939; x_wconf 80' lang='lat' dir='ltr'><strong>glossam</strong></span> <span class='ocrx_word' id='word_1_898' title='bbox 1691 2904 1803 2938; x_wconf 82' lang='lat' dir='ltr'><strong>proinde</strong></span> 
     </span>
    </p>
   </div>
   <div class='ocr_carea' id='block_1_107' title="bbox 176 2938 1750 2979">
    <p class='ocr_par' dir='ltr' id='par_1_107' title="bbox 176 2938 1750 2979">
     <span class='ocr_line' id='line_1_109' title="bbox 176 2938 1750 2979; baseline 0.001 -14"><span class='ocrx_word' id='word_1_899' title='bbox 176 2939 313 2972; x_wconf 80' lang='lat' dir='ltr'><strong>pertinere</strong></span> <span class='ocrx_word' id='word_1_900' title='bbox 323 2939 392 2966; x_wconf 83' lang='lat' dir='ltr'><strong>ista:</strong></span> <span class='ocrx_word' id='word_1_901' title='bbox 406 2939 463 2975; x_wconf 81' lang='grc' dir='ltr'>ὥρα</span> <span class='ocrx_word' id='word_1_902' title='bbox 472 2938 626 2975; x_wconf 69' lang='grc' dir='ltr'>μανθάνειν.</span> <span class='ocrx_word' id='word_1_903' title='bbox 640 2939 697 2967; x_wconf 86' lang='lat' dir='ltr'><strong>Hoc</strong></span> <span class='ocrx_word' id='word_1_904' title='bbox 711 2947 774 2968; x_wconf 89' lang='lat' dir='ltr'><strong>vero</strong></span> <span class='ocrx_word' id='word_1_905' title='bbox 788 2939 870 2967; x_wconf 87' lang='lat' dir='ltr'><strong>semel</strong></span> <span class='ocrx_word' id='word_1_906' title='bbox 886 2946 962 2967; x_wconf 64' lang='lat' dir='ltr'><strong>com«</strong></span> <span class='ocrx_word' id='word_1_907' title='bbox 1013 2939 1189 2979; x_wconf 73' lang='lat' dir='ltr'><strong>marginalem</strong></span> <span class='ocrx_word' id='word_1_908' title='bbox 1206 2946 1267 2967; x_wconf 86' lang='lat' dir='ltr'><strong>esse</strong></span> <span class='ocrx_word' id='word_1_909' title='bbox 1284 2939 1389 2974; x_wconf 86' lang='lat' dir='ltr'><strong>putavi,</strong></span> <span class='ocrx_word' id='word_1_910' title='bbox 1404 2946 1438 2967; x_wconf 81' lang='lat' dir='ltr'><strong>ex</strong></span> <span class='ocrx_word' id='word_1_911' title='bbox 1453 2942 1527 2967; x_wconf 74' lang='lat' dir='ltr'><strong>textu</strong></span> <span class='ocrx_word' id='word_1_912' title='bbox 1543 2938 1750 2967; x_wconf 77' lang='lat' dir='ltr'><strong>eliminandam.</strong></span> 
     </span>
    </p>
   </div>
   <div class='ocr_carea' id='block_1_108' title="bbox 337 2983 1152 3016">
    <p class='ocr_par' dir='ltr' id='par_1_108' title="bbox 337 2983 666 3016">
     <span class='ocr_line' id='line_1_110' title="bbox 337 2983 666 3016; baseline 0.009 -3"><span class='ocrx_word' id='word_1_913' title='bbox 337 2984 473 3016; x_wconf 78' lang='grc' dir='ltr'>ΡΑτιιοι..</span> <span class='ocrx_word' id='word_1_914' title='bbox 492 2983 550 3014; x_wconf 81' lang='lat' dir='ltr'><strong>Gn.</strong></span> <span class='ocrx_word' id='word_1_915' title='bbox 567 2984 666 3016; x_wconf 81' lang='lat' dir='ltr'><strong>XXII.</strong></span> 
     </span>
    </p>
   </div>
   <div class='ocr_carea' id='block_1_109' title="bbox 848 2983 1663 3016">
    <p class='ocr_par' dir='ltr' id='par_1_109' title="bbox 1624 2984 1663 3014">
     <span class='ocr_line' id='line_1_111' title="bbox 1624 2984 1663 3014; baseline 0.026 -1"><span class='ocrx_word' id='word_1_916' title='bbox 1624 2984 1663 3014; x_wconf 78' lang='lat'><strong>2&#39;1</strong></span> 
     </span>
    </p>
   </div>
  </div>
