2065 3216
197 205 252 232 846

762 203 862 232 LlBER
879 204 1019 231 CONTRA
1038 203 1246 231 HIEROCLEM.

1769 203 1821 230 διο

198 263 232 291 τὰ
245 263 368 297 βασίλεια
385 263 500 300 παρόδου
523 263 667 295 κοινωνῶν,
685 263 796 299 ὕστερον
812 264 841 290 δὲ
865 265 914 299 τῆς
931 264 982 290 δια-

1042 264 1226 296 mendatione,
1240 263 1334 299 palatii
1344 263 1517 298 imperatoris
1534 262 1607 291 fores
1622 262 1822 298 panderentnr‘!

196 310 284 345 φορᾶς
314 310 394 336 ἕνεκα.
422 310 532 337 τοιαῦτα
555 310 620 344 crept
632 310 713 337 αὑτοῦ
732 310 827 344 λέγων,
846 310 921 336 οὔπω
940 319 983 345 μοι

196 355 348 382 διαϐάλλειν
370 357 385 382 ὸ
415 356 491 390 λόγος
520 356 642 391 βούλεται
657 355 708 382 τὸν
726 356 820 390 ἄνδρα,
838 355 875 387 ὼς
892 356 924 382 ἂν
939 356 984 382 τὸν

196 401 343 436 Εὐφράτην
360 401 588 435 συκοφαντοῦντα,
614 401 764 436 φιλοσόφων
777 402 831 428 τῶν
847 401 906 428 καθ’
923 402 985 427 ἐαυσ

196 447 242 472 τὸν
254 446 308 481 (7|)
331 446 525 480 ἐπιδοξότατον,
541 446 578 478 ὡς
593 448 640 473 καὶ
653 447 682 478 ἐς
705 447 790 482 δεῦρ’,
809 444 848 479 οἷς
875 446 984 482 μέτεστι

196 492 366 527 φιλοσοφίας,
384 492 511 528 ᾇδεσθαι;
528 494 560 519 Ὂ
577 493 622 519 καὶ
644 493 771 528 μέγιστον
784 492 860 518 λάϐοι
883 493 915 519 ἂν
931 501 982 524 τις,

195 539 222 564 εί
237 538 366 572 βούλοιτο,
390 538 566 574 παράδειγμα
585 539 635 573 τῆς
658 538 728 565 κατὰ
743 537 790 564 τοῦ
810 537 984 564 Ἀπολλωνίου

194 582 331 616 διαϐολῆς.
361 583 392 608 Et
407 582 460 619 γὰρ
476 584 490 609 ό
509 584 655 619 Εὐφράτης
668 583 744 619 παρὰ
759 584 815 614 τοῖς
829 583 895 609 πᾶσι
909 582 984 617 φιλο-

197 629 280 664 σοφίᾳ
292 629 439 664 διαπρέψαι
453 630 643 665 ὁμολογηθείη,
653 629 713 665 ὥρα
727 629 921 665 μισοπονηρίαν
936 629 984 664 μὲν

195 674 301 700 ἐκείνου
325 676 504 710 κατηγορεῖν,
531 675 683 706 ἐπεξιόντος
710 675 766 705 τοῖς
785 674 892 705 ἀτόπως
933 674 984 700 ὑπὸ

196 720 275 747 τοῦδε
284 719 430 756 δρωμένοις
440 728 447 752 ;
458 721 563 746 τουτονὶ
577 720 605 752 δὲ
618 720 686 756 πρὸς
703 720 806 746 ἐκείνου
817 719 984 756 κατηγορού-

197 773 289 802 μενον,
317 765 421 800 φαύλην
450 765 660 801 περιϐάλλεσθαι
673 766 762 798 δόξαν,
779 766 820 791 ὃτι
835 765 867 800 δὴ
883 766 921 800 μὴ
937 766 983 792 τὸν

195 813 348 848 ἀρέσκοντα
358 812 397 847 τῷ
414 812 550 847 φιλοσόφῳ
566 812 659 847 μετῄει
672 812 737 847 βίον.

1038 309 1138 337 Verum
1154 310 1196 337 vel
1214 317 1297 342 casco,
1314 313 1343 336 ut
1373 310 1399 336 in
1421 310 1567 344 proverbio
1582 310 1670 342 aiunt,
1689 309 1746 344 jam
1761 316 1822 344 per-

1038 357 1163 391 spicuum
1189 356 1242 387 sit,
1265 356 1337 391 quod
1364 356 1391 383 in
1415 356 1556 383 divinandi
1582 360 1640 384 arte
1661 355 1822 384 detrahatur

1037 402 1098 429 viro
1123 403 1157 429 ab
1181 402 1322 429 historico.
1338 402 1527 430 Concedamus
1550 407 1640 430 autem
1663 403 1690 429 in
1715 402 1821 429 caeteris

1037 455 1099 475 eum
1126 455 1287 483 generosum
1314 449 1434 475 animum
1457 448 1674 481 demonstrasse,
1699 447 1821 483 pericula

1037 494 1120 521 etiam
1138 501 1188 528 pro
1215 493 1311 520 amicis
1336 493 1478 521 subeundo
1500 493 1668 529 frequenter.
1689 493 1724 520 At
1747 495 1821 520 certe

1038 538 1214 574 Euphratem,
1229 538 1320 567 adittts
1335 540 1369 566 ad
1393 540 1566 575 imperatoris
1587 539 1717 575 palatium
1733 540 1820 574 parti-

1037 586 1124 620 cipem
1143 585 1271 616 reddens,
1284 591 1377 620 postea
1402 590 1504 617 tamen,
1521 586 1556 614 ob
1574 585 1746 613 intercedente
1763 585 1820 613 dis-

1038 630 1149 663 sidium,
1165 630 1229 656 talia
1245 630 1278 656 de
1291 638 1324 657 eo
1339 630 1492 665 proferens,
1504 639 1604 662 nonne,
1617 631 1675 666 ipsa
1689 631 1820 658 suadente

1038 675 1103 701 mihi
1120 675 1235 706 ratione,
1253 674 1400 710 Euphratis
1414 676 1503 710 egisse
1517 676 1712 711 sycophantam
1729 676 1820 711 argui-

1037 724 1097 753 tur,
1115 721 1337 756 philosophorum
1353 729 1409 749 sum
1428 722 1515 750 aetatis
1535 722 1692 753 clarissimi,
1707 721 1753 756 qui
1770 721 1821 748 ho-

1037 766 1081 793 die
1096 767 1176 793 etiam
1191 767 1224 794 al)
1237 768 1282 799 iis,
1303 767 1349 802 qui
1367 767 1546 803 philosophiae
1568 768 1664 795 imbuti
1680 771 1745 795 sunt
1764 771 1821 795 stu-

1036 812 1099 844 diis,
1111 813 1282 840 celebratur?
1294 813 1369 846 Quod
1385 814 1473 849 ipsutn
1487 815 1527 841 vel
1540 814 1757 841 illustrissimum
1770 813 1821 840 ali-

197 860 254 892 cui,
267 860 291 887 si
303 859 380 891 velit,
415 858 517 895 [just-cr]
532 860 668 896 Apollonii
700 859 922 895 reprehensionis
948 860 1101 895 exemplum
1123 861 1252 895 praebeat.
1277 859 1305 888 Si
1332 861 1482 896 Euphrates
1506 862 1577 889 enim
1609 861 1729 888 omnium
1754 868 1820 888 COll-

196 914 279 934 sensu
295 907 473 942 philosophiae
491 908 588 936 studiis
601 908 771 936 clarissimus
794 908 935 939 habeatur,
956 908 1175 943 intempestivum
1196 912 1270 935 certe
1302 908 1413 936 minime
1437 908 1527 940 fuerit,
1546 908 1619 936 illius
1635 915 1667 936 eo
1695 908 1820 935 evincere

195 952 279 988 534
294 954 426 982 adversus
447 955 646 989 improbitatem
678 957 787 989 odium,
813 955 886 990 quod
916 955 986 982 mala
1006 955 1141 991 Apollonii
1157 955 1226 983 facta
1239 956 1320 984 fuerit
1338 957 1496 984 insectatus.
1515 956 1592 984 Ilunc
1620 963 1694 987 vero,
1708 955 1754 991 qui
1786 955 1820 982 ab

195 1007 231 1026 eo
246 999 420 1033 arguebatur,
434 999 623 1036 [concludere]
639 1001 708 1028 mala
724 1001 794 1028 fama
811 1000 981 1036 oppressisse
999 1008 1071 1034 eum,
1093 1001 1170 1036 quasi
1187 1001 1268 1029 vitam
1286 1005 1377 1037 ageret
1393 1002 1571 1037 philosophia:
1603 1001 1716 1028 minime
1750 1008 1819 1028 con-

196 1051 368 1074 sentaneam.

457 1097 653 1123 ΚΕΦΑΛᾹΙΟΝ
666 1098 724 1123 AA’.

234 1141 318 1168 Πάλιν
341 1142 371 1168 ὲν
386 1141 425 1177 τῷ
450 1142 530 1177 ἕκτῳ,
564 1142 785 1178 παραδοξολογῶν
801 1144 815 1170 ὀ
829 1143 984 1178 μυθολόγος,

195 1187 258 1221 ἄγει
276 1187 324 1222 μὲν
335 1187 414 1214 αὐτὸν
427 1187 484 1222 ἅμα
501 1189 556 1218 τοῖς
567 1188 683 1223 ἑταίροις
697 1187 812 1223 καμήλῳ
830 1188 985 1223 ὀχούμενον,

196 1233 240 1266 ἐφ’
251 1233 296 1264 οὓς
308 1241 388 1268 φησιν
405 1234 560 1268 Αἰγυπτίων
571 1234 702 1269 Γυμνοὺς,
724 1234 892 1268 φιλοσόφους.
903 1235 986 1260 Ἔνθα

194 1279 228 1314 δὴ
241 1279 441 1314 προστάξαντος
460 1279 506 1306 τοῦ
528 1279 642 1314 γυμνοῦ,
661 1280 770 1312 πτελέα,
796 1281 871 1316 φησὶ,
888 1281 917 1307 τὸ
933 1282 987 1308 δέν-

194 1324 260 1359 δρον
288 1325 483 1359 προσαγορεύει
504 1325 549 1350 τὸν
579 1324 766 1355 Ἀπολλώνιον,
795 1326 917 1361 ἐνάρορῳ
939 1327 986 1352 καὶ

197 1369 294 1405 θηλείᾳ
308 1371 340 1405 τῇ
353 1372 437 1405 φωνῇ.
455 1371 509 1396 Καὶ
519 1370 622 1401 τούτοις
636 1379 665 1404 γε
678 1372 752 1406 ἡμᾶς
762 1372 775 1397 ὀ
787 1380 795 1396 ι
810 1371 960 1406 Φιλαλήθης
974 1381 983 1396 ι

196 1415 336 1442 πιστεύειν
353 1415 434 1447 ἀξιοῖ.
451 1415 516 1447 Εἶτα
543 1416 699 1451 Πυγμαίους
723 1417 822 1453 ἄνδρας
845 1418 915 1453 ὑπὲρ
937 1419 986 1454 τὴν

194 1461 299 1488 τούτων
324 1462 426 1497 ἱστορεί
448 1461 557 1497 χώραν,
581 1462 627 1488 καὶ
656 1462 897 1498 Ἀνθρωποφάγους
919 1463 985 1498 (72),

195 1508 246 1534 καὶ
274 1507 434 1538 Σκιάποδας,
464 1507 582 1542 Σάτυρόν
600 1516 628 1533 τε
654 1507 720 1542 πρὸς
744 1508 790 1534 τοῦ
809 1508 985 1535 Ἀπολλωνίου

198 1553 412 1588 μεθυσκόμενον.
439 1552 484 1584 Ἐξ
507 1553 618 1579 ἐκείνων
630 1551 709 1584 αὖθις
732 1553 869 1580 ἐπάνεισιν
881 1554 926 1579 ἐπὶ
937 1554 986 1588 τὴν

202 1600 325 1627 Ἑλλάδα.
358 1601 475 1636 Ὀμιλίαι
503 1610 532 1627 τε
559 1601 637 1628 πάλιν
654 1602 728 1637 αὐτῷ
740 1622 746 1633 ,
764 1603 811 1628 καὶ
821 1601 986 1637 προγνώσεις

194 1647 400 1673 άνακοινοῦνται
414 1647 480 1682 πρὸς
495 1647 583 1673 Τῖτον.
600 1648 655 1674 Καὶ
668 1647 800 1683 δηχθέντα
821 1648 920 1683 ἔφηϐον
934 1647 986 1674 ὑπὸ

195 1692 345 1724 λυττῶντος
371 1693 458 1724 κυνὸς,
484 1693 512 1719 ὃν
540 1693 571 1729 δὴ
586 1694 632 1719 ’καὶ
657 1694 841 1728 ἐμαντεύσατο
857 1694 930 1725 ὅστις
942 1693 984 1728 εἴη

194 1739 247 1774 τὴν
257 1739 356 1774 ψυχὴν,
373 1740 414 1766 ὅτι.
426 1740 440 1766 ὀ
459 1740 509 1774 τῆς
526 1740 662 1774 Αἰγύπτου
675 1741 738 1766 ποτὲ
756 1740 880 1775 βασιλεὺς
898 1740 986 1774 ’Ἄμα-

1295 1095 1410 1124 CAPUT
1437 1094 1554 1122 XXXIV.

1072 1141 1191 1170 Rursum
1206 1145 1329 1177 portenta
1344 1141 1370 1169 in
1386 1145 1463 1170 sexto
1476 1142 1545 1169 libro
1561 1142 1675 1177 loquens
1690 1147 1817 1178 nugator.

1037 1189 1147 1216 camelis
1159 1196 1220 1215 eum
1239 1195 1291 1214 una
1308 1195 1368 1214 cum
1386 1188 1469 1215 sociis
1488 1192 1595 1215 vectum
1617 1188 1689 1216 sistit
1710 1189 1743 1216 ad
1759 1189 1820 1224 phi-

1037 1234 1176 1269 losophos,
1202 1241 1270 1268 quos
1293 1233 1386 1260 Nudos
1408 1233 1524 1268 appellat
1548 1233 1747 1269 Egyptiorum.
1768 1234 1818 1262 Ubi

1037 1280 1270 1316 gymnosophista,
1300 1284 1330 1306 ut
1355 1280 1463 1315 quidem
1487 1280 1758 1316 narrat",jubente,
1782 1281 1821 1308 ul-

1037 1334 1098 1353 mus
1116 1326 1199 1352 arbor
1213 1326 1385 1361 Apollonium
1404 1333 1470 1352 voce
1488 1325 1630 1353 articulata
1651 1330 1677 1353 ct
1695 1327 1818 1354 muliebri

1037 1371 1116 1398 aﬂ‘ata
1137 1374 1189 1397 est.
1210 1370 1290 1397 Hisce
1306 1374 1396 1397 autent
1413 1380 1422 1395 ι
1435 1369 1601 1397 Philalelhes
1616 1379 1625 1395 ›
1642 1370 1720 1398 (idem
1736 1378 1751 1397 a
1774 1379 1820 1398 no-

1037 1417 1080 1444 bis
1096 1417 1154 1443 vult
1173 1417 1279 1443 haberi.
1300 1416 1401 1444 Deinde
1415 1424 1551 1451 pygmazos
1563 1417 1596 1448 ",
1614 1417 1686 1443 ultra
1705 1425 1820 1454 gymno—

1037 1463 1222 1497 sopltistarum
1246 1463 1360 1497 patriam
1382 1462 1498 1496 positos,
1516 1461 1820 1498 Anthropophagosth

1037 1513 1064 1535 et
1081 1508 1258 1542 Umbripedcs
1271 1511 1476 1540 commemorat,
1496 1505 1676 1542 Satyrumque
1688 1508 1722 1535 ab
1738 1508 1819 1543 Apol—

1037 1554 1110 1580 lonio
1128 1552 1334 1580 inebriatum”.
1353 1551 1416 1578 Inde
1430 1557 1518 1578 autem
1541 1552 1568 1578 in
1583 1552 1715 1579 Graeciam
1734 1553 1818 1585 redit;

1036 1602 1060 1625 et
1075 1605 1183 1625 rursum
1200 1604 1262 1623 cum
1280 1597 1442 1631 imperatore
1453 1595 1515 1623 Tito
1530 1596 1552 1612 “
1569 1604 1711 1625 sermones
1731 1603 1758 1625 et
1773 1606 1819 1625 va-

1037 1643 1129 1670 ticinia
1144 1642 1337 1669 communicat.
1356 1641 1443 1675 Atque
1462 1641 1673 1674 adolescentem,
1690 1650 1704 1668 a
1723 1642 1819 1669 rabido

1036 1697 1158 1716 morsum
1174 1696 1240 1715 cane
1251 1688 1285 1720 °',
1306 1687 1384 1721 cujus
1394 1688 1475 1714 etiam
1491 1688 1580 1714 anima
1592 1695 1651 1722 qua:
1666 1687 1712 1720 sit,
1727 1687 1820 1723 (Amu-

1037 1734 1075 1761 sis
1090 1741 1187 1768 nempe
1202 1732 1321 1768 Egyptii
1341 1731 1478 1766 quondam
1499 1732 1583 1766 regis)
1600 1732 1715 1765 divinat,
1737 1732 1770 1759 ab
1786 1740 1819 1760 eo

197 1794 242 1817 σις
255 1786 320 1820 (7'5),
346 1786 395 1820 τῆς
416 1787 558 1821 συμφορᾶς
587 1786 761 1818 ἀπαλλάττει,
776 1786 855 1821 μέχρι
873 1786 918 1812 καὶ
940 1785 982 1812 τοῦ

1036 1779 1134 1806 liberat
1154 1779 1269 1806 morbo:
1286 1779 1375 1813 ipsum
1388 1784 1496 1812 quoque
1515 1785 1610 1804 canem
1625 1778 1651 1804 in
1669 1777 1820 1813 benignita-

195 1831 279 1862 κυνὸς
292 1831 425 1862 ἐπιτείνας
438 1831 468 1857 τὸ
487 1831 674 1867 φιλάνθρωπον
690 1831 755 1866 (74).
777 1832 860 1857 Ταυτὶ
877 1831 925 1867 μὲν
937 1829 982 1857 οὖν

193 1878 233 1904 τὰ
245 1877 297 1913 προ
312 1877 362 1912 τῆς
375 1877 539 1912 κατηγορίας
555 1877 629 1912 αὐτῷ
644 1877 835 1913 πεπραγμένα.

449 1976 644 2003 ΚΕΦΑΛΑΙΟΝ
670 1977 730 2004 AE’.

240 2021 400 2056 Ἐπιστῆσαι
424 2021 446 2047 δ’
462 2021 535 2054 ἄξιον
562 2022 595 2048 δι’
620 2022 683 2058 ὅλης
702 2022 752 2057 τῆς
773 2021 962 2058 πραγματείας
975 2041 982 2053 ,

195 2066 236 2098 ὡς
250 2067 300 2099 ὃτι,
316 2066 365 2093 κᾶν
379 2066 520 2101 ἀληθεύειν
541 2067 604 2102 δοθῇ
625 2067 663 2102 τῷ
680 2069 829 2103 συγγραφεί
844 2067 878 2094 τὰ
895 2067 984 2102 παρά-

193 2110 271 2143 δοξα,
282 2112 424 2148 συνεργείᾳ
437 2112 561 2147 δαίμονος
574 2113 687 2139 ἕκαστον
701 2112 774 2148 αὐτῷ
784 2112 983 2148 διαπεπρᾶχθαι

192 2156 300 2183 τούτων
309 2157 402 2191 σαφῶς
413 2157 558 2184 δείκνυται.
570 2158 605 2184 Τό
616 2167 646 2184 τε
657 2158 710 2194 γὰρ
723 2157 770 2184 τοῦ
784 2157 878 2193 λοι.μοῦ
893 2166 984 2192 προαι-

194 2202 308 2229 σθέσθαι
331 2203 396 2234 ἴσως
410 2203 458 2238 μὲν
472 2204 522 2230 οὐκ
543 2203 707 2240 ἀπερίεργον
721 2203 831 2236 δόξειεν,
843 2204 876 2235 εἰ,
893 2202 983 2234 καθὼς

233 2273 255 2289 ’ί
277 2273 323 2300 lib.
340 2281 386 2305 v1,
403 2281 427 2300 c.
446 2273 489 2301 10.
533 2274 557 2289 "
577 2273 623 2301 lib.
641 2281 687 2305 vr,
721 2281 747 2300 c.
763 2273 808 2301 25.
846 2273 869 2289 ”
889 2273 935 2300 lib.
954 2281 980 2301 vt

193 2308 221 2323 "
243 2307 291 2334 lib.
309 2316 338 2335 tu
352 2329 359 2342 ,
376 2315 400 2335 c.
421 2309 447 2335 ι.

193 2367 274 2392 sunt.
290 2363 452 2399 Προπεερειν
471 2370 545 2399 vero.
561 2366 599 2399 fut
617 2363 842 2399 προκινδυνεύειν,
857 2372 904 2398 pro
923 2364 978 2390 alio

194 2397 350 2435 periculum
370 2397 472 2435 subire.
492 2398 569 2431 Quod
588 2397 686 2435 fecisse
701 2397 874 2435 Apollonium
895 2407 980 2434 agno-

194 2433 260 2463 écit.
274 2433 377 2468 virique
395 2433 473 2460 fortis
486 2438 512 2460 et
523 2434 645 2468 generosi
655 2433 769 2467 gloriam
784 2434 835 2461 hoc
848 2434 907 2468 ipso
917 2441 979 2460 cum

533 2274 557 2289 "
577 2273 623 2301 lib.
641 2281 667 2300 vr
679 2293 687 2305 ,

993 2294 1000 2306 ,
1018 2280 1043 2300 c.
1061 2272 1106 2299 ‘27.
1145 2272 1168 2288 ἰ
1188 2272 1236 2299 lib.
1254 2280 1300 2304 vt,
1331 2279 1356 2298 ι’.
1386 2271 1421 2297 29
1448 2279 1505 2306 seq.

1035 1824 1071 1852 tis
1087 1831 1142 1851 sua:
1154 1827 1257 1858 partem
1274 1825 1429 1850 admittens.
1445 1823 1533 1858 Atque
1546 1822 1603 1850 haec
1617 1822 1727 1857 quidem
1744 1829 1817 1853 sunt.

1035 1877 1096 1905 quas
1125 1873 1269 1904 antequam
1297 1867 1380 1904 [apud
1406 1868 1597 1903 imperatorem
1620 1867 1818 1905 Domitianum]

1035 1914 1199 1945 deferretur,
1215 1918 1290 1949 gesta
1304 1914 1338 1940 ab
1353 1921 1386 1940 eo
1403 1912 1489 1940 fuere.

1305 1969 1419 1997 CAPUT
1439 1969 1548 1997 XXXV.

1071 2018 1099 2045 ld
1116 2024 1182 2044 vero
1197 2016 1224 2043 in
1245 2019 1301 2043 tota
1317 2016 1361 2042 illa
1376 2015 1523 2043 tenendum
1537 2015 1651 2042 historia
1662 2019 1714 2048 est,
1730 2015 1815 2050 quod,

1034 2064 1058 2093 si
1073 2063 1239 2091 concedatur
1250 2062 1291 2090 vel
1311 2062 1428 2089 maxime
1450 2061 1591 2096 scriptori,
1615 2068 1678 2088 vera
1700 2069 1762 2089 eum
1778 2062 1819 2089 di-

1034 2118 1106 2143 cere,
1120 2113 1244 2144 portenta
1267 2108 1312 2135 illa
1329 2108 1393 2135 dum
1420 2107 1520 2140 refert;
1545 2107 1608 2134 mali
1630 2107 1761 2136 daemonis
1775 2112 1818 2135 ta-

1035 2163 1097 2183 men
1115 2162 1209 2190 opera,
1222 2154 1314 2182 omnia
1335 2154 1388 2181 ista
1407 2157 1512 2189 patrata
1530 2160 1590 2181 esse
1611 2154 1647 2181 ab
1663 2153 1817 2188 Apollonio,

1035 2202 1115 2229 facile
1129 2201 1281 2228 evincatur.
1301 2199 1377 2233 Quod
1396 2200 1469 2227 enim
1482 2205 1585 2234 pestem
1601 2205 1665 2228 ante
1685 2200 1771 2228 sensit
1782 2199 1816 2232 νε,

1554 2271 1577 2287 "
1597 2270 1645 2299 lib.
1663 2280 1691 2299 vr
1703 2292 1711 2305 ,
1728 2279 1753 2300 c.
1771 2271 1815 2299 53.

1032 2364 1135 2435 peililfiir
1146 2400 1195 2426 Ὃν
1215 2398 1254 2432 δὴ
1280 2398 1329 2425 καὶ
1345 2399 1581 2435 ἐμρντεύᾳατο...
1598 2399 1642 2425 ὅτι
1654 2400 1671 2425 ὁ
1685 2397 1814 2434 τῆςΑὶγ.

1032 2433 1104 2461 πολι-ὲ
1114 2434 1219 2466 βασιλ.
1235 2435 1366 2468 Ἄμασις.
1380 2433 1460 2461 Fallit
1480 2434 1526 2461 hic
1540 2435 1670 2461 memoria
1691 2441 1740 2460 sua
1762 2433 1815 2462 Ett—

196 2457 282 2501 tueri,
309 2457 422 2495 concedi
446 2457 538 2502 posseo
553 2468 601 2497 ait,
622 2457 671 2502 qui
693 2457 845 2495 scilicetth
859 2457 977 2501 l'Nervaa,
996 2457 1016 2484 D
1032 2457 1136 2496 se'biut‘tl
1150 2477 1156 2501 ;
1173 2457 1286 2502 jchnis
1298 2457 1371 2496 eniin
1396 2457 1497 2496 a-c-ane
1512 2457 1627 2497 auidi;
1636 2476 1690 2496 non
1706 2457 1815 2497 Amasis

195 2502 268 2530 Rufﬁ
295 2509 320 2530 et
335 2503 412 2530 Orliti
428 2502 692 2538 imprimisgratiam
711 2503 868 2538 προέπειρε.
884 2504 918 2529 At
937 2508 982 2530 ut—

195 2545 307 2571 cunque
323 2546 352 2566 se
364 2538 480 2564 habeant
491 2538 554 2569 ista,
566 2537 592 2563 in
605 2537 712 2571 negotio
726 2537 798 2572 quod
811 2537 835 2565 ci
852 2546 913 2565 cutn
929 2538 983 2564 Eu-

194 2573 295 2608 phrate
310 2572 476 2604 intercessit,
493 2572 612 2606 γενναῖον
626 2579 655 2599 se
670 2573 799 2607 probasse
810 2573 981 2608 Apollonium

196 2611 290 2635 negat.

217 2616 290 2676 cf?“
310 2641 485 2677 Φιλοσόφων
507 2640 575 2677 τῶνῂ
584 2642 648 2668 καθ’
670 2641 786 2669 ἑαυτόν.
807 2642 846 2669 lta
863 2642 981 2677 loquun-

195 2675 243 2704 tur
257 2676 381 2712 puriores
396 2675 545 2712 scriptores
556 2675 654 2712 Graeci,
670 2684 723 2712 non
739 2681 767 2704 ut
781 2677 807 2703 in
823 2675 906 2705 editis
916 2678 978 2712 legi-

195 2710 419 2747 ιυτζφιλοσόφων
429 2710 580 2747 γένομένων
589 2711 642 2737 τῶν
654 2711 713 2737 καθ’
728 2711 831 2738 ἑαυτόν.
846 2710 978 2747 Πείθεεῆ-

194 2747 261 2774 dum
285 2746 367 2781 igitur
379 2747 430 2773 fuit
446 2746 608 2782 γενομένων,
627 2747 701 2782 quod
721 2754 753 2773 ex
773 2748 904 2781 margine,
915 2746 977 2782 ’qua

194 2780 349 2816 ascriptum
385 2786 468 2813 erat,
503 2780 536 2807 ad
562 2781 751 2815 explicandum
784 2780 872 2816 tyroni
908 2780 978 2810 idio-

194 2815 321 2845 tismum.
337 2820 364 2843 et
385 2815 494 2851 quidem
515 2816 604 2843 alieno
626 2817 695 2848 loco,
717 2816 744 2843 in
765 2815 866 2844 teritum
886 2817 976 2844 immi-

193 2852 285 2886 gravit
299 2859 316 2887 τν
333 2851 489 2887 ΐοινίγθηίιη
509 2855 647 2886 utcunque
665 2855 767 2887 posset,
787 2851 809 2879 si
835 2856 896 2887 post
915 2853 977 2879 ἑαυ-

193 2887 241 2914 τόν
261 2886 378 2920 positum
396 2886 501 2914 fuisset.

231 2921 287 2957 (72)
305 2921 708 2956 Ἀνθρωποφάγους.Ριιὶιοδιι·.
726 2921 921 2958 ’Δνδροφάγους
932 2929 978 2957 ap-

1032 2512 1094 2539 esse
1117 2503 1277 2539 diciturrab
1299 2503 1450 2538 Apollonio,
1474 2504 1520 2531 sed
1548 2503 1683 2538 Telephus
1699 2503 1813 2539 Mysius.

1033 2538 1145 2567 Videtur
1167 2538 1324 2566 conludisse
1340 2546 1402 2565 cum
1418 2547 1460 2570 ea,
1476 2539 1509 2565 de
1527 2546 1579 2574 qua
1598 2538 1662 2573 agit,
1684 2546 1723 2574 re,
1738 2544 1815 2573 gesta

1029 2574 1200 2601 Alexandriae
1224 2581 1285 2600 cum
1313 2573 1401 2605 leone,
1425 2574 1451 2600 in
1477 2573 1626 2608 quo’regis
1654 2573 1728 2599 illius
1756 2575 1816 2600 ani-

1031 2617 1101 2636 mam
1113 2617 1173 2636 esse
1190 2609 1278 2636 aiebat
1295 2609 1465 2643 Apollonius.
1490 2608 1557 2636 Vide
1573 2608 1661 2635 Vitam
1677 2609 1749 2643 ejus,
1764 2609 1813 2637 lib.

1028 2652 1066 2675 vr.
1087 2651 1112 2670 c.
1134 2644 1170 2671 42

1064 2679 1120 2713 (74)
1131 2679 1222 2714 Μέχρι
1232 2678 1281 2705 καὶ
1289 2679 1341 2706 τοῦ
1351 2678 1444 2711 κυνὸς
1450 2678 1599 2710 ἐπιτείνας
1606 2677 1639 2704 τὸ
1649 2679 1815 2713 φιλάνθρω-

1028 2722 1097 2740 πον.
1117 2713 1184 2741 Mire'
1204 2714 1247 2741 hic
1266 2714 1357 2741 omnia
1380 2713 1518 2748 pervertit,
1541 2721 1590 2748 pro
1610 2721 1696 2744 more,
1714 2714 1814 2741 Accio-

1028 2749 1085 2776 lus:
1099 2749 1177 2776 facile
1190 2749 1254 2784 quid
1266 2757 1310 2776 res
1321 2749 1355 2776 sit
1364 2753 1562 2784 iassecuturus,
1577 2748 1599 2776 si
1617 2748 1706 2782 ipsum
1717 2756 1815 2776 consu-

1028 2784 1124 2811 luisset
1140 2783 1343 2811 Philbstratum.
1360 2783 1469 2810 Scilicet
1484 2787 1609 2818 spectant
1623 2784 1675 2810 ista
1686 2784 1719 2811 ad
1730 2784 1814 2819 Apol-

1028 2819 1093 2846 lonii
1104 2819 1146 2855 Vini
1162 2819 1250 2854 ipsum
1263 2827 1371 2855 quoque
1383 2826 1485 2855 canent
1495 2819 1700 2855 benignitatem,
1716 2827 1816 2854 nempe

1028 2853 1212 2890 περιώφθηίδὲ
1225 2853 1283 2882 οὐδὲ
1297 2855 1311 2881 ὁ
1327 2853 1410 2886 κύων,
1428 2859 1457 2881 ut
1472 2853 1655 2890 Philostratus
1673 2854 1722 2889 ait;
1734 2853 1814 2882 nam-

1028 2897 1082 2924 que
1092 2890 1144 2925 ipsi
1158 2889 1268 2925 quoque
1282 2890 1410 2917 restituta
1425 2890 1528 2917 sanitas
1540 2889 1602 2918 luit.
