2065 3216
286 223 340 253 857

623 223 755 250 EUSEBII
774 222 1011 250 CIESARZENSIS
1027 222 1103 251 OPP.
1125 222 1214 250 PARS
1232 223 1308 250 Il.-—-
1325 222 1572 252 APOLOGETICA.

1856 218 1918 251 εις

289 285 358 313 forte
373 293 426 312 non
442 284 546 311 carebit
569 284 775 318 superstitione.
796 284 819 311 si
835 288 864 310 ut
892 285 950 318 ipse
966 283 1068 320 [faciL]

1123 284 1209 315 αὐτὸς,
1229 293 1238 309 ι
1253 284 1307 310 ἀπὸ
1322 284 1488 319 λεπτοτάτης
1499 286 1546 311 καὶ
1562 285 1684 321 καθαρᾶς
1697 286 1802 320 διαίτης
1814 295 1823 310 ι
1840 294 1907 312 κατ-

289 340 301 357 (
315 339 348 358 ex
356 331 429 358 tenui
439 331 510 357 victu
527 339 536 355 ι
555 329 695 356 derivetur
707 339 716 354 ‹
735 333 761 356 et
769 337 849 364 puro,
866 340 875 355 ι
890 333 972 364 prout
983 329 1071 356 aPhi-

287 376 403 404 lostrato
418 380 559 402 narratum
573 385 579 402 :
594 374 664 402 forte
681 379 772 402 tamen
785 382 818 401 ex
827 375 992 402 commercio
1007 375 1071 402 mali

288 423 402 457 spiritus
417 421 478 455 ejus
502 421 540 448 rei
561 420 691 448 indicium
707 420 760 455 ipsi
779 423 822 448 est
841 419 953 447 factum.
978 419 1071 446 Enim-

286 475 352 495 vero
371 471 469 494 caatera
489 468 571 494 etiam
587 474 648 502 quze
671 466 783 493 fatidica
799 467 900 494 virtute
915 470 1070 493 assecutum

287 517 370 549 atque
384 513 581 547 praedicentem
608 512 724 544 inducit,
746 513 788 540 vel
816 513 889 540 mille
905 512 1072 547 argumentis

287 565 320 585 ex
336 557 396 592 ipso
408 557 566 585 Philostrati
577 557 678 591 scripto
692 565 806 592 arguere
821 557 895 589 licet,
913 561 942 583 ut
955 564 1008 583 una
1020 557 1072 584 hoc

287 610 397 638 quoque
413 602 449 630 sit
466 601 682 632 concedendum,
698 602 803 636 magica
821 606 891 633 arte,
907 602 962 628 imo
977 609 1071 636 parum

288 650 366 677 abest
380 649 446 684 quin
461 648 550 676 dicam
561 657 609 683 per
620 649 744 683 spirittnn
760 647 930 679 familiarem,
940 648 1071 683 quasdam

288 702 379 722 rerum
391 694 557 727 futurarum,
569 702 623 720 non
637 693 709 720 enitn
721 693 755 720 de
770 693 898 721 omnibus
910 693 1017 728 loquor,
1028 700 1072 719 as-

288 744 412 768 secutum
430 747 491 766 ettm
516 739 608 766 fuisse.
625 738 710 773 idque
724 739 876 766 luculenter
890 746 922 765 eo
937 738 1070 769 firmatur,

287 785 361 820 quod
392 791 445 811 non
477 791 585 818 semper
611 788 638 811 et
662 783 690 811 in
723 784 852 811 omnibus
882 782 1070 810 divinatricem

288 830 368 859 istam
386 830 440 856 vim
455 830 657 857 conservaverit
675 840 682 857 :
700 838 793 857 verum
821 830 921 857 dubius
940 828 1021 856 fuerit
1044 828 1071 854 in

287 880 370 909 quam
387 872 521 907 plurimis,
537 873 570 899 de
580 872 683 903 multis,
697 872 768 906 qttod
780 879 811 899 ea
824 872 972 906 ignoraret.
985 872 1070 898 inter-

287 917 426 953 rogaverit
442 927 448 944 :
469 917 495 944 id
509 917 583 952 quod
598 917 634 947 ei,
655 917 676 943 si
694 916 786 943 divina
801 917 903 944 virtute
916 916 1070 951 polluisset.

287 964 448 998 neutiquam
463 963 603 997 obtingere
619 966 734 997 poterat.
759 962 849 997 Ipsum
864 970 928 989 vero
940 962 1022 989 etiam
1039 962 1066 989 ﬁ-
1088 953 1106 980 Β

288 1017 351 1037 nem
366 1009 436 1044 pesti
460 1008 617 1043 impositum
630 1008 664 1039 ‘7.
680 1015 760 1042 quem
774 1012 884 1035 nactum
897 1008 963 1035 illud
977 1008 1072 1035 drama

289 1055 352 1087 fcit,
368 1062 471 1082 meram
486 1054 678 1089 impostnratn.
691 1059 876 1089 praetereaque
891 1054 957 1081 nihil
974 1054 1070 1087 fuisse,

285 1101 342 1136 jam
353 1105 433 1128 antea
445 1108 459 1127 a
472 1100 551 1127 nobis
566 1104 608 1127 est
621 1099 848 1126 demonstratum.
870 1098 921 1127 Sed
943 1103 970 1127 et
980 1099 1072 1126 Achil-

288 1148 322 1175 lis
335 1147 438 1175 umbra:
451 1146 475 1162 "
492 1145 563 1181 apttd
580 1146 714 1172 ttunnlum
732 1145 817 1180 ipsius
837 1145 902 1180 qttid
916 1153 999 1173 morte
1011 1154 1072 1174 esse

288 1193 385 1229 possit,
401 1193 505 1220 relictis
531 1192 584 1220 illis
607 1191 635 1218 in
651 1192 794 1219 beatorum
812 1191 921 1222 insulis.
948 1195 977 1218 ut
1003 1191 1072 1219 forte

287 1240 351 1276 quis
365 1243 485 1271 censeat,
501 1238 674 1269 habitaculis.
690 1238 742 1265 nisi
760 1237 811 1264 hoc
823 1245 931 1272 quoque
952 1245 1072 1272 praesen-

288 1286 325 1313 tis
340 1289 430 1312 actum
447 1284 482 1311 sit
501 1283 633 1310 dzetnonis
659 1282 850 1320 apparitione?
865 1282 949 1309 Porro
970 1283 1073 1310 daemo-

288 1339 362 1363 nem,
378 1331 424 1366 qui
443 1335 600 1365 protervum
627 1329 703 1363 illum
732 1329 879 1356 luculentis
905 1328 1013 1356 indiciis
1028 1328 1072 1355 ob-

289 1376 396 1404 sidebat
412 1375 612 1402 adolescentem
625 1373 659 1406 ",
675 1377 702 1400 et
715 1379 823 1399 rursum
841 1373 997 1407 Empusam.
1020 1371 1072 1399 La-

290 1423 418 1455 tniamve,
429 1428 511 1455 qttam
527 1419 681 1453 Menippum
699 1418 736 1444 ait
753 1418 883 1452 agitasse,
895 1417 1007 1451 majoris
1019 1418 1074 1444 die.

289 1466 379 1494 monis
404 1473 455 1500 ope
480 1472 541 1492 eum
560 1463 697 1498 expulisse
710 1466 752 1489 est
767 1462 934 1490 verosimile.
953 1462 1072 1489 Pariter-

291 1521 343 1548 que
357 1511 479 1538 vicissim
492 1515 581 1537 mente
594 1513 696 1536 motum
712 1508 911 1536 adolescentem
927 1508 1014 1535 rabidi
1027 1516 1073 1535 ca«

290 1559 333 1586 nis
349 1565 441 1584 morsu
457 1557 477 1588 ¹,
502 1556 646 1590 ipsumque
666 1555 789 1582 dzemone
805 1559 962 1590 correptum
979 1562 1072 1582 canem

290 1604 384 1632 eadem
407 1607 466 1630 arte
489 1602 603 1629 curavit.
631 1601 754 1635 Agnosce
770 1600 863 1635 igitur,
888 1605 968 1635 prout
994 1605 1072 1627 antea

289 1650 359 1682 dixi,
377 1649 468 1676 omnia
483 1648 543 1682 ejus
557 1651 684 1683 portenta
703 1647 835 1673 malorum
856 1647 1008 1675 darmonum
1024 1655 1072 1682 pa-

288 1702 361 1726 trata
376 1695 527 1724 ministerio
541 1701 611 1722 esse.
627 1693 693 1719 Nam
705 1692 777 1728 quod
790 1692 822 1720 ad
839 1693 955 1727 puellam
967 1697 1072 1728 spectat

290 1744 325 1772 ab
340 1742 434 1770 inferis
450 1744 603 1769 revocatam
620 1740 642 1770 ³,
660 1739 683 1766 si
698 1739 825 1774 spiritum
843 1738 932 1766 adhuc
947 1747 978 1766 ea
998 1740 1072 1767 intus

269 1800 272 1802 ·
291 1789 418 1820 habebat,
434 1787 525 1814 vitalis
542 1793 614 1813 aura:
630 1784 788 1816 scintillam,
802 1783 874 1818 quod
890 1784 927 1810 ait
943 1783 1070 1819 scriptor,

1122 330 1242 364 είληπτο,
1271 330 1310 361 ὡς
1336 331 1417 362 αὐτὸς
1437 331 1546 365 ἔφησεν.
1572 332 1650 362 Ἴσως
1665 332 1692 358 δὲ
1719 332 1765 357 καὶ
1795 332 1860 358 αὐτὸ
1877 332 1907 364 ἐξ

1121 374 1228 409 ὁμιλίας
1241 374 1365 410 δαίμονος
1375 375 1449 410 αὐτῷ
1459 384 1561 411 προεμε
1566 377 1674 411 μήνυτο.
1685 377 1740 403 Καὶ
1753 377 1808 413 γὰρ
1817 377 1849 412 δὴ
1860 378 1907 404 καὶ

1122 420 1155 446 τὰ
1182 420 1272 451 λοιπὰ,
1299 421 1349 447 ὅσα
1374 421 1444 447 κατὰ
1470 421 1622 457 πρόγνωσιν
1644 422 1788 457 διειληφώς
1809 431 1839 449 τε
1860 423 1907 449 καὶ

1123 466 1294 501 προειρηκὼς
1319 467 1453 502 εἰσῆκται,
1476 469 1500 493 εί
1529 469 1575 494 καὶ
1605 468 1710 504 μυρίοις
1731 469 1852 503 ἐλέγχοις
1878 469 1906 502 ἐξ

1122 513 1206 547 αὐτῆς
1234 513 1348 548 πάρεστι
1373 513 1422 548 τῆς
1452 513 1500 539 τοῦ
1521 514 1701 549 Φιλοστράτου
1724 515 1833 549 γραφῆς
1860 515 1905 540 εὐ-

1123 557 1222 590 Θὺνειν,
1241 559 1315 593 ὅμως
1330 559 1373 585 ἴνα
1396 559 1583 595 συγχωρηθείη
1601 561 1647 587 καὶ
1666 560 1738 587 τοῦτ’
1751 558 1819 587 εἶναι
1839 561 1906 596 ἁλη-

1123 604 1176 635 θὲς,
1196 604 1266 630 κατὰ
1286 605 1429 639 περίεργον
1448 605 1578 641 μηχανὴν.
1597 606 1698 641 εἴποιμ’
1711 606 1744 633 ἂν
1757 607 1825 642 πρὸς
1849 608 1909 634 δαε-

1124 659 1203 685 μονος
1227 651 1301 686 αὐτῷ
1327 651 1461 686 παρέδρου
1495 652 1555 678 τινὰ
1582 653 1635 678 τῶν
1661 653 1825 688 μελλόντων,
1847 654 1908 680 οὐδὲ

1122 695 1176 731 γὰρ
1203 697 1300 727 πάντα,
1322 697 1508 732 κατειλῆφθαι.
1535 698 1620 724 Τοῦτο
1635 699 1663 724 δὲ
1691 700 1839 734 παρεστησι
1860 708 1907 725 σα-

1123 742 1182 775 φὲς,
1208 742 1239 768 τὸ
1269 742 1305 777 μὴ
1331 743 1365 769 δι’
1382 743 1442 769 ὅλου
1465 743 1511 769 καὶ
1537 745 1601 780 περὶ
1628 745 1736 771 πάντων
1759 746 1808 780 τὴν
1837 747 1908 781 πρό-

1122 793 1221 819 γνωσιν
1238 786 1317 813 αὐτὸν
1340 787 1504 819 ἀποσώζειν·
1529 789 1640 824 ἀπορεῖν
1660 789 1688 816 δὲ
1706 791 1735 816 ὲν
1759 791 1905 823 πλείστοις,

1123 831 1170 857 καὶ
1193 831 1374 859 πυνθάνεσθαι
1393 833 1426 859 δι’
1448 833 1569 867 ἄγνοιαν,
1586 835 1654 870 ὅπερ
1669 835 1718 861 οὐκ
1734 835 1776 866 ἂν,
1792 837 1816 862 εί
1831 836 1909 868 θείας

1122 878 1222 913 ἀρετῆς
1238 879 1321 913 μετῆν
1337 879 1420 914 αὐτῷ,
1430 880 1566 906 πεπόνθοι.
1581 881 1634 907 Καὶ
1644 881 1709 907 αὐτὸ
1718 881 1746 907 δὲ
1760 882 1789 907 τὺ
1804 882 1907 908 παῦσαι

1121 924 1168 950 τὸν
1181 924 1283 959 λοιμὸν,
1301 925 1392 952 ὁποῖον
1405 926 1495 962 εἴληχε
1508 927 1538 953 τδ
1551 927 1652 963 δρᾶμα,
1674 928 1714 954 ὅτι
1729 928 1823 962 φάσμα
1838 928 1906 960 (75),

1122 971 1169 996 καὶ
1192 970 1267 997 οὐδέν
1295 980 1321 997 τι
1350 971 1429 998 πλέον
1458 970 1501 1007 ἦν,
1524 972 1722 1008 προδεδήλωται
1752 973 1910 1008 (76).“Αλλα

1123 1015 1170 1040 καὶ
1183 1016 1199 1050 ἡ
1214 1015 1287 1050 ψυχῆ
1305 1016 1360 1049 (77)
1383 1015 1523 1050 Ἀχιλλέως
1536 1017 1610 1052 παρὰ
1627 1017 1666 1052 τῷ
1683 1017 1764 1044 αὑτοῦ
1787 1019 1909 1053 μνήματι

1121 1060 1148 1086 τί
1168 1060 1201 1087 ἂν
1219 1060 1359 1095 διατρίϐοι,
1376 1061 1425 1093 τὰς
1441 1063 1470 1088 ὲν
1491 1063 1620 1098 μακάρων
1639 1064 1738 1098 νήσοις,
1753 1063 1791 1094 ὡς
1805 1063 1837 1089 ἃν
1856 1064 1911 1098 φή-

1123 1106 1178 1132 σειέ
1196 1115 1237 1138 τις
1253 1107 1318 1141 (78),
1330 1107 1513 1134 ἀτιολειποῦσα
1529 1108 1594 1143 (78·)
1606 1109 1752 1143 διαγωγὰς,
1767 1110 1790 1135 εἰ
1808 1109 1844 1145 μὴ
1860 1110 1909 1136 καὶ

1121 1151 1199 1178 τοῦτο
1221 1152 1347 1187 δαίμονος
1362 1151 1395 1187 ἦν
1421 1153 1578 1187 ἐπιφανείας
1606 1154 1760 1189 παρουσίας
1782 1155 1837 1181 Καὶ
1860 1154 1909 1181 τοῦ

1123 1196 1253 1230 ἀσελγοῦς
1268 1196 1297 1222 δὲ
1320 1197 1463 1232 μειρακίου
1485 1198 1576 1231 σαφῶς
1603 1197 1705 1225 ἕνοικον
1721 1198 1843 1234 δαίμονα,
1860 1200 1910 1225 καὶ

1123 1241 1202 1268 πάλιν
1221 1242 1255 1276 ἢν
1279 1241 1378 1277 ἔφησεν
1396 1243 1555 1277 Ἔμπουσαν
1569 1252 1598 1269 τε
1621 1245 1667 1270 καὶ
1691 1244 1797 1279 Λαμίαν
1820 1246 1909 1279 ἐμπε-

1123 1287 1314 1322 παρῳνηκέναι
1331 1287 1369 1322 τῷ
1384 1287 1527 1323 Μενίππῳ,
1546 1288 1647 1323 μείζονι
1662 1289 1721 1323 τάχ’
1735 1290 1799 1321 ἴσως
1815 1289 1909 1324 ἐξελή-

1122 1332 1187 1359 λακε
1199 1333 1313 1368 δαίμονι.
1323 1333 1435 1368 Ὁμοίως
1444 1343 1473 1360 τε
1488 1332 1520 1360 αὖ
1532 1335 1579 1360 καὶ
1587 1335 1632 1361 τὸν
1641 1334 1690 1366 τὰς
1702 1336 1802 1370 φρένας
1820 1344 1910 1371 παρα-

1122 1378 1261 1412 τραπέντα
1282 1378 1387 1405 νεανίαν
1411 1379 1463 1404 ὑπὸ
1489 1378 1536 1405 τοῦ
1560 1379 1707 1411 λυττῶντος
1722 1380 1812 1411 κυνὸς,
1827 1381 1910 1407 αὐτόν

1122 1431 1151 1449 τε
1164 1423 1208 1450 τὸν
1223 1423 1390 1458 δαιμονῶντα
1404 1424 1481 1456 κύνα,
1497 1427 1528 1460 τῇ
1544 1426 1611 1461 αὐτῇ
1631 1425 1778 1461 μετήλλαξε
1792 1426 1909 1462 μεθόδῳ.

1125 1467 1195 1503 Ὅρα
1216 1468 1246 1503 δὴ
1263 1467 1319 1500 οὖν,
1336 1469 1373 1500 ὡς
1389 1469 1466 1504 ἔφην,
1489 1470 1537 1505 τὴν
1558 1471 1647 1497 πᾶσαν
1664 1471 1737 1505 αὐτῷ
1758 1471 1911 1507 παραδοξο-

1124 1513 1223 1545 ποιίαν,
1248 1514 1284 1545 ὼς
1314 1514 1356 1540 διὰ
1384 1515 1541 1550 δαιμονικῆς
1567 1515 1722 1542 ἀπετελείτο
1747 1517 1909 1552 ὑπουργίας.

1124 1557 1160 1583 Τὸ
1168 1557 1221 1593 γὰρ
1229 1558 1278 1593 τῆς
1292 1558 1480 1594 ἁναόιωσάσης
1493 1559 1586 1594 κόρης,
1601 1560 1650 1586 εἰτ’
1660 1560 1779 1594 ἔμπνους
1791 1561 1910 1596 ὑπῆρχε,

1125 1603 1260 1639 σπινθῆρα
1275 1604 1374 1639 ψυχῆς,
1394 1605 1463 1631 κατὰ
1484 1605 1528 1631 τὸν
1550 1606 1716 1640 συγγραφέα,
1736 1606 1783 1632 καὶ
1808 1607 1911 1641 ἰκμάδα

1126 1649 1171 1675 ἐπὶ
1194 1649 1240 1676 τοῦ
1265 1649 1410 1684 προσώπου
1433 1650 1551 1686 φέρουσα
1571 1650 1636 1686 (79),
1654 1651 1841 1686 πριαιρετέον
1860 1652 1912 1686 τῆς

1125 1694 1345 1730 θαυματοποιίας.
1356 1697 1392 1723 Οὐ
1406 1695 1460 1732 γὰρ
1472 1696 1515 1728 ἂν,
1529 1696 1566 1728 ὡς
1578 1697 1624 1723 καὶ
1635 1697 1751 1732 πρόσθεν
1764 1698 1832 1732 ἔφην
1841 1698 1911 1731 (80),

1127 1742 1214 1776 σιωπῇ
1229 1742 1260 1768 τὸ
1283 1742 1439 1777 τηλικοῦτον
1459 1743 1605 1779 παρεδόθη,
1627 1744 1670 1771 ἐπ’
1691 1744 1776 1780 αὐτῆς
1801 1742 1914 1779 Ῥώμης

1127 1785 1257 1820 βασιλέως
1272 1787 1317 1814 ὲπὶ
1329 1788 1459 1824 παρόντος
1472 1790 1662 1825 γεγενημένον.

291 1836 488 1870 humidumque
507 1840 635 1869 vaporem
653 1832 721 1859 l'acie
745 1830 835 1858 adhuc
862 1830 1027 1865 plmferens;
1046 1831 1072 1858 id
1091 1832 1201 1867 quidem
1235 1842 1349 1862 ntunero
1381 1836 1573 1864 miraculorum
1590 1840 1633 1864 est
1647 1837 1831 1864 eximendum.
1857 1835 1914 1863 Ne-

290 1892 344 1920 que
356 1881 439 1913 enim,
473 1880 544 1908 sicut
556 1883 584 1907 et
600 1883 662 1906 ante
676 1877 780 1908 monui,
797 1881 852 1903 tam
869 1876 971 1912 grande
1000 1876 1109 1905 facinus
1131 1879 1238 1907 silentio
1259 1881 1393 1915 potuisset
1419 1882 1535 1912 involvi,
1553 1883 1580 1909 in
1607 1882 1667 1917 ipsa
1689 1882 1755 1909 urbe
1772 1881 1866 1908 Romae
1881 1882 1911 1908 in

291 1932 439 1964 conspectu
453 1926 531 1962 quasi
547 1925 719 1960 imperatotis
735 1927 883 1959 patratum.

511 1997 591 2034 535
610 1996 726 2025 CAPUT
745 1994 866 2023 XXXVI.

328 2057 458 2092 Equidem
476 2056 528 2082 alia
543 2056 684 2082 innumera
696 2061 728 2081 ex
743 2053 839 2081 iisdem
853 2052 930 2080 libris
945 2052 1074 2087 colligere

292 2104 396 2135 liceret,
412 2103 512 2137 quibus
523 2108 604 2136 quam
622 2099 701 2127 facile
716 2098 853 2127 confutari
868 2102 980 2134 queant,
993 2106 1073 2133 quam

291 2156 388 2186 parum
406 2148 521 2177 invicem
545 2147 597 2175 sibi
622 2145 814 2180 respondentia
838 2145 966 2176 habeant,
992 2151 1074 2180 quam

292 2196 347 2223 sint
360 2194 493 2226 fabulosa,
513 2201 594 2228 quant
607 2192 685 2228 plena
699 2191 830 2218 monstris
844 2191 1012 2217 evincamus.
1027 2190 1076 2216 At-

291 2246 382 2270 tamen
394 2240 613 2277 quandoquidem
630 2246 684 2266 non
698 2241 829 2264 accurato
846 2236 928 2263 nimis
943 2235 1074 2263 adversus

291 2287 429 2315 hominem
443 2285 534 2313 stttdio
547 2285 626 2312 nobis
636 2291 705 2319 opus
716 2286 776 2315 est;
792 2281 864 2316 quod
879 2285 985 2308 tantum
1003 2281 1075 2308 absit

1379 1997 1574 2023 ΚΕΦΑΛΑΙΟΝ
1590 1997 1658 2030 AG".

1161 2052 1252 2087 Μυρία
1268 2053 1316 2088 μὲν
1331 2050 1377 2079 οὖν
1393 2053 1439 2079 καὶ
1458 2053 1524 2080 ἄλλα
1547 2054 1676 2089 πάρεστιν
1696 2055 1728 2080 ὲκ
1749 2053 1804 2080 τῶν
1819 2053 1914 2082 αὐτῶν

1128 2097 1306 2130 ἀναλέξασθαι
1329 2100 1561 2134 συγγραμμάτων,
1595 2099 1624 2125 τό
1643 2107 1672 2125 τε
1695 2100 1724 2125 ἐν
1751 2100 1845 2131 αὐτοῖς
1867 2100 1913 2126 εὺ-

1127 2143 1263 2178 έλεγκτον,
1278 2144 1325 2171 καὶ
1337 2144 1495 2176 ἀσύστατον,
1511 2144 1631 2180 μυθῶδες
1646 2153 1675 2171 τε
1695 2145 1741 2171 καὶ
1759 2145 1914 2180 τερατῶδες

1127 2189 1300 2216 ἀπευθύνειν·
1319 2190 1392 2225 ὅμως
1410 2190 1469 2216 ἐπεί
1490 2199 1520 2224 γε
1535 2190 1594 2216 οὐδὲ
1612 2189 1710 2226 πολλῆς
1727 2190 1760 2217 τὰ
1779 2190 1851 2217 κατὰ
1865 2191 1914 2217 τιν

1127 2235 1210 2271 ἄνδρα
1224 2236 1306 2262 δεῖται
1327 2236 1555 2270 σπουδαιολογίας,
1569 2236 1617 2271 οὐχ
1630 2237 1671 2262 ὃτι
1685 2245 1715 2270 γε
1728 2237 1757 2262 ὲν
1768 2236 1850 2268 θεοῖς,
1864 2237 1914 2263 καὶ

1127 2281 1296 2317 παραδόξοις,
1313 2282 1360 2308 καὶ
1380 2281 1547 2316 θαυμασίοις,
1564 2281 1620 2308 ἀλλ’
1641 2282 1695 2308 οὐδ’
1714 2283 1743 2308 ὲν
1756 2281 1914 2316 φιλοσόφοις

292 2339 324 2360 ut
351 2332 421 2359 inter
444 2330 510 2358 deos
534 2329 717 2364 stupendosve
750 2328 823 2354 viros
847 2330 874 2354 et
900 2326 1075 2354 admirandos

1127 2328 1203 2364 παρά
1217 2335 1272 2353 τισι
1286 2327 1339 2353 τῶν
1353 2327 1400 2354 νῦν
1424 2327 1532 2362 μνήμης
1549 2327 1726 2363 ὑπαρχούσης
1744 2327 1838 2360 αὐτοῦ,
1857 2329 1913 2360 τοῖς

293 2376 383 2414 {locus
399 2377 450 2412 ipsi
469 2374 626 2411 habeatur],
644 2379 673 2401 ttt
689 2381 722 2400 ne
740 2373 810 2399 inter
826 2372 1002 2406 philosophos
1012 2371 1074 2405 qui-

293 2423 356 2451 dem
371 2430 386 2450 a
399 2422 562 2457 quibusdam
581 2420 665 2447 nostri
678 2419 728 2446 :evi
740 2418 897 2446 hominibus
907 2417 1008 2444 mentio
1015 2416 1075 2450 ejus

295 2469 357 2502 ﬁat;
375 2469 479 2495 idcirco
493 2468 527 2494 iis
543 2466 664 2493 contenti
679 2472 741 2500 qua:
752 2464 824 2491 dicta
840 2466 915 2494 sunt,
932 2462 965 2489 ad
989 2462 1073 2496 septi-

294 2522 367 2542 mum
381 2521 489 2549 quoque
500 2513 533 2540 de
547 2520 580 2539 eo
596 2512 694 2538 librum
709 2509 911 2546 progredimur.

327 2571 351 2590 ’⁷
371 2573 417 2600 lib.
436 2581 478 2605 tv,
495 2580 519 2599 c.
537 2571 581 2598 10.
618 2571 641 2586 ’⁵
662 2570 708 2597 lib.
727 2577 770 2602 tv,
787 2576 813 2595 c.
830 2568 873 2595 l6.
910 2567 932 2583 ”
955 2567 1000 2594 lib.
1019 2573 1063 2597 tv,
1080 2573 1105 2593 c.
1121 2564 1166 2593 20.

328 2640 384 2676 (75)
404 2639 519 2683 Φφμα.
541 2638 609 2666 Vide
630 2638 664 2665 de
685 2638 735 2665 hac
752 2644 817 2664 voce
829 2636 973 2664 observata
991 2641 1073 2669 supra

294 2675 639 2745 ³ιά(ξὲξ’Πῖὁϊιδνραῑωι-αι.
658 2707 760 2745 Nempe
777 2707 857 2745 paulo
870 2710 933 2745 ante
952 2713 1012 2745 cap.
1027 2703 1072 2745 ίὶίξ.

341 2711 384 2745 76)
405 2711 639 2744 Προδεδήλωται.
660 2711 760 2742 Nempe
795 2711 857 2733 aulo
870 2711 933 2732 ante
952 2713 1012 2739 cap.
1027 2711 1072 2730 τι).

328 2711 458 2782 ίἸἹλΚαὶ
471 2746 490 2782 fit
505 2745 600 2782 grani.
613 2745 675 2782 Καὶ
689 2744 729 2769 ὅτι
741 2744 757 2778 ἡ
773 2715 844 2782 (Συχή
861 2741 962 2768 editum
976 2740 1076 2782 fuerat;

293 2778 339 2805 ὅτι
351 2778 527 2814 rejiciendunt
550 2780 702 2808 videbatur.
719 2778 791 2812 quod
812 2778 843 2814 in
857 2784 908 2803 ms.
925 2783 957 2814 ex
972 2781 1074 2814 przece-

295 2810 459 2843 dente'linea
475 2815 509 2841 ab
521 2815 655 2842 oscitante
678 2810 790 2841 libr—ario
802 2812 908 2838 videtur
921 2810 1072 2837 derivatum

295 2857 386 2918 δεῖξέ)
411 2883 458 2914 Ὦς
473 2882 510 2909 ἂν
529 2882 634 2916 φήσειέ
651 2891 704 2915 τις.
726 2881 786 2908 "me
812 2879 1002 2918 addita._q_t_tod
1032 2878 1074 2917 ili-

293 2913 536 2949 sulas'beatorum;
552 2913 578 2944 et
596 2919 622 2944 in
640 2918 674 2944 iis
683 2913 854 2944 ’ltaltitantem
877 2915 989 2942 Achillis
1013 2913 1079 2952 ani-'

1126 2373 1278 2409 sip-queam;
1296 2372 1483 2408 ἀρκεσθέντες,
1500 2372 1634 2408 μετίωμεν
1653 2373 1700 2399 καὶ
1719 2373 1766 2400 ἐπὶ
1784 2373 1816 2400 τὸ
1838 2373 1915 2400 E660-

1129 2427 1178 2453 μον
1193 2419 1257 2454 περὶ
1271 2418 1353 2445 αὑτοῦ
1369 2418 1547 2454 σύγγραμμα.

1211 2564 1218 2580 ¹
1240 2563 1287 2591 lib.
1305 2571 1348 2595 vt,
1367 2570 1393 2589 c.
1410 2562 1453 2590 55.
1493 2563 1503 2578 ‘
1522 2561 1570 2589 lib.
1590 2569 1633 2594 tv,
1649 2568 1676 2589 c.
1690 2561 1736 2588 45.

1127 2640 1209 2663 mam,
1221 2639 1273 2658 non
1289 2631 1346 2666 ipse
1359 2630 1469 2666 quidem
1485 2633 1617 2666 agnoscat
1630 2629 1777 2666 Eusebius.
1786 2629 1836 2657 sed
1851 2629 1914 2656 κατ’

1126 2667 1267 2703 ἄνθρωπον
1282 2664 1419 2703 loquatur,
1434 2673 1468 2693 ex
1483 2664 1571 2703 mente
1582 2665 1744 2703 gentilium,
1754 2664 1866 2703 heroem
1881 2666 1914 2690 il-

1129 2700 1184 2729 luni
1202 2703 1228 2728 in
1246 2702 1343 2728 insulis
1360 2702 1499 2728 beatorum
1518 2700 1647 2728 felicitate
1663 2700 1716 2726 .‘rui
1733 2700 1814 2733 juxta
1833 2700 1913 2726 then.

1125 2738 1202 2772 logize
1217 2744 1272 2763 suae
1288 2738 1385 2771 placita
1401 2736 1626 2772 existimantium.

1174 2772 1227 2807 78‘)
1245 2768 1476 2807 Ἀτὲολειποῇσα.
1490 2771 1560 2807 Lege
1569 2768 1750 2807 dmltmpca.
1764 2768 1847 2807 Eutr.

1174 2777 1227 2807 78')
1245 2777 1476 2798 Ἀπολειπουσα.
1491 2777 1560 2805 Lege
1569 2777 1750 2796 απολιπουσα.
1765 2777 1847 2796 nn".

1161 2777 1216 2841 ἓ79)
1237 2807 1380 2841 Φέρουσα.
1401 2805 1453 2833 Pro
1464 2805 1599 2841 φέρουσαν
1609 2805 1691 2839 (quod
1703 2808 1763 2830 erat
1776 2805 1805 2831 in
1817 2804 1910 2838 editis)

1125 2839 1418 2877 leg-endttnrputabant
1434 2839 1562 2877 φέρουσα.
1580 2839 1714 2877 Ηοιετεκ.

1161 2873 1217 2912 (80)
1241 2873 1350 2911 Ὠς-καὶ
1363 2873 1495 2910 πρόάθέν
1505 2875 1592 2910 ἔφην.
1614 2874 1702 2909 Supra
1717 2881 1778 2909 cap.
1792 2873 1839 2902 29.
