2065 3216
154 166 209 198 849

413 227 611 255 ΚΕΦΑΛΑῙΟΝ
631 228 690 255 AZ'.

191 271 391 308 Κατηγορεῖται
409 273 475 308 δῆτα
495 273 623 309 γοητείαν
644 274 658 300 ὁ
675 273 752 309 ἀνήρ.
771 270 837 299 Εἶτα
853 272 945 308 Δημη-

153 316 223 352 τρίῳ
235 317 381 354 φιλοσόφῳ,
400 318 580 354 ἀποτρέποντι
597 318 677 345 αὑτὸν
690 318 739 354 τῆς
754 319 800 344 ἐπὶ
811 318 861 354 τὴν
878 317 944 344 Ῥώ-

155 370 211 398 μην
230 363 357 398 παρόδου,
376 364 413 400 μὴ
430 364 597 400 πειθόμενος,
611 364 715 400 ἐπαχθῆ
729 373 800 396 τινα,
822 365 869 391 καὶ
879 373 945 399 φορ-

153 407 219 434 τικὰ
235 409 298 444 περὶ
312 410 407 436 ἑαυτοῦ
422 407 473 438 ὧδὲ
490 420 548 443 πως
562 411 653 445 λέγει’
671 420 680 436 ι
693 409 763 445 Ἐγὼ
774 410 802 436 δὲ
818 409 943 444 γινώσκω

155 454 208 489 μὲν
225 455 335 482 πλεῖστα
353 456 514 492 ἀνθρώπων,
538 457 585 484 ἅτε
607 457 638 493 δὴ
656 457 710 492 (8i)
735 456 813 488 εἰδὼς
835 457 922 483 πάντα
934 465 941 472 ·

152 497 213 526 οἴδα
225 500 253 527 δὲ
269 498 305 527 ὧν
321 499 380 529 οἴδα
395 502 429 529 τὰ
450 503 500 538 μὲν
514 503 679 535 σπουδαίοις,
695 502 728 529 τὰ
742 503 769 529 δὲ
792 503 892 537 σοφοῖς,
910 502 944 529 τὰ

152 545 182 571 δὲ
197 546 319 581 ὲμαυτῴ,
336 547 370 573 τὰ
381 547 409 574 δὲ
421 547 500 580 θεοῖς.
520 558 529 574 ›
549 549 603 576 Καὶ
614 548 645 584 δὴ
659 550 673 575 ό
688 549 716 575 ὲν
734 548 839 580 τούτοις
856 548 944 576 πάντα

152 590 254 617 εἰδέναι
268 591 531 628 μεγαλαυχούμενος,
544 593 656 629 προῖὼν,
665 594 773 628 ἄγνοιάν
783 602 863 621 τινων
876 594 943 631 πρὸς

151 635 200 661 τοῦ
214 635 292 670 λόγου
307 639 509 674 κατηγορεῖται.
525 636 592 665 Εἶτα
605 639 691 675 Δάμις
703 639 777 675 αὑτῷ
793 639 944 675 μεταπλάτ-

150 689 240 713 τεται,
257 682 301 709 διὰ
314 682 428 710 θανάτου
452 684 536 719 φόὸον
555 685 601 711 τὸν
617 685 760 720 φιλόσοφον
775 686 943 722 ἐπικρυπτό-

153 736 245 763 μενος.
262 729 359 756 Ἀκουε
375 730 398 757 δ’
415 729 460 757 οὖν
481 731 527 757 τοῦ
548 732 736 767 συγγραφέως,
751 732 769 759 ἃ
783 732 847 768 περὶ
860 733 942 759 αὑτοῦ

151 783 236 810 φησιν
254 775 488 812 ἀπολογούμενος·
508 787 517 803 ‹
540 778 618 804 Αίτία
633 778 683 814 μὲν
698 778 745 814 ἥδε
761 778 818 814 (82)
833 778 879 804 τοῦ
896 787 943 813 με-

150 819 278 846 ταϐαλεῖν
291 821 377 856 Δάμιν
391 821 422 848 τὸ
435 822 490 848 τῶν
506 822 697 858 Πυθαγορείων
713 823 816 859 σχῆμα.
835 824 872 850 0'3
889 824 942 859 γὰρ

148 865 197 899 ὡς
214 867 302 893 κακίω
324 867 378 903 (85)
404 876 436 902 γε
464 870 530 897 αὐτὸ
553 870 608 905 (84)
627 870 744 906 μετεῖναί
768 879 859 905 φησιν,
883 871 942 897 οὐδὲ

724 168 825 196 LIBER
841 167 979 196 CONTRA
997 165 1206 195 HIEROCLEM.

1733 166 1785 193 850

1262 225 1377 254 CAPUT
1397 223 1525 252 XXXVII.

1035 273 1129 309 Magia
1148 273 1231 308 igitur
1258 273 1320 301 dica
1336 273 1482 308 Apollonio
1498 269 1638 300 scribitur.
1655 270 1719 299 inde
1733 278 1783 297 au-

998 323 1052 348 tem
1068 319 1206 347 Demetrio
1219 319 1396 354 philosopho.
1407 318 1563 346 dehortanti
1574 325 1635 346 eum
1646 317 1784 348 abitinere

997 365 1111 393 Romam
1128 365 1328 397 continuando,
1358 365 1468 392 minime
1483 364 1643 396 obaudiens,
1660 363 1778 391 insolen~

1000 416 1041 439 ter
1058 411 1192 446 quaedam,
1208 419 1241 439 ac
1256 411 1373 446 superbe
1390 410 1424 438 de
1443 418 1473 438 se
1489 410 1549 446 ipso
1565 410 1607 437 his
1623 409 1680 436 fere
1692 409 1783 437 verbis
1815 428 1827 439 α

999 456 1142 492 profert':
1159 467 1168 483 ι
1184 456 1241 491 Ego
1265 457 1419 484 mortalium
1444 461 1604 484 cunctorum
1621 455 1677 483 scio
1697 455 1782 489 pluri-

1001 510 1073 529 mum
1090 512 1097 530 τ
1114 503 1170 531 scio
1192 503 1264 530 enim
1285 502 1388 530 omnia.
1406 502 1472 536 Quze
1495 502 1552 530 seio
1574 506 1664 529 autem
1684 501 1782 536 partim

997 548 1054 574 scio
1080 547 1159 575 bonis
1186 548 1264 579 viris,
1283 547 1381 582 partim
1400 547 1580 581 sapientibus.
1605 545 1703 581 partim
1726 545 1780 581 ipsi

996 593 1073 625 mihi,
1086 593 1186 628 partim
1197 593 1260 620 diis.
1281 602 1290 619 ι
1310 592 1362 620 Sed
1374 593 1445 620 enim
1459 593 1505 627 qui
1518 591 1610 620 verbis
1619 591 1680 619 istis
1689 591 1780 618 omnia

997 647 1026 666 se
1043 647 1126 666 nosse
1140 639 1285 674 magniﬁce
1301 638 1445 672 gloriatur,
1462 638 1544 671 paulo
1569 641 1629 673 post
1656 637 1780 673 ignoran-

996 685 1041 712 tiae
1062 685 1089 712 in
1111 685 1276 720 quibusdam
1305 685 1333 711 in
1357 684 1415 719 ipsa
1436 684 1482 711 illa
1506 684 1622 711 historia
1643 683 1779 718 arguitur.

996 731 1061 758 Inde
1077 739 1162 768 porro
1185 731 1277 758 Damis
1296 729 1509 757 transformatur
1526 729 1560 756 ab
1571 736 1614 761 eo,
1632 729 1667 756 ob
1683 727 1779 756 mortis

996 781 1096 805 metum
1115 777 1306 812 philosophum
1331 775 1513 804 abscondens.
1539 775 1593 803 Sed
1612 775 1675 802 audi
1688 773 1780 801 Philo-

996 826 1100 850 stratus
1116 829 1176 858 quae
1202 823 1277 850 dicat
1299 822 1320 853 ⁸,
1345 821 1372 849 id
1396 821 1499 849 factum
1521 821 1582 856 ejus
1603 820 1776 848 defendens:

998 877 1007 894 ι
1031 868 1062 895 Ει
1074 875 1158 896 causa
1172 867 1282 903 quidem
1306 868 1411 896 exstitit
1429 867 1492 900 ista,
1507 875 1558 894 cur
1580 866 1777 903 Pythagoreum

150 912 304 945 μεταγνοὺς
319 912 394 945 αὐτὸ,
408 913 504 950 τέχνην
515 915 544 941 δὲ
559 915 716 947 ἐπαινέσας,
733 915 766 950 ἣν
782 915 901 950 ὑπῆλθεν
915 916 939 947 ἐς

993 915 1085 942 Darnis
1098 915 1220 942 habitum
1245 918 1376 942 mutaret.
1393 913 1487 949 Neque
1509 914 1583 941 enim
1600 914 1733 949 abjecisse
1749 920 1779 941 se

148 956 182 982 τὸ
195 956 331 993 ξυμφέρον
345 958 391 985 τοῦ
411 960 516 996 καιροῦ.
539 971 549 987 ι

993 961 1031 987 ait
1046 968 1120 992 eum,
1136 965 1166 986 ut
1185 961 1231 996 qui
1247 961 1308 988 vitae
1331 960 1486 988 institutum
1511 964 1646 988 mutasset
1661 960 1687 987 in
1704 960 1779 987 dete-

149 1004 221 1036 rius.
255 1013 344 1041 neque
377 1007 451 1042 quod
477 1008 539 1043 ejus
559 1009 648 1044 ipsum
669 1009 824 1044 paeniteret,
843 1007 974 1043 sedquod
994 1012 1083 1036 astum
1105 1008 1243 1043 probaret,
1261 1008 1305 1035 cui
1329 1015 1358 1035 se
1381 1007 1639 1039 accommodaverit,
1664 1007 1778 1042 tempori

149 1052 345 1081 inserviturus.
369 1063 378 1080 ›

406 1102 603 1132 ΚΕΦΑΛΑΙΟΝ
624 1104 691 1130 AH’.

193 1146 254 1172 Ἐπὶ
274 1146 379 1180 τούτοις
395 1149 409 1174 ὁ
428 1149 606 1184 Φιλόστρατος
621 1150 758 1185 τέσσαρας
776 1150 874 1182 αἰτίας,
892 1150 942 1182 τὰς

147 1192 183 1228 δὴ
201 1192 326 1228 εὐχερεῖς
343 1194 417 1229 αὑτῷ
436 1195 503 1231 πρὸς
518 1195 664 1230 ἀπολογίαν
679 1195 854 1231 νομισθείσας
869 1197 943 1222 ἐκτί-

149 1237 242 1274 οησιν,
268 1240 322 1266 ἀπὸ
348 1240 482 1268 πλείστων
508 1241 647 1277 ὁμολογῶν
672 1243 718 1269 καὶ
744 1242 830 1269 ἄλλων
857 1243 942 1274 αὑτὰς

147 1282 313 1318 ἀνειλέχθαι.
330 1281 379 1311 Ὧν
398 1286 414 1320 ἡ
435 1285 484 1321 μέν
503 1293 545 1317 τις
560 1283 604 1321 ἦν·
625 1296 634 1311 ‹
654 1286 686 1312 Τί
709 1286 775 1322 δῆτα
801 1285 894 1321 μαθὼν
910 1286 940 1311 οὐ

147 1329 200 1365 τὴν
216 1329 301 1365 αὐτὴν
316 1331 418 1358 ἅπασιν
440 1331 496 1367 ἔχοι
510 1332 622 1368 στολήνς
639 1341 648 1358 ι
671 1332 687 1367 ὴ
703 1332 742 1359 δέ·
760 1342 768 1358 ι
786 1331 839 1358 Τοῦ
861 1331 940 1367 χάριν

147 1377 174 1402 οι
193 1375 330 1412 ἄνθρωποι
344 1375 409 1403 Θεὸν
425 1377 506 1405 αὑτὸν
519 1378 691 1413 νενομίκασι;
711 1387 719 1404 ι
734 1379 814 1414 τρίτη
829 1386 835 1392 “
857 1387 865 1404 t
884 1379 937 1404 Πό-

149 1423 198 1449 οεν
225 1425 349 1460 προείποι
367 1425 500 1459 Ἐφεσίοις
524 1425 568 1452 τὸν
590 1425 699 1461 λοιμόν;
718 1435 727 1451 ι
745 1425 791 1452 ἐπὶ
813 1425 935 1457 ταύταις·

150 1477 161 1494 ε
182 1469 242 1495 Τίνι
266 1469 320 1505 (85)
345 1470 456 1504 βαδίσας
474 1471 502 1503 ἐς
525 1471 608 1507 ἀγρὸν
631 1471 775 1506 ἀνατέμνει
795 1471 839 1497 τὸν
856 1470 937 1497 παῖδα

147 1516 197 1542 τὸν
219 1517 351 1552 Ἀρκάδα;
372 1527 381 1543 ι
400 1517 473 1553 Πρὸς
488 1517 589 1550 ταύτας
606 1518 634 1545 δέ
653 1527 718 1554 φησι
735 1519 782 1544 καὶ
801 1518 850 1553 τὴν
871 1518 938 1544 ἀπο-

147 1561 243 1597 λογίαν
264 1563 344 1590 αὺτὺν
364 1565 540 1599 γεγραφέναι.
568 1564 703 1600 Πρότερον
724 1564 745 1590 δ’
769 1564 870 1599 ἱστορεῖ
895 1563 938 1590 δε·
954 1580 974 1607 C

149 1612 230 1645 σμοῖς
247 1611 326 1637 αὐτὸν
341 1612 536 1648 παραδοθῆναι,
554 1611 599 1637 καί
612 1619 638 1637 τι
654 1609 809 1645 Θαυμαστὸν
822 1609 938 1636 ἐνταῦθα

148 1656 381 1690 κατεργάσασθαι.
405 1657 450 1693 Τῷ
463 1656 516 1691 γάρ
534 1666 573 1683 τοι
593 1656 688 1691 Δάμιδι
707 1656 778 1691 μάλα
798 1655 937 1690 λυπηρῶς.

147 1701 188 1733 ὡς
205 1701 238 1728 ἂν
254 1702 300 1728 ἐπὶ
321 1703 446 1738 συμφορᾷ
468 1703 514 1729 τοῦ
530 1702 689 1729 διδασκάλου
704 1701 877 1736 διακειμένῳ,
891 1700 939 1726 αὺ-

146 1747 268 1782 τύματον
281 1746 411 1779 ἐπιδεῖξαι
432 1747 577 1783 λελυμένον
598 1747 646 1774 τοῦ
663 1747 763 1782 δεσμοῦ
785 1746 817 1773 τὸ
832 1745 934 1776 σκέλος·

147 1790 211 1819 εἶτα
229 1792 308 1819 πάλιν
325 1792 482 1819 ἀναλαὸόντ’
501 1793 580 1819 αὑτὸν
599 1793 647 1828 τῆς
664 1792 761 1826 λύπης,
776 1791 890 1818 ἐνθεῖναι
909 1793 938 1823 ὲς

145 1838 179 1865 τὸ
195 1839 324 1875 πρότερον
342 1840 434 1876 σχῆμα
457 1839 502 1866 τὸν
525 1839 601 1866 πόδα.
617 1838 692 1866 Μετὰ
709 1838 797 1870 τοῦτο,
811 1838 937 1874 κρινόμε-

147 1893 196 1911 νον
212 1886 292 1912 αὑτὸν
313 1887 360 1912 ἐπὶ
382 1886 514 1921 βασιλέως
531 1885 704 1920 Δομετιανοῦ,
720 1885 821 1920 γράφει
833 1882 892 1911 εἶτα
905 1884 936 1920 δὴ

144 1931 204 1958 τῶν
233 1931 414 1967 ἐγκλημάτων
442 1931 619 1966 ἀπολυθῆναι,
646 1932 692 1958 καὶ
719 1930 786 1966 μετὰ
809 1930 858 1966 τὴν
883 1929 937 1956 τῶν

145 1977 329 2013 ἐγκλημάτων
345 1978 430 2012 λύσιν,
449 1978 499 2005 οὐκ
522 1975 569 2004 οἷδ’
589 1977 810 2012 ὃπως.ἀκαίρως,
830 1976 876 2012 μοὶ
896 1975 936 2002 δο-

144 2025 202 2054 κεῖ,
215 2024 243 2049 ὲν
263 2023 302 2058 τῷ
316 2024 485 2059 δικαστηρίῳ
500 2023 567 2051 αὐτὰ
589 2023 620 2059 δὴ
640 2023 724 2049 ταῦτα
739 2024 914 2059 ἀναφωνῆσαι
927 2032 933 2038 ·

146 2076 158 2093 α
178 2067 241 2099 Δὸς,
258 2069 281 2094 εί
294 2067 383 2103 βούλει
400 2068 465 2103 (86),
478 2068 562 2103 κάμοὶ
580 2069 670 2094 τόπον.
684 2069 716 2094 El
732 2068 760 2095 δὲ
777 2068 825 2104 μὴ,
842 2068 934 2103 πέμπε

141 2112 193 2139 τὸν
213 2112 363 2148 ληψόμενόν
380 2123 430 2149 μου
445 2114 475 2140 τὸ
489 2114 583 2149 σῶμα·
600 2114 650 2150 τὴν
667 2113 720 2149 γὰρ
736 2114 823 2150 ψυχὴν
837 2113 934 2141 ἀδύνα-

141 2167 204 2190 τον,
221 2159 321 2194 μᾶλλον
341 2159 362 2186 δ’
383 2159 437 2186 οὐδ’
452 2159 485 2186 ἂν
501 2160 532 2186 τὸ
553 2159 633 2195 σῶμα
646 2160 746 2197 τούμὸν
764 2160 864 2192 λάῦοις.
887 2169 896 2186 ι

183 2305 227 2331 οὐ
243 2304 296 2339 γάρ
311 2313 349 2339 με
362 2305 498 2339 κτενέεις,
515 2306 578 2332 ἐπεὶ
599 2306 680 2333 οὗτοι
698 2306 844 2341 μόρσιμός
862 2307 930 2341 ειμι.

180 2359 238 2386 Καὶ
254 2359 286 2395 δὴ
308 2360 354 2386 ἐπὶ
373 2360 458 2396 τούτῳ
475 2360 514 2396 τῷ
536 2361 689 2397 περιϐοήτῳ
713 2362 815 2396 ῥήματι
839 2362 934 2396 ἀφανι-

142 2404 244 2438 σθῆναι
257 2404 303 2430 τοῦ
319 2404 493 2441 δικαστηρίου
511 2406 593 2441 φησὶν
607 2406 698 2433 αὐτόν.
711 2407 766 2433 Καὶ
777 2408 805 2433 ὲν
818 2406 932 2438 τούτοις,

139 2450 173 2476 τὲ
192 2449 258 2486 περὶ
273 2451 355 2478 αὐτοῦ
372 2451 555 2487 καταστρέφει
567 2452 668 2488 δρᾶμα.

1248 1099 1364 1127 CAPUT
1383 1099 1516 1127 XXXVIII

1029 1144 1094 1173 Post
1110 1145 1166 1172 haec
1177 1145 1361 1173 Philostratus
1374 1151 1490 1181 quatuor
1503 1146 1686 1175 accusationis
1702 1147 1777 1182 capi-

992 1195 1030 1223 ta,
1059 1199 1119 1226 qua:
1144 1191 1224 1219 facile
1245 1199 1274 1219 se
1298 1191 1420 1226 apologia
1440 1191 1545 1219 diluere
1560 1199 1640 1226 posse
1656 1197 1774 1227 putaret.

993 1237 1106 1272 exponit
1120 1237 1130 1253 ⁸
1143 1246 1149 1264 :
1166 1245 1198 1264 ex
1213 1237 1338 1272 pluribus
1352 1237 1414 1264 aliis
1432 1245 1528 1264 eorutn
1544 1237 1680 1264 delectum
1695 1237 1775 1265 habi-

992 1287 1049 1310 tum
1061 1290 1122 1310 esse
1138 1283 1273 1318 inquiens.
1288 1283 1390 1310 llorum
1407 1284 1523 1318 primum
1541 1287 1619 1311 erat:
1641 1292 1650 1309 ι
1670 1283 1728 1316 Qua
1742 1283 1775 1311 de

993 1336 1077 1356 causa
1089 1329 1182 1357 eodem
1199 1337 1253 1364 quo
1265 1331 1355 1357 caeteri
1368 1330 1461 1357 habitu
1481 1338 1535 1357 non
1550 1331 1660 1358 utatur?
1676 1341 1685 1357 ›
1701 1331 1776 1358 Alte-

993 1384 1054 1403 rum
1069 1383 1152 1412 porro
1168 1385 1174 1403 :
1190 1385 1199 1402 ι
1219 1376 1308 1407 Ouare
1328 1376 1408 1404 deum
1436 1377 1526 1411 ipsum
1542 1376 1666 1404 homines
1681 1381 1776 1412 putent

991 1423 1069 1450 esse?
1084 1433 1092 1448 ι
1104 1422 1240 1450 Tertium:
1252 1432 1261 1447 ι
1272 1422 1394 1456 Quanam
1409 1422 1517 1450 ratione
1533 1426 1637 1458 pestem
1650 1422 1774 1458 Ephesiis

991 1468 1178 1495 imminentem
1203 1469 1379 1503 praedixerit?
1398 1479 1406 1495 ι
1425 1469 1558 1496 Praeterea
1576 1478 1582 1496 :
1601 1478 1611 1494 ι
1637 1469 1667 1496 in
1694 1469 1774 1504 cujus

991 1514 1106 1549 gratiam
1124 1514 1152 1541 in
1169 1522 1264 1549 agrum
1277 1513 1425 1549 profectus,
1440 1514 1573 1542 Arcadem
1585 1523 1699 1550 puerum
1715 1515 1773 1543 dis-

992 1560 1145 1595 cerpserit?
1165 1570 1173 1586 ι
1192 1561 1280 1595 Atque
1300 1561 1334 1588 ad
1361 1561 1521 1596 depellenda
1543 1561 1594 1588 ista
1621 1561 1772 1596 apologiam

991 1614 1100 1642 quoque
1116 1614 1178 1634 eum
1195 1607 1339 1641 scripsisse
1354 1607 1392 1633 ait
1407 1607 1427 1634 °.
1444 1607 1513 1634 Ante
1528 1614 1592 1634 vero
1614 1607 1641 1634 in
1663 1607 1771 1634 vincula

990 1659 1052 1679 eum
1068 1652 1223 1688 conjectum
1239 1656 1381 1683 memorat,
1403 1657 1484 1687 atque
1495 1652 1523 1679 in
1541 1652 1575 1680 iis
1588 1652 1670 1679 etiam
1685 1652 1772 1680 admi-

989 1697 1076 1724 randa
1104 1697 1226 1732 quaedam
1257 1697 1427 1732 praestitisse.
1453 1697 1557 1724 Damidi
1583 1698 1655 1725 enim
1681 1689 1772 1725 animo

990 1744 1067 1770 valde
1086 1744 1196 1776 amicto,
1214 1747 1243 1770 ut
1260 1751 1309 1778 par
1323 1747 1382 1771 erat
1407 1743 1435 1770 in
1461 1743 1513 1770 ista
1536 1743 1711 1778 praeceptoris
1727 1744 1770 1770 sui

989 1787 1110 1820 fortuna,
1135 1791 1231 1823 sponte
1252 1787 1319 1822 pede
1341 1786 1452 1821 delapsa
1476 1786 1582 1813 vincula
1608 1793 1670 1814 eum
1692 1793 1771 1812 mon-

989 1838 1091 1862 stt-asse
1106 1834 1128 1866 ⁷,
1147 1833 1210 1861 inde
1224 1841 1300 1865 vero.
1318 1833 1365 1860 ubi
1379 1833 1439 1868 ejus
1454 1832 1595 1860 tristitiam
1607 1835 1680 1859 esset
1695 1830 1770 1858 sola-

989 1884 1044 1910 tus,
1063 1880 1146 1914 priori
1168 1880 1252 1907 statui
1269 1879 1363 1915 pedem
1382 1879 1548 1907 restituisse.
1563 1878 1630 1905 Post
1653 1878 1710 1905 haec
1723 1884 1770 1905 co-

989 1933 1046 1953 ram
1064 1925 1218 1953 Domitiano
1235 1925 1399 1960 imperatore
1416 1932 1527 1952 causam
1543 1924 1690 1956 dicentem,
1705 1931 1768 1951 mox

987 1972 1101 1999 crimine
1126 1972 1280 1999 absolutum
1304 1971 1410 2003 scribit,
1425 1971 1572 2005 dilatisque
1588 1978 1648 2005 quae
1662 1969 1768 2004 objecta

988 2017 1096 2044 fuerant
1110 2017 1282 2049 criminibus,
1299 2017 1391 2044 nescio
1407 2016 1543 2052 quomodo
1557 2023 1651 2051 parum
1669 2022 1769 2050 oppor-

987 2068 1052 2091 tune
1068 2063 1220 2098 sequentia,
1247 2063 1314 2098 ipsis
1339 2063 1438 2093 verbis,
1464 2062 1490 2089 in
1511 2061 1657 2089 dicasterio
1671 2068 1769 2096 magno

986 2110 1105 2138 clamore
1117 2110 1283 2145 protulisse'
1302 2119 1308 2136 :
1330 2118 1339 2134 ι
1357 2108 1412 2136 Fac
1424 2112 1451 2136 et
1463 2108 1528 2136 mihi
1540 2106 1662 2144 [dicenti]
1675 2114 1768 2142 quaeso

986 2156 1087 2182 locum.
1116 2154 1164 2182 Sin
1191 2155 1293 2185 minus.
1323 2154 1438 2181 immitte
1465 2153 1512 2188 qui
1541 2160 1641 2187 corpus
1666 2151 1768 2179 vinciat

985 2209 1095 2234 meum;
1124 2200 1345 2236 quandoquidem
1368 2199 1446 2235 ligari
1469 2199 1559 2226 anima
1582 2198 1686 2234 nequit.
1711 2196 1768 2225 lmo

952 2252 973 2280 ι)
989 2247 1078 2282 potius
1090 2254 1124 2274 ne
1137 2254 1237 2282 corpus
1252 2246 1360 2282 quidem
1373 2253 1464 2273 meum
1479 2245 1593 2273 vincias.
1617 2253 1627 2271 ι

987 2302 1043 2330 Nec
1059 2311 1098 2330 me
1111 2304 1180 2330 enim
1202 2302 1315 2335 occides,
1341 2302 1436 2330 Parcis
1453 2309 1493 2329 me
1509 2301 1614 2336 auferre
1635 2305 1764 2336 negatum.

987 2360 1109 2396 Dunique
1129 2361 1201 2389 istud
1215 2366 1268 2388 tam
1288 2361 1394 2388 celebre
1407 2360 1508 2387 dictum
1525 2359 1668 2395 proferret,
1688 2356 1770 2392 536

985 2415 1000 2434 e
1013 2407 1161 2434 dicasterio
1177 2415 1238 2434 eum
1255 2407 1423 2442 disparuisse
1437 2405 1485 2433 ait.
1501 2405 1588 2440 Atque
1599 2404 1656 2432 haec
1667 2407 1709 2431 est
1726 2403 1766 2430 fa-

987 2452 1060 2480 bula:
1072 2453 1132 2487 ejus
1146 2452 1329 2487 catastrophe.

181 2527 192 2542 '
214 2527 260 2564 lib.
278 2533 316 2553 vn
329 2546 335 2557 ,
354 2526 439 2564 _e._l4.
479 2526 489 2542 ⁵
505 2527 606 2564 Ιὶίὶηνιι
618 2548 625 2559 ,
644 2535 669 2554 e.
688 2527 730 2554 l6.
748 2562 757 2564 _
769 2528 780 2544 ⁸
800 2528 846 2554 lib.
863 2536 914 2560 vn,
931 2537 958 2556 c.
974 2529 1029 2560 9.0:
1049 2528 1117 2556 adde
1131 2537 1156 2556 ο.
1173 2530 1216 2555 ll.
1233 2533 1260 2556 et
1275 2529 1322 2556 lib.
1341 2537 1406 2562 vni,
1424 2537 1449 2557 c.
1465 2529 1500 2561 5,
1517 2535 1596 2564 quem
1615 2527 1705 2554 locum
1720 2526 1764 2554 hic

140 2562 266 2589 maxime
291 2561 390 2596 respici
408 2565 483 2596 puto.
522 2562 532 2578 ‘
552 2562 598 2588 lib.
618 2570 685 2594 vni,
702 2570 728 2589 c.
744 2562 770 2590 6.
808 2567 818 2583 ἰ
840 2563 886 2591 lib.
905 2573 939 2591 vn

990 2583 1002 2590 η.
1020 2565 1064 2592 59.
1104 2565 1115 2580 ⁵
1135 2565 1181 2592 ιιι).
1199 2572 1267 2596 νιιι,
1285 2572 1310 2591 e.
1329 2565 1356 2592 5.

181 2619 238 2656 (8i)
260 2619 323 2656 :Are
334 2619 381 2656 δή.
403 2620 544 2648 Omittitur
557 2620 588 2656 δή
604 2620 673 2655 apud
688 2620 891 2649 Philostratum.

180 2654 239 2691 (82)
260 2654 337 2681 Ἦδε.
360 2655 477 2684 Omnino
489 2654 632 2691 legendum
646 2656 692 2690 ἥδε
707 2663 739 2683 ex
752 2655 928 2688 Philostrato.

140 2689 318 2726 referturque
335 2691 401 2718 illud
415 2691 462 2726 ἥδε
477 2689 638 2725 ειᾱέιιῳιξιξ
655 2689 842 2725 praecedebant
858 2693 930 2726 apud

141 2725 229 2752 istum
247 2725 533 2760 scriptorem.'quibus
547 2733 636 2754 causa:
650 2727 746 2753 mutati
761 2733 776 2753 a
790 2727 866 2754 Dami
876 2725 931 2754 ha-

140 2760 220 2787 bitus
237 2761 457 2789 continebantur.

182 2794 237 2829 (85)
264 2795 421 2827 Ὡςκακίω.
440 2795 533 2823 Lectio
549 2795 700 2823 indubitate
717 2803 789 2827 vera,
806 2800 835 2823 ut
854 2804 931 2825 naevo

140 2830 272 2865 laborent
296 2830 362 2857 editi
378 2832 435 2865 qui.
453 2831 555 2858 omisso
569 2831 616 2863 ὡς,
631 2831 731 2859 habent
745 2832 853 2864 κακίας.
870 2831 928 2860 Me-

141 2865 242 2893 liorem
257 2864 400 2893 lectionem
414 2874 446 2893 ex
464 2866 628 2894 Philostrato
642 2867 838 2894 revocavimus.

181 2899 239 2936 (δι)
260 2900 348 2928 Αὐτό.
370 2901 522 2930 Pronomen
546 2901 596 2930 hoc
621 2901 775 2930 addidimus
788 2910 821 2930 ex
837 2901 926 2929 Philo-

979 2627 1077 2651 strato.

1017 2657 1072 2691 (85)
1093 2658 1163 2684 Τίνι.
1185 2657 1283 2684 Notum
1299 2661 1340 2684 est
1353 2657 1425 2692 apud
1436 2657 1543 2692 Graecos
1557 2656 1659 2692 pariter
1669 2663 1700 2683 ac
1712 2653 1761 2692 La-

980 2693 1053 2720 tinos
1064 2693 1155 2719 dativo
1165 2692 1285 2727 exprimi
1292 2691 1437 2727 personam
1450 2691 1478 2718 in
1494 2691 1573 2725 cujus
1586 2691 1699 2727 gratiam
1711 2691 1763 2727 ali-

981 2728 1046 2762 quid
1062 2729 1100 2754 lit.
1118 2724 1219 2762 Nempe
1235 2727 1262 2753 in
1277 2724 1372 2754 Nerva:
1382 2727 1496 2762 gratiam
1512 2724 1692 2762 abominanda
1710 2726 1762 2752 ista

982 2761 1060 2790 sacra
1086 2761 1196 2796 peracta
1222 2762 1307 2789 fuisse
1333 2761 1502 2789 Domitianus
1519 2761 1724 2796 suspicabatur,
1734 2763 1762 2796 ut

981 2805 1015 2824 ex
1030 2794 1187 2825 Phil—ostrati
1209 2797 1361 2824 clarissime
1381 2800 1488 2824 constat
1506 2794 1629 2824 historia.
1645 2794 1698 2822 Sed
1718 2794 1762 2822 hic

980 2837 1070 2883 tamep
1086 2833 1167 2883 gtiatn
1181 2832 1309 2860 Acciolus
1326 2833 1445 2867 impegit.
1462 2831 1513 2859 Ubi
1530 2839 1594 2860 vero
1605 2838 1660 2858 non
1678 2830 1761 2866 impe-

999 2867 1018 2893 it
1033 2867 1098 2894 iste?

980 2875 1082 2936 gll(£35638
1091 2887 1204 2929 bat-.151.
1224 2902 1366 2936 Philostr.,
1384 2903 1492 2938 βούλοιελ
