2065 3216
178 145 236 173 8'55
744 147 844 175 LIBER
860 147 999 177 CONTRA
1017 147 1224 178 HlEROCLEM.

979 212 1002 240 A

1750 150 1801 179 856

1312 206 1427 235 CAPUT
1447 207 1504 235 XL;

1057 252 1157 280 Verum
1177 260 1274 280 rursus
1299 261 1352 280 non
1376 252 1414 279 ita
1435 253 1520 280 multo
1541 258 1603 288 post
1619 257 1725 281 natura:
1741 254 1802 289 ejus

1021 298 1101 326 nobis
1127 298 1345 334 suppeditabitur
1366 302 1555 333 argumentum
1573 299 1607 326 ι’.
1623 300 1691 328 Cum
1708 309 1741 328 ex
1760 301 1803 328 in-

1019 348 1129 379 sperato
1137 344 1209 371 enim
1225 344 1257 371 ad
1272 351 1334 371 eum
1351 344 1495 372 accederet
1510 351 1565 372 non
1576 352 1667 378 nemo,
1683 346 1801 373 diceret-

1019 398 1071 426 que
1088 400 1095 418 :
1113 399 1123 416 ι
1135 389 1216 418 llisce
1231 393 1257 416 te
1273 389 1406 423 vinculis,
1427 397 1443 416 ο
1456 389 1600 425 Apolloni,
1621 391 1703 418 eximi
1723 391 1802 425 jubet

1018 437 1176 471 imperator,
1204 439 1288 470 utque
1317 435 1345 462 in
1361 435 1488 463 liberiore
1501 443 1612 463 carcere
1631 436 1713 471 degas
1733 444 1798 471 per-

1019 483 1118 516 mittit;
1131 492 1140 508 ι
1156 485 1213 509 tum
1235 482 1305 509 ultra
1327 482 1466 509 hominum
1488 486 1590 510 sortem
1612 484 1719 518 positus
1739 483 1797 515 ille,

446 205 640 233 ΚΕΦΔΔΑΙΟΝ
658 207 702 234 Μ’.

223 250 303 278 Ἀλλὰ
324 251 378 287 γὰρ
399 251 448 279 οὐκ
474 253 503 283 ὲς
526 253 634 288 μακρὰν
656 251 733 285 αὖθις
758 254 772 280 6
793 254 841 289 τῆς
865 254 971 288 φύσεως

144 303 159 337 ές
181 296 371 333 παραϐήσεται
395 297 514 333 ἔλεγχος.
533 299 636 326 Αὐτίκα
652 300 707 335 γάρ
725 308 797 331 τινος
813 301 971 333 ἐπιστάντος

177 343 272 379 αὐτῷ,
292 343 339 370 καὶ
362 344 515 379 φήσαντος⁸
540 354 548 370 ι
568 345 675 380 Ἀφίησί
693 354 736 378 σε,
757 343 780 372 ὧ
799 346 970 379 Ἀπολλώνιε,

174 390 294 417 τουτωνὶ
321 389 375 417 τῶν
407 390 513 426 δεσμῶν
534 392 548 418 6
574 391 700 427 βασιλεὺς
713 413 720 426 ,
749 394 796 419 καὶ
829 393 970 429 ἐλεύθερον

135 438 139 441 “
174 436 366 472 -δεσμωτήριον
381 439 516 472 συγχωρεῖ
525 439 619 470 οίκεῖν,
639 447 648 464 ι
661 440 674 465 ὁ
687 439 819 474 κρείττων
833 439 848 475 ἢ
864 439 969 475 ἄνθρω-

132 472 160 505 :i'
184 489 242 513 πος,
256 482 303 509 καὶ
316 482 369 509 τῶν
384 483 532 518 μελλόντων
546 472 738 520 προγνώστη-ς,

182 570 287 605 Κωφοῦ
301 579 332 597 τε
344 570 457 605 ξυνιεὶς
468 571 535 607 (89),
547 573 594 599 καὶ
612 574 648 600 οὺ
661 573 827 607 λαλέοντος
839 574 966 606 ἁκούων,

176 625 235 651 ὑπὸ
249 625 298 660 τῆς
311 625 390 660 ἄγαν,
404 626 442 658 ὡς
463 626 547 659 είκὺς,
568 628 744 664 περιχαρείας
758 628 902 655 ἀποπεσὼν
918 631 968 666 τῆς

178 671 378 707 προγνώσεως,
402 674 563 701 πυνθάνεται
580 674 682 709 λέγων’
698 685 707 700 ‹
727 675 774 707 Τίς
794 673 840 702 οὖν
856 677 869 702 ὁ
887 685 967 711 μετα-

176 717 323 744 σκευάσων
344 719 371 754 μ’
389 719 528 752 Eva-560w;
547 730 556 745 ι
579 720 608 747 '0
629 720 674 747 δέ*
695 730 704 746 ‹
733 721 818 756 Ἐγὼ,
838 721 901 758 ἔφη,
920 724 966 749 καὶ

172 762 260 790 licet).
275 773 284 788 ι

430 821 626 849 ΚΕΦΑΛΛΙΟΝ
646 823 712 849 MA’.

216 874 282 902 Εἶτα
296 876 342 903 καὶ
353 877 430 911 λόγον
441 878 586 912 ἀπολογίας
596 879 609 904 ὁ
622 877 758 910 θειότατος
773 880 844 915 μάλα
858 888 889 914 γε
908 889 968 906 συν-

174 923 272 949 τάττει
286 924 538 959 πεφροντισμένως,
554 925 668 959 ἀγνοῶν,
685 926 724 953 ὅτι
744 926 811 962 δῆτα
834 927 863 958 ἐς
880 927 967 962 μάτην

177 968 256 1004 αὐτῷ
269 969 502 1005 σπουδασθὴσεται
512 971 528 1006 ἡ
539 973 643 1008 γραφή.
659 972 750 999 Οἴεται
764 973 812 1008 μὲν
822 973 876 1010 γὰρ
887 974 968 1000 ἀκουο

179 1014 328 1050 σθήσεσθαι
352 1015 434 1041 αὐτοῦ
458 1017 677 1053 ἀπολογουμένου
695 1018 839 1053 βασιλέως·
857 1019 912 1049 καὶ,
929 1018 966 1050 ὡς

177 1059 363 1094 ἀκουσομένου
384 1069 416 1094 γε
448 1062 549 1097 σφόδρα
583 1063 702 1095 πιθανῶς
728 1063 965 1099 παρασκευάζεται

175 1104 230 1139 τὴν
245 1104 389 1144 ἀπολογίαν
399 1115 405 1120 ·
421 1107 435 1133 6
447 1107 485 1138 δὲ,
503 1108 603 1143 ταύτην
619 1107 655 1144 μὴ
670 1108 826 1144 ἀναμείνας,
845 1109 874 1140 ὲς
890 1109 966 1136 οὐδὲν

177 1151 262 1178 αὑτοῦ
275 1152 323 1187 τὴν
336 1143 460 1189 σπουδὴν
477 1155 670 1189 κατεστήσατο.
696 1155 794 1181 ’Ἄκουε
813 1155 844 1192 δὴ
859 1153 904 1183 οὖν
918 1157 965 1183 καὶ

174 1197 245 1232 περὶ
264 1198 366 1225 τούτων
380 1197 424 1225 οἷά
441 1208 522 1235 φησιν
537 1201 551 1226 6
572 1200 696 1235 ἐλεγχος·
714 1210 722 1226 ι
741 1201 849 1238 Ἐπειδὴ
870 1202 898 1229 δὲ
919 1203 965 1229 καὶ

177 1242 258 1276 λόγος
280 1243 353 1279 αὑτῷ
372 1245 527 1281 συνεγράφη
544 1254 602 1277 τις,
618 1245 655 1277 ὡς
675 1246 743 1281 πρὸς
766 1246 838 1282 ὕδωρ
849 1246 903 1282 (90)
916 1248 965 1283 τὴν

177 1289 325 1323 ἀπολογίαν
341 1290 471 1325 ὰφήσοντι
481 1291 545 1326 (9|),
562 1290 663 1323 ξυνεῖλε
676 1291 703 1317 δὲ
720 1292 800 1318 αὑτὸν
811 1293 825 1318 6
836 1292 965 1328 τύραννος

147 1326 151 1330 ἢ
178 1336 209 1367 ἐς
221 1336 254 1368 ἃς
265 1336 361 1372 εἴρηκα
377 1339 535 1374 ἐρωτήσεις,
551 1338 751 1373 ἀναγεγράφθω
768 1340 812 1365 καὶ
824 1340 838 1366 6
850 1326 936 1374 λόγος.
952 1350 961 1366 ι

179 1381 252 1417 Ὀρα
273 1382 304 1417 δὴ
323 1382 381 1414 πῶς
401 1383 448 1409 τοῦ
472 1383 613 1419 μέλλοντος
638 1384 803 1420 πορρωτάτω
823 1385 964 1420 τυγχάνων

176 1425 193 1451 ὁ
210 1424 297 1451 πάντα
317 1425 452 1458 θειότατος
465 1447 472 1459 ,
498 1427 565 1462 μετὰ
582 1427 711 1463 πλείστης
731 1429 797 1464 ὅσης
816 1429 962 1464 φροντίδος,

174 1469 218 1502 ὡς
241 1471 308 1506 πρὸς
331 1471 403 1509 ὕδωρ
423 1473 474 1509 τὴν
496 1474 642 1508 ἀπολογίαν
668 1475 846 1511 ποιησόμενος
868 1477 964 1503 ὲσποὺ-

174 1514 268 1548 δαξεν.

426 1651 625 1688 ΚΕΦΑΛΑΙΟΝ
648 1654 712 1681 MB‘.

220 1693 300 1721 Ἀλλὰ
316 1695 370 1731 γὰρ
383 1695 544 1733 διεξιτητέον
560 1699 606 1725 καὶ
616 1699 665 1734 τὴν
683 1701 712 1732 ἐς
726 1700 813 1736 μάτην
831 1700 904 1736 αὐτῷ
918 1709 963 1727 πε-

175 1739 330 1774 ποιημένην
345 1739 500 1774 ἀπολογίαν,
511 1741 538 1772 ᾱ,
557 1742 594 1774 ὼς
613 1743 698 1770 πολλὰ
718 1744 765 1771 καὶ
776 1745 831 1781 (92)
849 1745 916 1772 ἄλλα
932 1747 962 1773 ἐν

174 1783 263 1819 ταύτῃ
276 1785 430 1821 Δομετιανῷ
446 1788 622 1822 προσφωνῶν,
638 1789 849 1823 ἀπαυθαδίζεται
864 1791 959 1825 λέγων·

177 1829 244 1860 «Ὧς
260 1829 314 1865 ἄρα
333 1831 534 1864 Οὐεσπασιανὸς
558 1834 588 1860 σὲ
613 1834 661 1868 μὲν
685 1834 796 1869 βασιλέα
823 1837 960 1871 ἐποίησεν,

173 1872 223 1898 ὑπ’
240 1872 305 1907 ἐμοῦ
320 1873 348 1899 δὲ
360 1874 476 1908 ἐγένετο.
492 1886 501 1901 ι
514 1876 600 1903 Βαὸαὶ
610 1878 659 1913 τῆς
673 1878 845 1912 ἀλαζονείαςί
859 1881 891 1915 ἠν
902 1880 961 1908 οὔτι

172 1926 208 1952 γε
223 1919 238 1944 6
250 1919 348 1954 τυχὼν,
364 1920 422 1947 ἀλλ’
437 1921 496 1948 οὐδὲ
519 1924 544 1949 εί
571 1923 714 1959 φιλόσοφός
728 1934 770 1957 τις
782 1926 899 1962 ἀληθῶς,
916 1928 962 1954 καὶ

173 1963 248 1989 κατὰ
265 1964 434 2000 ἀνθρωπείαν
450 1967 604 2004 ὑπεραίρων
623 1970 741 2003 ἐγεγόνει
759 1971 847 2005 φύσιν,
864 1973 960 2008 ἐτερα-

172 2009 291 2036 τεύσατο
304 2009 347 2042 ἂν,
366 2011 402 2046 μὴ
416 2012 476 2047 οὐχὶ
495 2012 573 2048 δίκην
590 2014 682 2046 ἀνοίας
698 2015 773 2051 παρὰ
792 2018 847 2049 τοῖς
861 2017 962 2054 ἔμφρο-

174 2062 219 2081 σιν
233 2055 366 2090 ὑποσχών.
383 2055 448 2084 Εἶτα
460 2058 488 2084 δὲ
503 2059 552 2094 τῆς
565 2060 626 2086 κατ’
640 2061 720 2088 αὐτὸν
736 2062 854 2096 ὑποψίας
866 2063 961 2090 ἑαυτὸν

172 2100 358 2135 ἀπολυόμενος
372 2102 437 2137 (95),
452 2103 537 2130 ταῦτα
553 2105 617 2141 περὶ
633 2106 738 2142 γοήτων
747 2108 844 2142 φησιν·
861 2118 870 2134 ι
883 2109 961 2136 Ἀλλὰ

170 2145 240 2177 τοὺς
252 2146 351 2182 γόητας
364 2148 543 2184 ψευδοσόφους
557 2151 637 2186 φημί.
655 2151 694 2179 Τὰ
711 2153 766 2188 γὰρ
780 2154 831 2181 οὐκ
844 2154 908 2183 ὄντα
923 2153 961 2182 εἴ-

171 2198 220 2218 ναι
237 2193 302 2227 ποιμ’
314 2193 414 2225 αὐτοῖς,
428 2195 519 2222 καὶτὰ
533 2196 606 2228 ὄντα,
623 2197 793 2226 ἀπιστεῖσθαι
804 2199 868 2235 (94).
882 2211 892 2227 )
904 2200 960 2227 Κα-

1018 528 1224 563 l'uturorumque
1239 531 1318 554 antea
1336 534 1449 574 gnarus:

1052 582 1122 610 Muli
1139 582 1286 618 concipiens
1304 582 1439 615 animum,
1458 591 1599 619 sensusque
1618 585 1738 616 tacentis,

1018 648 1073 676 prae
1097 640 1199 674 nimio,
1223 644 1252 668 ut
1275 640 1392 672 videtur,
1416 641 1516 676 gaudio
1538 641 1648 669 fatidica
1673 641 1801 670 excideris

1015 686 1132 717 virtute.
1153 686 1277 713 nuntium
1300 691 1392 722 rogat:
1408 696 1416 712 ι
1432 686 1499 720 Quis
1516 695 1580 715 vero
1598 695 1640 714 me
1658 687 1746 715 isthac
1760 691 1802 715 est

1015 732 1212 759 traducturus?
1233 742 1242 755 ι
1259 731 1306 760 ille
1333 738 1422 760 autem
1443 742 1449 760 :
1466 743 1474 758 ‹
1494 732 1566 769 Ego,
1595 733 1750 769 respondit,
1772 739 1802 762 tu

1016 779 1097 806 modo
1117 786 1241 813 sequere.
1259 787 1268 804 ι

1309 834 1424 863 CAPUT
1447 834 1515 862 XLI.

986 885 1004 913 Β
1055 880 1196 908 Postremo
1227 881 1247 896 "
1276 880 1428 908 orationem
1458 881 1656 916 apologeticam
1694 889 1802 917 quoque

1020 926 1172 961 composuit
1197 925 1287 953 studio
1310 926 1416 961 ingenti
1438 926 1481 953 vir
1505 926 1550 954 ille
1573 927 1654 962 plane
1674 926 1800 960 divinus,

1020 973 1132 1008 ignarus
1154 980 1252 1006 nempe
1273 972 1381 999 inanem
1406 980 1516 1008 operam
1539 972 1566 1000 in
1591 980 1624 1000 eo
1649 980 1678 1000 se
1700 974 1802 1008 scripto

1020 1022 1257 1053 consumpturum.
1272 1017 1391 1045 Putabat
1406 1020 1478 1045 enim
1495 1026 1525 1046 se
1544 1019 1577 1046 ab
1590 1019 1754 1054 imperatore
1768 1019 1801 1046 iri

1020 1064 1142 1090 auditum
1161 1064 1320 1091 recitantem
1339 1063 1489 1099 apologiam
1505 1072 1513 1092 :
1529 1072 1615 1100 eoque
1633 1065 1704 1100 quod
1723 1065 1802 1093 audi-

1019 1112 1110 1136 turum
1127 1116 1188 1136 eum
1205 1111 1343 1144 speraret,
1365 1109 1398 1136 ad
1422 1110 1639 1144 persuadendum
1662 1118 1724 1138 cum
1745 1119 1803 1138 ma-

1021 1154 1093 1182 xime
1112 1154 1264 1181 orationem
1283 1155 1434 1189 componit.
1452 1154 1545 1183 Caesar
1561 1161 1651 1184 tamen
1669 1164 1728 1184 eam
1746 1165 1802 1185 non
1837 1175 1842 1183 .

1019 1199 1108 1228 ferens
1123 1200 1231 1227 irritum
1249 1200 1308 1234 ejus
1332 1200 1452 1227 studium
1480 1201 1606 1230 reddidit.
1628 1201 1698 1230 Audi
1718 1203 1802 1238 igitur

1017 1245 1050 1273 de
1066 1246 1107 1274 his
1122 1247 1202 1273 etiam
1219 1246 1283 1281 quid
1301 1246 1374 1274 dicat
1389 1247 1440 1275 sibi
1456 1247 1508 1282 ipsi
1524 1247 1686 1276 adversante
1701 1250 1807 1277 oratio--

1019 1298 1052 1318 ne
1067 1291 1090 1307 ”
1104 1300 1111 1318 :
1127 1300 1136 1316 ‹
1152 1290 1287 1324 Quoniam
1313 1299 1378 1319 vero
1401 1292 1489 1319 oratio
1507 1293 1590 1320 etiam
1605 1293 1629 1320 ei
1645 1295 1801 1330 conscripta

1017 1339 1075 1367 est,
1093 1339 1123 1362 ut
1140 1336 1186 1371 qui
1202 1336 1235 1363 ad
1254 1337 1424 1372 clepsydram
1441 1345 1551 1365 causam
1567 1342 1639 1366 esset
1653 1339 1779 1367 dicturus
1792 1361 1799 1372 ,

1017 1389 1078 1409 eum
1112 1386 1201 1409 autem
1231 1387 1363 1418 tyrannus
1395 1384 1465 1410 intra
1498 1385 1700 1418 quastionum,
1732 1393 1801 1421 quas

1017 1428 1072 1455 dixi
1086 1448 1092 1460 ,
1111 1429 1250 1463 angustias
1273 1429 1425 1462 conclusit,
1441 1430 1529 1456 oratio
1543 1437 1651 1465 quoque
1664 1430 1726 1458 huic
1744 1432 1802 1460 his-

1017 1474 1093 1502 toriaa
1108 1474 1269 1502 inseratur.»
1285 1474 1352 1502 Vide
1367 1475 1449 1510 igitur
1460 1478 1490 1502 ut
1503 1483 1518 1501 a
1531 1475 1629 1504 futuris
1644 1477 1801 1512 longissime

1017 1521 1164 1552 aberrans,
1188 1521 1228 1547 vir
1251 1521 1296 1548 ille
1321 1521 1402 1556 plane
1422 1520 1549 1554 divinus,
1578 1529 1660 1556 quam
1683 1523 1801 1550 maxima

980 1562 1002 1593 C
1017 1565 1106 1599 potuit
1119 1573 1185 1592 cura
1197 1585 1204 1599 ,
1219 1565 1293 1593 velut
1307 1565 1341 1593 ad
1357 1566 1529 1603 clepsydram
1545 1566 1671 1596 dicturus
1683 1588 1690 1601 ,
1706 1568 1800 1596 εῐιὼο-

1012 1611 1123 1639 raverit.

1289 1657 1406 1686 CAPUT
1424 1659 1506 1688 XLII.

1048 1703 1082 1731 At
1096 1708 1123 1732 et
1137 1705 1195 1740 ipsa
1207 1705 1392 1740 percensenda
1403 1709 1444 1733 est
1456 1705 1557 1733 frustra
1569 1706 1603 1733 ab
1616 1713 1649 1733 eo
1661 1705 1802 1734 elaborata

1012 1750 1153 1785 apologis,
1175 1754 1203 1778 et
1219 1758 1295 1785 quae,
1313 1751 1397 1778 multa
1423 1752 1476 1778 alia
1500 1751 1579 1784 inter,
1605 1749 1686 1785 538
1699 1752 1802 1787 quibus

1012 1796 1198 1823 Domitianum
1211 1795 1374 1831 compellat,
1401 1800 1561 1831 arroganter
1584 1796 1681 1832 jactat,
1698 1796 1801 1825 diserte

1011 1840 1137 1875 inquiens
1155 1840 1198 1867 ":
1218 1849 1228 1866 ‹
1245 1839 1284 1868 Te
1309 1840 1392 1876 igitur
1406 1840 1598 1877 imperatorem
1614 1841 1800 1877 Vespasianus

1013 1884 1085 1918 fecit,
1102 1885 1159 1921 ipse
1175 1893 1190 1913 a
1212 1894 1256 1914 me
1284 1890 1326 1914 est
1355 1886 1455 1915 factus.
1486 1896 1495 1913 ι
1516 1887 1574 1914 Vah
1599 1888 1796 1923 arrogantiam!

1011 1939 1063 1966 qua
1078 1939 1111 1959 ne
1134 1939 1166 1959 ex
1193 1933 1274 1968 vulgo
1291 1933 1401 1968 quidem
1429 1933 1583 1968 quispiam.
1612 1933 1709 1960 nedum
1736 1942 1800 1962 vere

1012 1976 1189 2011 philosophus
1204 1997 1212 2008 ,
1244 1977 1418 2012 humanaque
1442 1978 1622 2005 excellentior
1645 1982 1743 2005 natura
1770 1986 1799 2006 se

1008 2022 1124 2056 jactitet,
1141 2023 1194 2049 nisi
1213 2023 1326 2050 insaniae
1341 2023 1430 2051 dicam
1453 2031 1468 2051 a
1496 2024 1721 2059 prudentioribus
1746 2025 1798 2054 sibi

1011 2067 1093 2094 scribi
1122 2068 1197 2094 vclit.
1219 2067 1320 2095 Deinde
1342 2076 1406 2095 vero
1433 2076 1448 2095 a
1476 2069 1650 2103 suspicione,
1668 2077 1721 2104 qua
1742 2077 1800 2104 pre-

1011 2113 1152 2144 mebatur,
1174 2121 1203 2141 se
1219 2113 1307 2148 ipsum
1325 2121 1460 2149 purgans,
1483 2115 1624 2149 sequentia
1646 2115 1750 2150 profert
1765 2116 1799 2144 de

1011 2155 1097 2190 magis
1112 2156 1153 2183 “’z
1170 2165 1180 2182 ‹
1201 2155 1332 2191 Equidem
1356 2165 1450 2192 magos
1477 2158 1553 2186 falsa:
1568 2159 1709 2194 sapientia
1733 2165 1799 2196 puto

1011 2200 1135 2228 alumnos
1152 2208 1223 2229 esse.
1240 2201 1307 2229 Nam
1322 2210 1383 2237 qua:
1398 2211 1453 2230 non
1470 2209 1545 2237 sunt,
1560 2208 1590 2231 ut
1604 2212 1666 2233 esse
1687 2206 1799 2234 videan-

168 2235 292 2276 ⁶εοιμάθοι
308 2237 329 2263 δ’
344 2235 390 2264 οὖν
403 2248 445 2270 τις
460 2239 492 2266 ἔκ
505 2248 535 2266 τε
548 2241 597 2277 τῆς
617 2242 679 2277 ὅλης
699 2232 898 2279 πραγματείας,
913 2246 959 2271 καὶ

1012 2250 1065 2277 tur,
1077 2249 1176 2281 etquae
1190 2252 1264 2281 sunt,
1283 2251 1313 2275 ut
1327 2255 1381 2275 non
1405 2255 1466 2276 esse
1490 2249 1636 2277 videantur
1652 2250 1765 2278 faciunt.
1783 2261 1794 2278 ι

169 2282 229 2309 τῶν
244 2284 271 2309 ὲν
286 2283 363 2319 μέρει
382 2284 581 2320 δεδηλωμένων.
597 2288 699 2324 πότερα
711 2289 740 2316 ἐν
756 2289 838 2322 θείοις
852 2291 898 2317 καὶ
914 2300 959 2325 φιι

170 2327 307 2362 λοσόφοις,
327 2329 342 2364 ἢ
357 2330 386 2356 ὲν
398 2330 492 2365 γόησιν
507 2332 588 2359 αὑτὸν
603 2335 796 2367 κατατακτέον,
812 2336 959 2369 πιστεύσας

169 2371 214 2405 οἷς
230 2383 260 2400 τε
275 2375 356 2406 αὐτὸς
377 2376 441 2410 περὶ
463 2378 568 2413 γοήτων
590 2379 636 2405 καὶ
662 2380 833 2416 ψευδοσόφων
852 2382 956 2418 εἴρηκε,

169 2420 222 2448 καὶ
247 2418 286 2452 οἷς
310 2421 458 2457 δεδήλωκεν
484 2424 500 2458 ἡ
527 2426 586 2450 κατ’
599 2425 678 2452 αὑτὸν
701 2428 814 2464 ἱστορία.
828 2428 912 2464 Δρῦές
928 2438 958 2455 τε

169 2464 238 2501 γὰρ,
254 2466 300 2492 καὶ
314 2466 434 2498 πτελέαι,
450 2468 572 2505 ὲνάρθρῳ
591 2470 637 2497 καὶ
659 2471 752 2508 θηλείᾳ
767 2475 842 2510 φωνῇ
859 2474 954 2501 λαλοῦ-

169 2518 230 2542 σαι,
247 2511 293 2537 καὶ
312 2512 435 2547 τρίποδες
451 2513 596 2548 αὐτόματοι
619 2516 772 2550 φοιτῶντες,
789 2518 835 2544 καὶ
848 2518 955 2554 χάλκεοι

209 2588 230 2603 ¹¹
252 2587 300 2616 lib.
338 2597 374 2616 vn
387 2610 394 2621 ,
411 2598 436 2617 c.
451 2591 496 2619 40.

169 2623 194 2639 ⁸⁸
214 2622 263 2650 lib.
284 2631 328 2656 vl,
346 2633 372 2652 c.
391 2626 433 2652 10.

217 2679 264 2751 89)
283 2682 389 2715 Κωφοῡ
404 2691 434 2709 τε
449 2683 516 2714 Eur.
538 2677 605 2711 Vide
618 2692 700 2720 supra
719 2693 743 2713 c.
763 2686 804 2715 14.

218 2714 253 2742 90
292 2716 336 2749 Ὡς
350 2718 424 2750 πρὸς
438 2718 525 2751 ὕδωρ.
548 2718 594 2746 Sic
620 2728 652 2746 ex
680 2728 730 2747 ms.
745 2725 772 2748 et
788 2721 804 2748 P

218 2714 263 2751 90)
292 2714 337 2749 Ὠςῖ
350 2718 424 2750 πρὸς
438 2718 525 2751 ὕδωρ.
548 2718 594 2746 Sic
620 2714 661 2746 ex.
680 2728 730 2747 ms.
745 2725 772 2748 et
788 2721 955 2750 Philostrato

170 2751 279 2792 restitui
294 2761 304 2792 ,ε
322 2753 575 2792 antea__|egebatur,
588 2754 681 2790 ὥσπερ
706 2755 777 2792 ὕδωρ
793 2757 842 2792 τὴν
858 2758 955 2785 ἀπολο-

168 2784 232 2817 γίαν
248 2786 390 2821 ὰφήσοντι.
409 2784 545 2816 llois'rr-zu.

286 2821 460 2862 _‘A_pr§_¢7m~n._
473 2823 602 2862 Rhiloslr.
620 2824 700 2862 habet
715 2826 896 2862 ὰφηγήσαντι.

205 2856 262 2898 (θὲ)
286 2857 331 2896 'A,
347 2858 386 2890 ὼς
402 2858 502 2898 πουζλὰ
517 2859 575 2898 καί.
589 2863 643 2887 etc.
655 2856 859 2890 Distin'ctibnem
873 2863 951 2898 posui

167 2894 232 2925 post
248 2890 275 2924 ἆ,
295 2892 353 2920 sine
367 2901 420 2925 qua
439 2893 582 2925 obscurior
603 2903 709 2924 sensus.

549 2592 570 2608 “
590 2592 638 2620 lib.
655 2601 703 2621 vrn
715 2613 724 2626 ,
741 2602 766 2622 c.
785 2595 810 2622 7.

861 2596 883 2612 "
902 2597 949 2624 lib.
969 2605 1030 2629 vnr,
1062 2606 1088 2626 c.
1120 2599 1147 2627 6.

1009 2290 1048 2318 Ex
1061 2295 1118 2319 tota
1133 2292 1215 2328 igitur
1229 2293 1282 2321 ista
1299 2295 1474 2326 tractatione,
1491 2299 1518 2322 et
1535 2295 1674 2330 sigillatim
1689 2297 1798 2331 exposi-

1009 2339 1043 2366 tis
1056 2339 1194 2372 onmibus,
1208 2339 1299 2368 discas
1315 2340 1388 2372 licet,
1405 2349 1438 2368 an
1460 2341 1488 2367 in
1503 2340 1565 2375 diis,
1581 2349 1616 2369 an
1632 2342 1658 2368 in
1680 2342 1798 2377 philoso-

1008 2383 1080 2418 phis,
1099 2392 1133 2411 an
1151 2385 1177 2411 in
1191 2385 1277 2420 magis
1290 2386 1444 2413 censendus
1458 2386 1511 2418 sit,
1532 2386 1573 2414 iis
1598 2386 1726 2415 admissis
1737 2395 1797 2422 qua:

1009 2429 1066 2463 ipse
1077 2429 1111 2457 de
1126 2430 1213 2465 magis
1232 2434 1259 2457 et
1273 2431 1373 2465 spuria:
1388 2431 1530 2466 sapientia
1546 2431 1700 2460 cultoribus
1715 2432 1794 2465 dixit,

1008 2479 1035 2502 et
1049 2483 1109 2510 qua:
1125 2475 1239 2503 historia
1267 2476 1327 2511 ejus
1341 2477 1375 2504 de
1391 2477 1450 2512 ipso
1464 2477 1569 2504 retulit.
1588 2476 1655 2504 Nam
1678 2485 1795 2512 quercus

1009 2524 1035 2547 et
1050 2521 1115 2548 ulmi
1127 2522 1148 2537 ¹⁶
1163 2522 1307 2549 articulata
1324 2529 1355 2549 ac
1368 2522 1494 2549 muliebri
1508 2529 1575 2550 vaec
1593 2523 1700 2556 locutae,
1715 2524 1796 2559 tripn.

1198 2599 1220 2615 “
1239 2598 1287 2626 lib.
1309 2608 1377 2632 vrri,
1398 2608 1424 2628 c.
1447 2600 1470 2626 7.
1523 2601 1543 2616 "
1565 2601 1610 2628 lib.
1632 2608 1698 2633 \‘Ill,
1720 2608 1745 2629 c.
1768 2601 1794 2629 7.

1044 2690 1100 2725 (9'5)
1122 2691 1349 2726 Ἀπολυόμενος.
1372 2691 1418 2718 Sic
1443 2691 1595 2720 rescribere
1614 2700 1668 2719 non
1687 2692 1797 2719 dubita-

1007 2725 1044 2757 vi,
1055 2734 1103 2762 pro
1119 2725 1312 2762 ἀπολυόμενον.
1322 2727 1396 2762 quod
1412 2728 1439 2754 in
1451 2727 1532 2753 editis
1549 2731 1616 2755 erat.

1043 2761 1097 2796 (94)
1125 2762 1330 2799 Ἀπιστεῖσθαι.
1354 2761 1390 2799 ita
1405 2770 1438 2799 ea
1451 2762 1615 2799 Philostrato
1626 2762 1731 2799 restitui
1744 2768 1794 2797 pro

1006 2795 1118 2830 ἄπιστα,
1132 2796 1203 2830 quod
1224 2801 1282 2824 erat
1306 2799 1333 2823 in
1360 2796 1469 2825 Eusebii
1483 2798 1581 2830 editis;
1598 2796 1730 2831 rationem
1744 2795 1800 2832 cur

1006 2832 1122 2864 priorem
1144 2831 1285 2866 praeferam
1302 2831 1445 2860 lectionem
1463 2832 1568 2860 reddidi
1593 2832 1794 2862 ad'Philostrao

1007 2870 1074 2892 lum.
