2065 3216
315 136 370 167 835

575 193 689 222 CAPUT
709 193 827 222 XXVIII.

349 256 443 290 Quarti
466 252 591 282 miraculi
608 252 669 279 loco
683 251 797 278 Achillis
812 251 938 286 producit
954 258 1047 278 manes
1062 250 1095 283 "’,

315 303 430 339 primum
452 300 560 337 quidem
588 300 616 327 in
639 299 780 334 chlamyde
807 298 927 333 quinque
952 297 1096 329 cubitales,

315 348 377 376 inde
393 346 535 374 duodecim
564 345 718 373 cubitorum
746 342 933 378 magnitudine
959 341 992 368 ad
1005 341 1096 376 sepul-

315 401 390 422 crum
418 392 505 427 ipsius
520 391 662 427 Apollonio
687 392 859 423 conspectos.
872 388 943 415 etde
958 386 1097 414 Thessalis

313 441 522 473 conquerentes,
539 435 611 471 quod
627 436 678 463 sibi
691 434 814 467 inferias,
830 437 860 461 ut
884 440 960 460 more
981 436 1040 460 erat
1053 440 1097 459 re-

312 489 432 519 ceptum,
448 491 503 510 non
518 483 654 510 solverent
669 492 675 509 :
689 480 817 516 Trojanis
843 485 974 515 praeterea
999 480 1094 512 iratos,

312 531 347 558 ob
361 538 392 558 ea
408 538 469 566 quae
493 529 521 557 in
546 537 607 557 eum
624 528 823 564 peccavissent.
841 533 921 562 atque
942 526 1095 561 Apollonio,

312 581 342 605 ut
356 568 475 612 quinque.
487 579 649 611 proponeret
659 574 833 610 quaestiones,
851 581 920 608 quas
932 573 1012 600 vellet
1027 572 1095 607 ipse,

312 628 339 652 et
355 623 446 650 Parcae
477 621 590 658 proponi
619 625 785 656 paterentur,
811 619 1009 655 permittentes.
1032 617 1098 645 Inde

311 670 353 698 vir
363 669 417 702 illel
435 677 525 696 rerum
543 667 664 695 omnium
685 667 782 698 solers,
795 671 822 694 et
836 665 926 692 futura
942 669 1021 692 antea
1044 665 1096 692 sibi

311 717 484 744 innotescere
507 714 653 750 gloriatus,
670 713 758 740 adhuc
773 712 837 739 dum
857 712 975 747 ignorat,
988 711 1097 738 funera-

312 765 392 790 tusne
413 762 539 797 sepulcro
553 761 671 788 Achilles
701 760 790 791 fuerit,
804 758 985 794 Musaequeilli
997 765 1029 785 ac
1044 756 1097 785 Ne-

311 808 401 836 reides
428 816 462 835 an
487 808 607 835 lamenta
632 806 814 842 profuderint,
831 805 919 840 deque
947 805 990 832 his
1021 805 1097 832 illum

310 854 394 882 rebus
406 856 618 889 percunctatur:
633 859 722 887 neque
749 851 841 878 minus
859 858 894 877 an
913 849 1048 886 Polyxena
1062 849 1095 876 il-

650 135 785 164 EUSEBII
799 132 1042 163 CESARIENSIS
1059 131 1135 161 OPP.
1152 129 1253 158 PARS.
1274 126 1611 157 II.—-APOLOGETICA.

1888 126 1934 153 83$

1399 197 1596 226 ΚΕΦᾹΛΑΙΟΝ
1622 197 1689 224 KII’.

1181 258 1316 293 Τέταρτον
1329 256 1402 291 αὐτῷ
1419 255 1568 292 παράδοξον
1577 254 1719 290 Ἀχιλλέως
1730 250 1764 288 ἦν
1775 253 1857 289 ψυχὴ,
1872 253 1932 289 πρό-

1146 311 1226 339 τερον
1241 303 1290 338 μὲν
1306 303 1335 328 ὲν
1346 301 1460 337 χλαμύδι
1477 301 1660 336 πεντάπηχυς,
1672 298 1730 326 εἶτα
1746 299 1932 340 δωδεκάπηχυς

1146 350 1178 376 τὺ
1193 349 1319 385 μέγεθος,
1335 349 1410 384 παρὰ
1422 347 1461 383 τῷ
1473 348 1532 383 ἰδίῳ
1547 347 1628 374 αὑτοῦ
1643 346 1764 382 μνήματι
1776 345 1932 381 φαινομένη,

1147 395 1297 426 Θετταλούς
1318 403 1349 421 τε
1372 393 1584 428 καταιτιωμὲνη,
1602 392 1642 419 ’ότι
1662 392 1694 428 δὴ
1717 391 1751 418 τὰ
1769 391 1933 427 ἐναγίσματα

1146 441 1230 477 αὐτῷ,
1247 441 1284 473 ὡς
1312 440 1370 472 ἔθος
1388 438 1432 476 ἦν,
1449 440 1499 466 οὐκ
1516 439 1657 465 ἐπετέλουν
1668 447 1674 453 ·
1697 438 1821 473 μηνιῶσά
1834 446 1865 464 τε
1880 438 1931 464 εισι

1147 486 1200 514 ἐτι,
1243 487 1333 521 Τρωσὶ
1348 486 1402 513 τῶν
1431 488 1459 518 ἐς
1481 485 1561 513 αὑτὸν
1585 484 1868 520 πεπλημμελημένων,
1892 484 1932 511 καὶ

1147 534 1351 569 προστάττουσα
1366 533 1405 569 τῷ
1422 532 1593 567 Ἀπολλωνίῳ
1621 532 1700 558 πέντε
1722 531 1828 566 λόγους,
1843 529 1889 562 οὓς
1904 530 1932 556 ἂν

1147 581 1228 612 αὑτός
1250 588 1280 606 τε
1303 578 1433 614 βούλοιτο,
1452 578 1502 605 καὶ
1518 579 1545 605 αἱ
1562 579 1650 613 μοῖραι
1665 576 1826 612 ξυγχωρεῐεν
1843 576 1931 611 ἀνέρε-

1148 626 1219 654 σθαι.
1245 624 1301 652 Εἴθ’
1322 626 1336 651 ὁ
1362 625 1450 652 πάντα
1467 624 1554 656 εἰδὼς,
1572 622 1687 650 καὶτῶν
1708 621 1860 657 μελλόντων
1870 621 1931 656 πρό-

1146 680 1246 706 γνωσιν
1270 671 1371 707 αὐχῶν,
1385 671 1425 698 ἔτι
1441 671 1533 705 ἀγνοεῖ
1551 671 1575 696 εἰ
1590 670 1677 704 τάφου
1691 669 1768 704 τύχοι
1791 667 1930 703 Ἀχιλλεὺς,

1146 719 1193 745 καὶ
1206 719 1230 745 εἰ
1243 718 1359 745 Μουσῶν
1372 718 1477 754 θρῆνοι,
1493 718 1538 744 καὶ
1553 716 1698 752 Νηρηίδων
1718 716 1761 742 ἐπ’
1774 713 1847 750 αὐτῷ
1859 713 1933 749 γεγό·

1146 773 1218 797 νασι,
1235 764 1281 791 καὶ
1296 764 1359 799 περὶ
1376 764 1478 790 τούτων
1502 763 1583 790 αὑτὸν
1607 763 1739 797 ἁνερωτᾷ,
1756 761 1803 789 καὶ
1828 761 1933 788 διαπυν-

1146 811 1267 843 θάνεται,
1281 812 1305 837 εί
1318 809 1453 846 Πολυξένη
1472 810 1615 844 ἐπεσφάγη
1640 808 1723 844 αὐτῷ,
1742 808 1789 834 καὶ
1802 808 1826 834 εἰ
1842 807 1930 842 Ἑλένη

1148 858 1177 889 ἐς
1193 858 1292 894 Τροίαν
1307 857 1441 893 ἐληλύθει.
1465 857 1507 888 Ὡς
1525 856 1611 891 σεμνά
1627 863 1669 890 γε,
1684 856 1730 882 καὶ
1742 854 1933 888 κατεπείγοντα

311 901 365 928 lius
382 899 415 927 ad
437 899 570 926 tumulum
589 906 659 926 caesa
676 897 758 925 fuerit
778 897 938 931 interrogat,
950 895 1093 930 Trojamve

1146 905 1175 936 ἐς
1187 904 1234 930 τὸν
1252 904 1395 938 φιλόσοφον
1410 903 1464 939 βίον
1487 902 1533 929 τοῦ
1550 902 1606 929 δίου
1623 901 1678 937 (35)
1693 901 1727 928 τὰ
1741 900 1858 935 σπουδῆς
1874 899 1932 932 ἄξια

311 945 412 974 Helena
431 953 465 972 an
479 944 643 980 pervenerit.
667 943 817 970 Pratclaras
832 950 908 973 vero,
925 942 1095 976 multumque

311 992 345 1020 ad
358 991 574 1027 philosophicam
595 991 680 1018 divini
697 990 770 1017 illius
785 989 836 1017 viri
847 989 929 1016 vitam
948 988 1094 1016 conferen-

311 1041 370 1069 tes,
387 1037 513 1072 serioque
540 1035 655 1072 proinde
680 1035 772 1063 studio
796 1035 892 1071 dignas
916 1034 1093 1069 quaestiones.

311 1091 425 1118 Miratur
442 1091 505 1118 item
528 1094 668 1125 praeterea,
682 1088 753 1124 quod
769 1092 808 1115 tot
821 1088 918 1115 heroes
935 1087 1006 1114 inter
1022 1085 1094 1114 Grae-

311 1143 358 1163 cos
371 1138 449 1163 aetate
463 1134 557 1162 eadem
573 1142 634 1162 esse
650 1133 798 1169 potuerint,
815 1137 842 1161 et
853 1133 926 1169 quod
936 1132 970 1160 ad
985 1131 1095 1168 Trojam

311 1180 468 1208 Palamedes
483 1180 564 1208 fuerit
577 1187 704 1215 praesens.
715 1178 809 1206 Virum
821 1182 910 1206 autem
924 1187 934 1204 ‹
950 1187 1010 1206 cum
1020 1179 1072 1206 diis
1084 1189 1093 1204 ι

311 1227 483 1255 familiariter
496 1230 645 1258 versatum,
667 1235 676 1250 ι
695 1225 753 1252 sive
767 1224 855 1251 forma
873 1225 1062 1260 apparentium
1073 1223 1096 1240 ⁸⁸

310 1273 421 1305 visibili,
437 1273 498 1300 sive
514 1280 569 1299 non
590 1272 770 1299 obnoxiornm
795 1271 893 1303 oculis,
912 1280 921 1297 ›
938 1271 1003 1297 talia
1019 1271 1096 1306 igno-

311 1327 382 1350 rare.
399 1323 426 1346 et
450 1319 482 1346 de
499 1317 634 1352 ejusmodi
658 1318 826 1352 interrogare
844 1318 938 1350 rebus,
958 1317 1096 1352 quomodo

311 1364 498 1398 turpissimum
513 1372 565 1390 non
574 1364 733 1390 censeatur?
741 1363 797 1390 Nisi
810 1363 889 1395 forte,
898 1363 960 1397 quia
971 1366 1092 1391 mortuos

311 1407 482 1442 interrogans
501 1408 651 1439 inducitur,
668 1407 749 1443 529
770 1408 831 1435 ideo
851 1407 1003 1442 frigidiores
1021 1415 1095 1442 qum-

314 1454 464 1481 stiunculas
487 1458 580 1481 auctor
596 1453 680 1489 fingit,
699 1459 728 1481 ut
744 1454 818 1480 tollat
830 1454 1022 1488 suspicionem,
1039 1461 1093 1488 qua

313 1501 359 1528 ille
377 1501 447 1528 ultra
470 1508 551 1534 quam
575 1508 624 1535 par
646 1504 687 1527 est
708 1501 835 1528 curiosus
853 1501 989 1528 exstitisse
1006 1501 1093 1529 videri

310 1550 426 1581 poterat.
451 1545 522 1573 Sane
535 1546 608 1573 enim
627 1551 654 1573 et
675 1546 799 1582 apologia
825 1554 905 1574 usum
922 1547 1003 1575 nobis
1021 1548 1094 1576 sistit

309 1591 482 1627 Apollonium
497 1593 530 1625 θ’,
544 1592 616 1627 quod
628 1600 661 1620 eo
674 1593 766 1625 modo,
782 1601 836 1628 quo
851 1593 877 1620 in
888 1593 1092 1630 Necyomantiis

311 1637 368 1665 ﬁeri
391 1638 470 1670 solet,
486 1638 536 1673 ipsi
553 1639 610 1666 visa
626 1639 717 1666 oblata
738 1639 810 1666 haud
827 1639 929 1668 fuerint
943 1649 950 1667 :
966 1650 976 1666 ‹
997 1640 1091 1677 Neque

309 1687 394 1718 enim,
416 1686 513 1721 inquit,
529 1690 559 1713 ut
572 1686 682 1722 Ulysses
701 1685 797 1714 scrobe
814 1687 1021 1724 eiiossa,neque
1038 1697 1089 1716 cae-

310 1731 349 1759 sis
362 1732 440 1767 agnis
455 1732 581 1760 manibus
597 1732 723 1767 placatis,
739 1732 767 1759 in
793 1733 908 1762 Achillis
923 1735 1091 1770 colloquium

1146 949 1326 984 ὲρωτήματαί
1354 948 1487 983 θαυμάζει
1512 947 1533 973 δ’
1559 947 1604 973 ἐπὶ
1622 946 1737 977 τούτοις,
1767 946 1791 972 ei
1817 943 1932 971 τοσοῦτοι

1144 995 1233 1030 ἥρωες
1257 994 1331 1030 παρὰ
1357 994 1411 1025 τοῖς
1426 993 1552 1028 Ἕλλησιν
1568 993 1608 1019 ἑνὶ
1624 993 1711 1028 χρόνῳ
1734 991 1871 1025 γεγόνασι,
1889 990 1932 1017 καὶ

1145 1041 1169 1066 εί
1179 1039 1301 1073 ἀφίκοιτο
1314 1041 1343 1071 ἐς
1354 1039 1452 1075 Τροίαν
1465 1039 1640 1074 Παλαμήδης.
1650 1037 1701 1064 Τὸν
1713 1036 1744 1072 δὴ
1761 1046 1770 1062 ι
1788 1035 1858 1063 θεῶν
1873 1037 1934 1072 ὁρω-

1148 1087 1235 1122 μένων
1262 1095 1291 1113 τε
1319 1087 1366 1113 καὶ
1390 1087 1438 1121 οὐχ
1463 1086 1613 1121 ὁρωμένων
1642 1095 1650 1111 ι
1671 1084 1803 1120 ὁμιλητὴν
1826 1082 1933 1110 τοιαῦτα

1146 1135 1261 1168 ἀγνοεῖν,
1277 1131 1323 1161 καί
1345 1134 1408 1169 περὶ
1430 1133 1531 1160 τούτων
1548 1131 1697 1168 ἁνερωτᾷν,
1712 1131 1791 1162 ποίας
1814 1130 1875 1165 οὐχὶ
1890 1129 1933 1164 γέ-

1145 1180 1208 1207 νοιτ’
1225 1180 1257 1207 ἂν
1269 1180 1415 1215 αἰσχύνης
1433 1180 1456 1206 εἰ
1476 1180 1512 1215 μὴ
1529 1179 1583 1215 ἄρ’,
1604 1178 1697 1214 ἐπειδὴ
1714 1177 1822 1213 νεκροῖς
1834 1175 1934 1211 ὁμιλῶν

1147 1226 1284 1261 εἰσῆκται,
1302 1226 1348 1252 ἐπὶ
1373 1225 1407 1252 eo
1426 1225 1590 1261 ψυχρότερον
1609 1225 1751 1260 μεταποιεῖ
1762 1224 1812 1254 τὰς
1827 1221 1935 1253 πεύσεις

1146 1272 1160 1298 ὁ
1177 1271 1358 1308 ξυγγραφεὺς,
1380 1271 1417 1302 ὡς
1443 1272 1475 1298 ἂν
1501 1270 1640 1306 ὑπεκλύσῃ
1663 1270 1714 1306 τὴν
1742 1269 1870 1296 ὑπόνοιαν
1889 1266 1934 1294 τοῦ

1149 1317 1221 1353 πέρα
1245 1318 1299 1344 τῶν
1324 1317 1515 1354 προσηκόντων
1546 1316 1626 1343 αὐτὸν
1654 1314 1861 1351 περιειργάσθαι
1882 1314 1935 1349 (36)

1147 1362 1247 1390 δοκεῖν.
1274 1363 1329 1390 Καὶ
1348 1364 1403 1399 γὰρ
1425 1364 1458 1399 δὴ
1476 1364 1524 1390 καὶ
1547 1362 1762 1398 ἀπολογούμενον
1777 1361 1858 1388 αὐτὸν
1871 1361 1936 1388 ὐπο-

1148 1409 1258 1444 γράφει,
1279 1409 1319 1436 ὅτι
1338 1409 1374 1444 μὴ
1391 1409 1461 1436 κατὰ
1482 1408 1693 1444 νεκρομαντείαν
1718 1409 1733 1434 ό
1747 1407 1849 1443 τρόπος
1864 1406 1938 1441 αὑτῷ

1143 1453 1193 1489 τῆς
1201 1455 1330 1490 φανείσης
1339 1453 1426 1489 ὅψεως
1432 1454 1543 1489 γένοιτο·
1556 1464 1564 1479 ι
1575 1453 1642 1480 Οὔτε
1659 1453 1714 1489 γὰρ
1727 1452 1833 1488 βόθρον,
1851 1450 1935 1482 εἶπεν,

1153 1499 1300 1531 Ὀδυσσέως
1308 1500 1483 1536 ὀρυξάμενος,
1497 1499 1648 1536 οὐδ’ἁρνῶν
1667 1500 1764 1534 αἵμασι
1775 1498 1937 1533 ψυχαγωγή-

1149 1553 1209 1577 σας,
1217 1547 1246 1576 ἐς
1254 1544 1368 1577 διάλεξιν
1382 1544 1428 1571 τοῦ
1437 1543 1579 1580 Ἀχιλλέως
1588 1542 1669 1580 ἦλθον
1682 1542 1750 1579 (57),
1760 1542 1936 1578 ἀλλἐὺξάμε-

1145 1599 1189 1622 νος
1196 1591 1281 1617 ὁπόσα
1292 1593 1347 1623 τοῖς
1359 1592 1461 1628 ἥρωσιν
1475 1590 1550 1618 Ἰνδοί
1559 1599 1638 1625 φασιν
1646 1589 1774 1622 εὔξασθαι
1781 1589 1846 1616 δεῖν.
1861 1598 1871 1615 ι
1881 1588 1936 1616 Καὶ

1147 1636 1233 1663 ταῦτα
1250 1636 1296 1664 νῦν
1314 1637 1381 1672 πρὸς
1395 1638 1440 1664 τὸν
1457 1638 1562 1673 ἑταῖρον
1579 1636 1806 1672 ἀποσεμνύνεται,
1823 1635 1838 1662 ό
1856 1635 1938 1670 μηδὲν

1149 1682 1244 1718 μαθεῖν
1252 1683 1317 1718 παρ’
1332 1683 1430 1715 Ἰνδῶν,
1444 1684 1510 1720 μηδὲ
1524 1683 1643 1719 ζηλῶσαι
1657 1682 1769 1718 (58)τὴν
1778 1682 1841 1717 παρ’
1847 1681 1938 1712 αὐτοῖς

1148 1729 1255 1763 σοφίαν,
1278 1731 1346 1765 πρὸς
1376 1729 1423 1756 τοῦ
1446 1729 1623 1764 ξυγγραφὲως
1651 1728 1907 1765 μεμαρτυρημένος.

309 1777 381 1810 veni,
402 1778 449 1805 sed
466 1777 593 1813 precibus
609 1777 689 1810 fusis,
705 1786 773 1814 quas
791 1778 850 1806 Indi
867 1784 981 1808 censent
1001 1781 1130 1810 heroibus
1149 1783 1225 1811 fundi
1244 1789 1381 1820 oportere.
1405 1795 1413 1812 ι
1430 1785 1519 1820 Atque
1553 1785 1586 1812 de
1619 1785 1680 1813 istis
1707 1784 1764 1820 iam
1792 1784 1863 1820 apud
1890 1791 1936 1811 so—

308 1822 396 1852 dalem
407 1825 549 1860 gloriatur,
563 1825 610 1860 qui
622 1825 689 1852 nihil
705 1825 739 1852 ah
752 1825 824 1853 Indis
838 1827 988 1862 accepisse,
1006 1835 1094 1864 neque
1112 1837 1207 1862 eorum
1220 1831 1343 1860 imitatus
1357 1831 1519 1867 sapientiam
1535 1838 1596 1859 esse
1629 1831 1694 1859 alibi
1725 1831 1791 1858 huic
1808 1826 1938 1865 scriptori

308 1871 469 1907 perhibetur
483 1872 518 1899 π.

588 1940 702 1969 CAPUT
713 1940 809 1970 XXIX.

345 1997 408 2029 Sed,
421 1997 502 2025 heus!
515 1997 585 2025 bone
598 1998 648 2030 vir,
664 1998 717 2026 nisi
731 1999 892 2027 damnabilis
907 1999 952 2027 illa
960 2003 1019 2028 erat
1035 2008 1093 2028 ma-

309 2045 362 2080 sia,
375 2044 439 2079 quid
465 2048 507 2071 est
533 2044 606 2079 quod
631 2045 671 2072 vel
695 2045 805 2072 unicum
831 2045 879 2073 tibi
909 2046 1092 2075 familiarissi-

307 2098 403 2122 mum,
438 2098 555 2125 eumque
593 2091 699 2124 solum,
737 2091 900 2124 Damidem,
938 2092 1090 2120 admirandi

1398 1947 1591 1975 ΚΕΦΑΛΑῘΟΝ
1607 1949 1659 1976 KG’
1665 1966 1673 1975 .

1180 2001 1337 2039 Τίδῆτ“οὖν,
1355 2000 1377 2030 ὦ
1393 2000 1513 2036 οὖτος,εἱ
1524 2005 1559 2040 μή
1570 2013 1611 2036 τις
1620 2002 1653 2040 ἦν
1667 2003 1806 2039 κακοήθης
1821 2012 1932 2039 περιερ-

1143 2050 1201 2084 γία,
1217 2049 1284 2085 μηδὲ
1299 2049 1344 2075 τὸν
1357 2048 1404 2076 ἕνα
1418 2058 1469 2082 σοι,
1484 2049 1530 2076 καὶ
1539 2051 1659 2084 γνήσιον,
1670 2049 1715 2076 καὶ
1727 2049 1807 2084 μόνον
1816 2050 1935 2086 ἑταῖρον,

1144 2096 1240 2130 Δάμιν,
1250 2096 1337 2122 κοινὸν
1352 2095 1443 2122 ἐποιοῦ
1459 2096 1510 2131 τῆς
1526 2096 1684 2131 θαυμαστῆς
1696 2095 1796 2130 ταύτης
1805 2095 1894 2130 ὅψεὼς
1905 2104 1936 2121 τε

308 2136 390 2171 hujus
421 2137 569 2171 spectaculi
601 2142 627 2164 et
662 2137 892 2166 confabulationis
927 2139 1089 2174 participem

1145 2139 1193 2165 καὶ
1199 2139 1307 2174 ὁμιλίας
1314 2147 1321 2171 ;
1331 2138 1363 2165 Τί
1372 2139 1395 2165 δ’
1403 2140 1462 2174 οὐχὶ
1470 2140 1515 2166 καὶ
1521 2139 1555 2166 δι’
1565 2140 1669 2175 ἡμέρας
1677 2139 1756 2166 τοῦτο
1763 2140 1827 2175 ὲξῆν
1836 2142 1934 2172 ποιεῖν,

307 2182 379 2209 haud
394 2181 491 2210 fecisti.
515 2183 571 2211 Cur
611 2183 674 2210 item
700 2185 779 2219 plena
795 2184 839 2211 dic
865 2184 891 2211 id
915 2184 1005 2213 facere
1020 2185 1092 2212 haud

1146 2185 1213 2212 ἀλλὰ
1223 2185 1277 2212 τῶν
1288 2185 1392 2212 νυκτῶν
1404 2186 1482 2221 ἀωρὶ,
1498 2186 1545 2212 καὶ
1562 2186 1639 2221 μόνον
1650 2194 1657 2218 ;
1669 2186 1700 2212 Τί
1716 2186 1744 2212 δὲ
1760 2186 1807 2212 καὶ
1818 2186 1936 2222 ἦλα-ανον

308 2229 395 2261 licuit,
433 2228 481 2256 scd
507 2233 587 2256 nocte
611 2229 786 2265 intempesta,
810 2234 865 2257 ate
890 2231 983 2266 peragi
1011 2239 1093 2266 opor-

1145 2232 1194 2266 τὴν
1215 2232 1262 2258 τοῦ
1283 2232 1372 2267 ἥρωος
1389 2232 1476 2267 ψυχὴν
1498 2232 1683 2267 ἀλεκτρυόνων
1699 2232 1774 2266 βοαίς
1789 2242 1797 2257 ι
1816 2232 1937 2268 ’Λπῆλθε

306 2275 360 2302 tuit
375 2275 450 2303 solo?
461 2275 516 2302 Cur
540 2275 604 2302 item
622 2276 755 2311 gallorum
772 2281 870 2304 cantus
889 2276 981 2303 herois
995 2284 1090 2304 manes

1145 2278 1207 2313 γὰρ,
1228 2278 1304 2313 φησὶ,
1331 2277 1378 2311 ξὺν
1407 2279 1531 2314 ἀστραπῇ
1550 2279 1664 2315 μετρίᾳ·
1695 2279 1740 2305 καὶ
1766 2278 1822 2314 γὰρ
1838 2278 1872 2314 δὴ
1888 2279 1935 2305 καὶ

307 2321 653 2357 ἰυκιιι-υηιΐιΑὺίἱιοηίηι,
674 2322 772 2357 inquit,
793 2330 855 2349 cum
885 2322 991 2357 fulgure
1022 2330 1090 2358 quo-

1145 2323 1319 2360 ἀλεκτρυόνες
1339 2325 1390 2360 ἤδη
1410 2324 1481 2361 ᾠδῆς
1502 2326 1626 2361 ἥπτοντο.
1648 2335 1658 2351 ι
1676 2325 1790 2361 Δαίμοσι
1819 2325 1869 2361 μὲν
1889 2324 1936 2352 οὖν

307 2367 369 2395 dam
379 2368 496 2401 modico,
514 2376 631 2403 namque
645 2372 671 2396 et
681 2369 743 2403 galli
756 2369 959 2404 gallinaceijam
979 2374 1089 2396 cantum

1145 2371 1269 2405 πονηροῖς
1283 2370 1383 2404 γένοιτ’
1398 2369 1430 2396 ἂν
1456 2370 1520 2401 ἴσως
1535 2371 1549 2396 ό
1565 2370 1615 2405 τῆς
1639 2369 1712 2406 ὥρας
1735 2369 1891 2405 ἐπιτήδειος
1907 2371 1937 2400 ἐς

305 2415 396 2442 exorsi
412 2412 527 2442 fuerant.
546 2424 555 2440 ι
574 2415 692 2450 lmpuris
715 2415 806 2450 itaque
823 2414 994 2443 daemonibus
1021 2415 1090 2443 forte

1145 2416 1304 2452 περιέργους
1328 2415 1434 2452 ὁμιλίας
1451 2417 1561 2452 καιρὸς,
1580 2416 1638 2443 ἀλλ’
1653 2416 1713 2451 οὐχὶ
1734 2415 1831 2452 ήρωΐδι
1848 2416 1935 2451 ψυχῇ,

357 2492 380 2508 ⁸⁷
399 2492 447 2520 lib.
464 2500 508 2525 tv,
524 2500 549 2520 c.
566 2492 609 2520 t6.
648 2492 669 2508 ⁸⁸
688 2492 737 2520 lib.
754 2500 776 2525 ι,
795 2500 821 2520 c.
839 2493 883 2520 '52.
922 2494 944 2509 "
962 2493 1009 2521 lib.
1027 2501 1053 2521 IV
1066 2514 1073 2527 ,
1088 2502 1093 2519 ‹

1150 2493 1177 2521 6.
1215 2494 1238 2510 ⁷⁰
1258 2494 1305 2522 lib.
1323 2502 1353 2528 ν,
1371 2502 1396 2522 c.
1414 2495 1458 2523 12.

341 2579 396 2616 (35)
409 2579 472 2617 Τοῦ
484 2581 560 2608 δίου.
578 2580 653 2617 Editi
665 2581 802 2617 habebant
814 2581 860 2608 τοῦ
874 2581 1016 2617 Διός,ψιο‹1
1033 2590 1088 2610 non

305 2616 430 2650 Ingratiis
451 2616 589 2643 Musarum
604 2617 631 2644 in
645 2616 701 2643 δίου
716 2625 767 2644 nos
790 2625 822 2644 ex
848 2618 1006 2652 conjectura
1028 2625 1087 2645 mu-

304 2655 378 2677 tasse
393 2652 564 2678 confidimus.

339 2685 394 2726 (δῦ)
409 2686 640 2726 Περιειργάοςθαι.
656 2686 742 2726 Notus
757 2687 916 2726 ex_Actibus
936 2687 1088 2726 apostolicis

303 2722 379 2748 vocis
402 2722 545 2757 περίεργος
570 2723 603 2749 de
629 2723 710 2749 rebus
733 2723 845 2757 magicis
863 2731 939 2754 usus,
957 2723 990 2750 ad
1007 2731 1088 2758 quem

304 2763 416 2782 censum
434 2759 534 2784 referre
549 2762 655 2792 oportet
674 2758 896 2793 νεκυομαντείαν,
911 2759 1090 2793 curiosusque

305 2794 473 2818 mortuorum
486 2793 709 2820 consultationes.
721 2792 903 2825 Quamobrem
916 2794 979 2821 nolo
990 2794 1024 2820 de
1035 2792 1086 2820 hac

305 2831 374 2864 voce
383 2826 415 2853 ad
422 2833 534 2864 sacram
549 2828 621 2864 illam
634 2829 818 2862 apostolorum
833 2829 972 2857 historiam
987 2836 1002 2856 a
1019 2829 1086 2856 viris

304 2859 392 2888 doctis
405 2861 547 2890 observata
563 2863 615 2891 hoc
635 2859 694 2891 loco
709 2867 839 2899 repetere.

1175 2583 1230 2619 (57)
1246 2582 1369 2612 Ἦλθον.
1388 2584 1458 2612 Editi
1477 2585 1546 2612 ἔλθοι
1563 2585 1709 2617 habebant,
1731 2593 1814 2613 sensu
1833 2586 1931 2617 invitoI

1140 2626 1256 2654 cumque
1281 2621 1339 2655 ipsa
1362 2621 1406 2647 hic
1420 2628 1462 2656 exi
1476 2620 1633 2648 Philostrati
1648 2622 1760 2648 historia
1779 2622 1937 2656 allegentnr

1139 2653 1276 2716 Apollonii
1292 2653 1392 2688 'verba,
1419 2653 1499 2691 ἦλθον
1514 2664 1546 2683 ex
1561 2663 1594 2684 ea
1616 2657 1762 2684 restituere
1778 2653 1934 2684 non'dubi-

1154 2697 1207 2716 an.

1154 2697 1207 2716 ωἰ.

1177 2725 1231 2761 (ὃδ)
1249 2725 1330 2758 Μηδὲ
1346 2724 1474 2760 ζηλῶσαι
1488 2730 1542 2754 etc.
1557 2726 1678 2761 Respicit
1693 2727 1784 2754 locum
1797 2728 1826 2754 in
1843 2726 1935 2753 histo-

1141 2760 1182 2787 ria
1209 2760 1377 2790 Philostrati.
1396 2769 1478 2797 supra
1507 2763 1588 2788 etiam
1612 2760 1671 2796 cap.
1698 2762 1744 2795 24,
1769 2763 1932 2797 allegatum.

1139 2804 1219 2830 quem
1235 2804 1297 2823 cum
1313 2797 1393 2823 modo
1410 2796 1532 2831 allegatis
1552 2796 1688 2831 Apollonii
1706 2798 1798 2824 verbis
1815 2796 1936 2824 conten—

1140 2831 1218 2865 dens,
1234 2832 1371 2859 contraria
1387 2840 1498 2860 narrare
1515 2831 1709 2861 Philastraturn
1725 2832 1856 2861 ostendit.
