  <div class='ocr_page' id='page_1' title='image "/cluster/home/n/w/nwhite01/storage/ocr_20150623/22/njp.32101077772497/484.png"; bbox 0 0 2065 3216; ppageno 0'>
   <div class='ocr_carea' id='block_1_1' title="bbox 164 141 226 175">
    <p class='ocr_par' dir='ltr' id='par_1_1' title="bbox 164 141 226 175">
     <span class='ocr_line' id='line_1_1' title="bbox 164 141 226 175; baseline 0 -5"><span class='ocrx_word' id='word_1_1' title='bbox 164 141 226 175; x_wconf 70' lang='grc'>,851</span> 
     </span>
    </p>
   </div>
   <div class='ocr_carea' id='block_1_2' title="bbox 732 137 1221 169">
    <p class='ocr_par' dir='ltr' id='par_1_2' title="bbox 732 137 1221 169">
     <span class='ocr_line' id='line_1_2' title="bbox 732 137 1221 169; baseline -0.006 0"><span class='ocrx_word' id='word_1_2' title='bbox 732 140 835 169; x_wconf 75' lang='lat' dir='ltr'><strong>LlBER</strong></span> <span class='ocrx_word' id='word_1_3' title='bbox 852 140 993 169; x_wconf 69' lang='lat' dir='ltr'><strong>CONTRA</strong></span> <span class='ocrx_word' id='word_1_4' title='bbox 1012 137 1221 168; x_wconf 78' lang='lat' dir='ltr'><strong>ﬂlEROCLEM.</strong></span> 
     </span>
    </p>
   </div>
   <div class='ocr_carea' id='block_1_3' title="bbox 1739 139 1792 168">
    <p class='ocr_par' dir='ltr' id='par_1_3' title="bbox 1739 139 1792 168">
     <span class='ocr_line' id='line_1_3' title="bbox 1739 139 1792 168; baseline 0 0"><span class='ocrx_word' id='word_1_5' title='bbox 1739 139 1792 168; x_wconf 76' lang='lat'><strong>838</strong></span> 
     </span>
    </p>
   </div>
   <div class='ocr_carea' id='block_1_4' title="bbox 170 194 962 238">
    <p class='ocr_par' dir='ltr' id='par_1_4' title="bbox 170 200 946 238">
     <span class='ocr_line' id='line_1_4' title="bbox 170 200 946 238; baseline -0.003 -9"><span class='ocrx_word' id='word_1_6' title='bbox 170 203 215 237; x_wconf 78' lang='grc' dir='ltr'>ἢν,</span> <span class='ocrx_word' id='word_1_7' title='bbox 233 203 283 238; x_wconf 83' lang='grc' dir='ltr'>τῆς</span> <span class='ocrx_word' id='word_1_8' title='bbox 297 202 412 238; x_wconf 78' lang='grc' dir='ltr'><strong>παχείας</strong></span> <span class='ocrx_word' id='word_1_9' title='bbox 427 203 472 228; x_wconf 81' lang='grc' dir='ltr'>τοῦ</span> <span class='ocrx_word' id='word_1_10' title='bbox 492 202 614 237; x_wconf 84' lang='grc' dir='ltr'>σώματος</span> <span class='ocrx_word' id='word_1_11' title='bbox 627 200 851 238; x_wconf 80' lang='grc' dir='ltr'>ὲλευθερωθεῖσαν</span> <span class='ocrx_word' id='word_1_12' title='bbox 865 200 929 237; x_wconf 76' lang='grc' dir='ltr'>ὕλης</span> <span class='ocrx_word' id='word_1_13' title='bbox 938 223 946 235; x_wconf 82' lang='lat'><strong>,</strong></span> 
     </span>
    </p>
   </div>
   <div class='ocr_carea' id='block_1_5' title="bbox 1013 194 1793 238">
    <p class='ocr_par' dir='ltr' id='par_1_5' title="bbox 1013 194 1793 231">
     <span class='ocr_line' id='line_1_5' title="bbox 1013 194 1793 231; baseline -0.003 -8"><span class='ocrx_word' id='word_1_14' title='bbox 1013 197 1097 231; x_wconf 81' lang='lat' dir='ltr'><strong>magis</strong></span> <span class='ocrx_word' id='word_1_15' title='bbox 1113 201 1298 231; x_wconf 75' lang='lat' dir='ltr'><strong>Opportunum</strong></span> <span class='ocrx_word' id='word_1_16' title='bbox 1315 194 1397 223; x_wconf 84' lang='lat' dir='ltr'><strong>fuerit</strong></span> <span class='ocrx_word' id='word_1_17' title='bbox 1421 195 1454 222; x_wconf 82' lang='lat' dir='ltr'><strong>ad</strong></span> <span class='ocrx_word' id='word_1_18' title='bbox 1469 194 1590 230; x_wconf 77' lang='lat' dir='ltr'><strong>magicas</strong></span> <span class='ocrx_word' id='word_1_19' title='bbox 1606 194 1793 221; x_wconf 87' lang='lat' dir='ltr'><strong>conversatio-</strong></span> 
     </span>
    </p>
   </div>
   <div class='ocr_carea' id='block_1_6' title="bbox 171 246 951 284">
    <p class='ocr_par' dir='ltr' id='par_1_6' title="bbox 171 246 951 284">
     <span class='ocr_line' id='line_1_6' title="bbox 171 246 951 284; baseline -0.001 -10"><span class='ocrx_word' id='word_1_20' title='bbox 171 248 277 284; x_wconf 84' lang='grc' dir='ltr'>ἀγαθὴν</span> <span class='ocrx_word' id='word_1_21' title='bbox 299 249 344 274; x_wconf 85' lang='grc' dir='ltr'>καὶ</span> <span class='ocrx_word' id='word_1_22' title='bbox 361 248 510 283; x_wconf 85' lang='grc' dir='ltr'>πανὰρετον</span> <span class='ocrx_word' id='word_1_23' title='bbox 523 246 590 274; x_wconf 76' lang='grc' dir='ltr'>εἶναι</span> <span class='ocrx_word' id='word_1_24' title='bbox 606 246 703 283; x_wconf 86' lang='grc' dir='ltr'>χρεών,</span> <span class='ocrx_word' id='word_1_25' title='bbox 718 247 751 273; x_wconf 81' lang='grc' dir='ltr'><strong>’Ὀ</strong></span> <span class='ocrx_word' id='word_1_26' title='bbox 766 255 797 281; x_wconf 82' lang='grc' dir='ltr'><strong>γε</strong></span> <span class='ocrx_word' id='word_1_27' title='bbox 823 247 876 283; x_wconf 83' lang='grc' dir='ltr'><strong>μὴν</strong></span> <span class='ocrx_word' id='word_1_28' title='bbox 896 248 951 273; x_wconf 89' lang='grc' dir='ltr'>εἰσ-</span> 
     </span>
    </p>
   </div>
   <div class='ocr_carea' id='block_1_7' title="bbox 172 292 952 329">
    <p class='ocr_par' dir='ltr' id='par_1_7' title="bbox 172 292 952 329">
     <span class='ocr_line' id='line_1_7' title="bbox 172 292 952 329; baseline -0.003 -9"><span class='ocrx_word' id='word_1_29' title='bbox 172 294 292 329; x_wconf 85' lang='grc' dir='ltr'>ηγμένος</span> <span class='ocrx_word' id='word_1_30' title='bbox 307 293 423 320; x_wconf 75' lang='grc' dir='ltr'>ἐνταῦθα</span> <span class='ocrx_word' id='word_1_31' title='bbox 437 293 540 327; x_wconf 87' lang='grc' dir='ltr'>δαίμων</span> <span class='ocrx_word' id='word_1_32' title='bbox 553 292 695 327; x_wconf 77' lang='grc' dir='ltr'><strong>βάσκανος,</strong></span> <span class='ocrx_word' id='word_1_33' title='bbox 711 294 756 319; x_wconf 79' lang='grc' dir='ltr'><strong>καὶ</strong></span> <span class='ocrx_word' id='word_1_34' title='bbox 770 292 896 328; x_wconf 80' lang='grc' dir='ltr'>φθονερὸς</span> <span class='ocrx_word' id='word_1_35' title='bbox 907 292 952 318; x_wconf 85' lang='grc' dir='ltr'><strong>τὸν</strong></span> 
     </span>
    </p>
   </div>
   <div class='ocr_carea' id='block_1_8' title="bbox 171 338 952 375">
    <p class='ocr_par' dir='ltr' id='par_1_8' title="bbox 171 338 952 375">
     <span class='ocr_line' id='line_1_8' title="bbox 171 338 952 375; baseline -0.001 -10"><span class='ocrx_word' id='word_1_36' title='bbox 171 339 281 375; x_wconf 84' lang='grc' dir='ltr'>τρόπον,</span> <span class='ocrx_word' id='word_1_37' title='bbox 299 339 405 374; x_wconf 83' lang='grc' dir='ltr'><strong>ὀργίλος</strong></span> <span class='ocrx_word' id='word_1_38' title='bbox 424 347 453 364; x_wconf 85' lang='grc' dir='ltr'><strong>τε</strong></span> <span class='ocrx_word' id='word_1_39' title='bbox 475 338 521 364; x_wconf 76' lang='grc' dir='ltr'>καὶ</span> <span class='ocrx_word' id='word_1_40' title='bbox 544 338 671 369; x_wconf 83' lang='grc' dir='ltr'>ταπεινὸς</span> <span class='ocrx_word' id='word_1_41' title='bbox 686 339 734 374; x_wconf 87' lang='grc' dir='ltr'>τὴν</span> <span class='ocrx_word' id='word_1_42' title='bbox 749 338 866 365; x_wconf 84' lang='grc' dir='ltr'>διάθεσιν</span> <span class='ocrx_word' id='word_1_43' title='bbox 887 339 952 364; x_wconf 79' lang='grc' dir='ltr'>ὑπο-</span> 
     </span>
    </p>
   </div>
   <div class='ocr_carea' id='block_1_9' title="bbox 171 383 953 419">
    <p class='ocr_par' dir='ltr' id='par_1_9' title="bbox 171 383 953 419">
     <span class='ocr_line' id='line_1_9' title="bbox 171 383 953 419; baseline -0.001 -8"><span class='ocrx_word' id='word_1_44' title='bbox 171 384 337 411; x_wconf 79' lang='grc' dir='ltr'>τετύπωται.</span> <span class='ocrx_word' id='word_1_45' title='bbox 355 384 390 410; x_wconf 87' lang='grc' dir='ltr'><strong>Ἦ</strong></span> <span class='ocrx_word' id='word_1_46' title='bbox 404 384 464 419; x_wconf 70' lang='grc' dir='ltr'>οὐχὶ</span> <span class='ocrx_word' id='word_1_47' title='bbox 478 383 595 415; x_wconf 86' lang='grc' dir='ltr'>τοιοῦτος</span> <span class='ocrx_word' id='word_1_48' title='bbox 606 384 620 410; x_wconf 86' lang='grc' dir='ltr'>ὁ</span> <span class='ocrx_word' id='word_1_49' title='bbox 636 384 681 410; x_wconf 76' lang='grc' dir='ltr'>τὸν</span> <span class='ocrx_word' id='word_1_50' title='bbox 699 384 879 418; x_wconf 57' lang='grc' dir='ltr'>ἰ’ςντισθένην,</span> <span class='ocrx_word' id='word_1_51' title='bbox 898 392 953 418; x_wconf 85' lang='grc' dir='ltr'>μει-</span> 
     </span>
    </p>
   </div>
   <div class='ocr_carea' id='block_1_10' title="bbox 176 428 951 465">
    <p class='ocr_par' dir='ltr' id='par_1_10' title="bbox 176 428 951 465">
     <span class='ocr_line' id='line_1_10' title="bbox 176 428 951 465; baseline -0.003 -9"><span class='ocrx_word' id='word_1_52' title='bbox 176 429 269 465; x_wconf 75' lang='grc' dir='ltr'>ράκιόν</span> <span class='ocrx_word' id='word_1_53' title='bbox 280 438 306 455; x_wconf 86' lang='grc' dir='ltr'><strong>τι</strong></span> <span class='ocrx_word' id='word_1_54' title='bbox 321 429 473 460; x_wconf 84' lang='grc' dir='ltr'>σπουδαῖον,</span> <span class='ocrx_word' id='word_1_55' title='bbox 487 428 524 460; x_wconf 85' lang='grc' dir='ltr'>ὡς</span> <span class='ocrx_word' id='word_1_56' title='bbox 543 429 576 455; x_wconf 84' lang='grc' dir='ltr'><strong>ἂν</strong></span> <span class='ocrx_word' id='word_1_57' title='bbox 594 429 624 464; x_wconf 79' lang='grc' dir='ltr'>δὴ</span> <span class='ocrx_word' id='word_1_58' title='bbox 639 429 774 464; x_wconf 76' lang='grc' dir='ltr'>φιλοσόφῳ</span> <span class='ocrx_word' id='word_1_59' title='bbox 793 428 951 461; x_wconf 77' lang='grc' dir='ltr'><strong>ξυνέπεσθαι</strong></span> 
     </span>
    </p>
   </div>
   <div class='ocr_carea' id='block_1_11' title="bbox 172 474 950 510">
    <p class='ocr_par' dir='ltr' id='par_1_11' title="bbox 172 474 950 510">
     <span class='ocr_line' id='line_1_11' title="bbox 172 474 950 510; baseline -0.004 -8"><span class='ocrx_word' id='word_1_60' title='bbox 172 475 213 510; x_wconf 84' lang='grc' dir='ltr'>τῷ</span> <span class='ocrx_word' id='word_1_61' title='bbox 232 474 401 508; x_wconf 83' lang='grc' dir='ltr'><strong>Ἀπολλωνίῳ</strong></span> <span class='ocrx_word' id='word_1_62' title='bbox 416 474 592 509; x_wconf 84' lang='grc' dir='ltr'>πειρώμενον,</span> <span class='ocrx_word' id='word_1_63' title='bbox 613 474 771 510; x_wconf 83' lang='grc' dir='ltr'>ἁπείργων;</span> <span class='ocrx_word' id='word_1_64' title='bbox 788 474 950 508; x_wconf 81' lang='grc' dir='ltr'>Προστάττει</span> 
     </span>
    </p>
   </div>
   <div class='ocr_carea' id='block_1_12' title="bbox 173 518 958 556">
    <p class='ocr_par' dir='ltr' id='par_1_12' title="bbox 173 518 958 556">
     <span class='ocr_line' id='line_1_12' title="bbox 173 518 958 556; baseline 0 -10"><span class='ocrx_word' id='word_1_65' title='bbox 173 520 230 556; x_wconf 85' lang='grc' dir='ltr'>γὰρ</span> <span class='ocrx_word' id='word_1_66' title='bbox 251 519 282 546; x_wconf 79' lang='grc' dir='ltr'>τὺ</span> <span class='ocrx_word' id='word_1_67' title='bbox 305 519 342 555; x_wconf 83' lang='grc' dir='ltr'>μὴ</span> <span class='ocrx_word' id='word_1_68' title='bbox 356 518 490 545; x_wconf 78' lang='grc' dir='ltr'>ποιεῖσθαι</span> <span class='ocrx_word' id='word_1_69' title='bbox 514 519 593 545; x_wconf 79' lang='grc' dir='ltr'>αὐτὸν</span> <span class='ocrx_word' id='word_1_70' title='bbox 615 518 783 555; x_wconf 80' lang='grc' dir='ltr'><strong>ξυνέμπορον</strong></span> <span class='ocrx_word' id='word_1_71' title='bbox 796 519 846 554; x_wconf 81' lang='grc' dir='ltr'>τῆς</span> <span class='ocrx_word' id='word_1_72' title='bbox 863 518 958 546; x_wconf 81' lang='grc' dir='ltr'>ἑαυτοῦ</span> 
     </span>
    </p>
   </div>
   <div class='ocr_carea' id='block_1_13' title="bbox 174 564 958 602">
    <p class='ocr_par' dir='ltr' id='par_1_13' title="bbox 174 564 958 602">
     <span class='ocr_line' id='line_1_13' title="bbox 174 564 958 602; baseline 0 -10"><span class='ocrx_word' id='word_1_73' title='bbox 174 566 342 601; x_wconf 79' lang='grc' dir='ltr'><strong>φιλοσοφίας,</strong></span> <span class='ocrx_word' id='word_1_74' title='bbox 351 564 482 599; x_wconf 75' lang='grc' dir='ltr'><strong>ἐπιλέγων</strong></span> <span class='ocrx_word' id='word_1_75' title='bbox 491 565 540 600; x_wconf 86' lang='grc' dir='ltr'><strong>τὴν</strong></span> <span class='ocrx_word' id='word_1_76' title='bbox 550 565 650 592; x_wconf 74' lang='grc' dir='ltr'>αἰτίαν·</span> <span class='ocrx_word' id='word_1_77' title='bbox 670 575 679 592; x_wconf 89' lang='grc'><strong>‹</strong></span> <span class='ocrx_word' id='word_1_78' title='bbox 691 565 842 601; x_wconf 82' lang='grc' dir='ltr'><strong>Πριαμίδης</strong></span> <span class='ocrx_word' id='word_1_79' title='bbox 856 575 884 592; x_wconf 86' lang='grc' dir='ltr'><strong>τε</strong></span> <span class='ocrx_word' id='word_1_80' title='bbox 895 567 958 602; x_wconf 86' lang='grc' dir='ltr'>γὰρ,</span> 
     </span>
    </p>
   </div>
   <div class='ocr_carea' id='block_1_14' title="bbox 173 610 959 648">
    <p class='ocr_par' dir='ltr' id='par_1_14' title="bbox 173 610 959 648">
     <span class='ocr_line' id='line_1_14' title="bbox 173 610 959 648; baseline 0.001 -10"><span class='ocrx_word' id='word_1_81' title='bbox 173 613 267 648; x_wconf 72' lang='grc' dir='ltr'>φησὶν,</span> <span class='ocrx_word' id='word_1_82' title='bbox 295 610 394 643; x_wconf 68' lang='grc' dir='ltr'>ἱκανῶς</span> <span class='ocrx_word' id='word_1_83' title='bbox 414 611 478 646; x_wconf 77' lang='lat'><strong>(38&#39;)</strong></span> <span class='ocrx_word' id='word_1_84' title='bbox 495 612 562 643; x_wconf 78' lang='grc' dir='ltr'>ἐστι,</span> <span class='ocrx_word' id='word_1_85' title='bbox 588 611 634 638; x_wconf 69' lang='grc' dir='ltr'>καὶ</span> <span class='ocrx_word' id='word_1_86' title='bbox 657 611 702 639; x_wconf 80' lang='grc' dir='ltr'><strong>τὸν</strong></span> <span class='ocrx_word' id='word_1_87' title='bbox 716 612 835 648; x_wconf 82' lang='grc' dir='ltr'>Ἕκτορα</span> <span class='ocrx_word' id='word_1_88' title='bbox 868 612 959 648; x_wconf 85' lang='grc' dir='ltr'>ὑμνῶν</span> 
     </span>
    </p>
   </div>
   <div class='ocr_carea' id='block_1_15' title="bbox 173 657 960 694">
    <p class='ocr_par' dir='ltr' id='par_1_15' title="bbox 173 657 960 694">
     <span class='ocr_line' id='line_1_15' title="bbox 173 657 960 694; baseline 0 -8"><span class='ocrx_word' id='word_1_89' title='bbox 173 659 205 686; x_wconf 84' lang='grc' dir='ltr'>οὺ</span> <span class='ocrx_word' id='word_1_90' title='bbox 231 657 354 685; x_wconf 81' lang='grc' dir='ltr'>παύεται.</span> <span class='ocrx_word' id='word_1_91' title='bbox 377 667 386 684; x_wconf 71' lang='grc' dir='ltr'>ι</span> <span class='ocrx_word' id='word_1_92' title='bbox 402 657 464 690; x_wconf 83' lang='grc' dir='ltr'><strong>Πῶς</strong></span> <span class='ocrx_word' id='word_1_93' title='bbox 479 658 507 685; x_wconf 82' lang='grc' dir='ltr'>δὲ</span> <span class='ocrx_word' id='word_1_94' title='bbox 529 659 579 685; x_wconf 82' lang='grc' dir='ltr'>οὐκ</span> <span class='ocrx_word' id='word_1_95' title='bbox 601 658 708 694; x_wconf 80' lang='grc' dir='ltr'>ὀργίλος</span> <span class='ocrx_word' id='word_1_96' title='bbox 726 659 773 685; x_wconf 82' lang='grc' dir='ltr'>καὶ</span> <span class='ocrx_word' id='word_1_97' title='bbox 790 659 930 692; x_wconf 75' lang='grc' dir='ltr'>ταπεινόςς</span> <span class='ocrx_word' id='word_1_98' title='bbox 945 661 960 686; x_wconf 86' lang='grc' dir='ltr'>ὁ</span> 
     </span>
    </p>
   </div>
   <div class='ocr_carea' id='block_1_16' title="bbox 174 704 959 741">
    <p class='ocr_par' dir='ltr' id='par_1_16' title="bbox 174 704 959 741">
     <span class='ocr_line' id='line_1_16' title="bbox 174 704 959 741; baseline 0.003 -11"><span class='ocrx_word' id='word_1_99' title='bbox 174 704 328 736; x_wconf 78' lang='grc' dir='ltr'>Θετταλοῖς,</span> <span class='ocrx_word' id='word_1_100' title='bbox 356 704 397 731; x_wconf 83' lang='grc' dir='ltr'>ὅτι</span> <span class='ocrx_word' id='word_1_101' title='bbox 432 704 468 740; x_wconf 86' lang='grc' dir='ltr'>μὴ</span> <span class='ocrx_word' id='word_1_102' title='bbox 501 704 589 731; x_wconf 80' lang='grc' dir='ltr'>θύοιεν</span> <span class='ocrx_word' id='word_1_103' title='bbox 604 704 687 739; x_wconf 81' lang='grc' dir='ltr'>αὐτῷ,</span> <span class='ocrx_word' id='word_1_104' title='bbox 704 705 881 741; x_wconf 77' lang='grc' dir='ltr'>θυμούμενος,</span> <span class='ocrx_word' id='word_1_105' title='bbox 913 706 959 733; x_wconf 76' lang='grc' dir='ltr'>καὶ</span> 
     </span>
    </p>
   </div>
   <div class='ocr_carea' id='block_1_17' title="bbox 174 750 959 787">
    <p class='ocr_par' dir='ltr' id='par_1_17' title="bbox 174 750 959 787">
     <span class='ocr_line' id='line_1_17' title="bbox 174 750 959 787; baseline 0.001 -10"><span class='ocrx_word' id='word_1_106' title='bbox 174 751 292 787; x_wconf 72' lang='grc' dir='ltr'>Τρωσὶν,</span> <span class='ocrx_word' id='word_1_107' title='bbox 305 751 346 777; x_wconf 81' lang='grc' dir='ltr'><strong>ὅτι</strong></span> <span class='ocrx_word' id='word_1_108' title='bbox 358 750 389 785; x_wconf 85' lang='grc' dir='ltr'><strong>δὴ</strong></span> <span class='ocrx_word' id='word_1_109' title='bbox 403 751 456 786; x_wconf 78' lang='grc' dir='ltr'>πρὸ</span> <span class='ocrx_word' id='word_1_110' title='bbox 474 750 576 786; x_wconf 80' lang='grc' dir='ltr'>μυρίων</span> <span class='ocrx_word' id='word_1_111' title='bbox 590 751 659 778; x_wconf 80' lang='grc' dir='ltr'>ὅσων</span> <span class='ocrx_word' id='word_1_112' title='bbox 681 751 748 778; x_wconf 79' lang='grc' dir='ltr'>ἐτῶν</span> <span class='ocrx_word' id='word_1_113' title='bbox 780 752 808 783; x_wconf 81' lang='grc' dir='ltr'>ὲς</span> <span class='ocrx_word' id='word_1_114' title='bbox 825 752 904 778; x_wconf 75' lang='grc' dir='ltr'>αὑτὸν</span> <span class='ocrx_word' id='word_1_115' title='bbox 919 752 959 778; x_wconf 87' lang='grc' dir='ltr'>δι-</span> 
     </span>
    </p>
   </div>
   <div class='ocr_carea' id='block_1_18' title="bbox 174 796 958 832">
    <p class='ocr_par' dir='ltr' id='par_1_18' title="bbox 174 796 958 832">
     <span class='ocr_line' id='line_1_18' title="bbox 174 796 958 832; baseline 0.001 -10"><span class='ocrx_word' id='word_1_116' title='bbox 174 806 192 832; x_wconf 90' lang='grc' dir='ltr'><strong>η</strong></span> <span class='ocrx_word' id='word_1_117' title='bbox 197 796 361 832; x_wconf 83' lang='grc' dir='ltr'>μαρτήκασι,</span> <span class='ocrx_word' id='word_1_118' title='bbox 378 796 414 831; x_wconf 80' lang='grc' dir='ltr'>μὴ</span> <span class='ocrx_word' id='word_1_119' title='bbox 430 796 690 832; x_wconf 81' lang='grc' dir='ltr'>καταλλασσόμενος,</span> <span class='ocrx_word' id='word_1_120' title='bbox 702 797 749 823; x_wconf 78' lang='grc' dir='ltr'>καὶ</span> <span class='ocrx_word' id='word_1_121' title='bbox 762 796 847 823; x_wconf 80' lang='grc' dir='ltr'>ταῦτα</span> <span class='ocrx_word' id='word_1_122' title='bbox 856 796 958 829; x_wconf 84' lang='grc' dir='ltr'>θύουσι,</span> 
     </span>
    </p>
   </div>
   <div class='ocr_carea' id='block_1_19' title="bbox 170 841 960 878">
    <p class='ocr_par' dir='ltr' id='par_1_19' title="bbox 170 841 960 878">
     <span class='ocr_line' id='line_1_19' title="bbox 170 841 960 878; baseline 0.004 -11"><span class='ocrx_word' id='word_1_123' title='bbox 170 842 223 868; x_wconf 66' lang='grc' dir='ltr'>καὶ</span> <span class='ocrx_word' id='word_1_124' title='bbox 247 841 363 876; x_wconf 79' lang='grc' dir='ltr'>ξυνεχῶς</span> <span class='ocrx_word' id='word_1_125' title='bbox 380 841 569 876; x_wconf 84' lang='grc' dir='ltr'>σπενδομένοις</span> <span class='ocrx_word' id='word_1_126' title='bbox 582 850 588 856; x_wconf 82' lang='grc'><strong>-</strong></span> <span class='ocrx_word' id='word_1_127' title='bbox 608 841 676 869; x_wconf 83' lang='grc' dir='ltr'>ἀλλὰ</span> <span class='ocrx_word' id='word_1_128' title='bbox 697 844 743 869; x_wconf 80' lang='grc' dir='ltr'><strong>καὶ</strong></span> <span class='ocrx_word' id='word_1_129' title='bbox 762 843 807 870; x_wconf 82' lang='grc' dir='ltr'><strong>τδν</strong></span> <span class='ocrx_word' id='word_1_130' title='bbox 831 843 960 878; x_wconf 85' lang='grc' dir='ltr'>Παλαμή-</span> 
     </span>
    </p>
   </div>
   <div class='ocr_carea' id='block_1_20' title="bbox 1009 239 1792 277">
    <p class='ocr_par' dir='ltr' id='par_1_20' title="bbox 1009 239 1792 277">
     <span class='ocr_line' id='line_1_20' title="bbox 1009 239 1792 277; baseline -0.005 -8"><span class='ocrx_word' id='word_1_131' title='bbox 1009 249 1058 269; x_wconf 88' lang='lat' dir='ltr'><strong>nes</strong></span> <span class='ocrx_word' id='word_1_132' title='bbox 1075 241 1147 269; x_wconf 85' lang='lat' dir='ltr'><strong>istud</strong></span> <span class='ocrx_word' id='word_1_133' title='bbox 1164 246 1282 277; x_wconf 87' lang='lat' dir='ltr'><strong>tempus,</strong></span> <span class='ocrx_word' id='word_1_134' title='bbox 1300 249 1356 269; x_wconf 90' lang='lat' dir='ltr'><strong>non</strong></span> <span class='ocrx_word' id='word_1_135' title='bbox 1373 249 1438 269; x_wconf 86' lang='lat' dir='ltr'><strong>vero</strong></span> <span class='ocrx_word' id='word_1_136' title='bbox 1451 241 1543 268; x_wconf 80' lang='lat' dir='ltr'><strong>herois</strong></span> <span class='ocrx_word' id='word_1_137' title='bbox 1560 239 1697 272; x_wconf 86' lang='lat' dir='ltr'><strong>manibus,</strong></span> <span class='ocrx_word' id='word_1_138' title='bbox 1711 246 1792 274; x_wconf 86' lang='lat' dir='ltr'><strong>quos,</strong></span> 
     </span>
    </p>
   </div>
   <div class='ocr_carea' id='block_1_21' title="bbox 1009 286 1793 322">
    <p class='ocr_par' dir='ltr' id='par_1_21' title="bbox 1009 286 1793 322">
     <span class='ocr_line' id='line_1_21' title="bbox 1009 286 1793 322; baseline -0.001 -8"><span class='ocrx_word' id='word_1_139' title='bbox 1009 295 1103 315; x_wconf 87' lang='lat' dir='ltr'><strong>crassa</strong></span> <span class='ocrx_word' id='word_1_140' title='bbox 1124 288 1176 315; x_wconf 90' lang='lat' dir='ltr'><strong>ista</strong></span> <span class='ocrx_word' id='word_1_141' title='bbox 1190 287 1314 322; x_wconf 89' lang='lat' dir='ltr'><strong>corporis</strong></span> <span class='ocrx_word' id='word_1_142' title='bbox 1337 287 1442 314; x_wconf 84' lang='lat' dir='ltr'><strong>solutos</strong></span> <span class='ocrx_word' id='word_1_143' title='bbox 1464 287 1588 318; x_wconf 87' lang='lat' dir='ltr'><strong>materia,</strong></span> <span class='ocrx_word' id='word_1_144' title='bbox 1606 286 1706 321; x_wconf 90' lang='lat' dir='ltr'><strong>probos</strong></span> <span class='ocrx_word' id='word_1_145' title='bbox 1721 293 1793 317; x_wconf 88' lang='lat' dir='ltr'><strong>esse.</strong></span> 
     </span>
    </p>
   </div>
   <div class='ocr_carea' id='block_1_22' title="bbox 1009 332 1794 369">
    <p class='ocr_par' dir='ltr' id='par_1_22' title="bbox 1009 332 1794 369">
     <span class='ocr_line' id='line_1_22' title="bbox 1009 332 1794 369; baseline -0.004 -8"><span class='ocrx_word' id='word_1_146' title='bbox 1009 334 1139 369; x_wconf 89' lang='lat' dir='ltr'><strong>omnique</strong></span> <span class='ocrx_word' id='word_1_147' title='bbox 1152 334 1285 360; x_wconf 80' lang='lat' dir='ltr'><strong>virtutum</strong></span> <span class='ocrx_word' id='word_1_148' title='bbox 1302 340 1401 369; x_wconf 81' lang='lat' dir='ltr'><strong>genere</strong></span> <span class='ocrx_word' id='word_1_149' title='bbox 1424 333 1564 360; x_wconf 86' lang='lat' dir='ltr'><strong>abundare</strong></span> <span class='ocrx_word' id='word_1_150' title='bbox 1579 332 1729 367; x_wconf 71' lang='lat' dir='ltr'><strong>oportebat.</strong></span> <span class='ocrx_word' id='word_1_151' title='bbox 1747 332 1794 363; x_wconf 84' lang='lat' dir='ltr'><strong>At,</strong></span> 
     </span>
    </p>
   </div>
   <div class='ocr_carea' id='block_1_23' title="bbox 1009 379 1795 416">
    <p class='ocr_par' dir='ltr' id='par_1_23' title="bbox 1009 379 1795 416">
     <span class='ocr_line' id='line_1_23' title="bbox 1009 379 1795 416; baseline -0.003 -9"><span class='ocrx_word' id='word_1_152' title='bbox 1009 381 1055 416; x_wconf 92' lang='lat' dir='ltr'><strong>qui</strong></span> <span class='ocrx_word' id='word_1_153' title='bbox 1070 380 1152 408; x_wconf 91' lang='lat' dir='ltr'><strong>isthic</strong></span> <span class='ocrx_word' id='word_1_154' title='bbox 1170 380 1309 408; x_wconf 80' lang='lat' dir='ltr'><strong>inducitur</strong></span> <span class='ocrx_word' id='word_1_155' title='bbox 1327 380 1444 412; x_wconf 66' lang='lat' dir='ltr'><strong>daemon,</strong></span> <span class='ocrx_word' id='word_1_156' title='bbox 1461 379 1562 406; x_wconf 85' lang='lat' dir='ltr'><strong>invidis</strong></span> <span class='ocrx_word' id='word_1_157' title='bbox 1586 383 1628 406; x_wconf 89' lang='lat' dir='ltr'><strong>est</strong></span> <span class='ocrx_word' id='word_1_158' title='bbox 1648 382 1675 405; x_wconf 89' lang='lat' dir='ltr'><strong>et</strong></span> <span class='ocrx_word' id='word_1_159' title='bbox 1699 386 1795 413; x_wconf 88' lang='lat' dir='ltr'><strong>parum</strong></span> 
     </span>
    </p>
   </div>
   <div class='ocr_carea' id='block_1_24' title="bbox 1009 426 1796 463">
    <p class='ocr_par' dir='ltr' id='par_1_24' title="bbox 1009 426 1796 463">
     <span class='ocr_line' id='line_1_24' title="bbox 1009 426 1796 463; baseline -0.004 -9"><span class='ocrx_word' id='word_1_160' title='bbox 1009 427 1135 463; x_wconf 81' lang='lat' dir='ltr'><strong>benignis</strong></span> <span class='ocrx_word' id='word_1_161' title='bbox 1157 427 1278 455; x_wconf 92' lang='lat' dir='ltr'><strong>moribus</strong></span> <span class='ocrx_word' id='word_1_162' title='bbox 1296 435 1302 453; x_wconf 88' lang='lat'>:</span> <span class='ocrx_word' id='word_1_163' title='bbox 1321 426 1470 454; x_wconf 88' lang='lat' dir='ltr'><strong>iracundus</strong></span> <span class='ocrx_word' id='word_1_164' title='bbox 1495 426 1559 453; x_wconf 92' lang='lat' dir='ltr'><strong>item</strong></span> <span class='ocrx_word' id='word_1_165' title='bbox 1582 429 1796 459; x_wconf 73' lang='lat' dir='ltr'><strong>repraesentetur</strong></span> 
     </span>
    </p>
   </div>
   <div class='ocr_carea' id='block_1_25' title="bbox 1009 471 1796 508">
    <p class='ocr_par' dir='ltr' id='par_1_25' title="bbox 1009 471 1796 508">
     <span class='ocr_line' id='line_1_25' title="bbox 1009 471 1796 508; baseline -0.004 -8"><span class='ocrx_word' id='word_1_166' title='bbox 1009 472 1092 504; x_wconf 89' lang='lat' dir='ltr'><strong>idem,</strong></span> <span class='ocrx_word' id='word_1_167' title='bbox 1116 477 1143 500; x_wconf 89' lang='lat' dir='ltr'><strong>et</strong></span> <span class='ocrx_word' id='word_1_168' title='bbox 1157 473 1257 508; x_wconf 90' lang='lat' dir='ltr'><strong>pusillo</strong></span> <span class='ocrx_word' id='word_1_169' title='bbox 1283 473 1386 500; x_wconf 88' lang='lat' dir='ltr'><strong>animo.</strong></span> <span class='ocrx_word' id='word_1_170' title='bbox 1405 472 1502 499; x_wconf 80' lang='lat' dir='ltr'><strong>Annon</strong></span> <span class='ocrx_word' id='word_1_171' title='bbox 1525 472 1597 499; x_wconf 90' lang='lat' dir='ltr'><strong>enim</strong></span> <span class='ocrx_word' id='word_1_172' title='bbox 1620 471 1683 498; x_wconf 88' lang='lat' dir='ltr'><strong>talis</strong></span> <span class='ocrx_word' id='word_1_173' title='bbox 1696 471 1796 498; x_wconf 81' lang='lat' dir='ltr'><strong>haben-</strong></span> 
     </span>
    </p>
   </div>
   <div class='ocr_carea' id='block_1_26' title="bbox 1009 517 1795 555">
    <p class='ocr_par' dir='ltr' id='par_1_26' title="bbox 1009 517 1795 555">
     <span class='ocr_line' id='line_1_26' title="bbox 1009 517 1795 555; baseline -0.004 -8"><span class='ocrx_word' id='word_1_174' title='bbox 1009 520 1061 548; x_wconf 91' lang='lat' dir='ltr'><strong>dus</strong></span> <span class='ocrx_word' id='word_1_175' title='bbox 1075 520 1122 553; x_wconf 87' lang='lat' dir='ltr'><strong>sit,</strong></span> <span class='ocrx_word' id='word_1_176' title='bbox 1137 520 1182 555; x_wconf 88' lang='lat' dir='ltr'><strong>qui</strong></span> <span class='ocrx_word' id='word_1_177' title='bbox 1198 519 1430 551; x_wconf 84' lang='lat' dir='ltr'><strong>Antisthencm“,</strong></span> <span class='ocrx_word' id='word_1_178' title='bbox 1449 519 1565 554; x_wconf 89' lang='lat' dir='ltr'><strong>probum</strong></span> <span class='ocrx_word' id='word_1_179' title='bbox 1582 517 1795 549; x_wconf 87' lang='lat' dir='ltr'><strong>adolescentem,</strong></span> 
     </span>
    </p>
   </div>
   <div class='ocr_carea' id='block_1_27' title="bbox 1009 563 1796 601">
    <p class='ocr_par' dir='ltr' id='par_1_27' title="bbox 1009 563 1796 601">
     <span class='ocr_line' id='line_1_27' title="bbox 1009 563 1796 601; baseline -0.003 -9"><span class='ocrx_word' id='word_1_180' title='bbox 1009 569 1039 593; x_wconf 93' lang='lat' dir='ltr'><strong>ut</strong></span> <span class='ocrx_word' id='word_1_181' title='bbox 1054 566 1100 601; x_wconf 87' lang='lat' dir='ltr'><strong>qui</strong></span> <span class='ocrx_word' id='word_1_182' title='bbox 1116 566 1307 601; x_wconf 82' lang='lat' dir='ltr'><strong>philosophum</strong></span> <span class='ocrx_word' id='word_1_183' title='bbox 1320 565 1419 592; x_wconf 89' lang='lat' dir='ltr'><strong>sectari</strong></span> <span class='ocrx_word' id='word_1_184' title='bbox 1438 564 1612 599; x_wconf 86' lang='lat' dir='ltr'><strong>Apollonium</strong></span> <span class='ocrx_word' id='word_1_185' title='bbox 1625 567 1746 598; x_wconf 87' lang='lat' dir='ltr'><strong>cuperet,</strong></span> <span class='ocrx_word' id='word_1_186' title='bbox 1760 563 1796 590; x_wconf 91' lang='lat' dir='ltr'><strong>ab</strong></span> 
     </span>
    </p>
   </div>
   <div class='ocr_carea' id='block_1_28' title="bbox 1009 610 1796 646">
    <p class='ocr_par' dir='ltr' id='par_1_28' title="bbox 1009 610 1796 646">
     <span class='ocr_line' id='line_1_28' title="bbox 1009 610 1796 646; baseline -0.004 -7"><span class='ocrx_word' id='word_1_187' title='bbox 1009 619 1042 640; x_wconf 90' lang='lat' dir='ltr'><strong>eo</strong></span> <span class='ocrx_word' id='word_1_188' title='bbox 1064 612 1182 639; x_wconf 76' lang='lat' dir='ltr'><strong>avulsit?</strong></span> <span class='ocrx_word' id='word_1_189' title='bbox 1197 611 1301 646; x_wconf 81' lang='lat' dir='ltr'><strong>Nempe</strong></span> <span class='ocrx_word' id='word_1_190' title='bbox 1324 619 1385 638; x_wconf 88' lang='lat' dir='ltr'><strong>eum</strong></span> <span class='ocrx_word' id='word_1_191' title='bbox 1402 611 1562 645; x_wconf 84' lang='lat' dir='ltr'><strong>Apollonius</strong></span> <span class='ocrx_word' id='word_1_192' title='bbox 1581 618 1615 638; x_wconf 88' lang='lat' dir='ltr'><strong>ne</strong></span> <span class='ocrx_word' id='word_1_193' title='bbox 1636 610 1796 645; x_wconf 74' lang='lat' dir='ltr'><strong>participem</strong></span> 
     </span>
    </p>
   </div>
   <div class='ocr_carea' id='block_1_29' title="bbox 1010 656 1795 694">
    <p class='ocr_par' dir='ltr' id='par_1_29' title="bbox 1010 656 1795 694">
     <span class='ocr_line' id='line_1_29' title="bbox 1010 656 1795 694; baseline -0.004 -9"><span class='ocrx_word' id='word_1_194' title='bbox 1010 659 1189 694; x_wconf 74' lang='lat' dir='ltr'><strong>pliilosophizr-</strong></span> <span class='ocrx_word' id='word_1_195' title='bbox 1215 658 1318 685; x_wconf 80' lang='lat' dir='ltr'><strong>laceret</strong></span> <span class='ocrx_word' id='word_1_196' title='bbox 1334 665 1390 684; x_wconf 76' lang='lat' dir='ltr'><strong>suae</strong></span> <span class='ocrx_word' id='word_1_197' title='bbox 1407 657 1543 692; x_wconf 73' lang='lat' dir='ltr'><strong>prohibet,</strong></span> <span class='ocrx_word' id='word_1_198' title='bbox 1559 657 1666 684; x_wconf 85' lang='lat' dir='ltr'><strong>ratione</strong></span> <span class='ocrx_word' id='word_1_199' title='bbox 1682 656 1772 684; x_wconf 90' lang='lat' dir='ltr'><strong>addita</strong></span> <span class='ocrx_word' id='word_1_200' title='bbox 1787 663 1795 682; x_wconf 93' lang='lat'><strong>:</strong></span> 
     </span>
    </p>
   </div>
   <div class='ocr_carea' id='block_1_30' title="bbox 1012 702 1797 739">
    <p class='ocr_par' dir='ltr' id='par_1_30' title="bbox 1012 702 1797 739">
     <span class='ocr_line' id='line_1_30' title="bbox 1012 702 1797 739; baseline -0.004 -8"><span class='ocrx_word' id='word_1_201' title='bbox 1012 713 1021 730; x_wconf 83' lang='grc' dir='ltr'><strong>ι</strong></span> <span class='ocrx_word' id='word_1_202' title='bbox 1036 704 1189 732; x_wconf 81' lang='lat' dir='ltr'><strong>Priamides</strong></span> <span class='ocrx_word' id='word_1_203' title='bbox 1200 705 1271 732; x_wconf 91' lang='lat' dir='ltr'><strong>enim</strong></span> <span class='ocrx_word' id='word_1_204' title='bbox 1284 708 1324 732; x_wconf 86' lang='lat' dir='ltr'><strong>est</strong></span> <span class='ocrx_word' id='word_1_205' title='bbox 1336 703 1482 739; x_wconf 78' lang='lat' dir='ltr'><strong>genuinus,</strong></span> <span class='ocrx_word' id='word_1_206' title='bbox 1491 708 1518 731; x_wconf 90' lang='lat' dir='ltr'><strong>et</strong></span> <span class='ocrx_word' id='word_1_207' title='bbox 1532 702 1675 731; x_wconf 80' lang='lat' dir='ltr'><strong>Hectorem</strong></span> <span class='ocrx_word' id='word_1_208' title='bbox 1685 702 1797 729; x_wconf 88' lang='lat' dir='ltr'><strong>laudare</strong></span> 
     </span>
    </p>
   </div>
   <div class='ocr_carea' id='block_1_31' title="bbox 1010 747 1794 784">
    <p class='ocr_par' dir='ltr' id='par_1_31' title="bbox 1010 747 1794 784">
     <span class='ocr_line' id='line_1_31' title="bbox 1010 747 1794 784; baseline -0.005 -6"><span class='ocrx_word' id='word_1_209' title='bbox 1010 759 1064 778; x_wconf 91' lang='lat' dir='ltr'><strong>non</strong></span> <span class='ocrx_word' id='word_1_210' title='bbox 1079 750 1190 778; x_wconf 88' lang='lat' dir='ltr'><strong>desinit.</strong></span> <span class='ocrx_word' id='word_1_211' title='bbox 1210 760 1219 777; x_wconf 82' lang='grc' dir='ltr'><strong>ι</strong></span> <span class='ocrx_word' id='word_1_212' title='bbox 1240 750 1292 784; x_wconf 83' lang='lat' dir='ltr'><strong>Qui</strong></span> <span class='ocrx_word' id='word_1_213' title='bbox 1315 749 1477 777; x_wconf 86' lang='lat' dir='ltr'><strong>iracundum</strong></span> <span class='ocrx_word' id='word_1_214' title='bbox 1499 749 1565 776; x_wconf 87' lang='lat' dir='ltr'><strong>item</strong></span> <span class='ocrx_word' id='word_1_215' title='bbox 1583 752 1610 775; x_wconf 93' lang='lat' dir='ltr'><strong>et</strong></span> <span class='ocrx_word' id='word_1_216' title='bbox 1630 747 1722 775; x_wconf 89' lang='lat' dir='ltr'><strong>animo</strong></span> <span class='ocrx_word' id='word_1_217' title='bbox 1745 754 1794 782; x_wconf 93' lang='lat' dir='ltr'><strong>pu-</strong></span> 
     </span>
    </p>
   </div>
   <div class='ocr_carea' id='block_1_32' title="bbox 1010 792 1792 831">
    <p class='ocr_par' dir='ltr' id='par_1_32' title="bbox 1010 792 1792 831">
     <span class='ocr_line' id='line_1_32' title="bbox 1010 792 1792 831; baseline -0.005 -8"><span class='ocrx_word' id='word_1_218' title='bbox 1010 797 1072 825; x_wconf 87' lang='lat' dir='ltr'><strong>sillo</strong></span> <span class='ocrx_word' id='word_1_219' title='bbox 1084 805 1138 824; x_wconf 91' lang='lat' dir='ltr'><strong>non</strong></span> <span class='ocrx_word' id='word_1_220' title='bbox 1148 797 1236 824; x_wconf 86' lang='lat' dir='ltr'><strong>dicam</strong></span> <span class='ocrx_word' id='word_1_221' title='bbox 1247 805 1308 824; x_wconf 89' lang='lat' dir='ltr'><strong>esse</strong></span> <span class='ocrx_word' id='word_1_222' title='bbox 1316 796 1327 822; x_wconf 67' lang='grc' dir='ltr'>τί</span> <span class='ocrx_word' id='word_1_223' title='bbox 1335 796 1381 831; x_wconf 91' lang='lat' dir='ltr'><strong>qui</strong></span> <span class='ocrx_word' id='word_1_224' title='bbox 1393 793 1533 823; x_wconf 85' lang='lat' dir='ltr'><strong>Thessalis</strong></span> <span class='ocrx_word' id='word_1_225' title='bbox 1547 799 1702 825; x_wconf 82' lang='lat' dir='ltr'><strong>succenset,</strong></span> <span class='ocrx_word' id='word_1_226' title='bbox 1718 792 1792 828; x_wconf 90' lang='lat' dir='ltr'><strong>quod</strong></span> 
     </span>
    </p>
   </div>
   <div class='ocr_carea' id='block_1_33' title="bbox 1010 840 1797 875">
    <p class='ocr_par' dir='ltr' id='par_1_33' title="bbox 1010 840 1797 875">
     <span class='ocr_line' id='line_1_33' title="bbox 1010 840 1797 875; baseline -0.006 -4"><span class='ocrx_word' id='word_1_227' title='bbox 1010 852 1090 872; x_wconf 88' lang='lat' dir='ltr'><strong>sacra</strong></span> <span class='ocrx_word' id='word_1_228' title='bbox 1105 844 1157 871; x_wconf 83' lang='lat' dir='ltr'><strong>sibi</strong></span> <span class='ocrx_word' id='word_1_229' title='bbox 1174 851 1227 870; x_wconf 93' lang='lat' dir='ltr'><strong>non</strong></span> <span class='ocrx_word' id='word_1_230' title='bbox 1251 843 1395 875; x_wconf 78' lang='lat' dir='ltr'><strong>faciant&quot;,</strong></span> <span class='ocrx_word' id='word_1_231' title='bbox 1412 848 1439 870; x_wconf 90' lang='lat' dir='ltr'><strong>et</strong></span> <span class='ocrx_word' id='word_1_232' title='bbox 1463 841 1601 874; x_wconf 84' lang='lat' dir='ltr'><strong>Troianis,</strong></span> <span class='ocrx_word' id='word_1_233' title='bbox 1627 840 1699 875; x_wconf 90' lang='lat' dir='ltr'><strong>quod</strong></span> <span class='ocrx_word' id='word_1_234' title='bbox 1714 840 1797 867; x_wconf 49' lang='lat' dir='ltr'><strong>innu‘</strong></span> 
     </span>
    </p>
   </div>
   <div class='ocr_carea' id='block_1_34' title="bbox 171 886 962 926">
    <p class='ocr_par' dir='ltr' id='par_1_34' title="bbox 171 886 962 926">
     <span class='ocr_line' id='line_1_34' title="bbox 171 886 962 926; baseline 0.001 -11"><span class='ocrx_word' id='word_1_235' title='bbox 171 888 237 919; x_wconf 80' lang='grc' dir='ltr'>δους</span> <span class='ocrx_word' id='word_1_236' title='bbox 248 888 341 922; x_wconf 80' lang='grc' dir='ltr'><strong>τάφον,</strong></span> <span class='ocrx_word' id='word_1_237' title='bbox 354 886 428 922; x_wconf 75' lang='grc' dir='ltr'>αὐτῷ</span> <span class='ocrx_word' id='word_1_238' title='bbox 442 887 578 923; x_wconf 82' lang='grc' dir='ltr'>ἀγάλματι</span> <span class='ocrx_word' id='word_1_239' title='bbox 593 888 701 923; x_wconf 81' lang='grc' dir='ltr'><strong>φαύλως</strong></span> <span class='ocrx_word' id='word_1_240' title='bbox 712 889 885 926; x_wconf 68' lang='grc' dir='ltr'>ἐρριμμένον,</span> <span class='ocrx_word' id='word_1_241' title='bbox 902 889 962 916; x_wconf 82' lang='grc' dir='ltr'>ἀνα-</span> 
     </span>
    </p>
   </div>
   <div class='ocr_carea' id='block_1_35' title="bbox 1013 886 1798 926">
    <p class='ocr_par' dir='ltr' id='par_1_35' title="bbox 1013 887 1798 924">
     <span class='ocr_line' id='line_1_35' title="bbox 1013 887 1798 924; baseline -0.004 -7"><span class='ocrx_word' id='word_1_242' title='bbox 1013 890 1095 918; x_wconf 88' lang='lat' dir='ltr'><strong>meris</strong></span> <span class='ocrx_word' id='word_1_243' title='bbox 1111 894 1174 917; x_wconf 87' lang='lat' dir='ltr'><strong>ante</strong></span> <span class='ocrx_word' id='word_1_244' title='bbox 1191 889 1270 917; x_wconf 81' lang='lat' dir='ltr'><strong>annis</strong></span> <span class='ocrx_word' id='word_1_245' title='bbox 1287 890 1388 924; x_wconf 81' lang='lat' dir='ltr'><strong>injuria</strong></span> <span class='ocrx_word' id='word_1_246' title='bbox 1404 896 1465 917; x_wconf 90' lang='lat' dir='ltr'><strong>eum</strong></span> <span class='ocrx_word' id='word_1_247' title='bbox 1489 888 1654 919; x_wconf 77' lang='lat' dir='ltr'><strong>allecissent,</strong></span> <span class='ocrx_word' id='word_1_248' title='bbox 1675 887 1798 914; x_wconf 73' lang='lat' dir='ltr'><strong>reconci—</strong></span> 
     </span>
    </p>
   </div>
   <div class='ocr_carea' id='block_1_36' title="bbox 170 933 507 969">
    <p class='ocr_par' dir='ltr' id='par_1_36' title="bbox 170 933 507 969">
     <span class='ocr_line' id='line_1_36' title="bbox 170 933 507 969; baseline -0.006 -8"><span class='ocrx_word' id='word_1_249' title='bbox 170 934 267 961; x_wconf 80' lang='grc' dir='ltr'>ιλασεῖν</span> <span class='ocrx_word' id='word_1_250' title='bbox 281 933 490 969; x_wconf 76' lang='grc' dir='ltr'>ἐγκελευόμενος</span> <span class='ocrx_word' id='word_1_251' title='bbox 500 941 507 967; x_wconf 84' lang='grc'><strong>;</strong></span> 
     </span>
    </p>
   </div>
   <div class='ocr_carea' id='block_1_37' title="bbox 439 1079 694 1106">
    <p class='ocr_par' dir='ltr' id='par_1_37' title="bbox 439 1079 694 1106">
     <span class='ocr_line' id='line_1_37' title="bbox 439 1079 694 1106; baseline 0 0"><span class='ocrx_word' id='word_1_252' title='bbox 439 1079 636 1106; x_wconf 79' lang='grc' dir='ltr'><strong>ΚΕΦΑΛΑῙΟΝ</strong></span> <span class='ocrx_word' id='word_1_253' title='bbox 655 1080 694 1106; x_wconf 86' lang='grc' dir='ltr'><strong>Λ’.</strong></span> 
     </span>
    </p>
   </div>
   <div class='ocr_carea' id='block_1_38' title="bbox 216 1117 962 1163">
    <p class='ocr_par' dir='ltr' id='par_1_38' title="bbox 216 1117 962 1163">
     <span class='ocr_line' id='line_1_38' title="bbox 216 1117 962 1163; baseline 0.001 -10"><span class='ocrx_word' id='word_1_254' title='bbox 216 1126 248 1153; x_wconf 80' lang='grc' dir='ltr'>Γδ</span> <span class='ocrx_word' id='word_1_255' title='bbox 273 1117 362 1161; x_wconf 53' lang='grc' dir='ltr'>μέντοι</span> <span class='ocrx_word' id='word_1_256' title='bbox 383 1126 509 1162; x_wconf 82' lang='grc' dir='ltr'>πέμπτον</span> <span class='ocrx_word' id='word_1_257' title='bbox 526 1127 573 1154; x_wconf 77' lang='grc' dir='ltr'><strong>καὶ</strong></span> <span class='ocrx_word' id='word_1_258' title='bbox 595 1126 673 1152; x_wconf 73' lang='grc' dir='ltr'>ἕκτον</span> <span class='ocrx_word' id='word_1_259' title='bbox 699 1126 790 1162; x_wconf 82' lang='grc' dir='ltr'>θαῦμα</span> <span class='ocrx_word' id='word_1_260' title='bbox 811 1126 842 1153; x_wconf 87' lang='grc' dir='ltr'><strong>οὐ</strong></span> <span class='ocrx_word' id='word_1_261' title='bbox 863 1126 962 1163; x_wconf 86' lang='grc' dir='ltr'>πολλῆς</span> 
     </span>
    </p>
   </div>
   <div class='ocr_carea' id='block_1_39' title="bbox 171 1171 963 1209">
    <p class='ocr_par' dir='ltr' id='par_1_39' title="bbox 171 1171 963 1209">
     <span class='ocr_line' id='line_1_39' title="bbox 171 1171 963 1209; baseline -0.001 -8"><span class='ocrx_word' id='word_1_262' title='bbox 171 1172 260 1201; x_wconf 70' lang='grc' dir='ltr'>δέοιτο</span> <span class='ocrx_word' id='word_1_263' title='bbox 271 1171 318 1199; x_wconf 82' lang='grc' dir='ltr'>τοῦ</span> <span class='ocrx_word' id='word_1_264' title='bbox 332 1171 410 1207; x_wconf 83' lang='grc' dir='ltr'>λόγου</span> <span class='ocrx_word' id='word_1_265' title='bbox 425 1172 576 1207; x_wconf 73' lang='grc' dir='ltr'>διατριϐῆς,</span> <span class='ocrx_word' id='word_1_266' title='bbox 595 1173 624 1204; x_wconf 71' lang='grc' dir='ltr'><strong>ἐς</strong></span> <span class='ocrx_word' id='word_1_267' title='bbox 640 1172 751 1205; x_wconf 75' lang='grc' dir='ltr'>ἔνδειξιν</span> <span class='ocrx_word' id='word_1_268' title='bbox 765 1173 815 1209; x_wconf 87' lang='grc' dir='ltr'>τῆς</span> <span class='ocrx_word' id='word_1_269' title='bbox 830 1172 878 1199; x_wconf 83' lang='grc' dir='ltr'>τοῦ</span> <span class='ocrx_word' id='word_1_270' title='bbox 894 1181 963 1209; x_wconf 82' lang='grc' dir='ltr'>γρα-</span> 
     </span>
    </p>
   </div>
   <div class='ocr_carea' id='block_1_40' title="bbox 174 1217 961 1254">
    <p class='ocr_par' dir='ltr' id='par_1_40' title="bbox 174 1217 961 1254">
     <span class='ocr_line' id='line_1_40' title="bbox 174 1217 961 1254; baseline 0.001 -9"><span class='ocrx_word' id='word_1_271' title='bbox 174 1219 272 1254; x_wconf 77' lang='grc' dir='ltr'>φέντος</span> <span class='ocrx_word' id='word_1_272' title='bbox 297 1217 353 1254; x_wconf 82' lang='lat'><strong>(59)</strong></span> <span class='ocrx_word' id='word_1_273' title='bbox 380 1217 534 1252; x_wconf 80' lang='grc' dir='ltr'>εὐχερείας·</span> <span class='ocrx_word' id='word_1_274' title='bbox 565 1217 694 1253; x_wconf 83' lang='grc' dir='ltr'>δαίμονας</span> <span class='ocrx_word' id='word_1_275' title='bbox 726 1218 781 1254; x_wconf 82' lang='grc' dir='ltr'>γὰρ</span> <span class='ocrx_word' id='word_1_276' title='bbox 808 1219 961 1252; x_wconf 81' lang='grc' dir='ltr'>ἀπελαύνει,</span> 
     </span>
    </p>
   </div>
   <div class='ocr_carea' id='block_1_41' title="bbox 174 1260 964 1300">
    <p class='ocr_par' dir='ltr' id='par_1_41' title="bbox 174 1260 964 1300">
     <span class='ocr_line' id='line_1_41' title="bbox 174 1260 964 1300; baseline 0.001 -9"><span class='ocrx_word' id='word_1_277' title='bbox 174 1265 248 1300; x_wconf 72' lang='grc' dir='ltr'>ἄλλῳ</span> <span class='ocrx_word' id='word_1_278' title='bbox 264 1264 350 1295; x_wconf 80' lang='grc' dir='ltr'>ἄλλον,</span> <span class='ocrx_word' id='word_1_279' title='bbox 411 1271 478 1298; x_wconf 81' lang='grc' dir='ltr'>φασι</span> <span class='ocrx_word' id='word_1_280' title='bbox 507 1263 574 1299; x_wconf 71' lang='grc'>(40),</span> <span class='ocrx_word' id='word_1_281' title='bbox 598 1263 713 1298; x_wconf 87' lang='grc' dir='ltr'>δαίμονι.</span> <span class='ocrx_word' id='word_1_282' title='bbox 728 1264 780 1291; x_wconf 83' lang='grc' dir='ltr'>Τὸν</span> <span class='ocrx_word' id='word_1_283' title='bbox 802 1265 850 1300; x_wconf 83' lang='grc' dir='ltr'>μὲν</span> <span class='ocrx_word' id='word_1_284' title='bbox 864 1265 919 1300; x_wconf 83' lang='grc' dir='ltr'>γὰρ</span> <span class='ocrx_word' id='word_1_285' title='bbox 934 1265 964 1299; x_wconf 72' lang='grc' dir='ltr'><strong>ἐξ</strong></span> 
     </span>
    </p>
   </div>
   <div class='ocr_carea' id='block_1_42' title="bbox 173 1308 964 1345">
    <p class='ocr_par' dir='ltr' id='par_1_42' title="bbox 173 1308 964 1345">
     <span class='ocr_line' id='line_1_42' title="bbox 173 1308 964 1345; baseline 0.001 -8"><span class='ocrx_word' id='word_1_286' title='bbox 173 1310 325 1337; x_wconf 78' lang='grc' dir='ltr'>ἀκολάστου</span> <span class='ocrx_word' id='word_1_287' title='bbox 343 1308 494 1344; x_wconf 80' lang='grc' dir='ltr'>μειρακίου,</span> <span class='ocrx_word' id='word_1_288' title='bbox 517 1309 562 1335; x_wconf 77' lang='grc' dir='ltr'><strong>τὸν</strong></span> <span class='ocrx_word' id='word_1_289' title='bbox 583 1309 605 1335; x_wconf 85' lang='grc' dir='ltr'>δ’</span> <span class='ocrx_word' id='word_1_290' title='bbox 619 1309 793 1342; x_wconf 82' lang='grc' dir='ltr'>ὲπιπλάστως</span> <span class='ocrx_word' id='word_1_291' title='bbox 819 1312 848 1342; x_wconf 85' lang='grc' dir='ltr'>ὲς</span> <span class='ocrx_word' id='word_1_292' title='bbox 872 1319 964 1345; x_wconf 89' lang='grc' dir='ltr'>γυναι-</span> 
     </span>
    </p>
   </div>
   <div class='ocr_carea' id='block_1_43' title="bbox 175 1355 964 1392">
    <p class='ocr_par' dir='ltr' id='par_1_43' title="bbox 175 1355 964 1392">
     <span class='ocr_line' id='line_1_43' title="bbox 175 1355 964 1392; baseline 0.001 -9"><span class='ocrx_word' id='word_1_293' title='bbox 175 1356 253 1384; x_wconf 77' lang='grc' dir='ltr'>κείαν</span> <span class='ocrx_word' id='word_1_294' title='bbox 271 1357 375 1392; x_wconf 82' lang='grc' dir='ltr'>μορφὴν</span> <span class='ocrx_word' id='word_1_295' title='bbox 400 1355 639 1391; x_wconf 80' lang='grc' dir='ltr'>σχηματιζόμενον.</span> <span class='ocrx_word' id='word_1_296' title='bbox 659 1357 768 1383; x_wconf 75' lang='grc' dir='ltr'>Τουτονὶ</span> <span class='ocrx_word' id='word_1_297' title='bbox 789 1357 816 1384; x_wconf 82' lang='grc' dir='ltr'>δὲ</span> <span class='ocrx_word' id='word_1_298' title='bbox 837 1358 883 1384; x_wconf 77' lang='grc' dir='ltr'><strong>τὸν</strong></span> <span class='ocrx_word' id='word_1_299' title='bbox 907 1358 964 1385; x_wconf 88' lang='grc' dir='ltr'>δαί-</span> 
     </span>
    </p>
   </div>
   <div class='ocr_carea' id='block_1_44' title="bbox 177 1403 963 1440">
    <p class='ocr_par' dir='ltr' id='par_1_44' title="bbox 177 1403 963 1440">
     <span class='ocr_line' id='line_1_44' title="bbox 177 1403 963 1440; baseline 0.003 -11"><span class='ocrx_word' id='word_1_300' title='bbox 177 1411 248 1439; x_wconf 82' lang='grc' dir='ltr'>μονα</span> <span class='ocrx_word' id='word_1_301' title='bbox 267 1412 275 1428; x_wconf 79' lang='grc' dir='ltr'><strong>ι</strong></span> <span class='ocrx_word' id='word_1_302' title='bbox 296 1403 457 1438; x_wconf 84' lang='grc' dir='ltr'>Ἔμπουσαν</span> <span class='ocrx_word' id='word_1_303' title='bbox 475 1412 483 1427; x_wconf 79' lang='grc' dir='ltr'><strong>ι</strong></span> <span class='ocrx_word' id='word_1_304' title='bbox 499 1404 545 1429; x_wconf 75' lang='grc' dir='ltr'>καὶ</span> <span class='ocrx_word' id='word_1_305' title='bbox 566 1412 575 1428; x_wconf 80' lang='grc' dir='ltr'><strong>ι</strong></span> <span class='ocrx_word' id='word_1_306' title='bbox 596 1403 715 1438; x_wconf 87' lang='grc' dir='ltr'>Λαμίαν,</span> <span class='ocrx_word' id='word_1_307' title='bbox 734 1413 743 1429; x_wconf 73' lang='grc' dir='ltr'><strong>ι</strong></span> <span class='ocrx_word' id='word_1_308' title='bbox 761 1404 852 1436; x_wconf 77' lang='grc' dir='ltr'>αὐτοῖς</span> <span class='ocrx_word' id='word_1_309' title='bbox 864 1404 963 1440; x_wconf 81' lang='grc' dir='ltr'>ὀνόμα-</span> 
     </span>
    </p>
   </div>
   <div class='ocr_carea' id='block_1_45' title="bbox 177 1448 965 1486">
    <p class='ocr_par' dir='ltr' id='par_1_45' title="bbox 177 1448 965 1486">
     <span class='ocr_line' id='line_1_45' title="bbox 177 1448 965 1486; baseline 0.004 -11"><span class='ocrx_word' id='word_1_310' title='bbox 177 1457 230 1481; x_wconf 85' lang='grc' dir='ltr'>σιν,</span> <span class='ocrx_word' id='word_1_311' title='bbox 243 1450 257 1475; x_wconf 83' lang='grc' dir='ltr'><strong>ό</strong></span> <span class='ocrx_word' id='word_1_312' title='bbox 281 1448 434 1482; x_wconf 81' lang='grc' dir='ltr'>σοφώτατος</span> <span class='ocrx_word' id='word_1_313' title='bbox 449 1448 588 1476; x_wconf 82' lang='grc' dir='ltr'>ἀποκαλεῖ.</span> <span class='ocrx_word' id='word_1_314' title='bbox 606 1449 642 1475; x_wconf 92' lang='grc' dir='ltr'>Τό</span> <span class='ocrx_word' id='word_1_315' title='bbox 660 1458 691 1483; x_wconf 89' lang='grc' dir='ltr'><strong>γε</strong></span> <span class='ocrx_word' id='word_1_316' title='bbox 709 1450 762 1486; x_wconf 86' lang='grc' dir='ltr'><strong>μὴν</strong></span> <span class='ocrx_word' id='word_1_317' title='bbox 774 1450 820 1477; x_wconf 73' lang='grc' dir='ltr'><strong>ἐπὶ</strong></span> <span class='ocrx_word' id='word_1_318' title='bbox 834 1451 883 1486; x_wconf 84' lang='grc' dir='ltr'><strong>τῆς</strong></span> <span class='ocrx_word' id='word_1_319' title='bbox 900 1451 965 1478; x_wconf 85' lang='grc' dir='ltr'><strong>Ῥω-</strong></span> 
     </span>
    </p>
   </div>
   <div class='ocr_carea' id='block_1_46' title="bbox 177 1492 965 1532">
    <p class='ocr_par' dir='ltr' id='par_1_46' title="bbox 177 1492 965 1532">
     <span class='ocr_line' id='line_1_46' title="bbox 177 1492 965 1532; baseline 0.005 -12"><span class='ocrx_word' id='word_1_320' title='bbox 177 1493 266 1530; x_wconf 82' lang='grc' dir='ltr'>μαίων</span> <span class='ocrx_word' id='word_1_321' title='bbox 282 1493 385 1525; x_wconf 80' lang='grc' dir='ltr'>πόλεως</span> <span class='ocrx_word' id='word_1_322' title='bbox 401 1492 470 1528; x_wconf 84' lang='grc' dir='ltr'>μετὰ</span> <span class='ocrx_word' id='word_1_323' title='bbox 485 1493 572 1521; x_wconf 81' lang='grc' dir='ltr'>ταῦτα</span> <span class='ocrx_word' id='word_1_324' title='bbox 586 1494 686 1531; x_wconf 86' lang='grc' dir='ltr'>κόριον,</span> <span class='ocrx_word' id='word_1_325' title='bbox 700 1496 740 1522; x_wconf 78' lang='grc' dir='ltr'><strong>ὅτι</strong></span> <span class='ocrx_word' id='word_1_326' title='bbox 756 1496 787 1532; x_wconf 82' lang='grc' dir='ltr'>δὴ</span> <span class='ocrx_word' id='word_1_327' title='bbox 805 1496 873 1532; x_wconf 86' lang='grc' dir='ltr'>μετὰ</span> <span class='ocrx_word' id='word_1_328' title='bbox 885 1497 965 1524; x_wconf 89' lang='grc' dir='ltr'>θάνα-</span> 
     </span>
    </p>
   </div>
   <div class='ocr_carea' id='block_1_47' title="bbox 175 1539 999 1592">
    <p class='ocr_par' dir='ltr' id='par_1_47' title="bbox 175 1539 999 1592">
     <span class='ocr_line' id='line_1_47' title="bbox 175 1539 999 1592; baseline 0.005 -25"><span class='ocrx_word' id='word_1_329' title='bbox 175 1549 223 1567; x_wconf 79' lang='grc' dir='ltr'><strong>τον</strong></span> <span class='ocrx_word' id='word_1_330' title='bbox 234 1540 423 1592; x_wconf 40' lang='grc' dir='ltr'>ἓπέιδευτέραν</span> <span class='ocrx_word' id='word_1_331' title='bbox 437 1539 508 1576; x_wconf 81' lang='grc' dir='ltr'>ζωὴν</span> <span class='ocrx_word' id='word_1_332' title='bbox 521 1541 632 1576; x_wconf 75' lang='grc' dir='ltr'>ἤγαγεν,</span> <span class='ocrx_word' id='word_1_333' title='bbox 652 1542 831 1570; x_wconf 85' lang='grc' dir='ltr'>ἀπιστότατον</span> <span class='ocrx_word' id='word_1_334' title='bbox 848 1543 903 1578; x_wconf 69' lang='grc'><strong>(41)</strong></span> <span class='ocrx_word' id='word_1_335' title='bbox 918 1544 964 1570; x_wconf 73' lang='grc' dir='ltr'>καὶ</span> <span class='ocrx_word' id='word_1_336' title='bbox 977 1562 999 1592; x_wconf 77' lang='lat' dir='ltr'><strong>c</strong></span> 
     </span>
    </p>
   </div>
   <div class='ocr_carea' id='block_1_48' title="bbox 175 1585 962 1623">
    <p class='ocr_par' dir='ltr' id='par_1_48' title="bbox 175 1585 962 1623">
     <span class='ocr_line' id='line_1_48' title="bbox 175 1585 962 1623; baseline 0.004 -11"><span class='ocrx_word' id='word_1_337' title='bbox 175 1586 253 1622; x_wconf 83' lang='grc' dir='ltr'>αὐτῷ</span> <span class='ocrx_word' id='word_1_338' title='bbox 267 1586 346 1618; x_wconf 86' lang='grc' dir='ltr'>δόξαν</span> <span class='ocrx_word' id='word_1_339' title='bbox 359 1585 398 1621; x_wconf 83' lang='grc' dir='ltr'><strong>τῷ</strong></span> <span class='ocrx_word' id='word_1_340' title='bbox 410 1586 589 1622; x_wconf 80' lang='grc' dir='ltr'>Φιλοστράτῳ.</span> <span class='ocrx_word' id='word_1_341' title='bbox 606 1588 795 1623; x_wconf 83' lang='grc' dir='ltr'>παραιτητέον.</span> <span class='ocrx_word' id='word_1_342' title='bbox 818 1589 861 1615; x_wconf 85' lang='grc' dir='ltr'>Ἐν</span> <span class='ocrx_word' id='word_1_343' title='bbox 875 1588 962 1616; x_wconf 86' lang='grc' dir='ltr'>διστα-</span> 
     </span>
    </p>
   </div>
   <div class='ocr_carea' id='block_1_49' title="bbox 175 1630 965 1671">
    <p class='ocr_par' dir='ltr' id='par_1_49' title="bbox 175 1630 965 1671">
     <span class='ocr_line' id='line_1_49' title="bbox 175 1630 965 1671; baseline 0.006 -15"><span class='ocrx_word' id='word_1_344' title='bbox 175 1630 241 1666; x_wconf 83' lang='grc' dir='ltr'>γμῷ</span> <span class='ocrx_word' id='word_1_345' title='bbox 256 1631 346 1666; x_wconf 73' lang='grc' dir='ltr'>μέντοι</span> <span class='ocrx_word' id='word_1_346' title='bbox 359 1631 532 1666; x_wconf 79' lang='grc' dir='ltr'>ἀμφιὸάλλει,</span> <span class='ocrx_word' id='word_1_347' title='bbox 560 1632 595 1668; x_wconf 86' lang='grc' dir='ltr'>μὴ</span> <span class='ocrx_word' id='word_1_348' title='bbox 615 1632 669 1668; x_wconf 78' lang='grc' dir='ltr'>ἄρα</span> <span class='ocrx_word' id='word_1_349' title='bbox 686 1633 801 1670; x_wconf 85' lang='grc' dir='ltr'>σπινθὴρ</span> <span class='ocrx_word' id='word_1_350' title='bbox 813 1635 863 1670; x_wconf 86' lang='grc' dir='ltr'>τῆς</span> <span class='ocrx_word' id='word_1_351' title='bbox 876 1635 965 1671; x_wconf 83' lang='grc' dir='ltr'>ψυχῆς</span> 
     </span>
    </p>
   </div>
   <div class='ocr_carea' id='block_1_50' title="bbox 173 1676 963 1715">
    <p class='ocr_par' dir='ltr' id='par_1_50' title="bbox 173 1676 963 1715">
     <span class='ocr_line' id='line_1_50' title="bbox 173 1676 963 1715; baseline 0.005 -12"><span class='ocrx_word' id='word_1_352' title='bbox 173 1677 337 1712; x_wconf 66' lang='grc' dir='ltr'>’ἐνυπάρχων</span> <span class='ocrx_word' id='word_1_353' title='bbox 356 1676 395 1712; x_wconf 86' lang='grc' dir='ltr'>τῷ</span> <span class='ocrx_word' id='word_1_354' title='bbox 420 1677 504 1710; x_wconf 74' lang='grc' dir='ltr'>παιδὶ,</span> <span class='ocrx_word' id='word_1_355' title='bbox 525 1679 589 1709; x_wconf 76' lang='grc' dir='ltr'>τοὺς</span> <span class='ocrx_word' id='word_1_356' title='bbox 613 1677 811 1714; x_wconf 84' lang='grc' dir='ltr'>θεραπεύοντας</span> <span class='ocrx_word' id='word_1_357' title='bbox 833 1679 963 1715; x_wconf 77' lang='grc' dir='ltr'>ἐλελήθει.</span> 
     </span>
    </p>
   </div>
   <div class='ocr_carea' id='block_1_51' title="bbox 176 1722 965 1762">
    <p class='ocr_par' dir='ltr' id='par_1_51' title="bbox 176 1722 965 1762">
     <span class='ocr_line' id='line_1_51' title="bbox 176 1722 965 1762; baseline 0.003 -12"><span class='ocrx_word' id='word_1_358' title='bbox 176 1722 311 1757; x_wconf 82' lang='grc' dir='ltr'>Δέγεσθαι</span> <span class='ocrx_word' id='word_1_359' title='bbox 335 1722 389 1758; x_wconf 81' lang='grc' dir='ltr'>γάρ</span> <span class='ocrx_word' id='word_1_360' title='bbox 406 1731 496 1758; x_wconf 88' lang='grc' dir='ltr'>φησιν,</span> <span class='ocrx_word' id='word_1_361' title='bbox 516 1723 553 1755; x_wconf 84' lang='grc' dir='ltr'>ὡς</span> <span class='ocrx_word' id='word_1_362' title='bbox 569 1724 682 1759; x_wconf 77' lang='grc' dir='ltr'>ψεχάζοι</span> <span class='ocrx_word' id='word_1_363' title='bbox 705 1726 753 1760; x_wconf 85' lang='grc' dir='ltr'><strong>μὲν</strong></span> <span class='ocrx_word' id='word_1_364' title='bbox 773 1727 788 1753; x_wconf 84' lang='grc' dir='ltr'>ὁ</span> <span class='ocrx_word' id='word_1_365' title='bbox 806 1726 884 1758; x_wconf 81' lang='grc' dir='ltr'>Ζεὺς,</span> <span class='ocrx_word' id='word_1_366' title='bbox 902 1728 919 1762; x_wconf 87' lang='grc' dir='ltr'>ἡ</span> <span class='ocrx_word' id='word_1_367' title='bbox 936 1726 965 1753; x_wconf 81' lang='grc' dir='ltr'>δὲ</span> 
     </span>
    </p>
   </div>
   <div class='ocr_carea' id='block_1_52' title="bbox 174 1769 965 1808">
    <p class='ocr_par' dir='ltr' id='par_1_52' title="bbox 174 1769 965 1808">
     <span class='ocr_line' id='line_1_52' title="bbox 174 1769 965 1808; baseline 0.004 -12"><span class='ocrx_word' id='word_1_368' title='bbox 174 1769 286 1804; x_wconf 81' lang='grc' dir='ltr'>ἀτμίζοι</span> <span class='ocrx_word' id='word_1_369' title='bbox 305 1770 359 1796; x_wconf 71' lang='grc' dir='ltr'><strong>ἀπὸ</strong></span> <span class='ocrx_word' id='word_1_370' title='bbox 373 1770 420 1796; x_wconf 85' lang='grc' dir='ltr'>τοῦ</span> <span class='ocrx_word' id='word_1_371' title='bbox 443 1770 596 1806; x_wconf 79' lang='grc' dir='ltr'>προσώπου.</span> <span class='ocrx_word' id='word_1_372' title='bbox 615 1771 669 1798; x_wconf 77' lang='grc' dir='ltr'><strong>Καὶ</strong></span> <span class='ocrx_word' id='word_1_373' title='bbox 684 1771 738 1807; x_wconf 76' lang='grc' dir='ltr'>γὰρ</span> <span class='ocrx_word' id='word_1_374' title='bbox 758 1771 789 1807; x_wconf 85' lang='grc' dir='ltr'>δὴ</span> <span class='ocrx_word' id='word_1_375' title='bbox 812 1773 836 1799; x_wconf 85' lang='grc' dir='ltr'>εἰ</span> <span class='ocrx_word' id='word_1_376' title='bbox 857 1772 965 1808; x_wconf 85' lang='grc' dir='ltr'>ἀληθῶς</span> 
     </span>
    </p>
   </div>
   <div class='ocr_carea' id='block_1_53' title="bbox 173 1816 966 1854">
    <p class='ocr_par' dir='ltr' id='par_1_53' title="bbox 173 1816 966 1854">
     <span class='ocr_line' id='line_1_53' title="bbox 173 1816 966 1854; baseline 0.005 -12"><span class='ocrx_word' id='word_1_377' title='bbox 173 1816 243 1843; x_wconf 72' lang='grc' dir='ltr'>ἀὐτὸ</span> <span class='ocrx_word' id='word_1_378' title='bbox 258 1816 358 1843; x_wconf 85' lang='grc' dir='ltr'>τοιόνδε</span> <span class='ocrx_word' id='word_1_379' title='bbox 380 1817 423 1843; x_wconf 73' lang='grc' dir='ltr'>ἐπ’</span> <span class='ocrx_word' id='word_1_380' title='bbox 444 1817 528 1852; x_wconf 79' lang='grc' dir='ltr'>αὐτῆς</span> <span class='ocrx_word' id='word_1_381' title='bbox 553 1816 662 1853; x_wconf 81' lang='grc' dir='ltr'>Ῥώμης</span> <span class='ocrx_word' id='word_1_382' title='bbox 682 1818 849 1854; x_wconf 73' lang='grc' dir='ltr'>ἐπέπρακτο,</span> <span class='ocrx_word' id='word_1_383' title='bbox 869 1819 918 1845; x_wconf 83' lang='grc' dir='ltr'>οὐκ</span> <span class='ocrx_word' id='word_1_384' title='bbox 932 1819 966 1846; x_wconf 85' lang='grc' dir='ltr'><strong>ἂν</strong></span> 
     </span>
    </p>
   </div>
   <div class='ocr_carea' id='block_1_54' title="bbox 175 1862 965 1901">
    <p class='ocr_par' dir='ltr' id='par_1_54' title="bbox 175 1862 965 1901">
     <span class='ocr_line' id='line_1_54' title="bbox 175 1862 965 1901; baseline 0.005 -13"><span class='ocrx_word' id='word_1_385' title='bbox 175 1862 297 1897; x_wconf 68' lang='grc' dir='ltr'>ἐλελήθει</span> <span class='ocrx_word' id='word_1_386' title='bbox 321 1862 430 1897; x_wconf 79' lang='grc' dir='ltr'>βασιλέα</span> <span class='ocrx_word' id='word_1_387' title='bbox 458 1872 487 1889; x_wconf 83' lang='grc' dir='ltr'><strong>τε</strong></span> <span class='ocrx_word' id='word_1_388' title='bbox 511 1863 628 1899; x_wconf 81' lang='grc' dir='ltr'>πρῶτον,</span> <span class='ocrx_word' id='word_1_389' title='bbox 654 1866 701 1891; x_wconf 79' lang='grc' dir='ltr'><strong>καὶ</strong></span> <span class='ocrx_word' id='word_1_390' title='bbox 722 1865 784 1897; x_wconf 77' lang='grc' dir='ltr'>τοὺς</span> <span class='ocrx_word' id='word_1_391' title='bbox 808 1867 866 1901; x_wconf 85' lang='grc' dir='ltr'>μετ’</span> <span class='ocrx_word' id='word_1_392' title='bbox 885 1867 965 1892; x_wconf 85' lang='grc' dir='ltr'>αὑτὸν</span> 
     </span>
    </p>
   </div>
   <div class='ocr_carea' id='block_1_55' title="bbox 174 1907 965 1946">
    <p class='ocr_par' dir='ltr' id='par_1_55' title="bbox 174 1907 965 1946">
     <span class='ocr_line' id='line_1_55' title="bbox 174 1907 965 1946; baseline 0.005 -12"><span class='ocrx_word' id='word_1_393' title='bbox 174 1907 301 1938; x_wconf 65' lang='grc' dir='ltr'>ἅπαντας</span> <span class='ocrx_word' id='word_1_394' title='bbox 320 1907 469 1943; x_wconf 81' lang='grc' dir='ltr'>ὑπάρχους,</span> <span class='ocrx_word' id='word_1_395' title='bbox 493 1908 610 1944; x_wconf 84' lang='grc' dir='ltr'>μάλιστα</span> <span class='ocrx_word' id='word_1_396' title='bbox 633 1910 660 1936; x_wconf 78' lang='grc' dir='ltr'>δὲ</span> <span class='ocrx_word' id='word_1_397' title='bbox 681 1910 726 1936; x_wconf 79' lang='grc' dir='ltr'><strong>τὸν</strong></span> <span class='ocrx_word' id='word_1_398' title='bbox 750 1911 891 1946; x_wconf 79' lang='grc' dir='ltr'>φιλόσοφον</span> <span class='ocrx_word' id='word_1_399' title='bbox 912 1912 965 1938; x_wconf 85' lang='grc' dir='ltr'><strong>Εὑ-</strong></span> 
     </span>
    </p>
   </div>
   <div class='ocr_carea' id='block_1_56' title="bbox 174 1953 966 1993">
    <p class='ocr_par' dir='ltr' id='par_1_56' title="bbox 174 1953 966 1993">
     <span class='ocr_line' id='line_1_56' title="bbox 174 1953 966 1993; baseline 0.008 -14"><span class='ocrx_word' id='word_1_400' title='bbox 174 1953 300 1989; x_wconf 77' lang='grc' dir='ltr'>φράτην,</span> <span class='ocrx_word' id='word_1_401' title='bbox 324 1955 525 1991; x_wconf 79' lang='grc' dir='ltr'>ὲγχωριάζοντα</span> <span class='ocrx_word' id='word_1_402' title='bbox 546 1957 605 1983; x_wconf 80' lang='grc' dir='ltr'>κατ’</span> <span class='ocrx_word' id='word_1_403' title='bbox 617 1958 704 1983; x_wconf 79' lang='grc' dir='ltr'>ἐκεῖνο</span> <span class='ocrx_word' id='word_1_404' title='bbox 723 1959 834 1993; x_wconf 82' lang='grc' dir='ltr'>καιροῦ,</span> <span class='ocrx_word' id='word_1_405' title='bbox 858 1958 905 1985; x_wconf 79' lang='grc' dir='ltr'>καὶ</span> <span class='ocrx_word' id='word_1_406' title='bbox 919 1959 966 1985; x_wconf 79' lang='grc' dir='ltr'>ἐπὶ</span> 
     </span>
    </p>
   </div>
   <div class='ocr_carea' id='block_1_57' title="bbox 175 2000 965 2041">
    <p class='ocr_par' dir='ltr' id='par_1_57' title="bbox 175 2000 965 2041">
     <span class='ocr_line' id='line_1_57' title="bbox 175 2000 965 2041; baseline 0.008 -15"><span class='ocrx_word' id='word_1_407' title='bbox 175 2000 227 2035; x_wconf 79' lang='grc' dir='ltr'>τῆς</span> <span class='ocrx_word' id='word_1_408' title='bbox 248 2000 356 2037; x_wconf 84' lang='grc' dir='ltr'>Ῥώμης</span> <span class='ocrx_word' id='word_1_409' title='bbox 375 2002 554 2037; x_wconf 72' lang='grc' dir='ltr'>διατρίῦοντα,</span> <span class='ocrx_word' id='word_1_410' title='bbox 577 2003 606 2035; x_wconf 84' lang='grc' dir='ltr'>ὃς</span> <span class='ocrx_word' id='word_1_411' title='bbox 621 2003 652 2039; x_wconf 82' lang='grc' dir='ltr'>δὴ</span> <span class='ocrx_word' id='word_1_412' title='bbox 668 2005 697 2035; x_wconf 80' lang='grc' dir='ltr'><strong>ἐς</strong></span> <span class='ocrx_word' id='word_1_413' title='bbox 712 2004 823 2040; x_wconf 79' lang='grc' dir='ltr'>ὕστερον</span> <span class='ocrx_word' id='word_1_414' title='bbox 839 2005 888 2041; x_wconf 86' lang='grc' dir='ltr'><strong>τὴν</strong></span> <span class='ocrx_word' id='word_1_415' title='bbox 906 2006 965 2032; x_wconf 84' lang='grc' dir='ltr'>κατ’</span> 
     </span>
    </p>
   </div>
   <div class='ocr_carea' id='block_1_58' title="bbox 177 2046 966 2086">
    <p class='ocr_par' dir='ltr' id='par_1_58' title="bbox 177 2046 966 2086">
     <span class='ocr_line' id='line_1_58' title="bbox 177 2046 966 2086; baseline 0.006 -14"><span class='ocrx_word' id='word_1_416' title='bbox 177 2046 261 2073; x_wconf 78' lang='grc' dir='ltr'>αὐτοῦ</span> <span class='ocrx_word' id='word_1_417' title='bbox 279 2048 455 2083; x_wconf 80' lang='grc' dir='ltr'>κατηγορίαν,</span> <span class='ocrx_word' id='word_1_418' title='bbox 471 2048 508 2080; x_wconf 87' lang='grc' dir='ltr'><strong>ὡς</strong></span> <span class='ocrx_word' id='word_1_419' title='bbox 531 2049 562 2085; x_wconf 86' lang='grc' dir='ltr'>δὴ</span> <span class='ocrx_word' id='word_1_420' title='bbox 583 2049 652 2077; x_wconf 83' lang='grc' dir='ltr'>κατὰ</span> <span class='ocrx_word' id='word_1_421' title='bbox 674 2050 780 2086; x_wconf 77' lang='grc' dir='ltr'>γόητος,</span> <span class='ocrx_word' id='word_1_422' title='bbox 807 2051 966 2078; x_wconf 76' lang='grc' dir='ltr'>ὑποϐάλλειν</span> 
     </span>
    </p>
   </div>
   <div class='ocr_carea' id='block_1_59' title="bbox 178 2093 966 2133">
    <p class='ocr_par' dir='ltr' id='par_1_59' title="bbox 178 2093 966 2133">
     <span class='ocr_line' id='line_1_59' title="bbox 178 2093 966 2133; baseline 0.005 -13"><span class='ocrx_word' id='word_1_423' title='bbox 178 2093 329 2128; x_wconf 79' lang='grc' dir='ltr'>ιστὲρηται.</span> <span class='ocrx_word' id='word_1_424' title='bbox 347 2094 457 2126; x_wconf 81' lang='grc' dir='ltr'>Πάντως</span> <span class='ocrx_word' id='word_1_425' title='bbox 471 2095 524 2130; x_wconf 87' lang='grc' dir='ltr'><strong>γὰρ</strong></span> <span class='ocrx_word' id='word_1_426' title='bbox 541 2096 573 2122; x_wconf 83' lang='grc' dir='ltr'><strong>ἂν</strong></span> <span class='ocrx_word' id='word_1_427' title='bbox 585 2096 729 2128; x_wconf 69' lang='grc' dir='ltr'>καὶτοῦτο,</span> <span class='ocrx_word' id='word_1_428' title='bbox 745 2098 769 2123; x_wconf 82' lang='grc' dir='ltr'>εὶ</span> <span class='ocrx_word' id='word_1_429' title='bbox 784 2097 815 2133; x_wconf 84' lang='grc' dir='ltr'>δὴ</span> <span class='ocrx_word' id='word_1_430' title='bbox 828 2097 905 2124; x_wconf 81' lang='grc' dir='ltr'>τοῦτο</span> <span class='ocrx_word' id='word_1_431' title='bbox 921 2107 966 2132; x_wconf 83' lang='grc' dir='ltr'>γε-</span> 
     </span>
    </p>
   </div>
   <div class='ocr_carea' id='block_1_60' title="bbox 176 2137 965 2179">
    <p class='ocr_par' dir='ltr' id='par_1_60' title="bbox 176 2137 965 2179">
     <span class='ocr_line' id='line_1_60' title="bbox 176 2137 965 2179; baseline 0.009 -16"><span class='ocrx_word' id='word_1_432' title='bbox 176 2138 257 2173; x_wconf 74' lang='grc' dir='ltr'>γονδς</span> <span class='ocrx_word' id='word_1_433' title='bbox 268 2137 312 2173; x_wconf 82' lang='grc' dir='ltr'>ἦν,</span> <span class='ocrx_word' id='word_1_434' title='bbox 326 2141 385 2171; x_wconf 84' lang='grc' dir='ltr'>ταῖς</span> <span class='ocrx_word' id='word_1_435' title='bbox 396 2140 489 2172; x_wconf 80' lang='grc' dir='ltr'>ἄλλαις</span> <span class='ocrx_word' id='word_1_436' title='bbox 506 2141 565 2168; x_wconf 80' lang='grc' dir='ltr'>κατ’</span> <span class='ocrx_word' id='word_1_437' title='bbox 588 2141 670 2168; x_wconf 81' lang='grc' dir='ltr'>αὐτοῦ</span> <span class='ocrx_word' id='word_1_438' title='bbox 686 2143 821 2174; x_wconf 76' lang='grc' dir='ltr'>διαϐολαῖς</span> <span class='ocrx_word' id='word_1_439' title='bbox 833 2143 900 2179; x_wconf 77' lang='grc' dir='ltr'>πρὸς</span> <span class='ocrx_word' id='word_1_440' title='bbox 918 2144 965 2170; x_wconf 84' lang='grc' dir='ltr'>τοῦ</span> 
     </span>
    </p>
   </div>
   <div class='ocr_carea' id='block_1_61' title="bbox 176 2183 968 2224">
    <p class='ocr_par' dir='ltr' id='par_1_61' title="bbox 176 2183 968 2224">
     <span class='ocr_line' id='line_1_61' title="bbox 176 2183 968 2224; baseline 0.006 -13"><span class='ocrx_word' id='word_1_441' title='bbox 176 2183 331 2218; x_wconf 63' lang='grc' dir='ltr'>κατηῗόρου</span> <span class='ocrx_word' id='word_1_442' title='bbox 346 2185 563 2218; x_wconf 80' lang='grc' dir='ltr'>συγκατείλεκτο.</span> <span class='ocrx_word' id='word_1_443' title='bbox 585 2187 639 2213; x_wconf 73' lang='grc' dir='ltr'><strong>Καὶ</strong></span> <span class='ocrx_word' id='word_1_444' title='bbox 655 2187 689 2213; x_wconf 84' lang='grc' dir='ltr'>τὰ</span> <span class='ocrx_word' id='word_1_445' title='bbox 705 2188 752 2222; x_wconf 83' lang='grc' dir='ltr'><strong>μὲν</strong></span> <span class='ocrx_word' id='word_1_446' title='bbox 768 2189 796 2214; x_wconf 79' lang='grc' dir='ltr'>ὲν</span> <span class='ocrx_word' id='word_1_447' title='bbox 815 2188 891 2224; x_wconf 83' lang='grc' dir='ltr'>μέρει</span> <span class='ocrx_word' id='word_1_448' title='bbox 920 2190 968 2216; x_wconf 76' lang='grc' dir='ltr'>καὶ</span> 
     </span>
    </p>
   </div>
   <div class='ocr_carea' id='block_1_62' title="bbox 175 2227 968 2270">
    <p class='ocr_par' dir='ltr' id='par_1_62' title="bbox 175 2227 968 2270">
     <span class='ocr_line' id='line_1_62' title="bbox 175 2227 968 2270; baseline 0.008 -15"><span class='ocrx_word' id='word_1_449' title='bbox 175 2230 239 2256; x_wconf 79' lang='grc' dir='ltr'>κατ’</span> <span class='ocrx_word' id='word_1_450' title='bbox 255 2227 323 2261; x_wconf 74' lang='grc' dir='ltr'>εἶδος</span> <span class='ocrx_word' id='word_1_451' title='bbox 338 2230 412 2265; x_wconf 78' lang='grc' dir='ltr'>αὐτῷ</span> <span class='ocrx_word' id='word_1_452' title='bbox 427 2232 617 2266; x_wconf 84' lang='grc' dir='ltr'>πεπραγμένα,</span> <span class='ocrx_word' id='word_1_453' title='bbox 630 2234 746 2260; x_wconf 84' lang='grc' dir='ltr'>τοσαῦτα</span> <span class='ocrx_word' id='word_1_454' title='bbox 756 2242 762 2248; x_wconf 94' lang='grc'><strong>·</strong></span> <span class='ocrx_word' id='word_1_455' title='bbox 782 2234 866 2270; x_wconf 85' lang='grc' dir='ltr'>μυρία</span> <span class='ocrx_word' id='word_1_456' title='bbox 878 2234 906 2261; x_wconf 82' lang='grc' dir='ltr'>δὲ</span> <span class='ocrx_word' id='word_1_457' title='bbox 921 2236 968 2261; x_wconf 75' lang='grc' dir='ltr'>καὶ</span> 
     </span>
    </p>
   </div>
   <div class='ocr_carea' id='block_1_63' title="bbox 215 2307 962 2348">
    <p class='ocr_par' dir='ltr' id='par_1_63' title="bbox 215 2307 956 2348">
     <span class='ocr_line' id='line_1_63' title="bbox 215 2307 956 2348; baseline 0.008 -14"><span class='ocrx_word' id='word_1_458' title='bbox 215 2307 237 2323; x_wconf 79' lang='grc'><strong>’⁸</strong></span> <span class='ocrx_word' id='word_1_459' title='bbox 258 2307 364 2348; x_wconf 82' lang='lat' dir='ltr'><strong>lib._rv,</strong></span> <span class='ocrx_word' id='word_1_460' title='bbox 378 2315 406 2336; x_wconf 91' lang='lat' dir='ltr'><strong>e.</strong></span> <span class='ocrx_word' id='word_1_461' title='bbox 423 2308 468 2337; x_wconf 76' lang='grc'><strong>12.</strong></span> <span class='ocrx_word' id='word_1_462' title='bbox 504 2310 527 2325; x_wconf 83' lang='grc'><strong>⁷²</strong></span> <span class='ocrx_word' id='word_1_463' title='bbox 548 2309 595 2338; x_wconf 91' lang='lat' dir='ltr'><strong>lib.</strong></span> <span class='ocrx_word' id='word_1_464' title='bbox 616 2318 660 2344; x_wconf 85' lang='lat' dir='ltr'><strong>Iv,</strong></span> <span class='ocrx_word' id='word_1_465' title='bbox 677 2318 702 2338; x_wconf 91' lang='lat' dir='ltr'><strong>c.</strong></span> <span class='ocrx_word' id='word_1_466' title='bbox 721 2311 765 2339; x_wconf 80' lang='grc'><strong>16.</strong></span> <span class='ocrx_word' id='word_1_467' title='bbox 803 2312 827 2328; x_wconf 84' lang='grc'><strong>⁷³</strong></span> <span class='ocrx_word' id='word_1_468' title='bbox 846 2312 894 2340; x_wconf 87' lang='lat' dir='ltr'><strong>lib.</strong></span> <span class='ocrx_word' id='word_1_469' title='bbox 912 2321 956 2346; x_wconf 82' lang='lat' dir='ltr'><strong>iv,</strong></span> 
     </span>
    </p>
   </div>
   <div class='ocr_carea' id='block_1_64' title="bbox 1013 2307 1659 2348">
    <p class='ocr_par' dir='ltr' id='par_1_64' title="bbox 1015 2313 1659 2348">
     <span class='ocr_line' id='line_1_64' title="bbox 1015 2313 1659 2348; baseline 0 -8"><span class='ocrx_word' id='word_1_470' title='bbox 1015 2313 1060 2341; x_wconf 75' lang='lat'><strong>20.</strong></span> <span class='ocrx_word' id='word_1_471' title='bbox 1098 2314 1123 2330; x_wconf 65' lang='lat'><strong>&quot;‘</strong></span> <span class='ocrx_word' id='word_1_472' title='bbox 1142 2313 1190 2341; x_wconf 92' lang='lat' dir='ltr'><strong>lib.</strong></span> <span class='ocrx_word' id='word_1_473' title='bbox 1207 2321 1252 2348; x_wconf 81' lang='lat' dir='ltr'><strong>tv,</strong></span> <span class='ocrx_word' id='word_1_474' title='bbox 1270 2321 1295 2341; x_wconf 89' lang='lat' dir='ltr'><strong>c.</strong></span> <span class='ocrx_word' id='word_1_475' title='bbox 1313 2313 1359 2342; x_wconf 76' lang='grc'><strong>25.</strong></span> <span class='ocrx_word' id='word_1_476' title='bbox 1397 2314 1420 2330; x_wconf 82' lang='grc'><strong>⁷⁵</strong></span> <span class='ocrx_word' id='word_1_477' title='bbox 1439 2314 1487 2341; x_wconf 91' lang='lat' dir='ltr'><strong>lib.</strong></span> <span class='ocrx_word' id='word_1_478' title='bbox 1503 2321 1549 2347; x_wconf 84' lang='lat' dir='ltr'><strong>tv,</strong></span> <span class='ocrx_word' id='word_1_479' title='bbox 1566 2321 1591 2341; x_wconf 91' lang='lat' dir='ltr'><strong>c.</strong></span> <span class='ocrx_word' id='word_1_480' title='bbox 1612 2313 1659 2341; x_wconf 70' lang='lat'><strong>45.</strong></span> 
     </span>
    </p>
   </div>
   <div class='ocr_carea' id='block_1_65' title="bbox 178 2343 332 2376">
    <p class='ocr_par' dir='ltr' id='par_1_65' title="bbox 178 2343 332 2376">
     <span class='ocr_line' id='line_1_65' title="bbox 178 2343 332 2376; baseline 0.006 -6"><span class='ocrx_word' id='word_1_481' title='bbox 178 2349 229 2370; x_wconf 78' lang='lat' dir='ltr'><strong>vni</strong></span> <span class='ocrx_word' id='word_1_482' title='bbox 238 2363 246 2376; x_wconf 88' lang='lat'><strong>,</strong></span> <span class='ocrx_word' id='word_1_483' title='bbox 262 2351 286 2370; x_wconf 92' lang='lat' dir='ltr'><strong>c.</strong></span> <span class='ocrx_word' id='word_1_484' title='bbox 305 2343 332 2371; x_wconf 84' lang='lat'><strong>&#39;5.</strong></span> 
     </span>
    </p>
   </div>
   <div class='ocr_carea' id='block_1_66' title="bbox 228 2398 736 2433">
    <p class='ocr_par' dir='ltr' id='par_1_66' title="bbox 228 2398 736 2433">
     <span class='ocr_line' id='line_1_66' title="bbox 228 2398 736 2433; baseline 0.008 -8"><span class='ocrx_word' id='word_1_485' title='bbox 228 2398 284 2433; x_wconf 80' lang='lat'><strong>58‘)</strong></span> <span class='ocrx_word' id='word_1_486' title='bbox 304 2399 429 2432; x_wconf 80' lang='grc' dir='ltr'><strong>Ἰκανῶς.</strong></span> <span class='ocrx_word' id='word_1_487' title='bbox 446 2399 527 2427; x_wconf 87' lang='lat' dir='ltr'><strong>Forte</strong></span> <span class='ocrx_word' id='word_1_488' title='bbox 541 2399 642 2431; x_wconf 85' lang='grc' dir='ltr'>ἱκανός.</span> <span class='ocrx_word' id='word_1_489' title='bbox 657 2399 736 2429; x_wconf 82' lang='lat' dir='ltr'><strong>Enrr.</strong></span> 
     </span>
    </p>
   </div>
   <div class='ocr_carea' id='block_1_67' title="bbox 229 2433 961 2474">
    <p class='ocr_par' dir='ltr' id='par_1_67' title="bbox 229 2433 961 2474">
     <span class='ocr_line' id='line_1_67' title="bbox 229 2433 961 2474; baseline 0.007 -14"><span class='ocrx_word' id='word_1_490' title='bbox 229 2433 272 2474; x_wconf 79' lang='lat'><strong>5_9)</strong></span> <span class='ocrx_word' id='word_1_491' title='bbox 306 2434 486 2474; x_wconf 55' lang='grc' dir='ltr'>Γραςρέντος,</span> <span class='ocrx_word' id='word_1_492' title='bbox 517 2434 588 2474; x_wconf 81' lang='lat' dir='ltr'><strong>_Editi</strong></span> <span class='ocrx_word' id='word_1_493' title='bbox 617 2436 753 2474; x_wconf 79' lang='lat' dir='ltr'><strong>habebant</strong></span> <span class='ocrx_word' id='word_1_494' title='bbox 785 2437 961 2474; x_wconf 80' lang='grc' dir='ltr'>πραχθέντος.</span> 
     </span>
    </p>
   </div>
   <div class='ocr_carea' id='block_1_68' title="bbox 174 2468 961 2504">
    <p class='ocr_par' dir='ltr' id='par_1_68' title="bbox 174 2468 961 2504">
     <span class='ocr_line' id='line_1_68' title="bbox 174 2468 961 2504; baseline 0.006 -8"><span class='ocrx_word' id='word_1_495' title='bbox 174 2468 265 2504; x_wconf 78' lang='lat' dir='ltr'><strong>Paulo</strong></span> <span class='ocrx_word' id='word_1_496' title='bbox 288 2470 419 2497; x_wconf 90' lang='lat' dir='ltr'><strong>audacius</strong></span> <span class='ocrx_word' id='word_1_497' title='bbox 439 2470 524 2497; x_wconf 83' lang='lat' dir='ltr'><strong>videri</strong></span> <span class='ocrx_word' id='word_1_498' title='bbox 541 2476 696 2504; x_wconf 83' lang='lat' dir='ltr'><strong>poteramus</strong></span> <span class='ocrx_word' id='word_1_499' title='bbox 722 2472 767 2500; x_wconf 86' lang='lat' dir='ltr'><strong>hic</strong></span> <span class='ocrx_word' id='word_1_500' title='bbox 792 2468 961 2501; x_wconf 78' lang='lat' dir='ltr'><strong>einéhdasse.</strong></span> 
     </span>
    </p>
   </div>
   <div class='ocr_carea' id='block_1_69' title="bbox 176 2503 964 2540">
    <p class='ocr_par' dir='ltr' id='par_1_69' title="bbox 176 2503 964 2540">
     <span class='ocr_line' id='line_1_69' title="bbox 176 2503 964 2540; baseline 0.003 -8"><span class='ocrx_word' id='word_1_501' title='bbox 176 2503 234 2532; x_wconf 82' lang='lat' dir='ltr'><strong>Sed</strong></span> <span class='ocrx_word' id='word_1_502' title='bbox 248 2505 407 2537; x_wconf 79' lang='lat' dir='ltr'><strong>necessitasl</strong></span> <span class='ocrx_word' id='word_1_503' title='bbox 424 2510 453 2532; x_wconf 92' lang='lat' dir='ltr'><strong>ut</strong></span> <span class='ocrx_word' id='word_1_504' title='bbox 469 2503 559 2540; x_wconf 80' lang='lat' dir='ltr'><strong>spero.</strong></span> <span class='ocrx_word' id='word_1_505' title='bbox 579 2506 719 2533; x_wconf 75' lang='lat' dir='ltr'><strong>audaciam</strong></span> <span class='ocrx_word' id='word_1_506' title='bbox 736 2509 887 2539; x_wconf 86' lang='lat' dir='ltr'><strong>excusabit;</strong></span> <span class='ocrx_word' id='word_1_507' title='bbox 902 2508 964 2535; x_wconf 93' lang='lat' dir='ltr'><strong>nul-</strong></span> 
     </span>
    </p>
   </div>
   <div class='ocr_carea' id='block_1_70' title="bbox 178 2540 963 2578">
    <p class='ocr_par' dir='ltr' id='par_1_70' title="bbox 178 2540 963 2578">
     <span class='ocr_line' id='line_1_70' title="bbox 178 2540 963 2578; baseline 0.005 -12"><span class='ocrx_word' id='word_1_508' title='bbox 178 2540 242 2578; x_wconf 62' lang='lat' dir='ltr'><strong>lunr</strong></span> <span class='ocrx_word' id='word_1_509' title='bbox 260 2540 331 2566; x_wconf 91' lang='lat' dir='ltr'><strong>enim</strong></span> <span class='ocrx_word' id='word_1_510' title='bbox 353 2541 528 2578; x_wconf 19' lang='lat' dir='ltr'><strong>sensum‘hic</strong></span> <span class='ocrx_word' id='word_1_511' title='bbox 554 2540 643 2578; x_wconf 69' lang='lat' dir='ltr'><strong>fundit</strong></span> <span class='ocrx_word' id='word_1_512' title='bbox 666 2543 843 2578; x_wconf 82' lang='grc' dir='ltr'>πραχθέντος.</span> <span class='ocrx_word' id='word_1_513' title='bbox 860 2544 963 2571; x_wconf 79' lang='lat' dir='ltr'><strong>Contra</strong></span> 
     </span>
    </p>
   </div>
   <div class='ocr_carea' id='block_1_71' title="bbox 178 2574 963 2614">
    <p class='ocr_par' dir='ltr' id='par_1_71' title="bbox 178 2574 963 2614">
     <span class='ocr_line' id='line_1_71' title="bbox 178 2574 963 2614; baseline 0.005 -14"><span class='ocrx_word' id='word_1_514' title='bbox 178 2574 321 2614; x_wconf 58' lang='grc' dir='ltr'>ερχέρειαν</span> <span class='ocrx_word' id='word_1_515' title='bbox 341 2579 367 2602; x_wconf 90' lang='lat' dir='ltr'><strong>et</strong></span> <span class='ocrx_word' id='word_1_516' title='bbox 394 2575 558 2614; x_wconf 39' lang='grc' dir='ltr'>κουφότητα.</span> <span class='ocrx_word' id='word_1_517' title='bbox 574 2574 740 2614; x_wconf 71' lang='lat' dir='ltr'><strong>Christianis</strong></span> <span class='ocrx_word' id='word_1_518' title='bbox 761 2574 963 2613; x_wconf 70' lang='lat' dir='ltr'><strong>exprobraverat</strong></span> 
     </span>
    </p>
   </div>
   <div class='ocr_carea' id='block_1_72' title="bbox 177 2609 963 2649">
    <p class='ocr_par' dir='ltr' id='par_1_72' title="bbox 177 2609 963 2649">
     <span class='ocr_line' id='line_1_72' title="bbox 177 2609 963 2649; baseline 0.008 -14"><span class='ocrx_word' id='word_1_519' title='bbox 177 2609 329 2649; x_wconf 78' lang='lat' dir='ltr'><strong>Hierocles,</strong></span> <span class='ocrx_word' id='word_1_520' title='bbox 342 2617 421 2644; x_wconf 91' lang='lat' dir='ltr'><strong>quam</strong></span> <span class='ocrx_word' id='word_1_521' title='bbox 429 2609 535 2649; x_wconf 69' lang='lat' dir='ltr'><strong>passim</strong></span> <span class='ocrx_word' id='word_1_522' title='bbox 553 2612 643 2649; x_wconf 88' lang='lat' dir='ltr'><strong>in_hoe</strong></span> <span class='ocrx_word' id='word_1_523' title='bbox 653 2609 963 2649; x_wconf 19' lang='lat' dir='ltr'><strong>Vopusculo&#39;retorquen-</strong></span> 
     </span>
    </p>
   </div>
   <div class='ocr_carea' id='block_1_73' title="bbox 175 2645 963 2684">
    <p class='ocr_par' dir='ltr' id='par_1_73' title="bbox 175 2645 963 2684">
     <span class='ocr_line' id='line_1_73' title="bbox 175 2645 963 2684; baseline 0.008 -14"><span class='ocrx_word' id='word_1_524' title='bbox 175 2649 232 2684; x_wconf 58' lang='lat' dir='ltr'><strong>tem</strong></span> <span class='ocrx_word' id='word_1_525' title='bbox 255 2645 558 2684; x_wconf 35' lang='lat' dir='ltr'><strong>vidimuaealumniam</strong></span> <span class='ocrx_word' id='word_1_526' title='bbox 580 2645 745 2676; x_wconf 81' lang='lat' dir='ltr'><strong>Eusebium:</strong></span> <span class='ocrx_word' id='word_1_527' title='bbox 764 2650 852 2684; x_wconf 89' lang='lat' dir='ltr'><strong>ipsum</strong></span> <span class='ocrx_word' id='word_1_528' title='bbox 872 2645 963 2684; x_wconf 72' lang='lat' dir='ltr'><strong>potius</strong></span> 
     </span>
    </p>
   </div>
   <div class='ocr_carea' id='block_1_74' title="bbox 176 2679 964 2718">
    <p class='ocr_par' dir='ltr' id='par_1_74' title="bbox 176 2679 964 2718">
     <span class='ocr_line' id='line_1_74' title="bbox 176 2679 964 2718; baseline 0.005 -12"><span class='ocrx_word' id='word_1_529' title='bbox 176 2679 341 2718; x_wconf 81' lang='lat' dir='ltr'><strong>Hieroclem,</strong></span> <span class='ocrx_word' id='word_1_530' title='bbox 362 2680 610 2718; x_wconf 77' lang='lat' dir='ltr'><strong>Philostratumque</strong></span> <span class='ocrx_word' id='word_1_531' title='bbox 631 2679 781 2718; x_wconf 43' lang='lat' dir='ltr'><strong>tantopere.</strong></span> <span class='ocrx_word' id='word_1_532' title='bbox 792 2685 826 2712; x_wconf 89' lang='lat' dir='ltr'><strong>ab</strong></span> <span class='ocrx_word' id='word_1_533' title='bbox 839 2679 964 2712; x_wconf 55' lang='lat' dir='ltr'><strong>eo-com-</strong></span> 
     </span>
    </p>
   </div>
   <div class='ocr_carea' id='block_1_75' title="bbox 176 2714 962 2754">
    <p class='ocr_par' dir='ltr' id='par_1_75' title="bbox 176 2714 962 2754">
     <span class='ocr_line' id='line_1_75' title="bbox 176 2714 962 2754; baseline 0.01 -14"><span class='ocrx_word' id='word_1_534' title='bbox 176 2714 347 2745; x_wconf 82' lang='lat' dir='ltr'><strong>mendatum,</strong></span> <span class='ocrx_word' id='word_1_535' title='bbox 361 2716 507 2754; x_wconf 73' lang='grc' dir='ltr'>εὐχερείας</span> <span class='ocrx_word' id='word_1_536' title='bbox 519 2722 546 2754; x_wconf 83' lang='lat' dir='ltr'><strong>et</strong></span> <span class='ocrx_word' id='word_1_537' title='bbox 563 2714 730 2754; x_wconf 58' lang='grc' dir='ltr'>ἑουφότητὸς</span> <span class='ocrx_word' id='word_1_538' title='bbox 751 2728 812 2747; x_wconf 88' lang='lat' dir='ltr'><strong>reos</strong></span> <span class='ocrx_word' id='word_1_539' title='bbox 835 2728 896 2747; x_wconf 85' lang='lat' dir='ltr'><strong>esse</strong></span> <span class='ocrx_word' id='word_1_540' title='bbox 913 2719 962 2746; x_wconf 87' lang='lat' dir='ltr'><strong>de-</strong></span> 
     </span>
    </p>
   </div>
   <div class='ocr_carea' id='block_1_76' title="bbox 177 2751 964 2790">
    <p class='ocr_par' dir='ltr' id='par_1_76' title="bbox 177 2751 964 2790">
     <span class='ocr_line' id='line_1_76' title="bbox 177 2751 964 2790; baseline 0.009 -15"><span class='ocrx_word' id='word_1_541' title='bbox 177 2754 376 2790; x_wconf 73' lang='lat' dir='ltr'><strong>monstrantem</strong></span> <span class='ocrx_word' id='word_1_542' title='bbox 389 2760 395 2778; x_wconf 91' lang='lat'>:</span> <span class='ocrx_word' id='word_1_543' title='bbox 414 2751 485 2790; x_wconf 80' lang='lat' dir='ltr'><strong>quod</strong></span> <span class='ocrx_word' id='word_1_544' title='bbox 501 2752 545 2778; x_wconf 90' lang='lat' dir='ltr'><strong>hie</strong></span> <span class='ocrx_word' id='word_1_545' title='bbox 559 2761 667 2790; x_wconf 82' lang='lat' dir='ltr'><strong>quoque</strong></span> <span class='ocrx_word' id='word_1_546' title='bbox 677 2751 740 2781; x_wconf 48' lang='lat' dir='ltr'><strong>&quot;eum</strong></span> <span class='ocrx_word' id='word_1_547' title='bbox 756 2754 845 2782; x_wconf 82' lang='lat' dir='ltr'><strong>facere</strong></span> <span class='ocrx_word' id='word_1_548' title='bbox 859 2755 964 2790; x_wconf 90' lang='lat' dir='ltr'><strong>liquido</strong></span> 
     </span>
    </p>
   </div>
   <div class='ocr_carea' id='block_1_77' title="bbox 175 2787 963 2826">
    <p class='ocr_par' dir='ltr' id='par_1_77' title="bbox 175 2787 963 2826">
     <span class='ocr_line' id='line_1_77' title="bbox 175 2787 963 2826; baseline 0.009 -16"><span class='ocrx_word' id='word_1_549' title='bbox 175 2789 305 2826; x_wconf 53' lang='lat' dir='ltr'><strong>constare</strong></span> <span class='ocrx_word' id='word_1_550' title='bbox 327 2790 402 2826; x_wconf 72' lang='lat' dir='ltr'><strong>puto.</strong></span> <span class='ocrx_word' id='word_1_551' title='bbox 426 2787 559 2826; x_wconf 71' lang='lat' dir='ltr'><strong>Caeterum</strong></span> <span class='ocrx_word' id='word_1_552' title='bbox 583 2788 730 2826; x_wconf 36' lang='lat' dir='ltr'><strong>siveuillud</strong></span> <span class='ocrx_word' id='word_1_553' title='bbox 752 2787 903 2826; x_wconf 63' lang='grc' dir='ltr'>γραφέντος</span> <span class='ocrx_word' id='word_1_554' title='bbox 928 2789 963 2817; x_wconf 83' lang='lat' dir='ltr'><strong>ad</strong></span> 
     </span>
    </p>
   </div>
   <div class='ocr_carea' id='block_1_78' title="bbox 177 2818 964 2854">
    <p class='ocr_par' dir='ltr' id='par_1_78' title="bbox 177 2818 964 2854">
     <span class='ocr_line' id='line_1_78' title="bbox 177 2818 964 2854; baseline 0.008 -9"><span class='ocrx_word' id='word_1_555' title='bbox 177 2818 333 2848; x_wconf 83' lang='lat' dir='ltr'><strong>Hieroclem</strong></span> <span class='ocrx_word' id='word_1_556' title='bbox 346 2821 461 2852; x_wconf 81' lang='lat' dir='ltr'><strong>referas,</strong></span> <span class='ocrx_word' id='word_1_557' title='bbox 483 2822 540 2849; x_wconf 87' lang='lat' dir='ltr'><strong>sive</strong></span> <span class='ocrx_word' id='word_1_558' title='bbox 556 2823 590 2849; x_wconf 89' lang='lat' dir='ltr'><strong>ad</strong></span> <span class='ocrx_word' id='word_1_559' title='bbox 606 2818 798 2852; x_wconf 73' lang='lat' dir='ltr'><strong>Philostratum</strong></span> <span class='ocrx_word' id='word_1_560' title='bbox 814 2818 869 2854; x_wconf 81' lang='lat' dir='ltr'><strong>non</strong></span> <span class='ocrx_word' id='word_1_561' title='bbox 892 2818 964 2852; x_wconf 74' lang='lat' dir='ltr'><strong>inul-</strong></span> 
     </span>
    </p>
   </div>
   <div class='ocr_carea' id='block_1_79' title="bbox 175 2855 962 2897">
    <p class='ocr_par' dir='ltr' id='par_1_79' title="bbox 175 2855 962 2897">
     <span class='ocr_line' id='line_1_79' title="bbox 175 2855 962 2897; baseline 0.01 -15"><span class='ocrx_word' id='word_1_562' title='bbox 175 2858 234 2881; x_wconf 82' lang='lat' dir='ltr'><strong>tum</strong></span> <span class='ocrx_word' id='word_1_563' title='bbox 251 2855 384 2891; x_wconf 85' lang='lat' dir='ltr'><strong>intererit,</strong></span> <span class='ocrx_word' id='word_1_564' title='bbox 401 2864 462 2884; x_wconf 90' lang='lat' dir='ltr'><strong>nam</strong></span> <span class='ocrx_word' id='word_1_565' title='bbox 477 2862 566 2892; x_wconf 86' lang='lat' dir='ltr'><strong>potest</strong></span> <span class='ocrx_word' id='word_1_566' title='bbox 579 2859 694 2894; x_wconf 73' lang='grc' dir='ltr'>γραφείς</span> <span class='ocrx_word' id='word_1_567' title='bbox 707 2868 768 2889; x_wconf 87' lang='lat' dir='ltr'><strong>esse</strong></span> <span class='ocrx_word' id='word_1_568' title='bbox 781 2861 826 2889; x_wconf 88' lang='lat' dir='ltr'><strong>ille</strong></span> <span class='ocrx_word' id='word_1_569' title='bbox 842 2864 962 2897; x_wconf 79' lang='lat' dir='ltr'><strong>quoque.</strong></span> 
     </span>
    </p>
   </div>
   <div class='ocr_carea' id='block_1_80' title="bbox 1011 933 1798 969">
    <p class='ocr_par' dir='ltr' id='par_1_80' title="bbox 1011 933 1798 969">
     <span class='ocr_line' id='line_1_80' title="bbox 1011 933 1798 969; baseline -0.005 -5"><span class='ocrx_word' id='word_1_570' title='bbox 1011 937 1073 964; x_wconf 87' lang='lat' dir='ltr'><strong>liari</strong></span> <span class='ocrx_word' id='word_1_571' title='bbox 1091 937 1168 968; x_wconf 90' lang='lat' dir='ltr'><strong>nolit,</strong></span> <span class='ocrx_word' id='word_1_572' title='bbox 1187 936 1405 964; x_wconf 87' lang='lat' dir='ltr'><strong>sacrilicantibus</strong></span> <span class='ocrx_word' id='word_1_573' title='bbox 1426 935 1489 962; x_wconf 87' lang='lat' dir='ltr'><strong>licet</strong></span> <span class='ocrx_word' id='word_1_574' title='bbox 1505 938 1587 969; x_wconf 80' lang='lat' dir='ltr'><strong>atque</strong></span> <span class='ocrx_word' id='word_1_575' title='bbox 1612 934 1760 961; x_wconf 82' lang='lat' dir='ltr'><strong>libantibus</strong></span> <span class='ocrx_word' id='word_1_576' title='bbox 1771 933 1798 960; x_wconf 89' lang='lat' dir='ltr'><strong>ei</strong></span> 
     </span>
    </p>
   </div>
   <div class='ocr_carea' id='block_1_81' title="bbox 1012 980 1799 1015">
    <p class='ocr_par' dir='ltr' id='par_1_81' title="bbox 1012 980 1799 1015">
     <span class='ocr_line' id='line_1_81' title="bbox 1012 980 1799 1015; baseline -0.005 -5"><span class='ocrx_word' id='word_1_577' title='bbox 1012 983 1209 1010; x_wconf 86' lang='lat' dir='ltr'><strong>indesinenter.</strong></span> <span class='ocrx_word' id='word_1_578' title='bbox 1225 981 1278 1009; x_wconf 86' lang='lat' dir='ltr'><strong>Sed</strong></span> <span class='ocrx_word' id='word_1_579' title='bbox 1296 986 1323 1009; x_wconf 90' lang='lat' dir='ltr'><strong>ct</strong></span> <span class='ocrx_word' id='word_1_580' title='bbox 1335 980 1488 1008; x_wconf 81' lang='lat' dir='ltr'><strong>Palamedis</strong></span> <span class='ocrx_word' id='word_1_581' title='bbox 1507 980 1661 1015; x_wconf 83' lang='lat' dir='ltr'><strong>sepulcrum</strong></span> <span class='ocrx_word' id='word_1_582' title='bbox 1675 986 1799 1007; x_wconf 86' lang='lat' dir='ltr'><strong>unacum</strong></span> 
     </span>
    </p>
   </div>
   <div class='ocr_carea' id='block_1_82' title="bbox 1012 1027 1678 1062">
    <p class='ocr_par' dir='ltr' id='par_1_82' title="bbox 1012 1027 1678 1062">
     <span class='ocr_line' id='line_1_82' title="bbox 1012 1027 1678 1062; baseline -0.008 -4"><span class='ocrx_word' id='word_1_583' title='bbox 1012 1030 1085 1058; x_wconf 91' lang='lat' dir='ltr'><strong>illius</strong></span> <span class='ocrx_word' id='word_1_584' title='bbox 1098 1033 1189 1058; x_wconf 86' lang='lat' dir='ltr'><strong>statua</strong></span> <span class='ocrx_word' id='word_1_585' title='bbox 1204 1028 1273 1056; x_wconf 89' lang='lat' dir='ltr'><strong>male</strong></span> <span class='ocrx_word' id='word_1_586' title='bbox 1288 1028 1409 1056; x_wconf 91' lang='lat' dir='ltr'><strong>dirutum</strong></span> <span class='ocrx_word' id='word_1_587' title='bbox 1426 1028 1577 1056; x_wconf 85' lang='lat' dir='ltr'><strong>restaurari</strong></span> <span class='ocrx_word' id='word_1_588' title='bbox 1589 1027 1678 1062; x_wconf 86' lang='lat' dir='ltr'><strong>jubet.</strong></span> 
     </span>
    </p>
   </div>
   <div class='ocr_carea' id='block_1_83' title="bbox 1247 1081 1558 1119">
    <p class='ocr_par' dir='ltr' id='par_1_83' title="bbox 1247 1081 1558 1119">
     <span class='ocr_line' id='line_1_83' title="bbox 1247 1081 1558 1119; baseline 0 -9"><span class='ocrx_word' id='word_1_589' title='bbox 1247 1083 1326 1119; x_wconf 79' lang='lat'><strong>530</strong></span> <span class='ocrx_word' id='word_1_590' title='bbox 1345 1081 1456 1110; x_wconf 87' lang='lat' dir='ltr'><strong>CAPUT</strong></span> <span class='ocrx_word' id='word_1_591' title='bbox 1475 1081 1558 1110; x_wconf 81' lang='lat' dir='ltr'><strong>xxx.</strong></span> 
     </span>
    </p>
   </div>
   <div class='ocr_carea' id='block_1_84' title="bbox 1047 1130 1799 1166">
    <p class='ocr_par' dir='ltr' id='par_1_84' title="bbox 1047 1130 1799 1166">
     <span class='ocr_line' id='line_1_84' title="bbox 1047 1130 1799 1166; baseline -0.004 -7"><span class='ocrx_word' id='word_1_592' title='bbox 1047 1132 1177 1166; x_wconf 86' lang='lat' dir='ltr'><strong>Quintum</strong></span> <span class='ocrx_word' id='word_1_593' title='bbox 1190 1139 1272 1166; x_wconf 87' lang='lat' dir='ltr'><strong>porro</strong></span> <span class='ocrx_word' id='word_1_594' title='bbox 1294 1135 1457 1166; x_wconf 82' lang='lat' dir='ltr'><strong>sextumque</strong></span> <span class='ocrx_word' id='word_1_595' title='bbox 1476 1130 1639 1158; x_wconf 85' lang='lat' dir='ltr'><strong>miraculum</strong></span> <span class='ocrx_word' id='word_1_596' title='bbox 1653 1137 1708 1157; x_wconf 90' lang='lat' dir='ltr'><strong>non</strong></span> <span class='ocrx_word' id='word_1_597' title='bbox 1728 1136 1799 1164; x_wconf 79' lang='lat' dir='ltr'><strong>opus</strong></span> 
     </span>
    </p>
   </div>
   <div class='ocr_carea' id='block_1_85' title="bbox 1012 1175 1799 1211">
    <p class='ocr_par' dir='ltr' id='par_1_85' title="bbox 1012 1175 1799 1211">
     <span class='ocr_line' id='line_1_85' title="bbox 1012 1175 1799 1211; baseline -0.001 -8"><span class='ocrx_word' id='word_1_598' title='bbox 1012 1177 1123 1207; x_wconf 87' lang='lat' dir='ltr'><strong>habent,</strong></span> <span class='ocrx_word' id='word_1_599' title='bbox 1137 1181 1166 1204; x_wconf 93' lang='lat' dir='ltr'><strong>ut</strong></span> <span class='ocrx_word' id='word_1_600' title='bbox 1181 1177 1261 1211; x_wconf 78' lang='lat' dir='ltr'><strong>longa</strong></span> <span class='ocrx_word' id='word_1_601' title='bbox 1277 1177 1317 1204; x_wconf 86' lang='lat' dir='ltr'><strong>eis</strong></span> <span class='ocrx_word' id='word_1_602' title='bbox 1331 1177 1456 1204; x_wconf 87' lang='lat' dir='ltr'><strong>oratione</strong></span> <span class='ocrx_word' id='word_1_603' title='bbox 1478 1175 1664 1208; x_wconf 87' lang='lat' dir='ltr'><strong>immoremur,</strong></span> <span class='ocrx_word' id='word_1_604' title='bbox 1679 1183 1732 1210; x_wconf 91' lang='lat' dir='ltr'><strong>qua</strong></span> <span class='ocrx_word' id='word_1_605' title='bbox 1752 1182 1799 1211; x_wconf 89' lang='lat' dir='ltr'><strong>pa-</strong></span> 
     </span>
    </p>
   </div>
   <div class='ocr_carea' id='block_1_86' title="bbox 1012 1221 1796 1258">
    <p class='ocr_par' dir='ltr' id='par_1_86' title="bbox 1012 1221 1796 1258">
     <span class='ocr_line' id='line_1_86' title="bbox 1012 1221 1796 1258; baseline -0.003 -7"><span class='ocrx_word' id='word_1_606' title='bbox 1012 1227 1065 1251; x_wconf 84' lang='lat' dir='ltr'><strong>teat</strong></span> <span class='ocrx_word' id='word_1_607' title='bbox 1078 1222 1176 1250; x_wconf 87' lang='lat' dir='ltr'><strong>stolida</strong></span> <span class='ocrx_word' id='word_1_608' title='bbox 1185 1223 1329 1258; x_wconf 88' lang='lat' dir='ltr'><strong>scriptoris</strong></span> <span class='ocrx_word' id='word_1_609' title='bbox 1344 1221 1505 1256; x_wconf 84' lang='lat' dir='ltr'><strong>simplicitas</strong></span> <span class='ocrx_word' id='word_1_610' title='bbox 1523 1231 1529 1247; x_wconf 88' lang='lat'>:</span> <span class='ocrx_word' id='word_1_611' title='bbox 1548 1222 1686 1249; x_wconf 57' lang='lat' dir='ltr'><strong>daemonas</strong></span> <span class='ocrx_word' id='word_1_612' title='bbox 1698 1228 1796 1256; x_wconf 81' lang='lat' dir='ltr'><strong>nempe</strong></span> 
     </span>
    </p>
   </div>
   <div class='ocr_carea' id='block_1_87' title="bbox 1012 1267 1798 1304">
    <p class='ocr_par' dir='ltr' id='par_1_87' title="bbox 1012 1267 1798 1304">
     <span class='ocr_line' id='line_1_87' title="bbox 1012 1267 1798 1304; baseline -0.003 -8"><span class='ocrx_word' id='word_1_613' title='bbox 1012 1270 1149 1302; x_wconf 86' lang='lat' dir='ltr'><strong>exturbat,</strong></span> <span class='ocrx_word' id='word_1_614' title='bbox 1163 1269 1256 1300; x_wconf 90' lang='lat' dir='ltr'><strong>alium,</strong></span> <span class='ocrx_word' id='word_1_615' title='bbox 1270 1273 1300 1295; x_wconf 93' lang='lat' dir='ltr'><strong>ut</strong></span> <span class='ocrx_word' id='word_1_616' title='bbox 1317 1269 1396 1304; x_wconf 69' lang='lat' dir='ltr'><strong>vulgo</strong></span> <span class='ocrx_word' id='word_1_617' title='bbox 1406 1268 1493 1301; x_wconf 88' lang='lat' dir='ltr'><strong>aiunt,</strong></span> <span class='ocrx_word' id='word_1_618' title='bbox 1506 1275 1557 1303; x_wconf 88' lang='lat' dir='ltr'><strong>ope</strong></span> <span class='ocrx_word' id='word_1_619' title='bbox 1569 1267 1690 1295; x_wconf 87' lang='lat' dir='ltr'><strong>alterius.</strong></span> <span class='ocrx_word' id='word_1_620' title='bbox 1707 1267 1798 1294; x_wconf 85' lang='lat' dir='ltr'><strong>Alium</strong></span> 
     </span>
    </p>
   </div>
   <div class='ocr_carea' id='block_1_88' title="bbox 1013 1312 1800 1349">
    <p class='ocr_par' dir='ltr' id='par_1_88' title="bbox 1013 1312 1800 1349">
     <span class='ocr_line' id='line_1_88' title="bbox 1013 1312 1800 1349; baseline -0.004 -7"><span class='ocrx_word' id='word_1_621' title='bbox 1013 1322 1111 1349; x_wconf 89' lang='lat' dir='ltr'><strong>nempe</strong></span> <span class='ocrx_word' id='word_1_622' title='bbox 1127 1323 1160 1342; x_wconf 83' lang='lat' dir='ltr'><strong>ex</strong></span> <span class='ocrx_word' id='word_1_623' title='bbox 1175 1314 1349 1342; x_wconf 85' lang='lat' dir='ltr'><strong>adolescente</strong></span> <span class='ocrx_word' id='word_1_624' title='bbox 1364 1314 1498 1341; x_wconf 81' lang='lat' dir='ltr'><strong>infrunito</strong></span> <span class='ocrx_word' id='word_1_625' title='bbox 1507 1314 1541 1345; x_wconf 86' lang='grc'><strong>⁷³,</strong></span> <span class='ocrx_word' id='word_1_626' title='bbox 1557 1314 1639 1341; x_wconf 90' lang='lat' dir='ltr'><strong>alium</strong></span> <span class='ocrx_word' id='word_1_627' title='bbox 1656 1321 1738 1348; x_wconf 94' lang='lat' dir='ltr'><strong>porro</strong></span> <span class='ocrx_word' id='word_1_628' title='bbox 1751 1312 1800 1348; x_wconf 86' lang='lat' dir='ltr'><strong>qui</strong></span> 
     </span>
    </p>
   </div>
   <div class='ocr_carea' id='block_1_89' title="bbox 1014 1358 1799 1395">
    <p class='ocr_par' dir='ltr' id='par_1_89' title="bbox 1014 1358 1799 1395">
     <span class='ocr_line' id='line_1_89' title="bbox 1014 1358 1799 1395; baseline -0.003 -7"><span class='ocrx_word' id='word_1_629' title='bbox 1014 1360 1083 1388; x_wconf 83' lang='lat' dir='ltr'><strong>facie</strong></span> <span class='ocrx_word' id='word_1_630' title='bbox 1096 1360 1220 1388; x_wconf 88' lang='lat' dir='ltr'><strong>muliebri</strong></span> <span class='ocrx_word' id='word_1_631' title='bbox 1240 1364 1314 1388; x_wconf 86' lang='lat' dir='ltr'><strong>esset</strong></span> <span class='ocrx_word' id='word_1_632' title='bbox 1330 1360 1483 1388; x_wconf 76' lang='lat' dir='ltr'><strong>indutus&quot;.</strong></span> <span class='ocrx_word' id='word_1_633' title='bbox 1497 1359 1585 1395; x_wconf 81' lang='lat' dir='ltr'><strong>Atque</strong></span> <span class='ocrx_word' id='word_1_634' title='bbox 1602 1359 1675 1386; x_wconf 94' lang='lat' dir='ltr'><strong>hunc</strong></span> <span class='ocrx_word' id='word_1_635' title='bbox 1689 1358 1799 1394; x_wconf 87' lang='lat' dir='ltr'><strong>quidem</strong></span> 
     </span>
    </p>
   </div>
   <div class='ocr_carea' id='block_1_90' title="bbox 1017 1404 1802 1441">
    <p class='ocr_par' dir='ltr' id='par_1_90' title="bbox 1017 1404 1802 1441">
     <span class='ocr_line' id='line_1_90' title="bbox 1017 1404 1802 1441; baseline -0.001 -9"><span class='ocrx_word' id='word_1_636' title='bbox 1017 1406 1168 1433; x_wconf 67' lang='lat' dir='ltr'><strong>uLamiami</strong></span> <span class='ocrx_word' id='word_1_637' title='bbox 1181 1411 1207 1434; x_wconf 90' lang='lat' dir='ltr'><strong>et</strong></span> <span class='ocrx_word' id='word_1_638' title='bbox 1216 1406 1405 1441; x_wconf 57' lang='lat' dir='ltr'><strong>(Empusamn</strong></span> <span class='ocrx_word' id='word_1_639' title='bbox 1418 1406 1484 1441; x_wconf 91' lang='lat' dir='ltr'><strong>ipsis</strong></span> <span class='ocrx_word' id='word_1_640' title='bbox 1498 1406 1573 1433; x_wconf 90' lang='lat' dir='ltr'><strong>hisce</strong></span> <span class='ocrx_word' id='word_1_641' title='bbox 1589 1405 1717 1432; x_wconf 87' lang='lat' dir='ltr'><strong>adhibitis</strong></span> <span class='ocrx_word' id='word_1_642' title='bbox 1727 1404 1802 1431; x_wconf 85' lang='lat' dir='ltr'><strong>voci-</strong></span> 
     </span>
    </p>
   </div>
   <div class='ocr_carea' id='block_1_91' title="bbox 1020 1450 1801 1487">
    <p class='ocr_par' dir='ltr' id='par_1_91' title="bbox 1020 1450 1801 1487">
     <span class='ocr_line' id='line_1_91' title="bbox 1020 1450 1801 1487; baseline -0.003 -7"><span class='ocrx_word' id='word_1_643' title='bbox 1020 1452 1082 1483; x_wconf 85' lang='lat' dir='ltr'><strong>bus,</strong></span> <span class='ocrx_word' id='word_1_644' title='bbox 1098 1452 1319 1487; x_wconf 86' lang='lat' dir='ltr'><strong>sapientissimus</strong></span> <span class='ocrx_word' id='word_1_645' title='bbox 1331 1456 1426 1479; x_wconf 88' lang='lat' dir='ltr'><strong>auctor</strong></span> <span class='ocrx_word' id='word_1_646' title='bbox 1435 1453 1561 1487; x_wconf 79' lang='lat' dir='ltr'><strong>appellat.</strong></span> <span class='ocrx_word' id='word_1_647' title='bbox 1572 1451 1693 1478; x_wconf 87' lang='lat' dir='ltr'><strong>Puellam</strong></span> <span class='ocrx_word' id='word_1_648' title='bbox 1702 1451 1764 1478; x_wconf 88' lang='lat' dir='ltr'><strong>inde</strong></span> <span class='ocrx_word' id='word_1_649' title='bbox 1772 1450 1801 1478; x_wconf 91' lang='lat' dir='ltr'><strong>in</strong></span> 
     </span>
    </p>
   </div>
   <div class='ocr_carea' id='block_1_92' title="bbox 1014 1497 1803 1534">
    <p class='ocr_par' dir='ltr' id='par_1_92' title="bbox 1014 1497 1803 1534">
     <span class='ocr_line' id='line_1_92' title="bbox 1014 1497 1803 1534; baseline 0 -8"><span class='ocrx_word' id='word_1_650' title='bbox 1014 1499 1082 1527; x_wconf 83' lang='lat' dir='ltr'><strong>urbe</strong></span> <span class='ocrx_word' id='word_1_651' title='bbox 1093 1499 1216 1526; x_wconf 83' lang='lat' dir='ltr'><strong>Romana</strong></span> <span class='ocrx_word' id='word_1_652' title='bbox 1224 1499 1247 1515; x_wconf 85' lang='lat'>&quot;&#39;</span> <span class='ocrx_word' id='word_1_653' title='bbox 1258 1499 1328 1534; x_wconf 90' lang='lat' dir='ltr'><strong>quod</strong></span> <span class='ocrx_word' id='word_1_654' title='bbox 1339 1503 1400 1534; x_wconf 91' lang='lat' dir='ltr'><strong>post</strong></span> <span class='ocrx_word' id='word_1_655' title='bbox 1408 1504 1521 1526; x_wconf 86' lang='lat' dir='ltr'><strong>mortem</strong></span> <span class='ocrx_word' id='word_1_656' title='bbox 1531 1498 1558 1525; x_wconf 94' lang='lat' dir='ltr'><strong>in</strong></span> <span class='ocrx_word' id='word_1_657' title='bbox 1569 1498 1651 1525; x_wconf 85' lang='lat' dir='ltr'><strong>vitam</strong></span> <span class='ocrx_word' id='word_1_658' title='bbox 1664 1497 1803 1526; x_wconf 75' lang='lat' dir='ltr'><strong>reduxerit</strong></span> 
     </span>
    </p>
   </div>
   <div class='ocr_carea' id='block_1_93' title="bbox 1015 1543 1799 1580">
    <p class='ocr_par' dir='ltr' id='par_1_93' title="bbox 1015 1543 1799 1580">
     <span class='ocr_line' id='line_1_93' title="bbox 1015 1543 1799 1580; baseline -0.003 -8"><span class='ocrx_word' id='word_1_659' title='bbox 1015 1545 1129 1576; x_wconf 85' lang='lat' dir='ltr'><strong>iterum,</strong></span> <span class='ocrx_word' id='word_1_660' title='bbox 1154 1553 1216 1572; x_wconf 93' lang='lat' dir='ltr'><strong>cum</strong></span> <span class='ocrx_word' id='word_1_661' title='bbox 1231 1546 1272 1572; x_wconf 90' lang='lat' dir='ltr'><strong>vel</strong></span> <span class='ocrx_word' id='word_1_662' title='bbox 1285 1545 1338 1580; x_wconf 87' lang='lat' dir='ltr'><strong>ipsi</strong></span> <span class='ocrx_word' id='word_1_663' title='bbox 1354 1544 1520 1571; x_wconf 84' lang='lat' dir='ltr'><strong>Philostrato</strong></span> <span class='ocrx_word' id='word_1_664' title='bbox 1536 1545 1617 1578; x_wconf 87' lang='lat' dir='ltr'><strong>plane</strong></span> <span class='ocrx_word' id='word_1_665' title='bbox 1638 1543 1799 1579; x_wconf 77' lang='lat' dir='ltr'><strong>incredibile</strong></span> 
     </span>
    </p>
   </div>
   <div class='ocr_carea' id='block_1_94' title="bbox 1017 1589 1802 1625">
    <p class='ocr_par' dir='ltr' id='par_1_94' title="bbox 1017 1589 1802 1625">
     <span class='ocr_line' id='line_1_94' title="bbox 1017 1589 1802 1625; baseline -0.001 -8"><span class='ocrx_word' id='word_1_666' title='bbox 1017 1590 1148 1622; x_wconf 84' lang='lat' dir='ltr'><strong>videatur,</strong></span> <span class='ocrx_word' id='word_1_667' title='bbox 1158 1590 1237 1625; x_wconf 87' lang='lat' dir='ltr'><strong>plane</strong></span> <span class='ocrx_word' id='word_1_668' title='bbox 1247 1590 1453 1624; x_wconf 85' lang='lat' dir='ltr'><strong>repudiandum.</strong></span> <span class='ocrx_word' id='word_1_669' title='bbox 1471 1589 1500 1616; x_wconf 93' lang='lat' dir='ltr'><strong>In</strong></span> <span class='ocrx_word' id='word_1_670' title='bbox 1519 1589 1646 1625; x_wconf 75' lang='lat' dir='ltr'><strong>ambiguo</strong></span> <span class='ocrx_word' id='word_1_671' title='bbox 1659 1590 1731 1617; x_wconf 90' lang='lat' dir='ltr'><strong>enim</strong></span> <span class='ocrx_word' id='word_1_672' title='bbox 1746 1589 1802 1617; x_wconf 65' lang='lat' dir='ltr'><strong>haz-</strong></span> 
     </span>
    </p>
   </div>
   <div class='ocr_carea' id='block_1_95' title="bbox 1016 1634 1800 1670">
    <p class='ocr_par' dir='ltr' id='par_1_95' title="bbox 1016 1634 1800 1670">
     <span class='ocr_line' id='line_1_95' title="bbox 1016 1634 1800 1670; baseline -0.001 -7"><span class='ocrx_word' id='word_1_673' title='bbox 1016 1640 1067 1666; x_wconf 72' lang='lat' dir='ltr'><strong>ret.</strong></span> <span class='ocrx_word' id='word_1_674' title='bbox 1083 1644 1147 1662; x_wconf 90' lang='lat' dir='ltr'><strong>num</strong></span> <span class='ocrx_word' id='word_1_675' title='bbox 1172 1636 1263 1663; x_wconf 87' lang='lat' dir='ltr'><strong>vitalis</strong></span> <span class='ocrx_word' id='word_1_676' title='bbox 1276 1643 1349 1662; x_wconf 67' lang='lat' dir='ltr'><strong>aurae</strong></span> <span class='ocrx_word' id='word_1_677' title='bbox 1369 1636 1499 1668; x_wconf 86' lang='lat' dir='ltr'><strong>scintilla,</strong></span> <span class='ocrx_word' id='word_1_678' title='bbox 1517 1636 1545 1662; x_wconf 93' lang='lat' dir='ltr'><strong>in</strong></span> <span class='ocrx_word' id='word_1_679' title='bbox 1563 1636 1653 1670; x_wconf 89' lang='lat' dir='ltr'><strong>puella</strong></span> <span class='ocrx_word' id='word_1_680' title='bbox 1678 1634 1800 1666; x_wconf 82' lang='lat' dir='ltr'><strong>residua.</strong></span> 
     </span>
    </p>
   </div>
   <div class='ocr_carea' id='block_1_96' title="bbox 1016 1681 1800 1715">
    <p class='ocr_par' dir='ltr' id='par_1_96' title="bbox 1016 1681 1800 1715">
     <span class='ocr_line' id='line_1_96' title="bbox 1016 1681 1800 1715; baseline -0.003 -6"><span class='ocrx_word' id='word_1_681' title='bbox 1016 1682 1136 1709; x_wconf 87' lang='lat' dir='ltr'><strong>medicos</strong></span> <span class='ocrx_word' id='word_1_682' title='bbox 1157 1682 1278 1709; x_wconf 87' lang='lat' dir='ltr'><strong>latuerit.</strong></span> <span class='ocrx_word' id='word_1_683' title='bbox 1299 1681 1410 1708; x_wconf 87' lang='lat' dir='ltr'><strong>Famam</strong></span> <span class='ocrx_word' id='word_1_684' title='bbox 1436 1681 1508 1708; x_wconf 92' lang='lat' dir='ltr'><strong>enim</strong></span> <span class='ocrx_word' id='word_1_685' title='bbox 1533 1688 1594 1708; x_wconf 87' lang='lat' dir='ltr'><strong>esse</strong></span> <span class='ocrx_word' id='word_1_686' title='bbox 1615 1681 1663 1712; x_wconf 90' lang='lat' dir='ltr'><strong>ait,</strong></span> <span class='ocrx_word' id='word_1_687' title='bbox 1680 1681 1800 1715; x_wconf 89' lang='lat' dir='ltr'><strong>pluviam</strong></span> 
     </span>
    </p>
   </div>
   <div class='ocr_carea' id='block_1_97' title="bbox 1016 1725 1801 1762">
    <p class='ocr_par' dir='ltr' id='par_1_97' title="bbox 1016 1725 1801 1762">
     <span class='ocr_line' id='line_1_97' title="bbox 1016 1725 1801 1762; baseline 0 -8"><span class='ocrx_word' id='word_1_688' title='bbox 1016 1730 1072 1754; x_wconf 92' lang='lat' dir='ltr'><strong>tum</strong></span> <span class='ocrx_word' id='word_1_689' title='bbox 1084 1727 1216 1755; x_wconf 80' lang='lat' dir='ltr'><strong>cecidisse</strong></span> <span class='ocrx_word' id='word_1_690' title='bbox 1234 1727 1459 1762; x_wconf 85' lang='lat' dir='ltr'><strong>placidissimam.</strong></span> <span class='ocrx_word' id='word_1_691' title='bbox 1478 1735 1511 1754; x_wconf 83' lang='lat' dir='ltr'><strong>ex</strong></span> <span class='ocrx_word' id='word_1_692' title='bbox 1531 1726 1627 1762; x_wconf 60' lang='lat' dir='ltr'><strong>puella).</strong></span> <span class='ocrx_word' id='word_1_693' title='bbox 1650 1734 1716 1754; x_wconf 87' lang='lat' dir='ltr'><strong>vero</strong></span> <span class='ocrx_word' id='word_1_694' title='bbox 1730 1725 1801 1754; x_wconf 78' lang='lat' dir='ltr'><strong>facie</strong></span> 
     </span>
    </p>
   </div>
   <div class='ocr_carea' id='block_1_98' title="bbox 1016 1771 1801 1808">
    <p class='ocr_par' dir='ltr' id='par_1_98' title="bbox 1016 1771 1801 1808">
     <span class='ocr_line' id='line_1_98' title="bbox 1016 1771 1801 1808; baseline -0.003 -8"><span class='ocrx_word' id='word_1_695' title='bbox 1016 1781 1141 1808; x_wconf 83' lang='lat' dir='ltr'><strong>vaporem</strong></span> <span class='ocrx_word' id='word_1_696' title='bbox 1161 1774 1316 1801; x_wconf 84' lang='lat' dir='ltr'><strong>exhalasse.</strong></span> <span class='ocrx_word' id='word_1_697' title='bbox 1336 1773 1371 1799; x_wconf 88' lang='lat' dir='ltr'><strong>At</strong></span> <span class='ocrx_word' id='word_1_698' title='bbox 1387 1776 1471 1804; x_wconf 88' lang='lat' dir='ltr'><strong>certe,</strong></span> <span class='ocrx_word' id='word_1_699' title='bbox 1493 1772 1516 1800; x_wconf 88' lang='lat' dir='ltr'><strong>si</strong></span> <span class='ocrx_word' id='word_1_700' title='bbox 1541 1779 1603 1799; x_wconf 87' lang='lat' dir='ltr'><strong>vere</strong></span> <span class='ocrx_word' id='word_1_701' title='bbox 1619 1772 1671 1799; x_wconf 79' lang='lat' dir='ltr'><strong>tale</strong></span> <span class='ocrx_word' id='word_1_702' title='bbox 1692 1772 1756 1807; x_wconf 91' lang='lat' dir='ltr'><strong>quid</strong></span> <span class='ocrx_word' id='word_1_703' title='bbox 1772 1771 1801 1799; x_wconf 87' lang='lat' dir='ltr'><strong>in</strong></span> 
     </span>
    </p>
   </div>
   <div class='ocr_carea' id='block_1_99' title="bbox 1015 1817 1801 1855">
    <p class='ocr_par' dir='ltr' id='par_1_99' title="bbox 1015 1817 1801 1855">
     <span class='ocr_line' id='line_1_99' title="bbox 1015 1817 1801 1855; baseline -0.004 -8"><span class='ocrx_word' id='word_1_704' title='bbox 1015 1820 1074 1855; x_wconf 91' lang='lat' dir='ltr'><strong>ipsa</strong></span> <span class='ocrx_word' id='word_1_705' title='bbox 1096 1820 1162 1847; x_wconf 89' lang='lat' dir='ltr'><strong>urbe</strong></span> <span class='ocrx_word' id='word_1_706' title='bbox 1175 1819 1299 1846; x_wconf 82' lang='lat' dir='ltr'><strong>Romana</strong></span> <span class='ocrx_word' id='word_1_707' title='bbox 1320 1819 1416 1846; x_wconf 82' lang='lat' dir='ltr'><strong>fuisset</strong></span> <span class='ocrx_word' id='word_1_708' title='bbox 1433 1822 1570 1853; x_wconf 86' lang='lat' dir='ltr'><strong>patratum</strong></span> <span class='ocrx_word' id='word_1_709' title='bbox 1583 1839 1589 1850; x_wconf 91' lang='lat'><strong>,</strong></span> <span class='ocrx_word' id='word_1_710' title='bbox 1604 1817 1698 1852; x_wconf 76' lang='lat' dir='ltr'><strong>fugere</strong></span> <span class='ocrx_word' id='word_1_711' title='bbox 1712 1817 1801 1853; x_wconf 91' lang='lat' dir='ltr'><strong>primo</strong></span> 
     </span>
    </p>
   </div>
   <div class='ocr_carea' id='block_1_100' title="bbox 1015 1864 1802 1901">
    <p class='ocr_par' dir='ltr' id='par_1_100' title="bbox 1015 1864 1802 1901">
     <span class='ocr_line' id='line_1_100' title="bbox 1015 1864 1802 1901; baseline -0.001 -9"><span class='ocrx_word' id='word_1_712' title='bbox 1015 1865 1103 1901; x_wconf 91' lang='lat' dir='ltr'><strong>ipsum</strong></span> <span class='ocrx_word' id='word_1_713' title='bbox 1125 1865 1232 1900; x_wconf 87' lang='lat' dir='ltr'><strong>quidem</strong></span> <span class='ocrx_word' id='word_1_714' title='bbox 1255 1872 1308 1891; x_wconf 94' lang='lat' dir='ltr'><strong>non</strong></span> <span class='ocrx_word' id='word_1_715' title='bbox 1326 1864 1461 1899; x_wconf 83' lang='lat' dir='ltr'><strong>potuisset</strong></span> <span class='ocrx_word' id='word_1_716' title='bbox 1486 1864 1693 1898; x_wconf 87' lang='lat' dir='ltr'><strong>imperatorem,</strong></span> <span class='ocrx_word' id='word_1_717' title='bbox 1712 1870 1802 1899; x_wconf 77' lang='lat' dir='ltr'><strong>neque</strong></span> 
     </span>
    </p>
   </div>
   <div class='ocr_carea' id='block_1_101' title="bbox 1016 1910 1800 1947">
    <p class='ocr_par' dir='ltr' id='par_1_101' title="bbox 1016 1910 1800 1947">
     <span class='ocr_line' id='line_1_101' title="bbox 1016 1910 1800 1947; baseline -0.004 -8"><span class='ocrx_word' id='word_1_718' title='bbox 1016 1912 1164 1947; x_wconf 88' lang='lat' dir='ltr'><strong>principes,</strong></span> <span class='ocrx_word' id='word_1_719' title='bbox 1177 1911 1224 1946; x_wconf 92' lang='lat' dir='ltr'><strong>qui</strong></span> <span class='ocrx_word' id='word_1_720' title='bbox 1239 1911 1393 1946; x_wconf 83' lang='lat' dir='ltr'><strong>proximum</strong></span> <span class='ocrx_word' id='word_1_721' title='bbox 1404 1910 1430 1937; x_wconf 88' lang='lat' dir='ltr'><strong>ei</strong></span> <span class='ocrx_word' id='word_1_722' title='bbox 1445 1910 1533 1936; x_wconf 90' lang='lat' dir='ltr'><strong>locum</strong></span> <span class='ocrx_word' id='word_1_723' title='bbox 1548 1910 1681 1942; x_wconf 89' lang='lat' dir='ltr'><strong>obtinent,</strong></span> <span class='ocrx_word' id='word_1_724' title='bbox 1694 1916 1800 1942; x_wconf 90' lang='lat' dir='ltr'><strong>omnes,</strong></span> 
     </span>
    </p>
   </div>
   <div class='ocr_carea' id='block_1_102' title="bbox 1016 1954 1802 1992">
    <p class='ocr_par' dir='ltr' id='par_1_102' title="bbox 1016 1954 1802 1992">
     <span class='ocr_line' id='line_1_102' title="bbox 1016 1954 1802 1992; baseline -0.003 -8"><span class='ocrx_word' id='word_1_725' title='bbox 1016 1957 1152 1992; x_wconf 75' lang='lat' dir='ltr'><strong>praecipue</strong></span> <span class='ocrx_word' id='word_1_726' title='bbox 1167 1960 1268 1988; x_wconf 89' lang='lat' dir='ltr'><strong>autem,</strong></span> <span class='ocrx_word' id='word_1_727' title='bbox 1288 1955 1334 1990; x_wconf 90' lang='lat' dir='ltr'><strong>qui</strong></span> <span class='ocrx_word' id='word_1_728' title='bbox 1349 1963 1380 1982; x_wconf 90' lang='lat' dir='ltr'><strong>ea</strong></span> <span class='ocrx_word' id='word_1_729' title='bbox 1400 1958 1559 1989; x_wconf 89' lang='lat' dir='ltr'><strong>tempestate</strong></span> <span class='ocrx_word' id='word_1_730' title='bbox 1571 1954 1597 1981; x_wconf 93' lang='lat' dir='ltr'><strong>in</strong></span> <span class='ocrx_word' id='word_1_731' title='bbox 1607 1955 1667 1982; x_wconf 92' lang='lat' dir='ltr'><strong>istis</strong></span> <span class='ocrx_word' id='word_1_732' title='bbox 1679 1954 1802 1988; x_wconf 71' lang='lat' dir='ltr'><strong>partibus</strong></span> 
     </span>
    </p>
   </div>
   <div class='ocr_carea' id='block_1_103' title="bbox 1017 2000 1802 2038">
    <p class='ocr_par' dir='ltr' id='par_1_103' title="bbox 1017 2000 1802 2038">
     <span class='ocr_line' id='line_1_103' title="bbox 1017 2000 1802 2038; baseline -0.004 -8"><span class='ocrx_word' id='word_1_733' title='bbox 1017 2003 1124 2038; x_wconf 76' lang='lat' dir='ltr'><strong>agebat,</strong></span> <span class='ocrx_word' id='word_1_734' title='bbox 1144 2003 1198 2029; x_wconf 88' lang='lat' dir='ltr'><strong>imo</strong></span> <span class='ocrx_word' id='word_1_735' title='bbox 1218 2003 1244 2029; x_wconf 94' lang='lat' dir='ltr'><strong>in</strong></span> <span class='ocrx_word' id='word_1_736' title='bbox 1270 2002 1328 2037; x_wconf 91' lang='lat' dir='ltr'><strong>ipsa</strong></span> <span class='ocrx_word' id='word_1_737' title='bbox 1351 2001 1418 2028; x_wconf 89' lang='lat' dir='ltr'><strong>urbe</strong></span> <span class='ocrx_word' id='word_1_738' title='bbox 1441 2000 1527 2027; x_wconf 82' lang='lat' dir='ltr'><strong>Roma</strong></span> <span class='ocrx_word' id='word_1_739' title='bbox 1549 2004 1607 2027; x_wconf 86' lang='lat' dir='ltr'><strong>tum</strong></span> <span class='ocrx_word' id='word_1_740' title='bbox 1629 2001 1802 2033; x_wconf 86' lang='lat' dir='ltr'><strong>versabatur,</strong></span> 
     </span>
    </p>
   </div>
   <div class='ocr_carea' id='block_1_104' title="bbox 1018 2047 1803 2084">
    <p class='ocr_par' dir='ltr' id='par_1_104' title="bbox 1018 2047 1803 2084">
     <span class='ocr_line' id='line_1_104' title="bbox 1018 2047 1803 2084; baseline -0.004 -8"><span class='ocrx_word' id='word_1_741' title='bbox 1018 2049 1180 2083; x_wconf 86' lang='lat' dir='ltr'><strong>Euphratem</strong></span> <span class='ocrx_word' id='word_1_742' title='bbox 1196 2048 1399 2084; x_wconf 81' lang='lat' dir='ltr'><strong>philosophum,</strong></span> <span class='ocrx_word' id='word_1_743' title='bbox 1417 2048 1463 2082; x_wconf 90' lang='lat' dir='ltr'><strong>qui</strong></span> <span class='ocrx_word' id='word_1_744' title='bbox 1489 2047 1719 2081; x_wconf 84' lang='lat' dir='ltr'><strong>subsequentibus</strong></span> <span class='ocrx_word' id='word_1_745' title='bbox 1734 2050 1803 2074; x_wconf 87' lang='lat' dir='ltr'><strong>tem-</strong></span> 
     </span>
    </p>
   </div>
   <div class='ocr_carea' id='block_1_105' title="bbox 1017 2093 1803 2131">
    <p class='ocr_par' dir='ltr' id='par_1_105' title="bbox 1017 2093 1803 2131">
     <span class='ocr_line' id='line_1_105' title="bbox 1017 2093 1803 2131; baseline -0.004 -8"><span class='ocrx_word' id='word_1_746' title='bbox 1017 2096 1141 2131; x_wconf 86' lang='lat' dir='ltr'><strong>poribus,</strong></span> <span class='ocrx_word' id='word_1_747' title='bbox 1154 2095 1369 2122; x_wconf 81' lang='lat' dir='ltr'><strong>contr0versiam</strong></span> <span class='ocrx_word' id='word_1_748' title='bbox 1379 2099 1509 2129; x_wconf 86' lang='lat' dir='ltr'><strong>tanquam</strong></span> <span class='ocrx_word' id='word_1_749' title='bbox 1519 2101 1598 2129; x_wconf 79' lang='lat' dir='ltr'><strong>mago</strong></span> <span class='ocrx_word' id='word_1_750' title='bbox 1611 2101 1635 2121; x_wconf 83' lang='lat' dir='ltr'><strong>et</strong></span> <span class='ocrx_word' id='word_1_751' title='bbox 1652 2093 1803 2121; x_wconf 85' lang='lat' dir='ltr'><strong>intentasse</strong></span> 
     </span>
    </p>
   </div>
   <div class='ocr_carea' id='block_1_106' title="bbox 1018 2141 1804 2176">
    <p class='ocr_par' dir='ltr' id='par_1_106' title="bbox 1018 2141 1804 2176">
     <span class='ocr_line' id='line_1_106' title="bbox 1018 2141 1804 2176; baseline -0.004 -6"><span class='ocrx_word' id='word_1_752' title='bbox 1018 2143 1187 2171; x_wconf 81' lang='lat' dir='ltr'><strong>narratur&quot;.</strong></span> <span class='ocrx_word' id='word_1_753' title='bbox 1205 2142 1275 2169; x_wconf 87' lang='lat' dir='ltr'><strong>Sane</strong></span> <span class='ocrx_word' id='word_1_754' title='bbox 1299 2150 1364 2170; x_wconf 88' lang='lat' dir='ltr'><strong>vero</strong></span> <span class='ocrx_word' id='word_1_755' title='bbox 1380 2143 1432 2170; x_wconf 92' lang='lat' dir='ltr'><strong>hoc</strong></span> <span class='ocrx_word' id='word_1_756' title='bbox 1455 2142 1567 2170; x_wconf 92' lang='lat' dir='ltr'><strong>omnino</strong></span> <span class='ocrx_word' id='word_1_757' title='bbox 1591 2142 1686 2173; x_wconf 85' lang='lat' dir='ltr'><strong>etiam,</strong></span> <span class='ocrx_word' id='word_1_758' title='bbox 1702 2142 1726 2171; x_wconf 89' lang='lat' dir='ltr'><strong>si</strong></span> <span class='ocrx_word' id='word_1_759' title='bbox 1742 2141 1804 2176; x_wconf 88' lang='lat' dir='ltr'><strong>qui-</strong></span> 
     </span>
    </p>
   </div>
   <div class='ocr_carea' id='block_1_107' title="bbox 1017 2187 1805 2222">
    <p class='ocr_par' dir='ltr' id='par_1_107' title="bbox 1017 2187 1805 2222">
     <span class='ocr_line' id='line_1_107' title="bbox 1017 2187 1805 2222; baseline -0.001 -7"><span class='ocrx_word' id='word_1_760' title='bbox 1017 2188 1077 2216; x_wconf 89' lang='lat' dir='ltr'><strong>dem</strong></span> <span class='ocrx_word' id='word_1_761' title='bbox 1094 2188 1195 2216; x_wconf 86' lang='lat' dir='ltr'><strong>factum</strong></span> <span class='ocrx_word' id='word_1_762' title='bbox 1211 2189 1236 2215; x_wconf 94' lang='lat' dir='ltr'><strong>id</strong></span> <span class='ocrx_word' id='word_1_763' title='bbox 1251 2192 1333 2220; x_wconf 89' lang='lat' dir='ltr'><strong>esset,</strong></span> <span class='ocrx_word' id='word_1_764' title='bbox 1350 2187 1457 2215; x_wconf 70' lang='lat' dir='ltr'><strong>caeteris</strong></span> <span class='ocrx_word' id='word_1_765' title='bbox 1475 2188 1701 2222; x_wconf 87' lang='lat' dir='ltr'><strong>imputationibus</strong></span> <span class='ocrx_word' id='word_1_766' title='bbox 1714 2188 1747 2214; x_wconf 90' lang='lat' dir='ltr'><strong>ab</strong></span> <span class='ocrx_word' id='word_1_767' title='bbox 1758 2195 1805 2214; x_wconf 86' lang='lat' dir='ltr'><strong>ac-</strong></span> 
     </span>
    </p>
   </div>
   <div class='ocr_carea' id='block_1_108' title="bbox 1019 2234 1804 2271">
    <p class='ocr_par' dir='ltr' id='par_1_108' title="bbox 1019 2234 1804 2271">
     <span class='ocr_line' id='line_1_108' title="bbox 1019 2234 1804 2271; baseline -0.004 -8"><span class='ocrx_word' id='word_1_768' title='bbox 1019 2239 1146 2263; x_wconf 88' lang='lat' dir='ltr'><strong>cusatore</strong></span> <span class='ocrx_word' id='word_1_769' title='bbox 1163 2235 1286 2262; x_wconf 89' lang='lat' dir='ltr'><strong>additum</strong></span> <span class='ocrx_word' id='word_1_770' title='bbox 1308 2234 1414 2262; x_wconf 76' lang='lat' dir='ltr'><strong>fuisset.</strong></span> <span class='ocrx_word' id='word_1_771' title='bbox 1430 2235 1520 2269; x_wconf 85' lang='lat' dir='ltr'><strong>Atque</strong></span> <span class='ocrx_word' id='word_1_772' title='bbox 1536 2234 1588 2261; x_wconf 86' lang='lat' dir='ltr'><strong>ista</strong></span> <span class='ocrx_word' id='word_1_773' title='bbox 1605 2234 1715 2271; x_wconf 87' lang='lat' dir='ltr'><strong>quidem</strong></span> <span class='ocrx_word' id='word_1_774' title='bbox 1738 2237 1804 2261; x_wconf 90' lang='lat' dir='ltr'><strong>sunt</strong></span> 
     </span>
    </p>
   </div>
   <div class='ocr_carea' id='block_1_109' title="bbox 1709 2313 1801 2341">
    <p class='ocr_par' dir='ltr' id='par_1_109' title="bbox 1709 2313 1801 2341">
     <span class='ocr_line' id='line_1_109' title="bbox 1709 2313 1801 2341; baseline 0 -1"><span class='ocrx_word' id='word_1_775' title='bbox 1709 2313 1732 2329; x_wconf 80' lang='lat'>&quot;</span> <span class='ocrx_word' id='word_1_776' title='bbox 1752 2313 1801 2341; x_wconf 85' lang='lat' dir='ltr'><strong>lib.</strong></span> 
     </span>
    </p>
   </div>
   <div class='ocr_carea' id='block_1_110' title="bbox 981 2403 1802 2447">
    <p class='ocr_par' dir='ltr' id='par_1_110' title="bbox 981 2403 1802 2447">
     <span class='ocr_line' id='line_1_110' title="bbox 981 2403 1802 2447; baseline 0.004 -18"><span class='ocrx_word' id='word_1_777' title='bbox 981 2406 1002 2434; x_wconf 86' lang='lat' dir='ltr'><strong>D</strong></span> <span class='ocrx_word' id='word_1_778' title='bbox 1016 2405 1062 2438; x_wconf 79' lang='lat' dir='ltr'><strong>qui</strong></span> <span class='ocrx_word' id='word_1_779' title='bbox 1078 2403 1152 2447; x_wconf 57' lang='lat' dir='ltr'><strong>(item</strong></span> <span class='ocrx_word' id='word_1_780' title='bbox 1161 2405 1284 2447; x_wconf 64' lang='lat' dir='ltr'><strong>intendit,</strong></span> <span class='ocrx_word' id='word_1_781' title='bbox 1300 2414 1361 2441; x_wconf 67' lang='lat' dir='ltr'><strong>qua!</strong></span> <span class='ocrx_word' id='word_1_782' title='bbox 1373 2406 1471 2447; x_wconf 21' lang='grc' dir='ltr'>γραφήλ</span> <span class='ocrx_word' id='word_1_783' title='bbox 1483 2405 1584 2433; x_wconf 89' lang='lat' dir='ltr'><strong>dicitur</strong></span> <span class='ocrx_word' id='word_1_784' title='bbox 1595 2415 1609 2446; x_wconf 34' lang='grc' dir='ltr'>ιε</span> <span class='ocrx_word' id='word_1_785' title='bbox 1631 2405 1715 2447; x_wconf 63' lang='lat' dir='ltr'><strong>forma</strong></span> <span class='ocrx_word' id='word_1_786' title='bbox 1729 2406 1802 2447; x_wconf 71' lang='lat' dir='ltr'><strong>enirn</strong></span> 
     </span>
    </p>
   </div>
   <div class='ocr_carea' id='block_1_111' title="bbox 1017 2440 1804 2476">
    <p class='ocr_par' dir='ltr' id='par_1_111' title="bbox 1017 2440 1804 2476">
     <span class='ocr_line' id='line_1_111' title="bbox 1017 2440 1804 2476; baseline 0.005 -11"><span class='ocrx_word' id='word_1_787' title='bbox 1017 2440 1125 2474; x_wconf 88' lang='lat' dir='ltr'><strong>passiva</strong></span> <span class='ocrx_word' id='word_1_788' title='bbox 1146 2440 1197 2467; x_wconf 90' lang='lat' dir='ltr'><strong>hoc</strong></span> <span class='ocrx_word' id='word_1_789' title='bbox 1220 2440 1333 2469; x_wconf 85' lang='lat' dir='ltr'><strong>verbuin</strong></span> <span class='ocrx_word' id='word_1_790' title='bbox 1352 2440 1440 2469; x_wconf 83' lang='lat' dir='ltr'><strong>active</strong></span> <span class='ocrx_word' id='word_1_791' title='bbox 1460 2440 1554 2469; x_wconf 78' lang='lat' dir='ltr'><strong>tamen</strong></span> <span class='ocrx_word' id='word_1_792' title='bbox 1579 2441 1732 2476; x_wconf 82' lang='lat' dir='ltr'><strong>signiﬁcare</strong></span> <span class='ocrx_word' id='word_1_793' title='bbox 1752 2443 1804 2469; x_wconf 89' lang='lat' dir='ltr'><strong>tri-</strong></span> 
     </span>
    </p>
   </div>
   <div class='ocr_carea' id='block_1_112' title="bbox 1017 2479 1084 2501">
    <p class='ocr_par' dir='ltr' id='par_1_112' title="bbox 1017 2479 1084 2501">
     <span class='ocr_line' id='line_1_112' title="bbox 1017 2479 1084 2501; baseline -0.015 0"><span class='ocrx_word' id='word_1_794' title='bbox 1017 2479 1084 2501; x_wconf 91' lang='lat' dir='ltr'><strong>tum.</strong></span> 
     </span>
    </p>
   </div>
   <div class='ocr_carea' id='block_1_113' title="bbox 1036 2506 1801 2550">
    <p class='ocr_par' dir='ltr' id='par_1_113' title="bbox 1036 2506 1801 2550">
     <span class='ocr_line' id='line_1_113' title="bbox 1036 2506 1801 2550; baseline 0.004 -14"><span class='ocrx_word' id='word_1_795' title='bbox 1036 2510 1108 2550; x_wconf 39' lang='lat'><strong>&#39;(40)</strong></span> <span class='ocrx_word' id='word_1_796' title='bbox 1177 2519 1261 2550; x_wconf 61' lang='grc' dir='ltr'>φασι.</span> <span class='ocrx_word' id='word_1_797' title='bbox 1275 2511 1372 2550; x_wconf 78' lang='lat' dir='ltr'><strong>Forma</strong></span> <span class='ocrx_word' id='word_1_798' title='bbox 1388 2511 1595 2550; x_wconf 64' lang='lat' dir='ltr'><strong>hmcloquendi</strong></span> <span class='ocrx_word' id='word_1_799' title='bbox 1606 2511 1717 2546; x_wconf 80' lang='lat' dir='ltr'><strong>vulgare</strong></span> <span class='ocrx_word' id='word_1_800' title='bbox 1733 2512 1801 2550; x_wconf 80' lang='lat' dir='ltr'><strong>illud</strong></span> 
     </span>
    </p>
   </div>
   <div class='ocr_carea' id='block_1_114' title="bbox 1016 2544 1802 2579">
    <p class='ocr_par' dir='ltr' id='par_1_114' title="bbox 1016 2544 1802 2579">
     <span class='ocr_line' id='line_1_114' title="bbox 1016 2544 1802 2579; baseline 0.005 -9"><span class='ocrx_word' id='word_1_801' title='bbox 1016 2544 1119 2571; x_wconf 88' lang='lat' dir='ltr'><strong>dictum</strong></span> <span class='ocrx_word' id='word_1_802' title='bbox 1133 2544 1216 2573; x_wconf 78' lang='lat' dir='ltr'><strong>fuisse</strong></span> <span class='ocrx_word' id='word_1_803' title='bbox 1230 2546 1328 2579; x_wconf 91' lang='lat' dir='ltr'><strong>innuit,</strong></span> <span class='ocrx_word' id='word_1_804' title='bbox 1344 2551 1435 2573; x_wconf 88' lang='lat' dir='ltr'><strong>natum</strong></span> <span class='ocrx_word' id='word_1_805' title='bbox 1451 2544 1520 2574; x_wconf 73' lang='lat' dir='ltr'><strong>forte</strong></span> <span class='ocrx_word' id='word_1_806' title='bbox 1533 2555 1566 2574; x_wconf 82' lang='lat' dir='ltr'><strong>ex</strong></span> <span class='ocrx_word' id='word_1_807' title='bbox 1582 2544 1736 2574; x_wconf 60' lang='lat' dir='ltr'><strong>Judmorum</strong></span> <span class='ocrx_word' id='word_1_808' title='bbox 1752 2547 1802 2574; x_wconf 86' lang='lat' dir='ltr'><strong>ad-</strong></span> 
     </span>
    </p>
   </div>
   <div class='ocr_carea' id='block_1_115' title="bbox 1015 2580 1801 2615">
    <p class='ocr_par' dir='ltr' id='par_1_115' title="bbox 1015 2580 1801 2615">
     <span class='ocr_line' id='line_1_115' title="bbox 1015 2580 1801 2615; baseline 0.003 -8"><span class='ocrx_word' id='word_1_809' title='bbox 1015 2588 1111 2607; x_wconf 80' lang='lat' dir='ltr'><strong>versus</strong></span> <span class='ocrx_word' id='word_1_810' title='bbox 1125 2580 1291 2608; x_wconf 83' lang='lat' dir='ltr'><strong>Salvatorem</strong></span> <span class='ocrx_word' id='word_1_811' title='bbox 1307 2582 1454 2613; x_wconf 84' lang='lat' dir='ltr'><strong>calumnia,</strong></span> <span class='ocrx_word' id='word_1_812' title='bbox 1464 2583 1506 2609; x_wconf 91' lang='lat' dir='ltr'><strong>vel</strong></span> <span class='ocrx_word' id='word_1_813' title='bbox 1520 2582 1553 2609; x_wconf 86' lang='lat' dir='ltr'><strong>iis</strong></span> <span class='ocrx_word' id='word_1_814' title='bbox 1561 2582 1643 2609; x_wconf 86' lang='lat' dir='ltr'><strong>etiam</strong></span> <span class='ocrx_word' id='word_1_815' title='bbox 1653 2583 1708 2615; x_wconf 84' lang='lat' dir='ltr'><strong>jam</strong></span> <span class='ocrx_word' id='word_1_816' title='bbox 1722 2587 1801 2610; x_wconf 86' lang='lat' dir='ltr'><strong>antea</strong></span> 
     </span>
    </p>
   </div>
   <div class='ocr_carea' id='block_1_116' title="bbox 1016 2615 1799 2652">
    <p class='ocr_par' dir='ltr' id='par_1_116' title="bbox 1016 2615 1799 2652">
     <span class='ocr_line' id='line_1_116' title="bbox 1016 2615 1799 2652; baseline 0.005 -11"><span class='ocrx_word' id='word_1_817' title='bbox 1016 2615 1082 2652; x_wconf 88' lang='lat' dir='ltr'><strong>trito</strong></span> <span class='ocrx_word' id='word_1_818' title='bbox 1096 2623 1147 2642; x_wconf 89' lang='lat' dir='ltr'><strong>usu</strong></span> <span class='ocrx_word' id='word_1_819' title='bbox 1161 2621 1309 2652; x_wconf 84' lang='lat' dir='ltr'><strong>receptum,</strong></span> <span class='ocrx_word' id='word_1_820' title='bbox 1322 2621 1349 2643; x_wconf 87' lang='lat' dir='ltr'><strong>et</strong></span> <span class='ocrx_word' id='word_1_821' title='bbox 1362 2619 1462 2652; x_wconf 75' lang='lat' dir='ltr'><strong>passim</strong></span> <span class='ocrx_word' id='word_1_822' title='bbox 1476 2617 1509 2644; x_wconf 90' lang='lat' dir='ltr'><strong>de</strong></span> <span class='ocrx_word' id='word_1_823' title='bbox 1523 2618 1557 2645; x_wconf 91' lang='lat' dir='ltr'><strong>iis</strong></span> <span class='ocrx_word' id='word_1_824' title='bbox 1577 2617 1739 2649; x_wconf 89' lang='lat' dir='ltr'><strong>adhibitum,</strong></span> <span class='ocrx_word' id='word_1_825' title='bbox 1752 2618 1799 2652; x_wconf 91' lang='lat' dir='ltr'><strong>qui</strong></span> 
     </span>
    </p>
   </div>
   <div class='ocr_carea' id='block_1_117' title="bbox 1014 2651 1800 2689">
    <p class='ocr_par' dir='ltr' id='par_1_117' title="bbox 1014 2651 1800 2689">
     <span class='ocr_line' id='line_1_117' title="bbox 1014 2651 1800 2689; baseline 0.006 -14"><span class='ocrx_word' id='word_1_826' title='bbox 1014 2651 1117 2689; x_wconf 81' lang='lat' dir='ltr'><strong>malum</strong></span> <span class='ocrx_word' id='word_1_827' title='bbox 1132 2651 1207 2689; x_wconf 84' lang='lat' dir='ltr'><strong>_m_a|o</strong></span> <span class='ocrx_word' id='word_1_828' title='bbox 1220 2651 1395 2689; x_wconf 70' lang='lat' dir='ltr'><strong>depellerent.</strong></span> <span class='ocrx_word' id='word_1_829' title='bbox 1415 2651 1460 2679; x_wconf 91' lang='lat' dir='ltr'><strong>Sic</strong></span> <span class='ocrx_word' id='word_1_830' title='bbox 1477 2651 1540 2686; x_wconf 84' lang='lat' dir='ltr'><strong>inf.,</strong></span> <span class='ocrx_word' id='word_1_831' title='bbox 1558 2660 1583 2680; x_wconf 90' lang='lat' dir='ltr'><strong>c.</strong></span> <span class='ocrx_word' id='word_1_832' title='bbox 1604 2652 1649 2686; x_wconf 77' lang='grc'><strong>52,</strong></span> <span class='ocrx_word' id='word_1_833' title='bbox 1663 2653 1732 2680; x_wconf 81' lang='grc' dir='ltr'>ἀλλὰ</span> <span class='ocrx_word' id='word_1_834' title='bbox 1746 2651 1800 2689; x_wconf 66' lang='grc' dir='ltr'>γὰρ</span> 
     </span>
    </p>
   </div>
   <div class='ocr_carea' id='block_1_118' title="bbox 1014 2686 1446 2722">
    <p class='ocr_par' dir='ltr' id='par_1_118' title="bbox 1014 2686 1446 2722">
     <span class='ocr_line' id='line_1_118' title="bbox 1014 2686 1446 2722; baseline 0.007 -11"><span class='ocrx_word' id='word_1_835' title='bbox 1014 2686 1180 2722; x_wconf 21' lang='grc' dir='ltr'>καὶγτυφλῷ,</span> <span class='ocrx_word' id='word_1_836' title='bbox 1195 2688 1271 2721; x_wconf 72' lang='grc' dir='ltr'>φασὶ,</span> <span class='ocrx_word' id='word_1_837' title='bbox 1289 2687 1378 2722; x_wconf 84' lang='grc' dir='ltr'>δῆλον,</span> <span class='ocrx_word' id='word_1_838' title='bbox 1393 2692 1446 2714; x_wconf 86' lang='lat' dir='ltr'><strong>etc.</strong></span> 
     </span>
    </p>
   </div>
   <div class='ocr_carea' id='block_1_119' title="bbox 1051 2721 1807 2758">
    <p class='ocr_par' dir='ltr' id='par_1_119' title="bbox 1051 2721 1807 2758">
     <span class='ocr_line' id='line_1_119' title="bbox 1051 2721 1807 2758; baseline 0.005 -12"><span class='ocrx_word' id='word_1_839' title='bbox 1051 2721 1106 2756; x_wconf 63' lang='lat' dir='ltr'><strong>(At)</strong></span> <span class='ocrx_word' id='word_1_840' title='bbox 1133 2721 1349 2758; x_wconf 69' lang='grc' dir='ltr'>ᾈπιστότατον.</span> <span class='ocrx_word' id='word_1_841' title='bbox 1375 2722 1413 2749; x_wconf 90' lang='lat' dir='ltr'><strong>Ita</strong></span> <span class='ocrx_word' id='word_1_842' title='bbox 1442 2724 1565 2752; x_wconf 88' lang='lat' dir='ltr'><strong>rescribo</strong></span> <span class='ocrx_word' id='word_1_843' title='bbox 1594 2724 1725 2752; x_wconf 88' lang='lat' dir='ltr'><strong>audacter</strong></span> <span class='ocrx_word' id='word_1_844' title='bbox 1751 2730 1807 2758; x_wconf 55' lang='lat' dir='ltr'><strong>pro.</strong></span> 
     </span>
    </p>
   </div>
   <div class='ocr_carea' id='block_1_120' title="bbox 1015 2755 1803 2794">
    <p class='ocr_par' dir='ltr' id='par_1_120' title="bbox 1015 2755 1803 2794">
     <span class='ocr_line' id='line_1_120' title="bbox 1015 2755 1803 2794; baseline 0.004 -13"><span class='ocrx_word' id='word_1_845' title='bbox 1015 2755 1198 2794; x_wconf 49' lang='lat' dir='ltr'><strong>{tnta-restitth</strong></span> <span class='ocrx_word' id='word_1_846' title='bbox 1213 2758 1292 2794; x_wconf 78' lang='lat' dir='ltr'><strong>quod</strong></span> <span class='ocrx_word' id='word_1_847' title='bbox 1307 2762 1351 2794; x_wconf 73' lang='lat' dir='ltr'><strong>est</strong></span> <span class='ocrx_word' id='word_1_848' title='bbox 1367 2757 1395 2784; x_wconf 93' lang='lat' dir='ltr'><strong>in</strong></span> <span class='ocrx_word' id='word_1_849' title='bbox 1410 2758 1503 2794; x_wconf 75' lang='lat' dir='ltr'><strong>editiS.</strong></span> <span class='ocrx_word' id='word_1_850' title='bbox 1520 2759 1656 2794; x_wconf 83' lang='lat' dir='ltr'><strong>Imperitis</strong></span> <span class='ocrx_word' id='word_1_851' title='bbox 1681 2755 1803 2785; x_wconf 76' lang='lat' dir='ltr'><strong>librariis</strong></span> 
     </span>
    </p>
   </div>
   <div class='ocr_carea' id='block_1_121' title="bbox 1015 2790 1802 2829">
    <p class='ocr_par' dir='ltr' id='par_1_121' title="bbox 1015 2790 1802 2829">
     <span class='ocr_line' id='line_1_121' title="bbox 1015 2790 1802 2829; baseline 0.005 -13"><span class='ocrx_word' id='word_1_852' title='bbox 1015 2790 1106 2817; x_wconf 80' lang='lat' dir='ltr'><strong>fucum</strong></span> <span class='ocrx_word' id='word_1_853' title='bbox 1123 2790 1187 2818; x_wconf 79' lang='lat' dir='ltr'><strong>fecit</strong></span> <span class='ocrx_word' id='word_1_854' title='bbox 1201 2790 1272 2829; x_wconf 81' lang='lat' dir='ltr'><strong>quod</strong></span> <span class='ocrx_word' id='word_1_855' title='bbox 1284 2792 1361 2825; x_wconf 80' lang='grc' dir='ltr'>δόξαν</span> <span class='ocrx_word' id='word_1_856' title='bbox 1373 2790 1570 2821; x_wconf 69' lang='grc' dir='ltr'>δαὸδιαηιὶυιιηί</span> <span class='ocrx_word' id='word_1_857' title='bbox 1581 2794 1736 2828; x_wconf 75' lang='lat' dir='ltr'><strong>femininum</strong></span> <span class='ocrx_word' id='word_1_858' title='bbox 1751 2801 1802 2829; x_wconf 65' lang='grc' dir='ltr'><strong>ρης</strong></span> 
     </span>
    </p>
   </div>
   <div class='ocr_carea' id='block_1_122' title="bbox 1015 2828 1802 2866">
    <p class='ocr_par' dir='ltr' id='par_1_122' title="bbox 1015 2828 1802 2866">
     <span class='ocr_line' id='line_1_122' title="bbox 1015 2828 1802 2866; baseline 0.004 -12"><span class='ocrx_word' id='word_1_859' title='bbox 1015 2829 1115 2866; x_wconf 72' lang='lat' dir='ltr'><strong>tat-ent,</strong></span> <span class='ocrx_word' id='word_1_860' title='bbox 1137 2828 1210 2866; x_wconf 82' lang='lat' dir='ltr'><strong>quod</strong></span> <span class='ocrx_word' id='word_1_861' title='bbox 1233 2833 1324 2857; x_wconf 84' lang='lat' dir='ltr'><strong>tamen</strong></span> <span class='ocrx_word' id='word_1_862' title='bbox 1340 2833 1382 2857; x_wconf 91' lang='lat' dir='ltr'><strong>est</strong></span> <span class='ocrx_word' id='word_1_863' title='bbox 1405 2830 1574 2864; x_wconf 76' lang='lat' dir='ltr'><strong>participium</strong></span> <span class='ocrx_word' id='word_1_864' title='bbox 1595 2830 1720 2866; x_wconf 80' lang='grc' dir='ltr'>ἀόριστον</span> <span class='ocrx_word' id='word_1_865' title='bbox 1738 2828 1802 2857; x_wconf 75' lang='lat' dir='ltr'><strong>m-</strong></span> 
     </span>
    </p>
   </div>
   <div class='ocr_carea' id='block_1_123' title="bbox 1018 2861 1202 2898">
    <p class='ocr_par' dir='ltr' id='par_1_123' title="bbox 1018 2861 1202 2898">
     <span class='ocr_line' id='line_1_123' title="bbox 1018 2861 1202 2898; baseline 0.005 -10"><span class='ocrx_word' id='word_1_866' title='bbox 1018 2861 1202 2898; x_wconf 54' lang='lat' dir='ltr'><strong>triqueneria.</strong></span> 
     </span>
    </p>
   </div>
  </div>
