2065 3216
293 155 346 184 839

611 154 746 182 EUSEBII
765 153 1004 181 CESARIENS‘IS
1023 153 1098 182 OPP.
1116 153 1216 183 PARS.
1233 154 1255 182 ll
1276 171 1310 176 —
1328 155 1584 184 APOLOGETICA.

1866 158 1916 186 880

293 216 469 253 particularia
488 215 626 251 Apollonii
650 216 723 244 facta
750 219 832 251 atque
856 216 1028 250 specialiora.
1045 216 1063 244 Α

1113 216 1209 252 ιἄλλα,
1229 218 1275 244 καὶ
1296 217 1365 244 κατὰ
1389 218 1542 254 πρόγνωσιν
1562 217 1643 244 αὐτὸν
1666 217 1774 253 λέγειν,
1800 226 1917 254 προμαν.

294 264 347 291 alia
362 263 443 291 etiam
466 263 609 290 innumera
632 269 753 298 praesaga
775 266 866 290 mente
887 262 991 291 dixisse
1004 271 1078 296 eum,

293 310 526 344 vaticinatumque
551 316 612 336 esse
627 315 653 336 et
677 309 878 344 praececinisse,
901 310 1006 337 scribit.
1022 309 1080 337 Hoc

293 357 368 388 item,
385 356 533 383 utAtltcnis
546 355 647 383 initiari
662 355 808 383 Eleusiniis
823 355 909 384 sacris
924 356 1077 392 cupiens",

292 409 308 429 a
323 402 431 430 Cereris
456 402 598 430 sacerdote
615 402 768 437 prohibitus
792 402 885 437 fuerit,
909 403 982 431 nolle
1005 411 1077 435 sese,

292 448 392 480 aiente,
410 456 518 483 magum
531 448 650 480 initiare,
668 448 840 477 Eleusiniave
862 457 941 477 sacra
958 450 1078 485 pandere

290 494 406 528 homini,
421 495 512 522 minus
527 495 604 529 puris
625 494 734 522 addicto
757 496 854 523 sacris.
873 495 929 523 lmo
946 497 1028 524 etiam
1041 498 1075 529 ei,

289 541 337 575 qui
355 540 491 575 impudice
514 541 627 568 Romam
653 541 890 576 pervagabatur",
906 541 1077 577 Neronisque

291 586 414 612 carmina
438 586 471 613 ad
487 586 621 614 citharam
642 587 768 615 mercede
785 588 955 621 cantillabat,
971 596 1076 616 merce-

289 632 352 660 dem
370 637 400 659 ut
422 632 559 660 solverent
571 633 605 660 ob
619 634 775 669 praeclaram
798 642 920 670 operam,
935 635 1075 662 sodalibus

289 678 348 706 suis
364 686 489 706 summus
514 678 560 706 ille
581 679 772 715 philosophus,
789 679 924 707 Neronem
937 684 1073 709 metuens.

289 726 427 761 praecepit.

567 771 682 799 CAPUT
700 771 796 800 XXXI.

320 827 410 863 Atque
432 827 493 855 istis
517 827 626 862 quidem
650 831 749 863 quarto
776 827 858 855 etiam
884 828 1022 861 absoluto,
1035 829 1072 863 ~in

285 875 384 910 quinto
408 874 541 902 instituta:
557 873 591 901 de
611 881 644 901 eo
660 873 820 909 scriptionis
841 874 953 906 libro",
969 874 1015 902 ubi
1037 874 1071 902 de

286 920 398 948 fatidica
419 921 479 955 ejus
505 920 634 948 facultate
656 921 787 948 nonnulla
812 921 938 952 dixisset,
954 928 1072 956 eumque

285 967 437 994 admiratus
453 971 526 994 esset
540 967 669 1002 scriptor,
694 967 747 994 ista
767 967 801 994 ad
828 967 940 994 verbum
958 967 1072 1001 subjun-

284 1012 340 1047 git:
357 1021 365 1036 ι
381 1011 456 1044 Quod
474 1014 563 1038 autem
587 1011 644 1039 haec
666 1010 758 1038 divino
771 1010 887 1045 quodam
904 1014 980 1037 motu
995 1017 1062 1043 prte-

283 1057 526 1092 dixerit,quodque
533 1064 627 1092 parum
639 1063 704 1084 sana
716 1060 827 1083 utantur
839 1060 936 1088 mente,
953 1063 1061 1090 magum

284 1104 368 1132 fuisse
386 1104 461 1131 illum
476 1104 522 1139 qui
540 1104 701 1139 opinantur,
717 1103 808 1139 53],,
827 1102 893 1131 satis
909 1105 1015 1129 constat
1028 1108 1061 1128 ex

284 1149 363 1177 dictis
385 1149 535 1184 hucusque.
560 1150 612 1177 Sed
635 1154 724 1176 tamen
743 1157 774 1176 ea
789 1156 897 1184 quoque
912 1148 945 1175 de
959 1155 988 1174 re
1004 1155 1063 1174 am-

283 1194 355 1229 plius
364 1194 552 1230 dispiciamus.
565 1195 760 1227 lncantatores,
773 1202 821 1222 eos
836 1199 926 1222 autem
940 1203 990 1230 ego
1000 1203 1070 1222 mor-

281 1241 376 1268 talium
394 1240 598 1268 infelicissimos
629 1244 693 1275 puto
710 1247 782 1274 esse,
802 1241 900 1275 partim
925 1241 1068 1276 spiritibus

281 1286 442 1321 torquendis
459 1294 519 1314 sese
538 1286 686 1322 applicant,
700 1287 799 1321 partim
822 1287 947 1314 barbaris
966 1288 1065 1319 sacris.

280 1332 379 1366 partim
391 1332 559 1360 carminibus
580 1336 626 1359 aut
641 1332 754 1359 venenis
777 1331 895 1359 fatorum
915 1333 1020 1360 sancita
1037 1341 1067 1362 se

279 1377 390 1412 quidem
417 1382 523 1406 mutare
545 1378 632 1405 aiunt.
648 1378 810 1413 Apollonius
833 1383 923 1406 autem
948 1379 1065 1407 fatorum

279 1421 389 1450 decreta
405 1424 581 1459 sequebatur.
610 1424 740 1460 fatalique
755 1425 920 1453 necessitate
934 1430 1065 1454 eventura

277 1469 442 1506 praedicebat
455 1479 463 1504 ;
479 1471 643 1506 praedicebat
658 1475 747 1499 autem
760 1479 814 1499 non
829 1473 924 1508 magia:
941 1480 1002 1508 ope,
1019 1481 1066 1500 ve-

278 1524 339 1543 rum
366 1516 480 1543 deorum
508 1517 673 1545 revelatione
699 1518 823 1546 edoctus.
846 1518 969 1553 Cumque
992 1518 1063 1554 apud

277 1561 358 1590 lndos
372 1562 485 1590 vidisset
501 1562 633 1597 tripodas,
643 1563 843 1599 pincernasque
857 1568 884 1592 et
892 1569 993 1597 cetera,
1003 1573 1063 1601 quae

276 1612 428 1644 spontaneo
453 1614 526 1636 tnotu
553 1610 580 1637 in
599 1610 717 1638 meditlm
738 1610 849 1646 prodire
869 1610 988 1643 aiebant,
1013 1620 1062 1640 ue-

275 1663 329 1690 que
356 1663 409 1690 qua
448 1660 606 1690 comparata
641 1660 733 1684 essent
771 1662 830 1684 arte
866 1656 1060 1693 interragavit,

274 1709 373 1736 neque,
391 1705 420 1728 ut
439 1702 599 1729 edocerctur
615 1702 836 1739 quomodofacta
852 1707 954 1735 essent,
971 1705 1059 1739 petiit,

273 1755 367 1776 verum
384 1747 503 1775 laudavit
512 1748 633 1783 quidem,
646 1749 746 1776 imitari
763 1753 853 1778 tamen
871 1750 942 1777 haud
959 1757 1001 1778 est
1017 1751 1059 1778 di-

273 1798 382 1827 gnatus.
400 1804 410 1819 ι
424 1794 485 1822 llaec
502 1795 634 1828 referens,
643 1797 837 1824 celeberrimos
852 1797 914 1825 illos
930 1798 1058 1826 Indorum

271 1840 449 1876 philosophos
464 1849 559 1877 magos
574 1841 718 1870 manifeste
735 1842 836 1870 fatetur
853 1851 925 1872 esse.
939 1844 1007 1872 Nam
1024 1845 1059 1872 de

271 1886 358 1922 magis
373 1894 526 1915 sermonem
546 1887 703 1920 instituens,
721 1896 816 1916 eorum
834 1890 1000 1918 mentionem
1018 1890 1058 1918 fa-

270 1932 309 1960 cit
325 1941 333 1960 :
350 1933 483 1967 stupenda
498 1941 580 1968 opera
596 1941 644 1962 eos
665 1939 723 1962 arte
739 1943 789 1963 sua
804 1937 954 1971 producere
968 1938 1055 1971 aiens,

270 1978 385 2014 ejusque
398 1987 492 2006 eorum
504 1980 583 2012 artis,
600 1984 729 2016 tanquam
750 1990 846 2017 parum
860 1983 992 2014 liberalis,
1005 1984 1056 2010 im-

270 2026 386 2060 peritum
402 2033 474 2056 eum.
493 2026 526 2053 de
540 2035 594 2062 quo
610 2028 762 2055 orationem
780 2029 907 2060 instituit.
925 2038 985 2057 esse
998 2035 1056 2057 sta-

271 2075 361 2098 tuens.
380 2069 407 2097 Si
423 2071 506 2106 igitur
528 2072 670 2100 convictus
686 2073 767 2100 fuerit
790 2073 963 2109 Apollonius,
982 2076 1055 2110 quod

269 2115 335 2143 deos
372 2116 509 2144 vocaverit
528 2117 578 2146 hos
603 2118 693 2153 ipsos,
720 2123 747 2146 et
768 2127 818 2154 pro
843 2122 1054 2156 praeceptoribus

269 2164 420 2199 agnoverit,
447 2164 669 2200 intempestivum
696 2166 768 2194 haud
784 2166 848 2198 erit,
876 2167 927 2199 eis,
953 2167 1054 2202 quibus

268 2209 391 2245 magistri
404 2210 464 2245 ejus
479 2215 614 2245 tenentur,
632 2213 860 2247 imputationibus
879 2214 968 2249 ipsum
983 2223 1052 2249 quo-

1130 263 1277 290 τεύσασθαι
1304 272 1333 290 τε
1361 264 1408 290 καὶ
1440 264 1631 300 προειρηκέναι
1665 264 1775 300 γράφει.
1804 264 1858 292 Καὶ
1880 265 1916 297 ὡς

1137 308 1262 345 Ἀθήνῃσι
1274 308 1436 344 βουληθέντα
1460 309 1594 345 μυηθῆναι
1615 309 1650 336 τὰ
1666 310 1815 337 Ἐλευσίνια
1827 312 1841 337 ὁ
1855 311 1914 346 τῇδε

1130 352 1217 391 εἷρξεν
1229 356 1243 382 ό
1260 355 1357 391 ἱερεὺς,
1372 355 1408 391 μὴ
1423 356 1455 382 ἄν
1469 364 1532 382 ποτε
1549 356 1637 392 φήσας
1659 355 1809 392 μνήσεσθαι
1821 357 1913 392 γὰητα,

1130 401 1197 437 μηδέ
1210 401 1245 428 τὰ
1262 401 1411 428 Ἐλευσίνια
1423 401 1525 434 ἀνοῖξαι
1541 400 1676 437 ἀνθρώπῳ
1699 402 1736 437 μὴ
1756 401 1866 437 καθαρῷ
1882 402 1915 429 τα

1127 448 1261 484 δαιμόνια.
1283 448 1363 475 Ἀλλὰ
1380 448 1427 474 καὶ
1439 447 1477 483 τῷ
1493 447 1615 482 ἀσελγῶς
1630 447 1765 483 ἀγείροντι
1783 447 1852 474 κατὰ
1866 447 1915 484 τὴν

1133 493 1252 530 Ῥώμην,
1267 494 1312 521 καὶ
1329 494 1378 526 τὰς
1391 493 1516 529 Νέρωνος
1541 493 1610 528 μετὰ
1631 492 1747 529 κιθάρας
1765 493 1811 520 ἐπὶ
1829 492 1915 528 μισθῷ

1126 540 1250 573 διεξιόντι
1267 540 1348 576 ᾠδὰς,
1376 540 1470 575 μισθὸν
1492 539 1628 566 ἐπιδοῦναι
1648 540 1704 570 τοῖς
1727 539 1845 575 ἑταίροις
1866 539 1915 574 τῆς

1128 586 1212 622 σοφῆς
1224 586 1325 621 ταύτης
1337 586 1544 621 ἐπιτηδεύσεως,
1560 586 1574 612 ὁ
1585 585 1800 620 φιλοσοφώτατος
1813 584 1856 611 διὰ
1870 584 1914 611 τδν

1125 632 1250 669 Νέρωνος
1267 632 1348 667 φόϐον
1365 632 1536 668 προστάττει.

1376 775 1574 803 ΚΕΦᾹΛᾹΙΟΝ
1594 775 1645 802 AA'

1164 835 1208 862 Ἐν
1223 836 1327 867 τούτοις
1343 835 1389 862 καὶ
1400 833 1446 860 τοῦ
1460 833 1590 869 τετάρτου
1607 831 1822 868 περιγραφέντος
1833 831 1862 857 ἐν
1873 839 1912 867 τῳ

1123 881 1241 916 πέμπτῳ
1261 881 1310 916 τῆς
1330 880 1393 916 περὶ
1415 879 1498 906 αὑτοῦ
1518 878 1636 914 γραφῆς,
1659 876 1743 904 εἰπὼν
1767 885 1827 904 τινα
1848 877 1912 913 περὶ

1123 925 1250 961 γνώσεως
1266 927 1320 961 (42)
1333 925 1426 957 αὑτοῦ,
1438 925 1486 952 καὶ
1493 924 1693 959 ἀποθαυμάσας
1703 925 1717 950 ὁ
1726 923 1910 958 συγγραφεὺς,

1122 972 1242 1006 ἐπιλέγει
1266 973 1351 999 ταῦτα
1376 971 1445 998 κατὰ
1466 970 1554 1003 λέξιν·
1570 981 1579 996 ι
1593 971 1653 997 ’Ότι
1680 970 1728 1005 μὲν
1748 969 1779 1005 δὴ
1799 969 1834 996 τὰ
1854 969 1909 1004 (43)

1121 1018 1233 1046 τοιαῦτα
1244 1018 1369 1054 δαιμονίᾳ
1382 1019 1486 1053 κινήσει
1503 1017 1631 1053 προέλεγε
1649 1016 1714 1051 (44),
1730 1016 1777 1042 καὶ
1798 1016 1839 1042 ὅτι
1855 1017 1910 1047 τοῖς

1120 1065 1207 1101 γόητα
1226 1065 1386 1101 ἡγουμένοις
1402 1064 1448 1091 τὸν
1469 1063 1553 1098 ἄνδρα
1577 1063 1626 1098 οὺχ
1645 1062 1762 1096 ὑγιαίνει
1784 1063 1798 1089 6
1821 1062 1908 1096 λόγος,

1118 1112 1194 1147 δηλοῖ
1214 1112 1262 1146 μὲν
1277 1112 1324 1138 καὶ
1344 1111 1379 1138 τὰ
1394 1111 1542 1146 εἰρημένα·
1564 1109 1727 1144 σκεψώμεθα
1743 1109 1770 1135 δὲ
1784 1109 1907 1135 κάκεῖνα-

1120 1158 1151 1185 Οί
1164 1157 1261 1192 γόητες
1284 1156 1414 1192 (ἠγοῦμαι
1435 1156 1458 1182 δ’
1473 1156 1570 1186 αὐτοὺς
1586 1154 1641 1189 ἐγὼ
1662 1154 1907 1190 κακοδαιμονεστάρ

1118 1212 1181 1235 τους
1201 1202 1373 1239 ἀνθρώπων),
1387 1203 1412 1229 οἱ
1440 1202 1488 1237 μέν
1521 1202 1549 1233 ἐς
1574 1201 1705 1236 βασάνους
1720 1200 1836 1227 εἰδώλων
1852 1209 1906 1235 χω‹

1120 1249 1240 1285 ροῦντες,
1268 1249 1292 1276 οἱ
1315 1248 1344 1275 δὲ
1377 1250 1406 1280 ἐς
1431 1247 1525 1279 θυσίας
1549 1246 1713 1283 βαρϐάρους,
1736 1247 1760 1273 οἰ
1780 1246 1808 1273 δὲ
1834 1247 1907 1279 icto

1117 1296 1216 1332 ἐπᾷσαί
1239 1305 1266 1323 ’τι
1302 1296 1318 1331 ἢ
1339 1295 1456 1330 ἀλεῖψαι,
1483 1295 1641 1330 μεταποιεῖν
1663 1302 1729 1328 φασι
1753 1293 1787 1319 τὰ
1811 1294 1906 1328 εἱμαρ-

1119 1343 1185 1379 μένα
1211 1343 1276 1378 (45).
1301 1343 1329 1369 '0
1355 1342 1384 1368 δὲ
1409 1342 1500 1368 εἵπετο
1522 1341 1571 1376 μὲν
1595 1342 1652 1372 τοῖς
1677 1341 1708 1366 ἐκ
1731 1340 1842 1375 μοιρῶν,
1859 1339 1906 1366 καὶ

1117 1389 1262 1425 προέλεγεν
1280 1388 1347 1424 (46),
1365 1388 1403 1420 ὡς
1419 1388 1526 1422 ἀνάγκη
1542 1386 1649 1413 ἔσεσθαι
1670 1386 1724 1422 (47)
1740 1386 1818 1413 αὑτά.
1840 1386 1906 1422 Προ-

1115 1435 1190 1470 έλεγε
1217 1435 1283 1471 (48)
1308 1435 1336 1461 δὲ
1359 1434 1389 1461 οὑ
1415 1434 1570 1470 γοητεύων,
1599 1433 1655 1460 ἀλλ’
1680 1433 1708 1466 ἐξ
1736 1429 1774 1459 ὧν
1798 1433 1823 1458 οἱ
1849 1431 1904 1458 θεοὶ

1115 1480 1233 1516 εφαινον.
1269 1481 1341 1508 Ἰδών
1363 1489 1392 1507 τε
1416 1479 1492 1515 παρὰ
1519 1481 1576 1511 τοῖς
1609 1478 1698 1510 Ἰνδοῖς
1723 1478 1786 1510 τοὺς
1812 1477 1904 1513 τρίπο-

1114 1527 1172 1558 δας,
1193 1526 1314 1558 καὶτοὺς
1327 1525 1472 1561 οἰνοχόους,
1490 1525 1538 1551 καὶ
1553 1525 1603 1551 ὃσα
1620 1524 1760 1559 αὐτόματα
1776 1525 1903 1558 ἐπερωτᾷν

1077 1581 1098 1610 C
1114 1571 1199 1604 εἷπον,
1212 1573 1268 1600 οὔθ’
1280 1574 1352 1605 ὅπως
1370 1572 1519 1607 σοφίξοιντο
1534 1571 1604 1598 αύτὰ
1619 1571 1709 1607 ήρετο,
1728 1570 1791 1597 οὔτε
1808 1570 1901 1606 ἐδεήθη

1115 1619 1220 1655 μαθεῖν,
1235 1619 1291 1646 ἀλλ’
1307 1619 1400 1654 ἐπῄνει
1415 1618 1474 1653 μὲν,
1488 1617 1624 1654 ζηλοῦν’δέ
1635 1617 1682 1643 οὐκ
1698 1616 1800 1651 ἠξίου.»
1811 1615 1902 1643 Ταῦτα

1111 1665 1139 1692 δὲ
1150 1665 1245 1699 λέγων,
1261 1665 1339 1700 δῆλός
1351 1666 1408 1691 ἐστι
1420 1664 1482 1696 τοὺς
1495 1662 1672 1699 περιϐοήτους
1690 1662 1778 1689 Ἰνδῶν
1794 1662 1900 1696 φιλοσό-

1111 1720 1178 1746 φους
1194 1712 1293 1746 γόητας
1309 1711 1477 1746 ἀποφαίνων.
1488 1710 1556 1745 Περὶ
1572 1709 1626 1744 γάρ
1639 1717 1680 1735 τοι
1696 1709 1800 1744 γοήτων
1811 1708 1902 1734 ποιού-

1112 1766 1191 1793 μενος
1203 1758 1248 1784 τὸν
1264 1757 1352 1791 λόγον,
1375 1757 1538 1793 μνημονεύει
1554 1757 1600 1783 καὶ
1615 1755 1727 1782 τούτων·
1744 1755 1900 1789 σοφίζεσθαι

1109 1804 1142 1831 τὰ
1155 1804 1187 1840 δὴ
1202 1803 1341 1837 παράδοξα
1356 1803 1443 1838 λέγων
1457 1803 1564 1835 αὐτοὺς,
1578 1803 1625 1830 καὶ
1637 1802 1693 1834 τὸν,
1711 1801 1775 1837 περὶ
1786 1797 1817 1827 οὗ
1832 1801 1845 1826 ἡ
1856 1800 1900 1826 λό-

1109 1857 1166 1883 γος,
1178 1848 1227 1883 τῆς
1236 1848 1335 1875 τοιᾶσδ’
1351 1848 1441 1874 αὐτῶν
1455 1847 1620 1882 σοφιστείας,
1635 1846 1672 1878 ὡς
1684 1846 1717 1872 ἂν
1729 1845 1766 1881 μὴ
1777 1845 1898 1876 ἀστείας,

1107 1892 1246 1928 ἀλλότριον
1261 1893 1463 1928 ὑποτιθέμενος.
1487 1891 1590 1919 Οὐκοῦν
1609 1892 1634 1918 εί
1653 1891 1774 1926 φαίνοιτο
1789 1890 1900 1922 τούτους

1107 1936 1184 1969 θεοὺς
1199 1938 1354 1969 ἀποκαλῶν,
1371 1938 1418 1964 καὶ
1432 1937 1608 1969 διδασκάλους
1623 1936 1841 1973 ἐπιγραφόμενος
1855 1935 1901 1964 αύ-

1106 1982 1169 2014 τοὺς
1183 1983 1196 2008 ὀ
1214 1982 1400 2013 Ἀπολλώνιος,
1412 1981 1471 2017 ὥρα
1483 1981 1537 2017 (49)
1549 1983 1609 2013 ταῖς
1624 1981 1695 2008 κατὰ
1706 1980 1761 2008 τῶν
1776 1980 1898 2008 διδασκά-

1106 2027 1160 2054 λων
1180 2028 1226 2054 καὶ
1249 2027 1328 2054 αὑτὸν
1352 2028 1468 2062 ὑπάγειν
1487 2026 1631 2058 διαϐολαῖς.
1650 2026 1782 2061 Εἰσῆκται
1802 2026 1835 2062 δὴ
1851 2023 1897 2052 οὖν

1106 2074 1170 2110 παρ’
1191 2070 1232 2105 οἷς
1255 2081 1320 2108 φησι
1343 2072 1458 2108 Γυμνοίς
1481 2073 1648 2107 Αἰγυπτίων,
1671 2073 1790 2108 ῥήμασιν
1805 2071 1897 2104 αὐτοῖς

1105 2119 1190 2146 ταῦτα
1202 2119 1323 2154 φάσκων·
1336 2128 1345 2143 ι
1358 2119 1414 2145 Οὐκ
1425 2118 1537 2150 ἀπεικός
1546 2127 1573 2145 τι
1583 2118 1680 2145 παθεῖν
1692 2127 1737 2153 μοι
1750 2117 1821 2145 δοκῶ
1829 2117 1895 2152 (50),

1105 2165 1264 2200 φιλοσοφίας
1275 2165 1401 2201 ἡττηθεὶς
1414 2163 1443 2192 εὖ
1455 2165 1674 2201 κεκοσμημένης,
1689 2165 1722 2200 ἠν
1733 2166 1762 2196 ἐς
1775 2164 1807 2191 τὸ
1817 2164 1897 2200 πρόσ-

1106 2220 1187 2247 φορον
1198 2211 1253 2246 (51)
1274 2211 1350 2238 Ἰνδοὶ
1365 2212 1529 2243 στείλαντες,
1541 2213 1583 2246 ἐφ’
1597 2211 1702 2247 ὑψηλῆς
1717 2219 1746 2238 τε
1763 2211 1810 2238 καὶ
1820 2211 1896 2242 θείας

267 2262 321 2290 que
337 2255 485 2283 obnoxium
502 2264 623 2284 censere.
649 2257 790 2284 Inducitur
807 2265 873 2293 ergo
898 2259 969 2294 apud
995 2259 1053 2286 Nu-

1113 2258 1231 2294 ιηχανῆς
1249 2258 1437 2286 ἐκκυκλοῦσιν.
1463 2259 1508 2291 Ὦς
1527 2258 1559 2294 δὴ
1576 2259 1605 2285 ἐν
1621 2258 1684 2295 δίκῃ
1702 2257 1752 2294 μὲν
1770 2257 1896 2294 ἠγάσθην

267 2301 328 2333 dos,
343 2308 414 2336 quos
440 2305 519 2328 vocat
542 2301 760 2338 [Philostratus,]
788 2302 990 2338 Egyptiorum,
1016 2304 1050 2331 ad

299 2391 322 2408 ’⁷
341 2391 390 2419 lib.
406 2398 450 2425 Iv,
467 2397 494 2418 c.
509 2391 555 2419 58.
593 2391 615 2407 ⁷⁸
634 2391 681 2419 lib.
699 2399 725 2418 tv
737 2411 746 2424 ,
764 2399 789 2420 c.
808 2391 854 2420 59.
892 2393 914 2408 "
935 2392 982 2420 lib.
1001 2401 1028 2420 ν.

299 2470 355 2506 (42)
371 2470 525 2504 Γνώσεως.
543 2470 633 2497 Malim
649 2471 837 2506 προγνώσεως.

310 2474 344 2497 42
371 2474 525 2504 ι’νώσεως.
544 2474 633 2497 Malim
649 2474 837 2506 προγνώσεως.

309 2474 355 2542 tsi
375 2506 510 2542 Ὄτιμὲν
531 2506 568 2542 δὴ
587 2506 632 2534 τά.
657 2506 797 2538 l'hilostr.,
813 2507 853 2533 ὅτι
871 2507 921 2542 μὲν
933 2506 988 2542 γὰρ
1004 2506 1048 2534 τά.

308 2541 353 2576 44)
368 2541 520 2576 Προέλετε.
537 2541 677 2575 Philostr.,
693 2543 906 2577 προεγίγνωσκε.

308 2577 354 2611 45)
373 2577 550 2612 Εἱμαρμένα.
568 2577 716 2605 Vcrissima
729 2578 820 2610 lectio,
834 2585 867 2605 ex
882 2577 1049 2605 Philostrato

297 2505 308 2612 ἒ

263 2618 278 2638 a
301 2613 381 2639 nobis
401 2615 538 2644 restituta,
552 2613 752 2648 rejiculmuque
771 2614 882 2640 omnino
895 2613 1028 2648 εἰρημένα
1039 2633 1046 2644 ,

261 2649 334 2682 qttod
350 2648 384 2684 in
396 2649 477 2675 editis
492 2653 562 2681 erat,
577 2657 665 2684 neque
687 2651 796 2676 turbare
813 2656 867 2675 non
884 2650 971 2684 potuit
994 2650 1046 2675 Ac-

262 2684 362 2710 ciolum
379 2683 564 2718 interpretem.

297 2719 354 2755 (46)
368 2718 423 2744 Καὶ
436 2719 604 2753 προέλεγεν.
617 2719 746 2747 Philostr.
759 2720 841 2747 habet
853 2719 986 2755 προῦλεγε
1003 2719 1042 2746 δέ.

296 2754 353 2790 (Π)
375 2754 528 2781 Ἕσεσθαι.
541 2755 686 2790 Philostra,
701 2755 838 2790 γενέσθαι.

371 2790 524 2827 ῌροέλεγε.
539 2789 680 2827 Philostr.,
696 2791 909 2827 προεγίγνωσκε.

307 2824 352 2859 49)
374 2824 453 2857 Ὦρα.
477 2825 514 2851 lta
535 2833 568 2853 ex
593 2824 749 2859 conjectura
776 2826 967 2860 rescripsimus
991 2832 1042 2859 pro

259 2859 321 2895 ὅρα,
334 2866 398 2895 quae
415 2861 582 2895 ineptissima
600 2862 679 2888 lectio
701 2869 796 2887 omnes
821 2859 909 2887 editos
934 2860 1042 2887 invase-

261 2893 314 2923 rat.
330 2893 376 2922 Sic
386 2894 468 2927 paulo
476 2899 539 2929 post
547 2903 581 2923 ex
593 2895 769 2928 Philostrato,
782 2895 819 2927 ὡς
830 2895 859 2922 δὲ
875 2897 903 2922 tv
917 2895 980 2930 δίκῃ
993 2895 1041 2931 μὲν

1104 2304 1171 2339 (52).
1195 2305 1225 2330 ὲν
1245 2304 1308 2341 δίκῃ
1328 2304 1356 2330 δὲ
1373 2304 1491 2340 ἠγοῦμαι
1507 2303 1604 2339 σοφούς
1618 2312 1649 2330 τε
1666 2304 1714 2331 καὶ
1729 2303 1893 2340 μακαρίους,

1102 2471 1236 2506 ἠγάσθην,
1248 2471 1307 2507 ὦρα
1331 2471 1475 2507 μανθάνειν
1486 2478 1495 2502 ;
1508 2474 1536 2497 et
1553 2470 1633 2507 plane
1650 2466 1740 2507 simili
1756 2469 1892 2507 orationis

1102 2505 1240 2533 structura
1265 2505 1337 2534 inlra
1362 2506 1432 2541 apud
1447 2507 1557 2537 Euseb,
1586 2506 1700 2541 subii".
1720 2513 1744 2532 c.
1772 2505 1831 2532 5‘2:
1859 2507 1889 2533 Ei

1100 2542 1154 2584 γὰρ
1196 2542 1340 2584 meum;
1360 2544 1434 2584 παρὰ
1454 2542 1510 2573 τοῖς
1524 2542 1589 2567 πᾶσι
1611 2540 1754 2584 φιλοσοφίᾳ
1777 2541 1890 2584 διαπρέ-

1099 2576 1147 2612 ψαι
1173 2576 1365 2614 ὁμολογηθείη,
1387 2576 1447 2613 ὥρα
1476 2576 1679 2612 μεσοπονηρίαν
1705 2576 1755 2611 μὲν
1783 2576 1888 2604 ἐκείνου

1099 2615 1280 2649 κατηγορεῐνκ
1287 2617 1340 2649 etc.
1510 2648 1525 2649 η
1539 2647 1544 2649 _
1611 2647 1616 2649 γ
1763 2628 1766 2631 ·

1135 2646 1189 2683 (Si!)
1204 2646 1298 2675 ’Δοκῶ.
1313 2648 1368 2675 Hoc
1380 2648 1466 2682 magis
1480 2647 1546 2674 mihi
1559 2647 1700 2682 probatur,
1715 2653 1798 2682 quam
1815 2646 1887 2682 quod

1097 2683 1124 2710 in
1145 2683 1302 2710 Philostrati
1317 2688 1390 2711 textu
1408 2684 1505 2718 legitur
1519 2683 1600 2709 δοκεῖ.

1133 2719 1188 2753 (Ἠ)
1215 2720 1260 2752 Ἐς
1283 2720 1316 2745 τὸ
1330 2717 1443 2754 πρόσφῖ
1459 2718 1505 2745 Sic
1526 2719 1596 2753 apud
1622 2717 1752 2745 Philostr.
1778 2725 1887 2754 quoque

1097 2755 1214 2785 restitui,
1233 2755 1303 2789 apud
1326 2763 1405 2789 quem
1425 2755 1494 2781 male
1516 2759 1595 2781 antea
1616 2754 1790 2780 scribebatur
1813 2755 1837 2779 οἱ
1856 2753 1887 2780 τὸ

1097 2790 1196 2816 πρόσω.

1215 2825 1261 2857 Ὡς
1278 2825 1315 2858 δὴ
1327 2825 1363 2852 ἑν
1377 2824 1444 2859 δίκῃ
1458 2823 1516 2860 μὲν
1527 2824 1675 2860 ἠγάσθην.
1690 2824 1762 2860 Aine
1779 2823 1885 2852 editum

1095 2864 1155 2887 erat
1170 2859 1215 2891 οὓς
1229 2860 1261 2895 δὴ
1276 2861 1304 2897 ἐν
1319 2860 1380 2897 δίκῃ
1398 2860 1447 2895 μὲν
1458 2859 1581 2896 ἠγάσθην
1599 2859 1707 2892 αὐτούς.
1725 2859 1787 2888 Vid.
1802 2861 1885 2896 paulo

1096 2899 1168 2931 post,
1186 2899 1241 2923 not.
1255 2896 1299 2923 54.
