2065 3216
200 199 256 227 843

767 198 867 226 LlBER
885 198 1024 226 CONTRA
1043 197 1251 226 HIEROCLEM.

1774 198 1825 225 διδ

202 257 237 286 τὰ
251 257 372 292 βασίλεια
389 257 505 294 παρόδου
528 258 672 289 κοινωνῶν,
690 257 801 293 ὕστερον
818 259 846 285 δὲ
869 259 920 293 τῆς
936 258 988 285 δια-

1047 258 1231 291 mendatione,
1245 258 1338 293 palatii
1349 257 1522 293 imperatoris
1539 257 1611 286 fores
1627 257 1826 293 panderentnr‘!

200 305 289 340 φορᾶς
319 304 399 330 ἕνεκα
426 304 537 331 τοιαῦτα
560 305 624 338 περὶ
637 305 719 331 αὑτοῦ
737 304 832 338 λέγων,
851 304 926 331 οΰπω
945 313 988 340 μοι

200 349 353 376 amantem
375 351 390 377 ὁ
419 350 496 384 λόγος
525 350 646 385 βούλεται
662 350 713 376 τὸν
731 351 825 385 ἄνδρα,
843 350 880 381 ὼς
897 350 929 376 ἂν
944 350 989 376 τὸν

201 395 348 431 Εὐφράτην
365 396 593 429 συκοφαντοῦντα,
619 396 769 430 φιλοσόφων
782 396 836 422 τῶν
852 396 911 422 καθ’
928 396 990 422 ἑαυ-

200 441 247 467 τὸν
259 441 313 476 (Ἠ)
336 441 530 474 ἐπιδοξὸτατον,
545 441 583 472 ὡς
598 442 645 468 καὶ
658 441 687 472 ἐς
710 441 795 476 δεῦρ’,
814 439 853 473 οἷς
880 441 989 476 μέτεστι

200 486 372 521 φιλοσοφίας,
389 487 516 522 ᾁδεσθαι;
533 488 565 513 Ὃ
581 487 627 513 καὶ
649 487 776 522 μέγιστον
789 486 865 513 λάϐοι
888 487 920 513 ἄν
935 495 988 518 τις.

200 533 228 558 εἰ
242 532 371 566 βούλοιτο,
395 532 571 568 παράδειγμα
590 533 640 568 τῆς
663 532 733 559 κατὰ
748 532 795 558 τοῦ
814 532 989 558 Ἀπολλωνίου

199 576 335 611 διαϐολῆς.
366 578 397 603 Εἰ
412 577 465 614 γὰρ
481 579 494 603 ὁ
514 578 660 613 Εὐφράτης
673 577 748 613 παρὰ
764 579 820 608 τοῖς
834 578 900 603 πᾶσι
914 576 989 611 φιλο-

201 624 285 658 σοφίᾳ.
297 623 443 658 διαπρέψαι
457 624 648 660 ὁμολογηθείη,
659 623 718 659 ὥρα
732 623 925 659 μισοπονηρίαν
941 624 989 658 μὲν

200 668 306 695 ἐκείνου
330 670 509 704 κατηγορεῖν,
536 669 688 701 ἐπεξιόντος
715 670 771 700 τοῖς
790 668 897 699 ἀτόπως
938 669 989 694 ὑπὸ

201 715 280 741 τοῦδε
289 714 452 750 δρωμένοις;
463 715 567 741 τουτονὶ
582 715 609 747 δὲ
623 715 691 750 πρὸς
708 714 811 741 ἐκείνου
822 713 989 750 κατηγορού-

202 769 293 796 μενον,
321 759 425 794 φαύλην
455 759 665 795 περιϐάλλεσθαι
678 760 767 792 δόξαν,
783 760 825 786 ὅτι
840 759 872 794 δὴ
888 760 926 795 μὴ
942 760 988 786 τὸν

199 807 352 843 ἀρέσκοντα
363 806 402 842 τῷ
419 807 554 841 φιλοσόφῳ
571 806 664 842 μετῄει
677 807 742 842 βίον.

1042 303 1144 331 Verum
1158 305 1201 331 vel
1219 311 1302 336 caeco,
1318 307 1347 331 ut
1378 304 1404 331 in
1427 304 1571 339 proverbio
1587 305 1674 336 aiunt,
1694 303 1750 338 jam
1766 311 1827 339 per-

1043 352 1168 385 spicuum
1194 350 1247 382 sit,
1270 350 1342 385 quod
1369 350 1396 377 in
1420 350 1560 378 divinandi
1587 354 1645 378 arte
1666 350 1827 378 detrahatur

1042 396 1102 423 viro
1128 397 1162 424 ab
1186 397 1327 424 historico.
1343 396 1532 424 Concedamus
1554 401 1644 424 autem
1668 395 1695 424 in
1720 397 1826 424 czeteris

1043 449 1104 469 eum
1131 449 1292 477 generosum
1319 443 1439 469 animum
1462 443 1679 476 demonstrasse,
1704 442 1826 477 pericula

1042 488 1124 515 etiam
1143 495 1193 522 pro
1220 488 1316 515 amicis
1341 488 1483 516 subeundo
1505 488 1673 523 frequenter.
1693 487 1729 514 At
1752 490 1826 514 certe

1043 533 1218 568 Euphratem,
1235 533 1325 561 aditus
1340 534 1373 561 ad
1398 534 1571 569 imperatoris
1591 534 1722 569 palatium
1737 534 1824 569 parti-

1041 580 1129 614 cipem
1147 579 1275 610 reddens,
1288 585 1382 614 postea
1407 584 1509 612 tamen,
1526 580 1561 608 ob
1579 580 1751 607 intercedens
1768 579 1825 607 dis-

1043 625 1154 657 sidium,
1170 624 1233 651 talia
1250 625 1283 651 de
1296 632 1329 652 eo
1345 625 1496 659 proferens,
1508 633 1609 657 nonne,
1622 626 1680 660 ipsa
1694 625 1825 653 suademe

1043 669 1109 695 mihi
1125 669 1239 701 ratione,
1258 669 1404 704 Euphratis
1419 670 1507 705 egisse
1522 670 1717 705 sycophantam
1733 670 1825 705 argui-

1042 719 1102 747 tur,
1119 716 1342 750 philosophorum
1358 724 1414 743 sum
1433 716 1519 744 aetatis
1540 716 1697 748 clarissimi,
1711 715 1758 751 qui
1775 715 1826 742 ho-

1042 760 1086 787 die
1100 762 1182 788 etiam
1196 762 1287 793 abiis,
1307 762 1354 797 qui
1372 762 1550 797 philosophiae
1574 763 1669 790 imbuti
1685 765 1750 789 sunt
1769 766 1826 790 stu-

1041 806 1104 838 diis,
1116 807 1287 834 celebratur?
1299 807 1374 840 Quod
1390 809 1478 843 ipsum
1492 809 1532 836 vel
1545 808 1761 836 illustrissimum
1775 807 1826 834 ali-

201 854 259 886 cui,
272 854 296 881 si
308 854 385 886 velit,
419 853 522 890 [iustae]
537 854 672 890 Apollonii
705 853 927 889 reprehensionis
953 855 1106 889 exemplum
1129 855 1257 890 prebeat.
1283 854 1311 882 Si
1337 855 1487 890 Euphrates
1511 857 1582 883 enim
1614 856 1734 883 omnium
1759 863 1825 882 con—

201 909 284 929 sensu
300 902 478 937 philosophiae
495 902 593 930 studiis
605 903 776 930 clarissimus
799 902 941 934 habeatur,
961 902 1180 937 intempestivum
1201 906 1274 930 certe
1307 902 1418 930 minime
1441 903 1532 935 fuerit.
1551 903 1624 930 illius
1640 910 1672 930 eo
1700 902 1825 929 evincere

199 947 284 983 534
299 948 431 976 adversus
451 949 650 984 improbitatem
682 951 792 983 odium,
818 949 891 985 quod
921 949 991 976 mala
1011 950 1146 985 Apollonii
1162 949 1231 977 facta
1244 950 1326 978 fuerit
1343 951 1500 978 insectatus.
1520 950 1597 978 llunc
1625 957 1698 981 vero.
1712 949 1759 986 qui
1791 949 1825 976 ab

199 1001 236 1020 eo
251 993 425 1028 arguebatur,
439 994 627 1030 [concludere]
644 995 713 1022 mala
729 995 800 1023 fama
816 994 986 1030 oppressisse
1004 1002 1077 1028 eum,
1098 995 1176 1030 quasi
1192 996 1274 1023 vitam
1291 1000 1382 1031 ageret
1398 996 1576 1032 philosophice
1608 996 1720 1023 minime
1755 1003 1823 1022 con-

200 1046 372 1068 sentaneam.

462 1091 658 1118 ΚΕΦΑΛᾹῘΟΝ
671 1092 730 1118 ΔΔ’.

240 1135 322 1163 Πάλιν
347 1137 376 1163 ὲν
391 1136 430 1172 τῷ
455 1136 535 1171 ἕκτῳ,
569 1137 789 1172 παραδοξολογῶν
806 1138 820 1164 ὸ
834 1137 989 1173 μυθολόγος,

199 1181 263 1215 ἄγει
282 1182 329 1216 μὲν
340 1182 419 1208 αὑτὸν
433 1181 489 1216 ἅμα
506 1183 561 1213 τοῖς
572 1182 688 1218 ἑταίροις
701 1182 817 1218 καμήλῳ
835 1183 990 1218 ὀχούμενον,

201 1227 245 1261 ἐφ’
255 1227 301 1258 οὓς
313 1235 393 1263 φησιν
410 1228 565 1262 Αἰγυπτίων
576 1228 707 1263 Γυμνοίις,
729 1228 897 1263 φιλοσόφους.
908 1229 991 1255 Ἔνθα

199 1273 233 1308 δὴ
247 1273 446 1309 προσ-τάξαντος
465 1273 512 1300 τοῦ
534 1274 648 1309 γυμνοῦ,
666 1274 774 1306 πτελέα,
800 1276 876 1310 φησὶ,
893 1275 922 1302 τὸ
938 1275 992 1302 δέν-

198 1318 264 1353 δρον
293 1319 488 1354 προσαγορεύει
509 1319 554 1345 τὸν
584 1319 771 1349 Ἀπολλώνιον.
800 1320 922 1356 ὲνάρθρῳ
944 1321 991 1347 καὶ

201 1364 298 1400 Θηλείᾳ
313 1365 345 1399 τῇ
358 1366 442 1400 φωνῇ.
460 1365 514 1390 Καὶ
524 1364 628 1396 τούτοις
641 1373 670 1398 γε
683 1366 756 1400 ἡμᾶς
767 1367 780 1392 ό
791 1375 800 1390 ι
815 1365 965 1400 Φιλαλήθης
979 1376 988 1391 ι

201 1410 340 1437 πιστεύειν
358 1410 439 1446 ἀξιοῖ.
456 1409 522 1442 Εἶτα
548 1411 704 1446 Πυγμαίους
727 1412 827 1447 ἄνδρας
850 1412 920 1447 ὑπὲρ
942 1413 990 1448 τὴν

198 1456 304 1482 τούτων
329 1457 432 1491 ἱστορεῖ
454 1456 562 1491 χώραν,
586 1456 632 1482 καὶ
661 1456 902 1492 ’Λνθρωποφᾱγους
923 1457 989 1492 (72),

199 1502 251 1528 καὶ
279 1502 440 1533 Σκιάποδας,
469 1502 587 1537 Σάτυρόν
604 1511 633 1527 τε
658 1502 725 1536 πρὸς
748 1502 795 1528 τοῦ
814 1503 989 1529 Ἀπολλωνίου

203 1547 417 1582 μεθυσκόμενον.
445 1547 489 1579 Ἐξ
512 1547 622 1573 ἐκείνων
635 1545 714 1578 αὖθις
737 1548 874 1574 ἐπάνεισιν
886 1549 931 1574 ἐπὶ
942 1548 990 1583 τὴν

207 1595 329 1621 Ἐλλάδα.
363 1595 480 1630 Ὀμιλίαι
508 1604 537 1622 τε
564 1595 642 1622 πάλιν
659 1596 751 1631 αὐτῷ,
770 1597 816 1622 καὶ
826 1596 991 1631 προγνώσεις

199 1641 405 1667 ἀνακοινοῦνται
419 1641 486 1677 προς
500 1641 588 1668 Τῖτον.
605 1642 660 1668 Καὶ
673 1642 805 1677 δηχθέντα
827 1642 925 1677 ἔφηϐον
940 1641 991 1668 ὑπὸ

200 1687 350 1718 λυττῶντος
375 1688 464 1719 κυνὸς,
489 1688 517 1714 ὃν
545 1688 576 1723 δὴ
591 1688 636 1714 καὶ
661 1688 846 1723 ἐμαντεύσατο
861 1689 935 1719 ὅστις
947 1688 989 1723 εἴη

198 1734 252 1769 τὴν
262 1734 361 1769 ψυχὴν,
378 1734 419 1760 ὅτι
431 1734 445 1760 ό
464 1734 514 1768 τῆς
531 1734 666 1768 Αἰγύπτου
679 1735 743 1760 ποτὲ
761 1734 885 1769 βασιλεὺς
903 1735 991 1768 Ἅμα-

202 1788 247 1812 σις
260 1780 325 1815 (75),
351 1780 400 1814 τῆς
421 1781 563 1815 συμφορᾶς
592 1780 767 1811 ἀπαλλάττει,
781 1780 860 1815 μέχρι
877 1781 923 1806 καὶ
945 1779 990 1806 τοῦ

200 1825 284 1857 κυνὸς
297 1825 431 1856 ἐπιτείνας
443 1826 473 1851 τὸ
492 1826 679 1861 φιλάνθρωπον
695 1826 761 1860 (74).
782 1826 866 1852 Ταυτὶ
882 1826 930 1862 μὲν
942 1823 988 1852 οὖν

198 1872 238 1898 τὰ
250 1872 302 1907 πρὸ
317 1871 367 1906 τῆς
380 1872 544 1907 κατηγορίας
561 1871 634 1906 αὐτῷ
649 1871 840 1907 πεπραγμένα.

454 1971 649 1998 ΚΕΦΑΛΔΙΟΝ
675 1971 736 1998 ΛΕ¹.

245 2015 406 2050 Ἐπιστῆσᾳι
429 2015 451 2041 δ’
467 2016 540 2048 ἄξιον
567 2017 600 2042 δι’
625 2016 688 2052 ὅλης
708 2017 757 2051 τῆς
778 2016 967 2052 πραγματείας
980 2035 987 2047 ,

199 2061 241 2092 ὠς
255 2061 305 2093 ὅτι,
321 2061 370 2087 κᾶν
384 2060 525 2096 ἀληθεύειν
546 2061 609 2096 δοθῇ
630 2062 668 2097 τῷ
685 2063 835 2098 συγγραφεῖ
849 2061 883 2088 τὰ
900 2061 989 2097 παρά-

198 2105 276 2138 δοξα,
287 2107 429 2142 συνεργείᾳ
442 2107 566 2142 δαίμονος
579 2107 692 2133 ἕκαστον
706 2107 779 2142 αὐτῷ
789 2106 988 2142 διαπεπρᾶχθαι

197 2151 306 2178 τούτων
315 2151 407 2186 σαφῶς
418 2151 563 2179 δείκνυται.
575 2152 610 2178 Τό
621 2161 651 2178 τε
663 2152 715 2188 γὰρ
729 2152 774 2178 τοῦ
789 2152 883 2187 λοιμοῦ
898 2160 989 2186 προαι-

199 2197 314 2223 σθέσθαι
337 2197 400 2229 ἴσως
414 2198 462 2232 μὲν
478 2198 527 2224 οὐκ
548 2198 712 2235 ἀπερίεργον
726 2197 836 2231 δόξειεν,
847 2199 882 2229 εί,
897 2197 989 2229 καθὼς

238 2267 261 2284 ⁹¹
281 2267 329 2294 lib.
346 2275 391 2300 vt,
408 2275 432 2295 c.
451 2268 494 2295 10.
538 2268 562 2284 ³³
581 2268 628 2295 lib.
645 2275 672 2294 vr
685 2288 692 2300 ,
726 2275 752 2294 c.
768 2267 813 2296 25.
851 2267 874 2284 "
894 2268 940 2294 lib.
959 2275 985 2295 vI

197 2303 226 2318 ⁸⁸
247 2302 296 2329 lib.
314 2310 365 2336 ιιι,
381 2310 405 2329 c.
425 2303 452 2330 4.

198 2361 279 2387 sunt.
294 2357 456 2393 Προπείρειν
475 2365 550 2388 vero,
567 2360 604 2393 fut
622 2358 847 2393 προκινδυνεύειν,
862 2366 909 2392 pro
929 2358 983 2385 alio

199 2391 355 2430 periculum
376 2391 477 2430 subire.
497 2392 574 2426 Quod
593 2391 691 2430 fecisse
706 2391 880 2430 Apollonium
901 2401 984 2428 agno-

199 2427 383 2463 scit,rvirique
399 2427 478 2454 fortis
491 2433 517 2455 et
528 2428 650 2463 generosi
661 2428 774 2462 gloriam
789 2429 840 2455 hoc
854 2428 912 2462 ipso
922 2427 984 2455 cum

538 2268 562 2284 ³³
581 2268 628 2295 lib.
645 2275 692 2300 v1,

200 2452 289 2495 tua;
295 2452 435 2490 ﬁcEﬁéeiﬁ'
445 2452 606 2497 asserat;
615 2452 685 2496 aut”
693 2452 984 2495 ’έέιιίὶὲεἷἯιτΝὲὲὡὲὲξ
1001 2452 1022 2478 ο

200 2496 273 2525 Rulli
299 2503 325 2524 et
340 2497 417 2533 Orliti
433 2496 697 2533 iliiprimisgratiam
717 2498 873 2533 προέπειρε.
889 2498 923 2524 At
938 2501 987 2533 ιιι-

200 2540 312 2566 cunque
328 2541 357 2560 se
369 2532 485 2559 habeant
496 2533 559 2563 ista,
571 2532 597 2558 in
610 2531 717 2565 negotio
731 2531 804 2567 quod
817 2531 840 2560 ei
857 2541 918 2559 cum
934 2532 988 2559 Eu-

199 2567 300 2603 phrate
315 2567 482 2599 intercessit,
498 2567 618 2601 γενναῖον
631 2574 660 2593 se
675 2568 805 2601 probasse
815 2568 986 2602 Apollonium

200 2605 295 2630 D823!-

315 2635 490 2671 Φιλοσόφων
512 2635 580 2671 τῶνᾲ
590 2636 654 2662 καθ’
675 2636 791 2663 ἑαυτόν.
812 2637 851 2663 lta
869 2637 986 2671 loquun-

200 2669 248 2698 tur
262 2670 386 2707 puriores
401 2669 550 2707 scriptores
561 2669 659 2707 Gragci.
676 2678 729 2707 non
744 2675 773 2697 ut
786 2671 812 2707 in
828 2669 911 2707 editis
921 2672 983 2707 legi-

200 2711 258 2739 tur,
272 2705 424 2742 φιλοσόφων
433 2705 585 2742 γενομένων
594 2705 647 2732 τῶν
660 2705 718 2742 καθ’
733 2706 836 2733 ἑαυτὸν.
851 2705 983 2742 “elegan-

199 2742 266 2768 dum
290 2741 371 2776 igitur
385 2741 435 2768 fuit
451 2740 613 2776 γενομένων,
632 2741 706 2776 quod
726 2749 758 2768 ex
779 2743 909 2776 margine,
918 2740 982 2776 una

199 2774 354 2811 ascriptum
390 2774 473 2811 erat,
508 2774 541 2801 ad
567 2774 756 2809 explicandum
789 2774 878 2810 tyroni
913 2774 983 2804 idio-

199 2810 326 2840 tismum.
342 2815 369 2846 et
390 2810 499 2846 quidem
520 2811 609 2837 alieno
631 2811 700 2843 loco,
722 2811 749 2837 in
769 2815 871 2838 textum
891 2811 981 2839 immi-

198 2847 291 2882 gravit
305 2853 322 2882 :7
337 2845 412 2882 ferri;
421 2847 493 2873 enim
515 2849 652 2881 utcunque
671 2850 772 2882 posset,
792 2846 814 2873 si
841 2851 901 2882 post
921 2847 983 2873 ἐαυ-

198 2880 246 2908 τόν
266 2881 383 2915 positum
401 2880 506 2909 fuisset.

236 2915 293 2952 (72)
309 2915 713 2951 ἈνθρωποφάγουᾳΡὶιὶΙοςῐικ
731 2916 926 2953 ’Δνδροφάγους
937 2924 983 2951 ap-

998 2289 1005 2300 ,
1023 2275 1048 2294 c.
1066 2267 1111 2294 27.
1150 2266 1173 2283 “
1193 2266 1241 2293 lib.
1259 2274 1305 2298 vt,
1336 2273 1361 2292 ι’.
1392 2265 1426 2291 29
1453 2273 1510 2301 scq.

1300 1089 1415 1118 CAPUT
1441 1088 1559 1116 XXXIV.

1077 1136 1196 1164 Rursum
1211 1139 1334 1172 portenta
1349 1136 1375 1163 in
1391 1139 1468 1164 sexto
1481 1137 1550 1163 libro
1565 1136 1680 1171 loquens
1695 1141 1822 1173 nugator,

1042 1183 1152 1210 camelis
1164 1190 1225 1209 eum
1244 1189 1296 1208 una
1312 1190 1373 1208 cum
1391 1182 1474 1209 sociis
1493 1186 1600 1209 vectum
1621 1182 1694 1210 sistit
1715 1183 1748 1210 ad
1764 1183 1825 1219 phi-

1042 1229 1181 1264 losophos,
1207 1235 1275 1263 quos
1298 1227 1391 1254 Nudos
1413 1228 1529 1262 appellat
1552 1227 1752 1263 Egyptiorum.
1773 1229 1822 1256 Ubi

1042 1275 1274 1310 gymnosophista,
1306 1278 1335 1301 ut
1359 1274 1468 1309 quidem
1492 1278 1585 1301 narrat
1595 1274 1763 1309 “,jubente,
1787 1276 1826 1302 ul-

1042 1328 1102 1347 mus
1121 1320 1204 1347 arbor
1218 1320 1390 1355 Apollonium
1409 1327 1474 1347 voce
1493 1320 1635 1347 articulala
1656 1324 1682 1348 ct
1700 1321 1823 1348 muliebri

1042 1365 1121 1392 aﬂ'ata
1142 1368 1194 1392 est.
1215 1364 1296 1391 llisce
1311 1368 1401 1391 autem
1418 1374 1426 1390 ι
1440 1363 1606 1392 Philalethes
1621 1374 1630 1390 ι
1646 1364 1725 1392 [idem
1741 1373 1756 1392 a
1778 1373 1824 1392 no-

1042 1411 1085 1439 bis
1102 1412 1159 1438 vult
1178 1411 1284 1438 habcri.
1305 1410 1406 1438 Deinde
1420 1418 1556 1446 pygmazos
1568 1411 1601 1442 ",
1618 1411 1691 1438 ultra
1710 1419 1825 1448 gymno-

1042 1457 1227 1492 sophistarum
1251 1457 1365 1491 patriam
1388 1456 1503 1490 positos,
1521 1455 1825 1492 Authropophagosque

1041 1508 1069 1530 et
1085 1502 1263 1537 Umbripedes
1276 1506 1481 1534 commemorat,
1501 1500 1681 1537 Satyrumquc
1693 1503 1726 1529 ab
1743 1502 1824 1537 Apol-

1042 1548 1115 1575 Ionio
1133 1546 1338 1574 inebriatuni".
1358 1545 1421 1572 Inde
1435 1551 1523 1573 autem
1546 1546 1574 1573 in
1589 1546 1720 1574 Graeciam
1740 1547 1823 1579 redit;

1041 1597 1065 1619 et
1080 1599 1188 1619 rursum
1205 1599 1267 1617 cum
1285 1591 1447 1625 imperatore
1458 1589 1520 1617 Tito
1535 1591 1557 1606 "
1574 1598 1716 1619 sermones
1736 1597 1762 1620 ct
1778 1601 1825 1619 va-

1042 1637 1134 1664 ticinia
1149 1635 1342 1663 communicat.
1360 1635 1448 1670 Atque
1467 1635 1678 1668 adolescentem,
1695 1644 1709 1663 a
1727 1637 1824 1664 rabido

1041 1691 1163 1710 morsum
1179 1690 1245 1710 cane
1256 1682 1290 1714 π,
1311 1682 1389 1715 cujus
1399 1682 1480 1708 etiam
1496 1682 1584 1708 anima
1597 1690 1657 1716 qum
1671 1682 1717 1714 sit,
1732 1681 1825 1717 (Ama-

1042 1729 1080 1755 sis
1094 1735 1192 1762 nempe
1207 1726 1326 1763 Aigyptii
1346 1726 1483 1761 quondam
1503 1726 1588 1761 regis)
1605 1727 1720 1760 divinat,
1742 1726 1776 1754 ab
1791 1735 1824 1754 eo

1005 1774 1026 1802 C
1042 1774 1140 1800 liberat
1160 1773 1274 1800 morbo:
1291 1773 1379 1807 ipsum
1393 1779 1501 1807 quoque
1520 1779 1616 1799 canem
1629 1772 1655 1799 in
1674 1772 1824 1807 benignita-

1041 1819 1076 1846 tis
1091 1826 1148 1846 sua:
1159 1822 1262 1853 partem
1279 1819 1434 1845 admittens.
1450 1818 1538 1852 Atque
1551 1817 1608 1844 haec
1622 1817 1731 1852 quidem
1749 1823 1822 1848 sunt.

1040 1871 1102 1899 qua
1130 1866 1275 1898 antequam
1302 1862 1386 1898 [apud
1411 1863 1602 1897 imperatorem
1625 1861 1823 1899 Domitianum]

1041 1909 1205 1940 deferretur,
1220 1913 1295 1943 gesta
1309 1909 1343 1935 ab
1358 1915 1391 1935 eo
1407 1907 1494 1935 fuere.

1311 1963 1425 1992 CAPUT
1444 1963 1553 1992 XXXV.

1076 2012 1104 2040 ld
1121 2019 1187 2039 vero
1201 2011 1229 2038 in
1249 2014 1306 2038 tota
1322 2010 1365 2037 illa
1382 2010 1528 2037 tenendum
1542 2010 1657 2037 historia
1667 2013 1719 2042 est,
1735 2010 1820 2045 quod,

1039 2059 1063 2087 si
1078 2058 1244 2086 concedatur
1255 2057 1296 2084 vel
1316 2056 1434 2083 maxime
1455 2056 1596 2091 scriptori,
1620 2063 1683 2083 vera
1705 2063 1766 2083 eum
1783 2057 1824 2083 di-

1039 2112 1111 2137 cere,
1125 2107 1249 2139 portenta
1273 2103 1317 2129 illa
1335 2103 1398 2129 dum
1425 2102 1525 2135 refert;
1550 2102 1614 2129 mali
1635 2101 1766 2130 damonis
1780 2107 1824 2129 ta-

1040 2158 1103 2177 men
1121 2157 1214 2185 opera,
1227 2148 1319 2176 omnia
1341 2148 1394 2175 ista
1412 2151 1518 2183 patrata
1535 2155 1595 2175 esse
1616 2148 1652 2175 ab
1668 2147 1822 2182 Apollonio,

1040 2196 1120 2223 facile
1134 2196 1287 2223 evincatur.
1305 2194 1382 2228 Quod
1402 2194 1474 2221 enim
1488 2199 1590 2229 pestem
1607 2200 1669 2222 ante
1689 2195 1776 2223 sensit
1787 2194 1822 2226 ",

1559 2266 1582 2282 "
1601 2265 1650 2294 lib.
1668 2274 1696 2294 νι
1708 2286 1716 2299 ,
1733 2273 1758 2294 c.
1776 2266 1821 2293 53.

1072 2359 1129 2385 llat.

1037 2367 1201 2429 pelia:ij
1221 2393 1259 2427 δὴ
1285 2393 1334 2420 και
1350 2393 1586 2429 έμρντεύσατο...
1603 2393 1676 2420 ὅτιό
1691 2392 1745 2426 τῆς
1755 2396 1818 2429 ur.

1037 2429 1109 2456 ,ποτὲ
1119 2428 1224 2460 βασιλ.
1240 2429 1371 2462 Ἄμασις.
1385 2428 1466 2455 Fallit
1485 2428 1531 2455 hic
1545 2430 1675 2456 memoria
1696 2436 1745 2455 sua
1767 2429 1821 2456 liu—

1037 2464 1141 2490 sebium
1155 2472 1161 2496 ;
1178 2463 1286 2497 jchnis
1303 2464 1376 2490 enim
1402 2471 1417 2490 a
1434 2471 1503 2490 cane
1519 2470 1625 2491 morsus
1641 2471 1696 2490 non
1711 2463 1820 2492 Amasis

1038 2506 1099 2533 esse
1122 2497 1282 2533 diciturrab
1304 2497 1456 2532 Apollonio,
1479 2498 1525 2525 sed
1553 2498 1688 2533 Telephus
1704 2497 1818 2533 Mysins.

1037 2532 1150 2560 Videtur
1172 2532 1329 2560 confudisse
1345 2540 1407 2560 cum
1423 2541 1465 2564 ea,
1481 2533 1514 2560 dc
1532 2541 1584 2568 qua
1603 2532 1667 2568 agit,
1689 2532 1820 2568 re,'gesta

1035 2568 1206 2596 Alexandria
1229 2576 1290 2595 cum
1318 2568 1406 2599 leone,
1430 2568 1456 2594 in
1482 2567 1631 2602 quo’regis
1659 2567 1733 2594 illius
1748 2567 1821 2594 iani—

1036 2611 1107 2630 mam
1117 2611 1179 2665 eis;
1196 2603 1284 2631 aiebat
1301 2603 1470 2638 Apollonius.
1495 2602 1563 2630 Vide
1578 2603 1666 2630 Vitam
1683 2603 1754 2637 ejus,
1770 2604 1818 2632 lib.

1036 2646 1072 2665 νι.
1092 2646 1117 2665 c.

1034 2646 1072 2669 v1,
1092 2646 1117 2665 c.
1140 2639 1156 2665 4

1069 2673 1125 2708 (74)
1137 2673 1227 2708 Μέχρι
1237 2673 1346 2700 καὶτοῦ
1357 2672 1449 2706 κυνὸς
1456 2672 1604 2705 ἐπιτείνας
1611 2672 1644 2698 τὸ
1654 2673 1820 2707 φιλάνθμιι-

1033 2716 1102 2735 πον.
1122 2708 1189 2736 Mire‘
1209 2709 1253 2735 hic
1271 2708 1362 2736 omnia
1385 2708 1524 2742 pervertit,
1545 2715 1595 2743 pro
1615 2715 1701 2739 more,
1719 2708 1819 2735 Accio-

1034 2744 1091 2770 lus:
1104 2743 1182 2771 facile
1195 2743 1260 2778 quid
1272 2751 1315 2770 res
1326 2743 1360 2770 sit
1380 2747 1568 2775 assecuturus,
1582 2743 1604 2771 si
1622 2743 1711 2777 ipsum
1722 2751 1820 2771 consu-

1034 2779 1130 2806 luisset
1145 2777 1348 2806 Philostratum.
1365 2777 1474 2805 Scilicet
1489 2782 1614 2812 spectant
1628 2778 1679 2805 ista
1691 2779 1724 2806 ad
1735 2778 1820 2813 Apol-

1033 2813 1099 2840 lonii
1120 2814 1147 2840 in
1167 2814 1255 2848 ipsum
1267 2821 1377 2848 quoque
1389 2821 1484 2840 canem
1501 2813 1706 2846 benignitatem,
1721 2821 1820 2848 nempe

1034 2848 1177 2884 περιῶφθη
1190 2849 1218 2875 δὲ
1230 2848 1289 2876 οὐδὲ
1302 2850 1316 2875 ὁ
1332 2848 1415 2880 κύων,
1433 2853 1463 2875 ιιι
1478 2848 1661 2884 Philostratus
1678 2849 1727 2884 ait;
1739 2856 1818 2877 name

1033 2892 1087 2918 que
1098 2884 1149 2919 ipsi
1164 2883 1273 2919 quoque
1287 2884 1415 2911 restituta
1431 2884 1534 2912 sanitas
1545 2883 1607 2912 fuit.
