2065 3216
293 220 346 249 84⁵1

629 219 761 247 EUSEBII
781 218 1017 246 CzESARZENSlS
1034 218 1109 247 OPP.
1131 218 1220 246 PARS
1239 218 1314 246 ll.——
1331 217 1578 247 APOLOGETlCA.

1862 212 1920 246 εις

295 282 365 310 forte
379 288 432 309 non
448 281 552 308 carebit
576 280 781 315 superstitione,
803 281 825 307 si
842 284 870 306 ut
899 281 956 314 ipse
973 279 1074 316 [facit.]

1131 280 1215 311 αὐτὸς.
1235 289 1244 305 ‹
1260 280 1313 306 ἀπὸ
1328 280 1494 314 λεπτοτάτης
1505 281 1552 307 καὶ
1568 281 1690 316 καθαρᾶς
1703 281 1808 316 διαίτης
1821 290 1830 306 ι
1846 290 1911 307 κατ-

296 337 308 354 ι
322 336 355 356 ex
363 327 435 355 tenui
445 327 517 354 victu
533 336 542 352 ι
562 325 701 353 derivetur
713 335 723 351 ι
741 329 855 360 etpuro,
872 336 881 351 ι
897 329 978 360 prout
990 324 1078 352 aPhi-

294 373 409 401 lostrato
425 376 565 398 narratum
580 381 586 399 :
601 371 670 398 forte
688 375 778 398 tamen
792 379 824 398 ex
833 371 998 398 commercio
1014 370 1077 397 mali

294 419 408 454 spiritus
424 418 485 452 ejus
508 418 546 444 rei
567 417 697 444 indicium
713 417 766 452 ipsi
786 420 828 444 est
848 415 960 443 factum.
984 415 1078 442 Enim-

293 472 359 492 vero
378 467 476 491 ctetera
496 464 577 491 etiam
594 471 655 498 quae
678 462 789 490 fatidica
805 464 907 490 virtute
922 466 1076 489 assecutum

293 514 377 545 atque
392 509 587 544 praedicentem
615 508 730 540 inducit,
753 509 794 536 vel
822 509 896 536 ntillc
912 508 1078 543 argumentis

294 562 326 582 ex
343 554 403 589 ipso
414 553 573 581 Philostrati
584 553 685 588 scripto
699 561 813 588 arguere
828 553 902 585 licet,
921 557 949 580 ut
961 560 1015 580 una
1027 553 1078 580 hoc

294 607 403 635 qttoque
419 599 456 626 sit
473 598 689 628 concedendum.
704 599 809 633 magica
827 602 897 629 arte,
914 598 969 625 imo
983 606 1077 632 parum

295 647 373 674 abest
387 645 453 680 quin
467 645 557 672 dicam
568 653 615 680 per
626 645 750 679 spiritum
766 644 937 675 familiarem,
947 644 1077 678 quasdam

295 699 386 719 rerum
398 691 563 723 futurarunt,
576 698 629 717 non
643 690 715 717 enint
728 689 762 717 de
777 690 904 717 omnibus
916 690 1023 724 loquor,
1034 696 1079 715 as-

295 741 419 764 secutum
436 743 498 763 eum
522 735 614 762 fuisse.
632 735 716 770 quue
731 735 883 762 luculenter
897 742 929 762 eo
944 734 1076 765 ﬁrmatur,

294 781 368 816 quod
399 788 452 808 non
484 788 591 815 semper
619 784 645 807 et
669 779 696 807 in
731 780 858 807 omnibus
889 778 1077 806 (livinatricem

295 827 375 856 istam
392 827 447 853 vim
461 827 664 854 conservaverit
683 836 688 854 :
707 834 800 854 verum
827 826 928 853 dubius
947 824 1028 852 fuerit
1051 824 1078 850 itt

294 877 377 905 quam
393 869 528 904 plurimis,
544 869 577 896 de
587 869 689 899 multis,
704 868 775 902 quod
787 875 818 895 ea
832 868 978 902 ignoraret,
992 867 1077 894 inter-

295 913 433 950 mgaverit
449 923 455 940 ι
475 913 502 940 id
517 913 590 948 quod
605 913 641 943 ei,
662 913 683 940 si
701 913 793 940 divina
807 913 909 939 virtute
923 912 1077 947 polluisset,

294 949 455 995 neutiquam
470 959 610 993 obtingere
625 962 741 993 poterat.
766 958 856 993 Ipsum
872 966 934 986 vero
947 958 1029 985 etiam
1046 958 1073 985 Ιί-
1095 949 1113 976 Β

295 1013 358 1033 nem
372 1005 442 1041 pesti
467 1005 624 1039 impositutn
637 1004 671 1036 ³³⁷,
687 1011 767 1039 quem
781 1009 890 1031 ttactum
904 1004 970 1031 illud
984 1004 1079 1031 drama

297 1051 358 1083 fuit,
375 1058 478 1078 merant
494 1050 684 1086 imposturam,
698 1055 883 1085 praetereaque
897 1050 964 1077 nihil
981 1050 1077 1083 fuisse,

292 1098 349 1133 jam
361 1101 440 1125 antea
452 1105 466 1123 a
479 1096 559 1124 nobis
573 1100 615 1123 est
628 1095 855 1123 detnonstratuttt.
877 1094 929 1123 Sed
951 1099 977 1123 et
987 1095 1079 1123 Achil-

295 1145 329 1172 lis
342 1144 445 1171 umbraz
459 1143 482 1159 "
499 1142 570 1178 apud
587 1142 722 1169 ttttnttlttm
739 1142 825 1176 ipsius
845 1141 910 1176 quid
923 1149 1006 1169 morat
1018 1150 1080 1170 esse

295 1190 393 1226 possit,
408 1189 512 1217 relictis
537 1189 591 1216 illis
615 1188 642 1215 in
658 1188 802 1215 beatorum
819 1187 927 1219 insulis,
955 1191 984 1214 ut
1010 1187 1080 1215 forte

295 1237 358 1273 quis
372 1239 492 1267 censeat,
508 1234 681 1266 habitaculis,
697 1234 749 1261 nisi
767 1234 819 1261 hoc
831 1241 938 1268 quoque
960 1241 1079 1268 praesen-

296 1283 332 1309 tis
347 1285 438 1309 cetum
454 1281 490 1308 sit
509 1279 640 1307 dzemonis
666 1279 834 1316 apparitione
846 1279 857 1305 '2
872 1278 957 1305 Porro
978 1279 1080 1306 dmmo-

296 1336 369 1359 nem,
385 1328 432 1363 qui
450 1331 607 1361 protervum
635 1319 723 1360 illum.
739 1325 887 1352 luculentis
912 1325 1020 1351 indiciis
1035 1324 1079 1351 ob-

297 1373 403 1401 sidebat
419 1371 619 1399 adolescentem
632 1369 666 1402 ”,
683 1373 709 1396 et
722 1376 831 1395 rursum
848 1369 1004 1403 Empusam.
1028 1367 1079 1394 La-

297 1419 425 1451 tttiamve,
437 1424 518 1452 qttam
534 1415 688 1449 Menippum
706 1414 744 1441 ait
761 1414 890 1449 agitasse,
903 1413 1015 1447 majoris
1026 1414 1081 1440 dte-

297 1463 386 1490 monis
411 1470 462 1497 ope
487 1468 548 1488 eum
567 1459 704 1494 expulisse
717 1463 760 1486 est
775 1458 942 1486 verosimile.
960 1457 1080 1485 Pariter-

298 1517 351 1544 qtte
365 1508 486 1535 vicissim
500 1511 589 1533 mente
602 1509 704 1532 motttm
719 1504 918 1532 adolescentem
934 1504 1022 1531 rabidi
1035 1512 1080 1531 ca«

298 1555 341 1582 nis
356 1561 448 1581 morsu
465 1553 485 1585 ',
510 1553 654 1587 ipsumque
674 1551 796 1579 dzemone
813 1555 969 1585 correptum
986 1558 1079 1578 canem

297 1600 391 1628 eadem
415 1604 474 1627 arte
497 1598 611 1626 curavit.
639 1597 761 1632 Agnosce
778 1596 870 1631 igitur,
896 1601 975 1631 prout
1001 1601 1080 1623 antea

297 1646 366 1679 dixi,
385 1645 476 1673 omnia
491 1645 551 1679 ejus
565 1647 692 1679 portenta
711 1643 843 1669 ntalorunt
864 1642 1015 1670 dmmonum
1031 1651 1079 1678 pa-

296 1699 368 1722 trata
383 1691 535 1720 ntinisterio
549 1697 618 1718 esse.
634 1689 700 1716 Nam
713 1688 785 1724 quod
797 1688 830 1716 ad
847 1689 963 1723 puellam
975 1693 1080 1723 spectat

298 1741 333 1768 ab
348 1739 442 1767 inferis
457 1740 612 1766 revocatam
628 1736 650 1766 ',
668 1735 690 1762 si
705 1736 832 1770 spiritum
851 1734 940 1762 adltuc
955 1743 985 1762 ea
1006 1736 1079 1763 intus

277 1796 280 1799 '
298 1785 426 1817 habebat,
442 1783 533 1811 vitalis
549 1789 622 1809 aurae
638 1780 796 1812 scintillam,
810 1779 882 1814 quod
898 1780 935 1806 ait
951 1779 1078 1815 scriptor,

1128 325 1249 360 εἰληπτο,
1278 325 1316 357 ὡς
1342 327 1423 358 αὐτὸς
1443 327 1552 360 ἔφησεν,
1578 327 1656 358 Ἴσως
1671 327 1700 353 δὲ
1725 327 1772 353 καὶ
1801 327 1866 353 αὐτὸ
1883 328 1912 360 ἐξ

1127 370 1234 405 ὁμιλίας
1248 370 1372 405 δαίμονος
1382 370 1456 406 αὐτῷ
1466 372 1681 406 προεμεμήνυτο.
1691 372 1746 398 Καὶ
1760 372 1814 408 γὰρ
1825 372 1855 407 δὴ
1866 373 1911 399 καὶ

1128 415 1161 442 τΞι
1189 415 1279 446 λοιπὰ,
1306 417 1356 443 ὅσα
1380 416 1451 443 κατά
1476 417 1628 452 πρόγνωσιν
1651 417 1795 453 διειληφώς
1815 426 1845 444 τε
1867 418 1912 444 καὶ

1129 461 1300 497 προειρηκὼς
1326 463 1460 498 εἰσῆκται,
1483 464 1506 489 εἰ
1535 464 1581 490 καὶ
1611 463 1717 499 μυρίοις
1738 464 1858 499 ἐλέγχοις
1883 465 1911 497 ἐξ

1129 509 1213 543 αὐτῆς
1240 509 1355 544 πάρεστι
1379 509 1428 543 τῆς
1458 508 1506 535 τοῦ
1528 509 1707 545 Φιλοστράτου
1731 510 1840 544 γραφῆς
1866 510 1909 536 εὐ-

1129 553 1228 586 θύνειν,
1248 555 1321 589 ὅμως
1337 554 1379 580 ἵνα
1402 555 1590 590 συγχωρηθείη
1608 556 1654 582 καὶ
1673 555 1744 582 τοῦτ’
1758 554 1826 582 εἶναι
1846 556 1911 592 ὰ).η‹

1129 600 1183 632 θὲς,
1203 600 1272 626 κατὰ
1293 601 1436 635 περίεργον
1455 601 1585 636 μηχανὴν,
1604 601 1704 636 εἴποιμ’
1719 601 1751 629 ἂν
1764 602 1832 638 πρὸς
1856 603 1913 629 δαί-

1131 655 1209 682 μονος
1234 646 1307 682 αὐτῷ
1334 647 1468 682 παρέδρου
1501 647 1561 674 τινὰ
1588 648 1642 674 τῶν
1667 648 1832 683 μελλόντων,
1854 649 1912 676 οὐδὲ

1129 691 1183 727 γὰρ
1209 693 1307 723 πάντα,
1328 692 1515 727 κατειλῆφθαι.
1541 693 1626 720 Τοῦτο
1642 694 1670 720 δὲ
1699 695 1846 730 παρίστησι
1866 703 1912 721 σα-

1130 737 1188 772 φὲς,
1215 738 1246 764 τὸ
1276 738 1312 773 μὴ
1338 738 1372 764 δι’
1389 738 1449 765 ὅλου
1472 739 1517 765 καὶ
1544 740 1608 775 περὶ
1635 740 1743 767 πάντων
1767 741 1815 775 τὴν
1844 743 1912 777 πρό-

1129 789 1228 815 γνωσιν
1245 782 1324 809 αὑτὸν
1346 783 1511 815 ἀποσώζειν·
1536 784 1646 820 ἀπορεῖν
1667 785 1695 812 δὲ
1713 787 1742 812 ὲν
1766 786 1910 818 πλείστοις,

1130 827 1177 853 καὶ
1199 827 1381 854 πυνθάνεσθαι
1400 828 1433 854 δι’
1455 828 1576 863 ἄγνοιαν,
1593 830 1661 865 ὅπερ
1677 830 1725 856 οὐκ
1741 830 1783 862 ἂν,
1799 832 1823 857 ει
1839 831 1913 863 θείας

1129 874 1229 909 ἀρετῆς
1245 874 1328 909 μετῆν
1344 874 1426 909 αὐτῷ,
1437 875 1572 902 πεπόνθοι.
1587 877 1641 902 Καὶ
1652 877 1716 903 αὐτὸ
1725 876 1753 902 δὲ
1767 877 1796 902 τὸ
1812 877 1913 903 παῦσαι

1128 919 1175 946 τὸν
1188 920 1290 956 λοιμὸν,
1308 921 1398 948 ὁποῖον
1412 921 1502 957 εἴληχε
1515 922 1545 948 τὸ
1558 923 1659 958 δρᾶμα,
1681 923 1721 949 ὅτι
1736 923 1830 958 φάσμα
1845 923 1912 957 (75ἱ,

1129 966 1176 993 καὶ
1200 966 1274 992 οὐδέν
1303 976 1328 993 τι
1357 967 1436 994 πλέον
1465 966 1508 1003 ἦν,
1531 968 1728 1004 προδεδήλωται
1759 969 1914 1004 (76).“Αλλά

1130 1011 1206 1047 καὶὴ
1222 1010 1295 1046 ψυχὴ
1313 1011 1367 1045 (Ti)
1390 1011 1530 1046 Ἀχιλλέως
1543 1012 1617 1048 παρὰ
1635 1012 1674 1047 τῷ
1690 1012 1772 1039 αὐτοῦ
1794 1014 1913 1048 μνήματι

1129 1056 1155 1082 τί
1175 1056 1208 1082 ἂν
1226 1056 1366 1091 διατρίϐοι,
1384 1057 1433 1088 τὰς
1448 1058 1476 1084 ἐν
1498 1058 1627 1093 μακάρων
1646 1059 1745 1093 νήσοις,
1761 1058 1799 1090 ὡς
1812 1058 1845 1084 ἂν
1863 1059 1913 1094 φή-

1131 1102 1185 1128 σειέ
1203 1111 1244 1134 τις
1260 1102 1325 1137 (78),
1337 1103 1520 1130 dmksmoﬁea
1536 1103 1602 1139 (78‘)
1613 1104 1758 1138 διαγωγὰς,
1775 1105 1797 1130 εὶ
1816 1105 1852 1140 μὴ
1868 1106 1913 1131 καὶ

1128 1147 1206 1174 τοῦτο
1228 1148 1354 1183 δαίμονος
1369 1146 1402 1184 ἦν
1428 1149 1585 1183 ἐπιφανείας
1613 1150 1767 1185 παρουσία;
1790 1151 1845 1176 Καὶ
1867 1149 1913 1176 τοῦ

1130 1192 1260 1226 ἀσελγοῦς
1275 1192 1304 1218 δὲ
1328 1193 1469 1227 μειρακίου
1492 1193 1584 1227 σαφῶς
1610 1193 1712 1220 ἕνοικον
1728 1194 1850 1229 δαίμονα,
1868 1195 1914 1220 καὶ

1130 1237 1209 1264 πάλιν
1229 1237 1262 1273 ἢν
1286 1237 1385 1273 ἔφησεν
1403 1238 1563 1273 Ἔμπουσαν
1577 1248 1605 1265 τε
1628 1240 1675 1265 καὶ
1699 1240 1804 1274 Λαμίαν
1827 1241 1913 1275 ἐμπε-

1130 1282 1322 1318 παρῳνηκέναι
1339 1283 1376 1318 τῷ
1391 1282 1534 1318 Μενίππῳ,
1554 1284 1654 1319 μείζονι
1670 1284 1728 1319 τάχ’
1742 1285 1806 1316 ἴσως
1823 1284 1913 1320 ἐξελή-

1130 1329 1194 1355 λακε
1206 1329 1320 1363 δαίμονι.
1330 1329 1442 1364 Ὁμοίως
1452 1338 1480 1355 τε
1495 1327 1527 1356 αὖ
1539 1330 1639 1356 καὶτὸν
1649 1330 1698 1361 τὰς
1709 1331 1810 1365 φρένας
1827 1339 1914 1366 παρα-

1130 1374 1268 1408 τραπὲντα
1290 1374 1395 1400 νεανίαν
1419 1375 1470 1400 ὑπὸ
1496 1374 1543 1401 τοῦ
1567 1375 1715 1406 λυττῶντος
1730 1375 1820 1407 κυνὸς,
1835 1376 1914 1402 αὐτόν

1130 1427 1159 1445 τε
1171 1418 1216 1445 τὸν
1231 1419 1398 1454 δαιμονῶντα
1411 1420 1489 1452 κύνα,
1505 1422 1536 1456 τῇ
1551 1422 1619 1456 αὐτῇ
1639 1421 1786 1457 μετήλλαξε
1800 1422 1912 1457 μεθόδῳ.

1133 1463 1202 1499 Ὅρα
1223 1463 1254 1498 δὴ
1270 1462 1326 1496 οὖν,
1343 1465 1380 1496 ὡς
1397 1465 1473 1500 ἔφην,
1496 1465 1544 1501 τὴν
1566 1467 1654 1492 πᾶσαν
1672 1466 1744 1501 αὐτῷ
1765 1466 1914 1502 παραδοξο-

1131 1508 1231 1540 ποιίαν,
1255 1510 1292 1541 ὡς
1321 1509 1364 1536 διὰ
1391 1510 1549 1545 δαιμονικῆς
1574 1511 1729 1538 ἀπετελεῐτο
1754 1512 1913 1547 ὑπουργίας.

1132 1553 1167 1579 Τὸ
1175 1553 1228 1589 γὰρ
1236 1554 1285 1589 τῆς
1300 1554 1487 1589 ἀναϐιωσάσης
1501 1554 1594 1590 κόρης,
1608 1555 1657 1581 εἶτ’
1667 1555 1786 1590 ἔμπνους
1799 1556 1914 1591 ὑπῆρχε,

1133 1599 1267 1635 σπινθῆρα
1283 1599 1381 1635 ψυχῆς,
1401 1600 1471 1627 κατὰ
1491 1601 1535 1626 τὸν
1557 1602 1723 1636 συγγραφέα,
1744 1602 1791 1628 καὶ
1816 1602 1915 1636 ἰκμάδα

1134 1645 1179 1671 ἐπὶ
1202 1645 1248 1672 τοῦ
1273 1644 1418 1680 προσώπου
1441 1646 1559 1681 φέρουσα
1579 1646 1644 1681 (79),
1662 1647 1849 1681 περιαιρετέον
1867 1647 1916 1682 τῆς

1133 1690 1353 1726 θαυματοποιίας.
1364 1693 1400 1718 Οὐ
1414 1691 1468 1728 γὰρ
1479 1691 1523 1724 ἂν,
1537 1691 1574 1723 ὡς
1586 1693 1632 1718 καὶ
1643 1693 1758 1728 πρόσθεν
1772 1693 1839 1728 ἔφην
1849 1693 1915 1727 (80),

1134 1738 1221 1772 σιωπῇ
1237 1737 1267 1763 τὸ
1291 1738 1446 1772 τηλικοῦτον
1467 1739 1613 1775 παρεδόθη,
1634 1740 1678 1766 ἐπ’
1698 1739 1784 1775 αὐτῆς
1809 1738 1918 1774 Ῥώμης

1134 1781 1264 1816 βασιλέως
1281 1783 1326 1810 ἐπὶ
1337 1783 1467 1819 παρόντος
1480 1785 1669 1821 γεγενημένον.

299 1832 496 1866 httm'tdumque
516 1836 643 1865 vaporem
661 1828 729 1855 facie
754 1827 843 1854 adhuc
870 1826 1035 1861 praeferens;
1054 1827 1080 1854 id
1099 1828 1209 1863 quidem
1242 1838 1356 1858 numero
1388 1831 1582 1859 miraculorum
1598 1836 1640 1859 est
1654 1832 1839 1859 eximendum.
1864 1830 1918 1858 Ne-

299 1888 352 1917 que
364 1878 447 1910 enim,
480 1876 552 1904 sicut
564 1879 592 1903 et
608 1879 670 1902 ante
684 1874 788 1905 ntonui,
805 1876 860 1899 tam
877 1872 979 1907 grande
1008 1872 1117 1900 facinus
1139 1875 1246 1902 silentio
1268 1876 1400 1911 potuisset
1427 1878 1543 1908 involvi,
1561 1879 1588 1905 in
1615 1878 1674 1912 ipsa
1696 1878 1763 1905 urbe
1779 1877 1874 1904 Romae
1889 1877 1916 1903 itt

298 1928 447 1960 conspectu
461 1923 540 1958 quasi
555 1921 727 1957 imperatmis
743 1923 890 1955 patratum.

519 1993 599 2030 535
618 1992 733 2021 CAPUT
753 1990 874 2020 xxxw.

336 2053 466 2089 Equidem
484 2052 536 2078 alia
551 2053 693 2078 innumera
704 2057 737 2077 ex
751 2049 846 2076 iisdem
862 2048 939 2076 libris
953 2048 1082 2084 colligere

300 2101 404 2131 liceret,
420 2099 520 2134 quibus
531 2104 612 2132 qttam
630 2096 709 2123 facile
724 2094 861 2122 confutari
876 2098 987 2130 queant,
1001 2102 1082 2130 quam

299 2152 396 2182 parum
415 2144 529 2172 invicem
553 2143 605 2171 sibi
630 2141 823 2176 respondentia
847 2141 974 2172 habeant,
1001 2147 1083 2176 quam

300 2193 356 2220 sint
369 2191 502 2222 fabulosa,
522 2197 603 2224 quant
616 2189 694 2223 plena
708 2187 838 2214 monstris
852 2186 1020 2214 evincamus.
1036 2186 1084 2212 At-

300 2243 390 2267 tamen
403 2235 622 2273 quandoquidem
639 2242 692 2262 non
707 2237 837 2260 accurato
854 2232 936 2259 nimis
952 2231 1083 2259 adversus

300 2283 437 2311 hominem
451 2281 542 2309 studio
556 2281 634 2308 nobis
644 2287 713 2315 opus
725 2282 784 2311 est;
800 2277 873 2312 quod
887 2280 993 2304 tantum
1011 2276 1083 2304 absit

1387 1992 1582 2019 ΚΕΦΑΛΑΙΟΝ
1598 1993 1666 2026 Λςι.

1170 2048 1260 2084 Μυρία
1277 2048 1324 2083 μὲν
1340 2046 1385 2075 οὖν
1402 2049 1448 2075 καὶ
1466 2048 1532 2075 ἄλλα
1555 2050 1685 2084 πάρεστιν
1704 2050 1736 2075 ἐκ
1757 2049 1812 2076 τῶν
1827 2049 1920 2077 αὐτῶν

1136 2093 1315 2126 ἀναλέξασθαι
1337 2095 1569 2130 συγγραμμάτων,
1603 2095 1632 2121 τό
1652 2103 1681 2121 τε
1704 2095 1731 2120 ὲν
1759 2095 1854 2126 αὐτοῖς
1875 2095 1920 2121 εὐ-

1135 2139 1271 2174 έλεγκτον,
1287 2140 1333 2166 καὶ
1345 2140 1503 2172 ἀσύστατον,
1519 2140 1639 2175 μυθῶδὲς
1655 2149 1683 2166 τε
1703 2140 1749 2166 καὶ
1767 2141 1920 2176 τερατῶδες

1135 2185 1308 2211 ἀπευθύνειν-
1327 2186 1401 2221 ὅμως
1418 2186 1478 2212 ἐπεί
1498 2194 1528 2220 γε
1543 2186 1602 2212 οὐδὲ
1621 2185 1719 2221 πολλῆς
1735 2185 1768 2212 τὰ
1787 2185 1859 2212 κατὰ
1873 2187 1920 2212 τὸν

1135 2231 1218 2267 ἄνδρα
1233 2231 1314 2258 δεῖται
1336 2231 1563 2265 σπουδαιολογίας,
1577 2232 1625 2266 οὐχ
1639 2232 1679 2258 ὅτι
1693 2240 1724 2266 γε
1736 2232 1765 2257 ὲν
1776 2231 1858 2263 θεοῖς,
1872 2232 1922 2258 καὶ

1135 2276 1304 2313 παραδόξοις,
1322 2277 1368 2303 καὶ
1388 2277 1555 2312 θαυμασίοις,
1572 2277 1628 2303 ἀλλ’
1649 2277 1703 2303 οὐδ’
1723 2278 1752 2304 ὲν
1765 2277 1921 2312 φιλοσόφοις

301 2335 332 2357 ut
359 2328 430 2355 inter
453 2326 519 2354 deos
542 2325 726 2361 stupendosve
758 2324 831 2350 viros
855 2326 882 2350 et
909 2321 1082 2349 adntirandos

1136 2323 1211 2359 παρά
1225 2331 1280 2349 τισι
1295 2323 1348 2349 τῶν
1362 2323 1408 2349 νῦν
1432 2323 1540 2358 μνήμης
1558 2322 1734 2358 ὑπαρχούσης
1752 2323 1846 2355 αὑτοῦ,
1864 2325 1921 2354 τοῖς

301 2372 391 2411 {locus
407 2373 458 2408 ipsi
477 2370 634 2406 habeatur],
652 2375 681 2397 ut
698 2377 731 2396 ne
748 2369 819 2395 inter
834 2367 1010 2402 philosophos
1020 2367 1082 2401 qui-

301 2420 364 2448 dem
379 2427 395 2446 a
407 2418 570 2453 quibttsdant
589 2416 674 2443 nostri
687 2415 736 2442 aevi
749 2413 905 2441 hominibus
915 2413 1016 2440 mentio
1023 2412 1084 2446 ejus

304 2465 366 2498 ﬁat;
384 2465 487 2492 idcirco
502 2464 536 2490 iis
552 2462 673 2489 contenti
688 2468 750 2496 quae
761 2460 832 2486 dicta
849 2462 923 2489 sunt,
941 2458 974 2485 ad
997 2458 1082 2492 septi-

303 2518 375 2538 mum
390 2516 497 2545 quoque
509 2509 542 2536 dc
556 2516 588 2535 eo
605 2508 703 2534 librum
718 2504 920 2542 progredimur.

335 2567 359 2586 "
380 2569 426 2597 lib.
445 2577 487 2601 tv,
503 2577 528 2595 (ξ.
546 2567 589 2594 10.
627 2566 650 2582 ⁸⁸
670 2566 717 2592 lib.
735 2573 779 2598 tv,
796 2571 822 2592 c.
839 2563 881 2590 16.
919 2563 941 2579 ⁹⁹
963 2562 1009 2590 lib.
1027 2569 1072 2593 tv,
1089 2569 1114 2589 c.
1129 2560 1175 2589 20.

337 2636 393 2672 (75)
413 2635 528 2680 «Ii/(igua.
549 2634 618 2662 Vide
639 2633 673 2661 de
693 2634 744 2660 hac
761 2640 826 2660 voce
839 2633 982 2659 observata
1000 2636 1081 2665 supra

302 2671 647 2742 ωὸἓξήῗξέδεδήλωται.
668 2704 769 2742 Nempe
786 2702 866 2742 paulo
879 2705 941 2742 ante
961 2708 1021 2742 cap.
1036 2698 1080 2742 ‘Zfi.

339 2736 395 2776 (77)
414 2736 467 2768 tr'at
481 2742 499 2775 ἡ
514 2736 609 2775 ψὐχη.
631 2741 684 2767 Καὶ
697 2736 766 2774 ὅτιὴ
782 2736 853 2776 ψυχή
870 2737 971 2763 editum
984 2736 1086 2765 fuerat;

303 2774 348 2801 ὅτι
361 2774 536 2810 rejieiendutit
559 2776 710 2804 videbatur.
727 2774 800 2808 quod
821 2774 852 2810 in
865 2780 917 2799 ms.
934 2779 966 2810 ex
981 2777 1083 2810 praece-

304 2806 468 2839 dentevlinea
484 2811 518 2837 alt
529 2811 664 2838 oscitante
686 2806 798 2836 libr—ario
811 2808 916 2834 videtur
930 2806 1081 2832 derivatum

304 2853 396 2914 esiis)
421 2879 467 2911 Ὠς
482 2879 520 2906 ἂν
537 2879 643 2913 φήσειέ
659 2887 712 2911 τις.
734 2877 795 2905 llaec
821 2875 1010 2914 addita._q_t_t_0(l
1041 2874 1083 2913 itt-

302 2911 379 2943 sttl’as
388 2911 545 2946 beatorum,
561 2911 587 2941 et
604 2915 631 2940 in
649 2914 682 2941 iis
699 2914 863 2940 habitantem
886 2911 998 2938 Achillis
1022 2911 1088 2948 atti-~

1134 2368 1287 2404 εἰρημέθοις
1305 2368 1492 2404 ἀρκεσθέντες,
1509 2367 1643 2403 μετίωμεν
1662 2368 1708 2395 καὶ
1728 2368 1774 2395 ἐπὶ
1793 2368 1824 2395 τδ
1847 2368 1922 2395 ἑϐδο-

1137 2423 1186 2449 μον
1201 2414 1265 2449 περὶ
1280 2414 1361 2440 αὐτοῦ
1377 2413 1555 2450 σύγγραμμα.

1219 2559 1227 2575 ¹
1248 2559 1296 2586 lib.
1314 2567 1357 2591 vr,
1376 2566 1401 2585 c.
1419 2558 1463 2586 53.
1502 2558 1512 2573 ³
1531 2557 1579 2584 lib.
1599 2565 1642 2589 tv,
1658 2564 1683 2584 c.
1698 2556 1744 2584 45.

1135 2636 1218 2659 mam,
1229 2635 1282 2654 non
1298 2627 1354 2662 ipse
1368 2626 1477 2661 quidem
1493 2629 1625 2661 agnoscat
1639 2623 1844 2662 Ettsebius,sed
1858 2624 1921 2662 κατ’

1135 2662 1276 2698 ἄνθρωπον
1291 2660 1428 2696 loquatur,
1443 2669 1477 2688 ex
1492 2666 1580 2698 mente
1591 2660 1751 2698 gentilium,
1763 2660 1873 2698 heroem
1887 2660 1922 2685 il-

1137 2695 1193 2724 luni
1211 2698 1236 2724 itt
1255 2695 1351 2724 insulis
1368 2697 1507 2724 beatorum
1527 2696 1655 2723 felicitate
1672 2695 1724 2721 t‘rui
1741 2695 1821 2729 juxta
1841 2695 1921 2721 theo-

1134 2733 1211 2768 logite
1225 2739 1281 2759 sua:
1297 2734 1394 2767 placita
1410 2732 1635 2768 egistitttantittm.

1170 2763 1236 2803 (78‘)
1254 2763 1485 2803 Ἀθέολειποῇονα.
1498 2766 1569 2803 Lege
1578 2764 1758 2803 ἀπολιποῦσα.
1772 2763 1854 2803 Enn.

1170 2798 1232 2837 (79)'
1245 2802 1389 2836 Φέρουσα.
1409 2801 1461 2829 Pro
1473 2798 1608 2837 φέρουσαν
1617 2800 1699 2834 (quod
1711 2802 1771 2825 erat
1783 2799 1811 2826 in
1824 2798 1918 2833 editis)

1134 2835 1288 2873 legendum,
1298 2838 1427 2872 putabant
1442 2835 1570 2873 φέρουσα.
1588 2835 1722 2873 Ηοιετιιιι.

1170 2868 1225 2908 (80)
1250 2868 1358 2906 Ὠς-’καὶ
1372 2868 1504 2906 πρόσίθέν
1514 2871 1601 2906 ἔφην.
1623 2870 1710 2904 Sapra
1725 2877 1785 2904 cap.
1799 2868 1845 2896 29.
