2065 3216
164 162 220 194 849

424 223 621 251 ΚΕΦΑΛᾹῙΟΝ
641 224 700 251 AZ’.

201 267 401 303 Κατηγορεῖται
420 268 486 304 δῆτα
506 269 633 305 γοητείαν
655 270 669 296 ὁ
685 269 763 305 ἀνήρ.
781 266 848 295 Εἶτα
864 269 955 305 Δημη-

162 312 234 348 τρίῳ
246 312 392 349 φιλοσόφῳ,
410 314 590 350 ἀποτρέποντι
607 315 687 341 αὑτὸν
700 314 750 350 τῆς
764 315 810 341 ἐπὶ
822 314 871 350 τὴν
889 314 954 341 Ῥώ-

165 366 221 394 μην
241 358 368 394 παρόδου,
386 360 423 396 μὴ
440 360 608 396 πειθόμενος,
622 360 726 396 ἐπαχθῆ
739 369 811 393 τινα,
832 361 879 387 καὶ
890 369 955 396 φορ.

162 403 229 430 τικὰ
246 405 309 439 περὶ
322 405 418 432 ἑαυτοῦ
433 403 483 434 ὧδέ
500 415 558 439 πως
572 407 663 440 λέγει·
682 417 690 432 ι
703 406 773 441 Ἐγὼ
784 406 813 432 δὲ
828 406 954 440 γινώσκω

164 449 218 485 μὲν
235 451 345 478 πλεῖστα
363 452 524 488 ἀνθρώπων,
548 453 595 479 ἆτε
617 453 649 488 δὴ
667 453 720 488 (8f)
746 452 823 484 εἰδὼς
845 453 951 479 πάντα-

161 493 224 522 οἶδα
236 495 263 522 δὲ
278 493 315 523 ὧν
331 495 390 524 οἶδα
405 498 439 525 τὰ
460 499 510 534 μὲν
524 499 689 531 σπουδαίοις,
705 498 738 525 τὰ
751 499 779 525 δὲ
802 499 902 534 σοφοῖς,
919 498 954 525 τὰ

161 540 193 567 δὲ
207 542 329 577 ἐμαυτῷ,
346 543 380 569 τὰ
391 543 420 570 δὲ
431 543 511 576 θεοῖς.
530 554 539 570 ι
559 545 613 571 Καὶ
624 544 655 580 δὴ
669 545 683 571 ὁ
697 546 726 571 ὲν
744 544 849 576 τούτοις
866 544 954 572 πάντα

161 585 264 612 εἰδέναι
278 587 541 624 μεγαλαυχούμενος,
554 589 665 625 προῖὼν,
675 590 783 624 ἄγνοιάν
793 598 873 617 τινων
885 590 953 627 πρὸς

159 630 211 657 τοῦ
225 631 302 665 λόγου
317 635 519 669 κατηγορεῖται.
535 632 602 661 Εἶτα
614 635 701 670 Δάμις
713 635 787 671 αὑτῷ
802 636 954 671 μεταπλάτ-

158 685 250 708 τεται,
267 677 310 704 διὰ
324 677 438 706 θανάτου
462 680 546 714 φόϐον
565 680 610 707 τὸν
626 681 769 716 φιλόσοφον
784 683 952 718 ἐπικρυπτό-

162 732 254 759 μενος.
271 725 369 751 Ἄκουε
385 725 408 752 δ’
424 724 470 753 οὖν
491 727 536 753 τοῦ
558 728 746 763 συγγραφέως,
761 728 778 755 ἃ
792 728 856 764 περὶ
870 729 951 755 αὑτοῦ

159 779 246 805 φησιν
264 770 498 807 ἀπολογούμενος·
518 783 526 798 ι
550 774 628 800 Attia.
643 775 693 809 μὲν
707 774 754 810 ἥδε
771 774 827 810 (8'2)
842 774 888 801 τοῦ
906 783 953 810 με·

157 815 288 842 ταϐαλεῖν
300 816 387 852 Δάμιν
401 817 431 844 τὺ
445 817 499 844 τῶν
516 818 706 855 Πυθαγορείων
723 819 825 855 σχῆμα.
845 820 881 846 0'5
899 820 952 856 γὰρ

157 861 206 895 ὡς¹
223 862 311 889 κακίω
334 863 388 898 (85)
414 872 445 898 γε
474 866 540 892 αὐτὸ
562 866 617 901 (84)
637 866 754 902 μετεῖναί
777 875 868 901 φησιν,
893 867 951 893 οὐδὲ

734 164 835 192 LIBER
852 164 990 192 CONTRA
1008 162 1216 192 HIEROCLEM.

1744 163 1795 191 850

1273 222 1387 251 CAPUT
1408 220 1536 250 XXXVII.

1045 270 1139 305 Magia:
1158 269 1241 305 igitur
1268 270 1330 298 dica
1346 270 1492 305 Apollonio
1509 266 1648 297 scribitur.
1665 268 1729 296 Inde
1743 275 1794 295 an-

1007 319 1062 344 tem
1078 315 1216 343 Demetrio
1230 315 1266 350 ph
1272 315 1406 351 ilosopho,
1418 315 1573 344 debortanti
1584 323 1646 343 cum
1657 315 1794 346 abitinere

1008 362 1122 390 Romam
1137 361 1338 394 continuando,
1368 362 1479 389 minime
1493 361 1654 393 obaudiens,
1670 360 1789 388 insolen-

1010 413 1051 435 ter
1068 408 1202 443 quaedam,
1219 416 1251 435 ac
1266 408 1384 443 superbe
1400 407 1434 435 de
1453 415 1483 435 se
1499 407 1558 442 ipso
1575 407 1618 434 his
1633 406 1690 434 fere
1702 406 1794 434 verbis
1826 425 1837 436 .

1010 453 1111 488 profert
1123 453 1152 481 ':
1169 463 1179 480 ι
1194 453 1251 488 Ego
1275 454 1428 481 mortalium
1454 458 1614 480 cunctorum
1631 453 1687 480 scio
1707 452 1792 487 pluri-

1011 507 1083 526 mum
1100 509 1107 527 :
1123 499 1180 527 scio
1202 500 1274 527 enim
1295 499 1397 527 omnia.
1416 498 1482 532 Quae
1505 500 1562 526 seio
1584 503 1674 526 autem
1694 499 1792 533 partim

1007 544 1064 570 scio
1089 544 1170 571 bonis
1196 545 1274 576 viris,
1294 543 1390 579 partim
1409 544 1590 578 sapientibus,
1615 543 1714 578 partim
1737 542 1790 578 ipsi

1006 589 1083 622 mihi,
1095 589 1197 624 partim
1207 590 1270 616 diis.
1291 599 1300 615 ι
1320 589 1372 616 Srd
1384 590 1455 617 enim
1469 590 1515 624 qui
1528 588 1620 616 verbis
1629 587 1689 616 istis
1699 588 1790 615 omnia

1007 643 1035 662 se
1053 643 1135 663 nosse
1150 635 1295 671 magniﬁce
1311 635 1455 669 gloriatur,
1472 635 1554 668 paulo
1578 638 1639 670 post
1666 634 1790 670 ignorati.

1006 681 1050 708 tiae
1071 681 1099 708 in
1120 681 1286 717 quibusdam
1315 681 1342 708 in
1366 681 1424 716 ipsa
1446 681 1491 708 illa
1516 681 1631 708 historia
1653 680 1788 715 arguitur.

1006 727 1071 755 Inde
1086 735 1171 764 porro
1194 727 1287 755 Damis
1306 727 1518 754 transformatur
1536 726 1623 758 abeo,
1642 726 1677 753 ob
1693 725 1789 753 mortis

1005 778 1106 801 metum
1124 773 1315 809 philosophum
1340 772 1522 801 abscondens.
1549 772 1602 800 Sed
1622 772 1684 799 audi
1698 770 1789 799 Philo-

1006 823 1109 846 stratus
1126 826 1186 854 quae
1212 819 1287 846 dicat
1308 819 1329 850 ⁵,
1355 819 1382 846 id
1405 818 1509 846 factum
1531 818 1591 853 ejus
1613 818 1762 846 defendens
1777 827 1786 845 :

1008 874 1017 890 ‹
1040 864 1072 892 Et
1083 872 1167 892 causa
1181 865 1291 900 quidem
1316 865 1421 892 exstitit
1439 864 1502 897 ista,
1517 872 1567 892 cur
1590 863 1787 900 Pythagoreum

159 907 313 941 μεταγνοὺς
328 908 403 940 αὐτὸ,
418 909 514 946 τέχνην
525 911 553 936 δὲ
569 911 726 943 ἐπαινέσας,
743 911 776 946 ἥν
792 911 910 946 ὑπῆλθεν
924 913 948 943 ὲς

1003 911 1094 939 Damis
1107 911 1230 938 habitum
1254 915 1385 938 mutaret.
1402 910 1496 946 Neque
1519 911 1592 938 enim
1610 911 1742 946 abjecisse
1759 917 1788 938 se

156 952 192 978 τὸ
205 951 340 989 ξυμφέρον
355 954 401 981 τοῦ
420 956 526 992 καιροῦ.
549 966 558 982 ι

1003 957 1040 984 ait
1056 965 1129 989 eum,
1146 961 1175 983 ut
1195 957 1240 992 qui
1256 958 1317 984 vitae
1341 957 1496 985 institutum
1521 961 1655 985 mutasset
1670 958 1697 984 in
1713 957 1788 984 dete-

157 1000 230 1032 rius,
265 1009 353 1036 neque
386 1003 461 1038 quod
487 1004 549 1039 ejus
568 1005 657 1040 ipsum
678 1005 834 1040 pmniteret,
852 1004 898 1032 sed
911 1003 983 1040 quod
1003 1009 1092 1032 astum
1114 1005 1252 1040 probaret,
1270 1005 1314 1032 cui
1338 1012 1368 1032 se
1391 1004 1649 1036 accommodaverit,
1673 1004 1787 1039 tempori

157 1047 354 1077 inserviturus.
378 1059 387 1076 ι

415 1097 612 1128 ΚΕΦΑΛΑΙΟΝ
634 1100 700 1126 AII'.

203 1142 264 1168 Ἐπὶ
283 1142 388 1176 τούτοις
404 1145 418 1170 ὁ
438 1144 616 1181 Φιλόστρατος
630 1146 767 1181 τέσσαρας
786 1146 884 1178 αἰτίας,
901 1146 951 1178 τὰς

155 1187 193 1222 δὴ
211 1188 335 1224 εὐχερεῖς
352 1189 426 1225 αὑτῷ
445 1191 512 1228 πρὸς
527 1191 673 1226 ἀπολογίαν
689 1192 863 1227 νομισθείσας
879 1193 952 1219 ὲκτί-

157 1233 250 1269 Οησιν,
277 1236 330 1262 ἀπὸ
357 1236 491 1264 πλείστων
517 1237 656 1273 ὁμολογῶν
681 1239 727 1265 καὶ
753 1238 839 1265 ἄλλων
867 1239 951 1270 αὑτὰς

156 1278 322 1314 ἀνειλέχθαι.
339 1277 388 1307 Ὧν
407 1281 423 1316 ή
444 1281 493 1316 μέν
511 1290 554 1313 τις
570 1279 613 1317 ἦν·
635 1292 643 1308 ι
663 1282 695 1308 Τί
718 1282 784 1318 δῆτα
810 1281 903 1317 μαθὼν
919 1282 948 1308 οὑ

156 1325 209 1361 τὴν
225 1325 310 1361 αὐτὴν
325 1326 427 1353 ἅπασιν
449 1327 505 1362 ἔχοι
519 1328 631 1364 στολήν;
648 1338 657 1354 ›
680 1329 696 1364 ὴ
712 1328 750 1355 δέ·
769 1338 778 1354 ι
795 1328 847 1354 Τοῦ
870 1328 948 1364 χάριν

156 1372 184 1398 οἱ
201 1371 339 1407 ἄνθρωποι
353 1372 418 1399 Θεὸν
434 1374 515 1400 αὐτὸν
528 1374 700 1409 νενομίκασι;
719 1384 728 1400 ι
743 1375 822 1410 τρίτη
838 1382 844 1389 ·
865 1384 873 1400 ι
893 1375 946 1401 Πό-

157 1418 207 1445 Οεν
234 1420 358 1456 προείποι
376 1420 509 1454 Ἐφεσίοις
533 1421 577 1448 τὺν
599 1421 707 1457 λοιμόνς
726 1431 736 1447 ι
753 1422 800 1448 ἐπὶ
822 1421 944 1453 ταύταις·

158 1472 170 1490 ι
192 1464 250 1491 Τίνι
275 1465 329 1500 (85)
354 1465 465 1500 βαδίσας
483 1467 511 1498 ἐς
533 1467 617 1502 ἀγρὸν
640 1467 784 1502 ἁνατέμνει
803 1467 848 1494 τὸν
864 1466 946 1494 παῖδα

155 1511 206 1538 τὸν
228 1512 360 1548 Ἀρκάδας
381 1523 390 1539 ι
408 1513 482 1549 Πρὸς
497 1513 597 1546 ταύτας
615 1514 643 1541 δέ
662 1523 727 1550 φησι
744 1515 790 1541 καὶ
810 1514 859 1549 τὴν
880 1514 947 1540 ἀπο-

156 1557 252 1592 λογίαν
272 1559 353 1585 αὐτὸν
373 1561 549 1595 γεγραφέναι.
577 1560 712 1596 Πρότερον
732 1560 754 1586 δ’
778 1560 879 1596 ἱστορεῖ
903 1560 947 1586 δε-
962 1577 982 1603 C

158 1607 239 1640 σμοῖς
255 1607 335 1632 αὐτὸν
349 1608 545 1643 παραδοθῆναι,
562 1606 608 1633 καί
621 1615 647 1633 τι
663 1605 818 1641 θαυμαστὸν
831 1605 947 1632 ἐνταῦθα

156 1651 390 1686 κατεργάσασθαι.
414 1653 458 1688 Τῷ
472 1651 525 1686 γάρ
543 1661 582 1679 τοι
602 1653 697 1687 Δάμιδι
715 1652 786 1687 μάλα
807 1651 945 1687 λυπηρῶς,

155 1697 197 1728 ὼς
213 1696 246 1723 ἂν
262 1698 308 1724 ἐπὶ
329 1699 455 1734 συμφορᾷ
476 1698 523 1725 τοῦ
539 1698 697 1725 διδασκάλου
713 1697 885 1732 διακειμένῳ,
899 1696 947 1723 αὺ-

154 1742 277 1777 τόματον
289 1743 420 1774 ἐπιδεῖξαι
441 1742 585 1778 λελυμένον
607 1743 654 1770 τοῦ
672 1743 771 1778 δεσμοῦ
794 1742 825 1769 τὸ
840 1741 943 1772 σκέλος

155 1785 219 1814 εἶτα
237 1787 316 1815 πάλιν
334 1788 490 1815 ἀναλαϐόντ¹
509 1789 589 1815 αὐτὸν
607 1789 656 1824 τῆς
673 1788 769 1822 λύπης,
785 1787 898 1814 ἐνθεῖναι
918 1789 946 1819 ἐς

154 1834 188 1860 τὸ
203 1834 333 1870 πρότερον
350 1835 443 1871 σχῆμα
465 1835 510 1862 τὸν
533 1835 609 1862 πόδα.
625 1835 701 1861 Μετὰ
717 1834 806 1866 τοῦτο,
820 1834 946 1870 κρινόμε-

155 1889 204 1907 νον
220 1881 301 1908 αὺτὸν
322 1882 369 1908 ἐπὶ
390 1881 522 1917 βασιλέως
539 1880 713 1916 Δομετιανοῦ,
729 1881 829 1915 γράφει
842 1878 901 1907 εἶτα
913 1880 945 1916 δὴ

153 1927 212 1953 τῶν
242 1927 422 1963 ἐγκλημάτων
451 1927 627 1962 ἀπολυθῆναι,
654 1928 701 1954 καὶ
727 1926 795 1962 μετὰ
818 1926 867 1962 τὴν
891 1925 945 1952 τῶν

153 1973 337 2008 ἐγκλημάτων
353 1974 438 2007 λύσιν,
457 1974 507 2000 οὐκ
530 1971 577 2000 οἶδ’
597 1973 818 2008 ὁπως.ἁκαίρως,
838 1972 883 2008 μοὶ
904 1972 945 1998 δο-

153 2020 210 2049 κεῖ,
223 2019 251 2045 ἐν
271 2019 310 2054 τῷ
323 2019 493 2055 δικαστηρίῳ
508 2019 576 2046 αὐτὰ
597 2019 628 2055 δὴ
648 2019 733 2045 ταῦτα
748 2020 922 2055 ἀναφωνῆσαι
935 2028 941 2034 ·

154 2072 166 2088 ‹
186 2063 249 2095 Δὸς,
266 2064 289 2089 εί
302 2063 391 2098 βούλει
408 2064 473 2099 (86),
486 2064 570 2099 κάμοὶ
588 2064 679 2090 τόπον.
693 2064 724 2090 Εἰ
740 2064 768 2090 δὲ
785 2064 833 2100 μὴ,
851 2065 943 2100 πέμπε

150 2108 202 2134 τὸν
220 2108 371 2144 ληψόμενόν
388 2119 438 2145 μου
453 2110 483 2136 τὸ
497 2109 591 2145 σῶμα’
608 2110 658 2146 τὴν
674 2109 728 2145 γὰρ
743 2109 831 2146 ψυχὴν
846 2110 942 2137 ἀδύνα-

150 2162 212 2185 τον,
229 2154 330 2189 μᾶλλον
348 2155 370 2182 δ’
391 2155 445 2182 οὐδ’
460 2155 493 2182 ἂν
509 2155 540 2182 τὸ
561 2155 641 2191 σῶμα
654 2156 754 2192 τούμὸν
772 2156 872 2188 λάϐοις.
895 2165 904 2182 ι

191 2301 234 2327 Οὺ
250 2299 304 2334 γάρ
319 2309 357 2334 με
370 2300 507 2334 κτενέεις,
523 2301 586 2328 ἐπεὶ
607 2302 688 2329 οὗτοι
706 2302 852 2337 μόρσιμός
870 2303 938 2337 ειμι.

188 2355 246 2382 Καὶ
261 2355 293 2391 δὴ
316 2355 361 2382 ἐπὶ
380 2355 466 2392 τούτῳ
483 2356 521 2392 τῷ
544 2357 697 2398 περιόοήτῳ
721 2357 823 2392 ῥήματι
847 2358 941 2392 ἀφανι-

151 2399 252 2433 σθῆναι
264 2400 311 2426 τοῦ
327 2400 500 2436 δικαστηρίου
519 2402 601 2437 φησὶν
615 2402 706 2429 αὐτόν.
719 2403 774 2429 Καὶ
785 2404 813 2429 ὲν
826 2402 940 2435 τούτοις,

148 2445 180 2472 τὲ
200 2445 265 2481 περὶ
281 2446 362 2473 αὑτοῦ
379 2447 563 2483 καταστρέφει
574 2448 676 2484 δρᾶμα.

1256 1095 1374 1124 CAPUT
1393 1096 1525 1124 XXXVIII

1038 1141 1103 1169 Post
1120 1142 1176 1169 haec
1186 1141 1370 1170 Philostratus
1383 1148 1499 1178 quatuor
1512 1143 1695 1172 accusationis
1711 1144 1786 1179 capi-

1001 1191 1040 1219 ta,
1068 1196 1129 1223 quae
1153 1187 1233 1215 facile
1254 1195 1283 1215 se
1307 1188 1430 1223 apologia
1449 1189 1554 1216 diluere
1570 1197 1650 1224 posse
1666 1194 1783 1224 putaret,

1002 1234 1115 1268 exponit
1129 1234 1139 1249 ⁸
1152 1243 1158 1260 :
1175 1241 1208 1261 ex
1223 1234 1347 1268 pluribus
1362 1234 1423 1261 aliis
1441 1242 1536 1261 eorum
1553 1234 1689 1262 delectum
1704 1235 1784 1262 habi-

1001 1283 1058 1306 tum
1070 1287 1131 1307 esse
1146 1280 1282 1315 inquiens.
1297 1279 1399 1307 IIorum
1416 1281 1532 1315 primum
1550 1284 1628 1308 erat:
1651 1290 1659 1306 ι
1679 1281 1738 1313 Qua
1751 1281 1784 1309 de

1003 1333 1086 1353 causa
1098 1326 1191 1354 eodem
1208 1334 1262 1361 quo
1274 1327 1364 1354 caeteri
1377 1327 1470 1354 habitu
1490 1335 1544 1354 non
1559 1328 1669 1355 utatur?
1684 1338 1694 1354 ι
1710 1328 1785 1356 Alte-

1002 1381 1063 1400 rum
1077 1380 1161 1408 porro
1177 1382 1183 1399 :
1199 1382 1208 1399 ‹
1227 1373 1317 1404 Ouare
1337 1373 1417 1401 deum
1445 1374 1534 1409 ipsum
1550 1374 1675 1401 homines
1689 1379 1785 1409 putent

1000 1419 1077 1446 esse?
1092 1429 1101 1445 ι
1113 1419 1249 1446 Tertium:
1261 1429 1270 1444 ‹
1281 1419 1403 1452 Quanam
1418 1419 1525 1447 ratione
1541 1423 1645 1455 pestem
1659 1419 1783 1455 Ephesiis

1000 1465 1187 1492 imminentem
1212 1466 1388 1500 praedixerit?
1406 1476 1415 1492 ι
1434 1466 1567 1494 Praeterea
1585 1475 1591 1493 :
1609 1475 1619 1492 ι
1646 1466 1675 1494 In
1703 1467 1783 1501 cujus

999 1510 1115 1546 gratiam
1133 1511 1161 1538 in
1178 1519 1273 1546 agrum
1285 1511 1434 1546 profectus,
1449 1511 1582 1539 Arcadem
1593 1520 1708 1548 puerum
1724 1512 1782 1540 dis-

1000 1557 1154 1592 cerpserit?
1173 1567 1182 1583 ι
1200 1557 1289 1592 Atque
1309 1557 1343 1584 ad
1370 1558 1530 1592 depellenda
1552 1558 1603 1585 ista
1630 1559 1780 1594 apologiam

999 1610 1108 1638 quoque
1124 1610 1187 1630 eum
1203 1604 1348 1638 scripsisse
1363 1604 1401 1630 ait
1416 1604 1436 1631 ⁸.
1453 1604 1522 1631 Ante
1536 1611 1601 1632 vero
1622 1604 1649 1631 in
1672 1605 1780 1631 vincula

998 1656 1061 1676 eum
1076 1649 1231 1684 conjectum
1248 1652 1390 1680 memorat,
1412 1653 1492 1684 atque
1504 1649 1532 1676 in
1549 1649 1583 1677 iis
1596 1650 1678 1676 etiam
1694 1649 1781 1677 admi-

998 1694 1085 1721 randa
1112 1694 1235 1728 quaedam
1266 1694 1436 1729 praestitisse.
1462 1694 1566 1722 Damidi
1591 1696 1663 1722 enim
1689 1696 1780 1722 animo

998 1740 1075 1767 valde
1095 1740 1204 1772 amictu,
1223 1744 1252 1767 ut
1267 1748 1318 1775 par
1331 1743 1391 1768 erat
1416 1740 1443 1766 in
1470 1740 1521 1767 ista
1544 1740 1720 1775 praeceptoris
1736 1741 1778 1768 sui

998 1783 1118 1816 fortuna,
1143 1788 1240 1819 sponte
1261 1784 1328 1819 pede
1349 1783 1460 1818 delapsa
1484 1783 1590 1810 vincula
1616 1791 1678 1811 eum
1700 1790 1779 1810 mon-

997 1834 1100 1858 strasse
1115 1830 1136 1862 ⁷,
1155 1830 1219 1857 inde
1232 1838 1308 1862 vero,
1327 1830 1373 1857 ubi
1387 1830 1447 1865 ejus
1463 1829 1603 1856 tristitiam
1616 1832 1688 1857 esset
1703 1828 1778 1856 sola-

997 1880 1052 1907 tus,
1071 1877 1155 1911 priori
1176 1877 1260 1904 statui
1278 1876 1371 1911 pedem
1390 1876 1556 1904 restituisse.
1571 1875 1638 1903 Post
1661 1875 1718 1902 haec
1731 1882 1778 1902 co-

997 1929 1054 1949 ram
1072 1921 1226 1949 Domitiano
1243 1922 1407 1958 imperatore
1425 1929 1535 1949 causam
1552 1921 1698 1953 dicentem,
1713 1928 1776 1948 mox

995 1968 1109 1996 crimine
1134 1969 1288 1996 absolutum
1313 1968 1418 2000 scribit,
1434 1968 1580 2002 dilutisque
1597 1975 1657 2002 quae
1670 1967 1777 2002 objecta

996 2013 1104 2041 fuerant
1118 2014 1290 2046 criminibus,
1307 2014 1400 2041 nescio
1416 2014 1552 2048 quomodo
1565 2021 1659 2048 parum
1677 2019 1777 2047 oppor-

995 2064 1060 2087 tune
1076 2061 1229 2095 sequentia,
1255 2060 1322 2095 ipsis
1348 2060 1446 2090 verbis,
1472 2059 1499 2086 in
1519 2058 1665 2086 dicasterio
1679 2065 1777 2093 magno

995 2107 1113 2134 clamore
1125 2107 1271 2142 protulisse
1280 2106 1291 2122 '
1311 2116 1317 2133 :
1339 2115 1348 2131 ι
1365 2105 1420 2133 Fac
1432 2109 1459 2133 et
1471 2105 1536 2132 mihi
1549 2103 1671 2141 [dicenti]
1683 2111 1776 2140 qumso

994 2152 1094 2178 locum.
1124 2151 1172 2179 Sin
1200 2152 1301 2182 minus,
1331 2151 1446 2178 immitte
1474 2150 1520 2185 qui
1549 2157 1650 2185 corpus
1674 2149 1776 2176 vinciat

993 2205 1104 2230 meum;
1132 2197 1353 2232 quandoquidem
1376 2196 1454 2232 ligari
1477 2195 1567 2223 anima
1590 2195 1694 2231 nequit.
1719 2193 1776 2222 Imo

960 2249 982 2276 ι)
996 2244 1086 2279 potius
1098 2251 1132 2271 ne
1146 2251 1245 2278 corpus
1260 2243 1368 2278 quidem
1381 2250 1472 2270 meum
1486 2242 1601 2270 vincias.
1625 2251 1635 2268 ι

995 2298 1051 2326 Nec
1066 2307 1106 2326 me
1120 2300 1188 2327 enim
1210 2299 1323 2332 occides,
1349 2299 1444 2326 Parcis
1461 2307 1501 2326 me
1518 2298 1622 2333 auferre
1643 2302 1773 2333 negatum.

994 2356 1116 2392 Dumque
1137 2357 1208 2385 istud
1223 2363 1276 2385 tam
1296 2358 1402 2385 celebre
1415 2357 1516 2384 dictum
1533 2356 1676 2392 proferret,
1696 2353 1777 2389 536

994 2411 1008 2430 e
1020 2403 1168 2430 dieasterio
1185 2411 1246 2431 eum
1263 2404 1431 2439 disparuisse
1444 2403 1493 2430 ait.
1508 2402 1596 2437 Atque
1607 2401 1664 2429 hate
1675 2405 1717 2429 est
1734 2401 1774 2427 fa-

995 2448 1067 2476 bulae
1080 2449 1140 2483 ejus
1154 2449 1336 2484 catastrophe.

189 2523 199 2538 '
221 2522 268 2560 lib.
286 2529 323 2549 vn
337 2542 343 2553 ,
361 2521 446 2560 c._I4.
486 2522 497 2538 ⁸
513 2522 614 2560 Ιίμνη
626 2544 633 2555 ,
651 2531 677 2550 c.
695 2523 738 2550 l6.
757 2559 764 2560 ί
777 2524 787 2540 ³
807 2524 853 2551 lib.
871 2532 922 2556 vn,
939 2533 965 2553 c.
982 2525 1037 2557 20;
1057 2525 1124 2553 adde
1139 2533 1164 2552 e.
1181 2526 1223 2552 ll.
1240 2530 1267 2553 et
1282 2526 1330 2553 lib.
1348 2534 1414 2559 VIII,
1431 2534 1457 2554 c.
1473 2526 1508 2558 5,
1525 2533 1604 2560 quem
1622 2525 1712 2552 locum
1728 2524 1772 2551 hic

150 2558 273 2584 maxime
299 2557 398 2592 respici
415 2561 491 2592 pulo.
529 2559 540 2573 ‘
559 2558 606 2585 lib.
626 2566 693 2590 vui,
709 2566 736 2586 c.
751 2559 777 2586 6.
815 2564 826 2579 '
847 2560 894 2588 lib.
913 2569 966 2592 vn,
984 2569 1009 2588 c.
1027 2561 1072 2588 59.
1111 2561 1122 2576 “
1143 2561 1189 2588 lib.
1207 2569 1274 2593 VIII,
1293 2569 1318 2588 c.
1337 2562 1363 2589 5.

188 2615 246 2652 (δῇ)
267 2615 330 2652 :Ate
341 2615 389 2652 dri.
410 2616 551 2644 Omittitur
564 2616 596 2652 δή
611 2616 681 2652 apud
696 2616 898 2646 Philostratum.

187 2650 246 2687 g8?)
267 2650 344 2677 "H65.
367 2651 484 2679 Omnino
496 2650 639 2687 legendum
654 2651 700 2687 ἥδε
715 2659 746 2679 ex
759 2652 935 2684 Philostrato,

150 2685 326 2723 referturque
342 2686 408 2714 illud
422 2687 469 2722 ἣδε
484 2685 566 2714 εόόο
585 2694 645 2721 quae
662 2685 849 2721 praecedebant
865 2689 937 2723 apud

150 2721 235 2756 istum
254 2721 540 2756 scriptoreiu,'quibus
554 2729 643 2750 causae
658 2723 754 2749 mutati
768 2729 784 2749 a
797 2724 874 2750 Dami
884 2721 938 2751 'ha-

149 2755 227 2782 bitus
243 2755 464 2784 continebantur.

189 2790 244 2825 (85)
271 2791 316 2822 Ὠς
326 2792 428 2819 κακίω.
448 2791 540 2819 Lectio
557 2790 707 2819 indubitate
724 2800 796 2824 vera,
813 2797 842 2819 ut
861 2801 938 2821 navo

150 2825 279 2861 laborent
303 2826 369 2852 editi
385 2828 443 2861 qui.
460 2827 562 2854 omisso
576 2827 623 2859 ὡς,
638 2827 738 2855 habent
752 2828 861 2860 κακίας.
878 2828 935 2856 Me—

151 2860 248 2888 liorem
264 2860 407 2888 leclionem
421 2870 454 2889 ex
472 2861 635 2889 Philostrato
649 2863 846 2890 revocavimus.

188 2895 246 2932 (84)
267 2896 355 2924 Δὺτό.
376 2896 529 2926 Pronomen
553 2897 604 2926 hoc
628 2897 782 2926 addidimus
795 2906 828 2926 ex
844 2898 933 2926 Philo-

987 2623 1084 2647 strato.

1025 2654 1079 2688 (85)
1101 2654 1171 2680 Τίνι.
1193 2653 1291 2681 Notum
1307 2657 1348 2681 est
1361 2653 1432 2689 apud
1444 2654 1551 2689 Graecos
1564 2653 1667 2689 pariter
1676 2660 1707 2680 ac
1719 2651 1768 2680 La-

987 2690 1060 2716 tinos
1072 2690 1163 2724 dativo
1173 2688 1444 2724 exprimipersoham
1457 2689 1485 2715 in
1502 2688 1581 2722 cujus
1593 2688 1706 2724 gratiam
1718 2688 1770 2724 ali-

988 2724 1053 2759 quid
1070 2725 1107 2751 lit.
1125 2722 1226 2759 Nempe
1243 2724 1270 2750 in
1285 2722 1379 2759 Nerva:
1389 2724 1504 2759 gratiam
1519 2722 1700 2750 abominanda
1718 2723 1770 2750 ista

989 2758 1068 2787 Sacra
1093 2758 1203 2793 peracta
1229 2759 1314 2786 fuisse
1340 2758 1509 2786 Domitianus
1526 2758 1731 2793 suspicabatur,
1741 2760 1770 2793 ut

989 2802 1022 2821 ex
1037 2792 1195 2821 Philostrati
1216 2794 1369 2821 clarissime
1388 2798 1496 2821 constat
1514 2792 1637 2821 historia.
1652 2792 1706 2820 Sed
1725 2792 1769 2819 hic

987 2834 1078 2880 tamen
1093 2830 1174 2880 etiam
1188 2829 1316 2857 Acciolus
1333 2829 1453 2864 impegit.
1470 2828 1521 2856 Ubi
1537 2836 1601 2857 vero
1613 2835 1668 2856 non
1685 2827 1769 2864 impe-

1007 2864 1025 2890 it
1040 2863 1106 2890 iste“!

988 2872 1090 2933 “"6568
1098 2872 1211 2926 :BOI5.IEl.
1231 2899 1373 2933 Pliilostr.,
1391 2899 1499 2936 βούλοιο.
