2065 3216
172 145 230 174 855
737 148 838 177 LIBER
853 149 993 178 CONTRA
1011 149 1218 180 HIEBOCLEM.

974 214 996 241 Α

1743 152 1795 181 εει

1306 208 1420 237 CAPUT
1440 208 1497 237 XL.

1051 253 1151 282 Verum
1171 261 1268 282 rursus
1292 262 1346 281 non
1369 254 1407 281 ita
1429 255 1514 282 multo
1535 260 1597 290 past
1612 259 1718 283 natum
1734 256 1795 290 ejus

1014 300 1095 328 nobis
1121 300 1339 335 suppeditabitur
1360 304 1548 336 argumentum
1566 301 1600 328 ¹¹.
1616 302 1685 330 Cum
1701 311 1735 330 ex
1753 304 1796 330 in<

1013 349 1122 381 sperato
1130 346 1202 372 enim
1218 345 1250 372 ad
1265 353 1328 373 eum
1344 345 1488 373 accederet
1503 353 1558 374 non
1570 354 1661 380 nemo,
1677 348 1795 375 diceret-

1013 400 1065 427 que
1082 401 1088 420 :
1107 401 1116 418 I
1129 391 1210 419 Hisce
1225 395 1251 418 te
1266 391 1400 425 vinculis,
1420 399 1438 418 ο
1450 391 1594 427 Apolloni,
1615 393 1697 420 eximi
1717 393 1796 428 jubet

439 206 633 234 ΚΕΦΑΛΔΙΟΝ
652 208 696 235 Μ’.

217 251 297 278 Ἀλλά
318 252 372 288 γὰρ
393 252 442 280 οὐκ
468 254 497 284 ἐς
520 253 628 289 μακρὰν
650 252 727 286 αὖθις
752 255 765 281 ὁ
786 255 836 290 τῆς
859 255 965 290 φύσεως

137 302 153 339 ᾗ,
174 297 365 334 παραθήσεται
389 298 507 334 ἔλεγχος.
527 300 630 327 Αὐτίκα
646 301 701 336 γάρ
718 309 790 332 τινος
807 302 964 334 ἐπιστάντος

170 343 266 380 αὐτῷ,
286 343 333 370 καὶ
356 345 509 380 φήσαντος·
533 355 542 372 ι
562 346 669 382 Ἀφίησί
686 355 729 379 σε,
751 344 773 374 ὦ
792 347 963 380 Ἀπολλώνιε,

167 390 288 417 τουτωνὶ
314 390 369 418 τῶν
401 391 506 427 δεσμῶν
527 393 542 419 6
568 393 714 428 βασιλεὺς,
743 395 790 420 καὶ
823 394 963 431 ἐλεύθερον

167 436 359 473 δεσμωτήριον
374 440 509 473 συγχωρεῖ
519 440 612 471 οἰκεῖν,
632 449 641 464 ι
654 441 668 466 ὀ
681 440 812 475 κρείττων
826 441 842 476 ἦ
857 441 962 476 ἄνθρω-

125 472 153 505 ii
178 489 235 514 πος,
249 483 296 509 καὶ
310 483 362 509 τῶν
377 483 526 519 μελλόντων
539 485 732 521 προγνώστης,

1012 438 1170 472 imperator,
1197 441 1282 472 utque
1311 437 1339 463 in
1355 437 1481 464 liberiore
1494 445 1605 465 carcere
1625 439 1707 473 degas
1727 446 1791 474 per-

1012 484 1112 518 mittit;
1125 494 1133 510 ι
1149 487 1206 511 tum
1229 484 1299 510 ultra
1320 483 1460 511 hominum
1482 488 1583 512 sortem
1606 486 1713 520 positus
1732 485 1791 518 ille,

175 571 281 605 Κωφοῦ
294 580 325 598 τε
338 572 450 606 ξυνιεὶς
461 572 528 609 (89),
539 574 588 600 καὶ
606 575 641 601 οὐ
654 575 820 609 λαλέοντος
833 576 959 608 ἁκούων,

170 625 229 652 ὑπὸ
242 625 292 661 τῆς
304 626 383 660 ἀγαν,
397 627 436 659 ὡς
456 627 540 660 εἰκὸς,
561 629 737 664 περιχαρείας
752 630 896 657 ἀποπεσὼν
912 632 961 667 τῆς

173 672 372 707 προγνώσεως,
395 675 556 702 πυνθάνεται
573 675 676 710 λέγων·
692 686 701 702 ‹
721 676 768 708 Τίς
788 674 833 704 οὖν
849 678 863 703 6
880 686 960 713 μετα-

172 718 316 745 σκευάσων
337 719 364 754 μ’
382 719 522 753 ὲντεῦϐ.ςν;
541 731 549 746 ι
573 721 601 748 '0
623 721 667 748 δέ·
689 731 698 747 ι
727 722 812 756 Ἐγὼ,
832 723 894 759 ἔφη,
913 725 960 751 καὶ

165 762 253 790 ἔτιον.
269 773 278 789 ›

423 822 619 850 ΚΕΦΛΛΑΙΟΝ
639 824 705 850 MA'.

209 875 275 904 Εἶτα
289 877 335 903 καὶ
346 877 423 912 λόγον
434 879 580 913 ἀπολογίας
589 880 603 905 ὁ
615 879 751 912 Θειότατος
766 881 837 916 μάλα
851 890 882 916 γε
901 890 961 908 συν-

166 923 265 949 τάττει
279 925 532 960 πεφροντισμένως,
547 927 661 960 ἀγνοῶν,
678 928 717 954 ὅτι
737 927 804 963 δῆτα
827 929 855 960 ὲς
873 929 960 964 μάτην

169 969 249 1004 αὐτῷ
262 970 495 1006 σπουδασθήσεται
505 973 521 1008 ἡ
532 974 636 1009 γραφή.
652 974 743 1000 Οῐεται
757 975 805 1010 μὲν
816 975 869 1011 γὰρ
880 976 960 1001 ἀκου-

172 1014 321 1050 σθήσεσθαι
345 1016 426 1042 αὑτοῦ
451 1018 670 1054 ἀπολογουμένου
687 1019 832 1054 βασιλέως
850 1021 905 1050 καὶ,
922 1020 959 1051 ὡς

170 1060 356 1094 ἀκουσομένου
377 1070 409 1095 γε
441 1063 542 1098 σφόδρα
576 1064 696 1096 πιθανῶς
721 1065 958 1100 παρασκευάζεται

169 1105 222 1140 τὴν
238 1105 382 1138 ἀπολογίαν
392 1115 398 1121 '
414 1108 428 1134 6
440 1107 478 1139 δὲ,
496 1109 596 1144 ταύτην
612 1108 648 1145 μὴ
663 1110 819 1145 ἀναμείνας,
838 1111 866 1142 ἐς
883 1111 958 1137 οὐδὲν

169 1152 255 1178 αὐτοῦ
268 1153 317 1188 τὴν
329 1144 453 1190 ’σπουδὴν
470 1156 663 1190 κατεστήσατο.
688 1157 786 1182 ’Ἄκουε
805 1156 837 1193 δὴ
852 1154 897 1185 οὖν
911 1159 958 1185 κα).

168 1198 238 1233 περὶ
256 1199 358 1226 τούτων
373 1198 417 1226 οἷά
435 1209 515 1236 φησιν
530 1202 544 1227 ὁ
565 1201 689 1236 ἐλεγχος’
706 1211 715 1228 ‹
734 1203 842 1239 Ἐπειδὴ
863 1203 891 1230 δὲ
912 1204 958 1230 καὶ

169 1242 251 1277 λόγος
273 1244 346 1280 αὐτῷ
365 1246 519 1282 συνεγράφη
536 1255 595 1278 τις,
610 1247 647 1278 ὡς
668 1247 736 1283 πρὸς
759 1247 830 1283 ὕδωρ
842 1248 895 1283 (90)
909 1249 958 1284 τὴν

169 1289 318 1324 ἀπολογίαν
334 1291 464 1326 ἀφήσοντι
474 1291 538 1327 (91),
555 1291 655 1324 ξυνεῖλε
668 1292 696 1318 δὲ
713 1292 792 1319 αὑτὸν
803 1295 817 1320 6
829 1294 958 1330 τύραννος

140 1328 143 1331 ’
170 1337 202 1367 ἐς
214 1336 246 1369 ἃς
257 1337 354 1374 εἴρηκα
370 1339 527 1375 ἐρωτήσεις,
544 1339 744 1375 ἀναγεγράφθω
760 1341 805 1367 καὶ
817 1341 830 1367 ὀ
843 1328 930 1375 λόγος.
944 1351 953 1367 ι

171 1382 245 1417 Ὅρα
266 1383 296 1418 δὴ
316 1383 374 1415 πῶς
393 1384 440 1410 τοῦ
465 1384 606 1419 μέλλοντος
630 1385 796 1421 πορρωτάτω
816 1387 957 1422 τυγχάνων

168 1425 186 1451 ὁ
202 1425 290 1452 πάντα
310 1426 464 1459 θειότατος,
490 1428 557 1463 μετὰ
574 1429 704 1464 πλείστης
724 1430 789 1465 ὅσης
809 1431 955 1466 φροντίδος,

165 1470 210 1502 ὼς
233 1471 300 1507 πρὸς
324 1472 396 1509 ὕδωρ
416 1475 466 1510 τὴν
489 1475 634 1509 ἀπολογίαν
661 1476 839 1512 ποιησόμενος
860 1478 957 1505 ἐσπού-

165 1514 261 1548 δαζεν.

418 1652 617 1689 ΚΕΦΑΛΔῙΟΝ
640 1655 705 1682 MB’.

212 1693 292 1722 Ἀλλά
308 1696 361 1732 γὰρ
376 1696 536 1734 διεξιτητέον
552 1700 598 1726 καὶ
609 1700 657 1735 τὴν
676 1702 704 1733 ἐς
718 1701 805 1737 μάτην
822 1701 896 1737 αὑτῷ
910 1711 955 1728 πε-

166 1739 323 1774 ποιημένην
337 1740 492 1775 ἀπολογίαν,
504 1742 531 1774 ἃ,
549 1743 586 1775 ὡς
605 1745 690 1771 πολλά
710 1746 757 1772 καὶ
842 1747 908 1774 ἀλλα
925 1749 954 1774 ὲν

166 1783 255 1820 ταύτῃ
268 1785 422 1822 Δομετιανῷ
439 1789 614 1823 προσφωνῶν,
630 1790 842 1824 ἀπαυθαδίζεται
856 1793 952 1827 λέγων·

169 1830 236 1861 «Ὧς
253 1831 306 1866 ἄρα
325 1831 526 1865 Οὐεσπασιανὸς
550 1835 580 1861 σὲ
605 1835 653 1870 μὲν
676 1835 788 1871 βασιλέα
815 1838 952 1872 ἐποίησεν,

166 1872 216 1898 ὑπ’
232 1873 297 1907 ἐμοῦ
312 1873 340 1900 δὲ
352 1875 467 1909 ἐγένετο.
484 1886 493 1903 ι
507 1877 591 1904 Βασαὶ
602 1879 651 1914 τῆς
665 1879 837 1913 ἀλαζονείαςί
851 1882 883 1916 ἢν
895 1882 953 1909 οὔτι

164 1926 200 1953 γε
216 1919 230 1945 6
242 1920 339 1954 τυχὼν,
356 1921 414 1948 ἀλλ’
429 1922 488 1949 οὐδὲ
511 1925 535 1950 εί
563 1924 705 1959 φιλόσοφός
721 1935 762 1958 τις
774 1927 891 1963 ἀληθῶς,
908 1930 954 1956 καὶ

165 1964 240 1990 κατὰ
257 1965 426 2001 ἀνθρωπείαν
442 1969 596 2005 ὑπεραίρων
614 1970 733 2004 ἐγεγόνει
751 1972 840 2006 φύσιν,
857 1974 952 2010 ἑτερα-

164 2009 283 2036 τεύσατο
296 2010 338 2043 ἂν,
358 2012 394 2047 μὴ
408 2013 468 2048 οὐχὶ
488 2013 565 2049 δίκην
582 2015 674 2047 ἀνοίας
690 2016 765 2052 παρὰ
783 2019 839 2050 τοῖς
852 2009 954 2055 ἔμφρο-

166 2063 210 2081 σιν
226 2055 358 2090 ὑποσχών.
375 2056 440 2085 Εἶτα
451 2059 480 2085 δὲ
494 2059 543 2095 τῆς
557 2061 617 2087 κατ’
632 2062 712 2088 αὐτὸν
728 2063 846 2098 ὑποψίας
858 2065 953 2092 ἑαυτὸν

164 2100 350 2136 ἀπολυόμενος
364 2103 429 2138 (95),
444 2104 529 2131 ταῦτα
545 2106 609 2142 περὶ
625 2108 730 2143 γοήτων
739 2109 836 2143 φησιν·
853 2120 862 2135 ι
875 2110 953 2138 Ἀλλά

162 2146 231 2178 τοὺς
244 2147 343 2182 γόητας
356 2149 535 2186 ψευδοσόφους
549 2152 629 2187 φημί.
647 2153 686 2180 Τὰ
702 2154 758 2189 γὰρ
772 2155 823 2182 οὐκ
836 2155 900 2185 δντα
915 2154 953 2183 εἶ-

163 2199 212 2219 ναι
229 2194 293 2228 παρ’
306 2193 405 2226 αὐτοῖς,
420 2196 511 2223 καὶτὰ
524 2196 597 2229 ὄντα,
614 2199 785 2227 ἀπιστεῖσθαι
796 2200 860 2236 (94).
874 2212 883 2229 ›
896 2202 952 2229 Κα-

160 2236 284 2277 ταμάθοι
299 2238 321 2264 δ’
336 2237 382 2265 οὖν
395 2248 435 2272 τις
452 2240 484 2267 ἔκ
497 2249 526 2267 τε
540 2242 588 2278 τῆς
608 2243 671 2278 ὅλης
691 2233 890 2280 πραγματείας,
905 2247 951 2273 καὶ
968 2233 988 2260 D

161 2283 221 2310 τῶν
236 2285 263 2310 ἐν
278 2284 355 2320 μέρει
373 2285 573 2322 δεδηλωμένων,
589 2289 690 2325 πότερα
703 2291 731 2318 ὲν
748 2291 829 2324 θείοις
844 2292 890 2318 καὶ
906 2301 951 2327 φιυ

162 2328 299 2363 λοσόφοις,
318 2330 334 2365 ἢ
349 2331 377 2356 ὲν
390 2331 483 2367 γόησιν
499 2333 580 2360 αὑτὸν
595 2336 788 2369 κατατακτέον,
803 2337 951 2370 πιστεύσας

160 2371 206 2406 οἷς
222 2376 348 2420 τεῗαύτδς
368 2377 432 2411 περ).
455 2379 559 2414 γοήτων
582 2381 628 2406 καὶ
654 2381 824 2417 ψευδοσόςρων
843 2383 948 2420 εἴρηκε,

161 2420 214 2449 καὶ
239 2419 278 2453 οἷς
301 2423 449 2458 δεδήλωκεν
475 2425 491 2460 ἡ
519 2427 578 2451 κατ’
590 2427 669 2454 αὐτὸν
693 2429 805 2465 ἱστορία.
819 2430 903 2465 Δρῦἐς
920 2439 949 2457 τε

161 2465 229 2502 γὰρ,
246 2467 292 2493 καὶ
306 2467 425 2500 πτελέαι,
441 2469 564 2506 ἐνάρθρῳ
582 2471 629 2498 κα)¹
651 2472 743 2509 Οηλείᾳ
759 2477 834 2511 φωνῇ
850 2476 946 2502 λαλοῦ-

160 2519 221 2543 σαι,
239 2512 285 2538 καὶ
303 2512 426 2548 τρίποδες
442 2514 587 2550 αὐτόματοι
610 2517 764 2551 φοιτῶντες,
781 2519 826 2546 καὶ
838 2520 946 2555 χάλκεοι

201 2588 222 2604 ¹¹
244 2587 292 2616 lib.
329 2598 365 2617 vn
379 2611 385 2622 ,
402 2599 427 2618 c.
442 2592 487 2620 40.

160 2623 186 2640 ¹⁶
205 2623 254 2650 lib.
275 2632 319 2656 vl,
338 2633 363 2653 c.
382 2627 424 2652 10.

197 2679 255 2750 ἱὸθ)
275 2682 380 2716 Κωφοῦ
395 2692 425 2710 τε
440 2683 507 2714 Eur.
529 2679 596 2712 Vide
609 2694 691 2722 supra
710 2694 735 2714 ε.
754 2687 795 2716 14,

209 2715 254 2750 90)
283 2717 328 2750 Ὡς
342 2719 416 2750 πρὸς
430 2719 517 2750 ὕδωρ.
539 2719 585 2747 Sic
611 2729 643 2748 ex
671 2730 721 2748 ms.
736 2726 763 2749 et
779 2722 795 2749 P

209 2715 254 2751 90)
283 2715 328 2750 Ὠςὲ
342 2719 416 2751 πρὸς
430 2719 517 2752 ὕδωρ.
539 2719 585 2747 Sic
611 2715 651 2748 ex'
671 2730 721 2748 ms.
736 2726 763 2749 et
779 2722 945 2752 Philostrato

161 2751 270 2793 restitui
285 2762 295 2793 1:
313 2751 566 2793 antea__legebatur,
579 2755 672 2792 ὥσπερ
697 2756 768 2793 ὕδωρ
784 2758 832 2793 τὴν
849 2760 946 2786 ἀπολο-

159 2785 224 2818 γίαν
240 2787 294 2822 ἀφή
300 2796 381 2815 σοντι.
399 2785 536 2817 ΙΙοίετΕΝ.

277 2821 452 2864 ξξςρήξγιγιιτι.Δ
463 2823 593 2864 RlIilostr.
611 2826 691 2864 habet
706 2827 887 2864 ἀφηγήσαντι.

195 2857 252 2899 (ξξὲ)
277 2858 322 2898 'A_,
338 2859 377 2890 ὡς
394 2859 494 2899 παξλὰ
508 2860 566 2899 καί,
580 2864 634 2888 etc.
646 2857 849 2891 Distiiictioiienl
864 2865 941 2899 posui

159 2895 223 2925 post
239 2891 266 2925 ἆ,
286 2893 344 2921 sine
358 2901 411 2926 qua
431 2894 573 2926 obscurior
594 2903 699 2925 sensus.

540 2593 562 2609 ¹²
582 2593 629 2621 lib.
646 2603 695 2622 vnl
707 2615 715 2628 ,
733 2604 758 2623 c.
777 2596 802 2623 7.

852 2598 874 2614 ¹³
893 2598 940 2626 lib.
959 2607 1022 2630 vm,
1053 2608 1079 2628 c.
1111 2601 1138 2629 6.

1012 529 1217 565 futurorumque
1233 533 1312 556 antea
1329 536 1442 563 gnarus,

1046 583 1116 611 Muli
1132 584 1280 619 concipiens
1297 583 1432 617 animum,
1451 593 1593 621 sensusque
1611 587 1731 618 tacentis,

1011 650 1067 677 pra:
1090 642 1192 676 nimio,
1216 646 1245 670 ut
1268 642 1385 673 videtur.
1409 642 1510 678 gaudio
1532 643 1641 670 fatidica
1666 644 1795 672 excidens

1009 688 1125 719 virtute,
1146 688 1270 715 nuntium
1293 692 1385 723 rogat:
1401 698 1410 714 ι
1426 688 1493 721 Quis
1509 696 1574 717 vero
1591 697 1634 717 me
1651 689 1740 717 isthac
1753 693 1795 717 est

1009 733 1205 761 traducturus!
1226 743 1234 757 ι
1252 733 1299 762 ille
1326 740 1416 761 autem
1436 744 1468 762 ιι
1488 734 1559 770 Ego,
1589 736 1743 771 respondit,
1765 741 1795 765 tu

1009 780 1090 808 modo
1109 787 1234 815 sequere.
1251 789 1261 806 ι

1303 835 1417 864 CAPUT
1441 836 1508 864 XLI.

979 887 997 914 Β
1048 882 1189 910 Postremo
1220 882 1240 898 “
1269 881 1421 909 orationem
1451 883 1649 918 apologeticam
1687 891 1795 920 quoque

1013 928 1165 962 composuit
1190 927 1280 955 studio
1303 928 1408 963 ingenti
1431 928 1474 954 vir
1498 928 1543 956 ille
1566 929 1647 964 plane
1667 929 1794 962 divinus,

1013 975 1125 1009 ignarus
1147 982 1244 1007 nempe
1266 974 1374 1001 inanem
1399 981 1509 1010 operam
1532 974 1559 1002 in
1585 982 1618 1002 eo
1642 983 1671 1002 se
1693 976 1795 1011 soripto

1012 1023 1250 1055 consumpturum.
1265 1019 1384 1047 Putabat
1399 1022 1471 1047 enim
1489 1028 1517 1048 se
1537 1021 1570 1048 ab
1583 1021 1747 1056 imperatore
1761 1022 1794 1048 iri

1013 1065 1135 1092 auditum
1153 1065 1313 1093 recitantem
1332 1065 1482 1101 apologiam
1498 1075 1506 1094 :
1522 1074 1609 1102 eoque
1626 1067 1697 1102 quod
1717 1068 1795 1095 audi-

1012 1114 1103 1138 turum
1120 1118 1181 1138 eum
1198 1113 1335 1145 speraret,
1358 1110 1391 1137 ad
1415 1111 1632 1146 persuadendum
1655 1120 1716 1140 cum
1738 1121 1795 1141 ma-

1013 1156 1086 1183 xime
1105 1156 1257 1183 orationem
1276 1157 1428 1192 componit.
1445 1156 1538 1185 Caesar
1554 1163 1644 1186 tamen
1662 1167 1721 1186 eam
1739 1167 1794 1188 non
1830 1178 1835 1185 .

1011 1201 1101 1229 ferens
1117 1202 1224 1229 irritum
1241 1202 1300 1236 ejus
1325 1202 1445 1229 studium
1473 1203 1599 1232 reddidit.
1621 1204 1691 1232 Audi
1711 1205 1795 1240 igitur

1010 1247 1043 1275 de
1058 1247 1100 1275 his
1115 1248 1195 1275 etiam
1211 1248 1276 1283 quid
1294 1248 1367 1276 dicat
1382 1249 1432 1277 sibi
1449 1249 1501 1284 ipsi
1517 1250 1680 1278 adversante
1694 1252 1800 1279 oratio-

1011 1299 1044 1320 ne
1060 1293 1082 1308 ”
1097 1302 1103 1319 :
1119 1302 1128 1318 ‹
1145 1292 1280 1325 Quoniam
1305 1301 1371 1320 vero
1393 1294 1481 1322 oratio
1500 1295 1582 1322 etiam
1598 1295 1622 1323 ei
1638 1297 1793 1332 conscripta

1010 1341 1067 1369 est,
1085 1341 1116 1364 ut
1132 1338 1179 1372 qui
1195 1338 1228 1365 ad
1246 1339 1417 1374 clepsydram
1434 1347 1543 1367 causam
1559 1344 1632 1368 esset
1645 1341 1772 1369 dicturus
1784 1363 1792 1374 .

1009 1391 1070 1411 eum
1105 1387 1194 1411 autem
1223 1388 1355 1420 tyrannus
1388 1386 1458 1412 intra
1491 1387 1693 1420 quaestionum,
1725 1395 1794 1423 quas

1009 1429 1085 1461 dixi,
1103 1430 1243 1465 angustias
1266 1431 1417 1464 conclusit,
1434 1432 1522 1459 oratio
1536 1440 1644 1467 quoque
1656 1433 1719 1461 huic
1736 1434 1794 1462 his-

1009 1476 1085 1503 toriae
1100 1476 1262 1504 inseratur.»
1278 1476 1344 1504 Vide
1360 1477 1442 1512 igitur
1452 1481 1482 1504 ut
1496 1485 1510 1504 a
1523 1477 1622 1506 futuris
1636 1479 1794 1514 longissime

1009 1522 1157 1554 aberrans,
1179 1523 1220 1550 vir
1243 1523 1289 1550 ille
1313 1523 1394 1558 plane
1414 1522 1542 1556 divinus,
1570 1531 1652 1559 quam
1675 1525 1793 1553 maxima

972 1564 994 1594 C
1009 1567 1098 1601 potuit
1112 1574 1178 1594 cura
1189 1587 1197 1600 ,
1211 1567 1286 1595 velut
1300 1567 1333 1595 ad
1350 1568 1521 1605 clepsydram
1538 1568 1663 1598 dicturus
1676 1590 1683 1603 ,
1699 1571 1793 1599 elabo—

1005 1613 1116 1641 raverit.

1282 1660 1398 1688 CAPUT
1416 1661 1499 1690 XLII.

1040 1705 1074 1733 At
1089 1710 1115 1734 et
1129 1707 1187 1741 ipsa
1199 1707 1384 1742 percensenda
1395 1711 1437 1735 est
1447 1707 1549 1735 frustra
1562 1708 1596 1735 ab
1609 1715 1641 1735 eo
1653 1708 1794 1736 elaborata

1005 1752 1145 1787 apologia,
1168 1756 1195 1780 et
1211 1760 1287 1787 quae,
1305 1753 1389 1780 multa
1415 1753 1468 1781 alia
1492 1754 1572 1786 inter,
1597 1751 1678 1788 538
1691 1754 1793 1789 quibus

1004 1797 1190 1825 Domitianum
1204 1797 1366 1833 compellat,
1393 1802 1553 1833 arroganter
1577 1798 1673 1834 jactat.
1689 1799 1794 1827 diserte

1004 1841 1129 1876 inquiens
1147 1841 1189 1869 “:
1211 1851 1220 1867 ι
1238 1841 1275 1869 Te
1301 1842 1383 1878 igitur
1398 1842 1590 1878 imperatorem
1606 1842 1792 1879 Vespasianus

1005 1886 1077 1919 fecit,
1093 1887 1152 1922 ipse
1167 1895 1182 1914 a
1204 1896 1248 1915 me
1276 1892 1318 1916 est
1347 1888 1447 1917 factus.
1478 1899 1487 1915 ιι
1508 1888 1566 1916 Vah
1591 1889 1789 1925 arrogantiam!

1003 1940 1055 1968 qua
1070 1941 1103 1960 ne
1126 1941 1158 1960 ex
1186 1934 1266 1970 vulgo
1283 1934 1392 1970 quidem
1421 1935 1574 1970 quispiam.
1603 1935 1701 1963 nedum
1728 1944 1791 1964 vere

1004 1977 1181 2012 philosophus
1196 1998 1204 2010 ,
1235 1978 1410 2014 humanaque
1433 1979 1613 2007 excellentior
1637 1984 1734 2007 natura
1761 1988 1791 2009 se

1001 2023 1116 2057 jactitet.
1132 2024 1186 2051 nisi
1204 2024 1318 2052 insania
1333 2025 1422 2053 dicam
1445 2033 1460 2053 a
1487 2026 1712 2061 prudentioribus
1737 2027 1790 2057 sibi

1003 2069 1085 2095 scribi
1114 2069 1188 2096 velit.
1210 2069 1312 2097 Deinde
1334 2078 1398 2097 vero
1425 2078 1440 2097 a
1468 2070 1641 2106 suspicione,
1660 2079 1712 2106 qua
1733 2079 1792 2106 pre-

1003 2114 1144 2146 mebatur,
1166 2122 1195 2142 se
1211 2115 1298 2150 ipsum
1316 2123 1452 2151 purgans,
1474 2117 1615 2151 sequentia
1637 2117 1741 2153 profert
1757 2118 1791 2146 de

1003 2157 1088 2192 magis
1104 2157 1144 2185 “’z
1162 2167 1171 2183 ι
1193 2157 1324 2193 Equidem
1348 2167 1442 2194 magos
1469 2160 1545 2188 falsa:
1560 2161 1700 2196 sapientia
1725 2167 1790 2198 puto

1003 2202 1127 2230 alumnos
1144 2210 1215 2231 esse.
1231 2203 1299 2231 Nam
1314 2212 1375 2239 quae.
1389 2213 1445 2232 non
1462 2210 1537 2239 sunt,
1551 2210 1581 2233 ut
1595 2214 1658 2235 esse
1678 2208 1790 2236 videan-

1003 2251 1056 2279 tur,
1068 2251 1095 2275 et
1107 2255 1168 2283 quae
1181 2254 1256 2282 sunt,
1275 2253 1305 2276 ut
1318 2257 1372 2277 non
1396 2258 1458 2278 esse
1481 2251 1627 2279 videantur
1643 2252 1757 2280 faciunt.
1775 2263 1786 2280 ι

1001 2292 1040 2320 Ex
1052 2297 1109 2320 tota
1124 2294 1207 2329 igitur
1221 2295 1273 2322 ista
1290 2296 1466 2328 tractatione,
1482 2301 1509 2324 et
1527 2297 1665 2332 sigillatim
1681 2299 1789 2334 exposi-

1001 2340 1035 2368 tis
1048 2341 1186 2374 oumihus,
1199 2341 1291 2370 discas
1306 2341 1379 2374 licet,
1396 2351 1430 2369 an
1452 2343 1479 2369 in
1494 2342 1556 2377 diis,
1573 2352 1607 2371 an
1624 2344 1650 2371 in
1672 2344 1789 2379 philoso-

1000 2385 1071 2419 phis,
1090 2393 1125 2413 an
1142 2386 1168 2413 in
1182 2386 1268 2422 magis
1281 2387 1435 2415 censendus
1449 2387 1502 2420 sit,
1523 2388 1564 2416 iis
1590 2389 1717 2416 admissis
1729 2397 1789 2425 quae

1000 2430 1057 2464 ipse
1068 2430 1102 2458 de
1117 2431 1205 2467 magis
1224 2436 1250 2459 et
1265 2433 1364 2467 spuria:
1379 2433 1522 2468 sapientiae
1538 2434 1692 2462 cultoribus
1706 2434 1786 2467 dixit,

999 2480 1027 2503 et
1041 2484 1100 2511 qua:
1116 2477 1230 2505 historia
1258 2478 1318 2512 ejus
1332 2478 1366 2506 de
1382 2479 1441 2514 ipso
1455 2478 1560 2506 retulit.
1579 2478 1647 2506 Nam
1669 2487 1786 2514 quercus

1000 2526 1026 2549 et
1042 2522 1106 2549 ulmi
1119 2523 1140 2538 "
1154 2523 1298 2550 articulata
1315 2531 1347 2550 ae
1360 2524 1485 2552 muliebri
1499 2531 1566 2552 voce
1585 2524 1691 2558 locutae.
1706 2526 1787 2562 tripn.

1189 2601 1212 2616 "
1231 2601 1278 2628 lib.
1300 2610 1368 2634 vm,
1389 2610 1415 2630 c.
1438 2602 1462 2628 7.
1514 2603 1535 2618 ¹⁵
1556 2603 1602 2630 lib.
1623 2610 1689 2635 \‘lll,
1711 2611 1737 2631 c.
1759 2603 1785 2631 7.

1034 2692 1091 2727 (95)
1114 2693 1340 2728 Ἀπολυόμενος.
1363 2692 1409 2720 Sic
1434 2693 1586 2722 rescribere
1605 2702 1659 2721 non
1678 2694 1788 2722 dubita-

997 2727 1094 2764 vi,‘pro
1110 2727 1387 2764 ἀπολυόμενον,ίμιοι1
1404 2729 1430 2756 in
1441 2729 1523 2756 editis
1540 2733 1607 2757 erat.

1033 2762 1088 2798 (94)
1116 2762 1329 2801 Ἁπιιζτὲῖσθαιξ
1345 2763 1381 2801 l_t_a
1397 2772 1429 2801 ex
1442 2764 1606 2801 Philostrato
1617 2765 1722 2801 restitui
1735 2770 1785 2800 pro

997 2797 1109 2831 ἄπιστα,
1123 2798 1194 2832 quod
1216 2803 1273 2826 erat
1297 2801 1324 2825 in
1351 2798 1460 2827 Eusebii
1474 2799 1572 2832 editis;
1589 2799 1721 2833 rationem
1735 2797 1790 2834 cur

996 2834 1113 2866 priorem
1135 2833 1276 2868 praeferam
1292 2833 1435 2862 lectionem
1454 2834 1559 2862 reddidi
1584 2834 1789 2864 ad'Philostra-

998 2872 1064 2894 llll'l).
