2065 3216
315 153 351 181 35
601 151 737 179 EUSEBII
756 150 941 179 CESARIEN
946 150 998 178 SIS
1013 150 1079 179 OPP

1135 151 1198 179 ARS
1218 151 1249 179 II.
1268 166 1304 172 —
1321 149 1568 179 APOLOGETICA.

1867 149 1915 177 356

295 212 344 240 dre
354 209 438 239 etiam
453 210 474 226 "'
492 212 644 245 spontaneo
665 213 740 236 motu
771 209 944 241 incedentes,
970 209 1083 244 zereique

1138 208 1301 244 θεράποντες
1315 208 1527 244 διακονούμενοι,
1543 207 1616 234 πίθοι
1630 215 1659 234 τε
1675 206 1783 242 ὃμδρων
1796 205 1843 232 καὶ
1857 206 1915 232 ave-

294 257 366 286 servi
383 255 617 284 discumbentibus
638 254 825 282 ministrantes
836 274 844 286 ,
872 255 1000 282 imbrium
1016 255 1080 282 item

294 304 368 332 dolia
383 303 406 319 "
421 310 453 330 ac
466 306 620 332 ventorum,
639 305 666 328 et
682 300 863 328 sandaracina
878 309 960 336 aqua,
973 305 1001 328 et
1021 308 1082 336 quae

295 350 345 377 alia
364 351 591 383 reprmsentantur
606 346 698 378 abiis,
715 353 786 381 quos
810 346 877 374 deos
899 351 940 374 est
964 346 1082 374 arbitra-

294 399 339 422 tus
355 394 386 425 ".
399 398 425 421 et
443 401 512 427 quos
533 400 568 420 ne
591 396 772 427 praeceptores
793 392 905 427 quidem
934 400 1082 428 agnoscere

293 443 335 467 est
351 439 513 474 dedignatus
526 459 532 470 ,
556 439 584 465 in
603 445 684 473 quem
703 438 785 465 alium
813 442 968 474 competere
988 442 1084 474 putes,

293 485 346 512 nisi
362 484 389 511 in
406 491 454 512 eos
470 484 515 520 qui
536 493 546 509 ι
561 491 622 518 quae
631 490 686 510 non
706 487 770 511 sunt
788 483 811 499 '°
823 503 830 515 ,
855 487 884 509 ut
899 490 961 510 esse
974 483 1086 511 videan-

293 533 348 561 tur.
361 535 387 557 et
403 538 464 565 quae
474 534 547 561 sunt,
563 532 593 555 ut
610 529 751 556 videantur
767 535 820 555 non
835 536 906 562 esse,
923 528 1064 557 efﬁciunt?
1075 538 1084 555 ι

293 584 361 612 quos
379 577 438 611 ipse
453 583 549 611 magos
573 575 711 610 appellans
724 595 732 606 ,
757 574 858 609 spuria:
873 574 1015 610 sapientia:
1029 575 1085 602 cul-

293 627 366 651 tores
376 631 437 650 esse
450 622 622 650 demonstrat
646 621 715 649 Num
733 622 816 656 igitur
834 622 894 649 istis
914 622 1082 657 argumentis

292 670 399 697 divinus
414 669 468 701 hic,
485 669 615 702 omnique
630 668 731 695 virtute
746 668 884 699 excultus,
897 668 1018 703 ipsisque
1029 668 1082 695 diis

292 715 476 751 gratissimus,
493 715 634 750 sapientiae
652 718 802 742 coronatus
824 714 934 746 bravio,
963 715 1023 749 ipso
1045 714 1084 741 di-

1137 263 1204 289 μων,
1221 255 1268 282 καὶ
1284 255 1477 291 σανδαράκινον
1491 255 1571 290 ὕδωρ,
1583 254 1630 280 καὶ
1644 254 1693 280 ὅσα
1705 253 1771 280 ἄλλα
1783 252 1913 287 εἰσῆκται,

1135 301 1199 335 παρ’
1215 297 1256 332 οἷς
1271 301 1364 336 ἡγεῖτο
1379 299 1460 332 θεοῖς,
1469 299 1516 331 οὓς
1532 300 1578 325 καὶ
1589 299 1638 326 οὐκ
1652 298 1732 325 ὤκνει
1744 297 1916 329 διδασκάλους

1135 345 1345 382 ἐπιγράφεσθαι,
1363 346 1434 378 τίνος
1448 345 1482 372 ἂν
1495 344 1549 372 εἶεν
1561 344 1749 381 παραστατικὰ
1763 344 1780 379 ἣ
1791 344 1845 370 τῶν
1863 353 1872 369 ι
1883 343 1915 369 τὰ

1135 393 1185 419 οὐκ
1206 393 1271 419 ὄντα
1296 390 1375 424 εἷναι,
1394 392 1440 419 καὶ
1455 392 1488 419 τὰ
1504 392 1568 419 ὄντα
1582 392 1683 418 ἄπιστα
1697 401 1705 416 ι
1725 390 1916 425 παραδεικνύν-

1135 447 1206 471 των;
1220 438 1266 470 οὓς
1275 439 1356 470 αὐτὸς
1367 439 1468 473 γόητας
1481 437 1629 473 ὀνομάζων,
1640 437 1819 472 ψευδοσόφους
1832 436 1915 471 ὑπάρ-

1135 495 1192 521 χειν
1213 485 1485 520 ἀποφαίνεται.Ἤτοι
1501 483 1546 511 οὖν
1561 484 1607 510 ἐπὶ
1626 483 1730 514 τούτοις
1745 484 1759 509 ὁ
1775 482 1855 514 θεῖος,
1873 482 1916 508 καὶ

1136 532 1272 568 ἐνάρετος,
1290 533 1336 559 καὶ
1352 532 1422 563 θεοῖς
1444 531 1649 567 κεχαρισμένος,
1665 530 1696 556 τὸ
1714 529 1808 563 σοφίας
1822 529 1916 564 ἀναδη-

1137 580 1251 614 σάμενος
1278 578 1413 614 βραϐεῖον,
1430 577 1512 604 αὑτοῦ
1535 576 1692 612 Πυθαγόρου
1717 575 1764 602 καὶ
1787 575 1842 601 τῶν
1863 575 1917 600 ὅσοι

1137 626 1194 660 μετ’
1207 626 1309 652 ἐκεῖνον
1324 625 1458 660 Θειότερος
1475 623 1582 659 ἀληθῶς
1597 623 1644 649 καὶ
1656 622 1753 658 μακρῷ
1765 621 1918 656 εὐδαιμονέ-

1136 679 1230 707 στερος
1241 671 1362 706 κριθείη·
1373 670 1389 705 ἦ
1405 670 1532 704 ἔμπαλιν,
1546 668 1725 703 ψευδοσοφίας
1736 667 1826 699 ἁλοὺς,
1835 675 1917 693 κακο-

1136 716 1270 752 δαιμόνων
1288 717 1342 751 (95)
1358 716 1498 743 ἀποίσεται
1514 714 1549 741 τὰ
1562 716 1692 750 πρωτεῖα.

292 763 379 790 vinior
403 761 555 797 Pythagora
585 760 698 795 ejusque
732 759 892 795 discipulis,
920 761 1079 794 beatiorque
1097 762 1250 790 censendus
1269 763 1336 791 erit?
1355 770 1389 789 an
1416 765 1512 789 contra
1536 762 1635 796 spuria:
1654 761 1793 796 sapientia:
1807 759 1919 786 damna-

291 817 334 840 tus
344 831 353 843 ,
370 811 441 839 inter
452 810 656 837 infelicissimos
671 808 774 843 primas
794 808 860 836 teret
880 809 992 844 potius?

572 865 686 893 CAPUT
708 865 800 892 XLIII.

326 914 445 942 Rursum
461 914 489 940 in
503 912 670 947 apologetico
683 911 729 938 illo
744 913 848 946 scripto
867 919 897 938 se
914 911 941 939 in
963 911 1036 938 lonia
1050 911 1084 939 de

292 959 410 987 fatorum
421 959 447 986 vi
463 959 501 985 ait
512 958 667 993 disputasse
676 958 722 989 ’°‘,
733 956 802 984 adeo
814 957 913 984 mutari
924 965 979 984 non
992 965 1082 993 posse,

292 1013 352 1040 qua:
366 1009 461 1032 texunt
490 1004 558 1036 ista,
575 1004 733 1036 docentem,
751 1006 791 1035 ut,
809 1003 832 1030 si
848 1003 993 1038 imperium
1020 1003 1084 1030 huic

292 1051 451 1080 decernant.
464 1049 535 1084 quod
547 1050 574 1076 in
588 1049 702 1076 alterius
714 1055 788 1075 nunc
801 1047 910 1082 quidem
923 1048 1084 1083 sitpotcsta-

292 1101 329 1129 te,
346 1103 425 1123 nemo
438 1095 514 1122 illum
532 1095 689 1122 interimere
701 1094 797 1129 possit,
810 1101 844 1121 ne
858 1094 891 1121 ab
906 1094 953 1121 illo
965 1094 1017 1122 sibi
1033 1095 1084 1121 im-

293 1142 397 1177 perium
420 1141 570 1176 eripiatur:
587 1141 642 1168 imo
672 1141 694 1167 si
719 1141 761 1168 vel
784 1140 964 1175 interemptus
989 1140 1082 1172 fuerit,

291 1188 461 1215 revicturum
477 1191 567 1214 tamen
584 1194 664 1219 eum,
682 1191 711 1213 nt
731 1185 794 1213 fatis
814 1185 923 1213 decreta
945 1186 1082 1213 eveniant.

293 1232 398 1265 Quibus
422 1231 565 1266 sequentia
584 1231 652 1266 ipsis
669 1231 765 1258 iisdem
788 1230 899 1266 syllabis
914 1230 1055 1266 subiungit
1072 1240 1080 1258 :

295 1287 304 1304 ε
320 1277 479 1313 Cuicunque
494 1277 549 1304 lato
565 1277 704 1305 decretum
721 1276 802 1304 fuerit
816 1276 948 1311 lignarius
958 1280 988 1303 ut
1003 1275 1086 1311 539

293 1323 340 1353 sit.
357 1322 380 1349 is
397 1321 523 1349 manibus
538 1325 682 1349 truncetur
701 1321 784 1353 licet,
810 1321 837 1348 in
858 1321 1002 1356 lignarium
1020 1329 1084 1348 ενα.

293 1367 350 1395 det.
369 1367 401 1394 Et
417 1368 460 1394 cui
477 1375 561 1394 cursu
577 1368 686 1395 vincere
709 1367 736 1394 in
754 1366 877 1402 Olympia
903 1366 1084 1402 [destinatum

294 1412 363 1448 est,]
380 1413 423 1440 hic
436 1433 444 1444 ,
467 1421 502 1440 ne
516 1413 639 1441 abscisso
657 1415 767 1449 quidem
790 1415 813 1442 si
831 1414 965 1442 claudicet
984 1421 1084 1446 crure,

293 1460 407 1487 victoria
420 1459 603 1487 fraudabitur.
621 1459 654 1486 Et
668 1461 712 1487 cui
726 1464 757 1487 ut
771 1460 917 1496 sagittandi
929 1460 1017 1488 valeat
1027 1464 1085 1488 arte

294 1504 386 1532 Parca:
398 1504 568 1532 decreverint
579 1524 586 1536 ,
608 1505 652 1532 hic
674 1505 714 1532 vel
728 1511 824 1540 captus
842 1506 930 1533 Oculis
953 1506 1051 1541 sagitta
1067 1513 1083 1532 a

1385 864 1582 892 ΚΕΦΑΛᾹΙΟΝ
1601 863 1665 890 Ml".

1152 911 1254 938 ’Πάλιν
1267 911 1295 937 δὲ
1356 911 1448 946 γραφῇ
1470 909 1533 945 περὶ
1551 909 1652 945 μοιρῶν
1669 908 1759 943 ἰσχύος
1775 908 1920 944 φιλοσοφῆ-

1135 967 1180 984 σαι
1197 957 1277 984 αὑτὺν
1292 957 1320 982 ὲν
1341 955 1428 991 Ἰωνίᾳ
1442 955 1519 990 φησι,
1529 955 1687 981 διδάσκοντα
1701 953 1786 985 οὕτως
1801 954 1921 990 ἄτρεπτα

1133 1003 1213 1036 εἶναι,
1228 1004 1246 1030 ἃ.
1262 1003 1422 1033 κλώθουσιν,
1434 1002 1482 1033 ὡς,
1499 1002 1522 1028 εἰ
1544 1002 1590 1028 καὶ
1612 1001 1746 1036 βασιλείαν
1765 1000 1853 1036 τούτῳ
1866 1000 1920 1035 (96)

1133 1050 1307 1086 ψηφίσαιντο,
1323 1049 1408 1084 ἑτέρῳ
1421 1048 1471 1083 ἤδη
1492 1047 1733 1083 ὑπάρχουσαν,οὺκ
1750 1046 1782 1073 ἂν
1795 1046 1922 1074 ἀποκτεί-

1133 1097 1188 1124 νειέ
1203 1105 1245 1128 τις
1256 1095 1360 1127 τοῦτον,
1376 1095 1414 1127 ὡς
1431 1094 1468 1130 μὴ
1483 1093 1642 1128 ἀφαιρεθείη
1658 1093 1721 1120 ποτε
1735 1093 1780 1120 ὑπ’
1798 1093 1880 1120 αὑτοῦ
1893 1092 1922 1119 τὸ

1133 1142 1245 1179 ἄρχεινο
1261 1141 1329 1168 ἀλλὰ
1345 1141 1391 1168 καὶ
1408 1139 1555 1166 ἀναϐιῶναι
1570 1138 1712 1166 ἀποθανὼν
1728 1139 1798 1175 ὑπὲρ
1808 1139 1862 1165 τῶν
1882 1139 1923 1165 ὀ)-

1135 1188 1237 1222 ξάντων
1261 1189 1321 1219 ταῖς
1351 1186 1468 1222 μοίραις.
1495 1186 1550 1212 Καὶ
1570 1185 1675 1217 τούτοις
1690 1185 1810 1219 ἐπιλέγει
1830 1186 1922 1217 αὐταῖς

1135 1233 1293 1265 ωλλαόαῖς·
1322 1243 1330 1258 ι
1345 1233 1418 1267 Ὅτῳ
1441 1231 1583 1267 πέπρωται
1603 1231 1728 1265 γενέσθαι
1754 1231 1921 1266 τεκτονικῷ,

1133 1277 1211 1312 οὗτος
1233 1279 1284 1306 κᾶν
1309 1279 1434 1313 ἀποκοπῇ
1449 1277 1487 1304 τὼ
1501 1279 1586 1313 χεῖρε,
1597 1277 1751 1309 τεκτονικὸς
1765 1276 1851 1303 ἔσται.
1870 1277 1922 1303 Kal.

1135 1327 1186 1361 ’(τῳ
1208 1326 1286 1360 νίκην
1311 1326 1340 1351 ὲν
1360 1323 1495 1359 Ὀλυμπίᾳ
1516 1323 1616 1359 δρόμου
1643 1323 1769 1358 ἄρασθαι,
1787 1320 1864 1354 οὗτος
1888 1323 1921 1354 δ’,

1133 1372 1187 1398 οὐδ’
1200 1372 1224 1397 εί
1245 1371 1385 1407 πηρωθείη
1401 1370 1430 1396 τὸ
1446 1369 1549 1400 σκέλος,
1564 1370 1750 1405 ἁμαρτήσεται
1767 1369 1815 1403 τῆς
1833 1369 1920 1404 νίκης.

1134 1419 1189 1445 Kal.
1213 1419 1266 1453 ὅτῳ
1288 1418 1399 1444 ἕνευσαν
1415 1418 1507 1452 μοῖραι
1519 1416 1550 1442 τὸ
1561 1417 1588 1442 ὲν
1601 1415 1692 1451 τοξικῇ
1710 1415 1820 1450 κράτος.
1835 1413 1921 1446 οὗτος,

1133 1465 1187 1492 οὐδ’
1202 1465 1226 1490 εί
1243 1463 1372 1490 ἀποϐάλοι
1389 1463 1444 1498 (97)
1460 1464 1509 1494 τὰς
1520 1462 1604 1496 ὄψεις,
1618 1463 1775 1488 ἐκπεσεῖται
1788 1461 1835 1487 τοῦ
1859 1469 1922 1487 σκο-

1135 1511 1186 1537 ποῦ
1201 1510 1266 1545 (98).
1284 1520 1293 1535 ι
1311 1509 1429 1541 Τούτοις,
1442 1509 1487 1535 τὸν
1508 1508 1624 1543 ἄρχοντα
1645 1507 1808 1538 κολακεύων,
1830 1507 1925 1541 ἐπιιξέ⁴

295 1557 379 1585 scopo
395 1557 449 1577 non
468 1550 616 1577 aberrabit.
632 1560 641 1576 ›
661 1550 709 1578 His
725 1558 801 1582 vero,
819 1551 979 1579 adulaturus
997 1552 1082 1587 impe-

1136 1565 1177 1592 ρει
1201 1556 1302 1589 λέγων·
1324 1564 1333 1580 ‹
1350 1554 1390 1581 Τὰ
1411 1554 1439 1580 δὲ
1462 1553 1515 1580 τῶν
1532 1553 1662 1588 βασιλέων
1689 1553 1792 1586 ἔλεγον,
1809 1554 1839 1584 ἐς
1861 1553 1924 1584 τοὺς

295 1595 390 1627 ratori,
409 1596 546 1623 subnectit
559 1599 587 1623 et
602 1596 676 1623 ista:
695 1605 704 1621 ί
726 1595 831 1632 Regum
845 1601 937 1624 autem
959 1598 1084 1633 exemplo

294 1649 362 1669 usus
374 1649 446 1675 sum,
461 1641 495 1668 ad
511 1641 635 1670 Acrisius
659 1643 809 1678 respiciens
823 1648 849 1670 et
868 1643 948 1670 Laios
959 1663 966 1675 ,
986 1642 1085 1679 Astya-

295 1695 408 1722 gemque
423 1687 541 1719 Medum,
555 1692 581 1715 et
595 1688 748 1723 complures
757 1689 837 1719 alios.
847 1689 894 1723 qui
908 1689 976 1717 bene
989 1689 1040 1716 sibi
1056 1689 1084 1716 in

295 1733 452 1768 hujusmodi
469 1734 550 1761 rebus
563 1733 734 1761 consuluisse
750 1734 803 1762 sibi
817 1734 990 1762 videbantur.
1008 1734 1084 1768 Quo~

294 1788 355 1807 rum
370 1780 416 1807 alii
435 1779 516 1811 ﬁlios,
535 1784 648 1814 nepotes
663 1780 708 1807 alii
730 1787 746 1807 e
768 1780 857 1808 medio
877 1781 1003 1808 sublatos
1023 1788 1084 1808 esse

295 1829 433 1860 putantes,
448 1826 483 1854 ab
503 1825 599 1853 iisdem
622 1826 676 1853 illis
691 1826 800 1861 spoliati
815 1830 880 1854 sunt
901 1827 1025 1861 imperio,
1041 1835 1085 1854 re-

294 1871 492 1899 viviscentibus
508 1871 598 1906 quasi,
612 1875 642 1899 ut
658 1871 683 1898 in
696 1871 771 1907 ipsos
791 1872 938 1906 insilirent,
954 1873 1085 1907 adjuvan-

295 1916 368 1943 tibus
381 1916 453 1944 fatis.
477 1915 555 1949 Quod
573 1916 597 1943 si
614 1916 742 1944 adulandi
759 1917 849 1945 studio
863 1922 980 1948 tenercr,
992 1918 1085 1945 dicere

296 1969 406 1997 possem
417 1963 499 1990 etiam
517 1967 578 1990 tuas
593 1964 683 1990 animo
705 1971 766 1991 meo
780 1971 824 1991 res
835 1971 897 1991 esse
913 1965 1083 1996 obversatus,

296 2007 427 2042 quandoa
438 2007 546 2036 Vitellio
556 2009 734 2041 ohsidebaris,
746 2010 931 2045 templumque
948 2010 1023 2038 .lovis
1034 2019 1084 2046 op—

297 2053 355 2080 timi
370 2053 571 2082 accendebatur
586 2055 613 2082 in
629 2063 736 2082 summo
744 2055 821 2083 urbis
834 2056 946 2084 vertice.
963 2055 1009 2084 llle
1020 2064 1085 2084 vero

297 2099 367 2127 bene
379 2107 408 2127 se
422 2107 466 2127 res
482 2107 547 2128 suas
572 2099 714 2128 habituras
736 2102 864 2136 putabat,
881 2102 962 2129 modo
977 2106 1006 2129 tu
1025 2103 1085 2137 ejus

297 2153 332 2173 ne
347 2145 475 2174 evadercs
492 2154 600 2174 manus.
629 2146 717 2182 Atque
732 2148 894 2176 adolescens
919 2153 984 2176 tunc
1005 2149 1086 2183 plane

296 2199 376 2223 cras.
393 2200 480 2227 neque
505 2192 569 2220 dum
590 2193 679 2228 qualis
708 2202 781 2221 nunc
807 2202 847 2222 es.
872 2193 1083 2228 Verumtamen,

1142 1602 1293 1637 ’Λκρισίους
1313 1601 1397 1636 δήπου
1419 1599 1500 1635 ὀρῶν,
1519 1599 1638 1630 καὶτοὺς
1651 1599 1761 1630 Λαῖους,
1771 1598 1924 1633 Ἀστυάγην

1134 1656 1165 1674 τε
1179 1648 1223 1674 τὸν
1243 1647 1344 1681 Μῆδον,
1364 1646 1410 1672 καὶ
1427 1646 1540 1676 πολλοὺς
1557 1645 1651 1676 ἄλλους
1669 1644 1735 1679 (99),
1756 1642 1786 1670 εὖ
1801 1643 1924 1670 τίθεσθαι

1135 1694 1168 1721 τὰ
1183 1694 1295 1720 τοιαῦτα
1308 1693 1435 1726 δόξαντας
1451 1692 1504 1727 (1)·
1521 1689 1558 1718 ὧν
1572 1692 1597 1718 οἱ
1613 1692 1660 1726 μὲν
1677 1691 1782 1722 παῖδας,
1797 1691 1821 1717 οἱ
1837 1690 1866 1717 δὲ
1880 1691 1924 1724 ἑγ-

1135 1740 1230 1774 γόνους
1255 1739 1424 1766 ἀποκτείνειν
1451 1737 1597 1772 οἰηθέντες,
1613 1736 1791 1772 ἀφῃρέθησαν
1814 1736 1860 1762 ὑπ’
1874 1735 1925 1762 αὺ-

1134 1785 1188 1812 τῶν
1203 1784 1232 1811 τὸ
1250 1783 1409 1819 βασιλεύειν,
1425 1783 1581 1817 ἀναφύντων
1592 1783 1634 1809 ἐπ’
1651 1782 1747 1812 αὐτοὺς
1760 1781 1789 1813 ἐξ
1805 1780 1926 1815 ἀφανοῦς

1135 1831 1184 1857 σὺν
1200 1829 1237 1864 τῷ
1254 1828 1438 1864 πεπρωμένῳ.
1453 1828 1507 1854 Καὶ
1525 1829 1549 1854 εἰ
1567 1827 1615 1862 μὲν
1627 1827 1742 1860 ἠγάπων
1762 1825 1924 1852 κολακευτι-

1135 1875 1185 1911 κὴν
1200 1875 1248 1909 (2),
1262 1872 1336 1901 εἶπον
1359 1874 1391 1900 ἂν
1409 1873 1456 1900 καὶ
1481 1873 1515 1900 τὰ
1540 1873 1574 1900 σὰ
1593 1873 1630 1908 (5)
1654 1871 1864 1907 ἐντεθυμῆοθαι,
1882 1873 1925 1900 ὅτε

1135 1921 1269 1956 ἀπείληψο
1288 1920 1336 1955 μὲν
1353 1920 1406 1946 ὑπὸ
1425 1919 1560 1946 Βιτελλίου
1580 1919 1627 1953 (4),
1643 1918 1855 1954 κατεπίμπρατο
1870 1918 1900 1945 δὲ
1912 1919 1928 1944 ό

1135 1967 1202 1999 νεὼς
1215 1967 1261 1994 τοῦ
1275 1968 1334 1998 Διὸς
1348 1967 1411 2002 περὶ
1425 1966 1474 1998 τὰς
1486 1966 1571 2000 ὀφρῦς
1582 1965 1628 1992 τοῦ
1641 1965 1808 1996 ἄστεος,”οδ’
1823 1963 1854 1991 εὖ
1867 1965 1927 1991 κεί-

1137 2011 1229 2037 σεσθαι
1252 2010 1285 2037 τὰ.
1311 2011 1408 2037 ἑαυτοῦ
1430 2010 1557 2044 ἔφασκεν,
1572 2010 1595 2036 εἰ
1619 2009 1655 2044 μὴ
1675 2009 1816 2043 διαφύγοις
1833 2009 1926 2036 αὐτόν.

1136 2056 1232 2082 Καίτοι
1247 2055 1387 2091 μειράκιον
1406 2055 1505 2086 ἱκανῶς
1515 2053 1596 2090 ἦσθα,
1611 2055 1658 2081 καὶ
1671 2054 1747 2081 οὖπω
1758 2051 1845 2086 οὗτος.
1856 2054 1928 2081 Ἀλλ’

1135 2104 1209 2139 ὅμως
1225 2104 1270 2130 ἐπὶ
1285 2103 1392 2139 μοίραις
1403 2103 1490 2129 ἐδόκει
1505 2103 1595 2138 ἕτερα·
1609 2103 1623 2129 ὁ
1635 2103 1682 2138 μὲν
1697 2102 1820 2129 ἀπώλετο
1830 2104 1929 2135 αὑταῖς

1137 2149 1255 2185 βουλαῖς,
1272 2149 1302 2175 σὺ
1319 2149 1348 2175 δὲ
1363 2148 1398 2174 τὰ
1411 2148 1515 2176 ἐκείνου
1529 2148 1576 2174 νῦν
1586 2148 1665 2183 ἔχεις.
1676 2149 1752 2175 Ἐπεὶ
1767 2148 1796 2175 δὲ
1809 2149 1929 2185 ἁρμονία

1136 2195 1315 2229 κολακευτικῇ
1333 2193 1448 2228 ἄχθομαι
1470 2194 1560 2228 (δοκεῖ
1580 2193 1634 2228 γὰρ
1650 2201 1694 2228 μοι
1710 2193 1763 2220 τῶν
1778 2193 1928 2229 ὲκρύθμων

297 2238 360 2273 quia
377 2237 469 2265 Parcis
496 2239 576 2266 aliter
601 2243 643 2266 est
667 2239 777 2271 visum,
803 2239 928 2268 Vitellius
955 2241 1083 2276 quidem,

1137 2249 1166 2267 τε
1184 2241 1230 2267 καὶ
1246 2240 1296 2266 οὑκ
1313 2239 1469 2274 εὐφθόγγων
1479 2239 1516 2274 (5)
1532 2238 1775 2275 εἷναι),τετμήσ6ω
1790 2247 1837 2274 μοι
1851 2240 1928 2275 ἦδεή

333 2345 353 2360 "
375 2345 599 2384 lih._ul,_c.__‘_2'l.
639 2346 661 2361 ”
681 2346 793 2384 lih._m,
811 2355 836 2375 c.
856 2348 899 2376 Η.
940 2350 961 2366 ¹⁹
981 2350 1027 2378 lib.
1047 2360 1071 2379 \‘l
1085 2373 1092 2383 .
1110 2361 1135 2380 c.
1157 2352 1184 2378 ll
1203 2359 1210 2384 ;
1226 2355 1253 2378 ct
1268 2352 1314 2379 lib.
1333 2359 1370 2378 vn
1388 2360 1412 2379 c.
1430 2352 1464 2379 52
1496 2351 1568 2379 conl'.
1595 2356 1622 2378 et
1649 2359 1672 2380 s.
1691 2360 1716 2380 c.
1735 2352 1779 2380 5|.

297 2387 359 2413 ml,
376 2389 401 2409 c.
421 2381 446 2407 7.
484 2381 518 2396 ’θ’
537 2381 584 2408 lib.
602 2389 668 2413 vin,
686 2389 712 2408 c.
731 2381 756 2408 7.

331 2470 387 2506 (95)
407 2471 646 2507 Κακοδαιμόνων.
661 2471 783 2506 Infelices
794 2471 910 2499 Romani
921 2479 1030 2506 quoque
1043 2480 1085 2499 so-

296 2507 353 2534 lent
364 2514 464 2534 vocare
473 2514 532 2537 eos.
542 2507 641 2542 quibus
653 2515 731 2535 mens
743 2511 785 2534 est
808 2508 872 2534 Izeva
884 2515 890 2538 ;
902 2507 1086 2542 κακοδαίμονα.

296 2544 386 2568 autem
409 2546 436 2568 et
460 2541 606 2578 εὐδαίμονα
623 2542 811 2578 Graecisresse,
828 2542 929 2576 quibus
953 2541 1086 2578 bene’ﬂvel

297 2584 376 2604 secus
391 2577 543 2604 constituta
552 2585 629 2605 mens
639 2582 692 2609 est,
709 2577 741 2605 ad
753 2577 947 2604 Philostratum
962 2577 1086 2612 pluribus

296 2611 452 2646 probatum.

332 2647 388 2683 (96)
402 2647 574 2683 βασιλείαν
588 2648 692 2680 τούτῳ.
714 2647 784 2675 Ante
799 2647 931 2682 scriptum
943 2650 1002 2673 erat
1012 2647 1087 2682 βασι-

295 2681 382 2718 λςίαςέ
399 2682 534 2718 Eusebius
550 2683 631 2718 habet
647 2682 784 2718 βασιλείαν
800 2691 848 2717 τῳ.

333 2717 387 2752 (5)7)
414 2717 579 2744 Ἀποσάλοι.
600 2717 696 2745 Verior
710 2718 784 2745 haud
795 2718 878 2744 dubie
900 2717 992 2749 lectio,
1004 2725 1086 2752 quam

297 2756 323 2786 et
346 2751 474 2779 Philostr.
492 2754 626 2786 agnoscit,
643 2757 670 2781 et
695 2761 747 2780 ms.
766 2753 877 2780 Morello
901 2753 1000 2779 visum.
1014 2751 1087 2780 Editi

297 2785 433 2814 habebant
445 2785 601 2815 ἀποϐάλλει.

335 2821 390 2848 (98)
411 2821 540 2849 Σκοποῦ.
562 2823 599 2849 Ita
616 2822 744 2850 Philoslr.
762 2823 996 2856 Ειίὶιὶ,εὺσκ6που.

334 2856 388 2893 (Slil)
411 2857 547 2888 Ἄλλους.
569 2858 842 2893 ΡΙιίΙοειι-.,ὲτέρους.
864 2866 945 2892 quam
963 2860 990 2886 in
1013 2866 1084 2886 mar-

298 2891 359 2924 gine
373 2891 514 2919 lectionem
534 2894 699 2928 ascripsciat
715 2891 822 2929 quoque
843 2891 945 2921 Murell.

1834 2353 1858 2368 "
1879 2352 1928 2380 lib.

1175 2473 1212 2506 (I)
1237 2474 1274 2501 Τὰ
1287 2475 1408 2503 τοιαῦτα
1423 2475 1487 2507 δόξ.
1508 2474 1650 2507 Philostr.,
1662 2478 1696 2502 τὰ
1709 2476 1800 2502 αὐτῶν
1813 2477 1930 2504 τοιαῦτα

1139 2510 1167 2535 ὲν
1178 2510 1247 2544 ἀρχῇ
1260 2509 1394 2542 δόξαντας.

1174 2544 1217 2582 (2)-
1231 2545 1285 2582 Καὶ
1311 2547 1336 2571 εὶ
1358 2545 1417 2582 μὲκ
1439 2545 1562 2582 ἠγάπων
1589 2546 1817 2581 κολακευτικὴν.
1847 2547 1928 2582 Apud

1138 2579 1284 2607 Eusebium
1301 2585 1360 2608 erat
1379 2580 1577 2612 κολακευτικόν,
1596 2582 1665 2608 male
1684 2583 1765 2609 etiam
1779 2579 1842 2616 post
1858 2579 1931 2616 ἤγα-

1139 2623 1197 2641 πων
1221 2623 1326 2652 connna
1349 2616 1678 2652 ponebatur.l‘trumque
1702 2617 1832 2645 mendum
1857 2625 1930 2652 pne-

1138 2655 1219 2676 eunte
1235 2649 1402 2677 Philostrato
1418 2651 1527 2678 sustuli.

1177 2686 1214 2719 (5)
1238 2687 1275 2712 Τὰ
1288 2685 1338 2713 σά.
1360 2685 1453 2712 Melior
1468 2685 1540 2712 haud
1555 2686 1636 2713 dubie
1649 2689 1691 2713 est
1706 2686 1788 2714 lectio
1806 2687 1876 2718 lucc,
1894 2696 1929 2714 ex

1141 2719 1308 2747 Philostrato
1333 2724 1468 2752 revocata,
1486 2729 1567 2755 quam
1583 2721 1654 2755 quod
1675 2721 1702 2748 in
1717 2722 1799 2749 editis
1814 2722 1927 2751 Eusebii

1141 2759 1181 2781 est
1196 2756 1268 2788 τάδε,
1287 2757 1327 2782 sic
1342 2755 1414 2783 enim
1428 2756 1566 2790 sequentia
1584 2757 1674 2790 aptius
1688 2756 1836 2784 cohaerent.

1176 2791 1214 2823 (Δ)
1233 2792 1400 2818 Ruﬁnian.
1422 2790 1551 2818 Philostr.
1566 2792 1640 2818 addit
1655 2792 1781 2818 ἐνταῦθα.

1175 2827 1212 2859 (5)
1233 2827 1421 2860 Εὐρϐότγων.
1437 2827 1520 2852 Antea
1531 2827 1674 2860 ἀφθόγγων
1691 2827 1771 2857 male.
1786 2826 1922 2855 Ηοιςτετι

1138 2860 1237 2897 Nempe
1249 2860 1404 2896 εὐφθόγγων
1418 2860 1574 2889 Philostrati
1590 2862 1671 2889 etiam
1685 2862 1795 2890 codices
1811 2863 1923 2890 habent.
