2065 3216
176 133 227 161 851

736 137 838 165 ιιοεῐι
857 138 993 167 CONTRA
1014 137 1223 167 HIEROCLEM.

1748 139 1802 168 858

176 192 269 229 θευρά,
283 193 330 221 καὶ
353 193 435 229 μηδὲν
449 195 516 230 ἡγοῦ
531 196 585 223 τῶν
603 196 656 223 σῶν
672 198 870 234 ὲντεθυμῆσθαί
887 209 930 234 με,
952 210 962 226 ›

1016 200 1079 226 dum
1097 199 1147 227 ista
1162 202 1253 234 ageret
1269 198 1383 226 consilia
1395 218 1403 231 ,
1429 198 1500 226 male
1514 197 1605 233 periit,
1618 201 1647 225 tu
1658 205 1724 225 vero
1743 207 1804 229 qua:

175 238 226 264 Διὰ
239 237 341 265 τούτων
362 239 390 266 δὲ
403 241 469 275 ὁμοῦ
482 241 527 267 τὸν
543 241 626 278 ἄνδρα
641 242 755 276 κόλακα,
772 245 819 271 καὶ
832 244 962 280 ψεύστην,

175 282 223 309 καὶ
238 283 326 311 πάντα
342 285 440 320 μᾶλλον
453 286 469 321 ἢ
487 287 639 322 φιλόσοφον,
653 290 668 316 ό
686 290 756 326 ὑπὲρ
770 291 819 326 τῆς
834 290 964 327 ἀληθείας

175 329 324 365 παρίστησι
347 330 424 365 λόγος
437 331 484 367 (6).
501 333 624 361 Τοσαῦτα
648 335 702 370 γὰρ
726 336 856 372 πρότερον
879 337 963 364 εἰπὼν

175 375 246 402 κατὰ
261 375 306 402 τοῦ
322 377 494 416 Δομετιανοῦ,
517 380 658 407 κολακεύει
676 381 723 408 νῦν
733 383 747 408 ὁ
760 382 899 416 γεννάδας,
917 383 963 410 καὶ

174 421 415 458 καθυποκρίνεται,
433 424 470 456 ὡς
494 425 571 452 οὐδέν
591 435 617 453 τι
636 428 695 454 κατ’
709 428 803 460 αὑτοῦ,
822 429 920 464 μᾶλλον
935 429 963 455 δὲ

174 466 247 502 ὑπὲρ
263 467 356 500 αὑτοῦ,
374 469 426 495 τῶν
447 470 510 507 περὶ
527 472 628 507 μοιρῶν
645 472 718 508 αὐτῷ
733 473 780 500 καὶ
797 473 918 509 ἀνάγκης
934 477 963 502 ὲν

181 513 270 549 Ἰωνίᾳ
288 515 482 550 κεκινημένων.
493 517 620 544 Ἀνάλαϐε
640 519 709 554 δῆτα
728 520 777 555 τὴν
796 520 925 556 ἱστορίαν,
941 519 963 549 ὦ

175 561 354 595 ωγγραφεῦ,
379 562 424 588 καὶ
452 563 502 598 τῆς
526 563 652 599 ἀληθείας
680 565 812 602 διανήψας
839 566 902 602 (7)
929 568 963 594 τὰ

175 606 310 642 πρότερόν
347 616 387 634 σοι
415 609 554 644 γραφέντα
588 609 702 648 λαμπρᾷ
734 613 780 638 καὶ
823 612 962 648 φιλαλήθει

173 651 262 679 δίελθε
291 652 327 688 (8)
357 655 389 690 τῇ
413 656 507 690 φωνῇ,
531 656 613 692 μηδὲν
640 657 883 693 ὑποστειλάμενος·
908 659 962 692 Ὡς,

173 700 206 726 ὲν
240 700 342 735 Ἐφέσῳ
376 701 532 736 διατρίϐων,
558 712 566 728 ι
598 703 698 739 ἀφίστη
728 704 892 740 Δομετιανοῦ
919 705 964 732 ἄν-

173 743 242 780 δρας
258 744 306 780 (9),
320 746 367 772 καὶ
383 746 452 782 ὑπὲρ
469 747 595 774 ἁπάντων
607 749 740 785 ὲρρὡννυε
756 751 903 786 σωτηρίας·
916 751 963 778 καὶ

172 790 225 821 τὰς
250 791 299 826 μὲν
320 792 542 828 επιστολιμαίους
558 794 665 829 ὁμιλίας
686 795 808 831 (10)οὺκ
831 796 962 830 ὰσψαλεῖς

173 837 268 868 αὐτοῖς
281 837 348 872 ᾤετο
358 859 365 870 ,
383 839 436 865 τῶν
452 839 480 866 δὲ
497 840 612 876 ἑταίρων
627 842 689 873 τοὺς
708 842 944 878 σωφρονεστάτους
954 863 961 875 ,

1015 245 1089 272 illius
1102 248 1179 272 erant
1193 252 1266 272 nunc
1295 244 1430 279 possides.
1457 243 1509 272 Sed
1530 245 1657 279 quoniam
1678 243 1802 271 adulato-

1015 299 1075 318 rum
1094 295 1192 318 cantus
1211 298 1254 318 me
1270 291 1392 322 oﬂ‘endit,
1411 290 1529 321 (videtur
1540 290 1613 319 enim
1630 290 1696 318 mihi
1712 290 1802 319 disso-

1015 344 1067 364 nus
1079 344 1141 364 esse
1155 344 1187 364 ac
1201 336 1329 371 discors,)
1348 335 1499 371 rumpenda
1518 336 1583 363 mihi
1600 335 1652 363 ista
1666 339 1708 363 est
1721 335 1802 363 chor-

1014 383 1059 410 da.
1086 382 1179 418 Neque
1202 383 1282 410 velim
1305 387 1334 409 ut
1357 382 1499 410 arbitreris
1526 382 1560 409 de
1581 382 1636 409 tuis
1652 382 1734 409 rebus
1757 389 1801 410 me

1015 427 1162 462 cogitasse.
1195 436 1206 452 ι
1234 426 1282 454 His
1311 430 1400 454 autem
1426 427 1597 461 Apollonium
1633 427 1799 454 adulatorem

1012 473 1090 508 juxta
1116 477 1142 500 et
1158 473 1327 505 mendacem,
1343 477 1370 500 et
1382 473 1489 508 quidvis
1506 473 1595 507 potius
1613 479 1694 507 quam
1713 472 1800 506 philo-

1014 520 1141 554 sophum,
1159 520 1238 548 nobis
1260 519 1333 547 sistit
1360 519 1473 546 historia
1499 519 1568 551 ista,
1596 518 1717 546 veritatis
1733 517 1800 545 adeo

1014 565 1147 594 studiosa.
1163 565 1285 601 Namque
1299 566 1369 593 idem
1380 586 1387 598 ,
1403 566 1450 601 qui
1466 566 1583 600 graviter
1598 566 1665 593 adeo
1678 566 1754 601 prius
1772 565 1800 593 in

1015 611 1198 640 Domitianum
1225 612 1314 640 fuerat
1343 612 1483 644 invectus,
1511 619 1584 639 nunc
1610 612 1735 639 adulatur
1758 612 1801 639 vir

1014 662 1153 690 strenuus,
1168 659 1333 694 simulatque
1351 667 1382 686 ac
1402 659 1426 686 si
1444 667 1497 686 non
1514 664 1609 686 contra
1633 659 1720 694 ipsum
1746 659 1801 686 ullo

1013 705 1105 737 modo,
1125 705 1172 732 sed
1187 713 1236 740 pro
1252 705 1311 740 ipso
1333 705 1424 740 potius
1448 704 1563 737 faciant,
1583 713 1651 740 quos
1678 705 1707 731 in
1726 704 1801 731 lonia

1013 751 1070 785 ipse
1093 751 1127 778 de
1137 751 1200 779 fatis
1222 756 1304 787 atque
1325 752 1488 780 necessitate
1506 757 1627 781 moverat
1647 753 1800 780 discursus.

1014 795 1097 824 Sume
1114 797 1198 832 igitur
1211 797 1238 824 in
1253 805 1350 825 manus
1365 802 1449 830 tuam,
1467 806 1484 826 ο
1502 799 1629 833 scriptor,
1642 798 1800 829 historiam,

1013 846 1040 870 et
1069 843 1175 870 veritati
1198 843 1367 878 pervigilium
1393 852 1485 879 agens,
1517 849 1595 872 antea
1627 844 1675 871 tibi
1704 844 1732 871 in
1757 844 1802 870 lit-

173 883 267 910 ἄλλοτε
283 883 360 910 ἄλλον
377 885 586 920 ἀπολαμῦἁνων,
604 887 741 919 Διάκονον,
756 888 830 922 ἔλεγε
843 908 850 920 ,
871 888 962 915 ποιοῦ-

1016 891 1088 914 teras
1107 887 1192 913 relata
1213 887 1286 914 clara
1312 895 1377 915 voce
1402 892 1429 915 et
1452 889 1575 916 veritatis
1596 889 1714 915 studium
1735 896 1804 923 pra-.-

174 929 226 964 μαί
252 938 280 956 σε
298 931 454 966 ἀπορρήτου
477 931 613 967 λαμπροῦ.
635 932 745 959 Βαδίσαι
767 933 796 959 δέ
814 942 843 959 σε
860 933 913 969 χρὴ
933 934 962 966 ὲς

180 974 289 1011 Ῥώμην
306 977 382 1013 παρὰ
400 977 445 1003 τὸν
462 977 550 1009 δεῖνα,
569 979 616 1005 καὶ
639 978 810 1015 διαλεχθῆναί
826 981 860 1006 οί.
879 990 887 1005 ι
907 980 962 1007 Καὶ

170 1020 308 1055 διελέγετο
324 1022 374 1057 μὲν
402 1023 471 1058 ὑπὲρ
490 1024 591 1059 μοιρῶν
617 1025 664 1051 καὶ
685 1025 822 1059 ἀνάγκης,
852 1027 898 1052 καὶ
916 1026 961 1052 τὸν

170 1067 251 1101 λόγον
263 1067 341 1103 διῄει,
355 1069 396 1094 ὃτι
412 1069 478 1105 μηδὲ
494 1071 517 1096 οἱ
533 1070 658 1106 τύραννοι
672 1070 705 1097 τὰ
721 1071 823 1107 μοιρῶν
838 1068 888 1098 οἷοι
905 1071 962 1107 βιά-

170 1113 277 1145 ζεσθαι.
296 1115 351 1141 Καὶ
367 1115 404 1146 ὡς
420 1115 522 1152 χαλκῆς
545 1117 648 1148 εἰκόνος
670 1117 814 1153 ἱδρυμένης
833 1119 961 1153 Δομετια-

169 1160 220 1187 νοῦ
235 1161 302 1196 πρὸς
314 1161 352 1196 τῷ
369 1162 482 1198 Μέλητι,
493 1163 658 1199 ἐπιστρέψας
672 1165 700 1195 ἐς
716 1163 800 1198 αὐτὴν
816 1165 878 1196 τοὺς
889 1173 960 1200 παρ-

169 1207 262 1238 όντας·
280 1217 288 1232 ι
302 1207 409 1243 Ἀνόητε
422 1227 428 1239 ,
446 1206 531 1240 εἶπεν,
546 1209 583 1240 ὼς
601 1209 667 1235 πολὺ
681 1210 875 1245 διαμαρτάνεις
901 1219 960 1246 μοι-

171 1253 230 1289 ρῶν
246 1253 292 1279 καὶ
315 1254 445 1290 ἀνάγκης.
461 1251 495 1290 ᾮ
513 1254 567 1290 γὰρ
586 1255 652 1290 μετὰ
672 1255 701 1281 σὲ
717 1255 894 1292 τυραννεῦσαι
912 1256 960 1282 πέ-

169 1308 297 1335 πρωται,
314 1300 407 1327 τοῦτον
431 1300 478 1326 καὶ
495 1301 518 1327 εί
535 1301 733 1334 ἁποκτείνειας,
751 1301 958 1329 ἀναϐιώσεται.»

177 1346 208 1372 ’0
224 1345 255 1381 δὴ
270 1346 338 1382 μετὰ
354 1348 416 1379 τοὺς
430 1348 516 1380 τοίους
529 1347 668 1382 διαλόγους
688 1348 843 1375 κολακεύων
859 1348 905 1374 τὸν
915 1349 962 1374 τύ-

173 1401 282 1429 ραννον,
295 1394 341 1420 καὶ
357 1394 440 1429 μηδὼ
456 1403 481 1420 τι
494 1393 596 1421 τούτων
610 1394 647 1425 ὡς
662 1394 730 1430 πρὸς
743 1394 825 1420 αὑτὸν
837 1394 961 1431 εἰρῆσθαι

171 1439 249 1474 αὐτῷ
267 1441 529 1476 κατειρωνευόμενος
540 1461 546 1472 ,
565 1440 623 1472 πῶς
636 1441 666 1467 οὐ
682 1441 832 1476 μοχθηρίας
852 1441 961 1476 ἁπάσης

171 1487 220 1512 καὶ
234 1486 422 1522 ἀνελευθερίας
434 1486 554 1522 κριθείης
570 1488 594 1513 εί
610 1488 646 1523 μὴ
659 1488 712 1523 ἄρα
728 1487 911 1524 ψευδηγὸρους
925 1496 962 1514 τι-

171 1531 222 1562 νὰς
243 1532 290 1558 καὶ
315 1533 483 1567 κατηγόρους
510 1532 557 1559 τοῦ
581 1533 690 1568 ἀνδρὸς,
715 1533 774 1569 οὺχὶ
797 1534 825 1560 δὲ
852 1534 961 1569 ἀληθεῖς

1012 937 1094 960 eunte
1110 931 1190 968 540
1201 934 1300 968 relege,
1316 942 1365 961 nec
1381 939 1406 962 te
1418 934 1555 962 subducas
1569 935 1632 962 huic
1649 935 1725 962 oneri
1742 942 1748 958 ι
1766 933 1801 962 Ut

1013 987 1110 1013 nempe
1127 987 1316 1008 commoratus
1329 980 1426 1016 Ephesi
1446 981 1480 1013 ",
1497 990 1506 1006 ι
1526 989 1541 1008 a
1559 980 1714 1008 Domitiano
1729 980 1803 1008 viros

1013 1025 1219 1057 abalienaverit,
1252 1029 1278 1053 et
1295 1030 1323 1052 ιιι
1336 1033 1512 1054 communem
1538 1025 1804 1052 tucrenturliberta—

1014 1075 1067 1098 lem
1093 1071 1316 1099 continuaverit:
1335 1076 1417 1107 atque
1437 1071 1602 1099 commercia
1624 1071 1731 1106 quidem
1755 1078 1805 1106 per

1012 1118 1144 1152 epistolas
1161 1118 1254 1146 minus
1272 1123 1328 1144 tuta
1353 1118 1421 1153 ipsis
1438 1126 1498 1146 esse
1516 1118 1662 1154 putaverit,
1682 1117 1805 1152 adeoque

1013 1165 1145 1192 sodalium
1173 1162 1407 1200 prudentissimis,
1437 1164 1517 1191 modo
1529 1165 1581 1192 hoc
1606 1163 1688 1191 modo
1713 1163 1766 1191 alio
1787 1170 1805 1191 δ

1016 1211 1095 1238 turba
1113 1211 1238 1242 seducto,
1251 1211 1353 1238 dixerit
1366 1219 1372 1236 :
1389 1210 1477 1246 Magni
1495 1214 1520 1238 te
1534 1210 1603 1238 facio
1617 1209 1707 1237 arcani
1722 1209 1802 1236 mini-

1013 1261 1110 1284 strum.
1136 1256 1249 1291 Oportet
1266 1260 1357 1284 autem
1372 1256 1486 1283 Romam
1499 1260 1526 1283 te
1541 1256 1616 1283 abire
1630 1255 1662 1282 ad
1675 1256 1747 1282 hunc
1758 1256 1802 1283 vel

1014 1302 1103 1333 illum,
1121 1306 1202 1337 atque
1219 1310 1281 1328 cum
1305 1310 1338 1329 eo
1367 1302 1513 1329 disserere.
1530 1312 1540 1328 ι
1558 1301 1595 1328 Ut
1611 1302 1675 1329 item
1693 1301 1727 1328 de
1742 1301 1805 1330 fatis

1012 1353 1038 1375 et
1051 1349 1213 1376 necessitate
1222 1349 1329 1375 locutus
1337 1348 1410 1381 sit",
1419 1353 1500 1383 atque
1511 1347 1661 1375 ostenderit
1669 1347 1804 1380 oratione,

1012 1394 1085 1429 quod
1105 1403 1139 1422 ne
1162 1394 1271 1430 tyranni
1296 1394 1405 1429 quidem
1432 1393 1549 1421 fatorum
1572 1397 1678 1420 mutare
1698 1393 1804 1420 decreta

1012 1441 1132 1468 valeant.
1147 1440 1183 1467 Ut
1208 1448 1291 1476 porro
1313 1447 1389 1467 aenea
1416 1447 1477 1467 cum
1494 1442 1567 1467 esset
1592 1438 1746 1466 Domitiano
1771 1438 1805 1465 ad

1013 1486 1138 1514 Meletem
1153 1486 1266 1513 ﬂuvium
1283 1486 1372 1521 posita
1393 1489 1495 1516 statua,
1508 1485 1536 1512 in
1548 1493 1607 1512 eam
1624 1488 1653 1511 ut
1667 1485 1806 1512 intueren-

1012 1537 1058 1559 tur
1077 1553 1084 1565 ,
1113 1538 1263 1567 praesentes
1296 1540 1391 1560 omnes
1410 1531 1576 1567 permoverit
1592 1551 1599 1563 ,
1634 1531 1802 1566 dixeritque:

172 1578 366 1613 συγγραφέας,
385 1578 444 1614 θείη
462 1587 503 1610 τις
520 1579 582 1610 τοὺς
594 1578 680 1605 ταῦτα
697 1580 789 1614 μνήμῃ
804 1579 961 1614 παραδεδω-

1017 1590 1026 1604 ι
1039 1579 1060 1606 Ο
1069 1580 1162 1611 stulte,
1169 1587 1249 1614 quam
1258 1579 1374 1606 fatorum
1384 1579 1493 1614 ignoras
1501 1578 1619 1606 indolem
1629 1583 1709 1614 atque
1715 1585 1808 1605 neces-

172 1622 266 1654 κότας.
289 1623 344 1649 Καὶ
366 1623 417 1649 ποῦ
442 1624 488 1650 τοῦ
515 1623 703 1657 Φιλαλήθους
722 1634 731 1649 ι
747 1625 771 1650 οἱ
796 1624 962 1656 παιδεύσεως

171 1668 226 1703 μὲν
245 1668 291 1694 ἐπὶ
317 1668 442 1695 πλεῖστον
465 1669 594 1704 ἥκοντες,
612 1670 642 1695 τὸ
667 1670 688 1696 δ’
709 1670 806 1706 ἀληθὲς
829 1670 962 1705 τιμῶντες

170 1716 358 1749 συγγραφεῖς
377 1724 385 1740 ι
402 1715 489 1751 Δάμις
508 1724 537 1741 τε
552 1717 566 1742 ὁ
583 1716 744 1751 φιλόσοφος,
762 1718 776 1742 ὁ
793 1717 839 1743 καὶ
857 1716 963 1743 συνδια-

169 1760 273 1795 τρίψας
288 1760 327 1796 τῷ
341 1761 506 1796 δηλουμένῳ,
525 1762 571 1787 καὶ
586 1761 763 1797 Φιλόστρατος
779 1763 793 1788 ὁ
812 1762 961 1797 Ἀθηναῖος,

169 1807 220 1841 ἀφ’
237 1804 275 1834 ὧν
296 1807 382 1834 ταῦτα
401 1808 579 1843 παρατίθεται
591 1817 604 1835 ·,
615 1807 661 1840 οὓς
677 1808 770 1842 σαφῶς
786 1808 872 1840 οὕτως
889 1809 966 1835 ἐναν-

169 1853 373 1887 τιολογοῦντας,
391 1853 582 1889 κομπάζοντάς
598 1863 628 1881 τε
646 1854 764 1890 ἀληθῶς,
779 1855 826 1881 καλ⁴
843 1857 899 1886 τοῖς
918 1864 966 1890 μα-

170 1899 299 1935 χομένοις
337 1901 557 1935 παρισταμένους
587 1900 706 1935 ψεύστας
739 1900 879 1937 ἐναργῶς,

170 1946 369 1980 ἀπαιδεύτους,
395 1947 443 1974 καὶ
464 1947 565 1982 γόητας
586 1947 636 1982 τῆς
662 1946 789 1982 ἀληθείας
811 1947 840 1973 τὸ
866 1946 966 1981 φέγγος

169 1993 323 2028 διήλεγξεν.

170 2039 275 2065 rimum
312 2038 453 2073 profecere
469 2059 476 2070 ,

919 1901 965 1926 καὶ

1017 1626 1116 1653 sitatis.
1130 1625 1180 1652 Cui
1198 1625 1270 1652 cnim
1288 1625 1321 1653 ab
1334 1625 1384 1656 eis,
1397 1628 1498 1659 utpost
1509 1629 1535 1651 te
1552 1625 1676 1658 imperet,
1695 1624 1746 1651 fuit
1760 1625 1806 1652 de-

1014 1675 1131 1702 cretum,
1142 1671 1197 1702 ille,
1211 1671 1234 1697 si
1245 1672 1362 1705 perimas
1373 1671 1465 1702 etiam,
1474 1670 1642 1698 reviviscet.»
1659 1670 1719 1697 Iam
1727 1678 1802 1706 ergo,

1017 1717 1064 1752 qui
1086 1721 1147 1752 post
1164 1725 1306 1744 sermones
1317 1717 1452 1751 ejusmodi
1468 1717 1595 1743 adulatur
1614 1720 1746 1751 tyranno,
1763 1722 1803 1743 at-

1017 1771 1070 1798 que
1087 1763 1155 1789 nihil
1184 1770 1278 1790 eorum
1308 1763 1335 1789 in
1363 1763 1450 1797 ipsum
1478 1762 1581 1789 dictum
1599 1770 1660 1790 esse
1682 1762 1803 1796 simulat,

1016 1808 1152 1843 quomodo
1181 1808 1270 1835 omnis
1289 1808 1312 1835 is
1337 1807 1465 1842 nequitiae
1488 1807 1627 1842 animique
1660 1807 1804 1835 illiberalis

1016 1863 1080 1882 reus
1089 1862 1143 1880 non
1162 1854 1276 1888 agatur?
1293 1853 1349 1881 Nisi
1374 1853 1443 1881 forte
1462 1853 1606 1881 mendaces
1633 1853 1765 1888 quosdam
1777 1859 1803 1881 et

1017 1901 1230 1928 calumniatores
1244 1900 1382 1935 Apollonii
1414 1907 1475 1928 esse
1492 1904 1603 1931 statuat,
1623 1907 1678 1927 non
1694 1907 1803 1928 veraces

1017 1951 1152 1977 auctores.
1170 1946 1227 1973 haec
1250 1947 1296 1981 qui
1314 1946 1451 1974 memoria:
1471 1946 1661 1981 prodiderunt.
1681 1946 1732 1974 Ubi
1745 1947 1803 1981 jam

1017 1992 1099 2027 igitur
1113 1993 1150 2019 illi
1163 1992 1320 2019 Plaitaletliis
1337 1995 1473 2024 auctores,
1492 2001 1501 2016 ι
1513 1993 1558 2027 qui
1580 1992 1733 2020 eruditione
1744 1993 1804 2028 plu-

514 2039 690 2073 vcritalisquc
707 2048 716 2064 ι
749 2037 964 2065 studiosissimi?
985 2037 1086 2071 Daulis,
1105 2038 1226 2073 inquam,
1255 2038 1497 2073 philosophus,qui
1512 2042 1538 2065 et
1569 2045 1661 2066 comes
1677 2039 1804 2067 assiduus

170 2087 209 2118 ei,
241 2086 275 2113 de
291 2094 346 2121 quo
362 2087 462 2121 agitur,
479 2086 540 2118 fuit,
562 2086 792 2121 Atheniensisque
809 2084 1000 2117 Philostratus,
1024 2093 1038 2112 ει
1055 2085 1155 2121 quibus
1181 2086 1233 2113 ista
1248 2085 1327 2113 nobis
1342 2090 1549 2121 proponuntur:
1566 2093 1634 2120 quos
1653 2085 1805 2113 luculenter

171 2135 243 2163 adeo
260 2135 311 2163 sibi
342 2142 494 2170 repugnare
527 2135 605 2169 ipsis,
623 2135 775 2169 jactatores
799 2139 874 2162 certe
887 2134 1062 2167 vanissimos,
1093 2138 1120 2161 et
1151 2134 1415 2161 contradictionibus
1432 2133 1490 2161 suis
1508 2133 1659 2169 spissorum
1687 2133 1804 2161 menda—

171 2183 281 2210 ciorum
298 2182 450 2214 convictos,
466 2182 592 2209 indoctos
610 2182 674 2209 item
691 2185 719 2209 et
743 2189 839 2217 magns
858 2182 903 2208 lux
919 2182 1044 2209 veritatis
1059 2181 1267 2209 demonstravit.

424 2242 622 2268 ΚΕΦΑΛΑΙΟΝ
652 2241 716 2268 ΜΔ¹.

1303 2239 1418 2268 CAPUT
1449 2239 1538 2267 XLlV.

214 2300 277 2326 Ἐπὶ
303 2299 370 2325 πᾶσι
386 2299 432 2325 τὸν
455 2298 643 2330 Ἀπολλώνιον,
660 2298 850 2333 ἀπαλλαγέντα
862 2298 909 2325 τοῦ
927 2299 962 2325 δι-

1057 2298 1197 2326 Postremo
1208 2297 1383 2333 Apollonium
1404 2297 1508 2332 judicio
1530 2297 1685 2324 absolutum
1703 2304 1763 2324 sese
1776 2296 1804 2323 in

170 2345 324 2382 καστηρίου
335 2365 342 2378 ,
360 2347 389 2372 ἐν
406 2344 540 2380 Λεϐαδείᾳ
559 2344 646 2371 ἐλθεῖν
665 2345 777 2380 ἱστορεῖ.
801 2344 967 2380 Βουλόμενόν

1022 2344 1171 2372 Lebadeam
1198 2343 1334 2379 recepisse
1359 2347 1494 2371 memorat
1505 2343 1536 2371 ²³.
1551 2341 1674 2377 Cumque
1698 2342 1726 2369 in
1740 2341 1802 2369 Tro-

210 2438 231 2453 "
253 2436 301 2465 lib.
319 2445 376 2470 vu,
390 2444 414 2464 c.
433 2437 460 2466 8.
499 2437 522 2454 "
542 2436 590 2464 lib.
610 2445 665 2469 vn,
682 2444 706 2464 c.
721 2436 746 2465 9.
787 2437 809 2453 “
830 2436 877 2464 lib.
896 2444 962 2469 vm,
978 2443 1003 2464 c.
1023 2435 1067 2464 l9.

212 2515 250 2550 (6)
276 2515 303 2540 '0
329 2515 403 2550 ὑπὲρ
428 2513 483 2549 τῆς
505 2515 648 2548 ἀληθείας
675 2514 847 2550 παρίστηο]
862 2514 963 2550 ψόγος.

173 2549 282 2578 lronice
295 2550 410 2577 dictum.
428 2550 530 2584 Nempe
548 2557 563 2576 a
578 2550 702 2577 veritatis
720 2549 810 2576 studio
821 2549 966 2576 Philostra-

171 2591 244 2619 tum,
257 2591 338 2621 atque
360 2585 432 2613 istud
457 2584 627 2621 σύγγραμμα
651 2585 712 2618 ejus
725 2585 965 2621 commendaverat

171 2619 326 2652 Hierocles,
344 2626 375 2648 ut
391 2621 483 2648 videre
499 2619 540 2647 est
557 2619 639 2654 supra
655 2628 714 2654 cap.
732 2619 760 2646 2.

210 2657 249 2691 (7)
269 2656 434 2691 Διανήψας.
455 2656 596 2682 Acc‘olum
615 2656 641 2681 in
655 2657 712 2683 suis
727 2655 849 2691 διανίψας
865 2655 964 2690 legisse

172 2690 280 2720 certum
296 2695 337 2719 est
353 2690 439 2718 {nam
452 2691 589 2726 quomodo
605 2695 710 2726 vertere
726 2690 794 2717 alias
810 2691 960 2725 potuisset:

172 2728 229 2762 Age
245 2727 364 2754 veritatis
383 2725 583 2762 [outc'dilutant
597 2731 682 2762 repete
698 2725 765 2752 hanc
782 2725 858 2762 clara
879 2730 904 2752 et
927 2726 964 2752 in-

172 2760 259 2795 qénua
285 2760 415 2790 roce2At
441 2763 493 2789 ista
520 2761 647 2793 lectione,
669 2760 809 2788 fatendum
835 2761 961 2795 ingenue,

174 2806 231 2825 non
255 2798 369 2824 multum
391 2797 460 2824 lucis
478 2796 580 2824 aecedit
598 2797 658 2824 loco
673 2796 801 2823 obscuro.
818 2795 890 2822 Nihil
914 2804 965 2831 ego

175 2833 287 2860 invenio
310 2833 397 2865 magis
420 2832 570 2866 probabile.
583 2839 664 2866 quam
679 2831 821 2866 legendum
840 2839 900 2858 esse
916 2832 964 2858 καὶ

173 2869 209 2903 τῇ
226 2868 340 2904 arma;
356 2868 499 2904 διανήψας,
516 2868 554 2895 sic
579 2867 650 2896 enim
674 2867 742 2895 satis
762 2867 843 2904 plana
860 2867 963 2899 omnia,

1019 2521 1173 2548 sensusque
1197 2513 1311 2548 emergit
1333 2521 1387 2540 non
1412 2513 1503 2540 clarus
1528 2515 1645 2544 tantum,
1661 2520 1756 2539 verum
1777 2517 1807 2539 et

1020 2550 1141 2584 elegans,
1159 2557 1239 2584 quem
1256 2549 1380 2584 proinde,
1395 2556 1457 2575 cum
1473 2549 1555 2575 alium
1573 2555 1626 2574 non
1643 2555 1762 2582 possem,
1777 2548 1807 2574 in

1019 2585 1145 2612 versione
1159 2585 1241 2611 etiam
1256 2584 1389 2618 expressi.

1055 2621 1094 2654 (δ)
1115 2619 1271 2654 Γραφέγτα
1283 2615 1403 2654 λαμπρᾷ
1416 2618 1466 2645 καὶ
1475 2617 1634 2654 φιλαλήθει
1643 2617 1750 2654 δίελθε.
1765 2615 1809 2654 Ex

1018 2651 1070 2681 ms'.
1093 2651 1212 2688 reposui.
1240 2651 1328 2681 Ρτίοιί
1339 2651 1433 2685 editio.
1463 2651 1602 2688 Υραφέντα
1629 2651 1744 2688 λαμπρὰ
1758 2652 1809 2680 καλ

1017 2687 1150 2725 φιλαλήθη
1170 2689 1267 2721 δίελθε,
1281 2690 1393 2717 alteram
1409 2687 1498 2716 autem
1518 2689 1659 2725 lectionem
1670 2691 1696 2714 et
1707 2687 1807 2714 distin-

1017 2723 1135 2753 etionein
1145 2723 1288 2760 interpres
1302 2732 1410 2759 quoque
1426 2724 1558 2759 sequitur.
1577 2723 1714 2760 llousreu.

1053 2760 1090 2794 (9)
1113 2757 1247 2794 Ἂνδροιξι.
1267 2757 1393 2791 Nervam,
1416 2757 1524 2786 Rullum
1541 2764 1567 2786 et
1581 2758 1706 2789 Orﬁtum,
1722 2757 1755 2784 de
1769 2757 1805 2786 iis

1013 2795 1089 2822 enim
1105 2796 1195 2830 agitur
1210 2803 1242 2823 eo
1255 2803 1335 2830 quem
1356 2795 1467 2830 respicit
1480 2794 1638 2830 Philostrati
1655 2794 1724 2820 loco.

1054 2830 1111 2871 tl_0)
1126 2829 1275 2871 ⁷’ομιλίαςζ
1298 2829 1427 2859 Philostr.
1445 2829 1608 2867 ξυμϐουλίας
1621 2829 1713 2862 habet,
1732 2833 1805 2869 quo!

1017 2866 1103 2902 magis
1114 2866 1237 2901 probem.
