  <div class='ocr_page' id='page_1' title='image "/cluster/home/n/w/nwhite01/storage/ocr_20150623/22/njp.32101077772497/495.png"; bbox 0 0 2065 3216; ppageno 0'>
   <div class='ocr_carea' id='block_1_1' title="bbox 287 136 342 166">
    <p class='ocr_par' dir='ltr' id='par_1_1' title="bbox 287 136 342 166">
     <span class='ocr_line' id='line_1_1' title="bbox 287 136 342 166; baseline 0 0"><span class='ocrx_word' id='word_1_1' title='bbox 287 136 342 166; x_wconf 77' lang='lat'><strong>859</strong></span> 
     </span>
    </p>
   </div>
   <div class='ocr_carea' id='block_1_2' title="bbox 625 139 1592 171">
    <p class='ocr_par' dir='ltr' id='par_1_2' title="bbox 625 139 1592 171">
     <span class='ocr_line' id='line_1_2' title="bbox 625 139 1592 171; baseline 0.002 -4"><span class='ocrx_word' id='word_1_2' title='bbox 625 139 760 168; x_wconf 78' lang='lat' dir='ltr'><strong>EUSEBII</strong></span> <span class='ocrx_word' id='word_1_3' title='bbox 778 140 1019 169; x_wconf 64' lang='lat' dir='ltr'><strong>CIESARIENSIS</strong></span> <span class='ocrx_word' id='word_1_4' title='bbox 1037 142 1113 170; x_wconf 83' lang='lat' dir='ltr'><strong>OPP.</strong></span> <span class='ocrx_word' id='word_1_5' title='bbox 1134 142 1225 171; x_wconf 80' lang='lat' dir='ltr'><strong>PARS</strong></span> <span class='ocrx_word' id='word_1_6' title='bbox 1241 143 1276 171; x_wconf 76' lang='lat' dir='ltr'><strong>ll.</strong></span> <span class='ocrx_word' id='word_1_7' title='bbox 1292 157 1326 164; x_wconf 89' lang='lat'><strong><em>—</em></strong></span> <span class='ocrx_word' id='word_1_8' title='bbox 1344 142 1592 171; x_wconf 77' lang='lat' dir='ltr'><strong>APOLOGETICA.</strong></span> 
     </span>
    </p>
   </div>
   <div class='ocr_carea' id='block_1_3' title="bbox 1858 143 1908 168">
    <p class='ocr_par' dir='ltr' id='par_1_3' title="bbox 1858 143 1908 168">
     <span class='ocr_line' id='line_1_3' title="bbox 1858 143 1908 168; baseline 0 0"><span class='ocrx_word' id='word_1_9' title='bbox 1858 143 1908 168; x_wconf 73' lang='grc'><strong>360</strong></span> 
     </span>
    </p>
   </div>
   <div class='ocr_carea' id='block_1_4' title="bbox 288 195 1068 237">
    <p class='ocr_par' dir='ltr' id='par_1_4' title="bbox 288 195 1068 232">
     <span class='ocr_line' id='line_1_4' title="bbox 288 195 1068 232; baseline 0.008 -10"><span class='ocrx_word' id='word_1_10' title='bbox 288 195 382 230; x_wconf 90' lang='lat' dir='ltr'><strong>phonii</strong></span> <span class='ocrx_word' id='word_1_11' title='bbox 407 203 518 231; x_wconf 83' lang='lat' dir='ltr'><strong>specum</strong></span> <span class='ocrx_word' id='word_1_12' title='bbox 543 197 709 225; x_wconf 87' lang='lat' dir='ltr'><strong>descendere</strong></span> <span class='ocrx_word' id='word_1_13' title='bbox 733 196 884 232; x_wconf 75' lang='lat' dir='ltr'><strong>aﬂectaret,</strong></span> <span class='ocrx_word' id='word_1_14' title='bbox 907 200 1068 228; x_wconf 82' lang='lat' dir='ltr'><strong>prohibitum</strong></span> 
     </span>
    </p>
   </div>
   <div class='ocr_carea' id='block_1_5' title="bbox 1120 195 1909 237">
    <p class='ocr_par' dir='ltr' id='par_1_5' title="bbox 1126 198 1909 237">
     <span class='ocr_line' id='line_1_5' title="bbox 1126 198 1909 237; baseline -0.004 -9"><span class='ocrx_word' id='word_1_15' title='bbox 1126 209 1155 228; x_wconf 88' lang='grc' dir='ltr'><strong>τε</strong></span> <span class='ocrx_word' id='word_1_16' title='bbox 1179 202 1207 233; x_wconf 81' lang='grc' dir='ltr'>ὲς</span> <span class='ocrx_word' id='word_1_17' title='bbox 1231 200 1387 237; x_wconf 78' lang='grc' dir='ltr'><strong>Τροφωνίου</strong></span> <span class='ocrx_word' id='word_1_18' title='bbox 1404 200 1552 232; x_wconf 80' lang='grc' dir='ltr'><strong>κατελθεῖν,</strong></span> <span class='ocrx_word' id='word_1_19' title='bbox 1579 200 1616 236; x_wconf 75' lang='grc' dir='ltr'><strong>μὴ</strong></span> <span class='ocrx_word' id='word_1_20' title='bbox 1635 198 1826 235; x_wconf 61' lang='grc' dir='ltr'>ὲτιιτρέτξσθαι</span> <span class='ocrx_word' id='word_1_21' title='bbox 1841 199 1909 234; x_wconf 73' lang='grc' dir='ltr'>πρὸς</span> 
     </span>
    </p>
   </div>
   <div class='ocr_carea' id='block_1_6' title="bbox 287 241 1074 279">
    <p class='ocr_par' dir='ltr' id='par_1_6' title="bbox 287 241 1074 279">
     <span class='ocr_line' id='line_1_6' title="bbox 287 241 1074 279; baseline 0.006 -11"><span class='ocrx_word' id='word_1_22' title='bbox 287 241 322 268; x_wconf 87' lang='lat' dir='ltr'><strong>ab</strong></span> <span class='ocrx_word' id='word_1_23' title='bbox 338 241 435 269; x_wconf 89' lang='lat' dir='ltr'><strong>incolis</strong></span> <span class='ocrx_word' id='word_1_24' title='bbox 445 250 515 275; x_wconf 84' lang='lat' dir='ltr'><strong>esse,</strong></span> <span class='ocrx_word' id='word_1_25' title='bbox 535 243 578 270; x_wconf 91' lang='lat' dir='ltr'><strong>his</strong></span> <span class='ocrx_word' id='word_1_26' title='bbox 594 251 703 278; x_wconf 86' lang='lat' dir='ltr'><strong>quoque</strong></span> <span class='ocrx_word' id='word_1_27' title='bbox 731 251 840 279; x_wconf 87' lang='lat' dir='ltr'><strong>magum</strong></span> <span class='ocrx_word' id='word_1_28' title='bbox 851 252 914 271; x_wconf 92' lang='lat' dir='ltr'><strong>eum</strong></span> <span class='ocrx_word' id='word_1_29' title='bbox 926 252 987 272; x_wconf 87' lang='lat' dir='ltr'><strong>esse</strong></span> <span class='ocrx_word' id='word_1_30' title='bbox 1009 252 1074 273; x_wconf 89' lang='lat' dir='ltr'><strong>cen—</strong></span> 
     </span>
    </p>
   </div>
   <div class='ocr_carea' id='block_1_7' title="bbox 287 288 1072 325">
    <p class='ocr_par' dir='ltr' id='par_1_7' title="bbox 287 288 1072 325">
     <span class='ocr_line' id='line_1_7' title="bbox 287 288 1072 325; baseline 0.005 -11"><span class='ocrx_word' id='word_1_31' title='bbox 287 288 420 316; x_wconf 75' lang='lat' dir='ltr'><strong>sentibus.</strong></span> <span class='ocrx_word' id='word_1_32' title='bbox 437 288 518 323; x_wconf 90' lang='lat' dir='ltr'><strong>Atqui</strong></span> <span class='ocrx_word' id='word_1_33' title='bbox 533 289 630 316; x_wconf 86' lang='lat' dir='ltr'><strong>merito</strong></span> <span class='ocrx_word' id='word_1_34' title='bbox 655 289 716 322; x_wconf 87' lang='lat' dir='ltr'><strong>ejus</strong></span> <span class='ocrx_word' id='word_1_35' title='bbox 738 290 775 317; x_wconf 88' lang='lat' dir='ltr'><strong>rei</strong></span> <span class='ocrx_word' id='word_1_36' title='bbox 795 290 915 325; x_wconf 88' lang='lat' dir='ltr'><strong>suspicio</strong></span> <span class='ocrx_word' id='word_1_37' title='bbox 941 291 1072 323; x_wconf 85' lang='lat' dir='ltr'><strong>obtineat.</strong></span> 
     </span>
    </p>
   </div>
   <div class='ocr_carea' id='block_1_8' title="bbox 287 333 1072 370">
    <p class='ocr_par' dir='ltr' id='par_1_8' title="bbox 287 333 1072 370">
     <span class='ocr_line' id='line_1_8' title="bbox 287 333 1072 370; baseline 0.005 -9"><span class='ocrx_word' id='word_1_38' title='bbox 287 333 310 361; x_wconf 87' lang='lat' dir='ltr'><strong>si</strong></span> <span class='ocrx_word' id='word_1_39' title='bbox 325 334 387 369; x_wconf 84' lang='lat' dir='ltr'><strong>quis</strong></span> <span class='ocrx_word' id='word_1_40' title='bbox 402 334 550 360; x_wconf 91' lang='lat' dir='ltr'><strong>contulerit</strong></span> <span class='ocrx_word' id='word_1_41' title='bbox 565 335 600 362; x_wconf 86' lang='lat' dir='ltr'><strong>ab</strong></span> <span class='ocrx_word' id='word_1_42' title='bbox 613 335 691 362; x_wconf 90' lang='lat' dir='ltr'><strong>initio</strong></span> <span class='ocrx_word' id='word_1_43' title='bbox 703 335 872 363; x_wconf 86' lang='lat' dir='ltr'><strong>Philostrato</strong></span> <span class='ocrx_word' id='word_1_44' title='bbox 888 336 962 364; x_wconf 88' lang='lat' dir='ltr'><strong>dicta</strong></span> <span class='ocrx_word' id='word_1_45' title='bbox 981 337 1014 370; x_wconf 81' lang='lat'><strong>“,</strong></span> <span class='ocrx_word' id='word_1_46' title='bbox 1027 338 1072 365; x_wconf 91' lang='lat' dir='ltr'><strong>ubi</strong></span> 
     </span>
    </p>
   </div>
   <div class='ocr_carea' id='block_1_9' title="bbox 285 379 1072 416">
    <p class='ocr_par' dir='ltr' id='par_1_9' title="bbox 285 379 1072 416">
     <span class='ocr_line' id='line_1_9' title="bbox 285 379 1072 416; baseline 0.005 -10"><span class='ocrx_word' id='word_1_47' title='bbox 285 387 358 414; x_wconf 55' lang='lat' dir='ltr'><strong>aagre</strong></span> <span class='ocrx_word' id='word_1_48' title='bbox 368 379 468 410; x_wconf 81' lang='lat' dir='ltr'><strong>ferens,</strong></span> <span class='ocrx_word' id='word_1_49' title='bbox 491 380 675 415; x_wconf 88' lang='lat' dir='ltr'><strong>suspicionem</strong></span> <span class='ocrx_word' id='word_1_50' title='bbox 697 381 861 416; x_wconf 82' lang='lat' dir='ltr'><strong>quibusdam</strong></span> <span class='ocrx_word' id='word_1_51' title='bbox 887 391 948 410; x_wconf 86' lang='lat' dir='ltr'><strong>esse</strong></span> <span class='ocrx_word' id='word_1_52' title='bbox 973 387 1072 415; x_wconf 88' lang='lat' dir='ltr'><strong>ortam,</strong></span> 
     </span>
    </p>
   </div>
   <div class='ocr_carea' id='block_1_10' title="bbox 286 426 1073 464">
    <p class='ocr_par' dir='ltr' id='par_1_10' title="bbox 286 426 1073 464">
     <span class='ocr_line' id='line_1_10' title="bbox 286 426 1073 464; baseline 0.005 -12"><span class='ocrx_word' id='word_1_53' title='bbox 286 433 380 460; x_wconf 85' lang='lat' dir='ltr'><strong>magus</strong></span> <span class='ocrx_word' id='word_1_54' title='bbox 392 426 463 460; x_wconf 88' lang='lat' dir='ltr'><strong>quod</strong></span> <span class='ocrx_word' id='word_1_55' title='bbox 480 427 525 458; x_wconf 87' lang='lat' dir='ltr'><strong>sit,</strong></span> <span class='ocrx_word' id='word_1_56' title='bbox 539 427 565 453; x_wconf 90' lang='lat' dir='ltr'><strong>id</strong></span> <span class='ocrx_word' id='word_1_57' title='bbox 582 427 671 461; x_wconf 90' lang='lat' dir='ltr'><strong>ipsum</strong></span> <span class='ocrx_word' id='word_1_58' title='bbox 693 428 845 456; x_wconf 79' lang='lat' dir='ltr'><strong>admiratus</strong></span> <span class='ocrx_word' id='word_1_59' title='bbox 860 429 947 464; x_wconf 87' lang='lat' dir='ltr'><strong>inquit</strong></span> <span class='ocrx_word' id='word_1_60' title='bbox 960 438 966 455; x_wconf 90' lang='lat'>:</span> <span class='ocrx_word' id='word_1_61' title='bbox 987 439 996 455; x_wconf 89' lang='grc'><strong>‹</strong></span> <span class='ocrx_word' id='word_1_62' title='bbox 1008 429 1073 456; x_wconf 82' lang='lat' dir='ltr'><strong>Em-</strong></span> 
     </span>
    </p>
   </div>
   <div class='ocr_carea' id='block_1_11' title="bbox 286 471 1073 510">
    <p class='ocr_par' dir='ltr' id='par_1_11' title="bbox 286 471 1073 510">
     <span class='ocr_line' id='line_1_11' title="bbox 286 471 1073 510; baseline 0.006 -12"><span class='ocrx_word' id='word_1_63' title='bbox 286 471 424 506; x_wconf 89' lang='lat' dir='ltr'><strong>pedoclem</strong></span> <span class='ocrx_word' id='word_1_64' title='bbox 448 476 529 507; x_wconf 88' lang='lat' dir='ltr'><strong>atque</strong></span> <span class='ocrx_word' id='word_1_65' title='bbox 559 471 740 508; x_wconf 75' lang='lat' dir='ltr'><strong>Pythagoram</strong></span> <span class='ocrx_word' id='word_1_66' title='bbox 757 474 1007 510; x_wconf 81' lang='lat' dir='ltr'><strong>Democritumque,</strong></span> <span class='ocrx_word' id='word_1_67' title='bbox 1026 476 1073 510; x_wconf 85' lang='lat' dir='ltr'><strong>qui</strong></span> 
     </span>
    </p>
   </div>
   <div class='ocr_carea' id='block_1_12' title="bbox 284 518 1071 556">
    <p class='ocr_par' dir='ltr' id='par_1_12' title="bbox 284 518 1071 556">
     <span class='ocr_line' id='line_1_12' title="bbox 284 518 1071 556; baseline 0.005 -13"><span class='ocrx_word' id='word_1_68' title='bbox 284 518 442 544; x_wconf 90' lang='lat' dir='ltr'><strong>eorumdem</strong></span> <span class='ocrx_word' id='word_1_69' title='bbox 454 525 592 552; x_wconf 75' lang='lat' dir='ltr'><strong>magorum</strong></span> <span class='ocrx_word' id='word_1_70' title='bbox 605 518 760 546; x_wconf 75' lang='lat' dir='ltr'><strong>exstiterint</strong></span> <span class='ocrx_word' id='word_1_71' title='bbox 773 519 912 554; x_wconf 86' lang='lat' dir='ltr'><strong>discipuli,</strong></span> <span class='ocrx_word' id='word_1_72' title='bbox 932 529 1071 556; x_wconf 83' lang='lat' dir='ltr'><strong>nunquam</strong></span> 
     </span>
    </p>
   </div>
   <div class='ocr_carea' id='block_1_13' title="bbox 283 563 1072 600">
    <p class='ocr_par' dir='ltr' id='par_1_13' title="bbox 283 563 1072 600">
     <span class='ocr_line' id='line_1_13' title="bbox 283 563 1072 600; baseline 0.005 -11"><span class='ocrx_word' id='word_1_73' title='bbox 283 567 373 590; x_wconf 87' lang='lat' dir='ltr'><strong>tamen</strong></span> <span class='ocrx_word' id='word_1_74' title='bbox 385 563 411 590; x_wconf 93' lang='lat' dir='ltr'><strong>iii</strong></span> <span class='ocrx_word' id='word_1_75' title='bbox 421 564 571 591; x_wconf 87' lang='lat' dir='ltr'><strong>artisillius</strong></span> <span class='ocrx_word' id='word_1_76' title='bbox 582 564 767 599; x_wconf 90' lang='lat' dir='ltr'><strong>suspicionem</strong></span> <span class='ocrx_word' id='word_1_77' title='bbox 785 565 998 600; x_wconf 64' lang='lat' dir='ltr'><strong>venissr;5&amp;.1</strong></span> <span class='ocrx_word' id='word_1_78' title='bbox 1013 566 1072 593; x_wconf 82' lang='lat' dir='ltr'><strong>Pla-</strong></span> 
     </span>
    </p>
   </div>
   <div class='ocr_carea' id='block_1_14' title="bbox 283 609 1072 646">
    <p class='ocr_par' dir='ltr' id='par_1_14' title="bbox 283 609 1072 646">
     <span class='ocr_line' id='line_1_14' title="bbox 283 609 1072 646; baseline 0.005 -12"><span class='ocrx_word' id='word_1_79' title='bbox 283 612 374 636; x_wconf 87' lang='lat' dir='ltr'><strong>tonem</strong></span> <span class='ocrx_word' id='word_1_80' title='bbox 382 616 500 643; x_wconf 88' lang='lat' dir='ltr'><strong>quoque,</strong></span> <span class='ocrx_word' id='word_1_81' title='bbox 512 610 619 636; x_wconf 81' lang='lat' dir='ltr'><strong>tametsi</strong></span> <span class='ocrx_word' id='word_1_82' title='bbox 629 610 664 637; x_wconf 90' lang='lat' dir='ltr'><strong>ab</strong></span> <span class='ocrx_word' id='word_1_83' title='bbox 672 609 806 646; x_wconf 65' lang='lat' dir='ltr'><strong>Egyptiis</strong></span> <span class='ocrx_word' id='word_1_84' title='bbox 815 610 1001 638; x_wconf 83' lang='lat' dir='ltr'><strong>sacerdotibus</strong></span> <span class='ocrx_word' id='word_1_85' title='bbox 1010 619 1072 645; x_wconf 89' lang='lat' dir='ltr'><strong>pro-</strong></span> 
     </span>
    </p>
   </div>
   <div class='ocr_carea' id='block_1_15' title="bbox 284 655 1073 691">
    <p class='ocr_par' dir='ltr' id='par_1_15' title="bbox 284 655 1073 691">
     <span class='ocr_line' id='line_1_15' title="bbox 284 655 1073 691; baseline 0.004 -10"><span class='ocrx_word' id='word_1_86' title='bbox 284 655 426 690; x_wconf 81' lang='lat' dir='ltr'><strong>phetisqiie</strong></span> <span class='ocrx_word' id='word_1_87' title='bbox 440 655 525 681; x_wconf 90' lang='lat' dir='ltr'><strong>multa</strong></span> <span class='ocrx_word' id='word_1_88' title='bbox 541 656 704 690; x_wconf 82' lang='lat' dir='ltr'><strong>accepisset.</strong></span> <span class='ocrx_word' id='word_1_89' title='bbox 718 664 804 691; x_wconf 83' lang='lat' dir='ltr'><strong>eaque</strong></span> <span class='ocrx_word' id='word_1_90' title='bbox 818 657 876 684; x_wconf 84' lang='lat' dir='ltr'><strong>suis</strong></span> <span class='ocrx_word' id='word_1_91' title='bbox 892 656 969 684; x_wconf 86' lang='lat' dir='ltr'><strong>libris</strong></span> <span class='ocrx_word' id='word_1_92' title='bbox 984 657 1073 684; x_wconf 88' lang='lat' dir='ltr'><strong>inscr-</strong></span> 
     </span>
    </p>
   </div>
   <div class='ocr_carea' id='block_1_16' title="bbox 283 702 1069 739">
    <p class='ocr_par' dir='ltr' id='par_1_16' title="bbox 283 702 1069 739">
     <span class='ocr_line' id='line_1_16' title="bbox 283 702 1069 739; baseline 0.004 -11"><span class='ocrx_word' id='word_1_93' title='bbox 283 702 379 732; x_wconf 80' lang='lat' dir='ltr'><strong>iisset,</strong></span> <span class='ocrx_word' id='word_1_94' title='bbox 391 709 562 736; x_wconf 79' lang='lat' dir='ltr'><strong>nequaquam</strong></span> <span class='ocrx_word' id='word_1_95' title='bbox 576 706 665 729; x_wconf 85' lang='lat' dir='ltr'><strong>tamen</strong></span> <span class='ocrx_word' id='word_1_96' title='bbox 677 703 805 738; x_wconf 86' lang='lat' dir='ltr'><strong>cuiquam</strong></span> <span class='ocrx_word' id='word_1_97' title='bbox 818 704 913 739; x_wconf 61' lang='lat' dir='ltr'><strong>magia;</strong></span> <span class='ocrx_word' id='word_1_98' title='bbox 930 703 1069 731; x_wconf 85' lang='lat' dir='ltr'><strong>addictum</strong></span> 
     </span>
    </p>
   </div>
   <div class='ocr_carea' id='block_1_17' title="bbox 281 747 1071 782">
    <p class='ocr_par' dir='ltr' id='par_1_17' title="bbox 281 747 1071 782">
     <span class='ocr_line' id='line_1_17' title="bbox 281 747 1071 782; baseline 0.005 -9"><span class='ocrx_word' id='word_1_99' title='bbox 281 748 370 774; x_wconf 70' lang='lat' dir='ltr'><strong>visum</strong></span> <span class='ocrx_word' id='word_1_100' title='bbox 391 755 462 774; x_wconf 84' lang='lat' dir='ltr'><strong>esse.</strong></span> <span class='ocrx_word' id='word_1_101' title='bbox 479 747 516 775; x_wconf 84' lang='lat' dir='ltr'><strong>De</strong></span> <span class='ocrx_word' id='word_1_102' title='bbox 531 747 676 782; x_wconf 80' lang='lat' dir='ltr'><strong>Apollonio</strong></span> <span class='ocrx_word' id='word_1_103' title='bbox 691 754 782 776; x_wconf 90' lang='lat' dir='ltr'><strong>autem</strong></span> <span class='ocrx_word' id='word_1_104' title='bbox 799 750 921 777; x_wconf 91' lang='lat' dir='ltr'><strong>nondum</strong></span> <span class='ocrx_word' id='word_1_105' title='bbox 940 751 1007 778; x_wconf 84' lang='lat' dir='ltr'><strong>satis</strong></span> <span class='ocrx_word' id='word_1_106' title='bbox 1022 751 1071 777; x_wconf 91' lang='lat' dir='ltr'><strong>lio-</strong></span> 
     </span>
    </p>
   </div>
   <div class='ocr_carea' id='block_1_18' title="bbox 281 793 1070 831">
    <p class='ocr_par' dir='ltr' id='par_1_18' title="bbox 281 793 1070 831">
     <span class='ocr_line' id='line_1_18' title="bbox 281 793 1070 831; baseline 0.008 -13"><span class='ocrx_word' id='word_1_107' title='bbox 281 793 401 819; x_wconf 79' lang='lat' dir='ltr'><strong>minibus</strong></span> <span class='ocrx_word' id='word_1_108' title='bbox 421 793 585 824; x_wconf 81' lang='lat' dir='ltr'><strong>innotuisse.</strong></span> <span class='ocrx_word' id='word_1_109' title='bbox 607 794 679 828; x_wconf 85' lang='lat' dir='ltr'><strong>quod</strong></span> <span class='ocrx_word' id='word_1_110' title='bbox 704 795 828 830; x_wconf 62' lang='lat' dir='ltr'><strong>ingenuae</strong></span> <span class='ocrx_word' id='word_1_111' title='bbox 847 796 988 831; x_wconf 66' lang='lat' dir='ltr'><strong>sapientiae</strong></span> <span class='ocrx_word' id='word_1_112' title='bbox 1004 805 1070 824; x_wconf 88' lang='lat' dir='ltr'><strong>usus</strong></span> 
     </span>
    </p>
   </div>
   <div class='ocr_carea' id='block_1_19' title="bbox 282 840 1069 878">
    <p class='ocr_par' dir='ltr' id='par_1_19' title="bbox 282 840 1069 878">
     <span class='ocr_line' id='line_1_19' title="bbox 282 840 1069 878; baseline 0.004 -12"><span class='ocrx_word' id='word_1_113' title='bbox 282 841 318 866; x_wconf 85' lang='lat' dir='ltr'><strong>sit</strong></span> <span class='ocrx_word' id='word_1_114' title='bbox 329 840 504 874; x_wconf 87' lang='lat' dir='ltr'><strong>adjumentis,</strong></span> <span class='ocrx_word' id='word_1_115' title='bbox 523 848 686 876; x_wconf 87' lang='lat' dir='ltr'><strong>magumque</strong></span> <span class='ocrx_word' id='word_1_116' title='bbox 700 841 832 869; x_wconf 88' lang='lat' dir='ltr'><strong>creditum</strong></span> <span class='ocrx_word' id='word_1_117' title='bbox 844 850 906 870; x_wconf 87' lang='lat' dir='ltr'><strong>esse</strong></span> <span class='ocrx_word' id='word_1_118' title='bbox 914 850 987 873; x_wconf 81' lang='lat' dir='ltr'><strong>eum.</strong></span> <span class='ocrx_word' id='word_1_119' title='bbox 997 843 1069 878; x_wconf 90' lang='lat' dir='ltr'><strong>quod</strong></span> 
     </span>
    </p>
   </div>
   <div class='ocr_carea' id='block_1_20' title="bbox 280 886 1069 924">
    <p class='ocr_par' dir='ltr' id='par_1_20' title="bbox 280 886 1069 924">
     <span class='ocr_line' id='line_1_20' title="bbox 280 886 1069 924; baseline 0.005 -11"><span class='ocrx_word' id='word_1_120' title='bbox 280 886 491 922; x_wconf 85' lang='lat' dir='ltr'><strong>Babyloniorum</strong></span> <span class='ocrx_word' id='word_1_121' title='bbox 505 890 589 924; x_wconf 81' lang='lat' dir='ltr'><strong>magis</strong></span> <span class='ocrx_word' id='word_1_122' title='bbox 605 888 876 924; x_wconf 87' lang='lat' dir='ltr'><strong>Brachmanibusque</strong></span> <span class='ocrx_word' id='word_1_123' title='bbox 888 889 1025 921; x_wconf 81' lang='lat' dir='ltr'><strong>Indorum.</strong></span> <span class='ocrx_word' id='word_1_124' title='bbox 1038 898 1069 918; x_wconf 88' lang='lat' dir='ltr'><strong>ac</strong></span> 
     </span>
    </p>
   </div>
   <div class='ocr_carea' id='block_1_21' title="bbox 281 931 1068 968">
    <p class='ocr_par' dir='ltr' id='par_1_21' title="bbox 281 931 1068 968">
     <span class='ocr_line' id='line_1_21' title="bbox 281 931 1068 968; baseline 0.005 -10"><span class='ocrx_word' id='word_1_125' title='bbox 281 931 418 967; x_wconf 65' lang='lat' dir='ltr'><strong>Egyptiis</strong></span> <span class='ocrx_word' id='word_1_126' title='bbox 434 931 520 960; x_wconf 72' lang='lat' dir='ltr'><strong>Nudis</strong></span> <span class='ocrx_word' id='word_1_127' title='bbox 531 941 560 960; x_wconf 86' lang='lat' dir='ltr'><strong>se</strong></span> <span class='ocrx_word' id='word_1_128' title='bbox 586 934 613 960; x_wconf 93' lang='lat' dir='ltr'><strong>in</strong></span> <span class='ocrx_word' id='word_1_129' title='bbox 639 933 812 968; x_wconf 88' lang='lat' dir='ltr'><strong>disciplinam</strong></span> <span class='ocrx_word' id='word_1_130' title='bbox 834 933 963 961; x_wconf 83' lang='lat' dir='ltr'><strong>dedisset.</strong></span> <span class='ocrx_word' id='word_1_131' title='bbox 975 944 984 960; x_wconf 77' lang='grc' dir='ltr'><strong>ι</strong></span> <span class='ocrx_word' id='word_1_132' title='bbox 999 933 1068 967; x_wconf 83' lang='lat' dir='ltr'><strong>Quid</strong></span> 
     </span>
    </p>
   </div>
   <div class='ocr_carea' id='block_1_22' title="bbox 281 977 1071 1014">
    <p class='ocr_par' dir='ltr' id='par_1_22' title="bbox 281 977 1071 1014">
     <span class='ocr_line' id='line_1_22' title="bbox 281 977 1071 1014; baseline 0.004 -10"><span class='ocrx_word' id='word_1_133' title='bbox 281 978 363 1013; x_wconf 79' lang='lat' dir='ltr'><strong>igitur</strong></span> <span class='ocrx_word' id='word_1_134' title='bbox 388 977 553 1006; x_wconf 87' lang='lat' dir='ltr'><strong>Philostrato</strong></span> <span class='ocrx_word' id='word_1_135' title='bbox 582 979 761 1014; x_wconf 86' lang='lat' dir='ltr'><strong>responderi,</strong></span> <span class='ocrx_word' id='word_1_136' title='bbox 790 979 887 1012; x_wconf 86' lang='lat' dir='ltr'><strong>amice,</strong></span> <span class='ocrx_word' id='word_1_137' title='bbox 919 981 1071 1008; x_wconf 88' lang='lat' dir='ltr'><strong>convenit?</strong></span> 
     </span>
    </p>
   </div>
   <div class='ocr_carea' id='block_1_23' title="bbox 280 1023 1070 1061">
    <p class='ocr_par' dir='ltr' id='par_1_23' title="bbox 280 1023 1070 1061">
     <span class='ocr_line' id='line_1_23' title="bbox 280 1023 1070 1061; baseline 0.004 -10"><span class='ocrx_word' id='word_1_138' title='bbox 280 1023 381 1059; x_wconf 86' lang='lat' dir='ltr'><strong>Nempe</strong></span> <span class='ocrx_word' id='word_1_139' title='bbox 395 1024 435 1051; x_wconf 92' lang='lat' dir='ltr'><strong>vir</strong></span> <span class='ocrx_word' id='word_1_140' title='bbox 449 1025 500 1052; x_wconf 84' lang='lat' dir='ltr'><strong>iste</strong></span> <span class='ocrx_word' id='word_1_141' title='bbox 524 1025 585 1059; x_wconf 85' lang='lat' dir='ltr'><strong>ejus</strong></span> <span class='ocrx_word' id='word_1_142' title='bbox 597 1026 705 1061; x_wconf 75' lang='lat' dir='ltr'><strong>generis</strong></span> <span class='ocrx_word' id='word_1_143' title='bbox 717 1033 762 1054; x_wconf 88' lang='lat' dir='ltr'><strong>res</strong></span> <span class='ocrx_word' id='word_1_144' title='bbox 774 1026 883 1054; x_wconf 87' lang='lat' dir='ltr'><strong>molitus</strong></span> <span class='ocrx_word' id='word_1_145' title='bbox 905 1025 966 1058; x_wconf 79' lang='lat' dir='ltr'><strong>fuit,</strong></span> <span class='ocrx_word' id='word_1_146' title='bbox 984 1031 1013 1053; x_wconf 91' lang='lat' dir='ltr'><strong>ut</strong></span> <span class='ocrx_word' id='word_1_147' title='bbox 1025 1035 1070 1054; x_wconf 93' lang='lat' dir='ltr'><strong>so-</strong></span> 
     </span>
    </p>
   </div>
   <div class='ocr_carea' id='block_1_24' title="bbox 280 1070 1066 1107">
    <p class='ocr_par' dir='ltr' id='par_1_24' title="bbox 280 1070 1066 1107">
     <span class='ocr_line' id='line_1_24' title="bbox 280 1070 1066 1107; baseline 0.003 -11"><span class='ocrx_word' id='word_1_148' title='bbox 280 1070 324 1097; x_wconf 92' lang='lat' dir='ltr'><strong>lus</strong></span> <span class='ocrx_word' id='word_1_149' title='bbox 339 1070 438 1097; x_wconf 77' lang='lat' dir='ltr'><strong>elolim</strong></span> <span class='ocrx_word' id='word_1_150' title='bbox 457 1075 483 1098; x_wconf 81' lang='lat' dir='ltr'><strong>et</strong></span> <span class='ocrx_word' id='word_1_151' title='bbox 497 1076 591 1098; x_wconf 86' lang='lat' dir='ltr'><strong>nostra</strong></span> <span class='ocrx_word' id='word_1_152' title='bbox 622 1076 700 1099; x_wconf 69' lang='lat' dir='ltr'><strong>:etate</strong></span> <span class='ocrx_word' id='word_1_153' title='bbox 730 1071 811 1099; x_wconf 79' lang='lat' dir='ltr'><strong>fuerit</strong></span> <span class='ocrx_word' id='word_1_154' title='bbox 827 1072 936 1100; x_wconf 84' lang='lat' dir='ltr'><strong>habitus</strong></span> <span class='ocrx_word' id='word_1_155' title='bbox 961 1080 1066 1107; x_wconf 77' lang='lat' dir='ltr'><strong>magns,</strong></span> 
     </span>
    </p>
   </div>
   <div class='ocr_carea' id='block_1_25' title="bbox 279 1115 1067 1153">
    <p class='ocr_par' dir='ltr' id='par_1_25' title="bbox 279 1115 1067 1153">
     <span class='ocr_line' id='line_1_25' title="bbox 279 1115 1067 1153; baseline 0.005 -12"><span class='ocrx_word' id='word_1_156' title='bbox 279 1123 335 1150; x_wconf 73' lang='lat' dir='ltr'><strong>pne</strong></span> <span class='ocrx_word' id='word_1_157' title='bbox 349 1115 514 1150; x_wconf 87' lang='lat' dir='ltr'><strong>ejnscemodi</strong></span> <span class='ocrx_word' id='word_1_158' title='bbox 545 1117 621 1148; x_wconf 89' lang='lat' dir='ltr'><strong>viris,</strong></span> <span class='ocrx_word' id='word_1_159' title='bbox 648 1117 694 1152; x_wconf 88' lang='lat' dir='ltr'><strong>qui</strong></span> <span class='ocrx_word' id='word_1_160' title='bbox 717 1117 779 1144; x_wconf 89' lang='lat' dir='ltr'><strong>licet</strong></span> <span class='ocrx_word' id='word_1_161' title='bbox 803 1118 924 1150; x_wconf 78' lang='lat' dir='ltr'><strong>eosdem,</strong></span> <span class='ocrx_word' id='word_1_162' title='bbox 943 1118 1016 1153; x_wconf 86' lang='lat' dir='ltr'><strong>quod</strong></span> <span class='ocrx_word' id='word_1_163' title='bbox 1039 1122 1067 1145; x_wconf 91' lang='lat' dir='ltr'><strong>tu</strong></span> 
     </span>
    </p>
   </div>
   <div class='ocr_carea' id='block_1_26' title="bbox 280 1161 1069 1198">
    <p class='ocr_par' dir='ltr' id='par_1_26' title="bbox 280 1161 1069 1198">
     <span class='ocr_line' id='line_1_26' title="bbox 280 1161 1069 1198; baseline 0.005 -10"><span class='ocrx_word' id='word_1_164' title='bbox 280 1161 389 1196; x_wconf 90' lang='lat' dir='ltr'><strong>quidem</strong></span> <span class='ocrx_word' id='word_1_165' title='bbox 403 1162 454 1193; x_wconf 86' lang='lat' dir='ltr'><strong>ais,</strong></span> <span class='ocrx_word' id='word_1_166' title='bbox 471 1163 575 1197; x_wconf 77' lang='lat' dir='ltr'><strong>experti</strong></span> <span class='ocrx_word' id='word_1_167' title='bbox 600 1162 717 1190; x_wconf 80' lang='lat' dir='ltr'><strong>fiiiSsent</strong></span> <span class='ocrx_word' id='word_1_168' title='bbox 739 1163 896 1198; x_wconf 70' lang='lat' dir='ltr'><strong>magistros,</strong></span> <span class='ocrx_word' id='word_1_169' title='bbox 913 1168 941 1192; x_wconf 86' lang='lat' dir='ltr'><strong>et</strong></span> <span class='ocrx_word' id='word_1_170' title='bbox 951 1172 1002 1192; x_wconf 91' lang='lat' dir='ltr'><strong>suo</strong></span> <span class='ocrx_word' id='word_1_171' title='bbox 1027 1169 1069 1192; x_wconf 84' lang='lat' dir='ltr'><strong>ta-</strong></span> 
     </span>
    </p>
   </div>
   <div class='ocr_carea' id='block_1_27' title="bbox 280 1208 1069 1246">
    <p class='ocr_par' dir='ltr' id='par_1_27' title="bbox 280 1208 1069 1246">
     <span class='ocr_line' id='line_1_27' title="bbox 280 1208 1069 1246; baseline 0.005 -12"><span class='ocrx_word' id='word_1_172' title='bbox 280 1214 342 1235; x_wconf 87' lang='lat' dir='ltr'><strong>men</strong></span> <span class='ocrx_word' id='word_1_173' title='bbox 352 1215 409 1234; x_wconf 66' lang='lat' dir='ltr'><strong>tem</strong></span> <span class='ocrx_word' id='word_1_174' title='bbox 423 1208 494 1235; x_wconf 86' lang='lat' dir='ltr'><strong>bona</strong></span> <span class='ocrx_word' id='word_1_175' title='bbox 511 1208 581 1235; x_wconf 80' lang='lat' dir='ltr'><strong>fama</strong></span> <span class='ocrx_word' id='word_1_176' title='bbox 596 1209 681 1243; x_wconf 80' lang='lat' dir='ltr'><strong>gavisi</strong></span> <span class='ocrx_word' id='word_1_177' title='bbox 695 1213 769 1240; x_wconf 83' lang='lat' dir='ltr'><strong>sunt,</strong></span> <span class='ocrx_word' id='word_1_178' title='bbox 783 1213 810 1236; x_wconf 89' lang='lat' dir='ltr'><strong>et</strong></span> <span class='ocrx_word' id='word_1_179' title='bbox 831 1210 948 1245; x_wconf 80' lang='lat' dir='ltr'><strong>posteris</strong></span> <span class='ocrx_word' id='word_1_180' title='bbox 960 1219 1069 1246; x_wconf 87' lang='lat' dir='ltr'><strong>quoque</strong></span> 
     </span>
    </p>
   </div>
   <div class='ocr_carea' id='block_1_28' title="bbox 278 1254 1068 1288">
    <p class='ocr_par' dir='ltr' id='par_1_28' title="bbox 278 1254 1068 1288">
     <span class='ocr_line' id='line_1_28' title="bbox 278 1254 1068 1288; baseline 0.004 -8"><span class='ocrx_word' id='word_1_181' title='bbox 278 1254 449 1288; x_wconf 84' lang='lat' dir='ltr'><strong>temporibus</strong></span> <span class='ocrx_word' id='word_1_182' title='bbox 459 1254 636 1288; x_wconf 69' lang='lat' dir='ltr'><strong>philosophiae</strong></span> <span class='ocrx_word' id='word_1_183' title='bbox 657 1262 713 1282; x_wconf 76' lang='lat' dir='ltr'><strong>sua:</strong></span> <span class='ocrx_word' id='word_1_184' title='bbox 738 1255 864 1282; x_wconf 81' lang='lat' dir='ltr'><strong>virtutem</strong></span> <span class='ocrx_word' id='word_1_185' title='bbox 890 1257 1068 1284; x_wconf 82' lang='lat' dir='ltr'><strong>commenda-</strong></span> 
     </span>
    </p>
   </div>
   <div class='ocr_carea' id='block_1_29' title="bbox 277 1300 1068 1336">
    <p class='ocr_par' dir='ltr' id='par_1_29' title="bbox 277 1300 1068 1336">
     <span class='ocr_line' id='line_1_29' title="bbox 277 1300 1068 1336; baseline 0.004 -10"><span class='ocrx_word' id='word_1_186' title='bbox 277 1300 413 1328; x_wconf 69' lang='lat' dir='ltr'><strong>tissimain</strong></span> <span class='ocrx_word' id='word_1_187' title='bbox 428 1301 572 1335; x_wconf 82' lang='lat' dir='ltr'><strong>reliquero.</strong></span> <span class='ocrx_word' id='word_1_188' title='bbox 590 1301 688 1328; x_wconf 85' lang='lat' dir='ltr'><strong>Annon</strong></span> <span class='ocrx_word' id='word_1_189' title='bbox 703 1301 786 1336; x_wconf 81' lang='lat' dir='ltr'><strong>igitur</strong></span> <span class='ocrx_word' id='word_1_190' title='bbox 801 1302 871 1328; x_wconf 89' lang='lat' dir='ltr'><strong>ultra</strong></span> <span class='ocrx_word' id='word_1_191' title='bbox 886 1310 967 1336; x_wconf 89' lang='lat' dir='ltr'><strong>quam</strong></span> <span class='ocrx_word' id='word_1_192' title='bbox 984 1302 1024 1330; x_wconf 80' lang='lat' dir='ltr'><strong>fas</strong></span> <span class='ocrx_word' id='word_1_193' title='bbox 1033 1303 1068 1330; x_wconf 87' lang='lat' dir='ltr'><strong>sit</strong></span> 
     </span>
    </p>
   </div>
   <div class='ocr_carea' id='block_1_30' title="bbox 278 1346 1067 1383">
    <p class='ocr_par' dir='ltr' id='par_1_30' title="bbox 278 1346 1067 1383">
     <span class='ocr_line' id='line_1_30' title="bbox 278 1346 1067 1383; baseline 0.001 -9"><span class='ocrx_word' id='word_1_194' title='bbox 278 1354 340 1374; x_wconf 86' lang='lat' dir='ltr'><strong>eum</strong></span> <span class='ocrx_word' id='word_1_195' title='bbox 371 1346 558 1374; x_wconf 87' lang='lat' dir='ltr'><strong>molitionibus</strong></span> <span class='ocrx_word' id='word_1_196' title='bbox 583 1347 642 1374; x_wconf 92' lang='lat' dir='ltr'><strong>suis</strong></span> <span class='ocrx_word' id='word_1_197' title='bbox 668 1348 847 1382; x_wconf 84' lang='lat' dir='ltr'><strong>processisse,</strong></span> <span class='ocrx_word' id='word_1_198' title='bbox 879 1348 978 1383; x_wconf 90' lang='lat' dir='ltr'><strong>quihus</strong></span> <span class='ocrx_word' id='word_1_199' title='bbox 1002 1356 1067 1376; x_wconf 73' lang='lat' dir='ltr'><strong>sana</strong></span> 
     </span>
    </p>
   </div>
   <div class='ocr_carea' id='block_1_31' title="bbox 278 1393 1068 1429">
    <p class='ocr_par' dir='ltr' id='par_1_31' title="bbox 278 1393 1068 1429">
     <span class='ocr_line' id='line_1_31' title="bbox 278 1393 1068 1429; baseline 0.003 -9"><span class='ocrx_word' id='word_1_200' title='bbox 278 1401 357 1420; x_wconf 81' lang='lat' dir='ltr'><strong>ruens</strong></span> <span class='ocrx_word' id='word_1_201' title='bbox 371 1397 414 1420; x_wconf 85' lang='lat' dir='ltr'><strong>est</strong></span> <span class='ocrx_word' id='word_1_202' title='bbox 428 1393 556 1421; x_wconf 91' lang='lat' dir='ltr'><strong>omnibus</strong></span> <span class='ocrx_word' id='word_1_203' title='bbox 571 1393 746 1421; x_wconf 79' lang='lat' dir='ltr'><strong>manifestum</strong></span> <span class='ocrx_word' id='word_1_204' title='bbox 759 1394 813 1421; x_wconf 88' lang='lat' dir='ltr'><strong>sit?</strong></span> <span class='ocrx_word' id='word_1_205' title='bbox 835 1393 958 1429; x_wconf 83' lang='lat' dir='ltr'><strong>Suntque</strong></span> <span class='ocrx_word' id='word_1_206' title='bbox 971 1396 1068 1422; x_wconf 88' lang='lat' dir='ltr'><strong>etiam—</strong></span> 
     </span>
    </p>
   </div>
   <div class='ocr_carea' id='block_1_32' title="bbox 279 1439 1068 1475">
    <p class='ocr_par' dir='ltr' id='par_1_32' title="bbox 279 1439 1068 1475">
     <span class='ocr_line' id='line_1_32' title="bbox 279 1439 1068 1475; baseline 0.003 -10"><span class='ocrx_word' id='word_1_207' title='bbox 279 1446 344 1465; x_wconf 90' lang='lat' dir='ltr'><strong>num</strong></span> <span class='ocrx_word' id='word_1_208' title='bbox 362 1439 442 1466; x_wconf 89' lang='lat' dir='ltr'><strong>hodie</strong></span> <span class='ocrx_word' id='word_1_209' title='bbox 457 1439 503 1473; x_wconf 88' lang='lat' dir='ltr'><strong>qui</strong></span> <span class='ocrx_word' id='word_1_210' title='bbox 534 1439 654 1474; x_wconf 78' lang='lat' dir='ltr'><strong>magicas</strong></span> <span class='ocrx_word' id='word_1_211' title='bbox 680 1440 834 1471; x_wconf 83' lang='lat' dir='ltr'><strong>machinas,</strong></span> <span class='ocrx_word' id='word_1_212' title='bbox 852 1448 913 1475; x_wconf 65' lang='lat' dir='ltr'><strong>qua:</strong></span> <span class='ocrx_word' id='word_1_213' title='bbox 929 1440 979 1467; x_wconf 79' lang='lat' dir='ltr'><strong>viri</strong></span> <span class='ocrx_word' id='word_1_214' title='bbox 995 1441 1068 1468; x_wconf 90' lang='lat' dir='ltr'><strong>illius</strong></span> 
     </span>
    </p>
   </div>
   <div class='ocr_carea' id='block_1_33' title="bbox 278 1485 1068 1520">
    <p class='ocr_par' dir='ltr' id='par_1_33' title="bbox 278 1485 1068 1520">
     <span class='ocr_line' id='line_1_33' title="bbox 278 1485 1068 1520; baseline 0.003 -9"><span class='ocrx_word' id='word_1_215' title='bbox 278 1492 340 1512; x_wconf 90' lang='lat' dir='ltr'><strong>esse</strong></span> <span class='ocrx_word' id='word_1_216' title='bbox 358 1485 496 1515; x_wconf 78' lang='lat' dir='ltr'><strong>dicantur.</strong></span> <span class='ocrx_word' id='word_1_217' title='bbox 515 1493 576 1512; x_wconf 89' lang='lat' dir='ltr'><strong>sese</strong></span> <span class='ocrx_word' id='word_1_218' title='bbox 591 1485 683 1512; x_wconf 83' lang='lat' dir='ltr'><strong>dicant</strong></span> <span class='ocrx_word' id='word_1_219' title='bbox 711 1486 857 1520; x_wconf 85' lang='lat' dir='ltr'><strong>reperisse.</strong></span> <span class='ocrx_word' id='word_1_220' title='bbox 882 1487 916 1513; x_wconf 86' lang='lat' dir='ltr'><strong>At</strong></span> <span class='ocrx_word' id='word_1_221' title='bbox 934 1487 993 1514; x_wconf 85' lang='lat' dir='ltr'><strong>istis</strong></span> <span class='ocrx_word' id='word_1_222' title='bbox 1009 1488 1068 1514; x_wconf 82' lang='lat' dir='ltr'><strong>ani-</strong></span> 
     </span>
    </p>
   </div>
   <div class='ocr_carea' id='block_1_34' title="bbox 279 1530 1068 1567">
    <p class='ocr_par' dir='ltr' id='par_1_34' title="bbox 279 1530 1068 1567">
     <span class='ocr_line' id='line_1_34' title="bbox 279 1530 1068 1567; baseline 0.004 -10"><span class='ocrx_word' id='word_1_223' title='bbox 279 1538 353 1557; x_wconf 75' lang='lat' dir='ltr'><strong>mum</strong></span> <span class='ocrx_word' id='word_1_224' title='bbox 368 1530 509 1558; x_wconf 76' lang='lat' dir='ltr'><strong>advertere</strong></span> <span class='ocrx_word' id='word_1_225' title='bbox 522 1539 594 1558; x_wconf 90' lang='lat' dir='ltr'><strong>nunc</strong></span> <span class='ocrx_word' id='word_1_226' title='bbox 605 1531 714 1566; x_wconf 89' lang='lat' dir='ltr'><strong>quidem</strong></span> <span class='ocrx_word' id='word_1_227' title='bbox 732 1532 803 1559; x_wconf 89' lang='lat' dir='ltr'><strong>haud</strong></span> <span class='ocrx_word' id='word_1_228' title='bbox 819 1532 916 1567; x_wconf 84' lang='lat' dir='ltr'><strong>placet.</strong></span> <span class='ocrx_word' id='word_1_229' title='bbox 928 1532 964 1560; x_wconf 91' lang='lat' dir='ltr'><strong>De</strong></span> <span class='ocrx_word' id='word_1_230' title='bbox 982 1539 1068 1560; x_wconf 85' lang='lat' dir='ltr'><strong>morte</strong></span> 
     </span>
    </p>
   </div>
   <div class='ocr_carea' id='block_1_35' title="bbox 280 1576 1066 1612">
    <p class='ocr_par' dir='ltr' id='par_1_35' title="bbox 280 1576 1066 1612">
     <span class='ocr_line' id='line_1_35' title="bbox 280 1576 1066 1612; baseline 0.004 -9"><span class='ocrx_word' id='word_1_231' title='bbox 280 1580 369 1603; x_wconf 85' lang='lat' dir='ltr'><strong>autem</strong></span> <span class='ocrx_word' id='word_1_232' title='bbox 387 1576 467 1604; x_wconf 88' lang='lat' dir='ltr'><strong>etiam</strong></span> <span class='ocrx_word' id='word_1_233' title='bbox 486 1577 536 1604; x_wconf 88' lang='lat' dir='ltr'><strong>viri</strong></span> <span class='ocrx_word' id='word_1_234' title='bbox 553 1577 692 1612; x_wconf 84' lang='lat' dir='ltr'><strong>prioribus</strong></span> <span class='ocrx_word' id='word_1_235' title='bbox 714 1581 898 1605; x_wconf 88' lang='lat' dir='ltr'><strong>consentanea</strong></span> <span class='ocrx_word' id='word_1_236' title='bbox 919 1578 983 1605; x_wconf 89' lang='lat' dir='ltr'><strong>dum</strong></span> <span class='ocrx_word' id='word_1_237' title='bbox 1000 1586 1066 1606; x_wconf 69' lang='lat' dir='ltr'><strong>coa-</strong></span> 
     </span>
    </p>
   </div>
   <div class='ocr_carea' id='block_1_36' title="bbox 279 1621 1066 1657">
    <p class='ocr_par' dir='ltr' id='par_1_36' title="bbox 279 1621 1066 1657">
     <span class='ocr_line' id='line_1_36' title="bbox 279 1621 1066 1657; baseline 0.004 -9"><span class='ocrx_word' id='word_1_238' title='bbox 279 1621 384 1654; x_wconf 85' lang='lat' dir='ltr'><strong>cinnat,</strong></span> <span class='ocrx_word' id='word_1_239' title='bbox 414 1622 488 1649; x_wconf 76' lang='lat' dir='ltr'><strong>nulla</strong></span> <span class='ocrx_word' id='word_1_240' title='bbox 516 1627 593 1657; x_wconf 86' lang='lat' dir='ltr'><strong>parte</strong></span> <span class='ocrx_word' id='word_1_241' title='bbox 615 1623 757 1650; x_wconf 80' lang='lat' dir='ltr'><strong>veritatem</strong></span> <span class='ocrx_word' id='word_1_242' title='bbox 785 1623 824 1650; x_wconf 88' lang='lat' dir='ltr'><strong>rei</strong></span> <span class='ocrx_word' id='word_1_243' title='bbox 839 1623 891 1650; x_wconf 89' lang='lat' dir='ltr'><strong>sibi</strong></span> <span class='ocrx_word' id='word_1_244' title='bbox 914 1623 1066 1652; x_wconf 90' lang='lat' dir='ltr'><strong>innotuisse</strong></span> 
     </span>
    </p>
   </div>
   <div class='ocr_carea' id='block_1_37' title="bbox 279 1667 1066 1705">
    <p class='ocr_par' dir='ltr' id='par_1_37' title="bbox 279 1667 1066 1705">
     <span class='ocr_line' id='line_1_37' title="bbox 279 1667 1066 1705; baseline 0.005 -12"><span class='ocrx_word' id='word_1_245' title='bbox 279 1667 408 1694; x_wconf 84' lang='lat' dir='ltr'><strong>ostendit.</strong></span> <span class='ocrx_word' id='word_1_246' title='bbox 424 1667 498 1695; x_wconf 89' lang='lat' dir='ltr'><strong>Alios</strong></span> <span class='ocrx_word' id='word_1_247' title='bbox 513 1668 586 1694; x_wconf 89' lang='lat' dir='ltr'><strong>enim</strong></span> <span class='ocrx_word' id='word_1_248' title='bbox 604 1667 702 1702; x_wconf 86' lang='lat' dir='ltr'><strong>Ephesi</strong></span> <span class='ocrx_word' id='word_1_249' title='bbox 715 1668 817 1695; x_wconf 79' lang='lat' dir='ltr'><strong>exitum</strong></span> <span class='ocrx_word' id='word_1_250' title='bbox 844 1669 906 1702; x_wconf 82' lang='lat' dir='ltr'><strong>ejus</strong></span> <span class='ocrx_word' id='word_1_251' title='bbox 918 1670 1066 1705; x_wconf 74' lang='lat' dir='ltr'><strong>contigisse</strong></span> 
     </span>
    </p>
   </div>
   <div class='ocr_carea' id='block_1_38' title="bbox 279 1711 1096 1748">
    <p class='ocr_par' dir='ltr' id='par_1_38' title="bbox 279 1711 1096 1748">
     <span class='ocr_line' id='line_1_38' title="bbox 279 1711 1096 1748; baseline 0.001 -10"><span class='ocrx_word' id='word_1_252' title='bbox 279 1712 317 1739; x_wconf 87' lang='lat' dir='ltr'><strong>ait</strong></span> <span class='ocrx_word' id='word_1_253' title='bbox 336 1712 437 1739; x_wconf 80' lang='lat' dir='ltr'><strong>referre</strong></span> <span class='ocrx_word' id='word_1_254' title='bbox 452 1713 486 1744; x_wconf 83' lang='lat'><strong>“,</strong></span> <span class='ocrx_word' id='word_1_255' title='bbox 502 1712 570 1739; x_wconf 86' lang='lat' dir='ltr'><strong>alios</strong></span> <span class='ocrx_word' id='word_1_256' title='bbox 587 1716 677 1739; x_wconf 88' lang='lat' dir='ltr'><strong>autem</strong></span> <span class='ocrx_word' id='word_1_257' title='bbox 692 1711 805 1739; x_wconf 90' lang='lat' dir='ltr'><strong>Lindiin</strong></span> <span class='ocrx_word' id='word_1_258' title='bbox 819 1712 944 1740; x_wconf 70' lang='lat' dir='ltr'><strong>Minerva:</strong></span> <span class='ocrx_word' id='word_1_259' title='bbox 955 1714 1065 1747; x_wconf 75' lang='lat' dir='ltr'><strong>templo.</strong></span> <span class='ocrx_word' id='word_1_260' title='bbox 1093 1743 1096 1748; x_wconf 94' lang='lat'><em>_</em></span> 
     </span>
    </p>
   </div>
   <div class='ocr_carea' id='block_1_39' title="bbox 279 1757 1066 1793">
    <p class='ocr_par' dir='ltr' id='par_1_39' title="bbox 279 1757 1066 1793">
     <span class='ocr_line' id='line_1_39' title="bbox 279 1757 1066 1793; baseline -0.001 -8"><span class='ocrx_word' id='word_1_261' title='bbox 279 1758 348 1786; x_wconf 86' lang='lat' dir='ltr'><strong>alios</strong></span> <span class='ocrx_word' id='word_1_262' title='bbox 364 1758 390 1784; x_wconf 93' lang='lat' dir='ltr'><strong>in</strong></span> <span class='ocrx_word' id='word_1_263' title='bbox 408 1757 487 1785; x_wconf 88' lang='lat' dir='ltr'><strong>Creta</strong></span> <span class='ocrx_word' id='word_1_264' title='bbox 499 1758 599 1785; x_wconf 81' lang='lat' dir='ltr'><strong>insula.</strong></span> <span class='ocrx_word' id='word_1_265' title='bbox 615 1757 647 1784; x_wconf 87' lang='lat' dir='ltr'><strong>Et</strong></span> <span class='ocrx_word' id='word_1_266' title='bbox 659 1765 721 1784; x_wconf 90' lang='lat' dir='ltr'><strong>cum</strong></span> <span class='ocrx_word' id='word_1_267' title='bbox 735 1761 841 1784; x_wconf 88' lang='lat' dir='ltr'><strong>tantum</strong></span> <span class='ocrx_word' id='word_1_268' title='bbox 857 1758 981 1793; x_wconf 74' lang='lat' dir='ltr'><strong>caliginis</strong></span> <span class='ocrx_word' id='word_1_269' title='bbox 993 1758 1066 1785; x_wconf 87' lang='lat' dir='ltr'><strong>illius</strong></span> 
     </span>
    </p>
   </div>
   <div class='ocr_carea' id='block_1_40' title="bbox 279 1803 1066 1838">
    <p class='ocr_par' dir='ltr' id='par_1_40' title="bbox 279 1803 1066 1838">
     <span class='ocr_line' id='line_1_40' title="bbox 279 1803 1066 1838; baseline 0.001 -8"><span class='ocrx_word' id='word_1_270' title='bbox 279 1805 359 1830; x_wconf 88' lang='lat' dir='ltr'><strong>morti</strong></span> <span class='ocrx_word' id='word_1_271' title='bbox 374 1803 504 1836; x_wconf 75' lang='lat' dir='ltr'><strong>oiiundat.</strong></span> <span class='ocrx_word' id='word_1_272' title='bbox 523 1805 580 1831; x_wconf 90' lang='lat' dir='ltr'><strong>vult</strong></span> <span class='ocrx_word' id='word_1_273' title='bbox 593 1808 684 1830; x_wconf 86' lang='lat' dir='ltr'><strong>tamen</strong></span> <span class='ocrx_word' id='word_1_274' title='bbox 702 1804 827 1831; x_wconf 86' lang='lat' dir='ltr'><strong>eumdem</strong></span> <span class='ocrx_word' id='word_1_275' title='bbox 849 1812 912 1831; x_wconf 91' lang='lat' dir='ltr'><strong>cum</strong></span> <span class='ocrx_word' id='word_1_276' title='bbox 931 1804 991 1838; x_wconf 88' lang='lat' dir='ltr'><strong>ipso</strong></span> <span class='ocrx_word' id='word_1_277' title='bbox 1005 1812 1066 1831; x_wconf 88' lang='lat' dir='ltr'><strong>cor-</strong></span> 
     </span>
    </p>
   </div>
   <div class='ocr_carea' id='block_1_41' title="bbox 279 1848 1068 1884">
    <p class='ocr_par' dir='ltr' id='par_1_41' title="bbox 279 1848 1068 1884">
     <span class='ocr_line' id='line_1_41' title="bbox 279 1848 1068 1884; baseline 0 -7"><span class='ocrx_word' id='word_1_278' title='bbox 279 1857 344 1884; x_wconf 89' lang='lat' dir='ltr'><strong>pore</strong></span> <span class='ocrx_word' id='word_1_279' title='bbox 357 1849 389 1876; x_wconf 85' lang='lat' dir='ltr'><strong>ad</strong></span> <span class='ocrx_word' id='word_1_280' title='bbox 408 1850 661 1884; x_wconf 84' lang='lat' dir='ltr'><strong>superosevolasse.</strong></span> <span class='ocrx_word' id='word_1_281' title='bbox 675 1848 741 1876; x_wconf 83' lang='lat' dir='ltr'><strong>Nam</strong></span> <span class='ocrx_word' id='word_1_282' title='bbox 760 1858 820 1877; x_wconf 92' lang='lat' dir='ltr'><strong>cum</strong></span> <span class='ocrx_word' id='word_1_283' title='bbox 838 1850 1068 1884; x_wconf 76' lang='lat' dir='ltr'><strong>templum,prout</strong></span> 
     </span>
    </p>
   </div>
   <div class='ocr_carea' id='block_1_42' title="bbox 279 1894 1066 1930">
    <p class='ocr_par' dir='ltr' id='par_1_42' title="bbox 279 1894 1066 1930">
     <span class='ocr_line' id='line_1_42' title="bbox 279 1894 1066 1930; baseline 0.004 -10"><span class='ocrx_word' id='word_1_284' title='bbox 279 1894 324 1921; x_wconf 87' lang='lat' dir='ltr'><strong>ille</strong></span> <span class='ocrx_word' id='word_1_285' title='bbox 339 1894 388 1924; x_wconf 84' lang='lat' dir='ltr'><strong>ait.</strong></span> <span class='ocrx_word' id='word_1_286' title='bbox 405 1895 545 1929; x_wconf 85' lang='lat' dir='ltr'><strong>ingressus</strong></span> <span class='ocrx_word' id='word_1_287' title='bbox 571 1899 655 1927; x_wconf 88' lang='lat' dir='ltr'><strong>esset,</strong></span> <span class='ocrx_word' id='word_1_288' title='bbox 683 1896 778 1922; x_wconf 85' lang='lat' dir='ltr'><strong>valvas</strong></span> <span class='ocrx_word' id='word_1_289' title='bbox 800 1901 911 1930; x_wconf 79' lang='lat' dir='ltr'><strong>repente</strong></span> <span class='ocrx_word' id='word_1_290' title='bbox 930 1895 1066 1928; x_wconf 58' lang='lat' dir='ltr'><strong>oet-lusas,</strong></span> 
     </span>
    </p>
   </div>
   <div class='ocr_carea' id='block_1_43' title="bbox 279 1939 1066 1976">
    <p class='ocr_par' dir='ltr' id='par_1_43' title="bbox 279 1939 1066 1976">
     <span class='ocr_line' id='line_1_43' title="bbox 279 1939 1066 1976; baseline 0.004 -11"><span class='ocrx_word' id='word_1_291' title='bbox 279 1939 549 1975; x_wconf 74' lang='lat' dir='ltr'><strong>inexspectatuiuque</strong></span> <span class='ocrx_word' id='word_1_292' title='bbox 567 1940 702 1976; x_wconf 81' lang='lat' dir='ltr'><strong>virginum</strong></span> <span class='ocrx_word' id='word_1_293' title='bbox 723 1946 832 1968; x_wconf 88' lang='lat' dir='ltr'><strong>cantum</strong></span> <span class='ocrx_word' id='word_1_294' title='bbox 854 1949 888 1968; x_wconf 83' lang='lat' dir='ltr'><strong>ex</strong></span> <span class='ocrx_word' id='word_1_295' title='bbox 900 1950 933 1968; x_wconf 86' lang='lat' dir='ltr'><strong>eo</strong></span> <span class='ocrx_word' id='word_1_296' title='bbox 945 1941 1066 1968; x_wconf 85' lang='lat' dir='ltr'><strong>auditum</strong></span> 
     </span>
    </p>
   </div>
   <div class='ocr_carea' id='block_1_44' title="bbox 278 1986 1066 2022">
    <p class='ocr_par' dir='ltr' id='par_1_44' title="bbox 278 1986 1066 2022">
     <span class='ocr_line' id='line_1_44' title="bbox 278 1986 1066 2022; baseline 0.005 -10"><span class='ocrx_word' id='word_1_297' title='bbox 278 1993 349 2013; x_wconf 79' lang='lat' dir='ltr'><strong>esse.</strong></span> <span class='ocrx_word' id='word_1_298' title='bbox 364 1986 534 2022; x_wconf 88' lang='lat' dir='ltr'><strong>Cautumque</strong></span> <span class='ocrx_word' id='word_1_299' title='bbox 554 1988 638 2016; x_wconf 82' lang='lat' dir='ltr'><strong>fuisse</strong></span> <span class='ocrx_word' id='word_1_300' title='bbox 652 1989 732 2016; x_wconf 78' lang='lat' dir='ltr'><strong>istum</strong></span> <span class='ocrx_word' id='word_1_301' title='bbox 746 1996 753 2015; x_wconf 89' lang='lat'><strong>:</strong></span> <span class='ocrx_word' id='word_1_302' title='bbox 773 1998 782 2014; x_wconf 82' lang='grc' dir='ltr'>ι</span> <span class='ocrx_word' id='word_1_303' title='bbox 801 1988 879 2021; x_wconf 82' lang='lat' dir='ltr'><strong>Veni,</strong></span> <span class='ocrx_word' id='word_1_304' title='bbox 894 1989 954 2016; x_wconf 86' lang='lat' dir='ltr'><strong>veni</strong></span> <span class='ocrx_word' id='word_1_305' title='bbox 966 1990 992 2015; x_wconf 92' lang='lat' dir='ltr'><strong>in</strong></span> <span class='ocrx_word' id='word_1_306' title='bbox 1007 1996 1066 2016; x_wconf 67' lang='lat' dir='ltr'><strong>cae-</strong></span> 
     </span>
    </p>
   </div>
   <div class='ocr_carea' id='block_1_45' title="bbox 277 2031 1063 2070">
    <p class='ocr_par' dir='ltr' id='par_1_45' title="bbox 277 2031 1063 2070">
     <span class='ocr_line' id='line_1_45' title="bbox 277 2031 1063 2070; baseline 0.005 -12"><span class='ocrx_word' id='word_1_307' title='bbox 277 2031 344 2063; x_wconf 84' lang='lat' dir='ltr'><strong>luiu,</strong></span> <span class='ocrx_word' id='word_1_308' title='bbox 357 2034 427 2060; x_wconf 90' lang='lat' dir='ltr'><strong>veni.</strong></span> <span class='ocrx_word' id='word_1_309' title='bbox 440 2043 449 2058; x_wconf 78' lang='grc' dir='ltr'><strong>ι</strong></span> <span class='ocrx_word' id='word_1_310' title='bbox 467 2034 548 2061; x_wconf 87' lang='lat' dir='ltr'><strong>Addit</strong></span> <span class='ocrx_word' id='word_1_311' title='bbox 561 2035 634 2070; x_wconf 90' lang='lat' dir='ltr'><strong>quod</strong></span> <span class='ocrx_word' id='word_1_312' title='bbox 653 2044 686 2063; x_wconf 92' lang='lat' dir='ltr'><strong>ne</strong></span> <span class='ocrx_word' id='word_1_313' title='bbox 703 2035 731 2062; x_wconf 88' lang='lat' dir='ltr'><strong>in</strong></span> <span class='ocrx_word' id='word_1_314' title='bbox 745 2036 937 2070; x_wconf 86' lang='lat' dir='ltr'><strong>cenotaphium</strong></span> <span class='ocrx_word' id='word_1_315' title='bbox 953 2035 1063 2070; x_wconf 88' lang='lat' dir='ltr'><strong>quidem</strong></span> 
     </span>
    </p>
   </div>
   <div class='ocr_carea' id='block_1_46' title="bbox 277 2078 1061 2116">
    <p class='ocr_par' dir='ltr' id='par_1_46' title="bbox 277 2078 1061 2116">
     <span class='ocr_line' id='line_1_46' title="bbox 277 2078 1061 2116; baseline 0.003 -11"><span class='ocrx_word' id='word_1_316' title='bbox 277 2078 336 2111; x_wconf 82' lang='lat' dir='ltr'><strong>ejus</strong></span> <span class='ocrx_word' id='word_1_317' title='bbox 353 2079 487 2112; x_wconf 90' lang='lat' dir='ltr'><strong>inciderit,</strong></span> <span class='ocrx_word' id='word_1_318' title='bbox 505 2088 566 2107; x_wconf 88' lang='lat' dir='ltr'><strong>cum</strong></span> <span class='ocrx_word' id='word_1_319' title='bbox 590 2086 680 2109; x_wconf 89' lang='lat' dir='ltr'><strong>tamen</strong></span> <span class='ocrx_word' id='word_1_320' title='bbox 696 2081 754 2116; x_wconf 85' lang='lat' dir='ltr'><strong>ipse</strong></span> <span class='ocrx_word' id='word_1_321' title='bbox 770 2081 929 2108; x_wconf 87' lang='lat' dir='ltr'><strong>universum</strong></span> <span class='ocrx_word' id='word_1_322' title='bbox 955 2081 1061 2111; x_wconf 86' lang='lat' dir='ltr'><strong>orbem.</strong></span> 
     </span>
    </p>
   </div>
   <div class='ocr_carea' id='block_1_47' title="bbox 276 2123 1063 2162">
    <p class='ocr_par' dir='ltr' id='par_1_47' title="bbox 276 2123 1063 2162">
     <span class='ocr_line' id='line_1_47' title="bbox 276 2123 1063 2162; baseline 0.005 -13"><span class='ocrx_word' id='word_1_323' title='bbox 276 2131 329 2157; x_wconf 87' lang='lat' dir='ltr'><strong>qua</strong></span> <span class='ocrx_word' id='word_1_324' title='bbox 355 2123 407 2150; x_wconf 84' lang='lat' dir='ltr'><strong>late</strong></span> <span class='ocrx_word' id='word_1_325' title='bbox 423 2129 505 2159; x_wconf 88' lang='lat' dir='ltr'><strong>patet,</strong></span> <span class='ocrx_word' id='word_1_326' title='bbox 527 2131 709 2161; x_wconf 77' lang='lat' dir='ltr'><strong>peragrasset.</strong></span> <span class='ocrx_word' id='word_1_327' title='bbox 733 2125 848 2162; x_wconf 85' lang='lat' dir='ltr'><strong>Vultque</strong></span> <span class='ocrx_word' id='word_1_328' title='bbox 871 2127 921 2153; x_wconf 88' lang='lat' dir='ltr'><strong>hoc</strong></span> <span class='ocrx_word' id='word_1_329' title='bbox 937 2127 988 2161; x_wconf 87' lang='lat' dir='ltr'><strong>ipsi</strong></span> <span class='ocrx_word' id='word_1_330' title='bbox 1003 2127 1063 2153; x_wconf 90' lang='lat' dir='ltr'><strong>ani-</strong></span> 
     </span>
    </p>
   </div>
   <div class='ocr_carea' id='block_1_48' title="bbox 276 2171 1060 2207">
    <p class='ocr_par' dir='ltr' id='par_1_48' title="bbox 276 2171 1060 2207">
     <span class='ocr_line' id='line_1_48' title="bbox 276 2171 1060 2207; baseline 0.005 -13"><span class='ocrx_word' id='word_1_331' title='bbox 276 2176 348 2199; x_wconf 84' lang='lat' dir='ltr'><strong>mus.</strong></span> <span class='ocrx_word' id='word_1_332' title='bbox 375 2171 486 2197; x_wconf 83' lang='lat' dir='ltr'><strong>omnino</strong></span> <span class='ocrx_word' id='word_1_333' title='bbox 512 2175 625 2198; x_wconf 90' lang='lat' dir='ltr'><strong>mortem</strong></span> <span class='ocrx_word' id='word_1_334' title='bbox 647 2172 734 2198; x_wconf 93' lang='lat' dir='ltr'><strong>viruin</strong></span> <span class='ocrx_word' id='word_1_335' title='bbox 750 2172 824 2198; x_wconf 93' lang='lat' dir='ltr'><strong>illum</strong></span> <span class='ocrx_word' id='word_1_336' title='bbox 840 2180 894 2199; x_wconf 92' lang='lat' dir='ltr'><strong>non</strong></span> <span class='ocrx_word' id='word_1_337' title='bbox 918 2173 1060 2207; x_wconf 83' lang='lat' dir='ltr'><strong>attingere.</strong></span> 
     </span>
    </p>
   </div>
   <div class='ocr_carea' id='block_1_49' title="bbox 275 2213 1063 2253">
    <p class='ocr_par' dir='ltr' id='par_1_49' title="bbox 275 2213 1063 2253">
     <span class='ocr_line' id='line_1_49' title="bbox 275 2213 1063 2253; baseline 0.006 -13"><span class='ocrx_word' id='word_1_338' title='bbox 275 2213 343 2241; x_wconf 87' lang='lat' dir='ltr'><strong>Cum</strong></span> <span class='ocrx_word' id='word_1_339' title='bbox 359 2216 431 2242; x_wconf 89' lang='lat' dir='ltr'><strong>enim</strong></span> <span class='ocrx_word' id='word_1_340' title='bbox 446 2217 523 2244; x_wconf 87' lang='lat' dir='ltr'><strong>initio</strong></span> <span class='ocrx_word' id='word_1_341' title='bbox 534 2217 639 2244; x_wconf 85' lang='lat' dir='ltr'><strong>dubitet</strong></span> <span class='ocrx_word' id='word_1_342' title='bbox 663 2217 697 2244; x_wconf 87' lang='lat' dir='ltr'><strong>de</strong></span> <span class='ocrx_word' id='word_1_343' title='bbox 715 2218 795 2245; x_wconf 89' lang='lat' dir='ltr'><strong>modo</strong></span> <span class='ocrx_word' id='word_1_344' title='bbox 813 2226 866 2253; x_wconf 87' lang='lat' dir='ltr'><strong>quo</strong></span> <span class='ocrx_word' id='word_1_345' title='bbox 882 2217 950 2244; x_wconf 87' lang='lat' dir='ltr'><strong>vivis</strong></span> <span class='ocrx_word' id='word_1_346' title='bbox 967 2221 1063 2245; x_wconf 82' lang='lat' dir='ltr'><strong>exces-</strong></span> 
     </span>
    </p>
   </div>
   <div class='ocr_carea' id='block_1_50' title="bbox 1124 245 1905 282">
    <p class='ocr_par' dir='ltr' id='par_1_50' title="bbox 1124 245 1905 282">
     <span class='ocr_line' id='line_1_50' title="bbox 1124 245 1905 282; baseline -0.004 -9"><span class='ocrx_word' id='word_1_347' title='bbox 1124 247 1181 274; x_wconf 80' lang='grc' dir='ltr'><strong>τῶν</strong></span> <span class='ocrx_word' id='word_1_348' title='bbox 1195 247 1359 282; x_wconf 79' lang='grc' dir='ltr'>ἐπιχωρίων,</span> <span class='ocrx_word' id='word_1_349' title='bbox 1371 247 1456 281; x_wconf 80' lang='grc' dir='ltr'>γόητα</span> <span class='ocrx_word' id='word_1_350' title='bbox 1469 247 1517 273; x_wconf 76' lang='grc' dir='ltr'>καὶ</span> <span class='ocrx_word' id='word_1_351' title='bbox 1531 246 1632 273; x_wconf 79' lang='grc' dir='ltr'><strong>τούτων</strong></span> <span class='ocrx_word' id='word_1_352' title='bbox 1645 245 1801 281; x_wconf 78' lang='grc' dir='ltr'><strong>ἡγουμένων</strong></span> <span class='ocrx_word' id='word_1_353' title='bbox 1817 245 1905 271; x_wconf 76' lang='grc' dir='ltr'>αὐτόν.</span> 
     </span>
    </p>
   </div>
   <div class='ocr_carea' id='block_1_51' title="bbox 1125 290 1906 328">
    <p class='ocr_par' dir='ltr' id='par_1_51' title="bbox 1125 290 1906 328">
     <span class='ocr_line' id='line_1_51' title="bbox 1125 290 1906 328; baseline -0.005 -9"><span class='ocrx_word' id='word_1_354' title='bbox 1125 293 1221 319; x_wconf 85' lang='grc' dir='ltr'>Καίτοι</span> <span class='ocrx_word' id='word_1_355' title='bbox 1237 292 1312 325; x_wconf 73' lang='grc' dir='ltr'>ἄξιον</span> <span class='ocrx_word' id='word_1_356' title='bbox 1334 292 1488 328; x_wconf 83' lang='grc' dir='ltr'>ἀπορῆσαι,</span> <span class='ocrx_word' id='word_1_357' title='bbox 1512 291 1700 327; x_wconf 78' lang='grc' dir='ltr'><strong>παραθέμενον</strong></span> <span class='ocrx_word' id='word_1_358' title='bbox 1715 290 1765 322; x_wconf 78' lang='grc' dir='ltr'><strong>τὰς</strong></span> <span class='ocrx_word' id='word_1_359' title='bbox 1785 291 1814 316; x_wconf 80' lang='grc' dir='ltr'>ἐν</span> <span class='ocrx_word' id='word_1_360' title='bbox 1838 291 1906 325; x_wconf 75' lang='grc' dir='ltr'><strong>ἀρχῇ</strong></span> 
     </span>
    </p>
   </div>
   <div class='ocr_carea' id='block_1_52' title="bbox 1123 333 1906 372">
    <p class='ocr_par' dir='ltr' id='par_1_52' title="bbox 1123 333 1906 372">
     <span class='ocr_line' id='line_1_52' title="bbox 1123 333 1906 372; baseline -0.005 -8"><span class='ocrx_word' id='word_1_361' title='bbox 1123 338 1170 364; x_wconf 77' lang='grc' dir='ltr'>τοῦ</span> <span class='ocrx_word' id='word_1_362' title='bbox 1187 337 1370 372; x_wconf 81' lang='grc' dir='ltr'><strong>Φιλοστράτου</strong></span> <span class='ocrx_word' id='word_1_363' title='bbox 1385 336 1480 369; x_wconf 76' lang='grc' dir='ltr'>λέξεις,</span> <span class='ocrx_word' id='word_1_364' title='bbox 1494 336 1522 362; x_wconf 82' lang='grc' dir='ltr'>ἐν</span> <span class='ocrx_word' id='word_1_365' title='bbox 1537 333 1580 367; x_wconf 77' lang='grc' dir='ltr'>αἶς</span> <span class='ocrx_word' id='word_1_366' title='bbox 1591 335 1700 371; x_wconf 79' lang='grc' dir='ltr'><strong>ἀπορῶν</strong></span> <span class='ocrx_word' id='word_1_367' title='bbox 1713 335 1726 361; x_wconf 81' lang='grc' dir='ltr'><strong>ὃ</strong></span> <span class='ocrx_word' id='word_1_368' title='bbox 1738 343 1764 361; x_wconf 85' lang='grc' dir='ltr'><strong>τι</strong></span> <span class='ocrx_word' id='word_1_369' title='bbox 1776 335 1808 370; x_wconf 80' lang='grc' dir='ltr'>δὴ</span> <span class='ocrx_word' id='word_1_370' title='bbox 1824 335 1906 370; x_wconf 74' lang='grc' dir='ltr'>γόητα</span> 
     </span>
    </p>
   </div>
   <div class='ocr_carea' id='block_1_53' title="bbox 1124 381 1904 418">
    <p class='ocr_par' dir='ltr' id='par_1_53' title="bbox 1124 381 1904 418">
     <span class='ocr_line' id='line_1_53' title="bbox 1124 381 1904 418; baseline -0.005 -8"><span class='ocrx_word' id='word_1_371' title='bbox 1124 383 1203 410; x_wconf 70' lang='grc' dir='ltr'>αὑτὸν</span> <span class='ocrx_word' id='word_1_372' title='bbox 1216 383 1406 418; x_wconf 77' lang='grc' dir='ltr'><strong>ὑπειλήφασιν,</strong></span> <span class='ocrx_word' id='word_1_373' title='bbox 1422 383 1490 409; x_wconf 78' lang='grc' dir='ltr'>αὐτὰ</span> <span class='ocrx_word' id='word_1_374' title='bbox 1505 382 1536 417; x_wconf 84' lang='grc' dir='ltr'>δὴ</span> <span class='ocrx_word' id='word_1_375' title='bbox 1549 381 1634 408; x_wconf 84' lang='grc' dir='ltr'>ταῦτα</span> <span class='ocrx_word' id='word_1_376' title='bbox 1650 381 1782 416; x_wconf 79' lang='grc' dir='ltr'><strong>θαυμάζει</strong></span> <span class='ocrx_word' id='word_1_377' title='bbox 1803 381 1887 415; x_wconf 79' lang='grc' dir='ltr'>λέγων</span> <span class='ocrx_word' id='word_1_378' title='bbox 1897 390 1904 396; x_wconf 90' lang='grc'><strong>·</strong></span> 
     </span>
    </p>
   </div>
   <div class='ocr_carea' id='block_1_54' title="bbox 1127 427 1906 464">
    <p class='ocr_par' dir='ltr' id='par_1_54' title="bbox 1127 427 1906 464">
     <span class='ocr_line' id='line_1_54' title="bbox 1127 427 1906 464; baseline -0.003 -9"><span class='ocrx_word' id='word_1_379' title='bbox 1127 439 1136 454; x_wconf 73' lang='grc' dir='ltr'>α</span> <span class='ocrx_word' id='word_1_380' title='bbox 1158 429 1342 464; x_wconf 82' lang='grc' dir='ltr'>Ἐμπεδοκλέα</span> <span class='ocrx_word' id='word_1_381' title='bbox 1360 429 1409 464; x_wconf 83' lang='grc' dir='ltr'><strong>μὲν</strong></span> <span class='ocrx_word' id='word_1_382' title='bbox 1422 429 1468 454; x_wconf 75' lang='grc' dir='ltr'>καὶ</span> <span class='ocrx_word' id='word_1_383' title='bbox 1484 427 1654 463; x_wconf 81' lang='grc' dir='ltr'>Πυθαγόραν,</span> <span class='ocrx_word' id='word_1_384' title='bbox 1669 428 1717 454; x_wconf 74' lang='grc' dir='ltr'>καὶ</span> <span class='ocrx_word' id='word_1_385' title='bbox 1730 427 1906 462; x_wconf 81' lang='grc' dir='ltr'>Δημόκριτον,</span> 
     </span>
    </p>
   </div>
   <div class='ocr_carea' id='block_1_55' title="bbox 1123 472 1905 510">
    <p class='ocr_par' dir='ltr' id='par_1_55' title="bbox 1123 472 1905 510">
     <span class='ocr_line' id='line_1_55' title="bbox 1123 472 1905 510; baseline -0.005 -8"><span class='ocrx_word' id='word_1_386' title='bbox 1123 477 1181 507; x_wconf 79' lang='grc' dir='ltr'>τοῖς</span> <span class='ocrx_word' id='word_1_387' title='bbox 1194 476 1286 506; x_wconf 82' lang='grc' dir='ltr'>αὐτοῖς</span> <span class='ocrx_word' id='word_1_388' title='bbox 1300 475 1396 510; x_wconf 81' lang='grc' dir='ltr'><strong>μάγοις</strong></span> <span class='ocrx_word' id='word_1_389' title='bbox 1408 472 1673 509; x_wconf 73' lang='grc' dir='ltr'>ὡμιληκότας,οὗπω</span> <span class='ocrx_word' id='word_1_390' title='bbox 1684 472 1804 508; x_wconf 75' lang='grc' dir='ltr'><strong>ὑπῆχθαι</strong></span> <span class='ocrx_word' id='word_1_391' title='bbox 1816 472 1905 508; x_wconf 81' lang='grc' dir='ltr'><strong>τέχνῃ·</strong></span> 
     </span>
    </p>
   </div>
   <div class='ocr_carea' id='block_1_56' title="bbox 1124 517 1907 554">
    <p class='ocr_par' dir='ltr' id='par_1_56' title="bbox 1124 517 1907 554">
     <span class='ocr_line' id='line_1_56' title="bbox 1124 517 1907 554; baseline -0.004 -8"><span class='ocrx_word' id='word_1_392' title='bbox 1124 520 1256 547; x_wconf 74' lang='grc' dir='ltr'>Πλάτωνά</span> <span class='ocrx_word' id='word_1_393' title='bbox 1271 529 1300 546; x_wconf 85' lang='grc' dir='ltr'>τε</span> <span class='ocrx_word' id='word_1_394' title='bbox 1313 540 1319 552; x_wconf 89' lang='grc'><strong>,</strong></span> <span class='ocrx_word' id='word_1_395' title='bbox 1337 519 1413 554; x_wconf 78' lang='grc' dir='ltr'>παρὰ</span> <span class='ocrx_word' id='word_1_396' title='bbox 1428 519 1482 545; x_wconf 86' lang='grc' dir='ltr'>τῶν</span> <span class='ocrx_word' id='word_1_397' title='bbox 1507 519 1536 545; x_wconf 86' lang='grc' dir='ltr'>ὲν</span> <span class='ocrx_word' id='word_1_398' title='bbox 1553 518 1682 553; x_wconf 79' lang='grc' dir='ltr'><strong>Αἰγύπτῳ</strong></span> <span class='ocrx_word' id='word_1_399' title='bbox 1699 518 1792 553; x_wconf 78' lang='grc' dir='ltr'><strong>ἱερέων</strong></span> <span class='ocrx_word' id='word_1_400' title='bbox 1811 526 1840 543; x_wconf 87' lang='grc' dir='ltr'><strong>τε</strong></span> <span class='ocrx_word' id='word_1_401' title='bbox 1863 517 1907 544; x_wconf 80' lang='grc' dir='ltr'><strong>καὶ</strong></span> 
     </span>
    </p>
   </div>
   <div class='ocr_carea' id='block_1_57' title="bbox 1124 563 1907 602">
    <p class='ocr_par' dir='ltr' id='par_1_57' title="bbox 1124 563 1907 602">
     <span class='ocr_line' id='line_1_57' title="bbox 1124 563 1907 602; baseline -0.004 -10"><span class='ocrx_word' id='word_1_402' title='bbox 1124 566 1274 602; x_wconf 72' lang='grc' dir='ltr'><strong>προφητῶν</strong></span> <span class='ocrx_word' id='word_1_403' title='bbox 1290 565 1374 592; x_wconf 80' lang='grc' dir='ltr'>πολλὰ</span> <span class='ocrx_word' id='word_1_404' title='bbox 1388 565 1583 601; x_wconf 67' lang='grc' dir='ltr'><strong>παρειληφότα,</strong></span> <span class='ocrx_word' id='word_1_405' title='bbox 1601 565 1648 591; x_wconf 70' lang='grc' dir='ltr'>καὶ</span> <span class='ocrx_word' id='word_1_406' title='bbox 1661 564 1748 590; x_wconf 79' lang='grc' dir='ltr'>ταῦτα</span> <span class='ocrx_word' id='word_1_407' title='bbox 1763 565 1819 594; x_wconf 79' lang='grc' dir='ltr'>τοῖς</span> <span class='ocrx_word' id='word_1_408' title='bbox 1834 563 1907 595; x_wconf 73' lang='grc' dir='ltr'>ἰδίοις</span> 
     </span>
    </p>
   </div>
   <div class='ocr_carea' id='block_1_58' title="bbox 1122 609 1905 648">
    <p class='ocr_par' dir='ltr' id='par_1_58' title="bbox 1122 609 1905 648">
     <span class='ocr_line' id='line_1_58' title="bbox 1122 609 1905 648; baseline -0.004 -9"><span class='ocrx_word' id='word_1_409' title='bbox 1122 612 1293 648; x_wconf 80' lang='grc' dir='ltr'>ἀναμίξαντα</span> <span class='ocrx_word' id='word_1_410' title='bbox 1315 612 1420 646; x_wconf 78' lang='grc' dir='ltr'>λόγοις,</span> <span class='ocrx_word' id='word_1_411' title='bbox 1444 611 1568 646; x_wconf 77' lang='grc' dir='ltr'><strong>οὐδαμῶς</strong></span> <span class='ocrx_word' id='word_1_412' title='bbox 1591 611 1664 643; x_wconf 74' lang='grc' dir='ltr'>δόξαι</span> <span class='ocrx_word' id='word_1_413' title='bbox 1686 610 1740 636; x_wconf 79' lang='grc' dir='ltr'>τισὶ</span> <span class='ocrx_word' id='word_1_414' title='bbox 1768 609 1905 645; x_wconf 77' lang='grc' dir='ltr'>μαγεύειν.</span> 
     </span>
    </p>
   </div>
   <div class='ocr_carea' id='block_1_59' title="bbox 1124 656 1906 692">
    <p class='ocr_par' dir='ltr' id='par_1_59' title="bbox 1124 656 1906 692">
     <span class='ocr_line' id='line_1_59' title="bbox 1124 656 1906 692; baseline -0.004 -7"><span class='ocrx_word' id='word_1_415' title='bbox 1124 659 1237 685; x_wconf 72' lang='grc' dir='ltr'>Τουτονὶ</span> <span class='ocrx_word' id='word_1_416' title='bbox 1253 658 1281 684; x_wconf 83' lang='grc' dir='ltr'>δὲ</span> <span class='ocrx_word' id='word_1_417' title='bbox 1298 657 1374 685; x_wconf 71' lang='grc' dir='ltr'><strong>οὔπω</strong></span> <span class='ocrx_word' id='word_1_418' title='bbox 1388 657 1568 692; x_wconf 77' lang='grc' dir='ltr'>γινώσκεσθαι</span> <span class='ocrx_word' id='word_1_419' title='bbox 1592 657 1656 692; x_wconf 75' lang='grc' dir='ltr'>παρ’</span> <span class='ocrx_word' id='word_1_420' title='bbox 1677 656 1831 692; x_wconf 78' lang='grc' dir='ltr'>ἀνθρώποις</span> <span class='ocrx_word' id='word_1_421' title='bbox 1843 677 1850 689; x_wconf 83' lang='grc'><strong>,</strong></span> <span class='ocrx_word' id='word_1_422' title='bbox 1867 657 1906 683; x_wconf 74' lang='grc' dir='ltr'>δῖι</span> 
     </span>
    </p>
   </div>
   <div class='ocr_carea' id='block_1_60' title="bbox 1122 702 1908 740">
    <p class='ocr_par' dir='ltr' id='par_1_60' title="bbox 1122 702 1908 740">
     <span class='ocr_line' id='line_1_60' title="bbox 1122 702 1908 740; baseline -0.003 -9"><span class='ocrx_word' id='word_1_423' title='bbox 1122 705 1155 740; x_wconf 81' lang='grc' dir='ltr'>δὴ</span> <span class='ocrx_word' id='word_1_424' title='bbox 1173 705 1226 731; x_wconf 80' lang='grc' dir='ltr'><strong>ἀπὸ</strong></span> <span class='ocrx_word' id='word_1_425' title='bbox 1242 704 1292 739; x_wconf 73' lang='grc' dir='ltr'>τῆς</span> <span class='ocrx_word' id='word_1_426' title='bbox 1319 704 1448 739; x_wconf 78' lang='grc' dir='ltr'><strong>ἀληθινῆς</strong></span> <span class='ocrx_word' id='word_1_427' title='bbox 1462 704 1574 740; x_wconf 81' lang='grc' dir='ltr'>ὡρμᾶτο</span> <span class='ocrx_word' id='word_1_428' title='bbox 1590 704 1699 738; x_wconf 78' lang='grc' dir='ltr'><strong>σοφίας,</strong></span> <span class='ocrx_word' id='word_1_429' title='bbox 1719 703 1804 739; x_wconf 75' lang='grc' dir='ltr'>μάγον</span> <span class='ocrx_word' id='word_1_430' title='bbox 1819 703 1847 729; x_wconf 81' lang='grc' dir='ltr'>δὲ</span> <span class='ocrx_word' id='word_1_431' title='bbox 1860 702 1908 729; x_wconf 64' lang='grc' dir='ltr'><strong>αὖ·</strong></span> 
     </span>
    </p>
   </div>
   <div class='ocr_carea' id='block_1_61' title="bbox 1123 749 1907 785">
    <p class='ocr_par' dir='ltr' id='par_1_61' title="bbox 1123 749 1907 785">
     <span class='ocr_line' id='line_1_61' title="bbox 1123 749 1907 785; baseline -0.004 -8"><span class='ocrx_word' id='word_1_432' title='bbox 1123 750 1167 777; x_wconf 78' lang='grc' dir='ltr'>τὸν</span> <span class='ocrx_word' id='word_1_433' title='bbox 1192 749 1366 785; x_wconf 76' lang='grc' dir='ltr'><strong>νενομίσθαι,</strong></span> <span class='ocrx_word' id='word_1_434' title='bbox 1389 750 1428 785; x_wconf 84' lang='grc' dir='ltr'>τῷ</span> <span class='ocrx_word' id='word_1_435' title='bbox 1446 749 1749 784; x_wconf 73' lang='grc' dir='ltr'>μάγοιςΒαδυλωνίων,</span> <span class='ocrx_word' id='word_1_436' title='bbox 1776 749 1863 775; x_wconf 76' lang='grc' dir='ltr'>Ὶνδιῖιν</span> <span class='ocrx_word' id='word_1_437' title='bbox 1877 757 1907 774; x_wconf 86' lang='grc' dir='ltr'><strong>τε</strong></span> 
     </span>
    </p>
   </div>
   <div class='ocr_carea' id='block_1_62' title="bbox 1122 795 1906 832">
    <p class='ocr_par' dir='ltr' id='par_1_62' title="bbox 1122 795 1906 832">
     <span class='ocr_line' id='line_1_62' title="bbox 1122 795 1906 832; baseline -0.003 -10"><span class='ocrx_word' id='word_1_438' title='bbox 1122 796 1266 832; x_wconf 57' lang='grc' dir='ltr'>Βραχμῶι</span> <span class='ocrx_word' id='word_1_439' title='bbox 1284 796 1331 822; x_wconf 71' lang='grc' dir='ltr'>καὶ</span> <span class='ocrx_word' id='word_1_440' title='bbox 1347 797 1403 827; x_wconf 81' lang='grc' dir='ltr'>τοῖς</span> <span class='ocrx_word' id='word_1_441' title='bbox 1417 795 1573 829; x_wconf 72' lang='grc' dir='ltr'><strong>Αἰγυπτίων</strong></span> <span class='ocrx_word' id='word_1_442' title='bbox 1583 796 1697 830; x_wconf 79' lang='grc' dir='ltr'>Γυμνοῐς</span> <span class='ocrx_word' id='word_1_443' title='bbox 1713 795 1906 830; x_wconf 73' lang='grc' dir='ltr'><strong>ὡμιληκέναι.»</strong></span> 
     </span>
    </p>
   </div>
   <div class='ocr_carea' id='block_1_63' title="bbox 1123 838 1908 877">
    <p class='ocr_par' dir='ltr' id='par_1_63' title="bbox 1123 838 1908 877">
     <span class='ocr_line' id='line_1_63' title="bbox 1123 838 1908 877; baseline -0.003 -9"><span class='ocrx_word' id='word_1_444' title='bbox 1123 842 1154 868; x_wconf 87' lang='grc' dir='ltr'>Τί</span> <span class='ocrx_word' id='word_1_445' title='bbox 1177 842 1245 877; x_wconf 71' lang='grc' dir='ltr'>δῆτα</span> <span class='ocrx_word' id='word_1_446' title='bbox 1270 840 1316 868; x_wconf 74' lang='grc' dir='ltr'>οὖν</span> <span class='ocrx_word' id='word_1_447' title='bbox 1332 843 1471 877; x_wconf 81' lang='grc' dir='ltr'>εἰρήσεται</span> <span class='ocrx_word' id='word_1_448' title='bbox 1489 841 1556 877; x_wconf 68' lang='grc' dir='ltr'>πρὸς</span> <span class='ocrx_word' id='word_1_449' title='bbox 1573 841 1669 873; x_wconf 70' lang='grc' dir='ltr'>αὑτὸν,</span> <span class='ocrx_word' id='word_1_450' title='bbox 1683 838 1706 867; x_wconf 83' lang='grc' dir='ltr'><strong>ὦ</strong></span> <span class='ocrx_word' id='word_1_451' title='bbox 1726 839 1818 872; x_wconf 53' lang='grc' dir='ltr'>οὗτος</span> <span class='ocrx_word' id='word_1_452' title='bbox 1835 840 1908 874; x_wconf 77' lang='grc' dir='ltr'><strong>Τῴδε</strong></span> 
     </span>
    </p>
   </div>
   <div class='ocr_carea' id='block_1_64' title="bbox 1122 887 1909 924">
    <p class='ocr_par' dir='ltr' id='par_1_64' title="bbox 1122 887 1909 924">
     <span class='ocr_line' id='line_1_64' title="bbox 1122 887 1909 924; baseline -0.003 -10"><span class='ocrx_word' id='word_1_453' title='bbox 1122 887 1162 923; x_wconf 85' lang='grc' dir='ltr'>τῷ</span> <span class='ocrx_word' id='word_1_454' title='bbox 1185 888 1261 923; x_wconf 71' lang='grc' dir='ltr'>ἀνδρὶ</span> <span class='ocrx_word' id='word_1_455' title='bbox 1278 888 1435 924; x_wconf 79' lang='grc' dir='ltr'>τηλικοῦτον</span> <span class='ocrx_word' id='word_1_456' title='bbox 1456 889 1641 923; x_wconf 80' lang='grc' dir='ltr'>ἐπεχειρεῖτο,</span> <span class='ocrx_word' id='word_1_457' title='bbox 1664 887 1701 918; x_wconf 84' lang='grc' dir='ltr'>ὡς</span> <span class='ocrx_word' id='word_1_458' title='bbox 1724 887 1803 922; x_wconf 81' lang='grc' dir='ltr'>μόνον</span> <span class='ocrx_word' id='word_1_459' title='bbox 1823 887 1909 921; x_wconf 77' lang='grc' dir='ltr'>γόητα</span> 
     </span>
    </p>
   </div>
   <div class='ocr_carea' id='block_1_65' title="bbox 1123 931 1910 967">
    <p class='ocr_par' dir='ltr' id='par_1_65' title="bbox 1123 931 1910 967">
     <span class='ocr_line' id='line_1_65' title="bbox 1123 931 1910 967; baseline -0.004 -8"><span class='ocrx_word' id='word_1_460' title='bbox 1123 933 1206 959; x_wconf 73' lang='grc' dir='ltr'>πάλαι</span> <span class='ocrx_word' id='word_1_461' title='bbox 1218 942 1245 959; x_wconf 89' lang='grc' dir='ltr'><strong>τε</strong></span> <span class='ocrx_word' id='word_1_462' title='bbox 1255 933 1301 959; x_wconf 73' lang='grc' dir='ltr'>καὶ</span> <span class='ocrx_word' id='word_1_463' title='bbox 1310 933 1356 959; x_wconf 79' lang='grc' dir='ltr'>νῦν</span> <span class='ocrx_word' id='word_1_464' title='bbox 1368 933 1523 967; x_wconf 70' lang='grc' dir='ltr'><strong>νενομίσθαι</strong></span> <span class='ocrx_word' id='word_1_465' title='bbox 1538 933 1620 959; x_wconf 82' lang='grc' dir='ltr'>εἰσέτι</span> <span class='ocrx_word' id='word_1_466' title='bbox 1631 932 1705 967; x_wconf 75' lang='grc' dir='ltr'>παρὰ</span> <span class='ocrx_word' id='word_1_467' title='bbox 1716 932 1777 962; x_wconf 73' lang='grc' dir='ltr'>τοὺς</span> <span class='ocrx_word' id='word_1_468' title='bbox 1786 931 1910 966; x_wconf 70' lang='grc' dir='ltr'>τηλικού-</span> 
     </span>
    </p>
   </div>
   <div class='ocr_carea' id='block_1_66' title="bbox 1120 976 1910 1014">
    <p class='ocr_par' dir='ltr' id='par_1_66' title="bbox 1120 976 1910 1014">
     <span class='ocr_line' id='line_1_66' title="bbox 1120 976 1910 1014; baseline -0.005 -8"><span class='ocrx_word' id='word_1_469' title='bbox 1120 988 1183 1011; x_wconf 83' lang='grc' dir='ltr'>τους</span> <span class='ocrx_word' id='word_1_470' title='bbox 1192 979 1300 1014; x_wconf 74' lang='grc' dir='ltr'>ἄνδρας,</span> <span class='ocrx_word' id='word_1_471' title='bbox 1310 980 1334 1005; x_wconf 81' lang='grc' dir='ltr'>οἳ</span> <span class='ocrx_word' id='word_1_472' title='bbox 1343 979 1397 1005; x_wconf 83' lang='grc' dir='ltr'><strong>τῶν</strong></span> <span class='ocrx_word' id='word_1_473' title='bbox 1406 978 1505 1009; x_wconf 77' lang='grc' dir='ltr'>αὐτῶν,</span> <span class='ocrx_word' id='word_1_474' title='bbox 1515 978 1550 1010; x_wconf 84' lang='grc' dir='ltr'>ὡς</span> <span class='ocrx_word' id='word_1_475' title='bbox 1563 979 1624 1013; x_wconf 74' lang='grc' dir='ltr'>φῂς,</span> <span class='ocrx_word' id='word_1_476' title='bbox 1634 976 1798 1003; x_wconf 79' lang='grc' dir='ltr'>διδασκάλων</span> <span class='ocrx_word' id='word_1_477' title='bbox 1814 985 1910 1002; x_wconf 82' lang='grc' dir='ltr'>πεπει-</span> 
     </span>
    </p>
   </div>
   <div class='ocr_carea' id='block_1_67' title="bbox 1122 1022 1911 1061">
    <p class='ocr_par' dir='ltr' id='par_1_67' title="bbox 1122 1022 1911 1061">
     <span class='ocr_line' id='line_1_67' title="bbox 1122 1022 1911 1061; baseline -0.005 -9"><span class='ocrx_word' id='word_1_478' title='bbox 1122 1026 1250 1061; x_wconf 79' lang='grc' dir='ltr'>ρασμὲνοι</span> <span class='ocrx_word' id='word_1_479' title='bbox 1266 1025 1342 1060; x_wconf 69' lang='grc' dir='ltr'>(ἔθ’),</span> <span class='ocrx_word' id='word_1_480' title='bbox 1366 1024 1513 1060; x_wconf 70' lang='grc' dir='ltr'>διέπρεψαν</span> <span class='ocrx_word' id='word_1_481' title='bbox 1532 1024 1580 1060; x_wconf 80' lang='grc' dir='ltr'><strong>μὲν</strong></span> <span class='ocrx_word' id='word_1_482' title='bbox 1595 1024 1640 1050; x_wconf 67' lang='grc' dir='ltr'>καὶ</span> <span class='ocrx_word' id='word_1_483' title='bbox 1659 1023 1720 1050; x_wconf 82' lang='grc' dir='ltr'>καθ’</span> <span class='ocrx_word' id='word_1_484' title='bbox 1735 1022 1781 1054; x_wconf 82' lang='grc' dir='ltr'><strong>οὒς</strong></span> <span class='ocrx_word' id='word_1_485' title='bbox 1797 1022 1911 1058; x_wconf 76' lang='grc' dir='ltr'>ἐγνωρί-</span> 
     </span>
    </p>
   </div>
   <div class='ocr_carea' id='block_1_68' title="bbox 1121 1068 1911 1106">
    <p class='ocr_par' dir='ltr' id='par_1_68' title="bbox 1121 1068 1911 1106">
     <span class='ocr_line' id='line_1_68' title="bbox 1121 1068 1911 1106; baseline -0.003 -9"><span class='ocrx_word' id='word_1_486' title='bbox 1121 1070 1197 1104; x_wconf 78' lang='grc' dir='ltr'>ζοντο</span> <span class='ocrx_word' id='word_1_487' title='bbox 1211 1071 1340 1106; x_wconf 76' lang='grc' dir='ltr'>χρόνους,</span> <span class='ocrx_word' id='word_1_488' title='bbox 1363 1071 1411 1097; x_wconf 76' lang='grc' dir='ltr'>καὶ</span> <span class='ocrx_word' id='word_1_489' title='bbox 1433 1072 1461 1102; x_wconf 74' lang='grc' dir='ltr'>ἐς</span> <span class='ocrx_word' id='word_1_490' title='bbox 1481 1070 1543 1102; x_wconf 70' lang='grc' dir='ltr'>τοὺς</span> <span class='ocrx_word' id='word_1_491' title='bbox 1567 1070 1712 1105; x_wconf 81' lang='grc' dir='ltr'>μετέπειτα</span> <span class='ocrx_word' id='word_1_492' title='bbox 1728 1069 1756 1095; x_wconf 83' lang='grc' dir='ltr'>δὲ</span> <span class='ocrx_word' id='word_1_493' title='bbox 1771 1069 1820 1104; x_wconf 84' lang='grc' dir='ltr'>τῆς</span> <span class='ocrx_word' id='word_1_494' title='bbox 1836 1068 1911 1103; x_wconf 65' lang='grc' dir='ltr'>σφῶν</span> 
     </span>
    </p>
   </div>
   <div class='ocr_carea' id='block_1_69' title="bbox 1121 1115 1911 1152">
    <p class='ocr_par' dir='ltr' id='par_1_69' title="bbox 1121 1115 1911 1152">
     <span class='ocr_line' id='line_1_69' title="bbox 1121 1115 1911 1152; baseline -0.003 -9"><span class='ocrx_word' id='word_1_495' title='bbox 1121 1118 1280 1152; x_wconf 61' lang='grc' dir='ltr'>φιλοσοφίας</span> <span class='ocrx_word' id='word_1_496' title='bbox 1297 1118 1417 1152; x_wconf 78' lang='grc' dir='ltr'>ἀοίδιμον</span> <span class='ocrx_word' id='word_1_497' title='bbox 1444 1116 1652 1144; x_wconf 78' lang='grc' dir='ltr'>καταλελοίπασι</span> <span class='ocrx_word' id='word_1_498' title='bbox 1673 1115 1722 1151; x_wconf 85' lang='grc' dir='ltr'><strong>τὴν</strong></span> <span class='ocrx_word' id='word_1_499' title='bbox 1747 1115 1865 1151; x_wconf 83' lang='grc' dir='ltr'>ἀρετήν’</span> <span class='ocrx_word' id='word_1_500' title='bbox 1886 1116 1911 1141; x_wconf 76' lang='grc' dir='ltr'><strong>εί</strong></span> 
     </span>
    </p>
   </div>
   <div class='ocr_carea' id='block_1_70' title="bbox 1122 1157 1910 1198">
    <p class='ocr_par' dir='ltr' id='par_1_70' title="bbox 1122 1157 1910 1198">
     <span class='ocr_line' id='line_1_70' title="bbox 1122 1157 1910 1198; baseline -0.004 -9"><span class='ocrx_word' id='word_1_501' title='bbox 1122 1163 1160 1198; x_wconf 82' lang='grc' dir='ltr'><strong>μὴ</strong></span> <span class='ocrx_word' id='word_1_502' title='bbox 1181 1163 1235 1198; x_wconf 82' lang='grc' dir='ltr'>ἄρα</span> <span class='ocrx_word' id='word_1_503' title='bbox 1259 1162 1330 1197; x_wconf 82' lang='grc' dir='ltr'>πέρα</span> <span class='ocrx_word' id='word_1_504' title='bbox 1354 1162 1406 1189; x_wconf 85' lang='grc' dir='ltr'>τῶν</span> <span class='ocrx_word' id='word_1_505' title='bbox 1431 1162 1624 1197; x_wconf 73' lang='grc' dir='ltr'><strong>προσηκόντων</strong></span> <span class='ocrx_word' id='word_1_506' title='bbox 1645 1160 1778 1196; x_wconf 79' lang='grc' dir='ltr'><strong>ἐγχειρῶν</strong></span> <span class='ocrx_word' id='word_1_507' title='bbox 1799 1159 1857 1191; x_wconf 82' lang='grc' dir='ltr'>τοῖς</span> <span class='ocrx_word' id='word_1_508' title='bbox 1879 1157 1910 1186; x_wconf 79' lang='grc' dir='ltr'>εὖ</span> 
     </span>
    </p>
   </div>
   <div class='ocr_carea' id='block_1_71' title="bbox 1121 1204 1911 1243">
    <p class='ocr_par' dir='ltr' id='par_1_71' title="bbox 1121 1204 1911 1243">
     <span class='ocr_line' id='line_1_71' title="bbox 1121 1204 1911 1243; baseline -0.005 -9"><span class='ocrx_word' id='word_1_509' title='bbox 1121 1207 1247 1243; x_wconf 71' lang='grc' dir='ltr'>φρονοῦσι</span> <span class='ocrx_word' id='word_1_510' title='bbox 1265 1207 1380 1243; x_wconf 71' lang='grc' dir='ltr'>φανερὸς</span> <span class='ocrx_word' id='word_1_511' title='bbox 1404 1207 1595 1241; x_wconf 80' lang='grc' dir='ltr'>καθειστήκει;</span> <span class='ocrx_word' id='word_1_512' title='bbox 1618 1205 1720 1232; x_wconf 78' lang='grc' dir='ltr'>Λύτίκα</span> <span class='ocrx_word' id='word_1_513' title='bbox 1741 1205 1796 1231; x_wconf 84' lang='grc' dir='ltr'>τῶν</span> <span class='ocrx_word' id='word_1_514' title='bbox 1809 1204 1857 1230; x_wconf 80' lang='grc' dir='ltr'>νῦν</span> <span class='ocrx_word' id='word_1_515' title='bbox 1873 1205 1911 1230; x_wconf 59' lang='grc' dir='ltr'><strong>ειν-</strong></span> 
     </span>
    </p>
   </div>
   <div class='ocr_carea' id='block_1_72' title="bbox 1122 1250 1912 1288">
    <p class='ocr_par' dir='ltr' id='par_1_72' title="bbox 1122 1250 1912 1288">
     <span class='ocr_line' id='line_1_72' title="bbox 1122 1250 1912 1288; baseline -0.005 -9"><span class='ocrx_word' id='word_1_516' title='bbox 1122 1262 1173 1284; x_wconf 80' lang='grc' dir='ltr'>σιν,</span> <span class='ocrx_word' id='word_1_517' title='bbox 1184 1253 1209 1279; x_wconf 79' lang='grc' dir='ltr'><strong>οἳ</strong></span> <span class='ocrx_word' id='word_1_518' title='bbox 1222 1252 1385 1288; x_wconf 73' lang='grc' dir='ltr'>περιέργους</span> <span class='ocrx_word' id='word_1_519' title='bbox 1403 1252 1526 1288; x_wconf 79' lang='grc' dir='ltr'>μηχανὰς</span> <span class='ocrx_word' id='word_1_520' title='bbox 1541 1251 1607 1287; x_wconf 78' lang='grc' dir='ltr'><strong>(Η),</strong></span> <span class='ocrx_word' id='word_1_521' title='bbox 1623 1253 1655 1286; x_wconf 79' lang='grc' dir='ltr'>τῇ</span> <span class='ocrx_word' id='word_1_522' title='bbox 1671 1250 1718 1277; x_wconf 74' lang='grc' dir='ltr'><strong>τοῦ</strong></span> <span class='ocrx_word' id='word_1_523' title='bbox 1738 1250 1835 1285; x_wconf 74' lang='grc' dir='ltr'>ἀνδρὸς</span> <span class='ocrx_word' id='word_1_524' title='bbox 1849 1251 1912 1276; x_wconf 78' lang='grc' dir='ltr'>ἁνα-</span> 
     </span>
    </p>
   </div>
   <div class='ocr_carea' id='block_1_73' title="bbox 1121 1295 1910 1334">
    <p class='ocr_par' dir='ltr' id='par_1_73' title="bbox 1121 1295 1910 1334">
     <span class='ocr_line' id='line_1_73' title="bbox 1121 1295 1910 1334; baseline -0.004 -9"><span class='ocrx_word' id='word_1_525' title='bbox 1121 1299 1249 1334; x_wconf 76' lang='grc' dir='ltr'>κειμένας</span> <span class='ocrx_word' id='word_1_526' title='bbox 1266 1298 1450 1334; x_wconf 70' lang='grc' dir='ltr'><strong>προσηγορίᾳ,</strong></span> <span class='ocrx_word' id='word_1_527' title='bbox 1476 1297 1667 1332; x_wconf 55' lang='grc' dir='ltr'>κατειληφέναι</span> <span class='ocrx_word' id='word_1_528' title='bbox 1683 1296 1818 1330; x_wconf 77' lang='grc' dir='ltr'>λέγουσιν.</span> <span class='ocrx_word' id='word_1_529' title='bbox 1841 1295 1910 1322; x_wconf 79' lang='grc' dir='ltr'>Ἀλλ’</span> 
     </span>
    </p>
   </div>
   <div class='ocr_carea' id='block_1_74' title="bbox 1121 1342 1910 1380">
    <p class='ocr_par' dir='ltr' id='par_1_74' title="bbox 1121 1342 1910 1380">
     <span class='ocr_line' id='line_1_74' title="bbox 1121 1342 1910 1380; baseline -0.005 -9"><span class='ocrx_word' id='word_1_530' title='bbox 1121 1346 1170 1371; x_wconf 74' lang='grc' dir='ltr'>οὐκ</span> <span class='ocrx_word' id='word_1_531' title='bbox 1192 1345 1285 1380; x_wconf 77' lang='grc' dir='ltr'>ἔμοιγε</span> <span class='ocrx_word' id='word_1_532' title='bbox 1307 1344 1383 1378; x_wconf 76' lang='grc' dir='ltr'>φίλον</span> <span class='ocrx_word' id='word_1_533' title='bbox 1404 1343 1509 1375; x_wconf 80' lang='grc' dir='ltr'>τούτοις</span> <span class='ocrx_word' id='word_1_534' title='bbox 1530 1343 1673 1379; x_wconf 79' lang='grc' dir='ltr'>προσέχειν</span> <span class='ocrx_word' id='word_1_535' title='bbox 1688 1343 1732 1368; x_wconf 70' lang='grc' dir='ltr'>τὸν</span> <span class='ocrx_word' id='word_1_536' title='bbox 1747 1342 1826 1368; x_wconf 61' lang='grc' dir='ltr'><strong>νοῦν</strong></span> <span class='ocrx_word' id='word_1_537' title='bbox 1843 1342 1910 1368; x_wconf 60' lang='grc' dir='ltr'>ἀλλὰ</span> 
     </span>
    </p>
   </div>
   <div class='ocr_carea' id='block_1_75' title="bbox 1120 1388 1911 1426">
    <p class='ocr_par' dir='ltr' id='par_1_75' title="bbox 1120 1388 1911 1426">
     <span class='ocr_line' id='line_1_75' title="bbox 1120 1388 1911 1426; baseline -0.005 -9"><span class='ocrx_word' id='word_1_538' title='bbox 1120 1391 1175 1426; x_wconf 73' lang='grc' dir='ltr'>γὰρ</span> <span class='ocrx_word' id='word_1_539' title='bbox 1191 1391 1236 1418; x_wconf 71' lang='grc' dir='ltr'>καὶ</span> <span class='ocrx_word' id='word_1_540' title='bbox 1251 1391 1314 1426; x_wconf 79' lang='grc' dir='ltr'>περὶ</span> <span class='ocrx_word' id='word_1_541' title='bbox 1328 1390 1378 1425; x_wconf 80' lang='grc' dir='ltr'>τῆς</span> <span class='ocrx_word' id='word_1_542' title='bbox 1393 1389 1522 1423; x_wconf 78' lang='grc' dir='ltr'><strong>τελευτῆς</strong></span> <span class='ocrx_word' id='word_1_543' title='bbox 1539 1389 1585 1416; x_wconf 76' lang='grc' dir='ltr'><strong>τοῦ</strong></span> <span class='ocrx_word' id='word_1_544' title='bbox 1600 1389 1696 1424; x_wconf 75' lang='grc' dir='ltr'>ἀνδρὸς</span> <span class='ocrx_word' id='word_1_545' title='bbox 1710 1388 1846 1415; x_wconf 74' lang='grc' dir='ltr'>ἀκόλουθα</span> <span class='ocrx_word' id='word_1_546' title='bbox 1856 1389 1911 1419; x_wconf 83' lang='grc' dir='ltr'>τοῖς</span> 
     </span>
    </p>
   </div>
   <div class='ocr_carea' id='block_1_76' title="bbox 1121 1433 1910 1472">
    <p class='ocr_par' dir='ltr' id='par_1_76' title="bbox 1121 1433 1910 1472">
     <span class='ocr_line' id='line_1_76' title="bbox 1121 1433 1910 1472; baseline -0.003 -10"><span class='ocrx_word' id='word_1_547' title='bbox 1121 1436 1262 1472; x_wconf 72' lang='grc' dir='ltr'>προτέροις</span> <span class='ocrx_word' id='word_1_548' title='bbox 1284 1436 1451 1466; x_wconf 80' lang='grc' dir='ltr'>συντάττων,</span> <span class='ocrx_word' id='word_1_549' title='bbox 1475 1435 1550 1461; x_wconf 72' lang='grc' dir='ltr'>οὐδὲν</span> <span class='ocrx_word' id='word_1_550' title='bbox 1567 1434 1664 1469; x_wconf 72' lang='grc' dir='ltr'>ἀληθὲς</span> <span class='ocrx_word' id='word_1_551' title='bbox 1689 1434 1820 1468; x_wconf 66' lang='grc' dir='ltr'>ἐξέφηνεν</span> <span class='ocrx_word' id='word_1_552' title='bbox 1843 1433 1910 1460; x_wconf 77' lang='grc' dir='ltr'>εἰδέ-</span> 
     </span>
    </p>
   </div>
   <div class='ocr_carea' id='block_1_77' title="bbox 1119 1479 1912 1516">
    <p class='ocr_par' dir='ltr' id='par_1_77' title="bbox 1119 1479 1912 1516">
     <span class='ocr_line' id='line_1_77' title="bbox 1119 1479 1912 1516; baseline -0.006 -8"><span class='ocrx_word' id='word_1_553' title='bbox 1119 1491 1173 1508; x_wconf 91' lang='grc' dir='ltr'>ναι.</span> <span class='ocrx_word' id='word_1_554' title='bbox 1192 1481 1261 1513; x_wconf 69' lang='grc' dir='ltr'>Τοὺς</span> <span class='ocrx_word' id='word_1_555' title='bbox 1279 1481 1327 1516; x_wconf 78' lang='grc' dir='ltr'><strong>μὲν</strong></span> <span class='ocrx_word' id='word_1_556' title='bbox 1341 1480 1393 1516; x_wconf 77' lang='grc' dir='ltr'><strong>γὰρ</strong></span> <span class='ocrx_word' id='word_1_557' title='bbox 1407 1480 1436 1506; x_wconf 87' lang='grc' dir='ltr'>ὲν</span> <span class='ocrx_word' id='word_1_558' title='bbox 1450 1480 1558 1514; x_wconf 66' lang='grc' dir='ltr'>Ἐφέσῳ</span> <span class='ocrx_word' id='word_1_559' title='bbox 1572 1479 1732 1514; x_wconf 75' lang='grc' dir='ltr'>τελευτῆσαι</span> <span class='ocrx_word' id='word_1_560' title='bbox 1749 1479 1830 1505; x_wconf 76' lang='grc' dir='ltr'>αὐτὸν</span> <span class='ocrx_word' id='word_1_561' title='bbox 1842 1479 1912 1504; x_wconf 74' lang='grc' dir='ltr'>ἱστο-</span> 
     </span>
    </p>
   </div>
   <div class='ocr_carea' id='block_1_78' title="bbox 1121 1524 1911 1564">
    <p class='ocr_par' dir='ltr' id='par_1_78' title="bbox 1121 1524 1911 1564">
     <span class='ocr_line' id='line_1_78' title="bbox 1121 1524 1911 1564; baseline -0.005 -10"><span class='ocrx_word' id='word_1_562' title='bbox 1121 1529 1172 1564; x_wconf 82' lang='grc' dir='ltr'>ρεῖ.</span> <span class='ocrx_word' id='word_1_563' title='bbox 1187 1528 1249 1559; x_wconf 70' lang='grc' dir='ltr'>τοὺς</span> <span class='ocrx_word' id='word_1_564' title='bbox 1264 1527 1292 1553; x_wconf 76' lang='grc' dir='ltr'>δὲ</span> <span class='ocrx_word' id='word_1_565' title='bbox 1306 1529 1334 1553; x_wconf 80' lang='grc' dir='ltr'>ὲν</span> <span class='ocrx_word' id='word_1_566' title='bbox 1348 1527 1434 1560; x_wconf 81' lang='grc' dir='ltr'>Λίνδῳ</span> <span class='ocrx_word' id='word_1_567' title='bbox 1449 1527 1477 1558; x_wconf 77' lang='grc' dir='ltr'>ἐς</span> <span class='ocrx_word' id='word_1_568' title='bbox 1489 1526 1518 1552; x_wconf 85' lang='grc' dir='ltr'><strong>τὺ</strong></span> <span class='ocrx_word' id='word_1_569' title='bbox 1533 1526 1603 1561; x_wconf 81' lang='grc' dir='ltr'>ἱερὸν</span> <span class='ocrx_word' id='word_1_570' title='bbox 1612 1525 1661 1561; x_wconf 82' lang='grc' dir='ltr'>τῆς</span> <span class='ocrx_word' id='word_1_571' title='bbox 1680 1524 1911 1560; x_wconf 75' lang='grc' dir='ltr'>Ἀθηνᾶς,ᾶλλο·..ς</span> 
     </span>
    </p>
   </div>
   <div class='ocr_carea' id='block_1_79' title="bbox 1119 1571 1912 1610">
    <p class='ocr_par' dir='ltr' id='par_1_79' title="bbox 1119 1571 1912 1610">
     <span class='ocr_line' id='line_1_79' title="bbox 1119 1571 1912 1610; baseline -0.005 -9"><span class='ocrx_word' id='word_1_572' title='bbox 1119 1575 1146 1601; x_wconf 81' lang='grc' dir='ltr'>δὲ</span> <span class='ocrx_word' id='word_1_573' title='bbox 1162 1576 1190 1601; x_wconf 81' lang='grc' dir='ltr'>ὲν</span> <span class='ocrx_word' id='word_1_574' title='bbox 1211 1575 1317 1610; x_wconf 77' lang='grc' dir='ltr'><strong>Κρήτῃ.</strong></span> <span class='ocrx_word' id='word_1_575' title='bbox 1340 1573 1395 1600; x_wconf 70' lang='grc' dir='ltr'><strong>Καὶ</strong></span> <span class='ocrx_word' id='word_1_576' title='bbox 1410 1572 1544 1608; x_wconf 82' lang='grc' dir='ltr'>τοσαύτην</span> <span class='ocrx_word' id='word_1_577' title='bbox 1560 1573 1670 1606; x_wconf 78' lang='grc' dir='ltr'>ἄγνοιαν</span> <span class='ocrx_word' id='word_1_578' title='bbox 1681 1571 1728 1598; x_wconf 77' lang='grc' dir='ltr'><strong>τοῦ</strong></span> <span class='ocrx_word' id='word_1_579' title='bbox 1745 1571 1809 1607; x_wconf 75' lang='grc' dir='ltr'>περὶ</span> <span class='ocrx_word' id='word_1_580' title='bbox 1830 1571 1912 1598; x_wconf 65' lang='grc' dir='ltr'>αὐτὸν</span> 
     </span>
    </p>
   </div>
   <div class='ocr_carea' id='block_1_80' title="bbox 1117 1618 1912 1654">
    <p class='ocr_par' dir='ltr' id='par_1_80' title="bbox 1117 1618 1912 1654">
     <span class='ocr_line' id='line_1_80' title="bbox 1117 1618 1912 1654; baseline -0.003 -7"><span class='ocrx_word' id='word_1_581' title='bbox 1117 1621 1209 1651; x_wconf 76' lang='grc' dir='ltr'>τέλους</span> <span class='ocrx_word' id='word_1_582' title='bbox 1220 1619 1434 1649; x_wconf 80' lang='grc' dir='ltr'>κατασκεδάσας,</span> <span class='ocrx_word' id='word_1_583' title='bbox 1445 1619 1568 1654; x_wconf 79' lang='grc' dir='ltr'>βούλεται</span> <span class='ocrx_word' id='word_1_584' title='bbox 1579 1619 1659 1645; x_wconf 72' lang='grc' dir='ltr'>αὑτὸν</span> <span class='ocrx_word' id='word_1_585' title='bbox 1668 1619 1695 1650; x_wconf 79' lang='grc' dir='ltr'>ἐς</span> <span class='ocrx_word' id='word_1_586' title='bbox 1710 1619 1825 1654; x_wconf 74' lang='grc' dir='ltr'>οὐρανὸν</span> <span class='ocrx_word' id='word_1_587' title='bbox 1837 1618 1912 1653; x_wconf 74' lang='grc' dir='ltr'>αὐτῷ</span> 
     </span>
    </p>
   </div>
   <div class='ocr_carea' id='block_1_81' title="bbox 1121 1662 1912 1700">
    <p class='ocr_par' dir='ltr' id='par_1_81' title="bbox 1121 1662 1912 1700">
     <span class='ocr_line' id='line_1_81' title="bbox 1121 1662 1912 1700; baseline -0.004 -9"><span class='ocrx_word' id='word_1_588' title='bbox 1121 1665 1224 1700; x_wconf 85' lang='grc' dir='ltr'>σώματι</span> <span class='ocrx_word' id='word_1_589' title='bbox 1246 1664 1379 1700; x_wconf 76' lang='grc' dir='ltr'>χωρῆσαι.</span> <span class='ocrx_word' id='word_1_590' title='bbox 1407 1664 1603 1700; x_wconf 80' lang='grc' dir='ltr'>Ἐσδραμόντος</span> <span class='ocrx_word' id='word_1_591' title='bbox 1622 1662 1676 1698; x_wconf 81' lang='grc' dir='ltr'>γὰρ</span> <span class='ocrx_word' id='word_1_592' title='bbox 1696 1664 1725 1695; x_wconf 80' lang='grc' dir='ltr'>ἐς</span> <span class='ocrx_word' id='word_1_593' title='bbox 1743 1663 1827 1698; x_wconf 83' lang='grc' dir='ltr'>ἱερὸν,</span> <span class='ocrx_word' id='word_1_594' title='bbox 1844 1663 1912 1698; x_wconf 73' lang='grc' dir='ltr'>φησὶ</span> 
     </span>
    </p>
   </div>
   <div class='ocr_carea' id='block_1_82' title="bbox 1119 1709 1910 1745">
    <p class='ocr_par' dir='ltr' id='par_1_82' title="bbox 1119 1709 1910 1745">
     <span class='ocr_line' id='line_1_82' title="bbox 1119 1709 1910 1745; baseline -0.005 -7"><span class='ocrx_word' id='word_1_595' title='bbox 1119 1710 1276 1744; x_wconf 76' lang='grc' dir='ltr'>κλεισθῆναι</span> <span class='ocrx_word' id='word_1_596' title='bbox 1292 1710 1339 1741; x_wconf 78' lang='grc' dir='ltr'><strong>τὰς</strong></span> <span class='ocrx_word' id='word_1_597' title='bbox 1353 1709 1448 1741; x_wconf 75' lang='grc' dir='ltr'>πύλας,</span> <span class='ocrx_word' id='word_1_598' title='bbox 1468 1709 1513 1736; x_wconf 79' lang='grc' dir='ltr'><strong>καί</strong></span> <span class='ocrx_word' id='word_1_599' title='bbox 1526 1718 1585 1736; x_wconf 88' lang='grc' dir='ltr'>τινα</span> <span class='ocrx_word' id='word_1_600' title='bbox 1690 1709 1821 1743; x_wconf 72' lang='grc' dir='ltr'>ἀδόκητον</span> <span class='ocrx_word' id='word_1_601' title='bbox 1838 1717 1910 1744; x_wconf 50' lang='grc' dir='ltr'>παρ.</span> 
     </span>
    </p>
   </div>
   <div class='ocr_carea' id='block_1_83' title="bbox 1120 1753 1911 1791">
    <p class='ocr_par' dir='ltr' id='par_1_83' title="bbox 1120 1753 1911 1791">
     <span class='ocr_line' id='line_1_83' title="bbox 1120 1753 1911 1791; baseline -0.004 -8"><span class='ocrx_word' id='word_1_602' title='bbox 1120 1757 1204 1783; x_wconf 82' lang='grc' dir='ltr'>θένων</span> <span class='ocrx_word' id='word_1_603' title='bbox 1219 1758 1353 1782; x_wconf 75' lang='grc' dir='ltr'>ἐκπεσεῖν.</span> <span class='ocrx_word' id='word_1_604' title='bbox 1369 1756 1406 1782; x_wconf 70' lang='lat' dir='ltr'><strong>To</strong></span> <span class='ocrx_word' id='word_1_605' title='bbox 1420 1756 1448 1782; x_wconf 78' lang='grc' dir='ltr'>δὲ</span> <span class='ocrx_word' id='word_1_606' title='bbox 1470 1753 1545 1791; x_wconf 74' lang='grc' dir='ltr'>ᾆσμα</span> <span class='ocrx_word' id='word_1_607' title='bbox 1561 1753 1645 1782; x_wconf 81' lang='grc' dir='ltr'>εἶναι·</span> <span class='ocrx_word' id='word_1_608' title='bbox 1667 1764 1675 1780; x_wconf 76' lang='grc' dir='ltr'><strong>ι</strong></span> <span class='ocrx_word' id='word_1_609' title='bbox 1689 1755 1798 1789; x_wconf 83' lang='grc' dir='ltr'>Στεῖχε,</span> <span class='ocrx_word' id='word_1_610' title='bbox 1821 1755 1911 1790; x_wconf 77' lang='grc' dir='ltr'>στεῖχε</span> 
     </span>
    </p>
   </div>
   <div class='ocr_carea' id='block_1_84' title="bbox 1120 1801 1912 1842">
    <p class='ocr_par' dir='ltr' id='par_1_84' title="bbox 1120 1801 1912 1842">
     <span class='ocr_line' id='line_1_84' title="bbox 1120 1801 1912 1842; baseline -0.004 -13"><span class='ocrx_word' id='word_1_611' title='bbox 1120 1803 1148 1835; x_wconf 72' lang='grc' dir='ltr'>ἐς</span> <span class='ocrx_word' id='word_1_612' title='bbox 1161 1803 1284 1838; x_wconf 75' lang='grc' dir='ltr'>οὐρανὸν.</span> <span class='ocrx_word' id='word_1_613' title='bbox 1307 1803 1405 1837; x_wconf 80' lang='grc' dir='ltr'>στεῖχε.</span> <span class='ocrx_word' id='word_1_614' title='bbox 1423 1811 1431 1827; x_wconf 78' lang='grc' dir='ltr'><strong>ι</strong></span> <span class='ocrx_word' id='word_1_615' title='bbox 1450 1801 1530 1842; x_wconf 58' lang='grc' dir='ltr'>Λέγει</span> <span class='ocrx_word' id='word_1_616' title='bbox 1551 1801 1596 1833; x_wconf 81' lang='grc' dir='ltr'>δὲ,</span> <span class='ocrx_word' id='word_1_617' title='bbox 1620 1801 1657 1832; x_wconf 83' lang='grc' dir='ltr'>ὡς</span> <span class='ocrx_word' id='word_1_618' title='bbox 1674 1801 1741 1836; x_wconf 82' lang='grc' dir='ltr'>μήτε</span> <span class='ocrx_word' id='word_1_619' title='bbox 1757 1801 1912 1836; x_wconf 73' lang='grc' dir='ltr'>κενοταφίῳ</span> 
     </span>
    </p>
   </div>
   <div class='ocr_carea' id='block_1_85' title="bbox 1119 1846 1909 1884">
    <p class='ocr_par' dir='ltr' id='par_1_85' title="bbox 1119 1846 1909 1884">
     <span class='ocr_line' id='line_1_85' title="bbox 1119 1846 1909 1884; baseline -0.005 -8"><span class='ocrx_word' id='word_1_620' title='bbox 1119 1849 1165 1876; x_wconf 77' lang='grc' dir='ltr'>τοῦ</span> <span class='ocrx_word' id='word_1_621' title='bbox 1177 1849 1270 1884; x_wconf 79' lang='grc' dir='ltr'>ἀνδρός</span> <span class='ocrx_word' id='word_1_622' title='bbox 1284 1858 1326 1875; x_wconf 83' lang='grc' dir='ltr'><strong>πω</strong></span> <span class='ocrx_word' id='word_1_623' title='bbox 1337 1846 1585 1883; x_wconf 79' lang='grc' dir='ltr'>περιτύχοι,καίτοι</span> <span class='ocrx_word' id='word_1_624' title='bbox 1598 1846 1648 1882; x_wconf 78' lang='grc' dir='ltr'>τῆς</span> <span class='ocrx_word' id='word_1_625' title='bbox 1661 1846 1712 1881; x_wconf 83' lang='grc' dir='ltr'><strong>γῆς</strong></span> <span class='ocrx_word' id='word_1_626' title='bbox 1724 1847 1812 1880; x_wconf 74' lang='grc' dir='ltr'>ὁπόση</span> <span class='ocrx_word' id='word_1_627' title='bbox 1824 1846 1909 1877; x_wconf 65' lang='grc' dir='ltr'>ἐστὶν,</span> 
     </span>
    </p>
   </div>
   <div class='ocr_carea' id='block_1_86' title="bbox 1119 1892 1912 1928">
    <p class='ocr_par' dir='ltr' id='par_1_86' title="bbox 1119 1892 1912 1928">
     <span class='ocr_line' id='line_1_86' title="bbox 1119 1892 1912 1928; baseline -0.004 -7"><span class='ocrx_word' id='word_1_628' title='bbox 1119 1895 1214 1922; x_wconf 81' lang='grc' dir='ltr'>ἑαυτὸν</span> <span class='ocrx_word' id='word_1_629' title='bbox 1231 1895 1385 1921; x_wconf 77' lang='grc' dir='ltr'>ἐπελθόντα.</span> <span class='ocrx_word' id='word_1_630' title='bbox 1401 1893 1454 1920; x_wconf 80' lang='grc' dir='ltr'><strong>Καὶ</strong></span> <span class='ocrx_word' id='word_1_631' title='bbox 1470 1893 1594 1928; x_wconf 83' lang='grc' dir='ltr'>βούλεται</span> <span class='ocrx_word' id='word_1_632' title='bbox 1607 1892 1680 1927; x_wconf 75' lang='grc' dir='ltr'>αὐτῷ</span> <span class='ocrx_word' id='word_1_633' title='bbox 1695 1893 1711 1927; x_wconf 84' lang='grc' dir='ltr'>ὴ</span> <span class='ocrx_word' id='word_1_634' title='bbox 1724 1893 1828 1919; x_wconf 81' lang='grc' dir='ltr'>διάνοια</span> <span class='ocrx_word' id='word_1_635' title='bbox 1843 1892 1912 1927; x_wconf 69' lang='grc' dir='ltr'>μηδὲ</span> 
     </span>
    </p>
   </div>
   <div class='ocr_carea' id='block_1_87' title="bbox 1119 1937 1912 1974">
    <p class='ocr_par' dir='ltr' id='par_1_87' title="bbox 1119 1937 1912 1974">
     <span class='ocr_line' id='line_1_87' title="bbox 1119 1937 1912 1974; baseline -0.005 -7"><span class='ocrx_word' id='word_1_636' title='bbox 1119 1941 1187 1972; x_wconf 78' lang='grc' dir='ltr'>ὅλως</span> <span class='ocrx_word' id='word_1_637' title='bbox 1208 1937 1321 1967; x_wconf 75' lang='grc' dir='ltr'>θανάτου</span> <span class='ocrx_word' id='word_1_638' title='bbox 1339 1940 1384 1966; x_wconf 74' lang='grc' dir='ltr'>τὸν</span> <span class='ocrx_word' id='word_1_639' title='bbox 1406 1939 1488 1974; x_wconf 79' lang='grc' dir='ltr'>ἄνδρα</span> <span class='ocrx_word' id='word_1_640' title='bbox 1506 1939 1603 1973; x_wconf 82' lang='grc' dir='ltr'>θίγειν.</span> <span class='ocrx_word' id='word_1_641' title='bbox 1630 1938 1764 1974; x_wconf 78' lang='grc' dir='ltr'>Πρότερον</span> <span class='ocrx_word' id='word_1_642' title='bbox 1784 1938 1834 1973; x_wconf 78' lang='grc' dir='ltr'><strong>μὲν</strong></span> <span class='ocrx_word' id='word_1_643' title='bbox 1856 1937 1912 1973; x_wconf 73' lang='grc' dir='ltr'><strong>γὰρ</strong></span> 
     </span>
    </p>
   </div>
   <div class='ocr_carea' id='block_1_88' title="bbox 1121 1984 1911 2023">
    <p class='ocr_par' dir='ltr' id='par_1_88' title="bbox 1121 1984 1911 2023">
     <span class='ocr_line' id='line_1_88' title="bbox 1121 1984 1911 2023; baseline -0.004 -10"><span class='ocrx_word' id='word_1_644' title='bbox 1121 1987 1296 2023; x_wconf 69' lang='grc' dir='ltr'><strong>ἁμςριὸάλλων</strong></span> <span class='ocrx_word' id='word_1_645' title='bbox 1325 1987 1388 2022; x_wconf 78' lang='grc' dir='ltr'>περὶ</span> <span class='ocrx_word' id='word_1_646' title='bbox 1413 1985 1458 2012; x_wconf 79' lang='grc' dir='ltr'><strong>τοῦ</strong></span> <span class='ocrx_word' id='word_1_647' title='bbox 1480 1986 1597 2020; x_wconf 79' lang='grc' dir='ltr'>τρόπου,</span> <span class='ocrx_word' id='word_1_648' title='bbox 1623 1984 1681 2012; x_wconf 87' lang='grc' dir='ltr'>καθ’</span> <span class='ocrx_word' id='word_1_649' title='bbox 1705 1984 1735 2011; x_wconf 83' lang='grc' dir='ltr'>ὃν</span> <span class='ocrx_word' id='word_1_650' title='bbox 1761 1984 1911 2015; x_wconf 68' lang='grc' dir='ltr'>ἐτελεύτα.</span> 
     </span>
    </p>
   </div>
   <div class='ocr_carea' id='block_1_89' title="bbox 1118 2030 1913 2069">
    <p class='ocr_par' dir='ltr' id='par_1_89' title="bbox 1118 2030 1913 2069">
     <span class='ocr_line' id='line_1_89' title="bbox 1118 2030 1913 2069; baseline -0.004 -9"><span class='ocrx_word' id='word_1_651' title='bbox 1118 2034 1231 2069; x_wconf 79' lang='grc' dir='ltr'>ὕστερον</span> <span class='ocrx_word' id='word_1_652' title='bbox 1247 2033 1274 2059; x_wconf 73' lang='grc' dir='ltr'>δὲ</span> <span class='ocrx_word' id='word_1_653' title='bbox 1289 2032 1435 2068; x_wconf 70' lang='grc' dir='ltr'>διαρρήδην</span> <span class='ocrx_word' id='word_1_654' title='bbox 1453 2031 1500 2058; x_wconf 81' lang='grc' dir='ltr'>καὶ</span> <span class='ocrx_word' id='word_1_655' title='bbox 1520 2033 1549 2063; x_wconf 76' lang='grc' dir='ltr'>ἐς</span> <span class='ocrx_word' id='word_1_656' title='bbox 1565 2030 1678 2066; x_wconf 66' lang='grc' dir='ltr'>οὐρανὸν</span> <span class='ocrx_word' id='word_1_657' title='bbox 1693 2031 1772 2057; x_wconf 73' lang='grc' dir='ltr'>αὑτὸν</span> <span class='ocrx_word' id='word_1_658' title='bbox 1786 2031 1913 2066; x_wconf 75' lang='grc' dir='ltr'>χωρῆσαι</span> 
     </span>
    </p>
   </div>
   <div class='ocr_carea' id='block_1_90' title="bbox 1117 2077 1914 2114">
    <p class='ocr_par' dir='ltr' id='par_1_90' title="bbox 1117 2077 1914 2114">
     <span class='ocr_line' id='line_1_90' title="bbox 1117 2077 1914 2114; baseline -0.005 -8"><span class='ocrx_word' id='word_1_659' title='bbox 1117 2080 1226 2114; x_wconf 76' lang='grc' dir='ltr'>φάσκει.</span> <span class='ocrx_word' id='word_1_660' title='bbox 1238 2078 1329 2107; x_wconf 79' lang='grc' dir='ltr'>Ὅθεν.</span> <span class='ocrx_word' id='word_1_661' title='bbox 1343 2078 1380 2109; x_wconf 81' lang='grc' dir='ltr'>ὡς</span> <span class='ocrx_word' id='word_1_662' title='bbox 1393 2078 1424 2113; x_wconf 87' lang='grc' dir='ltr'>δὴ</span> <span class='ocrx_word' id='word_1_663' title='bbox 1439 2077 1560 2104; x_wconf 78' lang='grc' dir='ltr'>τοιοῦτον</span> <span class='ocrx_word' id='word_1_664' title='bbox 1572 2078 1646 2109; x_wconf 75' lang='grc' dir='ltr'>ὄντα,</span> <span class='ocrx_word' id='word_1_665' title='bbox 1656 2078 1702 2103; x_wconf 73' lang='grc' dir='ltr'><strong>καὶ</strong></span> <span class='ocrx_word' id='word_1_666' title='bbox 1717 2078 1787 2103; x_wconf 76' lang='grc' dir='ltr'>κατὰ</span> <span class='ocrx_word' id='word_1_667' title='bbox 1802 2077 1832 2103; x_wconf 79' lang='grc' dir='ltr'>τὸ</span> <span class='ocrx_word' id='word_1_668' title='bbox 1845 2085 1914 2112; x_wconf 80' lang='grc' dir='ltr'>προ-</span> 
     </span>
    </p>
   </div>
   <div class='ocr_carea' id='block_1_91' title="bbox 1115 2123 1914 2160">
    <p class='ocr_par' dir='ltr' id='par_1_91' title="bbox 1115 2123 1914 2160">
     <span class='ocr_line' id='line_1_91' title="bbox 1115 2123 1914 2160; baseline -0.003 -8"><span class='ocrx_word' id='word_1_669' title='bbox 1115 2125 1202 2160; x_wconf 88' lang='grc' dir='ltr'>οίμιον</span> <span class='ocrx_word' id='word_1_670' title='bbox 1215 2144 1221 2155; x_wconf 90' lang='grc'><strong>,</strong></span> <span class='ocrx_word' id='word_1_671' title='bbox 1244 2125 1290 2151; x_wconf 84' lang='grc' dir='ltr'>καὶ</span> <span class='ocrx_word' id='word_1_672' title='bbox 1312 2123 1372 2150; x_wconf 77' lang='grc' dir='ltr'>καθ’</span> <span class='ocrx_word' id='word_1_673' title='bbox 1390 2123 1454 2158; x_wconf 79' lang='grc' dir='ltr'>ὅλην</span> <span class='ocrx_word' id='word_1_674' title='bbox 1471 2123 1522 2159; x_wconf 79' lang='grc' dir='ltr'>τὴν</span> <span class='ocrx_word' id='word_1_675' title='bbox 1543 2123 1669 2159; x_wconf 74' lang='grc' dir='ltr'>γραφὴν,</span> <span class='ocrx_word' id='word_1_676' title='bbox 1686 2123 1847 2158; x_wconf 79' lang='grc' dir='ltr'>Πυθαγόρου</span> <span class='ocrx_word' id='word_1_677' title='bbox 1864 2123 1914 2150; x_wconf 76' lang='grc' dir='ltr'>καὶ</span> 
     </span>
    </p>
   </div>
   <div class='ocr_carea' id='block_1_92' title="bbox 1123 2169 1913 2206">
    <p class='ocr_par' dir='ltr' id='par_1_92' title="bbox 1123 2169 1913 2206">
     <span class='ocr_line' id='line_1_92' title="bbox 1123 2169 1913 2206; baseline -0.001 -9"><span class='ocrx_word' id='word_1_678' title='bbox 1123 2170 1332 2206; x_wconf 75' lang='grc' dir='ltr'>Ἐμπεδοκλέους</span> <span class='ocrx_word' id='word_1_679' title='bbox 1355 2169 1488 2205; x_wconf 79' lang='grc' dir='ltr'>Θειότερόν</span> <span class='ocrx_word' id='word_1_680' title='bbox 1513 2178 1597 2205; x_wconf 81' lang='grc' dir='ltr'>φησι,</span> <span class='ocrx_word' id='word_1_681' title='bbox 1624 2170 1671 2196; x_wconf 55' lang='grc' dir='ltr'><strong>καλ¹</strong></span> <span class='ocrx_word' id='word_1_682' title='bbox 1693 2169 1913 2205; x_wconf 77' lang='grc' dir='ltr'>παρεληλυθέναι</span> 
     </span>
    </p>
   </div>
   <div class='ocr_carea' id='block_1_93' title="bbox 1117 2217 1895 2253">
    <p class='ocr_par' dir='ltr' id='par_1_93' title="bbox 1117 2217 1895 2253">
     <span class='ocr_line' id='line_1_93' title="bbox 1117 2217 1895 2253; baseline 0 -9"><span class='ocrx_word' id='word_1_683' title='bbox 1117 2217 1270 2253; x_wconf 71' lang='grc' dir='ltr'>φιλοσοφίᾳ.</span> <span class='ocrx_word' id='word_1_684' title='bbox 1891 2239 1895 2244; x_wconf 88' lang='grc'>.</span> 
     </span>
    </p>
   </div>
   <div class='ocr_carea' id='block_1_94' title="bbox 275 2260 1912 2297">
    <p class='ocr_par' dir='ltr' id='par_1_94' title="bbox 275 2260 1912 2297">
     <span class='ocr_line' id='line_1_94' title="bbox 275 2260 1912 2297; baseline 0 -8"><span class='ocrx_word' id='word_1_685' title='bbox 275 2261 321 2293; x_wconf 79' lang='lat' dir='ltr'><strong>sit,</strong></span> <span class='ocrx_word' id='word_1_686' title='bbox 334 2260 433 2288; x_wconf 86' lang='lat' dir='ltr'><strong>diserte</strong></span> <span class='ocrx_word' id='word_1_687' title='bbox 445 2261 542 2289; x_wconf 88' lang='lat' dir='ltr'><strong>deinde</strong></span> <span class='ocrx_word' id='word_1_688' title='bbox 567 2262 633 2289; x_wconf 90' lang='lat' dir='ltr'><strong>dicit</strong></span> <span class='ocrx_word' id='word_1_689' title='bbox 652 2263 678 2289; x_wconf 89' lang='lat' dir='ltr'><strong>in</strong></span> <span class='ocrx_word' id='word_1_690' title='bbox 700 2263 798 2289; x_wconf 68' lang='lat' dir='ltr'><strong>coaluin</strong></span> <span class='ocrx_word' id='word_1_691' title='bbox 829 2263 986 2291; x_wconf 76' lang='lat' dir='ltr'><strong>ascendisse</strong></span> <span class='ocrx_word' id='word_1_692' title='bbox 1016 2271 1089 2290; x_wconf 89' lang='lat' dir='ltr'><strong>eum.</strong></span> <span class='ocrx_word' id='word_1_693' title='bbox 1114 2263 1298 2296; x_wconf 83' lang='lat' dir='ltr'><strong>Quamobrem</strong></span> <span class='ocrx_word' id='word_1_694' title='bbox 1316 2270 1395 2294; x_wconf 87' lang='lat' dir='ltr'><strong>eum,</strong></span> <span class='ocrx_word' id='word_1_695' title='bbox 1415 2265 1507 2288; x_wconf 86' lang='lat' dir='ltr'><strong>tantus</strong></span> <span class='ocrx_word' id='word_1_696' title='bbox 1520 2260 1565 2296; x_wconf 89' lang='lat' dir='ltr'><strong>qui</strong></span> <span class='ocrx_word' id='word_1_697' title='bbox 1577 2261 1624 2293; x_wconf 84' lang='lat' dir='ltr'><strong>sit,</strong></span> <span class='ocrx_word' id='word_1_698' title='bbox 1640 2267 1667 2288; x_wconf 86' lang='lat' dir='ltr'><strong>ei</strong></span> <span class='ocrx_word' id='word_1_699' title='bbox 1684 2261 1711 2288; x_wconf 91' lang='lat' dir='ltr'><strong>in</strong></span> <span class='ocrx_word' id='word_1_700' title='bbox 1725 2261 1862 2297; x_wconf 69' lang='lat' dir='ltr'><strong>prooemio</strong></span> <span class='ocrx_word' id='word_1_701' title='bbox 1875 2262 1912 2294; x_wconf 80' lang='lat'><strong>“,</strong></span> 
     </span>
    </p>
   </div>
   <div class='ocr_carea' id='block_1_95' title="bbox 310 2318 1119 2353">
    <p class='ocr_par' dir='ltr' id='par_1_95' title="bbox 310 2318 1119 2353">
     <span class='ocr_line' id='line_1_95' title="bbox 310 2318 1119 2353; baseline 0.005 -8"><span class='ocrx_word' id='word_1_702' title='bbox 310 2318 334 2334; x_wconf 76' lang='lat'>“</span> <span class='ocrx_word' id='word_1_703' title='bbox 354 2319 400 2346; x_wconf 92' lang='lat' dir='ltr'><strong>lib.</strong></span> <span class='ocrx_word' id='word_1_704' title='bbox 419 2328 438 2351; x_wconf 87' lang='lat' dir='ltr'><strong>i,</strong></span> <span class='ocrx_word' id='word_1_705' title='bbox 460 2327 485 2346; x_wconf 88' lang='lat' dir='ltr'><strong>c.</strong></span> <span class='ocrx_word' id='word_1_706' title='bbox 502 2319 529 2346; x_wconf 69' lang='grc' dir='ltr'><strong>Ξ.</strong></span> <span class='ocrx_word' id='word_1_707' title='bbox 567 2320 591 2335; x_wconf 77' lang='grc'><strong>’⁵</strong></span> <span class='ocrx_word' id='word_1_708' title='bbox 612 2320 658 2347; x_wconf 88' lang='lat' dir='ltr'><strong>lib.</strong></span> <span class='ocrx_word' id='word_1_709' title='bbox 678 2328 741 2352; x_wconf 87' lang='lat' dir='ltr'><strong>vui,</strong></span> <span class='ocrx_word' id='word_1_710' title='bbox 760 2328 785 2347; x_wconf 91' lang='lat' dir='ltr'><strong>c.</strong></span> <span class='ocrx_word' id='word_1_711' title='bbox 803 2320 849 2348; x_wconf 65' lang='grc' dir='ltr'><strong>ἓξ).</strong></span> <span class='ocrx_word' id='word_1_712' title='bbox 886 2321 909 2336; x_wconf 78' lang='grc'><strong>⁸⁸</strong></span> <span class='ocrx_word' id='word_1_713' title='bbox 930 2321 976 2348; x_wconf 89' lang='lat' dir='ltr'><strong>lib.</strong></span> <span class='ocrx_word' id='word_1_714' title='bbox 997 2329 1021 2353; x_wconf 88' lang='lat' dir='ltr'><strong>i,</strong></span> <span class='ocrx_word' id='word_1_715' title='bbox 1049 2330 1075 2350; x_wconf 90' lang='lat' dir='ltr'><strong>c.</strong></span> <span class='ocrx_word' id='word_1_716' title='bbox 1092 2322 1119 2349; x_wconf 73' lang='grc'><strong>2.</strong></span> 
     </span>
    </p>
   </div>
   <div class='ocr_carea' id='block_1_96' title="bbox 309 2377 1068 2415">
    <p class='ocr_par' dir='ltr' id='par_1_96' title="bbox 309 2378 1064 2415">
     <span class='ocr_line' id='line_1_96' title="bbox 309 2378 1064 2415; baseline 0.004 -12"><span class='ocrx_word' id='word_1_717' title='bbox 309 2378 376 2411; x_wconf 77' lang='grc'><strong>(10⁸)</strong></span> <span class='ocrx_word' id='word_1_718' title='bbox 398 2378 642 2415; x_wconf 61' lang='grc' dir='ltr'>ιζεπειρασμένοι.</span> <span class='ocrx_word' id='word_1_719' title='bbox 663 2378 732 2414; x_wconf 81' lang='lat' dir='ltr'><strong>Lege</strong></span> <span class='ocrx_word' id='word_1_720' title='bbox 753 2379 957 2415; x_wconf 75' lang='grc' dir='ltr'>πεπειραμένοι,</span> <span class='ocrx_word' id='word_1_721' title='bbox 975 2387 990 2406; x_wconf 88' lang='lat' dir='ltr'><strong>a</strong></span> <span class='ocrx_word' id='word_1_722' title='bbox 1004 2388 1064 2406; x_wconf 83' lang='grc' dir='ltr'>πει--</span> 
     </span>
    </p>
   </div>
   <div class='ocr_carea' id='block_1_97' title="bbox 1120 2377 1911 2415">
    <p class='ocr_par' dir='ltr' id='par_1_97' title="bbox 1120 2377 1911 2415">
     <span class='ocr_line' id='line_1_97' title="bbox 1120 2377 1911 2415; baseline -0.004 -9"><span class='ocrx_word' id='word_1_723' title='bbox 1120 2380 1229 2415; x_wconf 71' lang='grc' dir='ltr'>Ιρεηιιιιιι</span> <span class='ocrx_word' id='word_1_724' title='bbox 1240 2378 1372 2405; x_wconf 86' lang='lat' dir='ltr'><strong>adversus</strong></span> <span class='ocrx_word' id='word_1_725' title='bbox 1388 2378 1519 2415; x_wconf 72' lang='lat' dir='ltr'><strong>ciconiae.</strong></span> <span class='ocrx_word' id='word_1_726' title='bbox 1531 2377 1593 2413; x_wconf 84' lang='lat' dir='ltr'><strong>Lyci</strong></span> <span class='ocrx_word' id='word_1_727' title='bbox 1612 2377 1911 2415; x_wconf 20' lang='lat' dir='ltr'><strong>(luiviicxund..tiones.</strong></span> 
     </span>
    </p>
   </div>
   <div class='ocr_carea' id='block_1_98' title="bbox 299 2413 482 2440">
    <p class='ocr_par' dir='ltr' id='par_1_98' title="bbox 299 2413 482 2440">
     <span class='ocr_line' id='line_1_98' title="bbox 299 2413 482 2440; baseline 0.005 -1"><span class='ocrx_word' id='word_1_728' title='bbox 299 2413 385 2440; x_wconf 75' lang='lat' dir='ltr'><strong>iouai.</strong></span> <span class='ocrx_word' id='word_1_729' title='bbox 404 2413 482 2440; x_wconf 79' lang='grc' dir='ltr'>Ευιτ.</span> 
     </span>
    </p>
   </div>
   <div class='ocr_carea' id='block_1_99' title="bbox 275 2421 1063 2485">
    <p class='ocr_par' dir='ltr' id='par_1_99' title="bbox 275 2421 1063 2485">
     <span class='ocr_line' id='line_1_99' title="bbox 275 2421 482 2449; baseline 0.005 -10"><span class='ocrx_word' id='word_1_730' title='bbox 275 2421 385 2449; x_wconf 82' lang='grc' dir='ltr'>ραομαι.</span> <span class='ocrx_word' id='word_1_731' title='bbox 404 2421 482 2440; x_wconf 76' lang='lat' dir='ltr'><strong>mur.</strong></span> 
     </span>
     <span class='ocr_line' id='line_1_100' title="bbox 309 2448 1063 2485; baseline 0.004 -11"><span class='ocrx_word' id='word_1_732' title='bbox 309 2449 364 2485; x_wconf 71' lang='lat' dir='ltr'><strong>(ti)</strong></span> <span class='ocrx_word' id='word_1_733' title='bbox 386 2448 420 2475; x_wconf 73' lang='grc' dir='ltr'><strong>ΟΣ</strong></span> <span class='ocrx_word' id='word_1_734' title='bbox 433 2448 606 2483; x_wconf 77' lang='grc' dir='ltr'>περιέργους</span> <span class='ocrx_word' id='word_1_735' title='bbox 617 2448 767 2485; x_wconf 78' lang='grc' dir='ltr'><strong>μηχανάς.</strong></span> <span class='ocrx_word' id='word_1_736' title='bbox 788 2448 978 2485; x_wconf 70' lang='lat' dir='ltr'><strong>lntellignntiir</strong></span> <span class='ocrx_word' id='word_1_737' title='bbox 989 2450 1063 2477; x_wconf 80' lang='grc' dir='ltr'>τελε-</span> 
     </span>
    </p>
   </div>
   <div class='ocr_carea' id='block_1_100' title="bbox 274 2484 1064 2519">
    <p class='ocr_par' dir='ltr' id='par_1_100' title="bbox 274 2484 1064 2519">
     <span class='ocr_line' id='line_1_101' title="bbox 274 2484 1064 2519; baseline 0.003 -9"><span class='ocrx_word' id='word_1_738' title='bbox 274 2484 365 2515; x_wconf 79' lang='grc' dir='ltr'>στικά,</span> <span class='ocrx_word' id='word_1_739' title='bbox 376 2491 436 2519; x_wconf 79' lang='lat' dir='ltr'><strong>qua:</strong></span> <span class='ocrx_word' id='word_1_740' title='bbox 446 2485 546 2518; x_wconf 85' lang='lat' dir='ltr'><strong>passim</strong></span> <span class='ocrx_word' id='word_1_741' title='bbox 563 2485 588 2511; x_wconf 94' lang='lat' dir='ltr'><strong>in</strong></span> <span class='ocrx_word' id='word_1_742' title='bbox 609 2484 723 2512; x_wconf 85' lang='lat' dir='ltr'><strong>urbibus</strong></span> <span class='ocrx_word' id='word_1_743' title='bbox 739 2485 811 2512; x_wconf 72' lang='lat' dir='ltr'><strong>Asiae</strong></span> <span class='ocrx_word' id='word_1_744' title='bbox 824 2490 850 2512; x_wconf 88' lang='lat' dir='ltr'><strong>et</strong></span> <span class='ocrx_word' id='word_1_745' title='bbox 866 2484 976 2512; x_wconf 62' lang='lat' dir='ltr'><strong>Graeciae</strong></span> <span class='ocrx_word' id='word_1_746' title='bbox 991 2486 1064 2513; x_wconf 83' lang='lat' dir='ltr'><strong>inve-</strong></span> 
     </span>
    </p>
   </div>
   <div class='ocr_carea' id='block_1_101' title="bbox 274 2519 1064 2554">
    <p class='ocr_par' dir='ltr' id='par_1_101' title="bbox 274 2519 1064 2554">
     <span class='ocr_line' id='line_1_102' title="bbox 274 2519 1064 2554; baseline 0.005 -9"><span class='ocrx_word' id='word_1_747' title='bbox 274 2519 429 2549; x_wconf 81' lang='lat' dir='ltr'><strong>niebantur,</strong></span> <span class='ocrx_word' id='word_1_748' title='bbox 446 2527 507 2554; x_wconf 67' lang='lat' dir='ltr'><strong>quae</strong></span> <span class='ocrx_word' id='word_1_749' title='bbox 531 2520 666 2554; x_wconf 85' lang='lat' dir='ltr'><strong>Apollonii</strong></span> <span class='ocrx_word' id='word_1_750' title='bbox 688 2521 769 2554; x_wconf 81' lang='lat' dir='ltr'><strong>vulgo</strong></span> <span class='ocrx_word' id='word_1_751' title='bbox 790 2520 898 2548; x_wconf 87' lang='lat' dir='ltr'><strong>Eusebii</strong></span> <span class='ocrx_word' id='word_1_752' title='bbox 925 2529 981 2547; x_wconf 65' lang='lat' dir='ltr'><strong>aevo</strong></span> <span class='ocrx_word' id='word_1_753' title='bbox 1003 2529 1064 2549; x_wconf 84' lang='lat' dir='ltr'><strong>esse</strong></span> 
     </span>
    </p>
   </div>
   <div class='ocr_carea' id='block_1_102' title="bbox 273 2554 1063 2589">
    <p class='ocr_par' dir='ltr' id='par_1_102' title="bbox 273 2554 1063 2589">
     <span class='ocr_line' id='line_1_103' title="bbox 273 2554 1063 2589; baseline 0.001 -9"><span class='ocrx_word' id='word_1_754' title='bbox 273 2554 466 2586; x_wconf 82' lang='lat' dir='ltr'><strong>credebantur,</strong></span> <span class='ocrx_word' id='word_1_755' title='bbox 486 2555 600 2589; x_wconf 74' lang='lat' dir='ltr'><strong>ejusque</strong></span> <span class='ocrx_word' id='word_1_756' title='bbox 628 2556 695 2582; x_wconf 87' lang='lat' dir='ltr'><strong>adeo</strong></span> <span class='ocrx_word' id='word_1_757' title='bbox 725 2554 886 2582; x_wconf 83' lang='lat' dir='ltr'><strong>di&#39;cebantur</strong></span> <span class='ocrx_word' id='word_1_758' title='bbox 912 2563 994 2587; x_wconf 85' lang='lat' dir='ltr'><strong>esse;</strong></span> <span class='ocrx_word' id='word_1_759' title='bbox 1013 2557 1063 2582; x_wconf 87' lang='lat' dir='ltr'><strong>hoc</strong></span> 
     </span>
    </p>
   </div>
   <div class='ocr_carea' id='block_1_103' title="bbox 273 2589 1064 2626">
    <p class='ocr_par' dir='ltr' id='par_1_103' title="bbox 273 2589 1064 2626">
     <span class='ocr_line' id='line_1_104' title="bbox 273 2589 1064 2626; baseline 0.001 -10"><span class='ocrx_word' id='word_1_760' title='bbox 273 2589 344 2616; x_wconf 88' lang='lat' dir='ltr'><strong>enim</strong></span> <span class='ocrx_word' id='word_1_761' title='bbox 374 2593 423 2626; x_wconf 12' lang='lat' dir='ltr'><strong>esti</strong></span> <span class='ocrx_word' id='word_1_762' title='bbox 439 2591 510 2626; x_wconf 64' lang='lat' dir='ltr'><strong>quod</strong></span> <span class='ocrx_word' id='word_1_763' title='bbox 537 2591 622 2622; x_wconf 80' lang='lat' dir='ltr'><strong>addit,</strong></span> <span class='ocrx_word' id='word_1_764' title='bbox 635 2592 667 2626; x_wconf 86' lang='grc' dir='ltr'>τῇ</span> <span class='ocrx_word' id='word_1_765' title='bbox 695 2590 742 2617; x_wconf 80' lang='grc' dir='ltr'>τοῦ</span> <span class='ocrx_word' id='word_1_766' title='bbox 770 2590 865 2626; x_wconf 83' lang='grc' dir='ltr'>ἀνδρὸς</span> <span class='ocrx_word' id='word_1_767' title='bbox 882 2591 1064 2626; x_wconf 76' lang='grc' dir='ltr'>ἀνακειμένας</span> 
     </span>
    </p>
   </div>
   <div class='ocr_carea' id='block_1_104' title="bbox 274 2625 1064 2688">
    <p class='ocr_par' dir='ltr' id='par_1_104' title="bbox 274 2625 1064 2688">
     <span class='ocr_line' id='line_1_105' title="bbox 275 2625 1064 2685; baseline 0.003 -35"><span class='ocrx_word' id='word_1_768' title='bbox 275 2625 453 2685; x_wconf 57' lang='grc' dir='ltr'>προσηγορίᾳ.</span> <span class='ocrx_word' id='word_1_769' title='bbox 472 2625 577 2652; x_wconf 83' lang='lat' dir='ltr'><strong>Talium</strong></span> <span class='ocrx_word' id='word_1_770' title='bbox 595 2626 621 2652; x_wconf 87' lang='lat' dir='ltr'><strong>in</strong></span> <span class='ocrx_word' id='word_1_771' title='bbox 639 2626 689 2652; x_wconf 85' lang='lat' dir='ltr'><strong>hac</strong></span> <span class='ocrx_word' id='word_1_772' title='bbox 709 2626 766 2659; x_wconf 83' lang='lat' dir='ltr'><strong>ipsa</strong></span> <span class='ocrx_word' id='word_1_773' title='bbox 779 2625 892 2652; x_wconf 74' lang='lat' dir='ltr'><strong>historia</strong></span> <span class='ocrx_word' id='word_1_774' title='bbox 909 2628 937 2652; x_wconf 87' lang='lat' dir='ltr'><strong>lit</strong></span> <span class='ocrx_word' id='word_1_775' title='bbox 952 2627 1064 2657; x_wconf 83' lang='lat' dir='ltr'><strong>mentio,</strong></span> 
     </span>
     <span class='ocr_line' id='line_1_106' title="bbox 274 2659 1064 2688; baseline 0.004 -3"><span class='ocrx_word' id='word_1_776' title='bbox 274 2659 292 2685; x_wconf 89' lang='lat' dir='ltr'><strong>li</strong></span> <span class='ocrx_word' id='word_1_777' title='bbox 317 2680 322 2685; x_wconf 95' lang='lat'><strong>.</strong></span> <span class='ocrx_word' id='word_1_778' title='bbox 341 2667 378 2688; x_wconf 81' lang='lat' dir='ltr'><strong>iv.</strong></span> <span class='ocrx_word' id='word_1_779' title='bbox 402 2668 461 2688; x_wconf 77' lang='lat' dir='ltr'><strong>run.</strong></span> <span class='ocrx_word' id='word_1_780' title='bbox 481 2661 522 2687; x_wconf 78' lang='lat' dir='ltr'><strong>it).</strong></span> <span class='ocrx_word' id='word_1_781' title='bbox 540 2660 620 2687; x_wconf 83' lang='lat' dir='ltr'><strong>Plura</strong></span> <span class='ocrx_word' id='word_1_782' title='bbox 643 2665 732 2688; x_wconf 83' lang='lat' dir='ltr'><strong>autem</strong></span> <span class='ocrx_word' id='word_1_783' title='bbox 748 2662 781 2688; x_wconf 90' lang='lat' dir='ltr'><strong>de</strong></span> <span class='ocrx_word' id='word_1_784' title='bbox 797 2661 830 2687; x_wconf 87' lang='lat' dir='ltr'><strong>iis</strong></span> <span class='ocrx_word' id='word_1_785' title='bbox 847 2661 928 2688; x_wconf 77' lang='lat' dir='ltr'><strong>habet</strong></span> <span class='ocrx_word' id='word_1_786' title='bbox 945 2660 1064 2688; x_wconf 80' lang='lat' dir='ltr'><strong>Joannes</strong></span> 
     </span>
    </p>
   </div>
   <div class='ocr_carea' id='block_1_105' title="bbox 317 2669 1065 2689">
    <p class='ocr_par' dir='ltr' id='par_1_105' title="bbox 317 2669 1065 2689">
     <span class='ocr_line' id='line_1_107' title="bbox 317 2669 1065 2689; baseline 0.004 -4"><span class='ocrx_word' id='word_1_787' title='bbox 317 2680 322 2685; x_wconf 95' lang='lat'><strong>.</strong></span> <span class='ocrx_word' id='word_1_788' title='bbox 342 2669 378 2689; x_wconf 86' lang='grc' dir='ltr'><strong>ιν,</strong></span> <span class='ocrx_word' id='word_1_789' title='bbox 402 2669 461 2689; x_wconf 69' lang='grc' dir='ltr'><strong>(Ἧι).</strong></span> <span class='ocrx_word' id='word_1_790' title='bbox 481 2669 522 2687; x_wconf 83' lang='grc' dir='ltr'><strong>Ιυ.</strong></span> <span class='ocrx_word' id='word_1_791' title='bbox 540 2669 620 2687; x_wconf 74' lang='lat' dir='ltr'><strong>l’llll&#39;ﬂ</strong></span> <span class='ocrx_word' id='word_1_792' title='bbox 643 2669 732 2688; x_wconf 82' lang='lat' dir='ltr'><strong>autem</strong></span> <span class='ocrx_word' id='word_1_793' title='bbox 748 2669 781 2688; x_wconf 87' lang='lat' dir='ltr'><strong>ue</strong></span> <span class='ocrx_word' id='word_1_794' title='bbox 797 2669 830 2687; x_wconf 84' lang='lat' dir='ltr'><strong>IIS</strong></span> <span class='ocrx_word' id='word_1_795' title='bbox 847 2669 928 2688; x_wconf 74' lang='lat' dir='ltr'><strong>nubet</strong></span> <span class='ocrx_word' id='word_1_796' title='bbox 945 2669 1065 2688; x_wconf 78' lang='lat' dir='ltr'><strong>Joannes</strong></span> 
     </span>
    </p>
   </div>
   <div class='ocr_carea' id='block_1_106' title="bbox 274 2668 1061 2731">
    <p class='ocr_par' dir='ltr' id='par_1_106' title="bbox 274 2668 1061 2731">
     <span class='ocr_line' id='line_1_108' title="bbox 275 2668 1061 2694; baseline 0.004 -9"><span class='ocrx_word' id='word_1_797' title='bbox 275 2668 322 2685; x_wconf 89' lang='lat' dir='ltr'><strong>nn.</strong></span> <span class='ocrx_word' id='word_1_798' title='bbox 341 2668 378 2689; x_wconf 83' lang='lat' dir='ltr'><strong>iv,</strong></span> <span class='ocrx_word' id='word_1_799' title='bbox 402 2668 461 2694; x_wconf 70' lang='lat' dir='ltr'><strong>cap.</strong></span> <span class='ocrx_word' id='word_1_800' title='bbox 481 2668 522 2687; x_wconf 87' lang='grc' dir='ltr'>ιυ.</span> <span class='ocrx_word' id='word_1_801' title='bbox 540 2668 620 2687; x_wconf 78' lang='lat' dir='ltr'><strong>rutra</strong></span> <span class='ocrx_word' id='word_1_802' title='bbox 643 2668 732 2688; x_wconf 83' lang='lat' dir='ltr'><strong>autem</strong></span> <span class='ocrx_word' id='word_1_803' title='bbox 748 2668 781 2688; x_wconf 85' lang='lat' dir='ltr'><strong>ue</strong></span> <span class='ocrx_word' id='word_1_804' title='bbox 797 2669 830 2687; x_wconf 84' lang='lat' dir='ltr'><strong>iis</strong></span> <span class='ocrx_word' id='word_1_805' title='bbox 847 2668 928 2688; x_wconf 75' lang='lat' dir='ltr'><strong>nubet</strong></span> <span class='ocrx_word' id='word_1_806' title='bbox 945 2668 1061 2688; x_wconf 70' lang='lat' dir='ltr'><strong>Joannes</strong></span> 
     </span>
     <span class='ocr_line' id='line_1_109' title="bbox 274 2693 1061 2731; baseline 0.003 -11"><span class='ocrx_word' id='word_1_807' title='bbox 274 2693 460 2721; x_wconf 81' lang='lat' dir='ltr'><strong>Antiochenus</strong></span> <span class='ocrx_word' id='word_1_808' title='bbox 487 2696 513 2722; x_wconf 93' lang='lat' dir='ltr'><strong>in</strong></span> <span class='ocrx_word' id='word_1_809' title='bbox 537 2695 694 2730; x_wconf 82' lang='lat' dir='ltr'><strong>C/irmwgr..</strong></span> <span class='ocrx_word' id='word_1_810' title='bbox 712 2704 773 2731; x_wconf 85' lang='lat' dir='ltr'><strong>pag.</strong></span> <span class='ocrx_word' id='word_1_811' title='bbox 790 2696 853 2728; x_wconf 72' lang='grc'><strong>542,</strong></span> <span class='ocrx_word' id='word_1_812' title='bbox 869 2705 948 2731; x_wconf 85' lang='lat' dir='ltr'><strong>quem</strong></span> <span class='ocrx_word' id='word_1_813' title='bbox 972 2697 1061 2724; x_wconf 90' lang='lat' dir='ltr'><strong>locum</strong></span> 
     </span>
    </p>
   </div>
   <div class='ocr_carea' id='block_1_107' title="bbox 275 2730 1064 2766">
    <p class='ocr_par' dir='ltr' id='par_1_107' title="bbox 275 2730 1064 2766">
     <span class='ocr_line' id='line_1_110' title="bbox 275 2730 1064 2766; baseline 0.005 -12"><span class='ocrx_word' id='word_1_814' title='bbox 275 2730 447 2766; x_wconf 78' lang='lat' dir='ltr'><strong>transr_ripsit</strong></span> <span class='ocrx_word' id='word_1_815' title='bbox 472 2731 552 2757; x_wconf 81' lang='lat' dir='ltr'><strong>etiam</strong></span> <span class='ocrx_word' id='word_1_816' title='bbox 570 2736 665 2758; x_wconf 85' lang='lat' dir='ltr'><strong>auctor</strong></span> <span class='ocrx_word' id='word_1_817' title='bbox 681 2730 804 2758; x_wconf 71' lang='grc' dir='ltr'><strong>ϐῆνοῇἰεὶ</strong></span> <span class='ocrx_word' id='word_1_818' title='bbox 824 2730 900 2766; x_wconf 61' lang='lat' dir='ltr'><strong>Alei.</strong></span> <span class='ocrx_word' id='word_1_819' title='bbox 918 2731 957 2758; x_wconf 76' lang='lat' dir='ltr'><strong>Eii</strong></span> <span class='ocrx_word' id='word_1_820' title='bbox 981 2732 1064 2759; x_wconf 82' lang='lat' dir='ltr'><strong>verba</strong></span> 
     </span>
    </p>
   </div>
   <div class='ocr_carea' id='block_1_108' title="bbox 275 2763 1063 2801">
    <p class='ocr_par' dir='ltr' id='par_1_108' title="bbox 275 2763 1063 2801">
     <span class='ocr_line' id='line_1_111' title="bbox 275 2763 1063 2801; baseline 0.005 -12"><span class='ocrx_word' id='word_1_821' title='bbox 275 2763 336 2801; x_wconf 80' lang='lat' dir='ltr'><strong>ejus</strong></span> <span class='ocrx_word' id='word_1_822' title='bbox 353 2763 416 2791; x_wconf 74' lang='grc' dir='ltr'><strong>εἯν</strong></span> <span class='ocrx_word' id='word_1_823' title='bbox 432 2765 460 2791; x_wconf 84' lang='grc' dir='ltr'>δὲ</span> <span class='ocrx_word' id='word_1_824' title='bbox 476 2767 532 2801; x_wconf 72' lang='grc' dir='ltr'>τοῖς</span> <span class='ocrx_word' id='word_1_825' title='bbox 548 2766 653 2801; x_wconf 82' lang='grc' dir='ltr'>χρόνοις</span> <span class='ocrx_word' id='word_1_826' title='bbox 666 2767 796 2801; x_wconf 76' lang='grc' dir='ltr'>βασιλέως</span> <span class='ocrx_word' id='word_1_827' title='bbox 812 2763 977 2801; x_wconf 64' lang='grc' dir='ltr'>Δομετιανοῦ</span> <span class='ocrx_word' id='word_1_828' title='bbox 993 2769 1006 2793; x_wconf 89' lang='grc' dir='ltr'><strong>ὀ</strong></span> <span class='ocrx_word' id='word_1_829' title='bbox 1019 2776 1063 2793; x_wconf 82' lang='grc' dir='ltr'><strong>σο·</strong></span> 
     </span>
    </p>
   </div>
   <div class='ocr_carea' id='block_1_109' title="bbox 277 2797 1065 2838">
    <p class='ocr_par' dir='ltr' id='par_1_109' title="bbox 277 2797 1065 2838">
     <span class='ocr_line' id='line_1_112' title="bbox 277 2797 1065 2838; baseline 0.008 -15"><span class='ocrx_word' id='word_1_830' title='bbox 277 2797 398 2838; x_wconf 60' lang='grc' dir='ltr'>φῴτατος</span> <span class='ocrx_word' id='word_1_831' title='bbox 419 2797 624 2838; x_wconf 53' lang='grc' dir='ltr'>Ἀπολλώνιοςᾲὸ</span> <span class='ocrx_word' id='word_1_832' title='bbox 639 2797 769 2838; x_wconf 76' lang='grc' dir='ltr'>Τυανεὺς,</span> <span class='ocrx_word' id='word_1_833' title='bbox 785 2797 832 2829; x_wconf 74' lang='grc' dir='ltr'><strong>καὶ</strong></span> <span class='ocrx_word' id='word_1_834' title='bbox 851 2797 963 2838; x_wconf 74' lang='grc' dir='ltr'>’ἤκμαζε</span> <span class='ocrx_word' id='word_1_835' title='bbox 987 2811 1065 2838; x_wconf 82' lang='grc' dir='ltr'>περι-</span> 
     </span>
    </p>
   </div>
   <div class='ocr_carea' id='block_1_110' title="bbox 277 2832 1066 2871">
    <p class='ocr_par' dir='ltr' id='par_1_110' title="bbox 277 2832 1066 2871">
     <span class='ocr_line' id='line_1_113' title="bbox 277 2832 1066 2871; baseline 0.009 -14"><span class='ocrx_word' id='word_1_836' title='bbox 277 2832 396 2871; x_wconf 60' lang='grc' dir='ltr'>ττολεύῳν</span> <span class='ocrx_word' id='word_1_837' title='bbox 410 2836 456 2871; x_wconf 83' lang='grc' dir='ltr'>καὶ</span> <span class='ocrx_word' id='word_1_838' title='bbox 467 2836 608 2871; x_wconf 7' lang='grc' dir='ltr'>,πανταχοῦ</span> <span class='ocrx_word' id='word_1_839' title='bbox 623 2837 707 2863; x_wconf 80' lang='grc' dir='ltr'>ποιῶν</span> <span class='ocrx_word' id='word_1_840' title='bbox 728 2832 879 2871; x_wconf 73' lang='grc' dir='ltr'>τελέσματὰ</span> <span class='ocrx_word' id='word_1_841' title='bbox 894 2832 1001 2869; x_wconf 46' lang='grc' dir='ltr'>εἰς-τὰς</span> <span class='ocrx_word' id='word_1_842' title='bbox 1017 2832 1066 2864; x_wconf 69' lang='grc' dir='ltr'><strong>’ἕιὸ-</strong></span> 
     </span>
    </p>
   </div>
   <div class='ocr_carea' id='block_1_111' title="bbox 277 2867 1065 2909">
    <p class='ocr_par' dir='ltr' id='par_1_111' title="bbox 277 2867 1065 2909">
     <span class='ocr_line' id='line_1_114' title="bbox 277 2867 1065 2909; baseline 0.008 -14"><span class='ocrx_word' id='word_1_843' title='bbox 277 2867 332 2901; x_wconf 71' lang='grc' dir='ltr'>ὶεις</span> <span class='ocrx_word' id='word_1_844' title='bbox 342 2868 434 2901; x_wconf 57' lang='lat' dir='ltr'><strong>miri;</strong></span> <span class='ocrx_word' id='word_1_845' title='bbox 445 2870 494 2901; x_wconf 81' lang='grc' dir='ltr'><strong>τὰς</strong></span> <span class='ocrx_word' id='word_1_846' title='bbox 507 2867 608 2909; x_wconf 69' lang='grc' dir='ltr'>χώρας.</span> <span class='ocrx_word' id='word_1_847' title='bbox 620 2872 683 2900; x_wconf 88' lang='lat' dir='ltr'><strong>Inde</strong></span> <span class='ocrx_word' id='word_1_848' title='bbox 697 2877 789 2900; x_wconf 87' lang='lat' dir='ltr'><strong>narrat</strong></span> <span class='ocrx_word' id='word_1_849' title='bbox 805 2867 932 2908; x_wconf 72' lang='lat' dir='ltr'><strong>Byzantii</strong></span> <span class='ocrx_word' id='word_1_850' title='bbox 944 2867 1005 2901; x_wconf 80' lang='lat' dir='ltr'><strong>eum</strong></span> <span class='ocrx_word' id='word_1_851' title='bbox 1025 2877 1065 2900; x_wconf 84' lang='lat' dir='ltr'><strong>tc-</strong></span> 
     </span>
    </p>
   </div>
   <div class='ocr_carea' id='block_1_112' title="bbox 1115 2414 1913 2448">
    <p class='ocr_par' dir='ltr' id='par_1_112' title="bbox 1115 2414 1913 2448">
     <span class='ocr_line' id='line_1_115' title="bbox 1115 2414 1913 2448; baseline 0 -7"><span class='ocrx_word' id='word_1_852' title='bbox 1115 2414 1466 2448; x_wconf 78' lang='lat' dir='ltr'><strong>testudinesitem.ctequus</strong></span> <span class='ocrx_word' id='word_1_853' title='bbox 1474 2414 1635 2441; x_wconf 79' lang='lat' dir='ltr'><strong>ferocientes</strong></span> <span class='ocrx_word' id='word_1_854' title='bbox 1643 2414 1750 2441; x_wconf 55' lang='lat' dir='ltr'><strong>fecisse.</strong></span> <span class='ocrx_word' id='word_1_855' title='bbox 1759 2414 1913 2441; x_wconf 78' lang='lat' dir='ltr'><strong>Antiochia:</strong></span> 
     </span>
    </p>
   </div>
   <div class='ocr_carea' id='block_1_113' title="bbox 1117 2449 1912 2484">
    <p class='ocr_par' dir='ltr' id='par_1_113' title="bbox 1117 2449 1912 2484">
     <span class='ocr_line' id='line_1_116' title="bbox 1117 2449 1912 2484; baseline 0 -8"><span class='ocrx_word' id='word_1_856' title='bbox 1117 2451 1149 2476; x_wconf 85' lang='lat' dir='ltr'><strong>ad</strong></span> <span class='ocrx_word' id='word_1_857' title='bbox 1168 2454 1272 2484; x_wconf 87' lang='lat' dir='ltr'><strong>portam</strong></span> <span class='ocrx_word' id='word_1_858' title='bbox 1289 2449 1363 2476; x_wconf 91' lang='lat' dir='ltr'><strong>urbis</strong></span> <span class='ocrx_word' id='word_1_859' title='bbox 1379 2449 1540 2484; x_wconf 72' lang='lat' dir='ltr'><strong>orientalem</strong></span> <span class='ocrx_word' id='word_1_860' title='bbox 1561 2449 1671 2476; x_wconf 68' lang='lat' dir='ltr'><strong>tolesma</strong></span> <span class='ocrx_word' id='word_1_861' title='bbox 1688 2453 1784 2475; x_wconf 87' lang='lat' dir='ltr'><strong>contra</strong></span> <span class='ocrx_word' id='word_1_862' title='bbox 1798 2453 1912 2476; x_wconf 85' lang='lat' dir='ltr'><strong>ventum</strong></span> 
     </span>
    </p>
   </div>
   <div class='ocr_carea' id='block_1_114' title="bbox 1118 2483 1913 2520">
    <p class='ocr_par' dir='ltr' id='par_1_114' title="bbox 1118 2483 1913 2520">
     <span class='ocr_line' id='line_1_117' title="bbox 1118 2483 1913 2520; baseline -0.001 -8"><span class='ocrx_word' id='word_1_863' title='bbox 1118 2483 1302 2520; x_wconf 84' lang='lat' dir='ltr'><strong>aquilonarein</strong></span> <span class='ocrx_word' id='word_1_864' title='bbox 1324 2484 1458 2520; x_wconf 77' lang='lat' dir='ltr'><strong>posuisse.</strong></span> <span class='ocrx_word' id='word_1_865' title='bbox 1469 2483 1577 2520; x_wconf 21' lang='lat' dir='ltr'><strong>rFusum</strong></span> <span class='ocrx_word' id='word_1_866' title='bbox 1602 2484 1665 2510; x_wconf 83' lang='lat' dir='ltr'><strong>item</strong></span> <span class='ocrx_word' id='word_1_867' title='bbox 1686 2492 1718 2510; x_wconf 85' lang='lat' dir='ltr'><strong>ex</strong></span> <span class='ocrx_word' id='word_1_868' title='bbox 1741 2492 1804 2511; x_wconf 87' lang='lat' dir='ltr'><strong>aere</strong></span> <span class='ocrx_word' id='word_1_869' title='bbox 1831 2492 1913 2511; x_wconf 84' lang='lat' dir='ltr'><strong>scor-</strong></span> 
     </span>
    </p>
   </div>
   <div class='ocr_carea' id='block_1_115' title="bbox 1118 2519 1913 2555">
    <p class='ocr_par' dir='ltr' id='par_1_115' title="bbox 1118 2519 1913 2555">
     <span class='ocr_line' id='line_1_118' title="bbox 1118 2519 1913 2555; baseline -0.001 -8"><span class='ocrx_word' id='word_1_870' title='bbox 1118 2519 1191 2555; x_wconf 82' lang='lat' dir='ltr'><strong>pium</strong></span> <span class='ocrx_word' id='word_1_871' title='bbox 1208 2520 1234 2546; x_wconf 88' lang='lat' dir='ltr'><strong>iii</strong></span> <span class='ocrx_word' id='word_1_872' title='bbox 1251 2519 1315 2545; x_wconf 84' lang='lat' dir='ltr'><strong>urbe</strong></span> <span class='ocrx_word' id='word_1_873' title='bbox 1328 2519 1415 2546; x_wconf 88' lang='lat' dir='ltr'><strong>media</strong></span> <span class='ocrx_word' id='word_1_874' title='bbox 1430 2519 1576 2548; x_wconf 80' lang='lat' dir='ltr'><strong>defodisse.</strong></span> <span class='ocrx_word' id='word_1_875' title='bbox 1589 2519 1799 2553; x_wconf 88' lang='lat' dir='ltr'><strong>columnamque</strong></span> <span class='ocrx_word' id='word_1_876' title='bbox 1813 2520 1837 2546; x_wconf 88' lang='lat' dir='ltr'><strong>ei</strong></span> <span class='ocrx_word' id='word_1_877' title='bbox 1849 2527 1913 2554; x_wconf 83' lang='lat' dir='ltr'><strong>par—</strong></span> 
     </span>
    </p>
   </div>
   <div class='ocr_carea' id='block_1_116' title="bbox 1118 2554 1914 2589">
    <p class='ocr_par' dir='ltr' id='par_1_116' title="bbox 1118 2554 1914 2589">
     <span class='ocr_line' id='line_1_119' title="bbox 1118 2554 1914 2589; baseline 0.001 -8"><span class='ocrx_word' id='word_1_878' title='bbox 1118 2554 1177 2582; x_wconf 74' lang='lat' dir='ltr'><strong>vam</strong></span> <span class='ocrx_word' id='word_1_879' title='bbox 1198 2554 1371 2589; x_wconf 86' lang='lat' dir='ltr'><strong>imposuisse,</strong></span> <span class='ocrx_word' id='word_1_880' title='bbox 1387 2555 1459 2589; x_wconf 90' lang='lat' dir='ltr'><strong>quod</strong></span> <span class='ocrx_word' id='word_1_881' title='bbox 1475 2563 1571 2582; x_wconf 90' lang='lat' dir='ltr'><strong>omnes</strong></span> <span class='ocrx_word' id='word_1_882' title='bbox 1583 2554 1707 2588; x_wconf 87' lang='lat' dir='ltr'><strong>scorpios</strong></span> <span class='ocrx_word' id='word_1_883' title='bbox 1721 2555 1855 2588; x_wconf 80' lang='lat' dir='ltr'><strong>fugaverit</strong></span> <span class='ocrx_word' id='word_1_884' title='bbox 1870 2559 1914 2582; x_wconf 84' lang='lat' dir='ltr'><strong>te-</strong></span> 
     </span>
    </p>
   </div>
   <div class='ocr_carea' id='block_1_117' title="bbox 1120 2589 1911 2624">
    <p class='ocr_par' dir='ltr' id='par_1_117' title="bbox 1120 2589 1911 2624">
     <span class='ocr_line' id='line_1_120' title="bbox 1120 2589 1911 2624; baseline -0.001 -7"><span class='ocrx_word' id='word_1_885' title='bbox 1120 2591 1214 2618; x_wconf 77' lang='lat' dir='ltr'><strong>lesma.</strong></span> <span class='ocrx_word' id='word_1_886' title='bbox 1234 2590 1313 2615; x_wconf 85' lang='lat' dir='ltr'><strong>Aliud</strong></span> <span class='ocrx_word' id='word_1_887' title='bbox 1339 2591 1401 2616; x_wconf 81' lang='lat' dir='ltr'><strong>item</strong></span> <span class='ocrx_word' id='word_1_888' title='bbox 1427 2590 1559 2617; x_wconf 83' lang='lat' dir='ltr'><strong>adversus</strong></span> <span class='ocrx_word' id='word_1_889' title='bbox 1580 2589 1683 2616; x_wconf 73' lang='lat' dir='ltr'><strong>culices</strong></span> <span class='ocrx_word' id='word_1_890' title='bbox 1698 2597 1819 2623; x_wconf 84' lang='lat' dir='ltr'><strong>parasse,</strong></span> <span class='ocrx_word' id='word_1_891' title='bbox 1837 2590 1911 2624; x_wconf 88' lang='lat' dir='ltr'><strong>quod</strong></span> 
     </span>
    </p>
   </div>
   <div class='ocr_carea' id='block_1_118' title="bbox 1140 2624 1911 2660">
    <p class='ocr_par' dir='ltr' id='par_1_118' title="bbox 1140 2624 1911 2660">
     <span class='ocr_line' id='line_1_121' title="bbox 1140 2624 1911 2660; baseline -0.003 -8"><span class='ocrx_word' id='word_1_892' title='bbox 1140 2626 1253 2652; x_wconf 79' lang='lat' dir='ltr'><strong>rolixius</strong></span> <span class='ocrx_word' id='word_1_893' title='bbox 1267 2624 1442 2655; x_wconf 79' lang='lat' dir='ltr'><strong>describitur,</strong></span> <span class='ocrx_word' id='word_1_894' title='bbox 1457 2633 1538 2660; x_wconf 86' lang='lat' dir='ltr'><strong>quam</strong></span> <span class='ocrx_word' id='word_1_895' title='bbox 1566 2629 1594 2650; x_wconf 91' lang='lat' dir='ltr'><strong>ut</strong></span> <span class='ocrx_word' id='word_1_896' title='bbox 1621 2625 1665 2651; x_wconf 88' lang='lat' dir='ltr'><strong>liic</strong></span> <span class='ocrx_word' id='word_1_897' title='bbox 1682 2630 1805 2660; x_wconf 80' lang='lat' dir='ltr'><strong>repetere</strong></span> <span class='ocrx_word' id='word_1_898' title='bbox 1821 2630 1911 2652; x_wconf 82' lang='lat' dir='ltr'><strong>vacet.</strong></span> 
     </span>
    </p>
   </div>
   <div class='ocr_carea' id='block_1_119' title="bbox 1143 2659 1912 2695">
    <p class='ocr_par' dir='ltr' id='par_1_119' title="bbox 1143 2659 1912 2695">
     <span class='ocr_line' id='line_1_122' title="bbox 1143 2659 1912 2695; baseline -0.001 -8"><span class='ocrx_word' id='word_1_899' title='bbox 1143 2661 1220 2688; x_wconf 84' lang='lat' dir='ltr'><strong>adem</strong></span> <span class='ocrx_word' id='word_1_900' title='bbox 1251 2668 1316 2686; x_wconf 86' lang='lat' dir='ltr'><strong>vero</strong></span> <span class='ocrx_word' id='word_1_901' title='bbox 1339 2660 1417 2694; x_wconf 77' lang='lat' dir='ltr'><strong>juxta</strong></span> <span class='ocrx_word' id='word_1_902' title='bbox 1440 2659 1501 2687; x_wconf 85' lang='lat' dir='ltr'><strong>cum</strong></span> <span class='ocrx_word' id='word_1_903' title='bbox 1527 2660 1588 2686; x_wconf 88' lang='lat' dir='ltr'><strong>aliis</strong></span> <span class='ocrx_word' id='word_1_904' title='bbox 1604 2660 1740 2694; x_wconf 87' lang='lat' dir='ltr'><strong>Apollonii</strong></span> <span class='ocrx_word' id='word_1_905' title='bbox 1758 2659 1912 2695; x_wconf 82' lang='grc' dir='ltr'>τελέσμασι</span> 
     </span>
    </p>
   </div>
   <div class='ocr_carea' id='block_1_120' title="bbox 1117 2694 1912 2723">
    <p class='ocr_par' dir='ltr' id='par_1_120' title="bbox 1117 2694 1912 2723">
     <span class='ocr_line' id='line_1_123' title="bbox 1117 2694 1912 2723; baseline 0 -1"><span class='ocrx_word' id='word_1_906' title='bbox 1117 2696 1198 2722; x_wconf 83' lang='lat' dir='ltr'><strong>etiam</strong></span> <span class='ocrx_word' id='word_1_907' title='bbox 1224 2694 1336 2722; x_wconf 80' lang='lat' dir='ltr'><strong>Tzetzes</strong></span> <span class='ocrx_word' id='word_1_908' title='bbox 1360 2699 1483 2723; x_wconf 81' lang='lat' dir='ltr'><strong>recenset</strong></span> <span class='ocrx_word' id='word_1_909' title='bbox 1501 2695 1616 2722; x_wconf 82' lang='lat' dir='ltr'><strong>C/n&#39;liad.</strong></span> <span class='ocrx_word' id='word_1_910' title='bbox 1635 2703 1664 2723; x_wconf 85' lang='lat' dir='ltr'><strong>ii.</strong></span> <span class='ocrx_word' id='word_1_911' title='bbox 1686 2695 1752 2722; x_wconf 88' lang='lat' dir='ltr'><strong>hist.</strong></span> <span class='ocrx_word' id='word_1_912' title='bbox 1770 2695 1816 2722; x_wconf 84' lang='lat'><strong>60.</strong></span> <span class='ocrx_word' id='word_1_913' title='bbox 1834 2695 1912 2722; x_wconf 78' lang='lat' dir='ltr'><strong>Adde</strong></span> 
     </span>
    </p>
   </div>
   <div class='ocr_carea' id='block_1_121' title="bbox 1116 2729 1912 2765">
    <p class='ocr_par' dir='ltr' id='par_1_121' title="bbox 1116 2729 1912 2765">
     <span class='ocr_line' id='line_1_124' title="bbox 1116 2729 1912 2765; baseline -0.003 -7"><span class='ocrx_word' id='word_1_914' title='bbox 1116 2730 1358 2765; x_wconf 65' lang='lat' dir='ltr'><strong>JoanJlregorium</strong></span> <span class='ocrx_word' id='word_1_915' title='bbox 1370 2730 1396 2757; x_wconf 89' lang='lat' dir='ltr'><strong>in</strong></span> <span class='ocrx_word' id='word_1_916' title='bbox 1411 2730 1517 2758; x_wconf 69' lang='grc' dir='ltr'><strong>οὐδέν-ιι.</strong></span> <span class='ocrx_word' id='word_1_917' title='bbox 1530 2731 1571 2761; x_wconf 78' lang='lat'><strong>8..</strong></span> <span class='ocrx_word' id='word_1_918' title='bbox 1584 2738 1609 2756; x_wconf 92' lang='lat' dir='ltr'><strong>c.</strong></span> <span class='ocrx_word' id='word_1_919' title='bbox 1620 2738 1680 2756; x_wconf 85' lang='lat' dir='ltr'><strong>viii.</strong></span> <span class='ocrx_word' id='word_1_920' title='bbox 1690 2729 1739 2756; x_wconf 79' lang='lat' dir='ltr'><strong>Hic</strong></span> <span class='ocrx_word' id='word_1_921' title='bbox 1751 2731 1846 2765; x_wconf 88' lang='lat' dir='ltr'><strong>itaque</strong></span> <span class='ocrx_word' id='word_1_922' title='bbox 1858 2739 1912 2765; x_wconf 83' lang='grc' dir='ltr'><strong>μη-</strong></span> 
     </span>
    </p>
   </div>
   <div class='ocr_carea' id='block_1_122' title="bbox 1117 2765 1912 2802">
    <p class='ocr_par' dir='ltr' id='par_1_122' title="bbox 1117 2765 1912 2802">
     <span class='ocr_line' id='line_1_125' title="bbox 1117 2765 1912 2802; baseline -0.001 -9"><span class='ocrx_word' id='word_1_923' title='bbox 1117 2767 1198 2801; x_wconf 79' lang='grc' dir='ltr'>χαναὶ</span> <span class='ocrx_word' id='word_1_924' title='bbox 1212 2767 1243 2802; x_wconf 77' lang='grc' dir='ltr'><strong>τῇ</strong></span> <span class='ocrx_word' id='word_1_925' title='bbox 1258 2766 1304 2792; x_wconf 78' lang='grc' dir='ltr'>τοῦ</span> <span class='ocrx_word' id='word_1_926' title='bbox 1321 2765 1416 2801; x_wconf 72' lang='grc' dir='ltr'>ἀνδρὸς</span> <span class='ocrx_word' id='word_1_927' title='bbox 1427 2766 1606 2802; x_wconf 48' lang='grc' dir='ltr'>ἀνακείμεναι</span> <span class='ocrx_word' id='word_1_928' title='bbox 1621 2765 1912 2802; x_wconf 64' lang='grc' dir='ltr'><strong>προσηγορίᾳ..Αςξιείθ⁴</strong></span> 
     </span>
    </p>
   </div>
   <div class='ocr_carea' id='block_1_123' title="bbox 1118 2801 1910 2836">
    <p class='ocr_par' dir='ltr' id='par_1_123' title="bbox 1118 2801 1910 2836">
     <span class='ocr_line' id='line_1_126' title="bbox 1118 2801 1910 2836; baseline -0.001 -8"><span class='ocrx_word' id='word_1_929' title='bbox 1118 2803 1160 2828; x_wconf 86' lang='lat' dir='ltr'><strong>lus</strong></span> <span class='ocrx_word' id='word_1_930' title='bbox 1177 2802 1246 2828; x_wconf 85' lang='lat' dir='ltr'><strong>male</strong></span> <span class='ocrx_word' id='word_1_931' title='bbox 1261 2805 1378 2828; x_wconf 79' lang='lat' dir='ltr'><strong>verterat</strong></span> <span class='ocrx_word' id='word_1_932' title='bbox 1395 2811 1401 2828; x_wconf 91' lang='lat'>:</span> <span class='ocrx_word' id='word_1_933' title='bbox 1421 2801 1511 2836; x_wconf 78' lang='lat' dir='ltr'><strong>Neque</strong></span> <span class='ocrx_word' id='word_1_934' title='bbox 1525 2809 1582 2827; x_wconf 80' lang='lat' dir='ltr'><strong>vero</strong></span> <span class='ocrx_word' id='word_1_935' title='bbox 1599 2801 1674 2827; x_wconf 79' lang='lat' dir='ltr'><strong>hodie</strong></span> <span class='ocrx_word' id='word_1_936' title='bbox 1687 2801 1792 2831; x_wconf 76' lang='lat' dir='ltr'><strong>desunt.</strong></span> <span class='ocrx_word' id='word_1_937' title='bbox 1804 2801 1851 2836; x_wconf 77' lang='lat' dir='ltr'><strong>qui</strong></span> <span class='ocrx_word' id='word_1_938' title='bbox 1861 2808 1910 2827; x_wconf 68' lang='lat' dir='ltr'><strong>ex-</strong></span> 
     </span>
    </p>
   </div>
   <div class='ocr_carea' id='block_1_124' title="bbox 1118 2836 1911 2871">
    <p class='ocr_par' dir='ltr' id='par_1_124' title="bbox 1118 2836 1911 2871">
     <span class='ocr_line' id='line_1_127' title="bbox 1118 2836 1911 2871; baseline 0 -8"><span class='ocrx_word' id='word_1_939' title='bbox 1118 2841 1204 2867; x_wconf 75' lang='lat' dir='ltr'><strong>pertos</strong></span> <span class='ocrx_word' id='word_1_940' title='bbox 1219 2845 1246 2863; x_wconf 75' lang='lat' dir='ltr'><strong>se</strong></span> <span class='ocrx_word' id='word_1_941' title='bbox 1261 2836 1350 2862; x_wconf 82' lang='lat' dir='ltr'><strong>dicunt</strong></span> <span class='ocrx_word' id='word_1_942' title='bbox 1368 2837 1424 2871; x_wconf 71' lang='lat' dir='ltr'><strong>ejus</strong></span> <span class='ocrx_word' id='word_1_943' title='bbox 1439 2837 1539 2863; x_wconf 80' lang='lat' dir='ltr'><strong>nomini</strong></span> <span class='ocrx_word' id='word_1_944' title='bbox 1551 2838 1669 2863; x_wconf 81' lang='lat' dir='ltr'><strong>invocato</strong></span> <span class='ocrx_word' id='word_1_945' title='bbox 1690 2837 1808 2870; x_wconf 69' lang='lat' dir='ltr'><strong>magicas</strong></span> <span class='ocrx_word' id='word_1_946' title='bbox 1823 2837 1911 2863; x_wconf 53' lang='lat' dir='ltr'><strong>inuia</strong></span> 
     </span>
    </p>
   </div>
   <div class='ocr_carea' id='block_1_125' title="bbox 1119 2871 1800 2907">
    <p class='ocr_par' dir='ltr' id='par_1_125' title="bbox 1119 2871 1800 2907">
     <span class='ocr_line' id='line_1_128' title="bbox 1119 2871 1800 2907; baseline 0 -8"><span class='ocrx_word' id='word_1_947' title='bbox 1119 2873 1236 2904; x_wconf 74' lang='lat' dir='ltr'><strong>virtutes,</strong></span> <span class='ocrx_word' id='word_1_948' title='bbox 1252 2872 1286 2898; x_wconf 82' lang='lat' dir='ltr'><strong>ad</strong></span> <span class='ocrx_word' id='word_1_949' title='bbox 1301 2872 1485 2906; x_wconf 72' lang='lat' dir='ltr'><strong>superstitiosa</strong></span> <span class='ocrx_word' id='word_1_950' title='bbox 1499 2872 1626 2907; x_wconf 69' lang='lat' dir='ltr'><strong>qiia&#39;piam</strong></span> <span class='ocrx_word' id='word_1_951' title='bbox 1641 2871 1800 2907; x_wconf 73' lang='lat' dir='ltr'><strong>peragenda.</strong></span> 
     </span>
    </p>
   </div>
  </div>
