2065 3216
181 227 235 256 865

743 225 843 253 LIBER
862 225 1001 253 CONTRA
1021 226 1229 254 lllEROCLEM.

1757 233 1808 261 866

181 287 331 323 ﬁnxpétq;
353 286 374 313 δ’
391 287 471 319 αὐτὸς
487 287 645 322 φιλοσοφίας
661 286 912 322 ὑπεραποθνήσκων
927 295 961 313 κα

1024 287 1252 314 existimationem
1277 293 1462 323 consequetur
1480 289 1516 316 ob
1533 291 1706 325 sapientiam,
1725 300 1806 328 qnam

180 334 206 359 οἰ
222 332 315 359 τοῦτον
330 332 442 359 θανάτου
454 333 527 364 ἄξιον
539 332 708 368 γραψάμενοι
717 340 724 347 °
736 332 865 366 Διογένης
879 340 907 358 τε
925 332 970 358 καὶ

179 378 215 405 τὰ
241 372 389 413 Ἀθηναίων
415 379 552 414 μειράκια.
570 379 624 405 Καὶ
642 378 734 410 ἅπλῶς
749 379 836 404 εἰπεῖν
848 379 863 404 ὸ
883 378 971 413 σοφώ-

178 433 263 456 τατος
279 424 327 451 οὐκ
338 424 371 450 ἂν
387 424 507 460 διαφέροι
522 424 569 451 τοῦ
590 425 801 461 ἀφρονεστάτου,
822 426 868 452 καὶ
882 427 896 452 ὀ
912 427 969 452 ἁδι-

179 470 303 501 κώτατος
316 469 362 496 τοῦ
379 469 558 502 δικαιοτάτου,
577 471 590 497 ὁ
602 479 631 497 τε
645 471 791 502 ἀκόλαστος
803 470 850 497 τοῦ
864 479 969 506 antepo-

179 515 320 546 νεουτάτου,
335 514 382 541 καὶ
393 516 407 541 ὁ
422 515 572 548 δειλότατος
589 516 635 543 τοῦ
656 516 855 552 ἀνδρειοτάτου,
872 517 968 552 εἱμαρ-

181 559 268 595 μένης
284 560 330 586 κα¹ι
347 560 447 595 μοιρῶν
471 562 603 595 παιγνίων
620 561 721 588 τούτων
736 562 862 589 ἁπάντων
875 561 969 589 ἀναδε-

178 605 208 631 δε
213 614 240 640 ιγ
244 606 340 641 μένων.

1024 340 1078 359 non
1093 332 1227 360 electione
1241 340 1301 364 sua,
1317 334 1362 360 sed
1380 334 1543 362 necessitate
1553 334 1652 363 ductus
1670 337 1721 364 sibi
1737 345 1810 364 com-

1024 379 1139 414 paravit.
1154 378 1319 414 Eademque,
1330 379 1407 414 juxta
1425 387 1486 407 eum
1502 380 1526 408 si
1541 383 1710 415 comparatio
1727 383 1806 410 insti-

1022 428 1124 456 tuatur,
1146 425 1214 451 ratio
1236 425 1289 452 erit
1309 425 1394 460 ipsius
1417 425 1597 461 Pythagora,
1622 431 1648 454 et
1676 428 1806 463 mancipii

1022 470 1138 505 alicujus
1151 471 1295 505 praestigiis
1311 471 1406 502 dediti,
1427 475 1453 498 et
1468 472 1569 499 nullius
1587 472 1666 507 pretii
1684 482 1690 499 :
1707 473 1808 507 ipsius-

1021 523 1074 551 que
1093 515 1214 543 Socratis
1229 521 1342 543 mortem
1361 525 1410 551 pro
1423 517 1593 553 philosophia
1609 519 1764 553 oppetentis
1780 524 1808 546 et

1021 570 1115 589 eorum
1129 562 1175 596 qui
1189 569 1250 589 eum
1262 563 1371 597 capitali
1385 564 1517 598 supplicio
1529 564 1699 591 alliciendum
1712 565 1807 593 dccre~

1019 611 1118 634 verunt
1131 616 1137 634 :
1152 606 1279 642 Diogenis
1292 608 1355 634 item
1372 611 1399 634 et
1414 608 1565 636 Atticorum
1586 609 1806 638 adolescentulo-

179 659 253 679 rum.
277 651 364 687 thue
393 654 488 689 paucis
508 655 646 682 absolvam
662 675 670 688 ,
699 655 917 690 sapientissimus
941 658 968 682 et
996 653 1193 681 stolidissimus
1223 654 1377 681 mortalium
1412 655 1480 681 lllhll
1518 655 1652 687 ὤσει-(λιιι,
1671 657 1738 683 nihil
1763 657 1806 684 in-

176 699 350 733 justissimus
384 702 553 735 ntavimeque
571 703 674 737 justus,
691 703 811 731 lascivus
845 703 961 730 maxime
976 706 1003 730 et
1021 702 1286 733 continentissimus,
1317 702 1507 730 timidissimus
1532 707 1559 731 et
1575 704 1740 733 fortissimus
1763 706 1805 733 dl-

179 747 302 780 stabunt,
319 748 342 775 si
367 756 414 776 eos
434 757 529 777 omnes
553 750 726 778 necessitatis
751 754 777 777 et
794 749 840 776 fati
860 757 964 776 merum
985 752 1092 776 constet
1106 756 1167 776 eSSe
1185 749 1342 776 ludibrium.

436 805 632 832 ΚΕΦΛΛΑΙΟΝ
649 805 716 834 ΜΖ’.

221 849 301 875 Ἀλλὰ
317 849 370 885 γὰρ
384 851 451 886 πρὸς
468 851 554 878 ταῦτα
568 853 581 878 ὁ
597 852 684 887 κήρυξ
696 852 745 887 τῆς
762 851 889 887 ἀληθείας
903 850 965 887 βοή-

1283 803 1396 831 CAPUT
1416 804 1519 832 XLVII.

1054 850 1106 877 Sed
1121 850 1193 877 enim
1215 854 1309 876 contra
1331 850 1387 877 haec
1400 858 1489 885 przeco
1505 851 1628 878 veritatis
1648 851 1804 880 inclamabit

179 902 266 928 σεται,
293 895 394 930 λέγων’
413 895 447 923 Ὦ
470 898 616 933 ἄνθρωποι,
636 898 731 934 θνητὸν
753 900 800 925 καὶ
823 898 961 933 ἐπίκαιρον

1014 895 1129 922 dicens:
1147 893 1220 922 Heus
1234 895 1367 927 homines,
1387 896 1501 923 mortale
1523 901 1550 923 et
1567 897 1656 932 exigui
1675 899 1803 931 temporis

177 940 267 974 γένος,
288 943 333 968 ποῖ
348 942 379 977 δὴ
406 943 530 979 φέρεσθε,
555 944 600 970 τὸν
623 945 674 979 τῆς
697 945 830 981 ἀκρασίας
850 946 961 980 ἄκρατοι

1018 947 1114 974 genus,
1131 947 1186 974 quo
1203 939 1322 966 l‘erimini
1340 940 1546 968 incontinentiae
1567 950 1642 969 mero
1655 942 1740 969 ebrii?
1756 943 1803 971 de-

176 986 336 1021 ὲμπιόντες;
356 987 454 1023 λήξατέ
479 998 553 1020 ποτε,
570 990 616 1016 καὶ
638 990 784 1027 διανήψατε
801 992 848 1027 τῆς
872 991 966 1026 μέθης,

177 1032 227 1058 καὶ
241 1031 357 1065 διανοίας
380 1033 469 1069 ὀρθοῖς
485 1034 588 1069 ὄμμασι
607 1035 638 1062 τὺ
659 1037 755 1072 σεμνὸν
771 1037 819 1072 τῆς
841 1037 968 1073 ἀληθείας

176 1078 372 1113 ἐνοπτρίσασθε
385 1080 538 1114 πρόσωπον.
554 1081 591 1107 Οὐ
603 1081 681 1116 Θέμις
695 1081 821 1117 ἀλήθειαν
841 1082 968 1117 πολεμεῖν

176 1124 262 1160 ἑαυτῇ
280 1125 326 1151 καὶ
344 1125 494 1160 μάχεσθαι·
514 1127 574 1153 οὐδὲ
597 1127 669 1154 δυοῖν
685 1128 887 1155 ἐναντιωτάτων
903 1129 967 1163 μίαν

176 1169 325 1203 ὑφεστάναι
344 1171 391 1197 καὶ
410 1171 458 1206 τὴν
476 1171 559 1207 αὐτὴν
574 1173 672 1199 αἰτίαν.
686 1173 741 1208 Τῆς
755 1173 800 1200 τοῦ
817 1173 884 1200 Θεοῦ
902 1183 968 1210 προ-

175 1215 252 1246 νοίας
267 1215 300 1242 τὰ
318 1216 406 1242 πάντα
422 1217 584 1253 κρατούσης,
598 1218 677 1250 θείοις
695 1218 750 1253 (Ξό)
766 1219 858 1254 νόμοις
879 1220 967 1246 διατέ-

174 1268 275 1286 τακται
292 1261 322 1287 τὸ
339 1263 402 1289 πᾶν.
425 1262 590 1298 Ἀνθρώπων
604 1272 634 1289 τε
651 1263 738 1299 ψυχῆς
754 1265 816 1299 ὅρος
839 1265 968 1300 αὐτοκρά‹

174 1306 244 1341 τορὰ
260 1314 289 1332 τε
315 1308 360 1334 καὶ
384 1309 491 1344 κριτὴν,
513 1309 632 1344 ἡγεμόνα
656 1318 685 1335 τε
704 1309 750 1336 καὶ
772 1309 864 1345 κύριον
887 1310 966 1336 αὑτὸν

175 1351 274 1378 ἑαυτοῦ
301 1353 457 1389 καθίστησι·
475 1357 599 1389 φυσικοῖς
625 1356 715 1390 νόμοις
745 1356 792 1382 καὶ
818 1356 966 1390 φιλοσόφων

173 1397 308 1433 δόγμασιν
319 1399 493 1431 ἐκδιδάσκων.
507 1401 543 1432 ὠς
554 1401 606 1436 ἄρα
617 1401 670 1428 τῶν
684 1401 767 1428 liv-nov
779 1401 813 1427 τὰ
827 1402 877 1436 μὲν
893 1401 966 1428 ἔστιν

173 1444 220 1478 ἐφ’
232 1445 306 1480 ἡμῖν,
323 1445 357 1472 τὰ
376 1446 403 1472 δὲ
425 1447 474 1473 οὐκ
491 1447 532 1481 ἐφ’
550 1448 623 1482 ἡμῖν.
642 1448 697 1473 Καὶ
717 1447 757 1482 ἐφ’
773 1448 838 1482 ἡμῖν
856 1447 904 1482 μὲν
917 1447 966 1473 ὅσα

173 1489 274 1523 γένοιτ’
288 1490 321 1517 ἃν
334 1491 404 1518 κατὰ
417 1492 575 1528 προαίρεσίν
586 1501 615 1518 τε
632 1491 679 1518 καὶ
696 1491 794 1528 πρᾶξιν
808 1492 874 1527 (⁵24),
891 1491 907 1518 ἂ
920 1492 966 1518 καὶ

174 1534 256 1570 φύσει
271 1536 400 1572 ἐλεύθερα
415 1537 481 1571 ('23),
499 1537 634 1569 ἀκώλυτα,
655 1537 880 1572 ἁπαρεμπόόιστα
900 1545 966 1570 τυγ-

174 1580 263 1615 χάνει·
274 1581 308 1608 τὰ
316 1582 344 1608 δὲ
353 1582 403 1608 οὐχ
414 1583 455 1616 ἐφ’
464 1585 529 1618 ἡμῖν
540 1583 649 1618 ἀσθενῆ,
658 1582 748 1614 δοῦλα,
760 1582 876 1613 κωλυτὰ,
890 1582 966 1608 ἀλλό-

1019 986 1100 1014 sinite
1119 985 1238 1018 demum,
1253 993 1268 1013 e
1282 987 1394 1021 crapula
1411 987 1642 1022 expergiscimini,
1664 990 1803 1025 rectisqtte

1018 1032 1117 1059 mentis
1133 1031 1220 1058 oculis
1233 1035 1377 1066 augustam
1394 1033 1518 1060 veritatis
1533 1033 1676 1061 intuemini
1693 1036 1800 1063 faciem.

1017 1075 1070 1104 Fas
1085 1077 1157 1104 enim
1171 1085 1225 1105 non
1240 1082 1279 1105 est
1300 1077 1350 1105 sibi
1364 1078 1414 1112 ipsi
1432 1085 1582 1114 repugnare
1596 1080 1750 1112 veritatem,
1769 1088 1801 1108 ac

1018 1130 1032 1150 a
1046 1131 1074 1150 se
1085 1123 1242 1152 dissentire.
1255 1123 1348 1158 Neque
1359 1123 1466 1151 duobus
1477 1124 1548 1151 inter
1562 1132 1591 1152 se
1606 1126 1723 1153 maxime
1733 1134 1800 1153 con»

1017 1169 1110 1196 trariis
1126 1177 1207 1196 unam
1225 1168 1401 1204 eamdemque
1426 1177 1537 1196 causam
1559 1171 1682 1199 subesse.
1699 1171 1800 1199 Divina:

1022 1213 1202 1242 Providentiae
1215 1216 1305 1242 omnia
1320 1215 1608 1251 continentis-legibus
1628 1217 1727 1245 divinis
1744 1219 1801 1246 uni—

1017 1269 1126 1289 versum
1144 1262 1195 1289 hoc
1216 1262 1328 1296 regitur.
1347 1261 1460 1288 Deﬁnita
1475 1266 1564 1289 autem
1588 1264 1684 1298 animae
1704 1264 1800 1291 huma—

1017 1314 1059 1333 nm
1085 1308 1223 1342 potentia,
1239 1307 1396 1341 ’principem
1417 1315 1479 1334 ettm
1500 1315 1532 1334 ac
1549 1307 1688 1342 judiccm,
1715 1315 1814 1337 rccto-.

1017 1361 1073 1380 rem
1103 1357 1130 1380 et
1155 1353 1294 1380 dominum
1310 1353 1352 1379 sui
1368 1353 1453 1387 ipsius
1476 1355 1618 1381 constituit
1634 1355 1729 1388 :juxla
1750 1363 1799 1382 na-

1018 1402 1085 1425 tura;
1100 1398 1172 1433 leges
1187 1402 1213 1425 et
1237 1398 1459 1433 philosophorum
1487 1399 1584 1434 placita
1609 1408 1669 1427 eum
1685 1401 1798 1433 docens,

1017 1452 1108 1471 rerum
1132 1444 1200 1471 alias
1224 1451 1285 1471 esse
1303 1444 1329 1470 in
1354 1448 1489 1479 potestate
1510 1450 1615 1478 nostra,
1648 1447 1716 1474 alias
1734 1455 1800 1475 vero

1017 1495 1070 1515 non
1087 1495 1158 1515 esse.
1175 1486 1254 1524 545
1262 1487 1294 1514 Ει
1306 1488 1332 1515 in
1345 1493 1437 1515 nostra
1460 1489 1568 1524 quidem
1585 1495 1719 1525 potestate
1734 1500 1796 1520 esse

1017 1535 1104 1568 posita
1122 1534 1211 1561 omnia
1226 1542 1287 1569 quae
1302 1534 1336 1561 ab
1352 1535 1483 1562 electione
1498 1540 1591 1563 nostra
1603 1541 1628 1564 et
1642 1538 1799 1572 operatione

1017 1580 1146 1615 pendent,
1162 1587 1223 1606 cum
1243 1581 1342 1614 quibus
1356 1584 1382 1607 et
1399 1581 1435 1607 ita
1453 1589 1467 1607 a
1488 1585 1586 1608 natura
1608 1587 1796 1617 comparatum

172 1634 249 1662 τρια,
259 1626 277 1652 ἃ
292 1627 338 1653 καὶ
351 1627 413 1662 περὶ
427 1627 457 1653 τὸ
470 1627 557 1662 σῶμα,
567 1628 613 1654 καὶ
624 1627 657 1654 τὰ
668 1627 753 1660 ἐκτὸς,
765 1627 856 1662 ἄψυχα
863 1635 891 1653 τε
902 1626 961 1656 ὄντα

1017 1630 1068 1658 est,
1095 1630 1125 1652 ut
1145 1626 1229 1653 libera
1257 1627 1321 1660 sint,
1348 1634 1397 1653 nec
1415 1627 1552 1662 prohiberi
1569 1635 1583 1654 a
1610 1629 1736 1663 quopiam
1755 1630 1796 1656 vel

172 1673 222 1699 καὶ
232 1672 325 1706 ἄλογα,
335 1673 381 1699 καὶ
389 1673 474 1708 πάντη
483 1674 532 1708 τῆς
543 1672 661 1704 ίδὶαςτοῦ
668 1672 776 1706 λογικοῦ
785 1673 853 1704 ζώου
861 1673 967 1707 φύσεως

172 1717 317 1754 ἀλλοτρίαν
333 1719 382 1753 τὴν
392 1719 538 1745 ὑπόστασιν
553 1718 619 1753 ἔχει.
630 1718 689 1744 Τῶν
703 1719 724 1744 δ’
737 1718 777 1752 ἐφ’
785 1719 851 1754 ἡμῖν
860 1719 908 1754 τὴν
920 1719 966 1744 ἐπὶ

173 1765 274 1801 θάτερα
288 1766 375 1802 ὁρμὴν
389 1767 489 1802 ἀρετῆς
505 1775 534 1792 τε
549 1767 595 1792 καὶ
611 1766 710 1797 κακίας
723 1766 838 1797 ἕκαστος
850 1767 878 1792 ἐν
895 1766 964 1802 αὐτῇ

172 1812 304 1847 κέκτηται
318 1813 483 1848 προαιρέσει.
501 1813 554 1839 Καὶ
571 1812 601 1838 τὸ
618 1812 667 1847 μὲν
685 1812 738 1839 τῶν
751 1813 818 1839 ὅλων
833 1812 964 1844 δεσπόζον

170 1866 202 1884 τε
221 1859 268 1885 καὶ
281 1858 431 1893 ἡγεμονοῦν
451 1858 551 1886 εὐθέως
571 1858 694 1892 περαίνει
709 1858 776 1892 (26),
794 1858 864 1884 κατὰ
882 1858 962 1893 φύσιν

172 1903 434 1940 περιπορευόμενον·
450 1902 512 1938 τῷδ’
522 1902 576 1929 αἰεὶ
590 1903 733 1929 συνέπεται
745 1903 817 1938 δίκη,
832 1903 886 1929 τῶν
899 1904 962 1930 ἀπο-

170 1948 342 1983 λειπομένων
355 1948 402 1975 τοῦ
418 1947 490 1974 θείου
501 1948 583 1983 νόμου
600 1947 719 1983 τιμωρός
729 1956 736 1962 ·
754 1947 808 1974 τῶν
822 1947 843 1974 δ’
857 1948 902 1974 ἐπὶ
912 1949 961 1980 τὰς

171 1994 286 2030 πράξεις
311 1994 404 2030 ὁρμῶν
429 1994 459 2020 οὐ
484 1994 593 2029 μοίρας,
618 1993 678 2020 οὐδὲ
701 1993 880 2029 εἱμαρμένης,
906 1993 960 2020 οὐδ’

169 2040 294 2076 ἀνάγκης
317 2040 389 2066 αἰτία
408 2039 473 2074 (27)⁸
492 2039 566 2065 αἰτία
585 2039 712 2074 ἑλομένου
725 2047 731 2052 ·
749 2038 815 2070 Θεὸς
828 2038 958 2070 ἀναίτιος,

1015 1670 1139 1705 impediri
1155 1675 1266 1706 queant.
1287 1671 1352 1704 Qua:
1365 1679 1429 1699 vero
1444 1672 1471 1698 in
1488 1677 1621 1707 potestate
1636 1677 1729 1701 nostra
1741 1682 1796 1702 non

1014 1721 1089 1748 sunt,
1105 1725 1136 1744 ea
1157 1717 1263 1744 intirma
1287 1722 1360 1750 sunt,
1385 1718 1501 1745 obnoxia
1524 1719 1658 1750 servituti,
1675 1720 1796 1755 nihilque

1014 1761 1047 1788 ad
1061 1769 1110 1789 nos
1124 1763 1248 1795 attinent,
1263 1763 1296 1790 ad
1312 1771 1411 1798 corpus
1427 1764 1589 1798 pertinentia
1603 1768 1631 1792 et
1646 1773 1689 1792 res
1705 1769 1795 1792 exter-

1012 1815 1072 1839 nas,
1092 1809 1182 1836 animo
1197 1813 1225 1836 et
1248 1810 1354 1836 ratione
1369 1809 1509 1842 destituta,
1527 1815 1606 1845 atque
1631 1811 1742 1838 omnino
1753 1812 1795 1839 di-

1012 1862 1119 1882 versam
1139 1863 1154 1882 a
1170 1859 1266 1882 natura
1282 1856 1407 1883 animalis
1427 1857 1531 1883 ratione
1548 1857 1653 1891 praediti
1668 1861 1794 1885 naturam

1015 1900 1150 1929 habentia.
1170 1901 1199 1928 ln
1215 1902 1255 1930 eis
1269 1909 1334 1929 vero
1347 1909 1407 1937 quae
1421 1906 1484 1929 sunt
1502 1903 1528 1929 in
1543 1907 1674 1937 potestate
1688 1907 1793 1936 nostra,

1012 1946 1045 1972 ad
1067 1946 1225 1974 alterutram
1242 1951 1344 1983 partem
1361 1947 1579 1982 propensionem,
1596 1947 1637 1974 vel
1660 1955 1720 1975 cum
1735 1949 1792 1976 vir-

1011 1997 1078 2024 tute.
1104 1993 1145 2020 vel
1164 2000 1225 2020 cum
1241 1993 1307 2020 vitio
1333 1993 1516 2028 conjunctam,
1537 1993 1565 2020 in
1588 1993 1719 2021 electione
1743 2001 1792 2021 sua

1011 2039 1200 2073 unusquisque
1211 2039 1326 2074 positam
1342 2038 1432 2065 habet.
1449 2037 1535 2066 Porro
1557 2043 1646 2066 autem
1662 2039 1792 2067 Dominus

170 2091 199 2113 et
215 2090 306 2113 rector
332 2087 453 2113 omnium
476 2091 548 2114 recta
564 2087 671 2113 ratione
695 2085 802 2120 singula
835 2085 971 2120 transigit,
992 2093 1041 2120 per
1074 2085 1230 2113 universam
1253 2093 1410 2113 commeans
1431 2089 1567 2112 naturam.
1584 2085 1662 2113 Hunc
1683 2087 1792 2114 assidue

169 2132 295 2166 sequitur
313 2131 448 2164 Nemesis,
466 2139 559 2159 eorum
593 2131 639 2166 qui
661 2138 675 2157 a
697 2130 789 2158 divina
820 2130 878 2165 lege
904 2129 1083 2157 discesserint
1103 2129 1211 2158 vindex.
1228 2129 1269 2157 Ad
1287 2130 1420 2166 agendum
1446 2135 1534 2157 autem
1555 2129 1628 2164 quod
1660 2130 1790 2165 feramur,

170 2185 227 2205 non
246 2177 272 2204 in
288 2176 382 2205 Parcis
399 2176 487 2204 fatove
509 2181 536 2204 et
558 2177 723 2204 necessitate
739 2180 780 2204 est
795 2175 885 2210 culpa,
907 2175 955 2203 sed
974 2176 1053 2211 culpa
1066 2180 1108 2204 est
1123 2176 1150 2203 in
1165 2176 1299 2211 eligente;
1316 2176 1387 2204 Deus
1401 2176 1476 2203 onmi
1493 2176 1572 2211 culpa
1590 2180 1678 2204 vacat.

423 2233 619 2259 ΚΕΦΔΛΑΙΟΝ
635 2233 705 2259 ΜΗ¹.

1267 2232 1381 2260 CAPUT
1401 2232 1517 2260 XLVIII.

207 2289 239 2316 El
255 2289 287 2324 δὴ
303 2289 461 2325 θρασύνοιτό
475 2299 527 2321 τις,
542 2289 595 2315 τῶν
609 2289 651 2324 ἐφ’
668 2290 732 2324 ἡμῖν
743 2289 804 2324 ἄρτι
818 2287 956 2322 πολεμῶν,

1044 2288 1121 2321 Quod
1136 2289 1158 2316 si
1176 2288 1259 2323 igitur
1273 2288 1372 2324 aliquis
1386 2288 1498 2315 nimium
1515 2289 1643 2317 audacter
1657 2297 1686 2316 se
1701 2294 1788 2325 gerat,

172 2335 210 2371 μὴ
238 2335 500 2370 παμκαλυπτέσθω.
530 2331 614 2365 Οὗτος
647 2334 778 2369 ἀθεότητα
807 2333 957 2367 ἀναφανδὸν

169 2381 366 2416 ὲξαγορευέτω,
392 2381 428 2416 μὴ
453 2380 589 2416 πρόνοιαν,
605 2379 642 2415 μὴ
660 2379 736 2412 Θεὸν,
754 2379 821 2415 μηδέ
839 2387 866 2406 τι
882 2378 955 2412 ἄλλο,

207 2458 264 2492 (‘25)
277 2459 387 2485 ΑὶτΙαν.
399 2458 455 2492 Τῆς
471 2467 495 2484 τ.
514 2458 585 2485 Θεοῦ
598 2465 684 2492 aper.
697 2466 722 2484 τ.
735 2464 766 2484 π.
776 2457 953 2491 κρατούσης,

170 2494 261 2526 θείοις
284 2498 336 2520 etc.
353 2493 390 2519 Ita
410 2493 628 2527 distinguendum
654 2493 818 2527 putavimus.
845 2492 910 2518 Nam
927 2493 954 2519 in

169 2528 253 2555 editis
267 2532 324 2555 erat
341 2528 439 2560 αἰτίαν,
449 2528 499 2563 τῆς
511 2537 536 2555 τ.
555 2528 586 2554 Θ.
606 2536 684 2563 προν.
702 2536 727 2554 τ.
746 2536 776 2554 π.
790 2527 952 2563 κρατούσης.

169 2563 260 2594 Θείοις
273 2567 326 2590 etc.

207 2597 263 2633 (24)
279 2597 359 2624 Κατὰ
373 2598 547 2633 :gpoat’psm'r
561 2596 789 2633 texatnpdétr.
805 2595 884 2633 Prio_r
895 2595 953 2633 edi-

169 2630 215 2659 ιίο’
226 2630 259 2659 ιη’
272 2637 298 2660 et
313 2640 364 2659 ms.
383 2630 449 2668 Reg.
473 2633 518 2658 καὶ
535 2631 633 2667 πρᾶξιν
659 2631 703 2658 hic
727 2632 835 2658 habent.
860 2630 892 2657 Et
916 2631 953 2658 ita

170 2668 306 2702 interpres
324 2668 351 2694 in
369 2667 536 2694 suo'codice
559 2670 831 2702 repererat,_vertens
844 2673 902 2702 qua;
920 2673 953 2692 ea:

168 2700 304 2729 electione
322 2707 438 2736 actuque
464 2700 635 2736 proveniunt.
651 2701 692 2736 At
704 2700 738 2728 de
763 2700 952 2736 emendatione

169 2742 265 2765 nostra
273 2737 343 2776 _(qu_a
360 2735 502 2776 ,ὄρεξιςςξῃ
521 2737 612 2776 locum
628 2735 751 2776 πράξεως
766 2735 950 2776 substituitur)

168 2780 251 2800 nemo
264 2771 408 2802 dubitabit,
418 2772 462 2807 qui
479 2771 629 2807 Epictetum
646 2771 945 2807 ejusquecotnmenta-

170 2811 258 2834 torem
273 2804 441 2841 Simplicium
460 2804 509 2834 vel'
524 2814 538 2832 ιι
561 2806 654 2833 limine
670 2805 796 2841 inspexit.
813 2804 948 2832 "OLSTEN.

206 2815 258 2834 rem
273 2814 441 2841 attitpuctum
460 2814 502 2834 vet
524 2814 538 2832 ιι
561 2814 654 2833 nnnne
670 2814 796 2867 tnqpem.
815 2814 948 2832 uocsrsu.

206 2843 260 2869 Sed
279 2850 330 2875 ego
348 2843 394 2876 qui
411 2846 556 2876 utrumque
572 2841 688 2876 inspexi.
725 2848 740 2867 e
761 2840 950 2876 emendatione

168 2881 261 2904 tamen
285 2875 459 2904 Holsteniana
474 2875 578 2904 dubito.
593 2875 775 2910 Prmterquam
790 2875 861 2901 enim
876 2875 949 2909 quod

168 2913 329 2948 προαίρεσις
348 2917 375 2939 et
393 2911 492 2948 πρᾶξις
515 2911 703 2948 longeraptius
720 2910 771 2937 sibi
790 2915 884 2948 mutuo
899 2918 948 2948 _re-

168 2944 332 2978 spondeam,
346 2947 403 2976 ipse
415 2944 553 2979 Epictetus
565 2944 608 2979 ἐφ’
621 2944 685 2979 ἡμῖν
697 2953 758 2974 esse
773 2945 810 2972 ait
823 2946 862 2972 ενι
876 2944 947 2980 λόγῳ

1009 2335 1037 2362 in
1052 2338 1188 2369 potestate
1204 2340 1296 2362 nostra
1315 2342 1376 2370 quze
1392 2339 1456 2362 sunt
1475 2335 1650 2370 impugnans,
1664 2343 1727 2362 ettm
1749 2336 1789 2363 la-

1006 2383 1064 2407 tere
1079 2387 1135 2406 non
1156 2379 1291 2414 patiamur
1308 2380 1433 2407 ulterius.
1459 2379 1514 2407 [mo
1537 2380 1701 2415 impietatem
1726 2381 1787 2409 talis

1005 2453 1054 2481 ὅσα
1068 2453 1187 2489 ἡμέτερα
1204 2454 1313 2480 'EPI‘A.
1328 2453 1414 2488 Igitur
1429 2454 1526 2489 πρᾶξιν
1540 2454 1592 2482 [ide
1607 2454 1727 2482 omnium
1739 2463 1786 2482 co-

1005 2490 1095 2516 dictnn
1112 2489 1154 2515 hic
1173 2489 1288 2516 retinere
1303 2497 1356 2515 non
1375 2490 1478 2515 dubito.

1042 2524 1159 2564 (25)..ξᾼ
1185 2523 1233 2550 καὶ
1259 2524 1348 2564 fetial-rt
1370 2523 1609 2564 ρελειίιθεραρΗιειτ
1634 2525 1726 2564 itidem
1753 2533 1784 2564 ex

1004 2558 1292 2594 Epictetildcprompta
1309 2558 1461 2585 Enchirt’dio
1481 2563 1553 2590 sunt,
1571 2559 1641 2593 quod
1655 2560 1714 2586 vide
1725 2560 1784 2587 αἳ.

1039 2594 1095 2629 (26)
1109 2594 1253 2628 Περαὶνει.
1266 2592 1348 2629 ltaﬂcx
1364 2594 1518 2627 conjectura
1528 2592 1715 2629 rrestituebam
1737 2602 1786 2629 pro

1004 2631 1131 2664 παραινεῖ
1143 2629 1214 2663 quod
1239 2629 1266 2654 in
1282 2628 1362 2655 editis
1376 2633 1433 2655 erat
1451 2628 1587 2656 omnibus.
1603 2629 1635 2654 Et
1650 2635 1723 2656 certe
1737 2628 1785 2656 ve.-

1003 2663 1061 2690 ram
1086 2664 1228 2690 lectionem
1258 2664 1397 2690 invenerat
1412 2665 1491 2690 etiam
1515 2663 1542 2689 in
1568 2664 1626 2691 suis
1641 2664 1783 2698 Acciolus;

1003 2698 1039 2724 ita
1049 2699 1119 2725 enim
1128 2698 1263 2726 vertebat:
1277 2698 1344 2724 Deus
1352 2706 1429 2732 porro
1440 2698 1566 2724 Duminus
1574 2707 1659 2724 rerum
1668 2699 1783 2726 omnium

1002 2734 1179 2768 princepsque,
1196 2737 1266 2759 recta
1279 2733 1380 2759 ratione
1395 2733 1498 2767 singula
1514 2734 1645 2768 transigit.
1661 2733 1738 2766 Quod
1756 2738 1783 2760 et

1002 2776 1053 2795 nos
1075 2767 1245 2796 retinuimus.
1261 2768 1297 2793 Τὸ
1311 2767 1409 2799 ἐνθέως
1432 2768 1577 2802 opponitur
1592 2767 1675 2796 caecis
1693 2769 1783 2797 fatalis

1001 2804 1174 2831 necessitatis
1189 2803 1317 2830 motibus.

1037 2838 1091 2873 (27)
1107 2839 1200 2866 Atria.
1216 2837 1314 2864 Vocem
1335 2844 1394 2872 qua:
1419 2838 1593 2865 librariorum
1619 2839 1684 2865 vit-io
1709 2839 1782 2866 exci-

1001 2873 1088 2904 derat,
1104 2874 1253 2900 oscitanter
1276 2873 1334 2900 lnec
1362 2873 1586 2905 dcscribentium,
1609 2877 1689 2908 atque
1717 2881 1782 2902 voce

1000 2909 1042 2936 bis
1056 2908 1166 2945 repetita
1193 2907 1373 2940 turbatorum,
1386 2909 1509 2945 restitui,
1524 2916 1579 2937 non
1593 2909 1621 2936 in
1635 2907 1742 2945 gratiis,
1753 2911 1780 2936 tt!

1001 2941 1119 2976 conﬁdo,
1139 2941 1287 2970 Musarum.
