2065 3216
182 221 236 251 969
725 225 769 253 DE
788 225 895 254 CURlS
913 226 1056 254 BlBlilCIS
1075 226 1219 256 EUSEBll.
1760 233 1813 261 870

186 325 762 342 g==I=—_——__——

1261 332 1806 349 _———————_=_—_“

350 455 877 565 EUSEBII
958 461 1620 570 PAMPHILI

626 685 1029 732 CIESARIENSIS
1068 688 1343 736 EPISCOPI

225 838 616 919 OPERUM
668 839 1048 920 OMNIUM
1097 843 1339 933 PARS
1397 845 1751 924 TERTIA
1791 887 1800 895 ε

787 1089 1191 1148 EXEGETICA

665 1267 723 1297 DE
745 1267 865 1298 CUIUS
886 1267 1073 1299 BIBLICIS
1094 1267 1276 1298 EUSEBII.

492 1374 602 1406 (Angela
612 1373 670 1404 Mn,
685 1371 832 1398 Bibliotheca
844 1379 904 1398 nova
919 1373 1030 1403 Patrum,
1042 1375 1059 1397 t.
1073 1372 1113 1404 ιν,
1125 1379 1150 1404 p.
1162 1372 1200 1397 66.
1223 1373 1307 1398 Romae
1320 1373 1389 1405 1847,
1403 1373 1475 1407 in—L)

203 1552 274 1580 Dum
301 1551 411 1579 Eusebii
427 1550 539 1585 reliquis
552 1550 646 1577 sedulo
659 1550 819 1585 colligendis
835 1558 929 1578 curam
946 1551 1142 1586 impemlerem,
1157 1551 1214 1578 ﬁeri
1229 1558 1283 1578 non
1299 1555 1406 1586 poterat
1426 1554 1491 1587 quin
1507 1553 1540 1581 ad
1555 1553 1676 1582 codicem
1690 1562 1801 1592 quorum

162 1601 241 1629 illum
257 1599 391 1634 insignem
410 1598 573 1633 respicerent
586 1598 650 1624 olim
667 1598 693 1624 in
711 1597 797 1624 Gallia
813 1598 1070 1630 Claromontanum,
1088 1606 1161 1625 nunc
1173 1598 1346 1630 Vaticanum,
1360 1600 1507 1634 prophetas
1522 1609 1627 1634 omnes,
1640 1611 1701 1630 cum
1716 1603 1799 1631 Pam-

161 1649 231 1685 phili
249 1647 413 1682 Eusebiique
427 1646 596 1677 recensione,
615 1646 816 1679 continentem;
830 1646 863 1673 de
879 1654 933 1681 quo
948 1647 1012 1673 olim
1030 1646 1172 1673 Curterius
1187 1646 1213 1673 in
1232 1646 1392 1681 prmfatione
1407 1647 1440 1673 ad
1454 1646 1616 1682 Procopium
1633 1649 1659 1676 in
1679 1649 1797 1682 Esaiam,

161 1700 190 1723 et
202 1694 300 1722 deinde
314 1694 429 1729 peritius
450 1691 670 1719 Montl‘auconius
686 1692 712 1718 in
730 1691 822 1718 Gra'ca
838 1691 1046 1726 palwographia,
1062 1700 1088 1726 p.
1110 1691 1162 1718 Ὧι
1178 1699 1267 1726 seqq.,
1284 1692 1389 1719 locutus
1405 1696 1456 1719 est.
1476 1693 1500 1720 Is
1520 1694 1616 1725 codex.
1635 1696 1729 1722 nescio
1744 1704 1799 1731 quo

160 1750 256 1769 reruau
268 1745 378 1771 eventu,
394 1749 465 1767 anno
488 1740 556 1767 1785
577 1739 690 1766 Romam
713 1739 829 1770 delatus,
849 1740 941 1774 palatii
959 1739 1100 1774 apostolici
1117 1740 1251 1774 impensa,
1268 1741 1383 1767 scutatis
1406 1741 1524 1768 nummis
1540 1744 1668 1770 tre-tentis
1690 1748 1798 1778 emptus

163 1788 227 1820 fuit,
250 1793 277 1816 et
298 1787 468 1815 bibliotheca:
481 1786 619 1812 Vaticana:
643 1785 777 1816 addictus,
804 1785 1010 1812 bibliotlierario
1034 1785 1110 1811 card.
1129 1784 1238 1816 Zelada,
1254 1785 1383 1820 prmfecto
1399 1785 1517 1820 Joscpho
1537 1787 1631 1822 Regio,
1649 1792 1677 1815 ut
1700 1789 1725 1816 in
1749 1798 1798 1817 au-

161 1835 285 1862 thentica
299 1833 463 1861 venditionis
489 1831 642 1868 syngrapha
661 1831 769 1866 legitur.
789 1829 895 1863 Quanta
919 1831 955 1858 sit
973 1830 1079 1858 codicis
1098 1831 1274 1866 calligraphia
1295 1836 1322 1858 et
1339 1833 1499 1867 antiquitas,
1512 1833 1676 1867 judicabant
1697 1835 1797 1863 eruditi

160 1889 195 1909 ex
210 1880 361 1916 specimine
391 1879 560 1910 ﬁdelissimo,
585 1877 658 1913 quod
674 1877 748 1912 ligno
758 1884 891 1904 excusum
919 1877 963 1904 hic
981 1877 1154 1912 appouimus.
1169 1876 1237 1904 Nam
1264 1876 1310 1905 fol.
1334 1878 1368 1904 84
1389 1883 1451 1905 ante
1475 1878 1581 1906 Esaiam
1601 1880 1704 1913 Graece.
1722 1887 1751 1908 ut
1768 1882 1796 1910 in

159 1930 259 1954 nostro
272 1934 339 1954 cuso
355 1926 504 1961 specimine
522 1925 681 1953 scribuntur
694 1932 736 1955 ea,
756 1931 817 1958 qua).
836 1923 932 1951 Latine
947 1923 987 1951 sic
1001 1923 1120 1951 habent:
1139 1923 1298 1958 Desumptus
1309 1924 1361 1959 fuit
1377 1924 1474 1952 Esaias
1493 1926 1524 1952 ab
1541 1927 1686 1961 exemplari
1704 1928 1796 1956 Patris

158 1975 322 2010 Apollinarii
339 1973 537 2005 cwnabiarcltaz,
557 1973 600 1999 cui
615 1972 669 1999 hwc
683 1977 758 1998 erant
772 1972 913 2006 subjuncta
926 1980 934 1997 :
949 1971 1101 2005 desumptus
1117 1971 1167 2006 fuit
1184 1971 1281 1998 Esaias
1302 1980 1335 1999 ex
1349 1972 1505 2000 editionibus
1525 1973 1721 2007 hexaplaribus.
1733 1967 1798 2003 cit-

159 2024 234 2050 latus
245 2028 283 2050 est
301 2027 387 2049 autem
402 2022 482 2049 etiam
494 2029 554 2048 cum
571 2021 654 2047 altera
668 2019 807 2054 hexaplari
825 2019 911 2046 codice
926 2020 994 2046 hanc
1008 2019 1206 2046 adnotationem
1223 2020 1334 2047 habente
1349 2028 1358 2047 :
1377 2020 1523 2047 emendata:
1536 2021 1643 2056 {uerunt
1656 2022 1797 2057 diligenter

155 2077 263 2098 cunctte
279 2071 421 2102 editiones;
441 2070 536 2097 etenim
561 2069 666 2096 collata
686 2068 757 2103 fuere
773 2076 832 2094 cum
847 2067 931 2094 Esaia
947 2067 1095 2101 tetraplari,
1112 2076 1158 2094 nec
1172 2076 1223 2094 non
1241 2076 1300 2094 cum
1323 2067 1469 2102 hexaplari.
1487 2068 1553 2094 Tum
1576 2069 1657 2095 etiam
1671 2069 1704 2095 ab
1719 2070 1796 2097 initio

154 2126 242 2154 usque
261 2119 298 2145 ad
313 2118 438 2145 visionem
451 2117 526 2153 Tyri,
545 2116 696 2143 accuratius
713 2115 799 2142 adhuc
815 2115 968 2143 emendatus
986 2116 1047 2150 fuit.
1066 2115 1175 2150 Copiam
1194 2116 1265 2142 enim
1279 2115 1429 2149 habuimus,
1448 2124 1529 2151 usque
1547 2115 1581 2143 ad
1596 2117 1796 2151 ﬁnemrisionis

156 2166 237 2202 Tyri,
254 2171 383 2192 tomorum
398 2166 425 2192 in
439 2164 548 2192 Esaiam
563 2164 752 2200 exegeticorum
770 2164 890 2199 Origrnis
906 2171 915 2190 :
930 2163 1070 2200 seduloque
1089 2164 1336 2195 animaduertentes.
1353 2173 1404 2199 quo
1417 2173 1495 2191 sensu
1512 2165 1556 2191 ille
1570 2165 1689 2199 singulas
1701 2165 1798 2193 dictio-

154 2222 205 2242 us
218 2222 267 2248 pro
285 2213 384 2240 viribus
396 2213 588 2246 explicavisset,
611 2220 712 2238 omnem
735 2211 933 2246 ambiguitatem
954 2210 1096 2238 secundum
1121 2211 1193 2238 illius
1213 2217 1325 2238 utentem
1340 2213 1514 2238 correximus.
1532 2211 1666 2239 Prwterea
1688 2220 1796 2248 compa-

156 2263 265 2289 ratione
279 2262 400 2289 instituta
412 2269 470 2288 cum
487 2260 659 2296 Septuaginta
677 2260 792 2286 uirorum
814 2259 937 2290 editione.
952 2263 977 2286 et
997 2267 1055 2286 cum
1071 2255 1206 2286 admitalis
1221 2259 1254 2286 ab
1276 2259 1389 2286 Eusebio
1401 2259 1436 2286 ad
1451 2259 1573 2289 Esaiam.
1588 2260 1616 2287 in
1634 2259 1796 2288 dissonanti-

159 2310 208 2336 bus
225 2310 288 2337 locis
305 2317 410 2336 sensum
435 2309 527 2335 rimati
547 2316 648 2339 sumus,
669 2312 745 2343 atque
760 2307 794 2334 ad
809 2307 882 2334 illius
906 2315 1027 2334 normam
1052 2307 1262 2334 emendationem
1277 2309 1437 2335 curavimus.
1467 2308 1537 2335 Tum
1561 2308 1607 2335 fol.
1632 2309 1685 2336 280
1701 2309 1718 2336 ι)
1733 2313 1796 2336 ante

160 2357 330 2386 Ezechielem
345 2357 444 2392 legitur
455 2356 558 2387 Cra-ce,
573 2360 602 2383 ut
620 2356 721 2390 pariter
738 2356 764 2382 in
780 2359 874 2382 nostro
886 2355 1044 2390 spccimine,
1067 2355 1139 2390 quod
1156 2355 1252 2382 Latine
1265 2355 1304 2383 sic
1323 2355 1544 2390 interpretamur.
1562 2356 1722 2390 Desumptus
1744 2356 1795 2390 fuit

158 2404 309 2439 (Ezechiel)
326 2405 357 2430 ab
380 2403 525 2438 exemplari
548 2402 637 2430 Patris
652 2403 811 2437 Apollinarii
832 2402 1036 2435 coenobiarchte,
1062 2403 1090 2430 in
1105 2411 1155 2438 quo
1170 2403 1225 2430 ha’c
1248 2408 1325 2430 erant
1343 2403 1504 2438 subjuncta:
1525 2404 1676 2438 desumptus
1693 2404 1796 2438 {uitet

125 2442 318 2576 ‘editionibus
331 2450 528 2484 hexaplaribus,
553 2449 756 2484 emendatusque
774 2448 808 2475 ad
834 2449 951 2484 ejusdem
969 2449 1090 2484 Origenis
1104 2449 1228 2484 tetrapla,
1243 2457 1303 2485 qum
1329 2457 1408 2476 manu
1427 2450 1510 2484 ipsius
1530 2449 1668 2476 emendata
1689 2449 1794 2484 fuerant

155 2504 182 2525 et
196 2498 305 2525 scholiis
321 2498 443 2533 praedita.
465 2497 539 2524 Unde
554 2505 600 2532 ego
616 2496 745 2523 Eusebius
762 2495 863 2523 scholia
876 2496 977 2524 addidi.
995 2496 1149 2531 Pamphilus
1165 2501 1189 2524 et
1206 2495 1336 2524 Eusebius
1353 2498 1563 2524 emendaverunt.

155 2504 182 2525 et
196 2498 305 2525 scholiis
321 2498 443 2533 praedita.
465 2497 539 2524 Unde
554 2505 600 2532 ego
616 2496 745 2523 Eusebius
762 2495 863 2523 scholia
876 2496 977 2524 addidi.
995 2496 1149 2531 Pamphilus
1165 2501 1189 2524 et
1206 2495 1336 2524 Eusebius
1353 2498 1563 2524 emendaverunt.
1795 2531 1806 2560 β

192 2567 277 2596 Vides
292 2558 414 2598 codiceni
438 2567 541 2602 aedepol
557 2568 825 2602 prastantissimum.
841 2567 924 2594 Vides
936 2567 1046 2595 Eusebii
1061 2575 1124 2602 erga
1142 2567 1249 2595 divinos
1262 2568 1347 2595 libros
1362 2568 1469 2599 merita,
1487 2572 1514 2595 et
1527 2575 1608 2603 quam
1624 2573 1698 2596 recte
1713 2568 1747 2596 de
1761 2577 1794 2596 eo

144 2614 340 2651 ‘Jlierunymus
356 2615 394 2642 De
410 2617 457 2642 uir.
476 2615 517 2642 ill.
532 2622 592 2650 cap.
607 2615 639 2642 81
659 2615 759 2643 dixerit
773 2625 779 2642 :
794 2615 922 2642 Eusebius
937 2614 1068 2642 Cwsarew
1082 2614 1237 2643 Pala‘stinw
1255 2616 1392 2651 episcopus
1408 2617 1436 2643 in
1453 2616 1598 2650 Scripturis
1622 2616 1717 2643 divinis
1737 2621 1794 2644 stu-

154 2664 337 2695 diosissimus,
353 2669 377 2690 et
395 2663 555 2690 bibliotheca:
568 2663 673 2696 divinat,
696 2672 754 2690 cum
772 2663 912 2698 Pamphilo
933 2667 1061 2698 martyre,
1079 2663 1297 2698 diligentissimus
1315 2664 1514 2698 pervestigatar.
1538 2663 1640 2691 Revera
1658 2663 1794 2692 Constant-

152 2713 231 2739 tinus
245 2712 302 2748 ipse
323 2711 471 2747 imperator
491 2710 561 2746 (Vit.
576 2711 624 2738 lib.
644 2719 681 2742 ιν.
697 2711 742 2743 56,
760 2711 804 2746 57)
820 2710 940 2738 Eusebio
959 2718 1060 2737 munus
1076 2710 1207 2745 imposuit
1222 2710 1450 2745 praestantissima
1466 2709 1515 2736 SS.
1534 2709 1684 2736 Bibliorum
1702 2718 1809 2755 exem-i

154 2760 243 2794 plaria
255 2759 453 2794 quinquaginta
480 2759 653 2790 conficiendi,
672 2766 733 2793 qua:
748 2758 866 2785 diversis
886 2758 1016 2785 Ecclesiis
1031 2758 1178 2785 distributa
1195 2758 1316 2786 fuerunt.
1333 2757 1393 2784 Jam
1415 2758 1438 2785 si
1454 2757 1558 2785 codicis
1577 2757 1727 2792 pleniorem
1744 2766 1794 2785 uo-

153 2808 244 2835 titiam
262 2812 349 2842 optas.
363 2816 423 2835 eam
441 2808 561 2834 breviter
584 2808 622 2834 sic
639 2807 790 2834 trademus.
807 2806 866 2834 Fol.
892 2807 945 2837 1-5,
962 2805 1031 2833 Vita
1052 2807 1148 2833 breves
1163 2807 1355 2841 prophetarum
1368 2810 1480 2833 auctore
1494 2806 1653 2832 nominatim
1664 2805 1792 2837 Eusebio,

119 2866 122 2867 ν
153 2861 225 2888 quas
240 2854 384 2881 Cui-terius
402 2854 497 2881 edidit.
521 2853 579 2881 Fol.
593 2853 670 2884 5-H,
686 2853 784 2881 Obitus
799 2857 826 2880 et
837 2854 984 2887 sepultura:
1001 2854 1206 2888 prophetarum,
1221 2854 1280 2880 sine
1301 2853 1423 2880 auctoris
1438 2854 1558 2885 nomine,
1577 2853 1611 2879 de
1627 2853 1726 2887 quibus
1742 2859 1793 2886 po-

153 2904 215 2927 stea
233 2901 367 2928 dicemus.
382 2900 440 2928 Fol.
455 2900 550 2933 12-85,
565 2900 705 2935 Prophetae
717 2900 837 2927 minores
850 2900 1006 2927 duodecim.
1024 2898 1081 2926 Fol.
1098 2899 1143 2927 84.
1160 2899 1206 2926 illa
1224 2900 1366 2935 inscriptio
1384 2904 1446 2926 ante
1457 2899 1564 2926 Esaiam
1581 2906 1641 2935 qua:
1656 2899 1683 2925 in
1699 2902 1793 2925 nostro

153 2947 306 2975 snecimiue
332 2947 418 2977 prima
434 2951 485 2974 est.
506 2946 637 2974 Praecedit
661 2946 716 2974 illic
729 2946 826 2974 notitia
845 2946 878 2974 de
894 2945 985 2979 Esaia,
1005 2946 1120 2981 ejusque
1136 2946 1258 2981 parentis
1282 2946 1376 2974 Amosi
1396 2946 1517 2979 nomine,
1536 2949 1563 2973 et
1584 2950 1705 2980 tempore
1725 2942 1794 2971 vati-
