2065 3216
205 165 258 192 877
501 165 733 200 ΩυιΕΞΤιΟΝΕΞ
752 163 984 192 ΕῩΑΝΟΕΜΟΛΕ
1003 164 1020 191 Α

1007 164 1050 191 AD
1069 164 1290 194 STEPHANUM.
1311 181 1345 185 —
1365 163 1534 195 MONI’I‘UM.
1770 169 1822 197 870

204 254 1241 270 W2

1227 255 1822 272 mm“

532 340 621 397 DE
659 340 1060 398 NOMINIBUS
1099 342 1501 398 HEBRAICIS.

401 448 467 478 Vide
478 449 638 486 Patrologia:
650 449 754 478 Latina
767 455 830 478 tom.
845 450 944 484 XXIII,
955 449 1068 486 Operam
1085 450 1114 478 ε.
1131 449 1287 487 Hieronymi
1301 456 1365 479 tom.
1378 451 1422 485 Ill,
1436 452 1485 479 col.
1503 451 1630 480 121-190.

366 593 874 685 ΩΠᾹΞΞΤΙΟΝ
877 594 993 673 ES
1037 597 1181 674 EVJ

852 594 993 673 iES
1037 597 1667 679 EVANGELlC/E

677 728 786 760 (Angelo
797 728 855 759 lsi,
874 727 985 754 Biblioth.
998 735 1059 754 noua
1069 729 1183 761 Patrum,
1197 729 1239 761 ιν,
1251 737 1276 761 p.
1288 730 1355 762 217.)

213 523 1822 549 ===————;————————————===

692 845 984 893 EDITORIS
1020 845 1333 894 MONITUM.

241 981 296 1009 Cur
314 981 453 1014 Eusebius,
467 982 505 1010 rei
525 981 685 1009 Christiano:
699 981 822 1017 defensor
849 982 994 1010 acerrimus
1007 1002 1015 1014 ,
1041 989 1104 1016 opus
1129 980 1178 1008 hoc
1197 980 1363 1008 scribendum
1375 983 1539 1017 susceperit,
1558 989 1667 1009 causam
1696 983 1774 1018 facile
1788 989 1830 1011 est

204 1028 323 1056 divinare
333 1048 340 1060 ,
355 1028 418 1062 quia
434 1028 525 1055 multo;
546 1032 687 1055 occurrunt
703 1036 794 1063 reapse
809 1028 879 1063 apud
904 1028 1078 1063 evangelista:
1095 1028 1235 1055 varietates
1245 1047 1252 1060 ,
1272 1027 1366 1063 quibus
1381 1028 1479 1056 ethnici
1493 1029 1532 1056 vel
1552 1029 1668 1057 hwretici
1681 1029 1828 1058 abuteban-

205 1081 259 1110 tur,
276 1081 305 1103 ut
321 1076 469 1103 divinorum
493 1075 621 1103 librorum
636 1076 771 1103 veritatem
787 1081 921 1111 negarent.
942 1075 1010 1103 Ilinc
1041 1080 1078 1103 tot
1107 1075 1253 1102 harmonia:
1267 1075 1422 1111 evangelista
1444 1076 1503 1111 jam
1533 1077 1593 1105 inde
1607 1086 1623 1104 a
1640 1077 1748 1105 Ttttiani
1765 1078 1829 1114 Syri

205 1123 365 1158 temporibus
377 1131 458 1159 usque
473 1123 507 1150 ad
518 1128 610 1150 nostra
618 1128 785 1151 constructrr.
804 1123 862 1158 Ipse
878 1123 1004 1151 Eusebius
1013 1123 1060 1151 sub
1069 1124 1152 1150 initiis
1164 1131 1264 1159 quoque
1275 1122 1404 1151 Historia:
1418 1133 1473 1151 sute
1489 1124 1688 1154 Ecclesiasticua
1703 1126 1749 1154 lib.
1761 1134 1783 1158 ι,
1801 1129 1828 1161 7,

209 1171 356 1197 necessario
379 1170 612 1198 demonstrandam
632 1171 731 1205 putavit
761 1169 962 1205 Evangetiorum
985 1170 1054 1198 inter
1081 1179 1108 1198 se
1138 1171 1348 1203 consensionem,
1367 1170 1436 1206 quod
1446 1175 1470 1197 et
1485 1171 1555 1205 fecit,
1569 1172 1649 1200 citato
1662 1173 1742 1201 etiam
1754 1175 1830 1210 Afri-

204 1216 266 1243 cani
279 1216 396 1251 exentplo
408 1218 435 1244 in
452 1217 547 1244 litteris
559 1216 593 1243 ad
606 1216 750 1244 Aristidem
761 1216 793 1244 de
809 1217 1030 1252 evangelistarum
1045 1218 1073 1244 in
1092 1217 1230 1244 narranda
1248 1216 1348 1245 Christi
1362 1217 1514 1253 genealogia
1529 1227 1665 1247 consensu.
1679 1219 1741 1248 lam
1753 1221 1831 1257 quale

205 1262 284 1297 fuerit
295 1263 347 1295 hoc
371 1258 476 1290 Eusebii
489 1263 522 1290 de
542 1263 744 1299 Evangeliorum
769 1263 912 1298 diapltonia
938 1272 983 1290 seu
1000 1263 1177 1297 discrepantia
1192 1262 1380 1298 (conciliando)
1396 1271 1471 1297 opus,
1487 1263 1561 1290 docet
1575 1265 1725 1292 authentico
1751 1268 1826 1294 testi-

206 1309 293 1335 monio
307 1314 400 1336 auctor
413 1310 440 1335 in
454 1309 660 1344 prtrfotiuncula
674 1308 708 1335 ad
719 1307 865 1335 Marinum.
885 1318 894 1333 ι
904 1307 1095 1343 Ambiguorum
1107 1309 1280 1343 qua'stionum
1298 1316 1328 1334 ac
1340 1308 1513 1339 solutionum,
1526 1317 1584 1343 qute
1599 1309 1669 1336 circa
1681 1310 1830 1338 divinorum

206 1352 408 1389 Ecangeliorum
418 1355 494 1381 initia
509 1358 660 1385 occurrunt.
673 1362 731 1380 cum
738 1354 798 1388 jam
809 1353 876 1380 duos
893 1353 1044 1388 scripserim
1058 1353 1151 1385 libros,
1167 1354 1239 1380 venio
1250 1361 1328 1382 nunc.
1346 1354 1438 1380 met/iis
1456 1355 1640 1387 pra'terntissis
1659 1356 1694 1382 ad
1713 1361 1831 1384 extrema

205 1406 263 1432 qua!
278 1407 378 1434 semper
394 1399 462 1433 apud
487 1407 575 1426 omnes
601 1403 767 1426 controversa
794 1398 910 1432 fuerunt.
935 1407 944 1424 ›
965 1397 1071 1425 Priores
1089 1403 1176 1425 autem
1199 1397 1251 1424 duo
1266 1397 1325 1425 libri
1346 1399 1438 1433 scripti
1454 1405 1528 1426 erant
1546 1400 1581 1427 ad
1607 1401 1783 1436 Stephanum;
1801 1411 1830 1429 un

205 1445 288 1472 eodem
306 1447 448 1474 Vaticanus
463 1446 637 1478 demonstrat,
655 1447 747 1473 tertius
763 1446 798 1473 ad
812 1445 958 1472 Marinum.
985 1445 1055 1482 Ergo
1073 1445 1200 1473 Eusebius
1216 1447 1372 1481 qurestiones
1388 1448 1571 1475 tantummodo
1591 1449 1662 1476 circa
1677 1451 1781 1477 initium
1806 1456 1832 1478 et

206 1493 285 1527 ﬁnem
303 1493 503 1529 Evangeliorum
520 1494 626 1521 obortas
652 1499 821 1525 tractaverat,
838 1493 931 1521 mediis
946 1495 1048 1521 cunctis
1065 1495 1191 1525 omissis;
1209 1503 1274 1529 quas
1286 1494 1377 1521 deinde
1403 1503 1490 1522 omnes
1507 1497 1691 1530 operosissima
1705 1498 1831 1525 lucubra-

207 1540 276 1567 tione
297 1540 329 1567 de
353 1549 479 1568 consensu
494 1541 713 1575 evangelistorum
725 1539 874 1573 complexus
889 1544 928 1566 est
947 1544 1054 1566 sanctus
1070 1539 1250 1574 Augustinus.
1278 1540 1323 1574 qui
1350 1539 1414 1567 dicti
1434 1541 1519 1574 operis
1542 1541 1617 1568 libris
1647 1550 1678 1574 ιι,
1696 1550 1724 1570 ιιι
1741 1548 1765 1570 et
1793 1551 1831 1577 Iv.

205 1585 379 1620 difﬁcultates
393 1585 523 1620 plurimas
538 1593 583 1620 per
601 1590 684 1612 totum
700 1584 921 1619 euangelistarum
936 1589 1087 1611 contectum
1101 1592 1148 1618 pro
1165 1593 1212 1611 suo
1228 1586 1327 1619 ingenii
1343 1586 1464 1612 acumine
1481 1586 1636 1614 enucleovit.
1653 1587 1687 1614 Et
1702 1589 1806 1623 quidem
1821 1610 1828 1621 ,

207 1631 277 1666 quod
292 1631 353 1666 jure
366 1632 449 1658 miror
465 1631 600 1667 (quodque
615 1639 686 1665 spem
699 1630 892 1666 quodammodo
912 1630 971 1662 alit,
985 1638 1119 1664 superesse
1134 1631 1233 1657 alicubi
1254 1638 1317 1664 opus
1332 1630 1439 1657 Eusebii
1454 1632 1568 1665 fortasse
1582 1633 1710 1669 integrum
1725 1656 1732 1666 ,
1754 1635 1833 1666 cuius

208 1679 314 1707 nonnisi
329 1679 511 1713 compendium
527 1678 569 1704 hic
579 1677 757 1708 exhibemus),
768 1676 881 1704 Latinus
895 1676 1017 1703 Latinius
1031 1675 1098 1710 Opp.
1108 1682 1126 1703 t.
1139 1675 1180 1706 ΙΙ,
1195 1684 1221 1710 p.
1238 1675 1345 1706 H6.sic
1361 1677 1394 1702 ad
1405 1677 1537 1704 Andream
1554 1678 1669 1706 Masium
1683 1682 1834 1709 scribebat:

211 1736 220 1753 ι
244 1726 357 1753 Sirletus
373 1725 552 1761 (cardinalis)
569 1725 635 1751 scire
664 1729 687 1750 te
713 1724 783 1754 vult.
810 1725 836 1750 in
865 1723 959 1751 Sicilia
981 1723 1097 1750 inventos
1112 1731 1168 1750 esse
1184 1722 1265 1750 libros
1288 1728 1339 1750 tres
1357 1723 1464 1750 Eusebii
1477 1724 1649 1752 Ca'soriensis
1665 1726 1697 1753 de
1715 1726 1836 1763 Euange—

209 1774 305 1800 liorum
324 1772 478 1807 diaphonia,
490 1772 535 1807 qui
550 1776 577 1798 ut
590 1772 642 1805 ipse
657 1776 743 1804 sperat
761 1770 830 1797 brevi
850 1770 875 1796 in
886 1770 969 1796 lucem
984 1768 1103 1796 edentur.
1121 1778 1130 1794 ι
1148 1769 1211 1796 Tres
1224 1777 1286 1804 ergo
1295 1769 1354 1804 jam
1367 1774 1422 1795 tum
1437 1769 1592 1797 dicebantur
1602 1770 1630 1798 hi
1641 1771 1749 1800 Eusebii
1762 1774 1834 1810 libri,

208 1827 237 1848 ut
253 1820 322 1856 apud
337 1829 385 1847 nos
396 1825 485 1854 postea
497 1820 524 1845 in
538 1819 646 1854 prologo
661 1818 695 1844 ad
711 1817 847 1844 Marinum
859 1817 992 1851 apparuit.
1015 1815 1071 1844 Nec
1088 1825 1146 1844 tero
1159 1816 1297 1852 quisquam
1310 1817 1427 1844 codicem
1441 1822 1561 1845 nostrum
1574 1826 1606 1845 eo:
1616 1818 1710 1847 Sicilia
1722 1821 1835 1850 allatam

211 1867 320 1895 Romam
332 1871 418 1900 putet;
434 1871 472 1892 est
491 1865 559 1891 enim
575 1865 596 1891 is
612 1872 679 1890 unus
690 1864 722 1890 de
743 1862 874 1889 Palau‘nis
892 1861 1167 1898 Heidelbergensibus,
1194 1867 1222 1888 ut
1237 1861 1294 1896 ejus
1311 1862 1448 1898 inscriptio
1471 1863 1645 1898 demonstrat,
1664 1874 1763 1894 necnon
1779 1868 1835 1896 Sil-

210 1913 297 1949 burgii
310 1914 452 1947 impressus
467 1911 565 1938 Crn’ca.‘
578 1911 650 1936 illius
674 1909 835 1936 bibliotheca:
850 1908 999 1943 catalogus,
1012 1908 1058 1942 qui
1077 1912 1137 1934 ante
1149 1912 1256 1942 captant
1275 1907 1474 1944 Heidelbergam
1496 1909 1690 1945 trmslatosque
1706 1911 1766 1940 illos
1786 1913 1836 1940 Ro-

210 1967 281 1986 mam
296 1958 396 1986 codices
409 1959 541 1993 confectus
556 1957 616 1984 fuit.
632 1956 709 1989 Quod
725 1956 748 1982 si
759 1955 907 1990 Silburgius
920 1963 971 1981 non
986 1959 1038 1981 tres
1054 1954 1119 1981 dicit
1131 1954 1224 1986 libros,
1239 1954 1283 1982 sed
1299 1955 1374 1988 duos,
1387 1955 1415 1982 id
1429 1956 1498 1983 brevi
1510 1957 1715 1986 hallucinatione
1726 1959 1835 1992 accidit,

209 2006 273 2041 quia
288 2013 377 2040 nempe
393 2005 460 2032 duas
480 2010 582 2032 tantum
597 2004 682 2038 operis
697 2004 824 2031 sectiones
845 2001 947 2030 videbat
966 2002 994 2029 in
1009 2001 1108 2035 codice,
1125 2001 1159 2029 ad
1176 2002 1337 2037 Stephanum
1351 2008 1376 2030 et
1391 2003 1425 2031 ad
1445 2003 1591 2038 Marinum,
1606 2007 1681 2042 cujus
1695 2013 1836 2042 postremas

209 2054 363 2088 prowtnium
379 2062 430 2080 non
445 2053 516 2088 legit.

248 2100 315 2127 Mihi
330 2101 357 2128 in
373 2100 460 2127 codice
482 2100 541 2127 Vat.
566 2099 655 2127 Palat.
681 2098 757 2127 CXX
780 2098 968 2134 pulcherrimo.
988 2098 1080 2125 saeculi
1107 2097 1187 2133 ferme
1204 2106 1237 2131 x,
1266 2098 1348 2125 trium
1367 2099 1555 2133 praedictorum
1580 2100 1709 2128 librorum
1723 2103 1836 2137 epitome

210 2150 344 2180 comperta
361 2149 415 2178 est,
436 2150 464 2172 ut
489 2146 583 2172 diserte
607 2145 762 2172 inscribitur
787 2145 902 2180 Ἐκλογὴ
923 2144 952 2171 ἐν
968 2144 1094 2180 συντόμῳ
1109 2164 1117 2175 ,
1134 2150 1204 2175 etc..
1231 2151 1309 2179 prout
1325 2152 1357 2172 ex
1379 2146 1468 2172 codice
1487 2146 1514 2172 in
1535 2147 1641 2173 titulum
1662 2147 1724 2174 libri
1737 2148 1787 2174 mei
1801 2148 1837 2174 ad

211 2191 317 2217 verbum
331 2192 455 2218 transtuii
467 2199 475 2218 :
489 2192 514 2218 in
529 2192 590 2219 aliis
608 2200 666 2219 vero
689 2191 824 2218 Vaticanis
841 2197 994 2218 catenarum
1010 2191 1144 2218 codicibus
1163 2196 1252 2226 partes
1279 2192 1360 2219 etiam
1377 2192 1472 2228 integri
1483 2193 1569 2227 operis
1584 2199 1677 2220 nactus
1689 2202 1758 2227 sum,
1769 2203 1836 2229 quas

210 2241 270 2272 post
295 2238 422 2272 epitornen
440 2237 564 2264 recitabo.
595 2237 673 2265 Nunc
694 2238 780 2272 operis
802 2245 847 2272 per
867 2246 894 2264 se
917 2237 1060 2264 certissimi
1087 2243 1164 2264 testes
1188 2237 1359 2264 nihilominus
1375 2242 1472 2266 veteres
1497 2238 1639 2273 producere
1661 2248 1764 2275 aequum
1785 2245 1836 2268 est.

211 2285 238 2311 ί.
260 2283 382 2319 Namque
399 2283 528 2310 Eusebius
543 2284 695 2311 Demonstr.
712 2284 814 2318 Evang.
836 2283 882 2310 lib.
903 2291 958 2314 vn,
977 2283 1012 2314 5,

1032 2283 1090 2309 ait:
1104 2282 1162 2309 Τίνι
1176 2283 1205 2309 δὲ
1216 2282 1287 2318 λόγῳ
1310 2284 1357 2311 τὸν
1378 2283 1475 2319 Ἰωσὴφ
1496 2284 1702 2320 γενεαλογοῦσιν
1722 2286 1746 2312 ot
1769 2286 1837 2322 ἱεροὶ

211 2330 415 2364 εὖαγγελισταὶ,
447 2330 548 2366 καίπερ
571 2330 607 2366 μὴ
624 2330 699 2362 ὄντος
715 2330 763 2357 τοῦ
789 2330 916 2366 Σωτῆρος
936 2329 1013 2365 ἡμῶν
1030 2329 1060 2363 ἐξ
1075 2329 1168 2362 αὑτοῦ,
1186 2329 1243 2356 ἀλλ’
1269 2329 1299 2362 ἐξ
1326 2329 1404 2364 ἁγίου
1421 2330 1579 2366 Πνεύματος
1608 2331 1654 2357 καὶ
1682 2331 1732 2365 τῆς
1755 2331 1835 2364 ἁγίας

211 2377 361 2412 Παρθένου,
377 2378 449 2409 ὅπως
461 2386 491 2404 τε
502 2378 548 2404 καὶ
567 2376 634 2412 αὕτη
655 2379 672 2414 ἡ
691 2377 737 2404 τοῦ
757 2377 859 2413 Κυρίου
879 2377 977 2412 Μήτηρ
993 2376 1047 2403 ἀπὺ
1065 2376 1160 2410 γένους
1175 2376 1222 2403 καὶ
1237 2376 1394 2411 σπέρματος
1409 2377 1596 2404 ἀποδείκνυται
1613 2374 1681 2404 εἶναι
1698 2376 1789 2409 Δασιδ,
1806 2377 1836 2404 ιν

211 2423 251 2458 τῷ
264 2423 365 2459 πρώτῳ
377 2423 431 2450 τῶν
446 2425 551 2459 εἱς-τὴν
568 2424 740 2458 γενεαλογίαν
751 2423 798 2450 τοῦ
811 2424 936 2459 Σωτῆρος
949 2422 1027 2458 ἡμῶν
1041 2422 1212 2457 ζητημάτων
1227 2423 1276 2449 καὶ
1288 2424 1408 2450 λύσεων
1421 2422 1598 2459 διειληφότες,
1614 2423 1657 2448 ἐπ’
1670 2423 1759 2449 ἐκεῖνα
1773 2423 1836 2453 τοὺς

213 2468 372 2503 φιλομαθεῖς
381 2469 591 2504 ἁποπέμπομεν.
611 2478 620 2494 t
641 2468 696 2496 Cur
712 2468 820 2503 Iosephi
834 2477 914 2504 genus
934 2469 1005 2495 sacri
1021 2478 1028 2496 ι

1021 2468 1186 2504 evangelistre
1200 2467 1351 2495 describant
1364 2488 1372 2501 ,
1382 2470 1499 2504 quamvis
1516 2468 1640 2496 Servator
1655 2473 1742 2495 noster
1756 2476 1788 2495 ea:
1803 2477 1834 2495 ea

212 2519 292 2541 notus
306 2523 358 2540 non
371 2515 417 2547 sit,
432 2515 476 2542 sed
489 2515 520 2542 de
540 2515 641 2548 Spiritu
661 2521 752 2542 sancto
767 2520 791 2542 et
811 2520 904 2542 sancta
921 2514 1043 2550 Virgine;
1059 2522 1139 2549 quove
1153 2513 1231 2541 modo
1247 2514 1307 2549 ipsa
1326 2513 1434 2542 Domini
1446 2514 1532 2542 Mater
1545 2514 1577 2541 de
1588 2523 1679 2550 genere
1696 2515 1837 2542 ac'semins

212 2561 324 2589 Davidis
336 2562 418 2596 fuisse
428 2563 602 2594 ostendatur;
617 2564 644 2590 in
659 2564 744 2597 primo
757 2563 932 2597 quwstionum
949 2568 973 2589 et
995 2562 1158 2589 solutionum
1175 2561 1206 2588 de
1225 2562 1374 2589 Seruatoris
1390 2562 1474 2589 nostri
1495 2563 1619 2597 prosapia
1634 2562 1835 2596 explicavimus.

215 2609 287 2637 Illuc
305 2610 387 2645 igitur
400 2611 438 2637 rei
454 2610 586 2637 studiosos
598 2610 786 2638 amandamus.
808 2621 817 2636 ι
835 2609 919 2637 Porro
933 2610 1030 2637 titulun

1020 2619 1039 2637 τι
1063 2610 1130 2637 hunc
1147 2610 1312 2645 ζητημάτων
1328 2610 1374 2636 καὶ
1399 2609 1512 2641 λύσεων,
1529 2609 1704 2644 qutestionum
1716 2614 1742 2636 et
1759 2609 1835 2636 solu-

214 2657 325 2687 tionum,
340 2657 482 2690 genuinum
497 2664 553 2683 esse
570 2655 758 2687 Eusebianum,
774 2656 847 2683 docet
864 2655 905 2682 hic
917 2661 1012 2682 auctor
1024 2675 1031 2686 .
1055 2660 1079 2682 et
1095 2655 1192 2682 codicis
1217 2655 1300 2681 nostri
1317 2654 1435 2682 Palatini
1450 2655 1586 2688 inscriptio
1610 2655 1759 2688 conﬁrmat.
1780 2654 1835 2681 Alii

212 2702 301 2736 itaque
318 2708 448 2732 auctores,
462 2710 486 2729 υ.
503 2710 542 2736 gr.
553 2707 659 2728 sanctus
674 2701 859 2736 Hieronymus.
878 2707 906 2727 ut
921 2710 982 2728 mox
994 2701 1122 2732 dicemus,
1135 2701 1243 2728 liberius
1258 2701 1339 2728 locuti
1354 2705 1426 2733 sunt,
1442 2709 1502 2727 cum
1527 2701 1606 2735 paulo
1622 2701 1714 2734 aliter,
1739 2706 1767 2727 ut
1783 2701 1834 2736 ﬁt,

213 2756 306 2776 sensus
322 2748 504 2775 tantummodo
515 2748 617 2775 ratione
631 2748 732 2780 habita,
747 2747 934 2781 inscripserunt
948 2755 958 2774 :
972 2755 1030 2782 qua!
1052 2747 1166 2774 varietas
1181 2747 1207 2773 in
1224 2746 1301 2772 titulo
1315 2754 1415 2781 quoque
1426 2745 1625 2773 Citronicorum
1646 2745 1753 2773 Eusebii
1775 2746 1835 2781 ja-

213 2795 260 2823 diu
277 2795 414 2823 observata
432 2795 493 2831 fuit.
513 2795 540 2822 2.
558 2794 671 2822 Sanctus
688 2803 748 2830 ergo
762 2794 937 2829 Hieronymus
954 2793 991 2821 De
1001 2794 1096 2829 script.
1109 2794 1208 2821 illustr.
1227 2801 1288 2828 cap.
1310 2793 1341 2820 Si
1353 2813 1360 2825 ,
1382 2794 1420 2820 ait
1446 2801 1455 2820 ε
1487 2803 1496 2818 ι
1514 2793 1643 2821 Eusebius
1663 2793 1836 2821 Caesariensis

214 2842 297 2868 edidit
309 2842 341 2869 de
351 2840 553 2876 Evangeliorum
565 2840 716 2874 diaphonia.
735 2849 744 2866 ι
766 2840 792 2868 3.
808 2839 908 2866 Rursus
922 2840 992 2867 idem
1006 2840 1183 2875 Hieronymus
1197 2840 1225 2866 in
1238 2839 1343 2866 Comm.
1360 2838 1394 2865 ad
1405 2839 1500 2866 Matth.
1511 2847 1530 2871 I,
1553 2839 1586 2866 16
1599 2848 1606 2866 :
1630 2849 1639 2866 ι
1659 2838 1744 2874 Super
1754 2839 1801 2866 hoc
1809 2845 1837 2867 ct

215 2889 359 2921 Africanus
372 2894 516 2924 temporum
532 2888 653 2922 scriptor,
666 2893 690 2915 et
704 2886 833 2914 Eusebius
853 2885 1025 2914 thsariensis
1043 2886 1069 2914 in
1079 2886 1152 2913 libris
1160 2885 1310 2920 Ata‘;wvi1;
1325 2885 1501 2920 Εὑαγγε).ίων
1511 2885 1612 2921 plenius
1624 2885 1804 2914 disputarunt.
1821 2894 1845 2925 ιν
