2065 3216
275 214 329 242 883

618 208 754 238 EUSEBlI
769 206 1010 237 C/ESARIENSIS
1027 206 1103 234 OPP.
1122 205 1214 233 PARS
1230 204 1274 233 Ill.
1293 219 1324 225 —
1347 200 1552 230 EXEGETICA.

1837 196 1887 224 884

277 275 355 298 utero
370 268 513 296 habentem
529 267 562 294 de
577 269 672 293 sancto
688 264 802 300 Spiritu.
818 264 908 300 Atque
923 264 980 291 haec
996 271 1057 298 per-
1072 277 1077 295 λ

1127 262 1277 297 ›κονόμητο·
1295 261 1319 287 εί
1337 259 1392 295 γὰρ
1402 259 1434 295 δὴ
1451 257 1526 293 παρὰ
1540 257 1596 288 τοῖς
1611 256 1695 292 αὐτῆς
1708 254 1836 290 ’γονεῖσιν
1846 252 1888 281 οὖ-

276 314 420 344 commode
436 313 471 340 ob
483 311 619 339 vitandam
639 310 713 346 vulgi
731 310 855 337 notitiam
870 313 965 337 curata
983 313 1056 336 sunt.

277 360 344 388 Nam
359 361 383 387 si
401 357 492 384 Mariae
502 365 517 384 a
531 356 691 392 parentibus
706 354 827 383 nondum
844 354 983 389 digressae,
998 361 1060 389 gra-

279 406 347 432 vidae
361 404 418 431 ﬁeri
434 403 610 438 contigisset;
625 401 689 436 quia
704 408 816 428 necesse
828 403 887 428 erat
901 407 958 427 rem
970 399 1059 434 palam

278 450 444 486 famigerari,
461 456 558 483 nempe
573 448 646 483 quod
664 448 723 482 ipsa
737 446 810 474 haud
827 453 859 474 ex
874 446 983 481 publice
995 449 1060 473 noto

278 497 338 524 viro
353 503 404 524 suo
419 494 600 529 concepisset,
614 493 740 529 protinus
753 492 916 527 supplicium
930 499 962 519 ex
975 491 1061 518 forma

276 543 349 577 juris
364 542 373 558 ⁸
388 541 519 570 subiisset
536 549 542 567 :
572 539 596 567 si
624 539 725 571 minus,
745 542 819 566 certe
842 538 930 573 stupri
954 538 1062 564 macula

280 595 335 615 non
349 591 475 614 vacasset
493 595 499 614 :
516 593 605 620 neque
621 585 694 613 enim
712 585 771 620 ipsa
783 584 836 612 sibi
847 583 928 612 testis
941 591 1002 612 esse
1015 591 1064 618 po-

280 637 362 664 terat,
379 639 468 667 neque
481 631 516 659 ad
533 630 615 658 fidem
637 629 791 657 faciendam
818 637 913 657 eorum
929 636 990 664 qua
1011 627 1064 656 sibi

281 678 440 707 acciderant
458 680 518 704 erat
542 676 640 704 idonea
667 685 674 703 :
699 682 750 702 nec
774 674 918 710 quisquam
945 674 998 702 sibi
1018 677 1065 700 aut

280 723 372 759 angeli
386 723 477 751 visum
492 721 653 758 persuaderi
666 728 766 756 passus
776 725 860 752 esset,
876 723 924 748 aut
945 719 984 747 illi
1001 727 1065 746 nar-

282 769 356 797 ranti
372 768 534 797 credidisset
551 775 612 803 quae
635 766 722 794 eidem
735 774 750 793 a
771 766 897 794 Gabriele
911 765 985 793 dicta
1006 764 1066 792 fue-

282 821 345 843 rant
371 825 377 842 :
396 822 484 850 neque
501 821 561 841 eam
578 813 633 848 jam
656 815 842 847 praegnantem
857 811 931 839 domi
949 818 1005 838 suae
1020 809 1064 838 Jo-

283 861 386 897 seplius
398 860 558 895 recepisset,
571 865 651 894 quem
665 857 780 892 iustitiae
791 857 930 892 publicum
942 856 1067 884 testimo-

285 909 360 936 nium
375 906 501 934 ornabat.
514 904 585 933 Bene
598 905 681 940 igitur
692 912 746 931 non
758 903 830 939 apud
842 904 917 939 ipsos
926 905 1066 938 parentes,

1110 318 1159 336 σαν
1178 309 1218 336 ἐτι
1239 308 1337 343 συνέϐη
1353 307 1423 334 κατὰ
1442 305 1560 341 γαστρὸς
1576 303 1684 333 λαϐεῖν.
1700 302 1751 330 κᾶν
1772 302 1845 334 εἰκὸς
1857 300 1889 338 ἦν

1110 355 1239 391 βοηθῆναι
1250 354 1280 381 τὸ
1293 353 1408 388 πρᾶγμα
1422 352 1462 378 ἴντι
1474 351 1511 386 μὴ
1526 351 1557 376 ἐκ
1571 349 1701 385 προδήλου
1711 348 1804 384 ἀνδρδς
1815 349 1891 374 ὲκυο-

1111 399 1229 436 φορήθη,
1240 399 1335 425 θᾶττον
1348 397 1370 424 δ’
1383 397 1416 424 ἃν
1428 395 1477 422 καὶ
1490 394 1608 430 ἀνῄρητο
1619 393 1690 419 κατὰ.
1704 393 1749 419 τὸν
1770 392 1860 427 νόμον·
1874 391 1890 427 ἢ

1112 447 1136 473 εί
1150 446 1186 482 μὴ
1197 445 1285 476 τοῦτο,
1292 444 1406 479 αἰσχρᾶς
1414 443 1435 469 δ’
1443 440 1489 469 οὖν
1497 441 1546 467 οὐκ
1554 440 1589 467 ἂν
1599 439 1768 474 ἠλευθέρωτο
1777 437 1890 474 ὕϐρεως·

1111 492 1142 519 οὐ
1156 491 1210 527 γὰρ
1223 491 1309 526 δήπου
1327 489 1430 524 μάρτυς
1444 487 1511 522 αὐτὴ
1526 487 1623 521 ἑαυτῆς
1631 484 1679 511 καὶ
1689 484 1742 510 τῶν
1756 483 1819 519 περὶ
1829 482 1893 518 αὐτῇ

1113 536 1315 572 πεπραγμένων
1331 534 1485 567 ἀξιόπιστος
1503 530 1546 568 ἦν’
1566 531 1620 557 οὐδ’
1637 530 1669 556 ἂν
1689 528 1801 562 ἐπείσθη
1823 527 1894 563 τιςῆ

1113 582 1228 618 ἀγγέλου
1240 580 1408 615 ἐπιφάνειαν,
1418 578 1505 605 καὶτὰ
1519 577 1586 612 πρὸς
1597 575 1681 610 αὐτὴν
1692 573 1822 610 εἰρημένα
1831 572 1897 608 πρὸς

1113 629 1160 656 τοῦ
1176 626 1295 662 Γαϐριὴλ
1310 625 1378 660 αὐτῇ
1394 623 1573 659 διηγουμένη,
1590 621 1643 647 οὐδ’
1661 620 1693 647 ἄν
1716 619 1834 646 κύουσαν
1849 618 1898 653 ἥδη

1115 674 1272 710 προσήκατο
1288 672 1328 703 εἰς
1335 670 1379 697 τὸν
1394 668 1490 696 ἑαυτοῦ
1500 666 1574 694 οἶκον
1597 664 1783 701 Ἰοηὴφ,ἀνὴρ
1797 663 1899 694 δίκαιος

1115 707 1185 745 εἶναι
1199 707 1327 753 ημεμαρτυ
1333 714 1457 750 ρημένος·
1472 711 1566 747 διόπερ
1579 710 1691 741 εἰκότως
1706 710 1736 736 οὐ
1758 707 1832 744 παρὰ
1846 709 1901 739 τοίς

1115 764 1203 798 αὐτῆς
1219 761 1353 797 γονεῦσιν,
1366 759 1422 786 ἀλλ’
1437 759 1487 794 ⁸ἤδη
1506 758 1569 792 παρ’
1581 755 1658 790 αὐτῷ
1670 754 1802 790 γενομένη
1819 752 1900 798 ὲγκύῖ

1118 818 1176 846 μων
1182 796 1186 798 Π
1193 796 1240 835 σὺν
1248 806 1321 841 αὐτῷ
1338 804 1482 840 γενομένη,
1491 803 1554 838 παρ’
1565 801 1648 835 αὐτὴν
1656 800 1693 832 ὼς
1700 801 1786 826 εἰπεῖν
1792 799 1842 834 τὴν
1856 796 1902 824 τοῦ

1117 843 1208 889 γάμου
1224 852 1310 885 τάξιψ
1335 849 1388 885 πρὸ
1403 848 1459 884 γὰρ
1478 847 1525 875 τοῦ
1548 846 1684 873 συνελθεῖν
1708 845 1816 876 αὐτοὺς,
1829 843 1866 874 ὼς
1885 843 1903 878 ἡ

1117 898 1211 934 Γραφὴ
1227 896 1368 933 μαρτυρεῖ,
1384 893 1482 929 εὑρέθη
1498 893 1527 918 ὲν
1539 891 1638 926 γαστρὶ
1654 890 1763 925 ἔχουσα.

285 955 332 984 sed
346 953 418 990 apud
447 952 594 988 Josepbum
627 952 740 987 gravida
764 951 835 979 facta
857 956 910 984 est,
930 959 962 979 ac
980 949 1100 978 maritali
1119 945 1316 983 propemodum
1335 949 1430 970 mere:
1447 944 1594 974 antequam
1610 938 1683 966 enim
1716 935 1904 965 convenirent,

286 1007 316 1030 ut
344 1001 486 1037 Scriptura
509 1004 643 1032 testatur,
670 1000 698 1027 in
722 1004 801 1027 utero
824 999 930 1027 habens
954 999 1067 1026 inventa
1085 1001 1138 1025 est.

320 1049 348 1076 5.
369 1026 419 1075 Cui
433 1054 516 1082 porro
532 1046 642 1073 inventa
655 1049 707 1078 est,
720 1045 772 1073 nisi
786 1044 923 1081 Josepbo?
946 1045 1002 1073 Cur
1017 1052 1067 1071 au-

1151 1043 1186 1074 τ,
1204 1039 1261 1065 Τίνι
1274 1038 1295 1064 δ’
1311 1037 1363 1072 ἄρα
1380 1035 1488 1071 εὑρέθη,
1500 1033 1556 1060 ἀλλ’
1573 1032 1590 1067 η
1607 1031 1645 1067 τῷ
1666 1029 1782 1065 ἰωπήφς
1801 1027 1861 1059 πῶς
1869 1026 1907 1082 ,δὲ

286 1099 340 1122 tem
363 1096 390 1121 et
415 1091 553 1128 quomodo
578 1099 624 1119 res
657 1090 778 1126 Josepho
805 1096 945 1127 comperta
974 1090 1067 1123 fuerit,

288 1139 431 1174 Scriptura
445 1139 525 1166 decet
537 1137 603 1165 dum
620 1137 669 1170 ait,
687 1144 702 1163 a
724 1140 821 1165 sancto
837 1137 942 1172 Spiritu
965 1136 1070 1172 patefa-

287 1190 360 1213 ctam
373 1193 435 1213 esse
446 1184 566 1220 loseplio
577 1184 653 1219 justo
664 1183 783 1217 homini;
800 1184 847 1219 qui
860 1184 895 1211 ob
907 1184 1069 1218 bancipsam

286 1231 422 1266 justitiam
438 1238 517 1257 suam
533 1230 572 1256 nil
587 1230 687 1256 mirum
704 1235 746 1257 est
770 1229 793 1257 si
820 1236 836 1255 a
857 1228 950 1256 divino
965 1224 1070 1263 Spiritu

289 1277 412 1312 adjutus,
428 1275 554 1310 conjugis
571 1282 633 1302 mox
653 1274 752 1301 futura:
773 1275 965 1308 conceptiones
990 1274 1071 1301 intel—

291 1321 366 1353 lexit,
385 1324 466 1355 atque
482 1327 497 1346 a
522 1319 639 1346 maritali
656 1326 805 1354 congressu
830 1319 974 1346 abstinuit.
998 1319 1073 1345 Illico

291 1368 374 1402 igitur
389 1374 419 1394 re
442 1366 551 1400 cognita
573 1366 687 1393 territus
703 1365 790 1392 voluit
813 1365 921 1392 occulte
937 1364 1074 1392 dimittere

292 1412 404 1439 Mariam
423 1421 430 1436 :
444 1418 504 1445 quae
518 1410 675 1438 acciderant
689 1410 792 1445 majora
808 1410 980 1441 existimans,
993 1418 1073 1445 quam

293 1462 322 1485 ut
345 1458 404 1493 ipse
429 1464 492 1484 cum
517 1463 548 1484 ea
571 1456 697 1491 posthinc
708 1460 873 1484 versaretur.
903 1457 991 1492 Atque
1018 1457 1075 1484 haec

293 1511 376 1532 causa
395 1506 456 1537 fuit,
472 1504 648 1538 quamobrem
661 1504 753 1538 justus
768 1511 830 1531 cum
844 1507 928 1536 esset,
953 1503 1025 1530 haud
1040 1510 1076 1530 ae-

293 1558 377 1586 quum
395 1550 525 1585 judicavit
547 1558 607 1578 eam
626 1550 767 1578 diiiamare
786 1559 793 1577 :
810 1550 908 1578 maluit
923 1553 1012 1576 autem
1028 1556 1076 1576 oc-

295 1596 369 1624 culte
380 1595 503 1623 eamdem
517 1595 663 1623 dimittere.
682 1595 806 1622 Profecto
817 1595 851 1627 is,
867 1595 921 1622 nisi
937 1594 988 1622 sibi
1013 1601 1077 1629 per—

294 1642 442 1673 suasisset,
458 1649 518 1669 eam
544 1641 577 1669 de
592 1647 688 1669 sancto
706 1640 810 1676 Spiritu
825 1640 1001 1676 concepiSse;
1016 1647 1078 1667 cum

296 1688 380 1724 probe
392 1688 474 1716 simul
489 1688 571 1716 sciret
585 1687 708 1715 eamdem
724 1695 738 1714 a
752 1694 782 1714 se
793 1687 853 1714 viro
884 1691 992 1714 uterum
1021 1693 1076 1713 non

295 1742 407 1770 gerere;
424 1735 471 1769 qui
491 1734 601 1761 tandem
618 1734 676 1762 ﬁeri
695 1738 812 1770 poterat,
832 1738 861 1761 ut
876 1741 942 1765 non,
962 1739 1011 1768 pro
1024 1739 1080 1759 suae

294 1781 411 1815 iustitiae
427 1787 549 1814 munere,
569 1785 635 1808 ante
656 1781 767 1815 nuptias
791 1783 948 1814 corruptam
972 1778 1081 1814 publice

296 1827 427 1860 ediceret,
445 1831 528 1862 atque
543 1827 578 1854 ob
602 1827 628 1854 id
653 1826 860 1862 magistratibus
885 1825 991 1852 idoneis
1006 1824 1082 1859 judi-

297 1873 412 1899 candam
427 1872 547 1900 traderet
558 1880 589 1900 ac
601 1872 814 1900 dilfamandam?
824 1872 933 1907 Alioqui
945 1871 1083 1906 quomodo

270 1942 278 1950 ,
296 1918 393 1953 justus
405 1922 489 1950 esset,
514 1918 562 1953 qui
576 1919 610 1946 de
630 1926 660 1946 re
683 1919 766 1954 impia
787 1919 901 1954 tegenda
914 1917 1084 1952 celandaque

299 1964 455 1999 satageret?
478 1964 560 1992 Certe
583 1964 731 1999 Josephum
761 1964 799 1991 ita
825 1971 855 1991 se
881 1966 1030 1998 gerentem,
1049 1962 1083 1989 ab

299 2009 466 2044 evangelista
489 2009 591 2045 justum
611 2010 752 2045 appellari,
777 2017 832 2038 non
855 2013 914 2036 erat
939 2011 1084 2035 consenta-

300 2062 394 2081 neum.
410 2053 462 2082 Sed
485 2055 559 2082 enim
573 2056 638 2090 quia
655 2056 714 2090 ipse
736 2054 901 2082 diviniorem
915 2053 1036 2089 Virginis
1051 2053 1085 2080 de

302 2103 398 2126 sancto
412 2099 514 2134 Spiritu
529 2105 692 2136 conceptum
707 2101 797 2134 novit;
824 2104 852 2128 et
875 2099 941 2134 quia
961 2098 1083 2126 eamdem

302 2148 488 2183 augustiorem
504 2149 682 2182 existimavit,
695 2157 777 2185 quam
790 2153 819 2176 ut
834 2148 886 2176 sibi
904 2147 1009 2175 diutius
1021 2147 1086 2174 lice-

302 2197 344 2220 rct
358 2201 420 2221 cum
445 2194 491 2221 illa
520 2195 662 2228 habitare;
690 2200 765 2223 recte
786 2195 891 2222 idcirco
916 2193 1086 2228 evangelista

302 2237 382 2270 dicit,
396 2246 412 2265 a
426 2237 546 2274 Josepbo
558 2243 668 2274 captum
683 2247 746 2268 esse
757 2239 902 2267 consilium
920 2238 990 2264 clam
1005 2244 1087 2272 spon-

303 2292 361 2312 sam
377 2284 531 2312 dimittendi
544 2293 632 2320 neque
648 2285 815 2313 difi‘amatam
832 2292 848 2311 a
864 2292 894 2312 se
910 2291 999 2318 neque
1012 2283 1088 2317 obje—

302 2335 375 2359 ctam
393 2332 466 2367 vulgi
480 2332 664 2359 sermonibus.
680 2332 752 2359 Bene
766 2331 850 2367 igitur
869 2331 904 2358 ab
919 2329 1087 2365 evangelista

302 2377 358 2405 dici
381 2378 499 2410 videtur,
523 2378 595 2413 quod
620 2386 680 2406 eam
704 2378 847 2406 difl‘amare
872 2377 1002 2404 noluerit.
1026 2375 1087 2403 Non

304 2425 377 2451 enim
395 2425 434 2452 ait
447 2425 545 2452 nolens
562 2432 621 2452 eam
644 2423 789 2456 infamare,
806 2424 853 2451 sed
870 2432 879 2448 (
898 2422 1057 2454 dilfamare;
1077 2431 1086 2447 ›

304 2479 421 2507 quorum
437 2472 633 2499 vocabulorum
660 2471 745 2498 multa
761 2475 802 2499 est
827 2469 990 2498 differentia.
1010 2467 1089 2495 Sicut

304 2519 377 2545 enim
395 2525 448 2545 non
474 2517 544 2544 idem
566 2517 702 2553 signiﬁcat
719 2517 840 2545 scribere
862 2520 889 2545 et
906 2515 1088 2551 proscribere.

307 2568 403 2599 putare
415 2568 443 2591 et
459 2563 603 2598 imputare,
620 2571 717 2599 rogare
734 2567 761 2591 et
775 2564 923 2598 abrogare:
939 2562 979 2589 sic
1001 2568 1089 2596 neque

306 2608 451 2636 did‘amare
463 2613 490 2636 et
506 2609 639 2636 infamare
656 2618 663 2635 :
680 2615 797 2643 namque
821 2607 955 2635 infamare
976 2606 1042 2633 facit
1061 2608 1091 2632 ut

307 2654 460 2689 cogitemus
475 2653 509 2682 de
523 2654 630 2688 publica
646 2654 765 2681 hominis
778 2653 892 2681 malefici
908 2651 1091 2688 patel'actione

1121 1073 1168 1114 xui.
1181 1085 1241 1111 τίνα
1257 1083 1354 1119 τρόπον
1368 1082 1481 1117 εὓρηται
1491 1079 1570 1105 τοῦτο
1579 1077 1618 1112 τῷ
1638 1076 1746 1110 Ἰωσὴφ,
1755 1074 1854 1108 ὁλόγος
1867 1073 1908 1099 δι-

1120 1132 1193 1163 δάξει
1209 1117 1316 1164 φὰςξὲκ
1332 1126 1488 1161 Πνεύματος
1503 1124 1578 1158 ἁγίου
1586 1121 1705 1152 γνωστὸν
1719 1120 1829 1154 γέγονεν
1839 1117 1910 1144 οὕτω

1121 1178 1169 1204 καὶ
1185 1176 1223 1211 τῷ
1243 1175 1351 1209 Ἰωσήφ·
1365 1172 1466 1202 δίκαιος
1473 1168 1527 1204 γὰρ
1538 1167 1580 1204 ἦν·
1596 1167 1700 1198 δίκαιος
1712 1166 1740 1192 δὲ
1755 1164 1907 1199 τυγχάνων,

1123 1225 1152 1250 οὐ
1167 1222 1320 1258 θαυμαστὸν
1336 1221 1359 1247 εἱ
1374 1220 1420 1247 καὶ
1432 1219 1503 1246 θείου
1518 1216 1674 1251 Πνεύματος
1689 1214 1788 1249 ἠξίωτο
1805 1212 1871 1248 πρὸς
1879 1211 1909 1237 τὸ

1124 1271 1241 1296 συνεῖναι
1253 1268 1302 1303 μὲν
1316 1267 1366 1301 τῆς
1380 1264 1527 1301 μελλούσης
1535 1261 1658 1298 γαμετῆς
1671 1259 1779 1294 κύησιν,
1787 1259 1910 1293 ἐπισχεῖν

1123 1316 1151 1342 δὲ
1165 1316 1214 1350 τὴν
1224 1314 1294 1341 κατὰ
1304 1312 1387 1348 ἄνδρα
1403 1310 1553 1338 κοινωνίαν.
1574 1307 1678 1334 Αὐτίκα
1693 1305 1783 1336 συνεὶς
1801 1304 1848 1330 καὶ
1860 1312 1911 1330 κα-

1124 1349 1272 1394 ταπλαγεὶς
1287 1357 1419 1393 ἐϐουλήθη
1432 1356 1518 1392 λάθρα
1537 1354 1670 1382 ἀπολῦσαι
1687 1352 1787 1388 αὐτήν·
1803 1349 1912 1386 μείζονα

1126 1407 1141 1441 ἢ
1153 1393 1225 1433 κατᾶ
1236 1406 1285 1441 τὴν
1299 1405 1346 1432 σὺν
1362 1403 1437 1438 αὐτῷ
1453 1401 1593 1438 διατριϐὴν
1605 1400 1640 1427 τὰ
1654 1397 1834 1434 πεπραγμένα
1843 1393 1912 1422 εἶναι

1125 1450 1384 1486 λογισάμενος-Καὶ
1396 1449 1474 1476 τοῦτο
1492 1447 1546 1483 ἄρα
1561 1445 1594 1482 ἦν
1611 1445 1642 1472 τὸ
1658 1444 1758 1474 αἴτιον,
1775 1443 1809 1469 δι’
1824 1442 1848 1474 δ,
1872 1441 1913 1467 δί-

1127 1507 1204 1529 καιος
1217 1496 1265 1529 ὦν,
1292 1497 1342 1523 οὐκ
1361 1495 1452 1530 ἔκρινε
1474 1493 1522 1529 μὲν
1538 1492 1641 1519 δῖκαιον
1656 1488 1725 1517 εἶναι
1741 1487 1914 1523 δειγματίσαι

1127 1543 1221 1579 αὐτὴν,
1241 1542 1372 1577 ἐϐουλήθη
1386 1540 1414 1567 δὲ
1429 1539 1517 1574 λάθρα
1529 1536 1662 1564 ἀπολῦσαι
1679 1535 1775 1569 αὑτήν·
1800 1533 1847 1559 καὶ
1861 1531 1915 1579 μὴν

1129 1592 1152 1617 εἰ
1166 1577 1203 1626 μη
1216 1590 1245 1622 ἐξ
1261 1589 1339 1623 ἁγίου
1356 1586 1512 1621 Πνεύματος
1535 1584 1664 1610 πέπειστο
1685 1580 1770 1615 αὐτὴν
1795 1577 1916 1611 συνειλη-

1130 1624 1219 1671 φέναι,
1233 1634 1352 1669 ἁκριόὦς
1367 1632 1444 1664 εἰδὼς
1456 1632 1496 1658 ὅτι
1513 1630 1580 1666 μηδέ
1595 1629 1625 1662 ἐξ
1648 1627 1729 1655 αὑτοῦ
1738 1626 1771 1652 τὸ
1784 1624 1855 1651 κατὰ
1867 1632 1917 1671 γα-

1132 1669 1211 1718 στρὸς
1227 1681 1319 1716 ἔφερε,
1335 1679 1439 1714 τίδῆτα
1454 1678 1557 1708 δίκαιος
1570 1673 1720 1708 ὣνὸανὴρ,
1736 1673 1786 1699 οὐκ
1801 1672 1841 1702 εἰς
1851 1669 1919 1696 πάν-

1132 1716 1179 1759 ταξ
1195 1727 1299 1761 ἐξάγων
1314 1726 1363 1761 τὴν
1379 1723 1572 1759 διαφθαρεῖσαν
1588 1720 1641 1756 πρὸ
1656 1719 1746 1754 γάμου
1761 1718 1811 1753 τήν
1831 1716 1917 1751 ὦραν,

1131 1776 1187 1806 τοῖς
1200 1774 1233 1800 τὰ
1249 1772 1360 1799 τοιαῦτα
1374 1771 1477 1807 κρίνειν
1493 1768 1636 1804 παρεδίδου
1651 1767 1790 1803 δράσασαν
1803 1763 1919 1797 δειγμα-

1132 1819 1222 1852 τίσαι;
1236 1818 1293 1850 πῶς
1307 1817 1334 1843 δὲ
1351 1816 1453 1847 δίκαιος
1469 1815 1484 1841 ό
1501 1814 1550 1850 τὴν
1565 1813 1721 1849 παράνομον
1737 1809 1837 1846 πρᾶξιν
1859 1810 1921 1835 ἐπι·

1133 1865 1255 1897 σκιάζειν
1278 1863 1324 1890 καὶ
1347 1861 1524 1897 ἐπικρύπτειν
1544 1857 1786 1896 προθυμούμενος;
1799 1855 1856 1882 ἀλλ’
1870 1855 1922 1881 οὐκ

1133 1912 1207 1944 εἰκὸς
1220 1910 1265 1937 τὸν
1275 1908 1465 1944 εὐαγγελιστὴν
1480 1907 1583 1934 δίκαιον
1598 1905 1678 1932 αὐτὸν
1689 1904 1735 1930 ἐπὶ
1749 1902 1853 1934 τούτοις
1869 1900 1924 1935 φά-

1134 1966 1187 1990 ναι,
1195 1956 1264 1983 and:
1274 1955 1328 1991 γὰρ
1340 1953 1548 1988 συναισθόμενον
1560 1951 1603 1978 διὰ
1615 1950 1692 1985 ἁγίου
1703 1948 1775 1976 ῐΙνεύ
1778 1956 1862 1983 ματος
1871 1947 1924 1982 τὴν

1135 2003 1273 2039 θειοτέραν
1289 2001 1338 2036 τῆς
1360 1999 1499 2036 Παρθένου
1519 1998 1568 2033 (2‘)
1586 1996 1725 2032 γεγονέναι
1744 1994 1853 2039 κύησιν,
1877 1992 1926 2019 καὶ

1135 2050 1276 2086 κρείττονα
1282 2048 1330 2082 τῆς
1338 2048 1385 2074 σὺν
1391 2045 1464 2081 αὐτῷ
1471 2043 1611 2080 διατριϐῆς
1617 2042 1789 2078 ἡγησάμενον
1797 2038 1867 2067 εἶναι
1874 2039 1928 2075 τὴν

1135 2095 1299 2130 οίκονομίαν,
1315 2093 1426 2121 εἰκότως
1447 2091 1528 2128 φησὶν
1542 2090 1623 2118 αὑτὸν
1636 2086 1822 2122 διανενοῆσθαι
1836 2086 1928 2121 λάθρα

1135 2141 1269 2170 ἀπολῦσαι
1286 2139 1370 2175 αὐτὴν
1383 2139 1419 2175 μὴ
1435 2136 1669 2173 δειγματισθεῖσαν
1683 2135 1729 2162 ὑπ’
1740 2133 1834 2165 αὑτοῦ,
1858 2132 1928 2168 μηδὲ

1135 2190 1191 2220 τοῖς
1208 2187 1314 2217 πολλοῖς
1326 2184 1443 2220 φανερὰν
1456 2182 1604 2218 γενομένην
1616 2190 1622 2196 ·
1639 2179 1668 2207 εὖ
1691 2179 1757 2214 γοῦν
1771 2178 1819 2205 καὶ
1847 2177 1877 2203 τὸ
1889 2177 1929 2212 μὴ

1137 2234 1222 2261 θέλων
1240 2232 1323 2267 αὐτὴν
1339 2229 1512 2265 δειγματίσαι
1527 2226 1653 2263 εἰρῆσθαι
1665 2225 1738 2252 δοκεῖ
1752 2223 1805 2250 ὑπὸ
1820 2223 1869 2249 τοῦ
1883 2223 1930 2248 εὖ·

1139 2278 1312 2315 αγγελιστοῦ·
1326 2278 1356 2304 οὐ
1372 2276 1426 2312 γὰρ
1444 2275 1527 2310 ἔφησε
1547 2273 1583 2309 μὴ
1596 2272 1680 2299 θέλων
1702 2270 1786 2305 αὐτὴν
1803 2269 1934 2304 παραδει-

1137 2326 1280 2362 γματίσαι,
1288 2323 1356 2351 ἀλλὰ
1368 2324 1405 2359 μὴ
1411 2321 1582 2357 δειγματίσαι
1590 2320 1626 2354 (5)
1636 2319 1728 2346 θέλωψ
1737 2316 1838 2351 πολλῆς
1845 2315 1932 2350 οὔσης

1104 2388 1127 2416 D
1140 2361 1169 2400 ὲν
1182 2372 1285 2403 τούτοις
1298 2371 1429 2406 διαφορᾶς
1439 2378 1447 2384 ·
1460 2369 1498 2400 ὡς
1515 2368 1568 2403 γὰρ
1583 2366 1613 2393 οὐ
1630 2365 1728 2392 ταυτὸν
1741 2363 1884 2416 λσημαίνει
1901 2361 1933 2388 τὸ

1142 2419 1244 2455 γράψαι
1258 2417 1305 2444 καὶ
1317 2415 1507 2451 παραγράψαι,
1522 2414 1570 2440 καὶ
1579 2412 1609 2438 τὺ
1627 2409 1786 2445 λογίσασθαι
1807 2409 1856 2435 καὶ
1876 2416 1932 2434 πα-

1145 2464 1348 2502 ραλογίσασθαι,
1367 2463 1414 2489 καὶ
1429 2462 1546 2497 ψηφῖσαι
1562 2459 1609 2486 καὶ
1624 2456 1824 2493 παραψηφίσαι·
1845 2455 1934 2486 οὕτως

1143 2501 1202 2538 οὐδὲ
1211 2510 1241 2536 τὸ
1257 2508 1427 2544 δειγματίσαι
1439 2507 1486 2533 καὶ
1500 2503 1756 2541 παραδειγματίσαι-
1770 2501 1801 2527 τὸ
1816 2501 1866 2536 μὲν
1878 2501 1936 2536 γὰρ

1144 2555 1402 2593 παραδειγματίσαι,
1416 2553 1465 2589 τὴν
1476 2553 1522 2579 ἐπὶ
1531 2551 1623 2582 κακῶς
1635 2550 1767 2585 πράξαντι
1779 2549 1819 2580 εἰς
1827 2548 1936 2578 πάντας

1143 2602 1296 2638 φανέρωσίν
1323 2609 1353 2627 τε
1372 2600 1419 2627 καὶ
1441 2598 1567 2633 διαὸολὴν
1589 2596 1735 2623 ὑποϐάλλει
1751 2595 1832 2622 νοεῖν·
1851 2594 1882 2621 τὸ
1907 2593 1936 2620 δὲ

1141 2649 1321 2684 δειγματίσαι,
1339 2647 1369 2673 τὺ
1385 2645 1501 2681 φανερὸν
1513 2643 1605 2674 ἁπλῶς
1619 2642 1741 2677 ποιῆσαι.

309 2706 342 2726 ac
367 2700 522 2733 delatione;
547 2699 687 2727 diﬂ'amare
712 2703 801 2727 autem
824 2697 1005 2734 phtcfacicndi
1031 2695 1220 2723 tantummodo
1235 2695 1382 2721 notionem
1400 2692 1492 2719 habet.

344 2746 354 2762 '
375 2746 453 2773 Deut.
471 2754 547 2780 xm,
563 2747 609 2774 25.

329 2791 393 2830 _(2‘)
417 2792 477 2826 Τὴν
498 2792 656 2830 θειοτέραν.
673 2791 729 2826 τῆς
752 2790 916 2830 Παρθένρυ.
939 2787 1096 2830 Legen_dum

309 2827 415 2853 videtur
441 2823 513 2858 esse,
531 2823 626 2854 leviter
650 2823 801 2854 immutato’
817 2826 961 2852 verborum
986 2823 1094 2853 ordine.

309 2861 431 2898 0no_épa._v
440 2861 488 2898 τὴν
507 2862 561 2898 τῆς
573 2863 721 2898 Παρθένου.
738 2862 819 2898 Ε-ριτ.

346 2893 388 2929 (ὂὶ
406 2896 444 2923 En
465 2893 599 2924 Eusebius
615 2893 717 2924 diserte
734 2896 850 2923 aliirmat
869 2894 1013 2922 lectionem
1037 2893 1091 2929 δει-

312 2932 456 2966 γματίσαι,
469 2939 551 2966 quam
566 2931 647 2959 habet
660 2932 741 2958 etiam
753 2930 960 2966 antiquissimus
971 2928 1092 2956 omnium

1151 2785 1236 2813 codex
1261 2784 1378 2812 biblicus
1403 2783 1562 2810 Vaticanus.
1591 2788 1640 2808 nec
1664 2787 1718 2806 non
1736 2779 1937 2814 palimpsestns

1149 2820 1331 2848 Dublinensis.
1348 2819 1426 2854 Apud
1440 2817 1609 2854 Sabaterium
1624 2813 1777 2854 consonant
1788 2814 1850 2841 cod.
1856 2813 1938 2854 Ean-

1146 2847 1245 2885 tabi-ia.
1265 2847 1423 2889 pra’pnldre.
1443 2853 1473 2881 S.
1492 2851 1672 2887 Augustinus,
1690 2849 1838 2881 divulqare,
1856 2847 1937 2884 Vigi-

1147 2892 1199 2919 lius
1216 2890 1310 2926 Taps.,
1326 2890 1452 2925 detegere.
