2065 3216
165 206 220 234 885

444 204 672 239 QUJESTIONES
690 203 920 231 EVANGELICE
939 202 983 230 AD
1004 199 1223 229 STEPIIANUM.
1244 213 1278 220 —
1297 197 1460 232 QUAiSTlO
1480 197 1499 224 i.

1729 196 1780 224 886

201 262 233 289 δ’.
258 261 365 295 Ἐπειδὴ
375 261 403 286 δὲ
419 261 513 287 τούτου
529 260 683 296 γενομένου,
703 261 726 286 εἰ
736 260 784 286 xui.
800 259 887 294 λάθρα
901 259 942 285 αὑ-

1035 257 1062 284 4.
1085 256 1138 284 Sed
1156 256 1219 291 quia
1235 259 1323 283 tamen
1350 254 1407 282 fieri
1432 262 1486 281 non
1508 256 1614 288 poterat
1629 257 1658 280 ut
1679 253 1781 282 multos

165 309 216 343 τὴν
227 307 395 338 ἁπολελὺκει,
413 308 501 342 μεῖζον
517 305 550 342 ἦν
563 307 592 333 τὺ
608 307 732 341 πρᾶγμα,
747 306 763 340 ἦ
775 306 844 332 κατὰ
856 305 887 331 τὸ
900 304 948 331 λα-

163 353 223 379 θετν
235 353 297 384 τοὺς
314 351 435 384 πολλοὺς,
451 352 563 383 εἰκότως
581 350 694 382 ἐπιστὰς
714 350 779 386 ὄναρ
801 352 815 377 ό
833 349 948 384 ἄγγελος

165 399 217 434 ἔφη
228 398 265 434 τῷ
282 399 390 433 Ἰωσήφ·
406 408 414 423 ι
437 398 532 434 Ἰωσὴφ
555 398 654 433 Ἰωσὴφ
668 397 725 429 υίὸς
737 397 828 428 Δασὶδ,
849 397 886 432 μὴ
901 406 948 431 φο-

164 443 252 478 ϐηθῇς
266 443 430 477 παραλαϐεῖν
445 443 560 478 Μαριὰμ
576 442 624 478 τὴν
640 442 761 476 γυναῖκα·
770 450 816 468 σου
828 450 834 456 ·
846 442 878 468 τὸ
893 441 947 477 γὰρ

164 489 194 514 ἐν
209 489 276 523 αὐτῇ
295 487 422 522 γεννηθὲν
435 488 471 513 ἐκ
484 487 639 522 Πνεύματός
661 488 734 513 ἐστιν
754 486 841 520 ἁγίουι
862 496 870 511 ι
892 486 947 512 ΚαὶΙ

164 531 215 558 θέα
231 541 264 566 γε
277 533 315 566 ὼς
332 531 439 568 πρῶτον
452 532 508 558 υἱὸν
528 532 610 558 Δαῆὶδ
625 531 763 562 ἀνακαλεῖ,
778 531 948 565 ἀναπέμπων

164 578 211 604 ἐπὶ
222 577 267 604 τὸν
283 578 452 613 προπάτορα,
465 577 508 604 διὰ
524 578 568 603 τόν
583 578 615 604 ἐκ
626 577 781 612 σπέρματος
797 576 879 603 Δαὸὶδ
892 578 947 608 τοῖς

162 624 232 650 ’πᾶσι
245 623 476 658 προσδοκώμενον·
490 623 550 649 ἐπεὶ
558 622 602 649 διὰ
618 623 643 649 τι
662 623 699 658 μὴ
714 622 771 649 υἱὸν
786 622 866 649 αὺτὸν
879 621 946 657 ἐφη-

163 677 211 694 σεν
229 667 337 701 Ὶακώ6;
352 666 428 700 οὗτος
441 668 495 703 γὰρ
506 665 539 703 ἦν
551 667 631 694 αὑτοῦ
651 667 723 694 κατὰ
740 667 829 703 σάρκα
844 667 946 703 πατὴρ.

161 714 201 745 ὡς
219 715 351 750 μαρτυρεῖ
366 714 380 739 ὁ
396 713 600 748 εὐαγγελιστὴς’
621 723 629 738 ι
645 712 758 740 Ματθὰν
770 713 798 739 δὲ
820 713 946 748 ἐγέννησε

160 759 208 786 τὴν
232 758 327 786 Ἰακώϐ
339 767 345 773 ·
368 758 464 785 Ἰακὼϐ
474 759 501 785 δὲ
513 759 639 794 ἐγέννησε
654 758 697 784 τὸν
718 759 825 793 Ἰωσήφο
840 768 848 784 ι
862 758 909 784 νῦν
918 758 946 785 δὲ

160 805 260 840 παρεὶς
276 804 323 831 τοῦ
341 805 443 840 πατρὸς
467 804 516 840 τὴν
544 805 652 840 μνήμην
669 825 676 836 ,
701 803 747 830 τοῦ
776 804 946 839 προπάτορος

159 851 373 886 ὑτιπομιμνήσκει⁸
391 850 530 885 μονονουχὶ
551 850 688 885 σημαίνων
705 850 742 881 ὡς
761 849 814 884 ἄρα
830 850 844 876 ὁ
859 850 945 884 ἐπηγ-

158 896 290 931 γελμένος
303 895 341 931 τῷ
355 895 446 927 Δαϐὶδ,
457 893 573 930 οὗτοςῆν
589 897 603 922 ὀ
617 895 773 931 παραδόξως
784 896 797 921 ὁ
809 894 846 930 μὴ
856 893 885 927 ἐξ
897 895 945 921 αὑ-

999 311 1031 329 ea
1046 310 1090 329 res
1102 302 1208 333 lateret,
1225 300 1333 328 etiamsi
1347 300 1459 326 Mariam
1471 297 1607 333 Iosephus
1622 298 1693 325 clam
1705 297 1780 326 dese-

999 349 1110 380 ruisset,
1126 347 1269 375 commode
1283 347 1395 381 angelus
1410 353 1457 381 per
1479 344 1615 372 somnium
1630 344 1694 372 huic
1704 345 1780 372 obla-

1000 398 1045 422 tus
1059 394 1096 421 ait
1114 403 1120 420 :
1148 402 1157 418 ‹
1178 392 1278 427 Ioseph
1297 391 1398 426 Ioseph
1423 390 1459 417 [ili
1484 389 1605 421 Davidis,
1683 389 1780 417 timeas

999 440 1124 474 accipere
1141 438 1252 465 Mariam
1263 438 1403 472 conjugem
1420 440 1494 463 tuam
1508 445 1514 463 :
1527 436 1599 471 quod
1613 435 1685 462 enim
1704 435 1732 462 in
1748 442 1779 463 ea

997 491 1091 513 natum
1104 489 1156 516 est,
1171 485 1204 512 de
1217 485 1320 520 Spiritu
1332 489 1427 511 sancto
1441 487 1483 511 est
1495 483 1516 508 ‘.
1534 492 1543 507 ι
1558 481 1590 508 Et
1604 481 1704 508 vidssis
1721 484 1749 508 ut
1765 489 1779 507 a

999 531 1134 567 principio
1145 532 1229 558 lilium
1246 530 1356 558 Davidis
1367 529 1442 556 hunc
1454 528 1582 563 appellat,
1595 527 1700 555 scilicet
1707 534 1780 554 eum-

997 577 1060 603 dem
1075 583 1206 603 rcvocans
1227 576 1259 602 ad
1281 574 1482 609 progenitoretn
1499 580 1550 607 ope
1574 572 1648 599 illius
1669 579 1747 606 quem
1764 579 1779 597 a

998 622 1110 650 Davidis
1136 629 1235 657 genere
1259 628 1355 648 omnes
1378 618 1584 654 exspectabant.
1603 617 1710 652 Alioqui
1729 625 1779 644 cur

998 676 1052 696 non
1073 675 1135 696 eutn
1151 667 1245 694 Jacobi
1262 666 1345 693 ﬁliuni
1362 665 1495 693 dixisset?
1519 664 1569 692 Ilic
1588 664 1659 690 enim
1675 667 1733 690 erat
1747 663 1780 689 il-

998 715 1053 742 lius
1076 717 1173 741 natura
1201 713 1342 747 proximus
1366 716 1453 746 pater,
1482 715 1550 738 teste
1577 710 1743 744 evangelista
1770 719 1776 736 :

1001 770 1009 786 ι
1031 759 1187 787 Matthanus
1204 762 1294 785 autem
1320 757 1413 792 genuit
1428 756 1579 789 Iacobum;
1594 755 1713 782 Iacobus
1729 764 1779 784 au-

996 809 1050 833 tem
1075 804 1167 840 genuit
1189 803 1346 837 Iosephum.
1367 812 1376 828 ›
1403 801 1481 829 Nunc
1503 809 1578 834 vero,
1595 801 1778 836 przetermissa

997 851 1084 887 patris
1100 851 1247 882 mentione,
1262 849 1462 884 progenitorem
1482 851 1691 881 commemorat;
1713 855 1778 882 pro-

996 897 1142 933 pemodum
1157 896 1323 932 signiﬁcans,
1339 895 1385 929 qui
1399 893 1492 921 Davilli
1511 894 1663 928 promissus
1677 893 1776 924 fuerat,

157 942 219 975 τοῦ,
235 942 268 968 ὲκ
279 942 436 976 “viduum;
449 941 476 968 δὲ
487 941 564 975 ἁγίου
582 941 634 967 ὑπὸ
644 941 693 976 τῆς
707 941 816 975 Μαρίας
831 939 942 975 κυούμε-

998 946 1072 972 hunc
1091 952 1152 972 esse
1176 951 1256 979 quem
1280 941 1435 977 prodigiose
1459 945 1486 968 ct
1511 940 1571 967 sine
1588 940 1644 966 ullo
1666 939 1778 974 Iosephi

157 996 216 1019 νος·
233 988 327 1015 ἔπειτα
340 988 368 1014 δὲ
377 987 450 1023 αὐτῷ
463 987 572 1023 Θαρσεϊν
589 986 805 1022 παρακελεψεται
819 987 853 1013 δι’
867 987 896 1014 ὃν
909 985 946 1013 εῖ-

158 1043 208 1069 χεν
217 1034 307 1068 φόσον·
324 1035 373 1069 οὔχ
387 1034 401 1059 ὁ
417 1033 505 1068 τυχὼν
521 1032 575 1068 γὰρ
587 1032 667 1067 φὸὄος
677 1030 710 1067 ἦν
722 1031 796 1068 αὐτῷ
805 1033 945 1060 συναισθο-

159 1079 235 1114 μένῳ
253 1079 289 1114 μὴ
304 1079 332 1112 ἐξ
346 1079 443 1114 (hope;
455 1078 616 1114 κεκυηκέναι
633 1078 681 1113 τὴν
693 1079 811 1114 Μαρίανε
828 1078 946 1105 κᾶπειτα

157 1125 242 1151 αὐτὸν
256 1125 375 1151 διδάσκει
396 1125 444 1159 οὐχ
459 1125 474 1150 ὃ
489 1124 526 1160 μὴ
546 1124 648 1159 ἠγνόει,
670 1124 737 1151 ἀλλὰ
754 1123 801 1150 τοῦ
816 1124 862 1151 καὶ
879 1124 945 1160 πρό-

155 1178 236 1205 τερον
253 1171 471 1206 γιγνωσκομένου
490 1170 538 1205 τὴν
554 1170 654 1197 αἰτίαν·
672 1170 745 1204 λέγει
766 1169 788 1196 δ’
804 1168 860 1196 οὖν·
881 1179 890 1195 ι
909 1169 945 1196 Τὸ

155 1216 213 1252 γὰρ
229 1218 257 1243 ὲν
271 1218 338 1253 αὐτῇ
355 1217 491 1253 γεννηθὲν,
507 1218 539 1244 ὲκ
556 1217 712 1253 Πνεύματός
722 1219 795 1244 ἐστιν
810 1217 894 1251 ἁγίου.
915 1226 923 1242 ι

193 1328 224 1354 ε’.
248 1327 362 1364 Τοιαύτη
387 1337 428 1360 τις
449 1329 496 1355 καὶ
516 1328 633 1363 τοσαύτη
653 1328 778 1363 γενέσθαι
805 1328 943 1362 οἰκονομία

154 1374 228 1409 ὑπὲρ
242 1374 288 1400 τοῦ
307 1374 397 1401 λαϐεῖν
411 1375 459 1410 τὴν
472 1376 522 1410 τῆς
539 1374 672 1410 παρθένου
689 1374 784 1409 κύησιν
800 1375 862 1405 τοὺς
878 1373 942 1400 ἀπί-

155 1428 247 1451 στους,
261 1421 292 1447 ἐκ
304 1420 353 1456 τῆς
362 1420 435 1452 θείας
444 1420 621 1454 ὑποφαίνεταί
639 1429 682 1456 μοι
697 1420 815 1456 Γραφῆς·
831 1419 942 1455 καὶγὰρ

153 1464 207 1490 οὐκ
228 1464 260 1490 ἂν
285 1464 429 1499 ἐπιστεύθη
447 1465 545 1500 ῥαδίως
558 1467 571 1492 ὁ
585 1465 663 1500 λόγος
687 1464 762 1500 παρὰ
784 1466 840 1496 τοῖς
864 1464 943 1490 τοῦτο

154 1510 312 1542 ἀκούουσιν,
329 1506 412 1547 ἄνδρα
431 1520 461 1537 τε
475 1512 554 1538 αὑτὸν
566 1512 630 1546 ἡμῖν
639 1509 791 1546 ὁμοιοπαθῆ
805 1510 836 1536 τὺ
852 1509 940 1544 σῶμα,

154 1557 204 1583 καὶ
215 1557 274 1584 κατ’
288 1556 363 1583 οὐδὲν
380 1557 429 1592 τὴν
446 1556 544 1592 θνητὴν
554 1557 632 1591 φύσιν
642 1556 863 1592 παραλλάττοντα
874 1555 941 1581 θεω-

155 1602 264 1636 μένοις·
283 1602 309 1628 τί
327 1601 381 1638 γάρ
406 1602 430 1628 ει
459 1603 504 1628 καὶ
522 1601 591 1637 μετὰ
613 1601 697 1628 ταῦτα
723 1600 941 1636 παραδοξοποιῶν

997 991 1095 1023 cilicio,
1120 990 1168 1018 sed
1185 989 1218 1017 de
1241 988 1344 1023 Spiritu
1370 991 1465 1015 sancto
1494 986 1579 1014 Maria
1605 991 1777 1021 conceperat.

997 1036 1100 1064 Deinde
1121 1043 1182 1064 eum
1199 1035 1282 1070 jubet-
1301 1034 1438 1064 timorem,
1466 1040 1521 1068 quo
1542 1035 1686 1066 correptus
1705 1035 1775 1063 erat,

996 1082 1143 1109 dimittere.
1159 1080 1219 1108 Non
1233 1080 1305 1107 enim
1321 1079 1348 1106 in
1365 1078 1496 1106 mediocri
1513 1076 1671 1104 versabatur
1684 1076 1777 1102 formi-

995 1128 1069 1158 dine.
1097 1127 1162 1154 dum
1187 1130 1330 1161 reputaret
1342 1124 1412 1151 haud
1428 1131 1460 1150 ex
1476 1123 1536 1150 viro
1556 1120 1694 1157 gravidam
1715 1128 1777 1148 esse

995 1172 1120 1200 Mariam.
1133 1171 1201 1198 Exin
1211 1170 1336 1198 eumdem
1348 1169 1430 1196 docet
1439 1176 1494 1196 non
1509 1167 1580 1202 quod
1597 1174 1652 1194 non
1668 1167 1778 1201 ignora-

996 1219 1052 1250 bat,
1064 1216 1283 1252 sedpratcogniti
1299 1208 1421 1242 causam.
1439 1213 1483 1240 Ait
1505 1213 1588 1249 igitur
1603 1222 1608 1239 :
1629 1221 1638 1238 ι
1657 1212 1735 1246 Quod
1749 1213 1776 1239 in

995 1271 1026 1291 ea
1036 1267 1130 1290 natum
1145 1267 1196 1296 est,
1210 1262 1244 1289 de
1256 1260 1358 1296 Spiritu
1372 1264 1465 1287 sancto
1476 1263 1528 1287 est.
1545 1268 1554 1284 ι

1030 1319 1056 1346 5.
1077 1318 1142 1346 Tale
1162 1318 1228 1345 mihi
1253 1321 1417 1351 tantntnqne-
1427 1316 1558 1350 agitatum
1579 1313 1726 1341 consilium
1741 1321 1775 1339 ex

994 1365 1094 1393 divinis
1106 1364 1203 1391 litteris
1217 1367 1337 1398 apparet,
1349 1367 1459 1397 propter
1482 1361 1676 1388 occultandam
1690 1360 1776 1387 incre-

994 1412 1066 1440 dulis
1081 1414 1242 1445 conceptum
1255 1409 1378 1444 virginis.
1397 1407 1491 1443 Neque
1506 1408 1578 1434 enim
1592 1407 1671 1434 facile
1686 1406 1777 1433 credi-

994 1457 1049 1484 turi
1071 1460 1160 1487 erant;
1187 1455 1235 1490 qui
1262 1461 1413 1482 sermonem
1437 1452 1571 1488 ejusmodi
1601 1452 1726 1479 audirent
1742 1452 1776 1478 de

993 1503 1104 1531 homine
1114 1502 1183 1529 mira
1195 1505 1361 1532 narrantem,
1377 1507 1457 1534 quem
1472 1506 1548 1534 aeque
1563 1506 1595 1526 ac
1607 1506 1657 1525 nos
1669 1498 1778 1525 inlirmo

993 1556 1108 1584 corpore
1128 1551 1279 1581 naturaque
1293 1546 1365 1573 haud
1381 1544 1508 1573 dissimili
1529 1544 1673 1579 praeditum
1700 1543 1777 1571 vidc-

993 1601 1063 1623 rent.
1079 1593 1170 1627 Quid?
1182 1593 1288 1621 etiamsi
1300 1592 1428 1627 deinceps
1440 1589 1520 1619 Iesus
1534 1590 1665 1618 tniracula
1679 1590 1774 1620 edens,

154 1649 204 1675 xui
221 1648 270 1680 τὰς
282 1649 389 1677 ἐνθέους
402 1648 561 1684 εὐεργεσίας
572 1649 611 1680 εἱς
626 1648 738 1679 πολλοὺς
751 1648 877 1675 ἐκτείνων
899 1647 942 1680 ἐξ·

994 1641 1168 1675 divinamque
1182 1639 1237 1667 vim
1252 1637 1402 1666 beneﬁcam
1416 1644 1485 1672 erga
1497 1636 1597 1664 multos
1612 1643 1775 1670 expromens

153 1695 272 1731 ἑπληττε
288 1695 351 1726 τοὺς
371 1695 506 1731 ὸρῶντας;
530 1694 589 1730 οὐχὶ
609 1694 637 1720 δὲ
654 1694 699 1721 καὶ
715 1694 833 1729 Μωῡσῆς
857 1694 941 1723 πολλὰ

153 1741 411 1776 θαυματουργήσας,
421 1741 470 1775 τῆς
481 1740 573 1782 κοινῆς
585 1740 658 1776 ὅμως
666 1740 798 1774 γενέσεως
809 1741 943 1776 οὐκήμοί-

154 1795 213 1823 ρει;
233 1786 323 1819 Ἠλίας
338 1795 379 1820 τε,
390 1787 436 1813 καὶ
450 1786 610 1817 Ἐλισσαῖος,
619 1787 665 1812 καὶ
680 1787 694 1812 ὁ
710 1785 802 1817 καθεῖς
814 1785 867 1812 τῶν
877 1795 943 1822 προ-

151 1831 263 1868 φητῶνς
281 1833 355 1859 οὐδὲν
372 1831 418 1859 οὖν
435 1832 502 1868 πρὸς
517 1832 548 1858 τὸ
566 1831 602 1867 μὴ
620 1831 649 1864 ὲξ
678 1832 773 1866 ἀνδρὸς
786 1832 942 1867 νομίζεσθαι

151 1879 200 1905 τὸν
223 1879 325 1914 Ἰησοῦν
344 1880 360 1915 ἡ
377 1878 430 1905 τῶν
449 1878 599 1914 τεραστίων
616 1877 706 1913 ἔργων
723 1878 850 1910 ἐπίδειξις
868 1878 941 1914 αὐτῷ

153 1924 340 1951 συνεῦάλλετο·
359 1925 456 1951 αὐτίκα
474 1926 499 1951 οι
516 1925 575 1952 κατ’
592 1923 671 1950 αὺτδν
687 1923 741 1949 οὐδ’
760 1923 823 1950 ἄλλο
837 1932 863 1950 τι
878 1924 942 1958 περῐ

151 1970 206 2005 τῆς
228 1970 360 2004 γενέσεως
376 1970 457 1997 αὑτοῦ
483 1969 688 2005 φανταζόμενοι,
705 1969 805 2004 καίπερ
820 1969 854 1995 τὰ
873 1968 941 2005 δρώ-

155 2024 227 2051 μενα
237 2015 282 2042 ὑπ’
292 2015 372 2042 αὑτοῦ
384 2015 510 2051 ὁρῶντες,
522 2015 619 2049 ἔλεγον
633 2014 700 2049 πρὸς
713 2013 851 2048 ἀλλήλους·
871 2023 880 2038 ι
890 2013 941 2040 ΙΙόέ

152 2061 202 2087 θεν
217 2061 302 2096 τούτῳ
319 2062 392 2087 πᾶσα
407 2061 423 2095 ἠ
442 2059 521 2094 σοφία
535 2059 603 2095 αὓτη
620 2060 666 2086 xui.
689 2060 715 2085 αἰ
729 2058 872 2093 δυνάμεις;
892 2058 941 2093 οὐχ

150 2103 231 2138 οὗτός
242 2107 314 2133 ἐστιν
324 2107 338 2132 ὁ
349 2106 396 2132 τοῦ
416 2106 539 2137 τέκτονυς
552 2105 623 2138 υἱός
642 2105 702 2140 οὐχὶ
718 2105 735 2139 ἠ
754 2104 844 2138 μήτηρ
859 2103 940 2130 αὐτοῦ

151 2152 262 2186 λέγεται
284 2152 394 2186 Μαρίας
408 2152 453 2178 xui.
469 2152 493 2177 oi
512 2151 621 2186 ἀδελφοὶ
636 2149 730 2181 αὑτοῦ,
748 2148 874 2180 Ἰάκωϐος
893 2149 940 2175 καὶ

157 2198 257 2234 Ἰωσὴφ
266 2199 313 2225 xui.
325 2197 416 2233 Σίμων
429 2198 474 2224 καὶ
491 2197 606 2229 Ἰούδαςς
624 2197 670 2223 καὶ
685 2196 712 2222 αἱ
730 2195 841 2230 ἀδελφαὶ
858 2194 939 2221 αὐτοῦ

148 2245 214 2279 οὐχὶ
229 2245 313 2270 πᾶσαι
327 2244 394 2279 πρὸς
409 2244 482 2278 ἡμᾶς
499 2243 551 2269 εἰσι
564 2251 571 2275 ;
591 2252 601 2267 ι
620 2242 674 2268 Καὶ
689 2240 782 2268 ἄλλοτε
796 2241 876 2267 πάλιν
889 2240 939 2275 τῆς

152 2290 259 2326 μητρὸς
267 2290 314 2316 καὶ
325 2290 378 2316 τῶν
390 2289 511 2323 ἀδελφῶν
526 2287 649 2315 ἑστώτων
666 2287 718 2319 ἔξω
734 2286 780 2313 καὶ
788 2286 940 2322 ζητούντων

149 2337 267 2372 λαλῆσαι
277 2336 362 2371 αὐτῷ,
379 2334 438 2362 εἶπέ
456 2344 498 2367 τις
510 2334 584 2369 αὐτῷ
604 2343 611 2349 ·
638 2343 647 2360 ι
669 2335 734 2362 Ἰδοὺ
751 2335 766 2370 ἠ
783 2334 874 2369 μήτηρ
894 2341 941 2359 σου

150 2383 202 2410 καὶ
214 2383 239 2409 οι
254 2382 362 2416 ἀδελφοί
379 2391 424 2408 σου
438 2383 585 2417 ἑστήκασιν
601 2381 662 2414 ἔξω,
675 2381 737 2408 ἰδεῖν
749 2389 778 2407 σε
789 2380 937 2411 θέλοντες.)

150 2429 211 2455 Καὶ
221 2428 247 2454 τί
265 2428 418 2463 Θαυμαστὸν
431 2428 476 2454 ὅτε
493 2427 539 2454 καὶ
551 2428 574 2453 οἱ
585 2426 667 2453 αὐτοῦ
685 2426 804 2462 μαθηταὶ
811 2427 858 2452 καὶ
873 2426 940 2452 ἀπό-

152 2475 244 2502 στολοι
260 2475 451 2510 ἐρωτηθέντες,
466 2483 474 2500 ε
489 2475 554 2501 Τίνα
577 2482 610 2509 με
620 2494 627 2505 ,
645 2474 741 2509 φησὶν,
758 2474 782 2500 οἰ
803 2473 941 2508 ἅνθρωποι

150 2520 277 2555 λέγουσιν
287 2529 294 2553 ;
308 2531 316 2546 ι
327 2520 517 2556 ἀπεκρίναντο,
527 2521 565 2551 ὡς
573 2520 626 2555 ἄρα
634 2521 657 2546 οἱ
670 2520 717 2555 μὲν
726 2519 850 2554 Ἰωάννην
860 2518 939 2548 uiam

151 2565 225 2593 εῖναι
239 2564 379 2601 ἡγοῦνται,
394 2567 418 2592 οἱ
434 2566 461 2592 δὲ
483 2566 587 2597 Ἠλίαν,
604 2565 628 2591 οἱ
645 2566 693 2600 μὲν
711 2565 856 2600 Ἰερεμίαν,
873 2565 898 2590 οι
911 2564 940 2591 δὲ

152 2612 249 2648 ἕτερόν
272 2621 333 2651 τινα
356 2612 410 2638 τῶν
443 2612 598 2648 προφητῶν·
635 2599 805 2647 ἐρωτώμενοι
828 2611 856 2638 δὲ
880 2611 941 2638 τινα

154 2658 220 2685 ποτὲ
234 2659 281 2685 καὶ
300 2656 375 2686 ἂύτοὶ
395 2658 473 2690 δόξαν
491 2657 580 2692 ἔχουσι
600 2657 663 2692 περὶ
680 2657 774 2688 αὐτοῦ,
794 2658 819 2683 oi.
841 2656 940 2688 πάντες

151 2702 362 2738 ἀπεσιώπησαν,
374 2703 411 2734 ὡς
424 2703 472 2728 οὐκ
485 2702 693 2737 ἔχοντεςείπεΐψ
705 2701 784 2736 μόνου
796 2701 823 2726 δὲ
837 2700 939 2736 Πέτρου

151 2750 299 2783 φήσαντος,
314 2749 351 2780 ὡς
362 2748 415 2784 ἄρα
426 2748 506 2779 αὐτὸς
514 2747 556 2782 εἴη
566 2748 580 2773 ὁ
588 2747 703 2783 Χριστὸς
715 2748 729 2773 ὁ
744 2746 807 2778 Υἱὸς
816 2745 862 2772 τοῦ
871 2745 937 2771 Θεοῦ

148 2794 199 2820 τοῦ
216 2793 327 2825 ζῶντος,
346 2794 392 2819 ἅτε
409 2793 480 2827 μόνῳ
502 2792 574 2827 αὑτῷ
589 2791 667 2818 τοῦτο
682 2791 828 2825 γνωσθέντι
845 2789 940 2823 ἐπιφέ-

151 2849 194 2876 ρει
206 2839 292 2873 λέγων
302 2848 308 2854 ·
327 2849 335 2864 ι
346 2839 488 2873 Μακάριος
500 2836 537 2863 ei.
555 2838 645 2865 Σίμων
659 2837 804 2872 βὰρἹωνᾶ,
813 2836 853 2862 ὅτι
871 2834 939 2870 σὰρξ

189 2920 198 2935 ³
220 2917 313 2946 Matth.
333 2926 351 2954 ι,
365 2919 411 2946 20.

493 2916 506 2931 δ
523 2915 615 2943 Matth.
634 2922 690 2948 xtl,
710 2913 752 2942 47.
791 2914 801 2929 ⁸
821 2912 916 2940 Matth.
937 2920 996 2945 xw,
1020 2911 1060 2938 l3.

994 1687 1108 1723 perculit
1122 1685 1292 1714 cernentium
1318 1683 1440 1715 animos;
1465 1690 1556 1710 nonne
1580 1681 1697 1717 Moyses,
1725 1681 1773 1715 qui

993 1735 1078 1762 multa
1095 1733 1163 1760 mira
1179 1731 1253 1763 fecit,
1270 1734 1365 1758 tamen.
1377 1728 1530 1756 communis
1546 1727 1696 1754 nativitatis
1713 1734 1775 1761 par-

995 1781 1083 1815 ticeps
1104 1778 1177 1806 fuit?
1205 1778 1324 1811 itemque
1347 1774 1421 1801 Elias
1441 1778 1523 1808 atque
1544 1773 1668 1804 Elisaens,
1695 1776 1777 1807 atque

992 1871 1087 1903 editio,
1113 1869 1260 1906 quominus
1282 1866 1362 1894 Iesus
1387 1865 1545 1893 crederetur
1571 1865 1631 1891 viro
1656 1863 1773 1899 genitus.

994 1918 1099 1953 Reapse
1122 1916 1247 1943 homines
1272 1913 1346 1941 illius
1363 1912 1463 1944 aetatis,
1489 1910 1555 1938 nihil
1574 1910 1714 1937 insolitum
1742 1909 1781 1938 de-

992 1964 1134 1992 nativitate
1158 1961 1219 1995 ejus
1249 1959 1442 1994 suspicantes,
1468 1963 1623 1992 quanquam
1651 1954 1775 1990 ejusdem

992 2010 1064 2037 facta
1076 2007 1256 2043 aspiciebant,
1270 2006 1308 2032 ita
1319 2003 1546 2039 colloquebautur
1565 2011 1572 2029 :
1591 2012 1599 2028 ι
1618 2001 1694 2029 Unde
1711 2001 1777 2029 huic

992 2056 1081 2084 omnis
1097 2053 1230 2089 sapientia
1245 2052 1303 2079 hinc
1317 2054 1345 2077 et
1360 2049 1494 2077 virtutes?
1512 2056 1602 2076 nonne
1619 2048 1662 2074 hic
1678 2051 1719 2074 est
1736 2047 1777 2073 fa-

991 2102 1034 2130 bri
1050 2100 1140 2128 ﬁlius?
1153 2106 1244 2126 nonne
1257 2101 1344 2124 mater
1365 2097 1425 2131 ejus
1442 2095 1543 2122 dicitur
1562 2093 1664 2126 Maria;
1680 2096 1708 2120 et
1721 2093 1775 2119 fra-

992 2151 1048 2174 tres
1064 2145 1125 2181 ejus
1137 2143 1255 2172 Iacobus
1278 2146 1305 2170 et
1321 2141 1456 2176 Iosephus
1469 2143 1495 2167 et
1512 2138 1606 2165 Simon
1620 2142 1647 2164 et
1668 2136 1776 2164 Iudas?

991 2193 1111 2227 itemque
1125 2197 1235 2218 sorores
1247 2189 1308 2224 ejus
1322 2195 1410 2215 nonne
1418 2193 1513 2214 omnes
1525 2184 1597 2220 apud
1609 2192 1659 2212 nos
1668 2184 1749 2210 sunt?
1764 2193 1773 2209 ι

993 2240 1100 2266 llursus
1115 2238 1183 2264 alias
1195 2240 1283 2263 matre
1297 2235 1357 2270 ejus
1375 2233 1559 2266 fratribusque
1571 2235 1649 2258 extra
1665 2229 1778 2257 concio-

992 2292 1052 2312 nem
1069 2283 1216 2314 stantibus,
1243 2288 1306 2308 cum
1332 2287 1419 2314 eoque
1439 2278 1514 2312 loqui
1540 2276 1707 2308 volentibus,
1738 2275 1778 2302 ait

993 2329 1105 2366 quidam
1120 2338 1128 2356 :
1151 2337 1160 2353 ι
1180 2327 1221 2355 En
1235 2334 1334 2362 parens
1355 2329 1402 2352 tua
1417 2323 1570 2358 fratresque
1584 2323 1624 2349 tui
1644 2321 1711 2348 foris
1728 2321 1776 2347 ad-

992 2381 1068 2410 sunt,
1081 2380 1163 2410 teque
1179 2374 1269 2401 visere
1296 2372 1410 2407 cupiunt
1420 2371 1441 2397 ³.
1458 2380 1467 2396 ι
1485 2369 1540 2396 Nec
1555 2369 1674 2401 mirum;
1693 2367 1776 2402 siqui-

992 2423 1054 2450 dem
1078 2422 1160 2450 etiam
1187 2417 1315 2454 discipuli
1342 2422 1424 2453 atque
1450 2416 1566 2452 apostoli
1592 2414 1679 2450 rogati
1694 2413 1728 2440 ab
1742 2421 1775 2441 eo

992 2476 1073 2504 quem
1094 2475 1124 2496 se
1147 2474 1208 2494 esse
1230 2465 1355 2493 homines
1381 2464 1515 2495 dicerent,
1539 2460 1741 2496 responderunt
1767 2468 1777 2487 ι

995 2527 1004 2542 ι
1025 2515 1094 2543 Aliis
1106 2521 1167 2542 enm
1182 2512 1267 2540 videri
1279 2511 1421 2541 Joannem,
1435 2509 1496 2536 aliis
1506 2506 1603 2538 Eliam,
1619 2505 1680 2532 aliis
1699 2504 1776 2532 Iere-

994 2561 1087 2591 miam,
1103 2559 1163 2587 aliis
1181 2558 1265 2585 alium
1282 2557 1315 2584 de
1329 2554 1469 2591 prophetis
1482 2554 1504 2579 ⁸.
1526 2562 1535 2578 ι
1552 2551 1715 2584 Rursusque
1730 2557 1777 2576 ro-

992 2603 1047 2638 gati
1063 2610 1144 2638 quem
1161 2606 1189 2629 et
1198 2601 1251 2636 ipsi
1266 2608 1296 2628 se
1311 2607 1372 2628 esse
1387 2600 1526 2634 putarent,
1538 2596 1655 2623 silebant
1670 2595 1776 2628 cuncti,

993 2649 1061 2677 nihil
1077 2648 1169 2676 dicere
1197 2647 1330 2674 habentes
1353 2654 1361 2672 :
1387 2651 1512 2678 unusque
1535 2641 1632 2668 Petrus
1649 2641 1696 2671 ait,
1712 2648 1778 2667 eum

992 2704 1054 2723 esse
1064 2695 1205 2723 Christum
1220 2693 1269 2721 Dei
1288 2691 1405 2720 viventis
1421 2689 1530 2717 Filium.
1545 2688 1651 2722 Quippe
1667 2691 1694 2713 et
1710 2687 1775 2713 huic

992 2743 1052 2774 uni,
1071 2745 1200 2775 tanquam
1216 2739 1254 2766 rei
1264 2737 1389 2768 conscio,
1405 2734 1547 2770 respondit
1562 2733 1643 2761 Iesus
1660 2742 1666 2759 :
1683 2742 1692 2757 ι
1709 2731 1776 2758 Bea-

992 2792 1037 2815 tus
1054 2795 1094 2819 es,
1110 2786 1203 2814 Simon
1217 2784 1362 2815 bar-Iona,
1377 2783 1442 2818 quia
1459 2789 1525 2809 caro
1546 2784 1573 2808 et.
1588 2778 1700 2815 sanguis
1720 2786 1775 2805 non

994 2833 1122 2861 revelavit
1137 2831 1196 2863 tibi,
1214 2830 1261 2857 sed
1273 2829 1354 2857 Pater
1369 2836 1445 2856 meus
1457 2827 1504 2863 qui
1519 2827 1546 2854 in
1561 2825 1639 2854 cmlis
1659 2829 1699 2853 est
1717 2824 1737 2852 '.
1762 2834 1772 2850 ι

1099 2911 1109 2926 ⁵
1132 2909 1224 2936 ilatth.
1246 2916 1289 2935 xvt
1304 2928 1310 2940 ,
1330 2908 1374 2936 17.
