2065 3216
275 193 325 222 891

632 191 766 219 EUSEBI!
781 189 1021 219 C/ESARIENSlS
1039 189 1115 218 OPP.
1133 188 1224 216 PARS
1237 187 1281 216 ill.
1302 201 1336 208 -—
1349 186 1553 214 EXEGETICA.

1847 183 1900 210 892

277 259 373 289 nupta.
390 253 488 280 merito
505 253 532 280 in
554 251 614 287 ejus
631 252 790 288 genealogia
809 251 986 286 intelligenda
998 254 1052 283 est;

1109 250 1283 286 συνημμένην
1296 249 1334 284 τῷ
1350 248 1460 284 Ἰωσὴφ,
1482 247 1593 278 εἰκότως
1609 244 1897 280 συναντιλαμϐάνεσθσι

276 307 339 327 cum
358 299 509 335 praesertim
533 298 676 333 perspicue
702 297 922 325 demonstratum
947 297 982 323 sit
1006 304 1058 323 non

277 346 366 373 solum
384 352 418 372 ex
438 344 498 378 ejus
513 344 586 371 tribu
616 344 712 376 fuisse.
732 352 826 371 verum
842 343 924 370 etiam
942 347 1021 378 gente
1034 346 1060 369 et

277 391 389 418 familia.
418 389 521 417 Praeter
534 398 616 425 quam
632 390 705 425 quod
730 391 812 417 etiam
834 389 944 417 Gabriel
962 389 990 416 in
1013 389 1060 416 illo

277 446 340 465 cum
362 437 447 464 Maria
477 437 614 472 colloquio
630 437 782 463 vaticinans
798 436 868 463 inter
884 439 981 463 caetera
1002 435 1059 463 ait:

278 483 378 511 «Dabit
409 484 448 510 illi
476 483 549 512 Deus
571 483 664 511 sedem
698 483 809 511 Davidis
837 483 922 518 patris
949 483 1056 518 erSII

275 535 367 564 aperte
382 529 497 561 docens,
516 529 576 561 ejus
595 530 641 564 qui
662 537 696 557 ex
723 530 783 565 ipsa
805 530 964 557 nasciturus
989 534 1058 562 erat,

274 573 403 602 Davidem
417 583 479 603 esse
497 576 710 610 progenitorem.
737 576 867 610 Alioquin
885 575 933 611 qui
948 575 1059 603 decuis-

274 626 317 648 set
329 620 387 648 haec
409 621 444 648 ab
459 621 556 656 angelo
575 621 629 649 dici
653 621 725 656 apud
745 622 890 657 virginem,
912 621 966 649 nisi
985 629 1060 648 eam-

273 666 334 694 dem
361 666 394 693 de
410 666 520 694 Davidis
540 675 639 701 genere
664 675 725 695 esse
740 667 938 694 confiteretur?
966 666 1059 702 Neque

273 720 339 740 sane
352 712 461 740 femina
480 714 576 741 aliena:
597 721 612 740 a
633 713 744 741 Davidis
760 714 846 748 stirpe
862 714 967 741 dictum
995 713 1058 741 fuis-

272 762 324 790 set,
353 758 448 785 «dabit
464 759 503 786 illi
522 759 594 787 Deus
610 759 702 787 sedem
726 759 837 787 Davidis
860 759 946 795 patris
968 760 1054 794 ejus.»

271 803 358 836 Quem
387 804 461 832 enim
492 812 590 831 narras
621 809 736 839 patrem,
763 806 840 840 virgo
871 805 1057 840 respondisset

271 849 342 884 (quat
357 850 468 884 quidem
498 849 636 876 fatebatur
658 858 687 878 se
713 851 801 877 virum
832 850 949 882 nescire,
980 850 1058 877 intel-

271 894 374 922 lexerat
390 899 481 922 autem
505 895 564 923 fore
581 901 610 922 ut
631 895 665 923 de
683 895 785 930 Spiritu
807 900 904 924 sancto
926 897 1055 931 concipes

1111 297 1160 331 τῆς
1173 295 1346 330 γενεαλογίας
1362 295 1405 321 ὅτε
1424 294 1539 329 μάλιστα
1558 292 1604 328 τῆς
1622 291 1706 326 αὐτῆς
1726 290 1799 325 αὐτῷ
1813 291 1897 326 φυλῆς

1110 342 1140 368 οὐ
1157 342 1246 376 μόνον,
1264 340 1332 368 ἀλλὰ
1345 341 1392 367 καὶ
1408 340 1495 375 δήμου
1512 339 1558 365 καὶ
1581 338 1698 373 πατριᾶς
1713 337 1897 364 ἀποδέδεικται

1110 387 1241 422 γενομένη
1254 395 1260 401 ·
1287 387 1333 413 καὶ
1354 386 1439 417 ἄλλως
1458 385 1486 412 δὲ
1507 385 1536 411 ὲν
1558 384 1597 420 τῷ
1613 384 1680 420 πρὸς
1691 383 1773 418 αὐτὴν
1788 391 1895 418 χρημα-

1109 432 1199 468 τισμῷ
1213 432 1347 464 θεσπίζων
1363 433 1377 458 ὁ
1393 431 1512 466 Γαϐριὴλ
1529 431 1596 466 μετά
1618 429 1672 456 τῶν
1686 429 1772 456 ἄλλων
1788 429 1895 464 εῐρηκε·

1113 488 1122 504 ‹
1141 478 1195 505 Καὶ
1208 478 1287 505 δώσει
1303 477 1378 513 αὐτῷ
1394 478 1408 504 ὑ
1424 477 1489 508 Θεὸς
1505 477 1550 503 τδν
1568 476 1660 512 θρόνον
1680 475 1761 502 Δαϐὶδ
1779 474 1824 501 τοῦ
1845 483 1897 501 πα-

1109 524 1173 560 τρδς
1186 524 1268 550 αὑτοῦ
1279 534 1286 538 -
1304 534 1314 550 ι
1329 523 1422 558 σαφῶς
1439 523 1570 550 διδάσκων
1583 523 1624 548 ὅτι
1640 521 1686 548 τοῦ
1705 521 1734 553 ἐξ
1748 521 1782 548 αὖ
1789 522 1832 556 (ἧς
1854 529 1897 555 γε-

1109 569 1258 605 νησομένου
1275 569 1424 605 προπάτωρ
1446 566 1480 604 ἦν
1504 569 1517 594 ό
1540 567 1636 594 Δαϐίδ·
1660 565 1718 598 πῶς
1738 565 1791 601 γὰρ
1810 565 1895 596 ἄλλως

1109 616 1182 647 εἰκὸς
1194 613 1230 651 ἦν
1239 615 1323 642 ταῦτα
1334 616 1367 651 τῇ
1381 614 1508 650 παρθένῳ
1519 613 1598 648 φάναι
1611 613 1656 639 τὸν
1669 612 1792 647 ἄγγελον,
1804 612 1820 647 ἦ
1835 619 1897 638 συν-

1109 661 1290 696 ομολογοῦντα
1313 661 1345 688 ἐκ
1364 661 1411 687 τοῦ
1436 659 1517 686 Δαϐὶδ
1538 657 1624 691 εἷναις
1645 658 1675 684 οὐ
1697 658 1750 692 γὰρ
1765 657 1798 684 ἂν
1816 658 1852 693 μὴ
1864 659 1896 683 ὲκ

1111 707 1194 734 Δαϐὶδ
1200 706 1370 743 τυγχανούσῃ
1381 707 1485 742 εἰρήκει
1492 705 1532 737 τὸ,
1545 714 1554 730 ι
1564 704 1647 730 Δώσει
1656 703 1728 738 αὐτῷ
1743 705 1757 730 ό
1772 703 1838 734 Θεὸς
1852 703 1896 729 τὶν

1109 753 1201 788 θρόνον
1220 753 1301 779 Δαϐὶδ
1329 752 1375 779 τοῦ
1405 751 1508 787 πατρὸς
1537 749 1634 778 αὑτοῦ·
1652 760 1661 776 ι
1675 750 1750 776 ποίου
1766 749 1821 785 γὰρ
1842 757 1896 776 πα-

1108 799 1188 833 τρός;
1207 799 1318 830 εἰκότως
1328 798 1360 825 ἂν
1380 799 1461 834 ἤρετο
1477 798 1493 833 ἡ
1508 796 1650 833 παρθένος,
1668 795 1835 831 ὁμολογοῦσα
1848 794 1897 830 μὲν

1107 844 1147 870 ὃτι
1161 844 1244 879 ἄνδρα
1264 844 1294 870 οὐ
1315 843 1452 877 γινώσκει,
1471 843 1593 878 μαθοῦσα
1608 841 1637 868 δὲ
1653 842 1694 867 ὅτι
1717 842 1750 867 ἐκ
1770 841 1892 876 Πνεῦμα-

1106 898 1152 921 τος
1170 890 1248 924 ἁγίου
1273 889 1444 925 συλλήψεται,
1460 890 1484 915 εί
1506 889 1543 924 μὴ
1565 889 1606 915 ὅτι
1627 887 1713 923 σαφὴς
1730 885 1765 922 ἦν
1785 887 1800 913 ὁ
1818 887 1895 921 λόγος

270 941 345 975 ret),
373 941 427 968 nisi
450 941 563 968 omnino
591 942 614 969 is
638 949 729 969 sermo
744 941 816 977 apud
840 942 948 970 Davidis
973 942 1052 969 ﬁliam

1107 936 1173 970 πρὸς
1193 935 1328 971 θυγατέρα
1350 935 1432 962 Δαϐὶδ
1449 934 1608 970 λεγόμενος·
1626 933 1700 960 ἐνθεν
1719 933 1831 964 εέκότως
1844 941 1896 968 φη-

271 986 363 1014 fieret?
385 986 454 1014 Hinc
473 990 534 1021 apte
557 986 645 1014 Lucas
662 987 718 1014 ait:
739 996 748 1012 ι
761 987 891 1015 Ascendit
905 992 995 1015 autem
1007 987 1056 1015 Jo-

271 1032 373 1067 scphus
390 1032 424 1059 de
441 1032 550 1060 Galilaea
571 1040 605 1065 ex
630 1033 697 1060 urbe
722 1033 859 1061 Nazareth
873 1034 901 1060 in
921 1033 1054 1065 Judzeam,

271 1081 301 1104 ut
315 1085 413 1104 nomen
437 1085 517 1105 suum
536 1079 712 1113 profiteretur
728 1079 756 1105 in
780 1079 849 1106 urbe
873 1079 984 1108 Davidis
1011 1081 1054 1107 cui

270 1130 371 1149 nomen
388 1121 556 1155 Bethlehem,
577 1128 720 1158 propterea
739 1124 809 1159 quod
827 1129 900 1152 esset
922 1124 955 1151 de
973 1123 1055 1152 domo

270 1166 427 1202 familiaque
445 1167 554 1195 Davidis
569 1175 630 1195 cum
644 1168 728 1196 Maria
743 1166 907 1204 desponsata
919 1169 972 1197 sibi
987 1177 1054 1204 pra!-

269 1216 397 1246 gnante.»
433 1211 511 1239 Haud
525 1220 589 1248 ergo
610 1213 723 1241 ulterius
737 1222 798 1241 cum
819 1215 997 1249 perplexitate
1016 1215 1055 1242 le-

269 1265 364 1292 gemus
389 1257 462 1285 hunc
490 1258 629 1294 Evangelii
654 1259 756 1292 locum,
783 1268 832 1287 ceu
854 1260 876 1287 si
906 1259 991 1287 Maria
1020 1260 1054 1286 ad

269 1302 452 1337 profitendum
477 1303 669 1331 tantummodo
698 1312 797 1331 nomen
829 1304 967 1337 venisset;
1004 1304 1052 1331 sed

268 1347 357 1382 ipsam
373 1355 483 1382 quoque
505 1348 673 1382 putabimus,
691 1348 764 1375 haud
778 1356 858 1376 secus
875 1356 956 1383 quam
975 1348 1053 1376 Jose-

268 1392 364 1428 p‘aum,
382 1391 414 1419 de
442 1393 523 1419 domo
549 1393 706 1428 familiaque
742 1394 851 1422 Davidis
870 1402 946 1423 esse;
972 1402 1052 1429 quam

271 1436 443 1471 Scripturam
468 1441 498 1464 ut
520 1438 557 1464 ita
579 1429 800 1474 interpretemur,
824 1441 991 1475 argumentis
1019 1441 1052 1468 iis

269 1483 374 1510 utimur
386 1491 450 1518 qua:
472 1484 606 1513 hactenus
622 1486 795 1520 protulimus.
814 1485 885 1521 Ergo
898 1487 1051 1521 perspicue,

269 1534 299 1556 ut
314 1529 421 1563 opinor.
437 1530 652 1558 demonstratum
668 1535 719 1563 est,
738 1531 808 1558 haud
825 1536 928 1559 temere
942 1531 1052 1567 Joscphi

268 1573 454 1609 genealogiam
475 1575 508 1602 ab
523 1576 632 1611 inclytis
653 1577 783 1611 apostolis
799 1577 885 1604 fuisse
898 1582 1049 1611 narratam,

268 1623 295 1646 et
311 1617 423 1645 Mariam
436 1619 469 1646 de
491 1627 589 1655 genere
610 1620 721 1648 Davidis
744 1629 808 1649 vere
824 1622 953 1656 derivnri,
971 1624 1050 1652 item-

268 1673 321 1700 que
338 1672 410 1696 eum,
427 1665 473 1700 qui
493 1673 525 1693 ex
539 1667 598 1702 ipsa
618 1673 701 1696 natus
719 1672 775 1701 est,
799 1667 892 1696 Iesum
919 1669 967 1696 Dei
997 1679 1049 1697 un-

268 1715 353 1738 ctum.

648 1758 678 1787 li.

269 1813 323 1841 Cur
354 1815 422 1842 alter
450 1816 607 1851 evangelista
631 1825 741 1851 superne
769 1817 801 1844 ab
826 1818 978 1846 Abrahamo
1002 1827 1052 1846 ea;-

303 1858 379 1887 qnm
407 1850 522 1878 deducat
549 1850 746 1887 genealogiam;
783 1853 851 1880 alter
886 1861 973 1881 autem
1009 1855 1050 1882 in-

308 1884 381 1919 ferne
405 1884 608 1946 sul‘tiqrediat'ur;
631 1884 711 1919 usque
733 1888 761 1914 in
786 1888 938 1916 Abralzamo
961 1891 1050 1923 sistat,

308 1920 348 1946 sed
368 1919 402 1946 ad
416 1921 437 1946 A
460 1929 548 1946 mnum
563 1930 594 1946 ac
611 1921 694 1946 Deum
708 1931 789 1946 μεσπι
805 1923 923 1946 άαυεηίηι

303 1920 348 1946 διά
368 1919 402 1946 ad
416 1919 548 1948 Adamum
563 1930 594 1948 ac
611 1921 694 1948 Deum
708 1931 789 1958 usque
805 1923 935 1953 deveniat.

304 1965 330 1992 1.
348 1963 536 1997 Quaestionum
554 1974 568 1993 a
586 1972 611 1994 te
626 1968 825 2002 propositarum
848 1969 968 1997 secunda
993 1970 1051 1997 haec

268 2009 331 2036 fuit.
359 2010 549 2046 Genealogiam
576 2011 719 2039 Matthaeus
744 2020 777 2039 ex
800 2013 955 2041 Abrahamo
979 2015 1051 2042 deri-

268 2058 334 2087 vat;
355 2054 444 2082 Lucas
459 2061 549 2083 autem
566 2058 732 2084 contrariam
753 2058 816 2085 huic
833 2059 905 2085 viam
923 2060 1051 2088 insistens

268 2099 366 2134 incipit
391 2101 439 2128 abs
468 2101 598 2136 Josepho,
627 2103 769 2138 tenditque
797 2103 830 2131 ad
857 2104 990 2132 Adamum
1019 2112 1051 2132 ac

268 2143 364 2172 Deum.
384 2145 463 2180 Atqui
478 2148 630 2181 oportebat,
651 2148 786 2183 siquidem
815 2149 842 2175 hi
865 2156 988 2176 consona
1009 2150 1051 2177 in-

266 2190 354 2218 vicem
376 2195 404 2219 et
433 2197 617 2220 consentanea
633 2194 800 2226 scribebant,
823 2195 864 2221 vel
883 2194 982 2222 Lucam
1006 2204 1050 2224 as-

268 2237 429 2264 cendentem
448 2238 475 2265 in
491 2239 645 2266 Ahrabamo
659 2241 825 2274 consistere;
840 2241 882 2268 vel
897 2241 1049 2269 Matthaeum

265 2282 338 2310 haud
349 2291 381 2310 ex
388 2283 540 2311 Abrahamo
548 2286 732 2321 genealogiam
740 2287 836 2318 ordiri,
848 2287 894 2314 sed
903 2295 936 2314 ex
947 2287 1050 2314 Adamo

266 2327 296 2355 in
311 2336 390 2362 quem
409 2327 498 2355 Lucas
512 2329 620 2356 desivit.
633 2345 667 2349 --
687 2330 786 2358 Facilis
808 2335 850 2358 est
872 2331 954 2366 hujus
982 2340 1049 2367 quo-

266 2380 320 2407 que
331 2373 492 2407 quaestionis
507 2374 666 2409 explicatio,
691 2383 780 2410 neque
801 2377 888 2403 multo
909 2379 1047 2406 sermonis

266 2418 381 2446 artilicio
411 2419 532 2454 indiget:
557 2424 670 2456 uterque
699 2421 771 2449 enim
803 2424 970 2459 evangelista
995 2433 1049 2452 una

265 2464 308 2490 via
331 2465 463 2499 graditur.
484 2463 550 2492 Nam
572 2470 599 2494 et
613 2467 674 2495 illos
696 2468 744 2502 qui
774 2476 902 2503 prorsum
925 2477 1054 2498 sursum-'

265 2518 319 2544 que
330 2511 492 2544 ascendunt,
510 2513 629 2548 itemque
645 2514 706 2541 illos
723 2515 770 2550 qui
791 2516 938 2544 adversum
954 2518 1048 2545 eadem

266 2555 309 2582 via
338 2556 520 2592 descendunt,
543 2559 615 2585 haud
646 2560 791 2596 quisquam
814 2561 917 2590 diceret
942 2562 1050 2591 diverso

265 2602 374 2630 tramite
398 2603 532 2631 incedere.
570 2605 632 2640 quia
645 2606 752 2634 scilicet
773 2615 826 2634 una
849 2608 883 2634 ab
905 2609 1047 2644 ,utrisque,

267 2647 295 2674 id
319 2652 362 2676 est
389 2649 423 2676 ab
449 2651 661 2679 ascendentibus
685 2652 983 2689 descendentibusque,
1006 2655 1049 2682 via

267 2694 375 2722 teritur.
397 2695 497 2723 Eadem
523 2696 604 2731 igitur
623 2698 695 2725 ratio
709 2704 752 2726 est
768 2699 796 2726 in
810 2701 919 2734 generis
937 2709 1048 2728 succes-

269 2739 403 2768 sionibus.
434 2741 522 2776 Atque
536 2742 580 2768 hic
599 2750 658 2770 mos
678 2744 831 2779 antiquitus
852 2745 972 2774 llebmis
991 2747 1048 2781 pla-

267 2784 336 2815 cuit,
351 2790 377 2812 et
395 2785 421 2812 in
443 2786 542 2813 divinis
568 2785 716 2822 Scripturis
741 2790 872 2818 solemnis
894 2795 947 2819 est.
978 2791 1048 2820 Ecce

266 2829 339 2855 enim
358 2828 384 2855 in
396 2829 492 2857 Rutha:
503 2830 610 2865 quidem
626 2832 694 2859 libro
708 2841 794 2868 genus
806 2833 916 2862 Davidis
931 2843 1048 2870 superne

304 2896 345 2930 (5)
363 2895 429 2924 Cod.
447 2897 479 2930 A,
496 2897 516 2925 f.
530 2897 574 2931 65,
590 2899 671 2927 habet
682 2899 767 2931 οὕτως
783 2908 832 2936 pro
844 2901 887 2928 διὰ
899 2901 1010 2930 τούτων.

1106 981 1148 1007 civ
1167 982 1181 1008 ὁ
1199 982 1317 1013 Λουκᾶς·
1335 990 1343 1007 ι
1365 981 1459 1016 Ἀνέϐη
1480 981 1508 1007 δὲ
1526 981 1573 1007 καὶ
1594 980 1690 1014 Ἰωσὴφ
1706 979 1737 1006 ὲκ
1754 979 1803 1015 τῆς
1816 980 1836 1005 Γ
1837 979 1896 1005 αλι-

1105 1028 1181 1059 λαίας
1195 1028 1227 1054 ὲκ
1240 1027 1343 1059 πόλεως
1362 1027 1488 1062 Ναζαρὲθ
1509 1028 1548 1058 είς
1563 1026 1611 1062 τὴν
1629 1026 1756 1052 Ἰουδαίαν
1771 1026 1895 1060 ἀπογρά-

1104 1073 1204 1108 ιζιασθαι
1219 1075 1258 1105 είς
1276 1073 1350 1100 πόλιν
1363 1073 1516 1107 Δαϐὶᾶῆτις
1529 1072 1648 1099 καλεῖται
1661 1071 1793 1107 Βηθλεὲμ,
1807 1071 1851 1098 διὰ
1863 1072 1895 1097 τὸ

1105 1117 1173 1146 εἶναι
1189 1120 1269 1146 αὐτὸν
1286 1119 1314 1152 ἐξ
1331 1119 1406 1146 οἴκου
1428 1118 1474 1145 καὶ
1492 1119 1608 1153 πατριᾶς
1630 1118 1711 1144 Δαϐὶδ
1732 1118 1780 1144 σὺν
1799 1118 1896 1153 Μαρίᾳ

1103 1167 1136 1201 τῇ
1152 1166 1377 1201 μεμνηστευμένῃ
1400 1165 1473 1200 αὐτῷ
1489 1164 1557 1201 οὕσῃ
1580 1165 1680 1200 ὲγκύῳ.
1697 1173 1706 1189 ›
1725 1164 1823 1190 Οὐκέτι
1840 1164 1894 1198 γὰρ

1103 1211 1258 1246 ἀμφιϐόλως
1268 1210 1480 1245 ἁναγνωσόμεθα
1489 1210 1538 1246 τὴν
1546 1210 1684 1246 παροῦσαν
1698 1209 1781 1242 λέξιν,
1793 1209 1832 1240 ὡς
1843 1209 1893 1244 τῆς

1104 1256 1213 1291 Μαρίας
1237 1255 1445 1291 ἀπογράψασθαι
1467 1255 1548 1290 μόνης
1570 1254 1758 1290 συνελθούσης,
1781 1253 1838 1280 ἀλλ’
1854 1254 1894 1285 ὡς

1104 1301 1150 1327 καὶ
1167 1301 1250 1337 αὐτῆς
1264 1302 1311 1328 σὺν
1322 1301 1360 1336 τῷ
1379 1301 1478 1336 Ἰωσὴφ
1492 1301 1521 1334 ἐξ
1533 1299 1607 1328 οἴκου
1621 1301 1667 1327 καὶ
1686 1301 1803 1334 πατριᾶς
1813 1299 1894 1325 Δαϐὶὸ

1103 1346 1276 1381 ὑπαρχούσης
1289 1366 1297 1377 ,
1319 1347 1368 1377 τὰς
1389 1346 1545 1379 ἀπώείξειςι
1566 1346 1672 1381 ἔχοντες
1695 1346 1744 1381 τῆς
1764 1345 1894 1380 τοιαύτης

1103 1391 1248 1427 ἑρμηνείας
1262 1391 1309 1418 τοῦ
1330 1392 1408 1426 λόγου
1430 1392 1462 1418 ἐκ
1483 1392 1536 1419 τῶν
1559 1391 1826 1426 προαποδεδομένων.
1843 1392 1892 1416 Δε-

1102 1437 1204 1472 δεῑχθαι
1221 1438 1310 1464 τοίνυν
1329 1438 1421 1472 σαφῶς
1441 1438 1570 1473 ἡγοῦμαι,
1585 1438 1625 1464 ὅτι
1645 1437 1682 1472 μὴ
1704 1437 1792 1472 μάτην
1806 1438 1820 1463 ὁ
1838 1437 1893 1466 Ἰω-

1104 1484 1156 1518 σὴφ
1168 1484 1365 1518 ὲγενεαλογεῖτο
1378 1483 1453 1520 παρά
1464 1485 1519 1515 τοῖς
1534 1483 1694 1519 θαυμασίοις
1706 1482 1753 1508 τοῦ
1766 1482 1894 1517 Σωτῆρος

1103 1529 1181 1564 ἡμῶν
1197 1529 1364 1561 ἀποστόλοις,
1382 1530 1429 1556 καὶ
1448 1530 1521 1560 ὅπως
1542 1530 1557 1564 ὴ
1578 1528 1670 1564 Μαρία
1688 1529 1718 1555 ἐκ
1737 1529 1893 1563 σπέρματος

1102 1573 1168 1602 οὖσα
1191 1576 1237 1602 τοῦ
1259 1575 1339 1602 Δαϐὶδ
1356 1577 1523 1607 συνίσταται,
1540 1576 1553 1601 ὂ
1567 1583 1597 1601 τε
1616 1575 1645 1607 ἐξ
1661 1574 1746 1609 αὐτῆς
1761 1583 1892 1609 γεγεννη-

1105 1622 1183 1656 μένος
1204 1621 1307 1657 Ἰησοῦς
1322 1622 1335 1648 ὁ
1351 1622 1468 1657 Χριστὸς
1483 1622 1530 1648 τοῦ
1547 1621 1625 1648 θεοῦ»

1479 1766 1515 1793 Β’.

1101 1822 1153 1849 Διὰ
1168 1822 1195 1848 τί
1211 1823 1227 1849 ὁ
1236 1822 1293 1857 μὲν
1307 1822 1419 1849 ἄνωθεν
1444 1822 1503 1850 ἀπὸ
1516 1823 1568 1850 τοῦ
1590 1822 1712 1857 Ἀϐραὰμ
1725 1822 1894 1857 ἀρξάμενος

1131 1858 1249 1893 κατάγει
1266 1858 1324 1891 τὴν
1335 1858 1545 1892 γενεαλογίαν·
1560 1859 1576 1884 ὁ
1586 1857 1620 1884 δὲ
1636 1857 1768 1885 κάτωθεν
1781 1857 1892 1889 ἄνεισι,

1137 1894 1211 1920 κούκ
1236 1893 1285 1919 ἐπὶ
1310 1893 1363 1919 τὸν
1382 1893 1510 1927 Ἀϐραὰμ
1538 1893 1666 1924 ἵσταται,
1683 1893 1751 1919 ἀλλ’
1770 1893 1821 1919 ἐπὶ
1839 1894 1894 1920 τόν

1144 1927 1234 1962 Ἀδὰμ
1250 1927 1299 1954 καί
1314 1928 1366 1954 τὸν
1383 1929 1467 1954 Θεόν.

1138 1978 1170 2000 α’.
1187 1975 1222 2000 Τὸ
1244 1973 1368 2009 δεύτερον
1387 1973 1440 2000 τῶν
1459 1974 1511 2000 ὑπὸ
1535 1974 1582 2000 σοῦ
1606 1973 1793 2010 προταθέντων
1813 1974 1894 2001 τοῦτο

1100 2017 1151 2055 ἦν’
1168 2021 1182 2046 ό
1196 2020 1244 2055 μὲν
1258 2019 1395 2051 Ματθαῖος
1414 2020 1467 2046 ἀπὸ
1485 2020 1531 2046 τοῦ
1554 2020 1677 2056 Ἀϐραὰμ
1702 2021 1815 2054 κατάγει
1843 2021 1893 2056 τὴν

1101 2066 1284 2101 γενεαλογίαν,
1297 2066 1311 2091 ὸ
1327 2065 1354 2091 δὲ
1369 2066 1475 2097 Λουκᾶς
1494 2066 1542 2101 τὴν
1564 2067 1687 2093 ἐναντίαν
1708 2068 1801 2093 τούτου
1819 2067 1894 2101 βαδί-

1103 2120 1160 2144 σας,
1176 2112 1276 2148 ἧρξατο
1294 2111 1344 2147 μὲν
1359 2112 1412 2138 ἀπὸ
1428 2111 1473 2138 τοῦ
1495 2112 1602 2146 Ἰωσὴφ,
1617 2112 1712 2145 ἀνάγει
1729 2112 1758 2138 δὲ
1779 2112 1826 2138 ἐπὶ
1845 2112 1893 2138 τὸν

1109 2157 1193 2193 Ἀδὰμ
1216 2158 1263 2183 καὶ
1282 2157 1327 2183 τὸν
1350 2157 1432 2183 Θεόνο
1450 2157 1518 2188 δέον,
1534 2156 1590 2191 εἴγε
1613 2157 1746 2192 σύμφωνα
1765 2158 1812 2184 καὶ
1830 2166 1894 2184 συν-

1101 2203 1156 2238 ῳδὰ
1179 2202 1301 2237 ἀλλήλοις
1315 2202 1442 2238 ἔγραφον,
1458 2202 1473 2238 ἢ
1492 2202 1537 2229 τὸν
1555 2203 1662 2229 Λουκᾶν
1677 2203 1786 2229 ἀνιόντα
1809 2202 1893 2238 μέχρι

1101 2248 1147 2274 τοῦ
1176 2247 1299 2283 Ἀϐραὰμ
1319 2248 1422 2283 στῆναι,
1437 2247 1454 2282 ἢ
1479 2247 1525 2274 τον
1546 2247 1682 2274 Ματθαῖον
1706 2247 1742 2283 μὴ
1763 2247 1817 2274 ἀπὸ
1843 2248 1892 2275 τοῦ

1109 2293 1243 2328 Ἀϐραὰμ,
1263 2292 1319 2319 ἀλλ’
1333 2293 1386 2319 ἀπὸ
1406 2292 1452 2319 τοῦ
1475 2292 1570 2327 Ἀδὰμ,
1588 2293 1627 2324 εἰς
1650 2292 1679 2318 ὃν
1705 2292 1853 2327 κατέληξεν
1878 2293 1893 2319 ό

1101 2338 1223 2370 Λουκᾶς,
1251 2338 1422 2374 ἀπάρξασθαι
1437 2338 1486 2373 τῆς
1502 2337 1689 2372 γενεαλογίαςι
1703 2352 1737 2356 -—-
1753 2337 1847 2373 Ῥᾳδία
1862 2338 1892 2364 δὲ

1101 2385 1147 2410 καὶ
1169 2384 1269 2410 τούτων
1292 2386 1309 2420 ὴ
1334 2384 1419 2416 λύσις,
1443 2384 1489 2411 καὶ
1514 2384 1572 2410 οὐδὲ
1598 2383 1697 2418 πολλῆς
1716 2385 1892 2419 κατασκευῆς

1101 2429 1223 2465 δεομένη,
1252 2429 1315 2465 μίαν
1336 2430 1502 2465 ἀμφοτέροις
1528 2430 1586 2456 ὁδὸν
1612 2430 1796 2465 πορευθεῖσιν·
1829 2432 1891 2458 ἐπεὶ

1101 2475 1148 2501 καὶ
1171 2476 1233 2507 τοὺς
1253 2475 1352 2510 ἀνάντη
1376 2476 1422 2502 καὶ
1443 2475 1533 2511 ὄρθιον
1550 2475 1660 2511 πορείαν
1683 2477 1818 2508 ἀνιόντας,
1843 2478 1891 2504 καὶ

1100 2521 1162 2552 τοὺς
1176 2520 1293 2555 ἔμπαλιν
1307 2520 1349 2546 διὰ
1368 2522 1416 2556 τῆς
1438 2521 1523 2554 αὐτῆς
1546 2521 1697 2553 κατιόντας,
1718 2522 1768 2548 οὐκ
1791 2522 1824 2548 ἄν
1849 2530 1892 2554 tt;

1101 2566 1195 2600 ἑτέραν
1216 2566 1281 2601 φαίη
1306 2566 1436 2600 βαδίζειν,
1453 2567 1517 2600 μιᾶς
1537 2566 1701 2602 ἀμφοτέροις
1716 2567 1890 2602 ἐγκειμένης,

1100 2613 1155 2643 τοῖς
1170 2620 1198 2637 τε
1217 2611 1320 2638 ἀνιοῦσι
1335 2612 1381 2639 καὶ
1395 2613 1450 2643 τοῖς
1471 2611 1608 2644 κατιοῦσι,
1623 2612 1715 2648 τρίϐου
1727 2622 1733 2628 ·
1749 2614 1795 2639 τδν
1809 2614 1891 2640 αὐτὸν

1100 2655 1165 2690 γοῦν
1180 2658 1278 2691 τρόπον
1296 2658 1343 2684 καὶ
1364 2657 1410 2683 ἐπὶ
1426 2657 1475 2692 τῆς
1494 2657 1547 2683 τῶν
1564 2658 1650 2691 γενῶν
1666 2658 1791 2694 διαδοχῆς
1817 2660 1890 2694 πάρ-

1100 2711 1183 2729 εστιν·
1197 2699 1274 2734 οὗτος
1285 2702 1313 2729 δὲ
1326 2702 1465 2738 πόρρωθεν
1477 2703 1610 2738 Ἑϐραίοις
1621 2703 1696 2738 φίλος
1709 2701 1743 2739 ἦν
1754 2704 1768 2731 ό
1779 2704 1890 2740 τρόπος,

1100 2748 1212 2774 καὶτῶν
1227 2749 1305 2775 θείων
1323 2748 1440 2783 συνήθης
1453 2749 1581 2784 Γραφῶν·
1597 2749 1696 2776 αὐτίκα
1708 2750 1774 2783 γοῦν
1790 2751 1821 2777 ὲν
1842 2751 1891 2786 μὲν

1099 2795 1130 2828 τῇ
1144 2793 1225 2828 βίϐλῳ
1237 2794 1286 2828 τῆς
1302 2794 1378 2820 Ῥοὺο
1400 2794 1480 2820 Δαϐὶδ
1495 2794 1598 2820 ἄνωθεν
1612 2795 1665 2821 ἀπὸ
1679 2795 1725 2821 τοῦ
1743 2795 1829 2822 Ἰούδα
1842 2805 1890 2830 γει

1099 2837 1262 2872 νεαλογεῖται
1273 2838 1315 2865 διὰ
1330 2838 1431 2866 τούτων
1447 2838 1499 2874 (5)·
1515 2848 1524 2864 ‹
1545 2839 1598 2865 Καὶ
1616 2837 1693 2866 αὗται
1717 2841 1742 2866 αἱ
1766 2841 1890 2874 γενέσεις
