2065 3216
153 197 208 227 893

426 196 659 232 QUIESTIONES
677 197 906 226 ΕνΔΝοΕιιαΑῖ
925 198 971 226 AD
991 196 1212 226 STEPHANUM.
1232 213 1267 219 --
1285 196 1446 230 QUIESTIO
1465 195 1508 224 ill.

1723 198 1775 226 83.!

150 253 240 291 Φαρὲς
260 254 284 290 (6
295 254 324 281 δὲ
342 251 376 290 ἦν
396 255 480 281 Ἰούδα
501 254 548 281 τοῦ
566 255 715 290 ἀρχιφύλου
738 256 835 291 παῖς)·
856 256 942 292 Φαρὲς

993 263 1008 282 a
1019 255 1089 282 Juda
1101 255 1237 282 evolvitur
1253 253 1294 281 sic
1308 263 1313 280 :
1335 263 1343 278 ‹
1358 252 1404 280 Hm
1423 257 1487 281 sunt
1500 253 1691 288 generationes
1703 252 1776 282 Pha-

151 301 280 335 ἐγέννησε
306 301 352 327 τὸν
379 300 501 337 Ἑσρώμ·
532 301 579 328 καὶ
606 300 715 337 Ἐσρὼμ
739 302 866 337 ἐγέννησε
894 302 940 328 τὸν

159 344 262 381 Ἀράμ·
290 346 335 372 καὶ
365 345 453 381 ’Δρὰμ
477 345 608 381 ἐγέννησε
628 345 674 372 τὸν
700 346 863 382 Ἀμιναδάϐ·
892 347 940 374 καὶ

158 391 304 428 ’Λμιναδὰϐ
329 391 457 426 ἐγέννησε
487 392 532 418 τὸν
557 392 707 420 Ναασσών·
733 393 780 419 καὶ
805 392 940 420 Ναασσὼν

151 438 279 474 ἐγέννησε
301 438 346 465 τὸν
369 438 496 474 Σαλμών·
522 439 570 465 καὶ
599 439 717 475 Σαλμὼν
742 440 870 475 ἐγέννησε
894 439 940 466 τδν

151 483 218 516 Βοός
228 492 234 498 ·
248 483 295 511 καὶ
310 483 377 516 Βοὺζ
392 483 520 520 ἐγέννησε
537 485 583 511 τὸν
597 485 690 520 Ὠὂήδ-
704 485 751 512 καὶ
766 485 845 520 Ὦδὴδ
864 485 940 519 ἐγέν-

150 538 217 565 νησε
231 530 275 556 τὸν
292 529 408 556 Ἰεσσαί·
424 530 472 556 καὶ
491 530 589 557 Ἰεσσαὶ
608 530 735 566 ἐγέννησε
755 531 801 557 τὸν
819 530 908 558 Δαϐίδ.
927 540 936 555 ι

151 573 252 601 Τοῦτον
263 574 285 600 δῖ
296 572 342 601 οὖν
355 574 435 601 αὒτδν
447 575 563 602 τέθειται
576 576 623 602 καὶ
632 577 646 603 6
657 576 794 609 Ματθαῖος
809 577 855 604 τὸν
875 577 938 612 τρό-

151 627 204 645 πον
221 617 268 654 (6).

136 670 140 677 '
189 665 223 700 β’.
241 665 274 691 Ἦ
284 665 312 691 δέ
324 674 355 700 γε
364 665 459 701 πρώτη
467 666 520 693 τῶν
531 667 678 694 Βασιλειῶν
688 667 750 703 ἑξῆς
761 667 937 703 διαδεξαμένη

133 711 200 753 ¹τῆς
219 710 297 737 Ῥοὺθ
319 711 368 747 τὴν
391 712 512 747 γραφὴν,
527 712 581 739 ἀπὸ
603 713 661 740 τῶν·
680 713 800 740 κάτωθεν
825 714 936 751 ἄνεισιν,

147 757 245 793 ὥσπερ
257 755 302 784 οὖν
318 758 469 794 πεποίηκεν
485 759 499 785 6
510 759 629 792 Λουκᾶς·
642 759 687 786 τὸν
700 759 764 794 γοῦν
774 758 879 795 πατέρα
891 758 938 785 τοῦ

148 803 275 838 Σαμουὴλ
290 803 340 830 τδν-
356 803 471 831 Ἑλκανᾶ
484 805 685 839 γενεαλογοῦσα
699 801 751 831 ὦδέ
768 813 845 840 φησι⁸
862 813 871 828 ι
884 804 939 831 Καὶ

148 848 261 882 ἐγένετο
278 849 420 884 ἄνθρωπος
443 849 473 883 ἐξ
492 850 648 885 Ἀρμαθαὶμ
673 850 788 886 Σουφεὶρ
811 850 840 883 ἐξ
860 849 940 884 ὅρους

158 893 294 930 Ἑφραῖμ·
313 894 360 921 καὶ
379 895 463 930 όνομα
483 895 558 930 αὐτῷ
580 895 704 927 Ἐλκανᾶ,
719 895 777 927 υἱὸς
794 895 937 931 Ἱερεμιὴλ,

150 941 211 967 υἱοῦ
219 940 315 971 Ἐλίου,
330 940 388 967 υἱοῦ
401 941 479 974 Θοοῦ,
494 941 552 967 υἱοῦ
568 941 646 976 Σοῦρ,
663 942 850 977 Ἐφραταῖος,»
860 940 939 968 Ἀλλὰ

149 987 199 1012 καὶ
223 987 251 1013 ἐν
271 987 326 1018 τοῖς
343 987 593 1023 Παραλειπομένοις
668 988 734 1015 myth
753 989 802 1023 μὲν
815 988 870 1015 ἀπὸ
885 987 939 1015 τῶν

150 1032 268 1068 πρώτων
289 1033 336 1063 ἐπὶ
355 1033 419 1064 τοὺς
432 1033 573 1069 δευτέρους
596 1033 712 1069 καθεξῆς
732 1033 854 1069 πρόεισιν
867 1034 881 1060 6
896 1034 940 1060 λό-

149 1086 210 1112 γος,
223 1079 256 1113 τῇ
269 1077 316 1104 τοῦ
335 1078 475 1105 Ματθαίου
494 1080 586 1114 γραφῇ
607 1079 813 1115 παραπλησίως,
830 1079 895 1106 ποτὲ
910 1079 939 1106 δὲ

150 1123 280 1159 ἐμφερῶς
304 1124 342 1160 τῷ
366 1125 458 1160 Λουκᾷ
478 1125 649 1159 γενεαλογεῖι
666 1125 780 1151 ἄκουσον
804 1125 868 1159 γοῦν
892 1125 939 1152 καὶ

148 1169 244 1196 τῶνδε·
262 1179 272 1195 ‹
287 1170 377 1202 Δαὸὶδ,
393 1171 489 1206 φησὶν,
503 1168 541 1206 ἦν
562 1170 618 1202 υἱὸς
642 1170 775 1205 Σολομῶν,
790 1171 846 1202 υίὸς
862 1171 939 1197 Σολο-

153 1215 214 1251 μῶν
234 1215 360 1250 Ῥοόοὰμ,
370 1216 446 1243 ’Λΰιὰ
461 1216 517 1248 υίὸς
531 1215 624 1247 αὑτοῦ,
634 1216 699 1243 ’Δσὰ
710 1216 766 1248 υἱὸς
781 1216 874 1248 αὐτοῦ,
883 1218 938 1243 Ἰω-

152 1261 242 1296 σαφὰτ
263 1261 320 1293 υἱὸς
343 1261 548 1297 αὑτοῦ,“1ωρὰμ
570 1262 627 1293 υἱὸς
643 1261 735 1293 αὑτοῦ,
744 1262 867 1297 Ὀχοζίας
882 1262 938 1294 υίὸς

150 1307 245 1339 αὑτοῦ,
256 1307 330 1339 Ίωὰς
353 1307 410 1339 υἱὸς
426 1307 519 1340 αὑτοῦ,
529 1307 660 1343 ’Δμασίας
676 1308 732 1339 υἱὺς
747 1307 829 1334 αὑτοῦ
839 1317 845 1322 ·
862 1317 873 1335 ι
891 1309 938 1335 καὶ

148 1353 222 1379 οὕτω
247 1353 361 1388 καθεξῆς
384 1353 489 1380 κάτεισι
523 1353 604 1389 μέχρι
620 1354 667 1380 τοῦ
687 1354 811 1390 Ἰεχονίου
825 1355 871 1381 καὶ
889 1355 938 1390 τῆς

147 1400 190 1430 εις
211 1399 355 1426 Βαϐυλῶνα
369 1399 568 1435 αἰχμαλωσίας,
582 1400 619 1432 ὡς
637 1400 653 1426 6
668 1399 868 1432 Ματθαῖος.Ὠς
882 1400 910 1427 δὲ
923 1402 937 1427 6

147 1445 267 1476 Λουκᾶς,
281 1445 298 1480 ἡ
310 1444 379 1480 αὑτὴ
392 1445 471 1471 πάλιν
486 1445 572 1472 ἄνεισι
585 1445 680 1481 Γραφὴ
697 1446 742 1472 τὸν
759 1445 884 1481 Σαμουὴλ
895 1454 938 1479 γε·

147 1490 331 1524 νεαλογοῦσαο
356 1491 422 1526 φησὶ
447 1490 529 1525 γοῦν·
555 1500 564 1516 ι
579 1491 704 1526 Σαμουὴλ
732 1491 791 1518 υἱοῦ
811 1491 936 1523 Ἐλκανᾶ,

147 1535 209 1563 υἱοῦ
231 1536 370 1572 Ίεροὸοὰμ
396 1536 454 1572 (8),
476 1536 534 1563 υἱοῦ
557 1537 661 1573 Ἦλιὴλ,
687 1537 743 1564 υἱοῦ
774 1537 851 1571 Θοοῦ,
877 1537 936 1564 υἱοῦ

147 1584 283 1620 Σοὺρ(9>.
305 1584 364 1611 υἱοῦ
383 1584 508 1616 Ἐλκανᾶ,
530 1584 588 1611 υἱοῦ
608 1584 695 1620 Ἰωὴλ,
720 1584 778 1611 υἱοῦ
801 1583 936 1620 ’Δζαρίου,

148 1629 209 1656 υἱοῦ
236 1630 373 1664 Σοφονίου,
397 1629 457 1656 υἱοῦ
482 1629 569 1665 Θαὰρ,
585 1629 645 1656 υἱοῦ
668 1630 759 1666 ’Λσεὶρ
784 1629 849 1665 (10),
878 1628 939 1656 υἱοῦ

155 1676 297 1712 ”Δ6ιάσαρ,
317 1676 374 1703 υἱοῦ
389 1677 471 1713 Κορὲ,
489 1676 547 1703 υῑοῦ
566 1676 686 1712 Ἰσσαὰρ,
703 1675 761 1702 υἱοῦ
776 1675 865 1708 Καὰθ,
877 1674 940 1702 υἱοῦ

147 1721 225 1755 Δευῒ,
247 1721 307 1749 υἱοῦ
325 1722 446 1758 Ἰσραήλ·
466 1732 476 1749 ι
495 1723 541 1750 καὶ
563 1723 614 1758 ὅρα
637 1724 661 1750 εί
682 1722 718 1758 μὴ
744 1723 871 1758 ἄντικρυς
891 1723 937 1749 τὸν

148 1769 241 1804 δμοιον
254 1768 357 1801 τούτοις
372 1769 525 1805 μεμίμηται
543 1769 641 1805 τρόπον
657 1769 671 1795 ό
683 1769 788 1800 Λουκᾶς
798 1777 805 1784 ·
820 1768 905 1803 μυρία
915 1768 937 1794 6’

148 1811 184 1838 ἂν
205 1812 253 1839 καὶ
276 1812 357 1844 αὐτὸς
372 1812 463 1848 εὕροις
478 1813 589 1839 τοιαῦτα
600 1820 607 1826 ·
623 1813 668 1847 ἀφ’
685 1810 723 1840 ὧν
738 1813 860 1839 λείπεται
874 1814 938 1848 ὁμο-

147 1859 250 1893 λογεῖν,
267 1859 347 1894 μηδὲν
361 1859 462 1891 ξενίζον
478 1860 655 1895 πεποιηκέναι
671 1861 733 1891 τοὺς
750 1860 796 1886 τοῦ
813 1860 938 1895 Σωτῆρος

149 1905 230 1940 ἡμῶν
241 1905 432 1940 εὐαγγελιστάς
440 1914 446 1920 ·
460 1907 510 1932 οὐκ
522 1906 609 1941 ὀρθῶς
620 1905 674 1942 γὰρ
687 1906 772 1932 οῐεταί
785 1915 827 1937 τις
839 1906 937 1937 αὐτοὺς

146 1951 308 1986 διαφωνεῖνε
323 1951 451 1987 ἑκάτερος
463 1951 517 1986 γὰρ
529 1951 621 1986 οἰκείῳ
635 1951 756 1986 λογισμῷ
769 1951 817 1987 τὴν
830 1951 937 1977 ἔνθεσιν

146 1998 296 2034 πεποίηται
318 1999 368 2034 τῆς
386 2000 507 2034 γριφῆς,
522 1998 538 2024 6
555 1998 604 2034 μὲν
617 1999 672 2025 ἀπὸ
685 1999 731 2026 τοῦ
753 1998 878 2034 Ἀϐραὰμ
889 1999 938 2034 ἀρ-

147 2043 265 2079 ξάμενος
280 2045 324 2072 διὰ
337 2045 384 2080 τὴν
400 2044 556 2080 οἰκονομίαν
575 2044 624 2071 τοῦ
637 2046 702 2080 παρ’
714 2045 787 2080 αὐτῷ
803 2045 892 2079 λόγου,
907 2045 937 2072 δν

145 2090 178 2116 οὐ
192 2090 286 2125 καιρδς
296 2091 343 2118 νῦν
355 2089 530 2126 ἑρμηνεύειν·
541 2090 555 2116 6
565 2090 593 2116 δὲ
603 2090 650 2117 καὶ
661 2091 705 2117 τὸν
721 2090 844 2126 ’Δὸραὰμ
854 2091 938 2126 ὑπερ-

146 2135 200 2168 ϐὰς
218 2136 264 2162 ἐπί
277 2145 307 2162 τε
323 2136 368 2162 τὸν
380 2136 487 2172 πρῶτον
502 2136 645 2172 ἄνθρωπον
661 2136 792 2163 ἀνελθών·
806 2137 854 2163 καὶ
870 2137 936 2172 μηδὲ

148 2182 231 2217 μέχρι
248 2182 345 2208 τούτου
361 2182 435 2215 στὰς,
450 2182 497 2208 τὸν
511 2182 600 2210 πάντα
617 2182 645 2209 δὲ
662 2182 739 2217 λόγον
753 2183 800 2209 ἐπὶ
815 2182 937 2209 τδνιΘεὺν

145 2229 315 2264 ἀναρτήσας,
329 2229 373 2255 διὰ
385 2231 434 2265 τῆς
450 2230 478 2256 ἐν
493 2229 602 2266 Χριστῷ
615 2230 822 2265 παλιγγενεσίας
836 2230 937 2266 μυστή-

145 2284 207 2312 ριον
219 2275 388 2307 ἀναϐιϐάζει.

528 2333 565 2359 Γ⁷.

142 2385 215 2419 Πῶς
229 2387 246 2413 ὀ
257 2386 315 2422 μὲν
326 2386 474 2419 Ματθαῖος
487 2386 546 2414 ἀπὸ
555 2387 613 2422 τοῦ
624 2387 713 2413 Δαϐὶδ
733 2387 781 2414 καὶ
801 2387 936 2422 Σολομῶ-

181 2429 237 2454 νος
251 2421 470 2470 Adv-fl
491 2421 594 2470 ‘lagu‘ué;
612 2422 786 2470 agal‘vtgghy

181 2456 303 2491 κατάγει
314 2464 320 2470 ·
349 2458 365 2483 ό
380 2456 421 2498 ’δὲ
438 2456 557 2489 Λουκᾶς
577 2457 635 2484 ἀπὸ
659 2457 749 2484 Δσϐὶδ
767 2456 816 2484 καὶ
834 2456 936 2484 Νάθαν

182 2491 299 2531 εξαίιξων
315 2491 380 2531 {fni
395 2491 520 2531 Bitian!
536 2492 651 2526 Ἰωσὴφ,
673 2493 814 2526 ἐναντίως
835 2501 936 2527 γενεα-

182 2528 283 2561 λογῶν
298 2528 337 2559 τῷ
351 2528 497 2560 Ματθαίῳ.

182 2576 218 2599 α’.
241 2571 277 2599 Τὸ
292 2572 382 2608 τρίτον
401 2573 454 2599 τῶν
468 2572 656 2608 προταθέντων
677 2573 774 2607 καιρὸς
787 2574 930 2608 ἐπισκέψα-

142 2619 211 2646 σθαι
220 2627 227 2633 ·
242 2619 334 2650 ἀτενὲς
345 2617 390 2646 οὖν
402 2620 462 2651 ταῖς
471 2619 574 2652 λέξεσιν
589 2620 683 2651 αὐταῖς
693 2620 877 2655 ἐπερείσωμεν
887 2621 935 2655 τὴν

139 2664 252 2692 ἑαυτῶν
263 2664 394 2691 διάνοιαν’
411 2663 510 2699 ῖδωμεν
523 2664 551 2690 δὲ
565 2664 592 2690 τί
605 2673 687 2700 φησιν
697 2665 712 2691 6
721 2666 827 2697 Λουκᾶς
837 2674 844 2680 ·
861 2675 871 2691 ι
883 2666 937 2692 Καὶ

143 2743 168 2758 ¹¹
191 2741 274 2770 Ruth.
291 2750 327 2774 Iv,
345 2741 439 2769 i8—22.

183 2820 223 2851 (6)
244 2820 311 2846 Cod.
327 2819 361 2849 Α.
377 2819 470 2847 τοῦτον
484 2820 515 2856 δὴ
532 2818 579 2847 οὖν
595 2819 640 2847 τὸν
651 2820 752 2856 τρόπον
769 2820 840 2847 καὶὸ
856 2821 933 2848 Ματ-

142 2856 224 2887 οαῑος
237 2855 373 2890 ἐλεοίησςν.

183 2891 224 2927 (7)
244 2889 310 2927 Tam
329 2890 355 2916 in
371 2890 488 2927 epitome
498 2898 579 2926 quam
591 2890 620 2918 in
634 2890 695 2919 cod.
713 2890 745 2924 Λ,
760 2891 788 2918 ἐν
802 2892 861 2924 ταῖς
877 2891 932 2918 [Ia—

142 2926 195 2963 puJ
200 2924 368 2960 ειπομέναις.

991 309 1035 328 res
1066 301 1122 336 (hic
1138 304 1196 327 erat
1217 299 1294 326 Juda:
1306 299 1468 334 patriarchae
1486 299 1584 334 ﬁlius).
1604 298 1707 327 Phares
1728 307 1776 335 ge-

989 347 1050 373 nuit
1081 345 1242 379 Esronem;,
1257 345 1345 373 Esron
1366 345 1460 380 genuit
1485 344 1636 378 Aramum;
1657 345 1775 374 Aramus

990 392 1084 428 genuit
1101 391 1320 424 Aminadabum;
1350 391 1538 418 Aminadahus
1553 391 1647 426 genuit
1674 390 1776 420 Nasso—

990 446 1069 471 nem;
1099 437 1211 465 Nasson-
1231 438 1326 473 genuit
1351 436 1525 468 Salmonem:
1549 437 1660 464 Salmon
1683 438 1777 472 genuit

989 483 1129 514 Boozum;
1161 481 1268 510 Boozus
1301 482 1395 517 genuit
1429 481 1570 515 Obedum;
1600 481 1709 510 Obedus
1729 489 1777 517 ge-

990 529 1049 555 nuit
1064 527 1345 560 Jessteumﬂessteus
1366 528 1461 562 genuit
1483 526 1612 554 Davidem
1626 528 1674 553 η.»
1700 525 1776 554 Hanc

990 575 1074 609 igitur
1088 574 1234 601 Matthaeus
1251 581 1360 609 quoque
1378 573 1547 609 genealogite
1565 574 1718 601 scribendae
1734 581 1776 601 ra-

989 621 1092 647 tionem
1112 623 1232 648 sectatus
1249 624 1301 646 est.

1024 666 1050 693 2.
1070 665 1104 692 At
1120 666 1225 701 primus
1244 665 1348 701 Regum
1365 665 1444 697 liber,
1459 666 1505 702 qui
1522 665 1619 692 Rutha:
1633 665 1775 694 historiam

990 712 1178 750 subsequitur,
1197 711 1303 740 inferne
1319 711 1452 744 ascendit,
1469 715 1498 738 ut
1519 712 1548 739 tit
1571 712 1641 747 apud
1662 711 1774 738 Lucam.

989 758 1095 793 Quippe
1123 758 1258 789 Helcanaa,
1282 757 1331 792 qui
1345 760 1422 792 pater
1447 756 1498 784 fuit
1521 756 1665 788 Samuelis,
1690 764 1777 792 genus

988 812 1147 837 recensens,
1166 805 1204 831 ait
1218 814 1225 831 :
1241 813 1251 830 ε
1267 804 1318 831 fuit
1333 804 1375 831 vir
1390 811 1423 831 ex
1446 803 1604 830 Armathem
1626 803 1728 838 Suphir
1742 803 1777 831 de

989 854 1081 878 monte
1097 849 1253 884 Ephraimi;
1269 857 1368 877 nomen
1389 849 1449 883 ejus
1472 849 1603 880 Helcana,
1628 848 1698 876 ﬁlius
1717 848 1778 876 Hie-

990 896 1118 928 remielis,
1143 895 1190 922 ﬁlii
1217 895 1292 928 Elite,
1322 895 1368 922 ﬁlii
1395 894 1474 928 Thoi,
1502 895 1549 922 ﬁlii
1573 895 1647 926 Suri,
1670 895 1776 929 Ephre-

955 934 975 961 Β
992 946 1059 969 ιιευε
1070 941 1103 968 ι’.
1116 951 1126 967 ι
1145 940 1198 968 Sed
1212 945 1239 968 et
1255 941 1283 968 in
1299 940 1514 976 Paralipomenis
1530 940 1611 968 modo
1625 949 1639 967 a
1654 940 1778 975 superio-

990 986 1067 1014 ribus
1093 986 1126 1014 ad
1153 990 1282 1021 posteros
1299 985 1359 1013 ﬁu-it
1384 993 1495 1018 sermo,
1518 989 1548 1012 nt
1574 985 1602 1012 ﬁt
1618 985 1688 1020 apud
1710 985 1777 1012 Mat-

990 1033 1100 1065 thaeum,
1117 1033 1198 1059 modo
1214 1039 1292 1067 atque
1309 1039 1341 1059 ac
1357 1032 1429 1067 apud
1443 1031 1545 1059 Lucam
1561 1033 1696 1067 prosapiae
1709 1032 1778 1059 scri-

993 1077 1107 1105 buntur.
1126 1077 1197 1104 Audi
1214 1085 1279 1112 ergo
1296 1081 1323 1105 et
1340 1077 1398 1104 haec
1414 1087 1420 1105 :
1438 1086 1447 1102 ι
1466 1076 1587 1110 Davidis,
1606 1077 1694 1112 inquit
1708 1084 1777 1112 pra:-

989 1123 1081 1151 dictus
1092 1124 1170 1155 liber,
1188 1123 1260 1151 ﬁlius
1288 1128 1347 1151 erat
1374 1123 1521 1156 Salomon;
1537 1123 1619 1159 hujus
1633 1124 1705 1151 lilius
1721 1123 1776 1152 Βο-

989 1170 1119 1204 beamus;
1132 1171 1213 1205 hujus
1227 1170 1298 1198 ﬁlius
1309 1170 1395 1202 Abia;
1413 1171 1494 1205 hujus
1511 1171 1591 1206 ﬁlius;
1604 1170 1674 1205 Osa;
1693 1171 1775 1205 hujus

989 1217 1061 1245 ﬁlius
1073 1217 1255 1252 Josaphatus;
1267 1217 1348 1251 hujus
1361 1217 1433 1244 ﬁlius
1444 1216 1588 1249 Joramus;
1606 1218 1688 1252 hujus
1701 1218 1773 1245 ﬁlius

989 1261 1139 1296 Ochozias;
1165 1263 1248 1297 hujus
1273 1263 1345 1290 ﬁlius
1360 1262 1477 1296 Joasus;
1493 1262 1576 1297 hujus
1595 1262 1666 1290 ﬁlius
1690 1257 1774 1290 Ama-

989 1309 1045 1336 sias
1059 1309 1090 1324 ε’·
1108 1319 1117 1335 ι
1131 1309 1220 1344 Atque
1239 1309 1278 1336 ita
1297 1317 1330 1336 ex
1348 1309 1444 1337 ordine
1468 1309 1609 1336 descendit
1633 1317 1720 1344 usque
1740 1309 1774 1336 ad

987 1353 1144 1382 Jechoniam
1160 1359 1241 1390 atque
1254 1354 1288 1382 ad
1302 1354 1495 1390 Babylonicam
1507 1354 1702 1390 captivitatem,
1718 1363 1772 1382 non

989 1408 1068 1428 secus
1091 1404 1172 1436 atque
1188 1401 1338 1428 Matthteus.
1362 1400 1473 1432 Contra,
1492 1400 1530 1428 uti
1554 1400 1653 1432 Lucas,
1676 1400 1772 1428 eadem

988 1454 1085 1475 rursus
1111 1447 1234 1475 ascendit
1262 1447 1405 1482 Scriptura
1429 1447 1494 1474 dum
1525 1446 1660 1474 Samuelis
1687 1455 1774 1482 genus

987 1497 1108 1520 enarrat.
1129 1493 1173 1520 Ait
1198 1493 1270 1520 enim
1285 1503 1291 1520 :
1306 1502 1315 1518 ‹
1333 1492 1470 1521 Samuelis
1493 1493 1540 1520 ﬁlii
1566 1492 1707 1524 Helcanae.
1727 1492 1774 1520 ﬁlii

987 1537 1170 1570 Hieroboami,
1187 1538 1234 1565 ﬁlii
1255 1537 1375 1570 Helielis,
1394 1538 1441 1565 ﬁlii
1464 1538 1542 1570 Thoi,
1562 1538 1610 1565 ﬁlii
1628 1537 1702 1570 Suri,
1725 1538 1774 1566 ﬁlii

990 1583 1122 1616 Helcame.
1135 1584 1182 1612 ﬁlii
1192 1583 1305 1616 Johelis,
1319 1584 1364 1611 lilii
1375 1584 1488 1617 Azariaa,
1506 1584 1551 1611 ﬁlii
1564 1583 1716 1620 Sophortiae,
1727 1584 1774 1612 ﬁlii

989 1629 1100 1662 Thaari,
1121 1630 1169 1657 ﬁlii
1189 1629 1272 1661 Asiri,
1300 1629 1347 1656 lilii
1369 1630 1519 1662 Abiasaris,
1542 1630 1588 1657 ﬁlii
1611 1629 1698 1662 Corae,
1727 1630 1774 1657 ﬁlii

988 1675 1099 1707 lssaari,
1126 1675 1171 1702 ﬁlii
1191 1675 1297 1706 Canthi.
1323 1674 1370 1701 ﬁlii
1392 1674 1497 1706 Leviui,
1524 1674 1699 1702 ﬁliilsraelis
1713 1675 1745 1702 ⁸⁸.
1761 1684 1770 1701 ι

987 1721 1074 1748 Porro
1087 1721 1162 1749 vides
1177 1727 1207 1749 ut
1221 1722 1300 1756 plane
1314 1721 1387 1749 hune
1408 1728 1510 1748 morem
1533 1720 1620 1748 Lucas
1641 1721 1773 1748 imitetur.

990 1766 1122 1795 Sexcenta
1136 1767 1272 1802 ejusmodi
1283 1767 1405 1802 exempla
1418 1767 1531 1802 ipsemet
1545 1767 1666 1794 invenies
1680 1776 1686 1793 ε
1699 1766 1772 1794 unde

988 1815 1110 1848 sequitur
1123 1817 1152 1840 ut
1176 1812 1320 1845 fateamur,
1340 1813 1410 1840 nihil
1430 1813 1570 1841 insolitum
1586 1812 1684 1840 fecisse
1706 1812 1770 1840 Ser-

987 1859 1090 1886 vatoris
1102 1860 1187 1886 nostri
1201 1860 1383 1895 evangelistas
1395 1869 1401 1887 :
1415 1868 1503 1895 neque
1513 1859 1611 1887 merito
1626 1859 1770 1894 quisquam

987 1905 1093 1940 putabit
1107 1913 1154 1933 eos
1171 1905 1286 1933 invicem
1310 1905 1455 1934 dissidere.
1472 1905 1593 1941 Uterque
1616 1905 1688 1932 enim
1708 1912 1773 1940 pro-

987 1951 1047 1986 prio
1062 1951 1167 1978 calculo
1179 1951 1390 1986 descriptionem
1401 1951 1520 1979 instituit
1534 1961 1541 1979 :
1557 1951 1625 1978 alter
1636 1951 1670 1978 ab
1683 1951 1773 1978 Abra—

988 1997 1070 2024 hamo
1083 1996 1191 2024 initium
1208 1997 1331 2032 capiens,
1344 1997 1379 2025 ob
1392 1997 1435 2025 sui
1458 1997 1593 2025 sermonis
1607 1997 1772 2032 peculiarem

986 2043 1130 2075 rationem,
1147 2050 1229 2078 quam
1245 2043 1274 2070 in
1297 2043 1425 2078 pra-senti
1441 2051 1495 2071 non
1512 2048 1589 2071 vacat
1613 2050 1770 2078 exponere:

987 2089 1056 2116 alter
1067 2089 1155 2123 ipsum
1168 2088 1352 2116 Ahrahamum
1369 2093 1590 2124 przetcrgressus,
1605 2088 1639 2116 ad
1654 2089 1771 2123 primum

987 2143 1074 2170 usque
1099 2135 1236 2162 hominem
1260 2135 1459 2171 venit:neque
1477 2135 1505 2162 in
1530 2136 1582 2162 hoc
1609 2135 1696 2168 sistit,
1725 2135 1772 2163 sed

989 2188 1066 2208 suam
1083 2189 1191 2208 omnem
1205 2181 1348 2209 historiam
1363 2189 1425 2209 cum
1448 2181 1503 2209 Deo
1524 2182 1619 2214 nectit,
1632 2181 1697 2209 dum
1712 2189 1772 2208 eam

987 2225 1113 2254 videlicet
1134 2234 1182 2261 per
1199 2226 1414 2261 regenerationis
1431 2227 1459 2254 in
1479 2227 1589 2255 Christo
1612 2226 1771 2263 mysterium

950 2273 972 2300 Ι)
987 2272 1014 2300 in
1032 2273 1151 2300 sublime
1163 2273 1263 2301 evehit.

1356 2329 1400 2357 lii.

987 2388 1124 2421 Quomodo
1144 2387 1286 2423 Matt/unus
1303 2388 1408 2423 quidem
1427 2396 1444 2414 a
1466 2387 1568 2423 Davide
1588 2387 1696 2422 ejusque
1710 2395 1771 2414 suc-

1022 2431 1123 2450 cessore
1139 2422 1279 2450 Salomone
1295 2422 1329 2449 ad
1342 2423 1472 2450 Jacobum
1482 2427 1507 2449 et
1521 2422 1663 2456 Jaseplmm
1677 2431 1771 2457 prosa-

1021 2459 1078 2492 pia:
1101 2457 1213 2485 deducat
1227 2466 1235 2484 :
1251 2458 1337 2485 Lucas
1354 2462 1440 2485 autem
1461 2466 1477 2484 α
1494 2457 1593 2484 Davide
1612 2463 1688 2492 atque
1712 2457 1770 2484 Na-

1023 2493 1100 2520 thane
1114 2497 1191 2528 atque
1203 2501 1218 2519 a
1231 2493 1319 2520 liberis
1330 2493 1408 2527 Imjus
1425 2493 1459 2519 ad
1477 2493 1564 2519 llelim
1578 2497 1601 2519 et
1616 2492 1769 2527 Jasephum.

1021 2529 1154 2556 contraria
1178 2528 1305 2556 Matt/two
1323 2529 1426 2555 ratione
1448 2528 1626 2563 genealogiam
1641 2528 1769 2556 scribens.

1024 2576 1049 2602 1.
1071 2575 1164 2603 Tertia
1180 2575 1236 2610 jam
1255 2575 1370 2610 quaestio
1396 2573 1596 2602 consideranda
1619 2577 1670 2601 est.
1685 2572 1771 2601 Porro

987 2621 1054 2655 ipsis
1077 2621 1168 2649 verbis
1192 2625 1271 2648 acute
1295 2624 1413 2648 mentem
1439 2625 1561 2648 nostram
1584 2620 1769 2647 intendamus.

987 2667 1083 2702 Agesis
1099 2666 1241 2694 videamus
1256 2667 1320 2701 quid
1337 2665 1425 2694 Lucas
1437 2666 1521 2694 dicat.
1543 2675 1552 2691 ι
1570 2665 1603 2692 Et
1619 2666 1676 2700 ipse
1689 2664 1771 2694 Jesus

478 2742 500 2757 “
519 2741 529 2768 Ι
545 2741 611 2777 Reg.
629 2749 655 2773 ι,
674 2742 700 2768 l.
739 2742 760 2758 “
779 2741 789 2768 Ι
805 2741 867 2771 Par.
885 2751 931 2776 lll,
950 2743 993 2772 10.
1033 2744 1055 2760 ⁸⁵
1073 2744 1083 2771 1
1098 2744 1161 2773 Par.
1178 2753 1222 2778 vr,
1241 2745 1287 2774 Μ.

1024 2822 1061 2858 (8)
1082 2823 1148 2858 Cod.
1166 2823 1198 2853 Α.
1220 2822 1370 2858 Ὶερρμιήλ,
1387 2827 1413 2851 et
1429 2831 1491 2852 mox
1514 2821 1612 2852 Ἐλιου.

1024 2857 1063 2890 (9)
1084 2857 1154 2891 Epit.
1167 2857 1263 2892 Σουφέᾷ

1024 2892 1078 2929 (10)
1098 2893 1164 2920 Cod.
1183 2893 1215 2926 A,
1241 2893 1339 2934 Ἀσήρ.⁴
