2065 3216
295 158 349 188 895

671 159 803 187 EUSEBII
825 159 1063 188 CJESARIENSIS
1082 159 1156 188 OPP.
1176 159 1265 187 PARS
1283 159 1327 187 Ill.
1346 175 1380 180 -—
1399 158 1602 186 EXEGETICA.

1868 156 1918 184 896

293 221 354 245 erat
369 217 503 253 incipiens
526 217 605 253 quasi
619 225 755 247 annorum
781 218 904 254 triginta,
920 223 950 246 ιιι
965 219 1080 254 putaba-

1135 219 1213 250 αὐτὸς
1235 219 1250 244 ὁ
1270 218 1372 254 Ἰησοῦς
1385 212 1420 253 ἦν
1432 217 1580 254 ἀρχόμενος
1595 216 1660 242 ὡσεὶ
1681 216 1748 242 ὲτῶν
1761 215 1917 250 τριάκοντα,

295 267 350 295 tur,
367 263 438 291 lilius
451 263 572 298 Josephi,
590 264 636 291 lilii
652 263 723 296 Heli,
736 264 783 291 lilii
799 264 906 292 Melchi.
921 275 930 291 )
946 265 1023 292 Haud
1039 270 1080 292 ta-

294 317 356 336 men
372 309 514 337 Mattnaeus
526 318 593 337 usus
607 315 649 338 est
658 318 724 337 voce
743 320 752 337 (
764 315 797 342 ut,
806 311 965 345 putabatur.
983 321 992 338 ι
1008 311 1080 345 Quid

295 363 377 390 porro
400 356 457 382 ait?
480 365 489 380 ι
502 355 658 384 Matthanus
681 357 776 391 genuit
795 356 946 391 Iacobum;
961 357 1080 386 Iacobus

293 404 385 429 autem
403 402 497 436 genuit
511 401 672 437 Josephum.
689 413 698 428 ι
723 403 804 430 Aliud
828 411 892 431 vero
915 407 957 431 est
971 407 1077 438 putare,

294 446 367 472 aliud
384 453 434 473 ceu
450 454 495 474 res
508 446 546 473 ita
562 454 592 473 se
605 446 705 474 habeat
717 445 862 474 alﬁrmare.
879 446 907 473 Si
919 447 1002 482 igitur
1013 446 1081 474 Mat-

293 491 365 519 thteo
391 491 540 519 allirmante
561 490 710 526 Josephum
736 491 822 519 tilium
844 500 906 519 esse
931 491 1027 519 Jacobi
1053 496 1081 519 et

294 537 439 569 Matthani,
457 537 545 566 Lucas
567 538 694 566 similiter
716 538 893 566 contenderet
908 538 993 565 lilium
1019 546 1081 566 esse

293 581 353 610 Heli
379 591 411 610 ac
431 582 539 617 Melglti,
562 591 626 610 vere
649 591 738 618 pugna
757 584 881 619 qumdam
906 588 978 612 esset
1000 589 1082 619 atque

293 627 448 659 conflictus,
461 633 543 663 atque
565 636 634 663 opus
652 634 725 657 esset
745 630 861 658 arbitrio
879 631 926 665 qui
941 631 1081 664 evangeli-

294 679 352 702 stas
372 678 562 709 componeret.
580 674 659 702 Nunc
683 679 773 703 autem
790 684 852 703 cum
872 676 1016 704 Matthams
1037 676 1082 704 [ir-

293 720 374 747 ruiter
402 724 551 753 asseverat,
572 719 662 748 Lucas
685 729 750 748 vero
773 722 846 749 haud
871 722 898 749 id
922 710 1081 756 contendat,

293 766 341 794 sed
361 766 519 802 opinionem
540 767 731 795 tantummodo
751 768 871 803 proferat
889 769 961 804 apud
983 769 1083 796 multos

293 816 479 848 pervagatam,
505 820 560 839 non
585 820 646 847 qua;
661 813 734 848 apud
760 821 790 841 se
806 814 921 849 vigeret,
939 813 1026 846 nulla,
1054 817 1084 840 ut

292 858 402 894 opinor,
418 858 534 893 quaestio
550 863 685 893 superest.

329 904 356 931 2.
377 903 445 931 Nam
472 912 536 932 cum
555 904 638 931 variae
662 904 695 940 de
716 905 830 932 Christo
850 904 929 932 tanta!
949 905 1020 932 inter
1036 903 1084 931 Ju-

294 950 370 978 dtBOS
385 955 564 978 versarentur
575 970 582 983 ,
596 954 624 978 et
643 951 737 978 cuncti
754 951 865 986 quidem
881 951 1055 978 concorditer
1069 959 1084 978 a

294 995 398 1023 Davide
418 1004 480 1024 eum
503 1000 667 1032 repeterent,
683 1001 796 1032 propter
821 996 867 1024 Dei
884 997 1084 1032 promissiones

295 1042 390 1070 Davidi
405 1042 594 1078 signiticatas;
612 1043 721 1070 interim
737 1047 829 1070 tamen
843 1043 890 1069 alii
909 1050 925 1070 a
940 1042 1042 1070 Davide
1057 1047 1085 1070 et

299 1089 445 1116 Salomone
470 1089 601 1124 regioque
621 1092 765 1116 stemmate
793 1093 921 1124 putarent
945 1088 1084 1116 Christum

299 1134 413 1168 adfore;
436 1134 482 1162 alii
502 1135 536 1163 ab
563 1135 614 1162 hac
633 1135 768 1162 sententia
782 1134 952 1168 recederent,
975 1139 1085 1169 propter

297 1182 398 1210 multas
421 1182 532 1218 regibus
558 1182 663 1210 inustas
689 1181 909 1213 criminationes,
932 1186 960 1208 et
976 1186 1085 1216 propter

298 1229 482 1264 proscriptum
524 1228 558 1255 ab
599 1228 719 1256 Jeremia
743 1227 877 1263 propheta
907 1226 1083 1258 Jethoniam,

296 1282 359 1301 cum
382 1274 499 1313 ait.non
524 1278 715 1301 surrecturum
740 1281 772 1300 ex
798 1272 859 1307 ejus
883 1272 970 1306 stirpe
985 1271 1032 1306 qui
1056 1271 1085 1299 in

296 1319 409 1347 Davidis
424 1319 524 1346 throno
541 1318 659 1352 sederet,
675 1326 792 1353 cumque
802 1318 838 1346 ob
852 1318 880 1345 id
899 1318 951 1344 alia
967 1318 1010 1345 via
1023 1325 1085 1353 per-

298 1369 394 1402 gerent
409 1376 415 1393 :
430 1369 456 1393 et
470 1373 532 1392 cum
550 1365 577 1392 in
598 1365 707 1392 Davidis
731 1364 891 1391 afﬁrmando
906 1372 1004 1398 genere
1018 1372 1086 1391 con-

299 1412 449 1447 spirarent,
464 1419 519 1438 non
537 1414 629 1438 tamen
649 1417 697 1445 per
711 1409 895 1441 Salamouem,
908 1409 955 1438 sed
971 1417 1018 1444 per
1032 1409 1085 1436 Na-

298 1458 413 1485 thanum
427 1456 537 1484 Davidis
555 1457 619 1484 item
634 1457 729 1488 lilium,
745 1456 910 1483 deducerent
929 1455 987 1491 (qui
1014 1457 1084 1483 idem

298 1503 443 1532 Natbanus
471 1503 603 1538 propheta
629 1502 715 1529 fuisse
742 1502 853 1533 dicitur,
882 1501 1032 1529 secundum
1052 1509 1087 1528 ea

299 1557 361 1585 quae
375 1549 500 1576 feruntur
512 1548 541 1575 in
555 1548 658 1578 Rerum
676 1546 781 1581 libris);
797 1551 879 1582 atque
887 1547 921 1575 ab
936 1547 1018 1582 hujus
1035 1554 1085 1581 po-
1099 1572 1120 1600 Ο

300 1597 384 1625 lteris
406 1599 554 1623 venturum
580 1595 720 1622 Christum
745 1598 912 1627 assererem;
941 1594 1085 1629 ipsumque

299 1642 411 1678 .Ioseplii
434 1650 520 1677 genus
537 1641 601 1669 inde
621 1649 709 1677 usque
732 1644 901 1676 repeterent;
928 1640 1085 1668 necessario

300 1689 390 1716 Lucas
407 1688 453 1723 qui
469 1688 577 1715 illorum
592 1687 748 1722 opinionem
761 1682 857 1718 refert,
871 1694 924 1714 non
936 1693 1024 1717 suam,
1038 1686 1086 1713 ad~

297 1735 365 1769 jecit
379 1733 530 1762 narrationi
551 1743 560 1758 ι
575 1738 604 1760 ut
620 1733 784 1768 putabatur;
803 1743 812 1757 ι
828 1732 954 1759 Matthmo
975 1733 1086 1767 permit-

299 1784 363 1808 tens
381 1788 496 1807 narrare
520 1787 574 1807 non
599 1783 627 1806 ut
644 1779 800 1814 putabatur,
816 1778 863 1806 sed
878 1779 917 1805 uti
934 1786 1030 1806 revera
1056 1785 1086 1806 se

301 1826 419 1854 habebat
441 1826 518 1861 origo
539 1825 657 1861 generis.
673 1825 761 1860 Atque
783 1825 841 1852 haec
858 1825 947 1859 prima
967 1828 1028 1852 esto
1043 1832 1086 1852 re-

302 1873 424 1907 sponsio.

336 1919 363 1946 5.
384 1919 444 1946 Alia
459 1928 568 1955 quoque
593 1921 727 1955 profunda
750 1923 779 1948 et
801 1927 901 1946 arcana
925 1926 986 1946 esse
998 1921 1087 1953 potest

303 1964 365 1999 ejus
377 1966 545 1993 narrationis
559 1967 640 1993 ratio.
655 1966 761 1993 Etenim
781 1965 924 1992 Matthmus
939 1964 1087 1990 humanam

302 2011 406 2038 Christi
418 2011 588 2038 nativitatem
604 2012 705 2039 diserte
718 2012 887 2043 describens,
905 2017 1022 2044 vereque
1039 2017 1087 2035 vo-

304 2056 365 2084 lens
382 2055 528 2092 Josephum
548 2056 650 2085 Davide
665 2058 812 2085 oriundum
835 2059 1036 2089 demonstrare,
1054 2064 1087 2084 eo

307 2109 364 2137 quo
378 2109 427 2137 par
444 2107 503 2129 erat
522 2103 657 2130 sermonis
673 2105 798 2138 ingressu
813 2104 915 2136 utitur;
937 2102 1025 2131 Lucas
1039 2111 1088 2129 an-

303 2152 370 2180 tem,
387 2151 417 2175 ut
439 2148 548 2183 opinor,
564 2149 627 2183 quia
643 2150 726 2178 nollet
743 2156 871 2176 earneam
895 2148 998 2175 Christi
1017 2148 1088 2174 nati-

303 2194 415 2221 vitatem
431 2193 598 2226 describere,
614 2195 650 2222 ita
665 2203 740 2222 nunc
751 2203 781 2222 se
795 2194 890 2229 gessit.
908 2193 974 2220 Nam
992 2193 1015 2221 si
1037 2193 1088 2220 hoc

1133 263 1171 290 ὢν
1183 263 1249 295 υἱὸς,
1264 264 1302 295 ὡς
1309 263 1460 298 ἐνομίζετο,
1475 262 1522 289 τοῦ
1530 262 1638 297 Ἰωσὴφ,
1650 260 1697 287 τοῦ
1705 260 1774 292 Ἠλὶ,
1788 259 1835 286 τοῦ
1847 259 1920 286 Μελ--

1129 310 1167 346 χί.
1176 320 1185 336 ι
1197 309 1326 345 Ἀλλόὺχ
1339 310 1354 336 ὃ
1366 318 1398 343 γε
1411 309 1548 340 Ματθαῖος
1560 309 1695 344 ἐχρήσατο
1708 307 1769 342 τῇ,‹
1781 306 1818 338 ὡς
1831 306 1920 340 ἐνομί-

1129 356 1191 389 ζετο
1205 366 1214 382 ι
1227 357 1317 391 φωνῇ·
1332 355 1399 382 ἀλλὰ
1407 355 1433 382 τί
1448 363 1529 390 φησι;
1545 363 1555 379 ί
1569 353 1680 380 Ματθάν
1695 353 1723 379 δὲ
1737 352 1865 387 ἐγέννησε
1875 351 1921 379 τὺν

1137 399 1352 433 ’1ακὼ6,’ίακὼὸ
1367 401 1395 427 δὲ
1408 400 1535 435 ἐγέννησε
1551 399 1734 434 τὺνἹωσήφἹ
1750 398 1815 424 ἄλλο
1831 397 1860 423 δὲ
1873 397 1921 432 δή-

1131 455 1183 473 που
1197 447 1257 474 ἐστὶ
1268 447 1298 474 τὸ
1314 447 1444 482 νομίζειν,
1460 446 1507 472 καὶ
1523 445 1586 472 ἄλλο
1599 445 1629 471 τὸ
1645 444 1733 476 οὕτως
1746 443 1818 479 ἔχειν
1830 442 1922 470 διαεεο

1132 493 1274 521 ϐαιοῦσοαι
1283 502 1289 508 ·
1303 494 1326 519 εί
1341 493 1389 528 μὲν
1402 493 1434 528 δὴ
1447 491 1492 518 τοῦ
1504 491 1643 518 Ματθαίου
1654 489 1922 524 διαῦεὸαιωσαμένου

1131 539 1177 566 τὸν
1194 539 1293 574 Ἰωσὴφ
1308 539 1364 565 υἱὸν
1378 536 1446 564 εἶναι
1458 537 1554 564 Ἰακὼὸ
1567 538 1614 563 καὶ
1628 536 1675 563 τοῦ
1689 535 1814 567 Ματϐὰν,
1830 537 1844 562 ὁ
1856 536 1924 562 Δου-

1131 587 1182 617 κᾶς
1206 586 1306 621 ὁμοίως
1329 584 1515 620 διισχυρίσατο
1535 584 1580 610 τὸν
1598 583 1697 618 Ἰωσὴφ
1711 582 1852 616 γεγονέναι
1867 581 1924 608 om

1131 631 1178 658 τοῦ
1197 631 1258 657 Ἠλὶ
1276 631 1323 658 καὶ
1335 630 1381 656 τοῦ
1397 630 1494 665 Μελχὶ,
1508 629 1614 665 ἀληθῶς
1631 629 1704 664 μάχη
1718 637 1759 660 τις
1769 625 1802 663 ἦν
1819 627 1867 654 καὶ
1877 629 1925 654 πό-

1132 677 1226 713 λεμος,
1245 677 1292 704 καὶ
1315 674 1350 713 ἦν
1371 676 1425 703 τῶν
1450 676 1641 711 διαιτησόντων
1658 676 1751 706 αὐτοῖς
1766 675 1862 710 χρεία·
1878 674 1925 702 νῦν

1131 724 1161 751 δὲ
1171 725 1226 756 ὅτε,
1241 724 1289 750 τοῦ
1303 722 1444 750 Ματθαῐου
1455 721 1733 757 διαϐεϐαιωσαμένου,
1747 723 1761 748 ὁ
1777 722 1885 753 Λουκᾶς
1894 722 1924 748 ob

1132 770 1303 804 διατείνεται,
1316 770 1394 803 δόξαν
1406 770 1434 796 δὲ
1447 769 1523 805 παρὰ
1536 771 1591 800 τοῖς
1606 769 1712 800 mihi;
1727 766 1925 802 νενομισμένην

1133 817 1249 852 τίθησιν,
1264 817 1294 843 οὺ
1315 815 1364 851 τὴν
1389 815 1454 851 παρ’
1470 814 1544 850 αὺτῷ
1560 814 1722 850 κρατοῦσαν,
1740 812 1817 849 οἶμαι
1843 812 1925 848 μηδερ

1136 862 1200 898 μίαν
1216 861 1409 889 ὑπολείπεσθαι
1423 861 1546 897 ζήτησιν.

1099 899 1122 930 Β
1172 909 1204 945 β’.
1225 909 1366 944 Διαφόρων
1379 907 1434 944 γὰρ
1447 907 1523 943 παρὰ
1536 907 1670 939 Ἰουδαίοις
1685 905 1846 941 ὑπολήψεων
1861 905 1926 941 περὶ

1135 955 1182 982 τοῦ
1193 953 1311 991 Χριστοῦ
1325 953 1546 989 κεκρατημένων,
1558 954 1604 980 καὶ
1620 953 1730 980 πάντων
1749 952 1798 987 μὲν
1814 951 1928 987 συμφώ-

1135 1010 1188 1033 νως
1203 1001 1249 1028 ἐπὶ
1263 1000 1308 1027 τὸν
1318 999 1401 1026 Δαὸὶδ
1414 1000 1579 1034 ἀναγόντων,
1589 999 1634 1026 διὰ
1645 999 1694 1031 τὰς
1706 998 1774 1033 πρὸς
1786 998 1833 1024 τὸν
1845 997 1928 1024 Δαεὶδ

1135 1048 1181 1074 τοῦ
1193 1046 1260 1073 Θεοῦ
1275 1045 1449 1080 ἐπαγγελίας,
1469 1045 1519 1081 ἤδη
1533 1045 1561 1072 δὲ
1575 1045 1629 1072 τῶν
1648 1045 1696 1080 μὲν
1713 1044 1767 1071 ἀπὸ
1781 1043 1866 1074 Δαεὶδ
1881 1044 1928 1071 καὶ

1135 1093 1291 1128 Σολομῶνος
1305 1093 1350 1119 καὶ
1365 1091 1411 1118 τοῦ
1426 1091 1565 1127 βασιλικοῦ
1580 1091 1674 1125 γένους
1690 1090 1859 1125 πειθομένων
1870 1090 1928 1116 ἔσε-

1136 1140 1197 1166 σθαι
1212 1139 1258 1166 τὸν
1273 1138 1402 1174 Χριστὸν,
1417 1138 1470 1164 τῶν
1482 1137 1510 1163 δὲ
1527 1137 1629 1173 ταύτην
1645 1137 1693 1173 μὲν
1706 1136 1862 1171 φευγόντων
1877 1135 1926 1171 τὴν

1135 1186 1223 1218 δόξαν,
1234 1184 1278 1212 διὰ
1294 1185 1324 1211 τὸ
1339 1184 1467 1220 πλείστην
1485 1183 1652 1220 ἐμφέρεσϐαι
1666 1183 1720 1210 τῶν
1735 1182 1928 1218 βεϐεςιλευκόη

1135 1241 1188 1259 των
1201 1232 1378 1268 κατηγορίαν.
1392 1231 1437 1258 διά
1456 1239 1486 1257 τε
1501 1230 1532 1257 τὸ
1548 1231 1717 1266 ὲκκήρυκτον
1732 1229 1784 1256 ὑπὸ
1796 1229 1845 1256 τοῦ
1859 1238 1911 1264 προ
1922 1243 1928 1248 -

1136 1279 1221 1313 φήτου
1240 1278 1372 1313 Ἰερεμίου
1391 1277 1530 1311 γεγονέναι
1550 1277 1595 1303 τὶν
1617 1276 1754 1312 Ἰεχονίαν,
1770 1275 1818 1301 καὶ
1839 1274 1883 1301 διὰ
1898 1275 1929 1300 τὸ

1135 1324 1259 1359 εἰρῆσθαι
1272 1323 1307 1358 μὴ
1316 1323 1515 1358 ἀναστήσεσθαι
1524 1322 1554 1355 ἐξ
1562 1322 1643 1349 αὑτοῦ
1653 1322 1763 1357 σπέρμα
1774 1321 1929 1356 καθήμενον

1135 1370 1182 1396 ἐπὶ
1205 1369 1300 1405 θρόνου
1312 1369 1403 1399 Δαόὶδ,
1421 1368 1465 1395 διὰ
1483 1369 1511 1395 δὲ
1523 1367 1570 1394 οὖν
1590 1368 1687 1399 ταῦτα,
1702 1367 1798 1402 ἑτέραν
1820 1366 1928 1392 ὁδευόν-

1135 1425 1199 1448 των,
1212 1416 1259 1442 καὶ
1271 1416 1324 1442 ἀπὸ
1339 1415 1388 1450 μὲν
1402 1414 1483 1442 Δαϐὶδ
1495 1413 1705 1450 ὁμολογούντων,
1720 1413 1749 1438 οὺ
1762 1412 1815 1448 μὴν
1827 1411 1871 1438 διὰ
1885 1412 1930 1438 2‘:-

1135 1462 1266 1497 λομῶνος,
1276 1461 1343 1488 ἀλλὰ
1354 1461 1397 1487 διὰ
1409 1460 1513 1492 Νάθαν,
1522 1460 1551 1491 ὃς
1562 1457 1596 1495 ἦν
1607 1459 1654 1486 τοῦ
1670 1458 1753 1484 Δαὸὶδ
1780 1459 1844 1488 παῖς
1865 1457 1929 1491 (φα-

1137 1509 1164 1535 σὶ
1180 1509 1208 1535 δὲ
1223 1509 1268 1534 τὸν
1284 1507 1378 1534 Νάθαν
1393 1508 1440 1534 καὶ
1462 1506 1648 1542 προφητεῦσαι
1671 1505 1742 1531 κατὰ
1764 1505 1797 1530 τὰ
1819 1505 1848 1531 ἐν
1868 1505 1930 1532 ταῖς

1136 1555 1289 1586 Βασιλείαις
1307 1554 1442 1589 φερόμενα
1457 1553 1536 1589 [11]),
1555 1553 1608 1579 ἀπό
1623 1561 1653 1578 τε
1667 1551 1714 1577 τοῦ
1730 1550 1823 1578 Νάθαν
1839 1549 1929 1577 διαδό-

1136 1610 1191 1636 χων
1205 1600 1415 1636 προελεύσεσθαι
1429 1599 1475 1626 τὸν
1488 1597 1604 1634 Χριστὸν
1615 1597 1872 1631 διαϐεϐαιουμένων,
1881 1596 1930 1622 καὶ

1135 1647 1180 1673 τόν
1194 1655 1225 1680 γε
1239 1646 1337 1681 Ἰωσὴφ
1355 1645 1458 1672 ἐκεῖθέν
1473 1644 1557 1671 ποθεν
1571 1643 1814 1678 γενεαλογούντων,
1825 1642 1931 1677 σιρὸδρα

1136 1693 1292 1726 ἀναγκαίως
1314 1692 1328 1718 ὁ
1350 1692 1456 1722 Λουκᾶς
1481 1690 1530 1726 τὴν
1554 1690 1656 1716 τούτων
1673 1688 1823 1724 ἀνιστορῶν
1839 1688 1929 1720 δόξαν,

1136 1739 1191 1766 ἀλλ’
1205 1739 1234 1765 οὺ
1253 1739 1302 1774 τὴν
1316 1737 1580 1772 αὐτοῦ,·προσέθηκε
1597 1737 1628 1771 τῇ
1647 1736 1707 1762 κατ’
1724 1736 1804 1762 αὑτὸν
1823 1735 1931 1769 ἱστορίᾳ.

1135 1784 1166 1810 τὸ
1178 1793 1188 1809 ι
1198 1784 1235 1815 ὠς
1246 1783 1384 1818 ἐνομίζετο
1394 1792 1400 1797 ·
1409 1792 1417 1808 ιι
1428 1782 1467 1817 τῷ
1479 1781 1610 1816 Ματθαίῳ
1618 1781 1823 1817 παραχωρήσας
1836 1781 1873 1816 μὴ
1890 1780 1931 1811 τὺ,

1137 1830 1174 1861 ὡς
1189 1828 1337 1864 ἐνομίζετο.
1354 1830 1481 1864 ἱστορεῖν,
1491 1828 1547 1854 ἀλλ’
1556 1828 1593 1859 ὼς
1607 1826 1678 1862 εἶχεν
1691 1826 1820 1861 ἀληθείας
1833 1826 1867 1856 τὰ
1883 1827 1931 1861 τῆς

1137 1875 1283 1910 γενέσεως·
1299 1874 1366 1909 αὕτη
1386 1873 1435 1909 μὲν
1449 1871 1494 1900 οὖν
1506 1874 1523 1908 ἡ
1539 1872 1632 1908 πρώτη
1654 1872 1791 1902 ἀπόδοσις.

1172 1925 1206 1954 γ’.
1229 1920 1276 1955 Εἵη
1297 1920 1318 1946 δ’
1331 1920 1362 1946 ἄν
1378 1928 1420 1952 τις
1436 1920 1481 1945 καὶ
1499 1918 1578 1949 ἄλλος
1601 1918 1685 1953 βαθὺς
1705 1918 1752 1944 καὶ
1773 1917 1932 1952 ἀπόρρητος

1137 1966 1166 1992 ὲν
1178 1967 1233 1997 τοῖς
1250 1964 1442 2000 προκειμένοις
1456 1964 1552 1998 λόγος·
1572 1963 1711 1994 Ματθαῖος
1729 1963 1778 1998 μὲν
1794 1963 1851 1998 γὰρ
1867 1964 1932 1998 ὁμο-

1137 2012 1307 2047 λογουμένως
1322 2011 1371 2047 τὴν
1388 2011 1519 2046 ἕνσαρκον
1535 2010 1641 2044 γένεσιν
1666 2009 1780 2044 ἱστορῶν
1793 2009 1842 2036 τοῦ
1863 2010 1931 2038 Χρι-

1138 2057 1211 2089 στοῦ,
1228 2057 1275 2083 καὶ
1298 2057 1345 2083 τὸν
1367 2056 1464 2091 Ἰωσὴφ
1491 2055 1626 2086 ἀποδεῖξαι
1644 2054 1803 2089 βουλόμενος
1822 2054 1933 2089 ἀληθῶς

1138 2105 1170 2130 ἐκ
1183 2103 1274 2134 Δαϐἱδ,
1288 2102 1348 2129 ὅθεν
1360 2104 1443 2137 ἐχρῆν
1456 2103 1489 2137 τῇ
1503 2101 1610 2135 εἰσϐολῇ
1625 2101 1758 2136 κέχρηται
1772 2100 1822 2127 τοῦ
1838 2100 1930 2134 λόγου·

1138 2149 1182 2176 τὸν
1207 2149 1235 2175 δὲ
1254 2149 1361 2175 Λουκᾶν
1379 2146 1498 2183 ἡγοῦμαι
1512 2147 1549 2182 μὴ
1565 2147 1613 2182 τὴν
1630 2146 1700 2173 κατὰ
1716 2145 1805 2181 σάρκα
1823 2146 1934 2180 γένεσιν

1138 2196 1184 2223 τοῦ
1203 2194 1289 2230 Ἰησοῦ
1303 2194 1472 2229 γενεαλογεῖν
1482 2194 1615 2224 ἱϐἑλοντα,
1626 2194 1677 2220 νῦν
1690 2193 1767 2219 τοῦτη
1780 2193 1934 2228 πεποιηχέ-

302 2239 328 2266 ei
349 2239 520 2275 propositum
547 2240 654 2272 fuisset,
679 2249 734 2268 non
751 2241 905 2276 ignorabat,
932 2248 1002 2275 opus
1027 2247 1085 2267 esse

1140 2249 1202 2268 ναι·
1219 2241 1298 2267 τοῦτο
1321 2240 1369 2275 μὲν
1390 2239 1443 2274 γὰρ
1467 2240 1491 2265 εί
1506 2239 1578 2266 ,κατὰ
1594 2238 1704 2274 γνώμη-ι
1721 2239 1868 2274 ἔπραττεν,
1884 2239 1934 2265 οὐκ

303 2286 438 2321 originem
470 2287 606 2322 ejusmodi
633 2295 779 2322 exponere.
815 2286 866 2313 Sed
899 2286 1027 2321 quoniam
1053 2293 1087 2313 eo

302 2330 442 2366 Evangelii
456 2332 516 2359 loco
531 2332 746 2368 regenerationis
758 2340 806 2366 per
818 2332 954 2358 lavacrum
972 2332 1088 2358 mentio-

302 2383 367 2404 nem
388 2377 463 2410 facit,
481 2377 630 2412 Jesumque
656 2381 685 2404 ut
707 2377 753 2404 Dei
772 2376 870 2404 Filium
894 2376 1022 2408 exhibet;
1046 2376 1088 2403 id-

304 2422 380 2450 circo
396 2423 447 2451 hoc
458 2424 541 2451 veluti
553 2423 677 2456 exemplo
688 2423 877 2450 demonstrare
888 2422 984 2449 nititur
996 2429 1089 2456 quem-

305 2467 370 2495 libet
385 2468 522 2496 hominem
533 2469 561 2495 in
577 2468 632 2495 Deo
640 2472 840 2503 regeneratum,
856 2467 961 2495 etiamsi
982 2475 1045 2494 vere
1058 2467 1089 2493 f1-

306 2515 358 2542 iius
384 2515 525 2542 hominum
550 2515 683 2543 habeatur
705 2515 741 2542 ob
765 2522 875 2542 carnem
897 2522 950 2549 qua
976 2514 1088 2541 indutus

306 2565 359 2593 est,
377 2569 432 2588 non
446 2566 536 2589 tamen
551 2569 614 2589 cum
634 2568 684 2588 sua
701 2564 799 2588 natura
814 2561 840 2588 in
861 2561 969 2588 carnes
983 2561 1090 2595 genito-

307 2606 384 2637 ribus
400 2607 508 2640 sistere,
524 2615 612 2643 ncque
630 2615 683 2635 non
700 2608 770 2634 ultra
794 2607 917 2642 corporis
932 2610 1090 2642 procreato-

308 2660 353 2681 t-es
370 2661 516 2681 excurrere
530 2663 535 2680 :
547 2661 643 2681 verum
667 2654 774 2682 etiamsi
799 2653 871 2681 ﬁlius
891 2653 1032 2680 hominum
1048 2653 1090 2680 vi-

308 2699 405 2727 deatur
416 2701 451 2728 ob
463 2700 587 2735 corporis
599 2701 810 2736 generationem,
827 2699 1006 2727 nihilominus
1017 2699 1090 2726 haud

309 2745 428 2773 alienum
451 2754 466 2774 a
483 2746 530 2773 Dei
552 2747 697 2781 adoptione
721 2747 837 2774 censeri.
864 2745 1089 2780 Quandoquidem

309 2799 376 2827 ergo
390 2791 477 2820 Lucas
492 2793 562 2820 baud
578 2793 727 2821 secundum
742 2792 860 2820 Matthmi
873 2796 990 2820 mentem
1003 2792 1090 2819 histo-

1139 2287 1229 2321 ἠγνόει
1252 2285 1291 2312 ὃτι
1317 2285 1401 2320 ἐχρῆν
1415 2284 1515 2319 ταύτην
1535 2283 1708 2310 ἐκθέσεσοαι·
1726 2284 1822 2319 ἐπειδὴ
1839 2285 1867 2310 δε
1887 2285 1933 2311 νῦν

1137 2332 1188 2368 τῆς
1208 2331 1251 2358 διὰ
1270 2330 1382 2366 λουτροῦ
1397 2331 1599 2367 ἁναγεννήσεως
1616 2330 1762 2366 μέμνηται,
1776 2330 1835 2356 υίὺν
1851 2331 1933 2358 αὐτὸν

1138 2378 1255 2412 εἰσάγων
1268 2377 1347 2408 Θεοῦ,
1366 2377 1489 2411 βούλεται
1502 2377 1539 2408 ὡς
1551 2378 1579 2403 ἐν
1593 2377 1772 2412 ὑποδείγματι
1787 2377 1932 2411 παραστῆ-

1140 2432 1184 2450 σαι
1201 2423 1241 2449 ὅτι
1255 2422 1286 2457 δὴ
1303 2424 1356 2454 πᾶς
1370 2423 1384 2448 ὁ
1401 2423 1430 2448 ὲν
1440 2421 1499 2456 Θεῷ
1510 2420 1742 2456 ἀναγεννώμενος,
1756 2420 1810 2446 κᾶν
1822 2419 1932 2455 ἀληθῶς

1139 2470 1196 2502 uo;
1210 2467 1278 2496 εἶναι
1290 2469 1440 2505 ἀνθρώπων
1455 2469 1590 2504 νομίζοιτο
1606 2468 1639 2494 δι’
1652 2468 1685 2503 ἢν
1699 2467 1851 2503 περίκειται
1867 2467 1933 2502 σὰρ-

1139 2525 1185 2547 κα,
1199 2516 1318 2550 ἀλλὀὐχ
1341 2515 1448 2541 ἵσταταί
1472 2522 1504 2548 γε
1529 2514 1597 2549 αὐτῇ
1623 2513 1657 2539 τὰ
1681 2511 1730 2547 τῆς
1742 2512 1879 2546 γενέσεως
1892 2512 1931 2542 εἰς

1139 2564 1201 2595 τοὺς
1218 2562 1287 2589 κατὰ
1307 2562 1395 2597 σάρκα
1408 2562 1506 2595 γονεῖς,
1525 2561 1584 2587 οὐδὲ
1608 2559 1688 2596 μέχρι
1704 2559 1757 2586 τῶν
1772 2558 1820 2585 τοῦ
1836 2558 1929 2593 σώμα-

1139 2619 1185 2642 τος
1208 2609 1387 2645 προπατόρων
1410 2608 1520 2643 φθάνειν
1538 2607 1594 2634 ἀλλ’
1609 2607 1632 2633 εἰ
1657 2606 1704 2633 καὶ
1723 2606 1861 2641 νομίζοιτο
1885 2605 1931 2631 ἁν-

1141 2655 1256 2690 ορώπων
1271 2653 1340 2680 εἶναι
1357 2654 1413 2685 υἱὸς
1431 2653 1475 2679 διὰ
1497 2652 1545 2687 τὴν
1567 2651 1614 2678 τοῦ
1642 2651 1768 2686 σώματος
1792 2650 1929 2684 γέννησιν.

1142 2702 1215 2737 ὅμως
1239 2701 1261 2727 δ’
1278 2699 1324 2727 οὖν
1346 2701 1395 2726 οὐκ
1421 2699 1558 2735 ἀλλότριος
1576 2700 1624 2733 τῆς
1648 2697 1693 2725 τοῦ
1708 2696 1776 2723 Θεοῦ
1795 2696 1931 2726 υἱοθεσίας

1143 2747 1293 2781 ὑφέστηκεν
1303 2755 1309 2760 ·
1323 2745 1415 2781 ἐπειδὴ
1427 2745 1455 2771 δὲ
1465 2743 1511 2771 οὗν
1523 2745 1553 2770 οὐ
1563 2744 1633 2770 κατὰ
1645 2743 1693 2778 τὴν
1707 2742 1793 2778 αὐτὴν
1805 2741 1844 2776 τῷ
1855 2742 1931 2768 Ματ-

1143 2791 1210 2826 οσίῳ
1229 2791 1347 2817 διάνοιαν
1371 2790 1505 2824 ἐξετίθετο
1529 2789 1577 2823 τὴν
1602 2788 1738 2823 διήγησιν,
1754 2787 1869 2818 εἰκότως
1886 2785 1931 2812 τδν

348 2881 404 2918 (li)
426 2882 527 2909 llcsuut
544 2883 600 2910 meo
619 2885 644 2910 in
660 2884 707 2910 τ’(ὶιί
734 2884 764 2915 Α,
782 2884 825 2916 (ii,
843 2891 855 2910 ο
872 2892 924 2918 quo
940 2882 1083 2917 cmlrroqni
1107 2883 1231 2909 tltcliotcs
1250 2881 1385 2908 interdum
1405 2881 1535 2908 lectiones
1553 2878 1729 2913 sumpsimus.

800 2975 809 2988 ἱ
