2065 3216
113 171 163 198 897

392 171 621 204 QUzESTIONES
641 172 871 201 EVANGELICE
891 173 937 200 AD
959 173 1080 202 STEPll‘
1096 176 1225 203 .\';M.-—
1244 177 1409 209 QUIESTIO
1428 180 1473 208 ili.

1687 185 1739 214 898

112 229 193 256 αὑτὸν
209 229 303 265 ἐκείνῳ
325 231 418 265 καιρὸν
440 231 570 267 ὑπερϐὰς,
588 232 633 258 ἐπὶ
655 233 703 267 τὴν
725 233 896 268 ἀναγέννησικ

953 234 1020 260 riam
1037 242 1115 262 Silam
1137 235 1243 268 scribit,
1259 241 1474 266 consentaneum
1491 244 1549 267 erat
1567 244 1597 268 ut
1618 241 1738 270 Matthrei

111 276 162 310 τὴν
173 275 215 302 διὰ
231 275 342 311 λουτροῦ
357 277 535 312 παραγίνεται
545 285 552 292 °
567 278 613 304 καὶ
630 278 746 305 ἐνταῦθα
761 279 810 314 τὴν
824 280 900 307 ἐναψ

111 322 172 349 τίαν
184 322 318 349 ἐκτίθεται
331 322 384 349 τῶν
397 323 483 357 γενῶν
496 324 621 360 διαδοχήν
631 333 638 340 ο
654 324 723 360 ὁμοῦ
735 325 782 352 καὶ
791 326 900 360 ἀνάγων

111 368 166 395 ἀπὸ
181 368 234 395 τῶν
253 369 374 396 ὑστάτων
391 369 436 396 ἐπὶ
451 369 486 396 τὰ
500 369 607 406 πρῶτα,
621 371 688 406 ὁμοῦ
702 372 749 398 καὶ
764 371 814 407 τὴν
831 372 900 407 μνή-

113 423 167 450 μην
177 415 231 441 τῶν
244 415 316 450 παρά
328 415 367 450 τῷ
377 416 510 451 Ματθαίῳ
524 417 656 444 ὑπαιτίων
672 417 717 444 καὶ
731 417 900 453 ἁμαρτωλῶν

109 460 216 496 ἀνδρῶν
239 460 449 497 ἀποσειόμενοςν
475 463 624 499 ἐπειδήπερ
649 465 663 490 ὁ
685 463 761 500 παρὰ
780 464 818 498 τῷ
841 464 900 500 Θεῷ

110 505 368 543 ἀναγεγεννημένος,
385 507 523 544 ἀλλότριος
546 509 706 537 καθίσταται
732 512 782 546 τῆς
803 511 901 547 ὲνσὰρ-

112 560 161 579 κου
175 553 305 586 ravim»;
319 553 366 580 καὶ
380 554 434 581 τῶν
449 555 518 582 κατὰ
535 555 624 591 σάρκα
634 556 803 592 ἁμαρτωλῶν
817 558 900 584 πατέ-

111 607 177 633 ρων,
192 600 248 631 υἱὸς
263 601 481 636 ἀποφαινόμενος
493 602 571 634 Θεοῦ,
587 604 635 630 καὶ
645 603 754 631 πάντων
765 605 819 631 τῶν
828 605 899 632 κατὰ

107 645 176 672 Θεὸν
192 646 382 682 ἀνεπιλήπτως
400 647 578 681 βεϐιωκότων.

143 702 175 729 δ’.
195 700 268 734 Οἷον,
278 703 315 734 ὡς
329 704 375 730 ἐπὶ
388 705 619 741 παραδείγματος,
630 707 735 740 Παῦλος
754 709 768 736 ὁ
783 709 899 737 ἀπόστο-

107 748 154 780 λος
167 749 252 784 ὲχέτω
273 750 322 785 μὲν
342 751 413 778 κατὰ
432 751 522 787 σάρκα
539 753 646 789 πατέρα
669 754 792 782 Ἰουδαῖον
808 756 898 783 ὅντινα

107 794 146 826 ὡς
162 795 235 827 εἰκὸς
258 796 371 823 ἄπιστον
381 805 387 811 ·
402 797 487 832 ἐχέτω
502 797 530 824 δὲ
544 798 591 824 κοιλ⁸
605 800 675 826 κατὰ
691 801 766 833 Θεὸν,
784 798 814 828 οὗ
828 803 899 830 κατὰ

107 840 171 872 τοὺς
186 841 302 877 τρόπους
314 842 386 869 ὲὸίου
397 851 404 858 ⁵
417 845 441 870 εἰ
458 843 486 870 δὲ
500 842 547 871 οὖν
567 845 658 880 μέλλει
672 855 714 878 τις
729 847 810 874 αὑτὸν
828 849 898 875 κατὰ

109 887 199 923 σάρκα
223 889 405 924 γενεαλογεῖν,
426 889 499 922 τίνος
522 892 636 925 εἰκότως
665 893 698 920 ἂν
725 895 859 931 ἐμνήσθη.
880 895 896 931 ἢ
914 908 934 935 Β

108 933 218 967 πάντως
232 944 283 962 που
300 935 345 962 τοῦ
360 936 431 963 κατὰ
448 937 538 973 σάρκα
554 938 673 974 πατρός;
692 938 724 966 Εἰ
738 939 759 966 δ’
770 938 803 967 αὖ
818 940 898 968 πάλιν

106 979 200 1016 ἔτερος
214 981 263 1016 τὴν
280 982 309 1007 ὲν
330 982 439 1018 Χριστῷ
455 984 562 1018 γένεσιν
579 984 661 1011 αὐτοῦ
682 985 778 1021 δηλοῦν
800 986 896 1019 ἐθέλοι,

105 1027 180 1058 τίνος
194 1027 227 1054 ἂν
241 1027 288 1063 τὴν
302 1028 413 1064 μνήμην
430 1029 488 1065 θείη
506 1029 540 1057 ἂν
557 1031 679 1063 εἰκότως,
696 1031 712 1066 ἢ
729 1033 837 1065 παντως
850 1033 897 1060 τοῦ

106 1072 178 1099 κατὰ
208 1072 274 1099 Θεὸν
297 1073 379 1101 αὑτὸν
403 1075 650 1111 ἀναγεννήσαντοςι
678 1077 756 1105 Οὕτω
783 1079 831 1106 καὶ
860 1079 898 1115 τῷ

112 1117 239 1153 Ἀϐραὰμ
253 1117 376 1153 εἴρηται·
397 1129 406 1145 ι
421 1121 457 1147 Σὺ
474 1120 503 1147 δὲ
519 1121 657 1159 ἀπελεύσῃ
679 1123 747 1159 πρὸς
763 1124 826 1156 τοὺς
846 1133 898 1152 πα-

104 1163 189 1199 τέρας
202 1172 247 1190 σου
257 1165 370 1200 τραφεὶς
380 1166 408 1193 ὲν
420 1166 493 1203 γήρᾳ
507 1167 643 1203 καλῷ-»οὺ
653 1169 738 1205 δήπου
751 1171 813 1203 τοὺς
827 1172 898 1199 κατὰ

107 1210 198 1245 σάρκα
214 1211 334 1247 πατέρας
347 1212 489 1247 δηλοῦντος
506 1214 552 1240 τοῦ
571 1214 661 1249 λόγου,
677 1217 701 1242 εἰ
716 1217 753 1252 μὴ
770 1217 818 1244 καὶ
834 1217 895 1244 θεο-

106 1256 196 1288 σεϐεῖς
218 1255 338 1291 λέγοιντο
360 1259 509 1293 γεγονέναι,
527 1260 590 1292 τοὺς
611 1261 640 1287 δὲ
662 1262 691 1288 ἐν
704 1262 763 1298 Θεῷ
776 1263 897 1300 πατέρας

103 1302 150 1328 διὰ
168 1302 217 1337 τὴν
238 1302 289 1338 τῆς
310 1303 452 1336 εὐσεϐείας
475 1305 667 1342 ὁμοιοτροπίαν
689 1309 874 1344 αἰνιττομένου
888 1317 895 1324 ·

102 1348 176 1374 οὕτω
187 1349 267 1375 καὶοί
278 1349 307 1381 ἐξ
320 1349 455 1387 Ἀϐραὰμ,
463 1352 570 1385 ἀσεϐεῖς
581 1351 652 1389 ἦσαν
665 1354 715 1389 μὲν
725 1355 796 1382 κατὰ
809 1356 897 1391 σάρκα

102 1395 130 1420 οἱ
156 1394 208 1421 υἱοὶ
226 1395 360 1432 Ἀὁραὰμ,
377 1397 450 1424 κατὰ
469 1398 496 1424 δὲ
518 1398 566 1426 τὸν
580 1400 690 1436 τρόπον,
705 1401 758 1428 υἱοὶ
773 1402 896 1438 Σοδόμων

103 1442 153 1467 καὶ
165 1442 320 1478 Γομόρρας·
337 1443 376 1470 διὸ
389 1443 497 1479 λέγεται
516 1445 584 1481 πρὸς
600 1447 713 1479 αὐτούς·
729 1457 738 1473 ί
751 1449 896 1475 ’Λκούσατε

100 1487 183 1521 λόγον
198 1488 310 1524 Κυρίου,
333 1489 462 1525 ἄρχοντες
489 1491 622 1527 Σοδόμων,
647 1493 793 1529 προσέχετε
816 1495 896 1530 νόμον

102 1533 184 1566 Θεοῦ,
200 1534 263 1566 λαὸς
282 1535 437 1571 Γομόρρας·
457 1546 466 1562 ι
485 1537 523 1569 ὡς
538 1536 572 1564 αὖ
590 1539 670 1566 πάλιν
684 1539 713 1573 ἐξ
728 1536 765 1567 ὧν
781 1541 896 1576 ἤμελλεν

953 283 1074 313 tempora
1092 284 1315 316 praetergressus,
1336 282 1369 310 ad
1387 285 1619 318 regenerationem
1635 295 1684 322 per
1698 287 1736 315 la-

951 332 1063 357 vacrum
1077 325 1192 359 veniret,
1210 327 1302 362 ibique
1318 330 1484 357 contrariam
1505 337 1619 366 poneret
1637 341 1734 367 prosa-

950 369 1057 403 piarum
1078 371 1281 400 successionem
1297 382 1303 399 :
1317 373 1399 400 simul
1424 382 1541 410 pergens
1562 383 1577 402 a
1593 378 1740 412 postremis

951 415 984 442 ad
997 415 1084 447 initia,
1097 417 1234 452 simulque
1247 419 1407 446 memoriam
1423 421 1543 447 sontium
1559 429 1591 448 ac
1606 423 1738 450 scelestu—

950 469 1021 494 rum,
1042 462 1090 497 qui
1115 468 1179 490 sunt
1200 464 1271 498 apud
1296 464 1452 493 Matthmum
1468 466 1609 495 hominum
1629 469 1737 497 vitans:

950 508 1013 542 quia
1038 514 1216 544 regeneratus
1232 511 1303 546 apud
1319 511 1403 539 Deum
1424 513 1533 541 alienus
1556 514 1587 541 ﬁt
1603 522 1618 542 a
1638 522 1738 543 carnea

950 558 1060 586 natura,
1078 559 1105 582 et
1120 563 1134 584 a
1148 557 1339 591 peccatoribus
1356 559 1507 587 secundum
1523 567 1634 588 carnem
1651 562 1739 596 patri-

950 600 1012 632 bus,
1030 600 1077 628 Dei
1097 602 1228 628 nimirum
1244 602 1402 631 declaratus
1416 605 1501 639 ﬁlius,
1514 610 1541 633 et
1555 607 1678 635 omnium
1690 608 1738 643 qui

950 646 1100 674 secundum
1118 648 1203 675 Deum
1219 649 1279 677 sine
1294 651 1374 685 culpa
1388 651 1524 679 vixerunt.

986 703 1011 730 4.
1030 702 1154 740 Exempli
1173 706 1261 741 gratia
1282 706 1386 734 Paulus
1409 708 1550 742 apostolus
1568 713 1672 745 patrem
1695 717 1739 738 se~

953 749 1075 776 cundum
1092 758 1203 777 carnem
1231 751 1326 778 habuit
1340 751 1475 785 Judaeum,
1491 757 1521 780 ut
1535 755 1664 782 credibile
1684 759 1736 788 est,

949 802 965 821 a
981 795 1033 823 [ide
1050 796 1170 824 alienum
1188 805 1195 824 :
1212 796 1307 824 habuit
1325 804 1434 833 quoque
1457 803 1562 833 patrem
1584 801 1738 828 secundum

949 840 1047 873 Deum,
1076 843 1156 877 cujus
1183 843 1310 870 videlicet
1333 845 1397 872 vita:
1418 846 1573 873 institutum
1596 847 1738 882 amplexus

949 887 1011 916 fuit.
1038 887 1067 916 Si
1081 889 1145 924 quis
1167 896 1232 924 ergo
1249 889 1326 917 Pauli
1345 891 1496 918 secundum
1518 898 1628 919 carnem
1652 900 1739 927 genus

949 941 1064 962 narrare
1083 935 1159 967 velit,
1178 943 1324 970 quemnam
1341 936 1439 964 merito
1452 941 1558 972 patrem
1576 938 1739 965 memorabit

949 981 1002 1008 nisi
1015 981 1170 1008 carnalem?
1188 980 1236 1008 Sin
1251 989 1362 1009 rursum
1379 982 1479 1018 aliquis
1492 982 1569 1011 Pauli
1585 984 1613 1010 in
1626 983 1738 1012 Christo

948 1027 1119 1054 nativitatem
1132 1028 1277 1056 ostendere
1295 1028 1371 1062 velit,
1390 1029 1534 1063 cujusnam
1551 1030 1644 1064 potius
1660 1038 1738 1058 men-

949 1072 1050 1099 tionem
1065 1073 1187 1107 parentis
1205 1072 1296 1105 faciet,
1313 1081 1395 1108 quam
1409 1074 1469 1109 ejus
1483 1081 1498 1101 a
1514 1082 1569 1110 quo
1584 1075 1736 1103 secundum

948 1117 1034 1146 Deum
1055 1123 1233 1154 regeneratus
1257 1120 1316 1147 est?
1329 1119 1377 1147 Sic
1392 1121 1548 1148 Abrahamo
1563 1129 1673 1157 quoque
1694 1122 1736 1149 di-

947 1165 1089 1193 etnm‘fuit
1104 1175 1110 1193 :
1127 1175 1136 1190 ι
1151 1165 1192 1193 Tu
1215 1174 1280 1194 vero
1301 1167 1390 1195 abibis
1412 1167 1445 1194 ad
1469 1171 1561 1202 patres
1578 1172 1638 1195 tuos
1663 1169 1736 1196 bona

949 1214 1090 1239 saturatus
1114 1217 1254 1240 senectute
1266 1213 1298 1239 ¹⁸.
1315 1221 1324 1238 ι
1340 1213 1392 1246 Qui
1410 1213 1534 1248 profecto
1551 1221 1642 1241 sermo
1662 1214 1735 1242 haud

948 1265 1062 1286 carneos
1086 1261 1178 1293 patres
1195 1258 1378 1291 demonstrat,
1395 1260 1448 1287 nisi
1474 1260 1502 1286 hi
1522 1259 1593 1287 forte
1611 1260 1650 1295 pii
1667 1268 1737 1295 quo-

947 1312 1001 1339 que
1017 1304 1104 1332 fuisse
1121 1306 1285 1339 credantur;
1313 1305 1361 1333 sed
1380 1306 1414 1333 de
1436 1307 1561 1341 patribus
1584 1307 1735 1334 secundum

950 1350 1035 1378 Deum
1053 1351 1184 1386 loquitur,
1202 1356 1315 1387 propter
1327 1352 1437 1387 pietatis
1452 1352 1672 1380 similitudinem.
1689 1351 1736 1380 Sic

947 1395 1095 1424 Abrahami
1107 1400 1200 1424 sontes
1213 1397 1271 1429 ﬁlii,
1287 1398 1370 1432 hujus
1382 1397 1490 1432 quidem
1503 1397 1655 1424 secundum
1673 1404 1736 1424 car-

948 1449 1009 1469 nem
1037 1441 1084 1469 iilii
1107 1445 1201 1475 erant,
1229 1442 1352 1470 moribus
1364 1446 1454 1469 autem
1479 1441 1661 1469 Sodomorum
1686 1442 1736 1469 lilii

948 1491 1030 1523 atque
1055 1487 1224 1516 Gomorrhm.
1252 1488 1357 1515 ideirco
1380 1488 1482 1516 dicitur
1509 1488 1586 1516 illis:
1611 1498 1619 1513 I
1636 1487 1735 1516 Audite

948 1541 1102 1561 sermonem
1115 1533 1221 1561 Domini
1237 1534 1375 1569 principes
1389 1533 1571 1561 Sodomorum
1582 1553 1589 1567 ,
1603 1534 1736 1562 attendite

101 1579 160 1605 υἱοὶ
183 1580 308 1616 ’Δεραὰμ
333 1580 490 1615 γίγνεσθαι·
516 1583 541 1608 oi
568 1583 633 1616 γοῦν
647 1584 683 1616 ἐξ
699 1584 783 1612 ἐθνῶν
799 1586 839 1617 εὶς
849 1586 895 1612 τὸν

946 1580 999 1615 legi
1013 1580 1071 1612 Dei,
1089 1587 1106 1607 ο
1117 1580 1215 1615 popule
1230 1579 1390 1608 Gomorrha:
1402 1581 1422 1596 "
1440 1589 1445 1607 :
1462 1590 1470 1606 ι
1491 1584 1621 1615 tanquam
1638 1581 1658 1608 si
1672 1588 1736 1607 rur-

100 1624 222 1660 Χριστὸν
240 1626 288 1653 τοῦ
304 1625 372 1653 Θεοῦ
387 1629 607 1661 πεπιστευκότες,
621 1630 692 1656 κατὰ
706 1631 794 1663 σάρκα
809 1631 893 1658 πατέ-

101 1681 161 1708 ρων
185 1672 341 1708 ἀλλοφύλων
369 1674 477 1708 φύντες,
505 1675 558 1701 υἱοὶ
583 1676 735 1712 γεγόναμεν
758 1677 892 1713 Ἀϐραὰμ,

99 1718 223 1754 Χριστοῦ
238 1719 379 1754 γενόμενοι
395 1720 559 1752 παῖδεςκαὶ
582 1721 636 1748 τῶν
660 1722 778 1757 Χριστοῦ
806 1723 893 1758 μαθη-

99 1764 158 1791 τῶν
169 1774 175 1780 ·
192 1765 263 1792 ὥστε
284 1766 331 1792 καὶ
351 1766 479 1802 δευτέραν
497 1768 571 1802 ἡμᾶς
582 1767 782 1804 ἐπιγράφεσθαι
799 1769 894 1802 γένους

100 1810 228 1846 διαδοχὴν
245 1811 311 1838 πολὺ
326 1811 469 1848 κρείττονα
481 1813 530 1847 τῆς
544 1813 614 1840 κατὰ
628 1813 716 1849 σάρκα
730 1813 773 1841 διὰ
783 1814 837 1850 τὴν
848 1824 893 1842 κα-

104 1866 115 1883 :
120 1856 135 1883 it
147 1857 169 1883 Χ
174 1857 265 1892 ριστὸν
278 1858 411 1894 ἀναγέννη
416 1868 466 1886 σιν.

137 2001 167 2026 ε’.
191 2001 310 2033 Είκότως
322 2002 467 2038 τοιγαροῦν
483 2005 530 2031 καὶ
540 2004 553 2031 ὁ
569 2005 686 2039 Λουκᾶς,
704 2006 751 2033 ἅτε
768 2007 815 2042 τὴν
828 2007 892 2034 ἀνα-

98 2046 231 2081 γέννγβιν
243 2047 367 2082 ἱστορῶν,
387 2050 417 2075 οὐ
431 2049 479 2086 τὴν
495 2051 578 2086 αὐτὴν
594 2051 679 2078 ὁδεύει
696 2052 735 2087 τῷ
750 2052 890 2088 Ματθαίῳ,

96 2092 130 2118 οὔ
146 2092 193 2119 τοῦ
212 2093 368 2129 Σολομῶνος
388 2095 434 2122 καὶ
456 2096 506 2132 τῆς
529 2097 576 2123 τοῦ
602 2097 710 2134 Οὐρίου,
728 2099 757 2124 οὐ
773 2099 821 2134 τῆς
836 2099 891 2126 Θά-

97 2147 171 2174 μαρ,
189 2139 221 2166 οὐ
234 2139 284 2175 τῆς
303 2141 392 2173 Ῥοὺθ,
406 2142 436 2168 οὺ
449 2143 496 2169 τοῦ
522 2144 643 2179 Ἰεχονίου
659 2144 706 2171 καὶ
722 2145 774 2172 τῶν
790 2146 892 2180 μεταξὺ

94 2186 323 2222 διαϐεϐλημένων
350 2187 455 2224 ἀνδρῶν
481 2189 531 2225 τὴν
555 2191 707 2227 παράθεσιν
734 2193 891 2229 πεποίηται,

94 2232 170 2258 ἀλλὰ
185 2232 219 2259 δι’
239 2233 342 2268 ἑτέρων
357 2235 547 2270 ἀνεπιλήπτων
564 2236 662 2269 ἄνεισι,
677 2238 724 2264 καὶ
743 2238 775 2274 δὴ
792 2239 840 2265 καὶ
860 2240 892 2266 ἐκ

93 2277 147 2304 τοῦ
167 2279 309 2314 προφήτου
333 2279 426 2307 Νάθαν
446 2281 696 2317 ἀναγεγεννημένον
711 2284 829 2318 εἰσάγει·
845 2284 892 2311 καὶ

92 2325 110 2350 ὁ
129 2324 181 2359 μὲν
198 2325 274 2360 παρὰ
286 2325 324 2361 τῷ
335 2327 468 2362 Ματθαίῳ
485 2327 555 2355 κατὰ
573 2328 662 2364 σάρκα
683 2330 891 2365 γεγεννημένος,

93 2370 156 2402 υἱὸς
179 2368 214 2406 ἦν
235 2371 358 2407 Ἀϐραὰμ
374 2373 499 2400 ἐντεῦθεν
515 2374 768 2409 γενεαλογούμενος,
785 2375 893 2410 ἐπειδή-

92 2426 153 2452 περ
168 2416 207 2452 τῷ
228 2418 354 2454 Ἀϐραὰμ
368 2419 469 2455 πρώτῳ
484 2420 501 2455 ὴ
517 2420 667 2455 ἐπαγγελία
677 2421 766 2447 δέδοτο
778 2421 828 2456 τῆς
837 2422 892 2448 τῶν

67 2456 185 2490 ’ἐθνῶν
202 2463 336 2498 εὐλογίας,
349 2465 399 2491 οὐκ
415 2465 503 2497 ἄλλως
526 2466 542 2501 ἣ
566 2465 610 2493 διὰ
624 2466 671 2492 τοῦ
687 2468 718 2493 ἐκ
735 2467 892 2502 σπέρματος

91 2509 184 2537 αὑτοῦ
201 2509 432 2546 προελευσομένου
446 2511 630 2548 γενησομένης
638 2521 644 2526 '
654 2513 667 2538 ὁ
680 2512 707 2538 δὲ
717 2513 746 2538 ἐν
756 2512 815 2548 Θεῷ
825 2513 891 2538 ἁνα-

90 2556 309 2591 γεγεννημένος,
325 2557 434 2593 ἐτέρους
450 2559 570 2596 πατέρας
590 2559 651 2590 τοὺς
669 2558 736 2585 κατὰ
752 2557 817 2585 Θεὸν
832 2559 892 2585 επι-

91 2603 288 2639 γραψάμενος,
306 2603 360 2630 οὐδ’
378 2604 475 2636 αὐτοὺς
500 2604 607 2640 ἀληθῶς
632 2604 765 2640 ἐσχηκὼς,
781 2605 837 2631 ἀλλ’
855 2605 892 2637 ὡς

90 2649 242 2685 ἐνομίζετο
263 2649 307 2676 διὰ
332 2650 381 2685 τὴν
404 2650 458 2677 τῶν
480 2649 554 2685 ἡθῶν
569 2650 771 2686 ὀμοιοτροπίαν,
789 2651 892 2678 ἄνεισιν

90 2695 143 2722 ἐπὶ
167 2695 216 2722 τὸν
239 2695 324 2731 ἀληθῆ
348 2696 473 2732 πατέρα,
498 2695 567 2730 μετὰ
589 2697 695 2728 πάντας
719 2698 892 2733 χρηματίσας

92 2745 162 2778 Υἱὸς
179 2745 230 2772 τοῦ
246 2745 323 2772 Θεοῦ.

129 2823 155 2840 ¹⁶
177 2821 250 2851 Gen.
269 2831 314 2856 xv,
333 2823 376 2853 17.
417 2824 438 2840 ¹⁷
459 2823 510 2852 isa.
529 2823 554 2857 ι,
575 2823 618 2852 10.

945 1633 993 1654 sus
1014 1633 1048 1653 ex
1073 1626 1117 1654 his
1138 1630 1230 1653 essent
1253 1626 1401 1653 Abrahami
1423 1625 1471 1653 lilii
1493 1625 1663 1660 proventuri.
1681 1626 1736 1660 Qui

945 1671 1027 1706 igitur
1043 1679 1075 1698 ex
1094 1671 1221 1706 gentibus
1247 1671 1357 1699 Christo
1381 1670 1428 1698 Dei
1447 1671 1623 1702 credidimus.
1645 1678 1734 1705 quan-

943 1725 1025 1753 quam
1040 1718 1196 1746 inﬁdelibus
1207 1717 1358 1745 secundum
1371 1725 1481 1744 carnem
1496 1717 1579 1752 geniti
1595 1718 1733 1752 patribus.

944 1764 971 1790 in
987 1763 1134 1791 Abrahami
1158 1764 1268 1791 domum
1286 1763 1475 1798 migravimus,
1498 1763 1603 1790 Christi
1619 1763 1734 1798 ejusque

943 1809 1142 1844 discipulorum
1163 1810 1235 1836 nacti
1249 1809 1422 1844 adoptionem
1437 1818 1443 1836 :
1461 1812 1542 1843 atque
1557 1809 1594 1835 ita
1610 1809 1636 1835 in
1650 1808 1733 1835 aliam

944 1859 1051 1882 nosmet
1071 1855 1265 1890 inscripsimus
1282 1855 1390 1890 generis
1413 1854 1631 1886 successionem,
1646 1854 1733 1882 multo

943 1909 1043 1929 carnea
1075 1902 1214 1930 meliorem
1246 1905 1357 1936 propter
1385 1901 1413 1928 in
1448 1899 1560 1928 Christo
1589 1907 1733 1935 regenera-

942 1947 1054 1976 tionem.

978 2006 1005 2032 5.
1024 2005 1120 2032 Merito
1145 2005 1229 2040 igitur
1251 2004 1357 2036 Lucas,
1381 2012 1444 2032 cum
1467 2004 1501 2032 de
1524 2003 1732 2040 regeneratione

944 2051 1075 2086 loquitur,
1101 2051 1174 2078 haud
1195 2051 1289 2078 eadem
1311 2059 1363 2086 qua
1386 2051 1528 2078 Matthaeus
1553 2050 1651 2078 semita
1667 2058 1731 2085 pcr—

945 2100 982 2134 git
998 2107 1004 2124 :
1023 2105 1119 2132 nempe
1131 2106 1185 2124 non
1202 2098 1367 2129 Salomonis,
1383 2106 1436 2124 non
1459 2097 1553 2123 uxoris
1576 2096 1658 2128 Uri-aa,
1676 2104 1731 2124 non

944 2144 1096 2176 Thamaraa,
1123 2152 1177 2171 non
1205 2144 1312 2175 Rutilae,
1340 2151 1393 2171 non
1420 2142 1568 2175 Jeebonize,
1591 2150 1642 2170 nec
1664 2151 1732 2178 quo-

944 2191 1048 2218 rumvis
1066 2195 1164 2227 praeter
1180 2190 1230 2217 bos
1256 2197 1364 2217 reorum
1387 2189 1553 2217 mentionem
1576 2189 1658 2223 facit;
1683 2190 1732 2217 sed

908 2256 930 2283 Β
945 2244 992 2271 per
1013 2237 1081 2264 alios
1105 2235 1319 2270 reprehensione
1343 2239 1469 2262 carentes
1494 2234 1630 2270 graditur;
1653 2235 1733 2262 Chri-

944 2287 1072 2318 stumque
1089 2290 1103 2309 a
1120 2282 1250 2317 propheta
1267 2281 1392 2309 Nathauo
1407 2281 1580 2316 progenitum
1600 2281 1709 2308 exhibet
1723 2302 1730 2308 .

945 2331 982 2357 ita
999 2334 1028 2356 ut
1044 2330 1090 2365 qui
1103 2328 1178 2364 apud
1187 2328 1342 2355 Matthaaum
1357 2328 1506 2355 carnaliter
1516 2327 1648 2363 gignitur,
1660 2327 1731 2354 idem

944 2376 1017 2411 apud
1029 2376 1132 2403 Lucam
1153 2376 1238 2402 veluti
1254 2369 1402 2402 Abrahami
1417 2374 1489 2401 ﬁlius
1506 2377 1635 2408 ponatur.
1651 2373 1732 2400 Certe

944 2422 1100 2450 Abrahamo
1116 2421 1189 2448 haud
1207 2421 1286 2448 aliter
1295 2420 1450 2449 benedictio
1461 2419 1581 2455 gentium
1596 2419 1730 2454 promissa

945 2468 1007 2500 fuit,
1029 2476 1110 2504 quam
1128 2467 1200 2501 quod
1218 2475 1249 2494 ea
1265 2467 1356 2494 futura
1377 2469 1436 2493 erat
1458 2466 1493 2493 ob
1514 2464 1677 2500 gignendum
1698 2463 1732 2492 de

944 2522 1044 2549 genere
1059 2514 1129 2548 ejus.
1146 2515 1234 2548 Atque
1251 2513 1295 2540 hic
1309 2517 1361 2544 est,
1373 2512 1418 2547 qui
1437 2512 1462 2539 in
1477 2511 1531 2538 Deo
1542 2514 1730 2546 regeneratus,

945 2564 1027 2595 atque
1042 2561 1111 2588 alios
1131 2563 1222 2595 patres
1240 2559 1392 2587 secundum
1411 2557 1493 2585 Deum
1514 2561 1624 2588 nactus,
1640 2564 1670 2584 re
1691 2561 1733 2583 ta-

944 2615 1006 2635 men
1024 2615 1088 2635 vera
1107 2606 1180 2634 haud
1203 2607 1278 2641 ipsos
1296 2605 1378 2632 habet
1392 2608 1496 2639 patres,
1521 2603 1568 2631 sed
1584 2604 1620 2630 ita
1638 2602 1732 2630 crede-

943 2653 1024 2681 batur
1041 2657 1151 2688 propter
1169 2659 1275 2680 morum
1290 2651 1499 2680 similitudinem
1520 2659 1526 2676 :
1541 2657 1594 2684 qua
1606 2649 1733 2676 videlicet

943 2699 977 2726 ad
1001 2703 1141 2734 parentem
1167 2705 1261 2726 verum
1275 2695 1437 2726 conscendit
1460 2699 1522 2731 post
1542 2702 1638 2723 omnes
1658 2694 1734 2723 exsi‘

944 2750 1020 2774 steus
1034 2745 1121 2774 Filius
1135 2745 1193 2773 Dei.
