2065 3216
211 212 264 241 809

471 211 700 246 QUIESTIONES
719 211 948 240 EVANGELICAE
968 210 1013 238 AD
1033 210 1292 239 STEPHANUM.—
1310 209 1475 244 QUIEST1()
1494 210 1552 239 νιι.

1783 211 1836 238 910

212 271 319 307 πρῶτος
331 270 379 302 ὢν,
397 271 510 304 ὕστατος
520 272 612 305 ἔξεισι,
630 273 698 308 μετὰ
714 273 759 299 τοῦ
773 273 836 309 περὶ
852 273 900 309 τὴν
921 274 998 308 χεῖρα

1052 272 1146 299 ultima
1159 271 1235 303 exiit,
1253 271 1332 307 signo
1343 272 1435 298 manui
1449 271 1570 306 alligato,
1586 278 1600 298 a
1616 278 1670 306 quo
1686 271 1762 306 prior
1776 279 1838 299 esse

212 317 348 352 συμϐόλου
363 317 410 344 τοῦ
427 318 532 353 πρῶτον
542 319 623 345 αὐτὸν
639 318 823 350 συνιστῶντος·
835 317 870 353 ἦν
884 319 906 344 δ’
923 319 936 345 ὁ
947 319 1000 345 τῶν

212 364 265 400 πρὸ
276 364 413 396 Μωῦσέως
421 364 549 399 θεοφιλῶν
559 364 661 401 ἀνδρῶν
673 365 728 400 βίος
738 365 752 391 ὁ
761 365 831 391 κατὰ
842 365 872 391 τὸ
879 364 925 391 τοῦ
935 365 1000 400 Χρι-

213 409 456 444 στοῦΕὺαγγέλιον,
469 411 529 437 καθ’
544 411 573 438 ὃν
585 411 732 447 διαπρέψαι
749 411 962 447 μνημονεύονται
976 412 999 438 οἱ

211 455 284 490 ἀμφὶ
297 455 341 482 τὸν
349 455 482 491 Ἀϐραὰμ,
497 456 544 483 καὶ
552 457 653 488 Ἰσαὰκ,
666 456 826 489 καὶΊακὼϐ,
835 456 1000 491 Μελχισεδέκ

211 509 242 528 τε
266 501 312 528 καὶ
332 501 402 534 Ἰὼϐ,
414 502 460 528 καὶ
473 501 538 528 πολὺ
552 502 653 529 τούτων
676 503 803 539 πρότεροι
813 503 837 529 οἱ
852 503 924 538 ἀμφὶ
938 501 998 529 Νῶε

212 547 260 573 καὶ
273 547 342 583 Σὴμ,
354 547 400 574 καὶ
413 547 513 582 Ἶάφεθ,
529 548 613 583 Ἑνώχ
626 557 654 574 τε
678 549 724 576 καὶ
737 549 793 575 ὅσοι
805 548 879 575 ἄλλοι
895 548 999 580 τούτοις

211 593 338 627 γεγόνασι
353 592 550 628 παραπλήσιοι-
568 593 666 620 δίκαιοι
680 594 745 627 γοῦν
757 593 811 620 οἵδε.
825 593 935 626 πάντες,
953 595 999 620 καὶ

212 639 334 671 εὐσεϐεῖς
353 639 400 665 καὶ
417 639 565 674 θεοφιλεῖς·
583 640 607 666 εξ
631 639 676 666 καί
692 648 763 671 τινες
785 639 872 676 ἕτεροι
896 649 1000 676 μαρτυ-

213 684 351 720 ρηθέντες,
367 684 417 719 cf“,
437 684 484 720 μὲν
497 684 566 711 κατὰ
579 683 698 711 Μωῦσέα
713 684 872 720 νομοθεσίας
884 685 999 720 πάμπαν

213 731 335 766 ὑπῆρχον
347 730 479 766 ἀλλότριοι
492 739 498 746 ⁸
514 729 693 765 προλαϐόντες
706 730 734 757 δὲ
744 731 788 757 τὸν
802 731 873 758 κατὰ
880 732 1000 758 Μωῡσέα

211 777 323 812 τρόπον,
348 777 412 812 ἡμῖν
435 776 535 812 ὁμοίως
550 778 583 812 τῇ
609 776 679 804 κατὰ
696 777 726 804 τὸ
748 777 913 812 Εὑαγγέλιυν
926 778 999 812 φιλο-

213 823 296 859 σοφίᾳ
310 823 470 858 διέλαμψαν.

247 879 278 907 ε’.
303 881 331 907 '0
349 881 398 916 μὲν
414 879 460 908 οὖν
472 881 589 918 πρῶτος,
606 882 649 909 διὰ
665 881 711 908 τοῦ
724 883 799 918 Ζαρᾶ
816 883 953 918 ἐδηλοῦτο,
970 883 999 916 ὃς

211 928 392 965 ἑρμηνεύεται
428 929 584 963 Ἀνατολή’
609 929 698 964 φωτὸς
722 928 775 964 γὰρ
808 928 948 960 εὐσεϐείας
970 929 998 956 αἱ

212 973 320 1009 πρῶται
346 974 394 1010 τῆς
418 975 551 1009 ἀνατολῆς
573 975 675 1010 αὐγαὶ,
690 975 734 1002 διὰ
755 975 809 1002 τῶν
833 974 947 1010 πρώτων
971 976 999 1001 ἐν

212 1019 366 1055 ἀνθρώποις
384 1021 590 1057 εὐσεϐησάντων
603 1021 772 1057 ἐξέλαμψαν·
787 1019 837 1048 οἷοί
857 1030 910 1057 περ
930 1019 1000 1057 ἦσαν

211 1067 237 1093 οὶ
262 1066 314 1102 πρὸ
328 1066 466 1099 Μωῠσέως
487 1068 519 1094 ἐκ
535 1066 647 1103 πρώτης
667 1067 818 1102 ἀνθρώπων
845 1067 1000 1098 συστάσεως

212 1111 347 1146 θεοφιλεῖς
370 1112 570 1147 ἀποφανθέντες
582 1122 588 1127 ·
603 1114 627 1139 οἱ
642 1113 673 1148 δὴ
697 1113 744 1140 καὶ
758 1112 797 1148 τῷ
821 1113 895 1148 Ζαρᾷ
911 1121 1000 1148 παρα-

211 1156 344 1193 πλησίως,
362 1157 464 1193 πρῶτοι
492 1158 544 1194 μὴν
567 1158 616 1194 τὴν
644 1160 722 1194 χεῖρα
746 1158 927 1195 προεϐάλοντο
955 1160 1000 1185 τὸν

211 1202 364 1237 πρακτικὸν
382 1203 437 1238 βίον
457 1203 654 1238 ἐνδειξάμενον
682 1203 711 1229 οὐ
732 1203 784 1239 μὴν
800 1203 847 1230 καὶ
868 1203 1000 1238 ὲκράτυνέ

211 1257 245 1282 γε
258 1248 365 1275 τοῦτον·
382 1248 429 1275 τοῦ
447 1249 475 1276 δὲ
498 1250 558 1276 κατ’
573 1250 670 1281 αὐτοὺς
693 1249 794 1286 τρόπου
819 1250 848 1276 ἐν
865 1250 998 1286 ὑποστολῇ

211 1295 357 1330 γενομένου
369 1303 376 1310 ·
393 1295 439 1322 καὶ
459 1295 553 1331 ὥσπερ
574 1295 645 1327 τινὸς
665 1295 792 1331 φραγμοῦ
815 1295 998 1327 διακοπέντος,

210 1339 323 1379 ἐξῆλθεν
335 1340 350 1365 ό
365 1337 478 1374 ἁδελφὸς
494 1339 575 1366 αὐτοῦ
591 1341 606 1366 ὁ
618 1339 689 1366 κατὰ
705 1340 824 1367 Μωῡσέα
837 1339 908 1374 βίος·
924 1339 954 1366 ὃν
967 1340 999 1376 δὴ

213 1385 368 1421 μεσότοιχον
383 1385 508 1421 φραγμὸν
522 1385 654 1420 κέκληκεν
674 1386 689 1412 ὁ
707 1385 856 1420 θαυμάσιος
874 1385 1001 1412 Ἀπόστο-

210 1431 272 1463 λος·
289 1431 329 1458 διὸ
345 1432 392 1458 καὶ
407 1431 552 1468 ὠνομάσθη
567 1432 664 1468 Φαρὲς,
679 1431 728 1467 τῆς
743 1432 791 1458 τοῦ
805 1432 933 1468 φραγμοῦ
944 1433 1002 1459 δια-

211 1478 301 1513 κοπῆς
315 1478 457 1513 ὲπώνυμος
468 1487 473 1493 ·
486 1478 667 1514 ἑρμηνεύεται
678 1478 742 1514 γοῦν
752 1479 838 1514 Φαρὲς
844 1479 998 1514 μερισμός·

211 1523 289 1550 ἔνθεν
302 1524 348 1551 καὶ
368 1525 508 1560 Φαρισαῖοι
523 1525 588 1561 παρ’
606 1525 696 1557 αὐτοῖς
711 1525 866 1561 διέπρεπον,
881 1525 957 1562 παρὰ
972 1525 1001 1553 τὸ

213 1569 335 1605 μερίζειν
348 1571 395 1597 καὶ
408 1571 547 1605 ἀφορίζειν
560 1571 672 1603 ἑαυτοὺς
688 1571 738 1606 τῆς
753 1571 807 1598 τῶν
822 1571 927 1598 πολλῶν
941 1571 1000 1598 ὲπι-

213 1615 319 1652 μιξίας·
338 1617 471 1653 μακάριον
490 1617 538 1651 μὲν
555 1615 601 1644 οὖν
619 1618 665 1643 καὶ
686 1617 754 1644 πολὺ
776 1618 899 1653 κρεῖττον
910 1614 944 1652 ἦν
963 1617 1000 1653 μὴ
1015 1629 1035 1658 C

211 1663 373 1698 διακοπῆναι
384 1663 430 1690 τὸν
443 1663 579 1700 φραγμὸν,
594 1664 641 1690 ἕνα
655 1663 683 1690 δὲ
698 1663 779 1690 αὑτὸν
792 1663 839 1690 καὶ
854 1663 1001 1690 ἁδιάκοπον

213 1710 303 1744 μεῖναι
313 1718 320 1724 ·
336 1709 415 1735 τοῦτο
430 1710 452 1736 δ’
467 1709 499 1736 ἂν
515 1709 626 1744 γέγονεν
638 1710 662 1735 εἰ
684 1708 723 1744 τῷ
741 1709 790 1745 τὴν
805 1711 884 1745 χεῖρα
901 1709 999 1744 προϐε-

211 1755 339 1790 ϐλημένῳ
360 1754 476 1791 πρώτῳ,
502 1754 737 1790 συνακολουθήσας
752 1755 766 1781 ὁ
787 1754 929 1790 δεύτερος,
954 1755 999 1781 τὸν

210 1801 292 1828 αὑτὸν
317 1801 415 1837 τρόπον
442 1801 649 1827 ἐπολιτεύσατο·
671 1801 738 1827 πολὺ
757 1800 811 1836 γὰρ
834 1798 867 1835 ἦν
896 1799 1000 1835 βέλτιον

209 1848 269 1878 τοῖς
283 1847 315 1873 ὲκ
332 1847 482 1882 περιτομῆς
504 1847 528 1873 εἰ
545 1846 616 1873 κατὰ
631 1846 677 1873 τὸν
700 1845 756 1881 βίον
779 1845 833 1872 τῶν
861 1845 999 1881 πρόπαλαι

212 1893 342 1928 θεοφιλῶν
358 1893 509 1929 ἀνθρώπων
525 1893 672 1928 ἐτύγχανον
693 1892 917 1927 πεπολιτευμένοι
929 1900 935 1906 “
953 1892 999 1918 καὶ

210 1939 283 1966 οὓτω
299 1939 353 1978 γᾲρ
369 1937 404 1975 ἦν
416 1937 455 1971 εἷς
470 1940 484 1965 ὁ
500 1939 635 1975 φραγμὸς,
651 1939 697 1965 καὶ
708 1938 757 1974 μία
770 1939 786 1973 ὴ
802 1938 929 1974 οἰκοδομὴ
945 1938 998 1965 τῶν

210 1993 241 2011 τε
255 1983 370 2020 πρώτων
386 1984 432 2011 καὶ
445 1984 499 2011 τῶν
512 1984 644 2011 ὑστάτων.

248 2030 285 2063 ς’.
312 2031 419 2066 Ἐπειδὴ
433 2031 461 2057 δὲ
480 2030 517 2066 μὴ
530 2031 574 2058 τὸν
591 2030 697 2066 πρῶτον
715 2030 850 2066 κρατῆσαι
866 2030 964 2066 τρόπον
981 2031 997 2066 ἡ

209 2078 266 2104 τῶν
282 2078 413 2112 δευτέρων
427 2077 614 2113 συνεχώρησεν
629 2077 766 2110 ἀσθένεια,
783 2078 914 2113 διακοπῆς
927 2078 999 2104 είκό-

207 2131 264 2154 τως
276 2123 322 2149 τοῦ
340 2123 410 2150 κατὰ
428 2123 493 2150 Θεὸν
505 2123 630 2159 φραγμοῦ
646 2123 804 2159 γενομένης,
816 2123 862 2150 τοῦ
872 2132 901 2150 τε
916 2132 996 2158 μεσο-

208 2169 299 2204 τοίχου
312 2169 359 2195 τοῦ
374 2168 500 2204 φραγμοῦ
517 2168 746 2205 παραϐληθέντος,
761 2170 775 2195 ὁ
789 2169 872 2196 πάλαι
891 2169 998 2205 πρῶτος

207 2214 258 2250 τὴν
275 2216 352 2250 χεῖρα
378 2214 531 2250 προτείνας,
549 2214 672 2250 δεύτερος
688 2214 785 2246 ἔξεισιν
810 2215 850 2246 είς
864 2215 931 2249 φῶς,
953 2216 997 2243 διὰ

206 2261 256 2288 τοῦ
274 2255 399 2297 Σωτῆρος
413 2260 491 2296 ἡμῶν
514 2259 600 2296 Ἰησοῦ
626 2261 743 2296 Χριστοῦ
767 2260 814 2287 τοῦ
833 2261 878 2287 τὸν
897 2260 995 2288 παλαί-

1051 317 1256 352 comprobatur.
1275 317 1339 344 Erat
1351 321 1441 344 autem
1457 321 1522 344 ante
1537 316 1656 352 Moysem
1670 317 1777 352 piorum
1789 317 1839 344 ho-

1051 364 1154 390 minum
1166 364 1222 390 vita
1238 364 1388 391 secundum
1411 363 1513 391 Christi
1532 363 1724 398 Evangelium;
1739 363 1767 390 in
1784 371 1838 398 qua

1050 409 1212 437 excelluisse
1225 409 1371 437 traduntur
1383 410 1567 442 Ahrahamus,
1581 408 1837 441 lsaacus,Jacobus.

1051 456 1264 484 Melchisedecus
1284 460 1365 491 atque
1378 455 1464 484 Jobus
1479 466 1486 484 :
1503 461 1530 484 et
1552 457 1639 484 multo
1665 456 1708 484 his
1732 456 1838 491 priores

1050 501 1189 531 Noachus.
1214 501 1323 535 Scmus,
1340 507 1422 538 atque
1449 502 1592 538 Japhctus.
1608 506 1636 530 et
1654 502 1795 535 Euochus,
1811 508 1838 530 et

1050 552 1183 583 quotquot
1196 548 1239 576 his
1254 549 1357 576 similes
1376 549 1496 576 fuerunt.
1515 548 1586 576 Justi
1602 549 1686 584 igitur
1697 550 1724 576 hi
1741 557 1837 577 omnes

1050 598 1078 622 ct
1093 594 1130 629 pii
1147 601 1179 621 ac
1190 594 1246 622 Deo
1260 595 1372 622 dilecti:
1393 599 1420 622 et
1440 595 1550 630 quidem
1565 595 1668 630 aliquot
1684 596 1728 622 alii
1744 596 1838 624 ferun-

1050 644 1106 672 tur,
1121 647 1190 674 quos
1210 647 1226 667 a
1243 639 1361 668 Mosaica
1378 641 1436 676 lege
1451 640 1536 668 fuisse
1552 641 1656 668 alienos
1671 641 1697 668 in
1710 642 1838 670 confesso

1050 688 1101 712 est.
1116 683 1250 712 Nimirum
1276 684 1303 711 hi
1327 688 1520 720 praevertentes
1547 684 1696 712 Mosaicum
1722 692 1835 716 morem,

1050 730 1109 766 pari
1137 731 1282 758 nobiscum
1312 731 1484 766 philosophia
1504 731 1660 766 evangelica
1691 731 1837 766 splendue-

1050 780 1124 804 runt.

1086 883 1112 910 5.
1125 881 1158 909 Et
1173 881 1218 909 illa
1231 881 1341 917 quidem
1356 882 1432 917 prior
1448 882 1504 909 vita
1519 888 1534 907 a
1559 880 1628 908 Zara
1654 881 1837 916 portendeba—

1051 931 1107 960 tur,
1125 935 1206 962 quem
1235 927 1371 954 Orientem
1386 927 1609 962 interpretamur.
1635 925 1740 954 Pietate
1763 927 1836 954 enim

1052 975 1173 1003 lucentes
1189 973 1269 1009 primi
1288 974 1404 1002 orientis
1418 973 1487 1001 radii
1508 981 1556 1009 per
1568 980 1627 1006 eos.
1640 973 1685 1008 qui
1696 973 1775 1008 primi
1795 973 1838 1000 in-

1051 1027 1093 1049 ter
1107 1021 1232 1048 homines
1247 1020 1368 1056 religiosi
1381 1020 1466 1050 fuere.
1479 1020 1649 1047 emicuerunt
1661 1028 1668 1046 :
1682 1019 1837 1054 cujusmodi

1050 1071 1130 1095 erant
1153 1067 1171 1094 ii
1184 1067 1231 1101 qui
1246 1070 1308 1094 ante
1323 1066 1442 1102 Moysem
1458 1066 1514 1101 jam
1530 1066 1594 1094 inde
1609 1073 1624 1093 a
1638 1066 1727 1101 prima
1746 1065 1837 1093 homi—

1051 1121 1116 1141 num
1134 1113 1272 1140 creatione
1286 1116 1410 1140 sanctum
1422 1111 1467 1139 Dei
1480 1112 1584 1140 cultum
1599 1119 1654 1147 pra:
1662 1119 1692 1140 se
1704 1113 1835 1140 tulerunt.

1050 1159 1140 1196 Atque
1155 1159 1183 1186 hi
1200 1166 1254 1186 non
1270 1166 1349 1187 secus
1365 1163 1448 1193 atque
1464 1158 1534 1185 Zara
1549 1158 1630 1194 primi
1649 1166 1759 1186 manum
1775 1166 1836 1194 pro-

1051 1205 1209 1238 tenderunt,
1228 1205 1336 1233 solertis
1359 1204 1422 1232 vitae
1445 1204 1549 1232 indicio
1569 1204 1651 1238 facto,
1666 1212 1720 1240 qua
1745 1209 1837 1232 tamen

1051 1257 1106 1277 non
1120 1253 1185 1277 sunt
1207 1249 1297 1285 potiti,
1313 1249 1437 1277 moribus
1458 1257 1552 1277 eorum
1577 1257 1607 1277 se
1623 1250 1836 1278 retrahentibns.

1052 1296 1139 1331 Atque
1160 1296 1270 1324 interim
1297 1296 1416 1326 maceria
1444 1296 1527 1323 veluti
1550 1296 1650 1327 divisa.
1664 1297 1730 1324 exiit
1752 1297 1839 1324 frater

1051 1342 1122 1377 ejus,
1134 1342 1195 1369 vitae
1214 1342 1342 1369 nimirum
1353 1343 1506 1370 secundum
1526 1342 1646 1378 Moysem
1657 1350 1754 1378 genus.
1765 1344 1837 1378 quod

1052 1387 1171 1415 medium
1200 1388 1331 1424 parietem
1349 1388 1483 1416 mirificus
1498 1388 1646 1424 Apostolus
1668 1389 1815 1424 appellavit
1830 1400 1835 1416 :

1052 1440 1138 1468 quare
1153 1437 1181 1461 et
1197 1434 1242 1461 ille
1261 1433 1364 1461 Phares
1378 1437 1491 1462 vocatus
1507 1433 1569 1466 fuit,
1582 1433 1693 1461 nomine
1703 1437 1838 1470 sumptoa

1052 1478 1177 1506 maceria:
1192 1478 1345 1506 divisione:
1362 1477 1465 1506 Phares
1476 1478 1575 1513 quippe
1590 1478 1741 1513 explicatur
1755 1479 1843 1513 parii-

1053 1524 1099 1551 tio.
1113 1523 1182 1551 Hinc
1193 1529 1220 1551 et
1231 1523 1362 1552 Pharisaei
1374 1524 1445 1559 apud
1457 1523 1567 1552 Iudaeos
1582 1524 1762 1557 excellebant,
1774 1525 1839 1560 quia

1053 1577 1082 1598 se
1097 1577 1145 1604 per
1163 1570 1308 1605 quamdam
1324 1570 1467 1598 factionem
1485 1577 1500 1596 a
1527 1571 1714 1598 multitudinis
1725 1572 1839 1599 commi-

1053 1616 1142 1644 stione
1153 1616 1340 1651 sejunxerant.
1354 1616 1463 1644 Beatius
1479 1616 1562 1652 igitur
1577 1618 1720 1653 multoque
1741 1618 1840 1646 melius

1055 1663 1152 1692 fuisset
1166 1671 1221 1690 non
1232 1663 1335 1690 diﬂindi
1350 1663 1507 1695 maceriam,
1523 1663 1570 1690 sed
1585 1671 1669 1691 unum
1685 1664 1752 1699 quid
1766 1664 1839 1692 indi-

1054 1709 1199 1744 visumque
1217 1716 1334 1736 manere.
1357 1708 1386 1736 ld
1412 1714 1501 1736 autem
1519 1709 1674 1741 accidisset,
1691 1710 1713 1737 si
1741 1710 1766 1736 ei
1791 1711 1839 1745 qui

1053 1755 1130 1790 prior
1145 1762 1255 1781 manum
1271 1754 1403 1786 extendit,
1415 1755 1587 1790 subsequens
1603 1755 1672 1783 alter
1689 1755 1785 1783 eodem
1799 1757 1839 1783 vi-

1052 1805 1088 1829 ta:
1099 1808 1199 1836 genere
1215 1801 1340 1829 vixisset.
1357 1800 1448 1836 Longe
1467 1801 1539 1828 enim
1561 1805 1620 1828 erat
1633 1802 1731 1829 melius
1744 1802 1768 1829 si
1784 1802 1840 1829 cir~

1053 1846 1231 1875 cumcisionis
1241 1847 1352 1875 asseclae
1364 1854 1454 1875 mores
1470 1847 1644 1882 antiquorum
1658 1847 1713 1876 Deo
1722 1847 1837 1876 dilecto-

1052 1900 1113 1920 rum
1125 1892 1266 1920 hominum
1282 1892 1400 1928 amplexi
1412 1892 1548 1921 fuissent:
1563 1900 1626 1920 nam
1643 1893 1683 1921 sic
1699 1901 1753 1921 una
1770 1893 1838 1922 fuis—

1051 1943 1094 1966 set
1106 1939 1237 1972 maceria,
1258 1945 1312 1966 una
1332 1938 1478 1966 aedificatio
1495 1938 1646 1974 primorum
1662 1943 1689 1967 et
1701 1943 1838 1968 extremo-

1052 1993 1123 2013 rum.
1684 2017 1687 2019 _

1088 2031 1116 2058 6'.
1131 2030 1209 2059 Nunc
1230 2031 1294 2067 quia
1317 2031 1434 2067 primum
1458 2039 1561 2059 morem
1585 2039 1761 2067 perseverare
1781 2039 1837 2060 non

1050 2077 1115 2105 sivit
1129 2078 1311 2105 secundorum
1323 2077 1486 2110 infirmitas,
1500 2078 1634 2106 divisione
1653 2078 1752 2107 merito
1766 2077 1837 2110 facta

1051 2125 1176 2151 maceriae
1188 2131 1249 2159 quae
1259 2124 1410 2151 secundum
1421 2123 1507 2152 Deum
1523 2127 1575 2158 est,
1587 2123 1731 2159 medioque
1748 2123 1837 2159 parie-

1051 2173 1077 2197 te
1092 2170 1216 2198 maceria:
1227 2170 1380 2205 interiecto,
1395 2169 1443 2204 qui
1457 2169 1520 2197 olim
1530 2169 1605 2204 prior
1619 2176 1730 2196 manum
1742 2172 1834 2196 exten-

1050 2215 1137 2247 derat.
1155 2216 1292 2250 posterior
1314 2216 1342 2242 in
1364 2215 1452 2243 lucem
1480 2215 1581 2251 prodiit
1598 2222 1646 2250 per
1663 2214 1836 2242 Servatorem

1050 2267 1175 2290 nostrum
1204 2261 1299 2289 Iesum
1321 2262 1473 2294 Christum,
1488 2261 1533 2296 qui
1560 2261 1781 2296 antiquissimam
1809 2264 1838 2288 et

206 2315 289 2334 τατον
303 2308 350 2334 καὶ
366 2307 478 2342 ἀρχαῖον
495 2307 621 2342 φραγμὸν
633 2307 856 2342 ἁνακτησαμένου
869 2314 875 2320 ·
895 2307 936 2334 διὸ
950 2307 997 2334 καί

1050 2309 1217 2344 primitivam
1230 2309 1375 2336 maceriam
1397 2307 1579 2343 recuperavit.
1596 2306 1687 2340 Quare
1700 2310 1728 2334 et
1741 2305 1775 2333 de
1790 2306 1837 2333 illo

207 2361 291 2389 φησιν
307 2354 346 2385 εἰς
367 2353 447 2379 αὑτὸν
463 2353 479 2388 ἠ
503 2352 654 2388 προφητεία
664 2362 670 2368 ·
696 2363 705 2378 ι
720 2353 767 2380 καὶ
790 2353 912 2389 κληθήσῃ
927 2355 996 2380 οἰκο-

204 2399 288 2436 δόμος
308 2399 459 2436 φραγμῶψ
480 2409 489 2424 r
504 2396 579 2430 οὗτος
592 2398 624 2434 δὴ
648 2399 695 2425 καὶ
718 2399 748 2425 τὸ
773 2399 889 2435 δηλωθὲν
915 2399 996 2435 μεσό-

205 2454 296 2481 τοιχον
310 2446 412 2472 ἀνεῖλεν
422 2454 428 2461 ·
442 2445 471 2477 ὃς
485 2445 586 2481 Κύριος
601 2444 638 2471 ῶν
653 2445 700 2471 καὶ
714 2445 760 2472 τοῦ
775 2445 909 2472 σαϐϐάτου
925 2447 996 2472 ποιεῖ

204 2491 241 2518 τὰ
257 2491 399 2527 ἀμφότερα
417 2491 456 2523 ἓν,
475 2491 544 2518 κατὰ
552 2491 598 2517 τὸν
617 2491 688 2526 ἱερὸν
709 2491 867 2518 Ἀπόστολον
883 2492 993 2518 εἰπόντα

208 2547 218 2564 ι
238 2537 324 2569 Αὐτὸς
349 2537 402 2574 γάρ
428 2538 500 2564 ἐστιν
516 2538 533 2572 ἡ
559 2538 654 2572 εἰρήνη
675 2537 753 2572 ἡμῶν
777 2537 791 2563 ὁ
816 2538 930 2573 ποιήσας
958 2537 992 2564 τὰ

203 2583 311 2618 ἀμφότε
317 2592 349 2620 ρα
360 2583 399 2616 ἓν,
410 2583 456 2610 καὶ
467 2583 496 2609 τὸ
509 2583 663 2618 μεσότοιχον
673 2583 719 2609 τοῦ
735 2583 860 2619 φραγμοῦ
875 2582 957 2614 λύσας
967 2591 990 2608 οι

204 2629 254 2656 καὶ
273 2629 299 2656 τί
327 2630 358 2656 τὸ
384 2629 539 2665 μεσότοιχον
564 2629 722 2663 διασαφῶν,
746 2629 881 2663 ἐπιλέγει·
912 2638 921 2654 σ
947 2629 993 2656 τὸν

203 2676 288 2712 νόμον
298 2676 351 2703 τῶν
361 2675 475 2703 ἐντολῶν
489 2676 518 2701 ὲν
531 2675 647 2710 δόγμασι
658 2675 833 2710 καταργήσας
849 2684 857 2700 ι
872 2675 993 2701 ἐκποδὼν

204 2722 446 2759 μεταστησάμενος
460 2721 490 2747 τὸ
508 2720 661 2756 μεσότοιχον
677 2720 723 2746 τοῦ
745 2719 883 2752 Μωῡσέως
898 2721 992 2755 νόμον,

201 2772 274 2805 ὅπερ
295 2770 369 2805 ἡμᾶς
384 2770 447 2800 τοὺς
468 2767 497 2801 ἐξ
522 2767 605 2794 ἐθνῶν
621 2767 670 2802 τῆς
693 2766 764 2794 κατὰ
780 2767 846 2794 Θεὸν
868 2768 994 2803 ἀπείργει

202 2817 346 2848 εὐσεϐείας
361 2836 368 2848 ,
392 2816 436 2842 διὰ
459 2814 488 2841 τὸ
515 2814 582 2850 μηδὲ
599 2813 771 2849 βουλομένοις
793 2813 904 2840 δυνατὸν
924 2811 993 2841 εἶναι

203 2864 274 2891 πᾶσι
290 2865 346 2895 τοῖς
361 2862 450 2889 ἔθνεσι
464 2861 533 2888 κατὰ
550 2859 669 2887 Μωῡσὲα
685 2858 904 2886 πολιτεύσασθαι.

243 2952 265 2968 ³⁰
286 2951 338 2979 lsa.
356 2959 440 2982 LVIII,
460 2950 502 2978 12.
539 2949 561 2964 ³¹
582 2948 680 2984 Ephes.
699 2956 734 2983 ιι,
754 2948 798 2976 14.
836 2948 857 2963 ³¹
879 2947 943 2975 ibid.
964 2947 1006 2975 l5.

1052 2353 1194 2388 prophetia
1209 2352 1275 2380 dicit
1291 2362 1298 2379 :
1320 2361 1329 2377 ι
1344 2351 1377 2379 Ει
1394 2351 1536 2379 vocaberis
1546 2351 1695 2379 aediﬁcator
1705 2350 1836 2378 maceria-

1050 2407 1110 2427 rum
1125 2399 1159 2425 “.
1182 2409 1192 2424 ι
1209 2398 1259 2426 Hic
1270 2399 1352 2426 etiam
1376 2398 1536 2434 praedictum
1564 2397 1694 2432 parietem
1716 2395 1837 2434 medium

1049 2446 1178 2479 abstulit;
1197 2446 1262 2480 quia
1285 2453 1347 2473 cum
1363 2433 1399 2473 sit
1424 2444 1535 2472 Sabbati
1559 2450 1669 2478 quoque
1691 2433 1834 2473 Dominus,

1048 2492 1113 2520 facit
1140 2496 1256 2526 utraque
1283 2499 1388 2519 unum:
1405 2491 1477 2518 sicut
1497 2491 1536 2517 ait
1561 2496 1638 2517 sacer
1662 2488 1834 2523 Apostolus:

1049 2547 1058 2564 ι
1073 2539 1134 2574 Ipse
1147 2538 1219 2566 enim
1235 2542 1278 2565 est
1294 2545 1346 2572 pax
1359 2536 1525 2571 nostra,qui
1540 2535 1603 2563 fecit
1615 2539 1730 2568 utraque
1738 2541 1834 2565 unum.

1046 2589 1073 2613 ct
1087 2584 1206 2613 medium
1218 2585 1350 2620 parietem
1367 2584 1493 2611 maceriae
1508 2583 1589 2610 solvit
1601 2581 1635 2608 ³¹.
1652 2591 1661 2607 ι
1679 2581 1712 2608 Ει
1724 2581 1834 2616 quidem

1047 2631 1166 2658 medium
1199 2629 1332 2665 parietem
1358 2629 1553 2663 interpretans,
1586 2627 1677 2655 suhdit
1695 2647 1702 2658 ,
1719 2636 1728 2652 ε
1747 2626 1834 2661 legem

1046 2676 1237 2704 mandatorum
1263 2674 1381 2703 decretis
1403 2680 1540 2701 evacuans
1555 2673 1588 2704 ".
1608 2683 1616 2698 ι
1636 2672 1743 2700 sublato
1768 2672 1836 2707 legis

1048 2721 1173 2749 Mosaicae
1191 2721 1282 2748 medio
1297 2720 1415 2756 pariete;
1430 2719 1476 2754 qui
1500 2726 1551 2746 nos
1564 2718 1682 2746 ethnicis
1701 2717 1835 2744 oriundOs

1047 2767 1206 2803 parentibus
1221 2766 1384 2794 excludchat
1404 2773 1420 2792 a
1448 2764 1493 2792 Dei
1508 2764 1639 2799 religione
1655 2773 1663 2791 τ
1678 2763 1745 2799 quia
1760 2771 1796 2790 ne
1812 2763 1837 2789 si

1047 2814 1199 2841 voluissent
1213 2812 1335 2848 quidem,
1357 2811 1415 2838 ﬁeri
1440 2814 1547 2846 poterat
1564 2814 1593 2837 ut
1612 2814 1719 2840 cunctae
1741 2814 1838 2846 gentes

1048 2867 1081 2887 ex
1096 2859 1224 2888 Mosaicae
1239 2859 1306 2894 legis
1321 2857 1440 2886 formula
1456 2858 1539 2885 vitam
1556 2856 1706 2893 agitarent.
