2065 3216
273 180 321 208 9H

588 178 720 206 EUSEBH
740 178 974 206 CAESARIENSIS
993 177 1068 206 OPP.
1089 177 1178 205 PARS
1195 178 1238 205 lll.
1258 193 1293 198 ——
1312 176 1515 205 EXEGETICA.

308 237 333 264 7.
351 237 422 265 Deus
446 237 539 272 igitur,
557 241 586 262 ut
610 237 638 263 in
662 235 822 271 Evangelica
848 236 1043 263 demonstratio-

1137 235 1169 267 ζ’.
1193 236 1297 271 Ὠσπερ
1316 234 1362 262 οὖν
1391 235 1594 270 συνεστήσαμεν
1620 235 1648 261 ἐν
1672 235 1731 266 ταῖς
1757 235 1885 269 Eua-rre-

271 290 303 310 ηε
318 282 375 318 (16)
389 282 444 317 jam
457 281 636 313 asseruimus,
651 281 833 316 evangelicam
850 283 933 308 vitam
945 283 1050 310 cunctis

271 328 424 363 proposuit,
438 327 475 354 ita
491 331 520 353 ut
537 327 728 362 primigenium
756 327 823 354 illud
847 327 987 362 religionis
1006 336 1051 363 ge-

270 380 323 400 nus
336 372 482 407 perfectam
506 377 587 407 atque
605 373 780 400 illustriorem
804 374 935 409 originem
957 375 1051 402 redde-

269 423 321 450 ret,
339 418 402 446 dum
418 426 499 445 manu
516 419 624 454 prazfert
644 419 828 446 testimonium
849 420 981 455 primatus
995 422 1047 447 sui.

269 463 450 497 Quamobrem
465 464 520 491 vita
541 472 589 499 per
602 465 722 492 salutare
743 464 918 501 Evangelium
943 466 1049 494 cunctis

268 510 394 545 gentibus
413 511 522 542 tradita,
539 511 633 538 eadem
660 515 719 538 erat
743 515 825 546 atque
846 512 892 539 illa
912 520 972 547 quae
988 517 1049 540 ante

268 556 388 592 Moysem
403 564 513 584 manum
537 558 710 592 protenderat
728 567 734 585 :
749 559 827 592 cujus
840 559 902 585 vita:
917 559 1049 586 exercita-

267 602 305 628 tio
322 602 348 628 iu
364 602 459 636 primis
471 602 525 630 illis
543 601 596 629 Deo
614 602 720 630 dilectis
736 603 892 631 hominibus
908 608 1048 639 perspecta

267 651 310 674 est
331 657 337 675 :
359 648 536 683 eamdemque
555 648 688 684 ﬁgurabat
706 649 750 676 hic
763 649 841 681 Zara,
867 650 914 684 qui
931 651 1047 685 primum

266 692 365 719 divinaa
387 694 457 719 inter
486 693 608 722 homines
635 693 789 728 reipublicae
813 698 902 721 ortum
921 696 1017 722 extulit
1039 705 1046 723 :

266 738 373 773 fuitque
390 738 460 766 idem
487 739 651 774 principium
676 743 702 766 ct
728 739 800 772 ﬁnis,
817 741 921 774 primus
945 746 971 768 et
986 741 1049 768 ulti-

266 792 328 812 mus
341 794 348 817 ;
369 790 447 812 ortus
458 785 550 813 brevis
565 786 611 821 qui
627 791 765 820 postremo
775 787 883 813 cunctis
895 795 991 814 rursus
1008 786 1048 813 ef-

267 829 343 857 fulsit
359 830 525 858 hominibus.
543 831 595 858 Sed
615 832 687 858 enim
701 835 728 859 et
744 831 811 859 illud
827 836 890 859 ante
911 833 990 860 dictis
1005 832 1048 859 ad-

265 875 385 902 dendum
398 880 450 909 est,
468 877 495 903 in
515 876 585 903 libro
599 877 782 912 generationis
792 877 857 905 Jesu
872 878 973 906 Christi
992 887 1047 906 non

1099 281 1198 314 λικαῖς
1220 281 1409 313 ἀποδείξεσι,
1434 281 1484 316 τὴν
1498 281 1567 307 κατὰ
1593 281 1622 306 τὸ
1648 280 1812 314 Εὑαγγὲλιον
1828 281 1883 312 τοῖς

1100 328 1166 354 πᾶσι
1189 328 1353 363 προεϐάλετο
1377 328 1513 355 πολιτείαν
1526 348 1532 360 ,
1550 327 1596 354 τοῦ
1622 327 1729 364 πρώτου
1745 329 1792 363 τῆς
1809 328 1884 354 εὐσε-

1100 373 1175 405 ϐείας
1189 374 1288 410 τρόπου
1311 375 1416 402 τελείαν
1439 375 1486 401 καὶ
1503 374 1693 409 λαμπροτέραν
1714 374 1763 409 τὴν
1779 375 1882 409 γένεσιν

1099 419 1300 454 πεποιημένου,
1328 420 1396 455 μετὰ
1421 421 1466 446 τοῦ
1489 421 1521 456 τῇ
1538 419 1608 455 χειρὶ
1630 419 1827 453 συνεπάγεσθαι
1853 419 1884 445 τδ

1100 465 1248 501 μαρτύριον
1263 465 1308 491 τοῦ
1334 466 1438 501 πρῶτον
1453 466 1534 492 αὑτὸν
1548 466 1686 500 γεγονέναι.
1697 473 1704 480 ⁸
1722 466 1736 491 6
1759 465 1824 499 γοῦν
1840 465 1885 491 διὰ

1097 510 1144 536 τοῦ
1159 510 1291 546 σωτηρίου
1309 511 1471 546 Εὑαγγελίου
1495 512 1561 538 πᾶσι
1584 512 1638 543 τοῖς
1663 510 1750 537 ἔθνεσι
1767 511 1885 546 παραδο-

1099 555 1156 588 θεὶς
1173 556 1239 591 βίος,
1257 554 1333 587 οὗτος
1346 555 1380 592 ἦν
1397 558 1498 588 ἐκεῖνος
1514 558 1527 583 6
1543 557 1589 583 καὶ
1610 557 1663 591 πρὸ
1682 556 1821 587 Μωῦσέως
1834 557 1883 591 τὴν

1098 603 1175 637 χεῖρα
1199 602 1350 638 προτείνας,
1368 603 1414 629 καὶ
1438 603 1485 637 τὴν
1501 603 1599 638 πρᾶξιν
1626 603 1670 629 διὰ
1690 603 1744 629 τῶν

1098 648 1226 683 θεοφιλῶν
1243 649 1345 685 ἀνδρῶν
1366 649 1594 684 ἐπιδεδειγμένος·
1619 646 1696 680 οὗτός
1710 657 1740 675 τε
1758 646 1835 680 οὗτος
1847 646 1884 684 ἦν

1098 693 1112 718 6
1129 694 1203 729 Ζαρᾶ
1217 694 1266 728 τῆς
1279 693 1368 720 ἐνθέου
1384 694 1520 725 πολιτείας
1535 695 1584 729 τὴν
1600 693 1710 729 πρώτην
1729 694 1757 720 ὲν
1777 693 1882 728 ἀνθρώο

1099 746 1160 769 ποις
1179 739 1309 774 ἀνατολὴν
1334 739 1583 774 καταϐεϐλημένος·
1599 739 1694 772 γέγονέ
1709 738 1747 765 τε
1761 740 1775 765 ὀ
1791 739 1882 771 αὐτὸς,

1098 783 1168 819 ἀρχὴ
1186 785 1231 810 καὶ
1244 785 1329 816 τέλος,
1348 785 1455 820 πρῶτός
1472 794 1499 811 τε
1517 786 1563 811 καὶ
1584 785 1707 816 ὕστατος,
1724 785 1838 820 ἀνατολὴ
1853 793 1883 810 τε

1099 829 1183 865 μικρὰ
1211 830 1257 857 καὶ
1291 831 1392 865 ὑστάτη
1417 831 1496 857 πάλιν
1524 832 1563 862 εἰς
1588 831 1690 862 πάντας
1720 831 1883 866 ἐκλάμψασα

1097 876 1264 912 ἀνθρώπους.
1282 876 1354 911 Πλὴν
1376 876 1443 902 ἀλλὰ
1458 878 1569 903 κάκεῖνο
1584 878 1714 912 προσήκει
1733 878 1788 909 τοῖς
1805 877 1882 913 εἰρη-

265 928 281 947 a
296 921 383 955 primo
397 929 428 949 ex
450 922 567 956 duobus,
591 930 687 958 nempe
707 922 786 957 Zara,
809 924 862 951 dici
876 926 1043 960 progenitum

1098 922 1187 957 μένοις
1205 922 1347 953 ἐπιθεῖναι,
1365 922 1402 953 ὡς
1420 923 1435 957 ἡ
1456 922 1543 956 βίϐλος
1565 923 1615 957 τῆς
1635 923 1767 956 γενέσεως
1794 923 1882 958 Ἰησοῦ

264 974 327 994 eum
340 967 420 1001 cujus
436 968 535 995 texitur
546 968 702 1003 genealogia
715 977 722 1002 ;
735 969 782 1010 sed
795 976 811 995 a
827 970 957 1003 secundo,
971 971 1047 998 vide-

265 1012 328 1040 licet
341 1012 454 1041 Phares.
466 1013 533 1041 Nam
551 1022 645 1049 reapse
656 1015 805 1042 secundum
817 1023 927 1044 carnem
939 1017 1045 1052 genitus

265 1058 316 1086 fuit
329 1059 362 1086 de
372 1063 452 1094 gente
465 1063 491 1087 et
507 1068 606 1096 genere
631 1061 754 1094 secundi,
770 1068 857 1096 neque
877 1066 982 1090 tantum
995 1071 1044 1090 na-

264 1108 310 1133 tus
322 1112 337 1132 e
356 1105 478 1139 muliere,
496 1106 543 1134 sed
566 1106 655 1134 factus
681 1108 732 1135 sub
748 1108 823 1144 lege,
842 1112 872 1136 ut
892 1113 918 1136 et
940 1117 987 1136 eos
998 1109 1044 1144 qui

264 1150 316 1177 sub
333 1150 390 1186 lege
400 1155 477 1178 erant
491 1151 636 1180 redimeret
651 1153 684 1186 ³³,
697 1154 845 1182 secundum
857 1155 980 1190 Apostoli
994 1155 1045 1183 hac

263 1196 345 1224 etiam
363 1196 397 1224 de
410 1204 440 1224 re
451 1198 646 1225 testimonium.

615 1321 683 1349 Vill.

263 1386 317 1415 Cur
327 1388 417 1415 uaris
427 1388 497 1416 Uria:
508 1390 654 1416 meminerit
669 1390 694 1417 in
709 1391 861 1426 genealogia
871 1393 1039 1427 evangelista.

303 1476 330 1504 1.
350 1476 431 1504 Liber
454 1478 638 1512 generationis
661 1478 726 1507 Jcsu
756 1478 870 1513 Chrisli,
885 1480 950 1507 dum
980 1482 1040 1509 ait:

265 1532 275 1548 ι
293 1522 376 1551 David
403 1531 451 1551 rex
480 1524 573 1558 genuit
599 1524 772 1553 Salomonem
798 1534 831 1554 ex
852 1534 884 1553 ea
907 1534 968 1562 qua
991 1527 1041 1555 fuit

263 1567 344 1602 Uriaz,
359 1579 370 1595 ι
384 1569 524 1598 declarare
537 1571 732 1606 propemodum
744 1579 775 1600 ac
786 1573 912 1601 nuntiare
922 1574 1039 1607 videtur,

1098 968 1215 1004 Χριστοῦ
1229 969 1278 994 οὐκ
1293 968 1345 994 ἀπὸ
1364 967 1410 994 τοῦ
1425 968 1478 995 τῶν
1491 968 1562 994 δυοῖν
1577 968 1695 1004 πρώτου,
1711 968 1781 1003 λέγω
1794 968 1821 995 δὲ
1833 968 1882 995 τοῦ

1098 1013 1187 1048 Ζαρσῖ,
1206 1013 1250 1039 τὸν
1267 1012 1508 1047 γενεαλογούμενον
1523 1013 1603 1047 φῦναι
1619 1014 1732 1048 εἰσάγει,
1754 1013 1810 1040 ἀλλ’
1827 1013 1884 1040 ἀπὸ

1097 1058 1143 1085 τοῦ
1156 1058 1281 1094 δευτέρου
1294 1058 1340 1085 τοῦ
1357 1059 1459 1094 Φαρές·
1478 1059 1537 1086 ἐπεὶ
1551 1059 1645 1094 γέγονε
1664 1059 1733 1086 κατὰ
1749 1060 1837 1095 σάρκα
1850 1061 1884 1086 ὲκ

1099 1103 1182 1138 φυλῆς
1197 1105 1243 1130 καὶ
1259 1103 1412 1139 σπέρματος
1427 1104 1473 1130 τοῦ
1485 1104 1609 1139 δευτέρου
1622 1114 1628 1120 ⁸
1646 1105 1675 1131 οὐ
1693 1105 1770 1140 μόνον
1783 1104 1884 1139 γεννώ-

1098 1159 1177 1185 μενος
1190 1151 1222 1176 ὲκ
1239 1151 1366 1184 γυναικὸς
1378 1172 1385 1184 ,
1406 1151 1473 1178 ἀλλὰ
1497 1152 1541 1178 καὶ
1557 1151 1700 1187 γενόμενος
1716 1151 1768 1178 ὑπὸ
1781 1152 1864 1186 νόμον
1874 1171 1882 1182 ,

1097 1196 1140 1222 ἵνα
1161 1196 1282 1227 καὶτοὺς
1308 1196 1360 1222 ὑπὸ
1384 1196 1465 1232 νόμον
1486 1197 1648 1233 ἐξαγοράσῃ,
1665 1197 1734 1224 κατὰ
1759 1197 1809 1232 τὴν
1833 1196 1881 1223 ¹ποῦ

1104 1241 1264 1268 Ἀποστὸλου
1280 1243 1325 1269 καὶ
1337 1242 1400 1278 περὶ
1411 1242 1506 1269 τούτου
1520 1243 1684 1279 μαρτυρίαν.

1462 1321 1501 1346 Η¹.

1094 1387 1144 1414 Διὰ
1167 1388 1195 1413 τι
1217 1386 1271 1423 τῆς
1298 1387 1350 1413 τοῦ
1377 1388 1483 1421 Οὐρίου
1509 1388 1651 1422 Τυναικός
1674 1388 1811 1423 ἐμνήσθη
1831 1388 1881 1415 ἐπὶ

1219 1422 1271 1456 τῆς
1284 1423 1479 1457 γενεαλογίας
1497 1425 1513 1450 ὁ
1530 1423 1755 1458 εὺιιγγελιστής.

1129 1483 1164 1506 α’.
1182 1479 1329 1513 Μονονουχὶ
1343 1478 1386 1505 διὰ
1406 1477 1452 1504 τοῦ
1477 1478 1574 1512 φάναι,
1593 1488 1601 1503 ι
1616 1477 1697 1504 Δαϐὶδ
1719 1479 1733 1504 ὁ
1752 1477 1881 1512 βασιλεὺς

1093 1524 1220 1559 ἐγέννησε
1235 1524 1278 1550 τὸν
1289 1522 1431 1558 Σολομῶνα
1443 1524 1474 1549 ὲκ
1488 1523 1538 1557 τῆς
1550 1522 1598 1549 τοῦ
1615 1523 1723 1558 Οὐρίου,
1739 1531 1747 1548 ι
1761 1522 1883 1549 τοιοῦτόν

1095 1578 1121 1596 τι
1138 1569 1209 1596 ἔοικε
1234 1569 1328 1604 δηλοῦν
1344 1571 1360 1605 ἠ
1388 1569 1477 1604 βίϐλος
1494 1569 1562 1604 αῦτη
1579 1569 1628 1603 τῆς
1648 1568 1734 1604 Ἰησοῦ
1759 1569 1880 1604 Χριστοῦ

262 1614 321 1643 fore
345 1619 375 1646 ut
389 1623 451 1644 mox
467 1624 562 1651 preces
585 1616 695 1645 Davidis
716 1626 748 1645 ac
774 1620 989 1654 supplicationes
1013 1629 1043 1649 re

1095 1615 1235 1649 γενέσεως,
1249 1615 1297 1646 τὰς
1309 1615 1445 1646 λιτανείας
1467 1615 1513 1641 καὶ
1535 1615 1583 1646 τὰς
1601 1615 1705 1645 ἱκεσίας
1727 1614 1774 1641 τοῦ
1798 1615 1881 1641 Δαϐὶδ

261 1664 355 1697 optata
372 1663 520 1697 potiantur.
545 1663 672 1692 Continet
687 1665 757 1692 enim
781 1665 851 1693 liber
875 1667 1041 1695 incarnatio-

260 1713 323 1734 nem
350 1706 418 1735 Jesu
438 1707 540 1736 Christi
566 1708 721 1738 Servatoris
739 1712 861 1739 omnium
882 1718 909 1740 et
931 1714 1040 1748 medici,

262 1752 343 1787 cujus
357 1753 439 1784 unius
451 1761 534 1788 opera
548 1755 676 1789 sperabat
695 1755 779 1783 David
798 1765 827 1784 se
845 1758 1041 1786 absolvendum

262 1806 351 1826 essea
367 1799 483 1828 crimine
493 1800 565 1828 circa
594 1800 685 1828 Uriam
703 1803 816 1839 ejusque
830 1811 942 1831 uxorem
955 1825 962 1838 ,
980 1809 1006 1832 et
1026 1812 1040 1831 a

260 1845 359 1871 mortis
378 1845 485 1873 calculo
508 1846 716 1881 expediendum.
738 1848 775 1877 De
805 1849 856 1877 hoc
879 1851 961 1886 igitur
976 1850 1040 1879 Iesu

260 1889 370 1918 Christo
394 1898 489 1918 necem
512 1891 646 1920 subeunte
668 1893 769 1928 (cujus
791 1894 925 1923 beneﬂcio
950 1897 1040 1923 anima

260 1942 369 1969 quoque
382 1934 491 1963 Davidis
506 1936 644 1964 liberanda
660 1939 728 1973 erat)
746 1939 896 1967 vaticinans
918 1940 945 1967 in
963 1940 1040 1968 Psal-

260 1980 314 2007 mis
328 1979 398 2008 idem
414 1981 497 2009 David
508 2003 515 2015 ,
530 1982 690 2010 descensum
709 1983 862 2012 Servaloris
878 1986 911 2013 ad
938 1986 1040 2013 inferos

261 2033 394 2061 suamque
408 2027 494 2061 ipsius
509 2029 624 2056 salutem
641 2030 813 2065 signiﬁcavit,
830 2031 926 2060 dicens
943 2041 949 2059 :
966 2041 975 2058 ι
988 2031 1041 2059 Do-

261 2070 344 2102 mine,
359 2071 476 2099 eduxisti
491 2080 523 2100 ex
538 2073 633 2101 inferis
659 2075 778 2102 animam
808 2083 907 2110 meam,
924 2077 1039 2104 servasti

260 2123 305 2143 me
330 2124 346 2142 a
371 2117 598 2147 descendentibus
623 2120 650 2147 in
671 2121 760 2148 lacum
770 2121 803 2148 ".
824 2131 832 2147 ι
851 2121 937 2149 item:
959 2132 968 2148 ι
988 2122 1039 2155 Qui

259 2162 364 2190 exaltas
378 2170 421 2191 me
435 2163 468 2191 de
485 2165 571 2199 portis
583 2166 680 2193 mortis
691 2167 724 2192 ³³.
746 2175 755 2192 ι
773 2166 838 2194 Item
854 2176 860 2193 :
881 2176 890 2193 ι
907 2166 965 2194 Non
992 2168 1040 2195 dc-

258 2208 397 2243 relinques
425 2210 544 2237 aninmm
578 2219 664 2238 meam
691 2211 717 2238 in
745 2211 890 2239 inferno“.
908 2222 917 2238 ι
946 2212 1036 2240 ltem:

261 2264 271 2280 ι
289 2253 444 2283 Conversus
471 2256 615 2283 vivificasti
634 2265 694 2289 me;
710 2260 737 2284 et
763 2266 797 2284 ex
823 2258 930 2293 abyssis
961 2263 1039 2286 teme

1093 1662 1154 1687 ὅσον
1170 1660 1246 1687 οῦπω
1276 1662 1461 1697 προχωρήσειν
1490 1662 1527 1693 εἰς
1554 1661 1628 1692 τέλος
1655 1661 1878 1695 εὐαγγελίζεται·

1095 1707 1214 1742 περιέχει
1241 1707 1303 1740 γοῦν
1331 1707 1380 1742 τὴν
1401 1707 1555 1742 οἱκονομὶαν
1584 1707 1671 1742 Ἰησοῦ
1694 1707 1814 1742 Χριστοῦ
1831 1707 1879 1733 τοῦ

1094 1754 1218 1789 Σωτῆρος
1234 1752 1287 1779 τῶν
1302 1753 1369 1779 ὅλων
1380 1753 1427 1779 καὶ
1443 1753 1546 1788 ἰατροῦ,
1561 1753 1593 1779 δι’
1616 1750 1646 1779 οὗ
1660 1753 1739 1788 μόνον
1755 1753 1834 1785 ἐλπὶς
1848 1752 1881 1788 ἦν

1093 1800 1140 1826 καὶ
1162 1799 1199 1834 τῷ
1217 1799 1298 1825 Δαϐὶό
1320 1799 1368 1834 τῆς
1383 1799 1453 1826 κατὰ
1472 1799 1517 1825 τὸν
1531 1799 1631 1834 Οὐρίαν
1649 1799 1695 1825 καὶ
1712 1799 1760 1834 τὴν
1782 1799 1879 1826 τούτου

1093 1847 1208 1880 γυναῖκα
1233 1846 1368 1880 ἁμαρτίας
1393 1845 1624 1880 ἀπολυῦήσεσϐαι,
1643 1845 1689 1872 καὶ
1715 1845 1764 1880 τῆς
1789 1846 1817 1871 ὲν
1840 1845 1881 1880 τῷ

1095 1891 1201 1926 θανάτῳ
1214 1890 1378 1926 καθείρξεως
1390 1891 1655 1926 ἐλευθερωθήσεσθαι
1668 1900 1674 1906 ·
1699 1891 1795 1917 τούτου
1814 1891 1880 1925 γοῦν

1100 1935 1186 1972 Ἰησοῦ
1202 1936 1318 1972 Χριστοῦ
1331 1937 1380 1971 τὴν
1397 1937 1476 1972 μέχρι
1491 1936 1605 1963 θανάτου
1622 1937 1784 1972 παρουσίαν,
1797 1937 1830 1963 δι’
1845 1935 1880 1973 ἧς

1093 1983 1191 2018 ἤμελλε
1203 1982 1250 2009 καὶ
1263 1983 1279 2018 ἡ
1292 1981 1338 2008 τοῦ
1351 1982 1432 2008 Δαϐὶδ
1450 1982 1665 2017 ἀπολυτροῦσοαι
1677 1982 1749 2017 ψυχὴ
1762 2002 1770 2013 ,
1785 1981 1880 2008 θεσπί-

1094 2027 1147 2059 ζων
1164 2029 1190 2054 ὲν
1208 2029 1263 2060 τοῖς
1284 2027 1407 2063 Ψαλμοῖς
1435 2028 1513 2060 αὐτος
1532 2029 1546 2054 6
1562 2028 1660 2061 Aa6‘t6,
1678 2028 1713 2054 τὰ
1739 2028 1805 2063 περὶ
1829 2028 1880 2062 τῆς

1093 2075 1181 2101 ἐκεῖσε
1197 2074 1309 2101 καθόδου
1321 2075 1366 2101 τοῦ
1382 2075 1517 2109 Σωτῆρος,
1532 2075 1566 2101 τά
1583 2083 1613 2100 τε
1631 2075 1694 2110 περὶ
1713 2074 1763 2108 τῆς
1780 2073 1879 2100 ἑαυτοῦ

1095 2119 1228 2154 σωτηρίας
1246 2119 1340 2154 ἐδήλου
1352 2119 1386 2146 δι’
1400 2116 1436 2146 ὧν
1454 2119 1570 2153 ἔφασκε·
1590 2128 1598 2143 ι
1621 2118 1716 2153 Κύριε,
1740 2119 1879 2153 ἀνήγαγες

1096 2164 1125 2196 ἐξ
1141 2164 1202 2200 ᾅδου
1219 2165 1268 2200 τὴν
1284 2165 1372 2201 ψυχήν
1388 2173 1439 2200 μου
1449 2184 1457 2196 ,
1473 2164 1576 2196 ἔσωσας
1600 2173 1632 2199 με
1655 2164 1708 2190 ἀπὸ
1723 2164 1778 2190 τῶν
1795 2173 1880 2190 κατα-

1094 2210 1238 2237 ϐαινόντων
1255 2211 1294 2242 εἰς
1304 2211 1413 2238 λάκκον.
1428 2221 1436 2236 ι
1451 2210 1505 2237 Καὶ
1518 2211 1562 2236 τόι
1581 2220 1589 2235 ι
1601 2211 1629 2236 '0
1641 2209 1715 2244 ὑψῶν
1732 2218 1765 2244 με
1778 2210 1811 2235 ἐκ
1825 2209 1880 2236 τῶν

1094 2256 1184 2282 πυλῶν
1196 2255 1244 2282 τοῦ
1259 2256 1373 2283 θανάτου
1388 2277 1394 2282 .
1412 2266 1422 2282 ι
1437 2256 1490 2282 Καὶ
1504 2256 1533 2282 τό
1546 2264 1552 2270 -
1569 2265 1578 2280 ι
1595 2255 1651 2281 Οὐκ
1672 2255 1881 2288 ἐγκαταλείψεις

259 2300 357 2328 iterum
375 2301 507 2328 reduxisti
521 2309 563 2328 me
575 2302 608 2328 ³⁷.
629 2311 638 2327 ι
657 2301 724 2334 Quis
741 2307 830 2330 autem
848 2308 906 2330 erat
924 2303 1037 2331 descent-

1095 2302 1137 2337 τὴν
1160 2302 1248 2337 ψυχήν
1273 2311 1323 2337 μου
1343 2303 1382 2334 εἰς
1400 2302 1491 2337 ᾅδην.»
1519 2301 1574 2328 Καὶ
1595 2302 1640 2328 τό·
1664 2310 1673 2326 ι
1696 2302 1880 2337 Ἑπιστρὲψας

259 2346 326 2373 dens
353 2346 540 2382 reducensque
564 2355 626 2374 cum
649 2356 681 2376 ex
705 2348 829 2383 abyssis?
843 2348 904 2384 quis
929 2357 1039 2378 servans

257 2399 320 2419 eum
346 2400 362 2419 a
383 2393 610 2421 descendentibus
628 2394 655 2420 in
672 2393 784 2421 lacum?
797 2394 850 2422 nisi
863 2394 917 2427 hic,
933 2395 966 2423 de
986 2404 1039 2430 quo

258 2437 357 2465 librum
372 2439 555 2474 generationis
570 2439 704 2467 mirabilis
725 2441 892 2476 evangelista
917 2442 1039 2469 conscri-

258 2483 298 2510 bit
312 2494 318 2511 :
334 2485 405 2512 inter
432 2485 486 2512 alia
508 2485 580 2512 bona
595 2493 703 2521 quoque
727 2486 838 2514 Davidis
858 2487 936 2515 nobis
967 2496 1039 2515 nun-

257 2527 341 2556 tians.
920 2544 923 2547 λ

291 2665 317 2692 2.
335 2665 468 2693 Existimo
486 2671 575 2694 autem
598 2667 626 2694 in
656 2667 682 2694 id
707 2667 864 2695 barathrum
895 2667 1036 2701 delapsum

259 2709 342 2738 fuisse
365 2711 541 2740 Davidem'ob
555 2712 636 2740 unius
654 2713 758 2740 voculae
782 2720 892 2745 noxam,
907 2720 988 2748 quam
1005 2713 1031 2739 in

292 2796 315 2812 ³³
333 2796 392 2826 Gal.
409 2806 445 2831 IV,
463 2799 489 2826 5.
527 2799 550 2816 ”
568 2798 640 2828 Psal.
656 2807 737 2833 xxxx,
755 2800 782 2828 «ι.
823 2800 845 2816 ³⁵
865 2799 937 2828 Psal.
954 2807 998 2832 ix,
1019 2799 1061 2827 i5.

287 2884 349 2920 (ιο)
369 2883 429 2914 hib.
446 2893 465 2918 ι,
480 2886 505 2913 5.

1093 2346 1278 2382 ἐζωοποίησάς
1293 2356 1337 2382 με,
1354 2348 1400 2374 καὶ
1413 2348 1444 2373 ὲκ
1454 2346 1506 2372 τῶν
1524 2347 1648 2372 ἀϐύσσων
1665 2346 1714 2381 τῆς
1734 2347 1786 2381 γῆς
1798 2348 1878 2374 πάλιν

1092 2393 1229 2428 ἀνήγαγες
1247 2401 1290 2428 με.
1312 2403 1320 2419 ι
1341 2393 1388 2425 Τις
1407 2393 1429 2420 δ’
1446 2392 1501 2429 ἧνὸ
1528 2393 1646 2424 καταϐὰς
1663 2393 1710 2419 καὶ
1731 2394 1879 2428 ἀναγαγὼν

1092 2438 1172 2465 αὐτὸν
1188 2439 1220 2465 ἐκ
1236 2439 1289 2466 τῶν
1311 2439 1456 2470 ἀϐύσσων;
1480 2440 1521 2472 τίς
1538 2439 1559 2466 δ’
1579 2439 1593 2465 ὁ
1611 2439 1700 2471 σώσας
1719 2440 1802 2466 αὑτὸν
1826 2440 1878 2466 ἀπὸ

1091 2484 1144 2510 τῶν
1161 2485 1377 2512 καταϐαινόντων
1388 2487 1427 2517 εἰς
1439 2486 1559 2518 λάκκον;
1574 2485 1629 2512 ἀλλ’
1641 2482 1718 2517 οὗτος
1733 2482 1755 2519 ᾧ
1773 2486 1822 2521 τῆς
1837 2495 1879 2519 γε·

1092 2531 1192 2562 νέσεως
1206 2532 1255 2566 τὴν
1280 2531 1370 2566 βίϐλον
1385 2533 1399 2558 6
1419 2531 1567 2567 θαυμάσιος
1591 2531 1789 2566 εὐαγγελιστὴς
1811 2533 1877 2558 ἀνα-

1091 2577 1201 2612 γράφει,
1216 2576 1284 2612 μετὰ
1294 2577 1348 2604 τῶν
1359 2577 1446 2604 ἄλλων
1456 2577 1503 2604 καὶ
1514 2577 1548 2604 τὰ
1555 2577 1618 2612 περὶ
1627 2577 1675 2604 τοῦ
1688 2577 1772 2603 Δαϐὶδ
1786 2578 1878 2611 ἀγαθὰ

1090 2622 1172 2648 πᾶσιν
1186 2623 1252 2657 ἡμῖν
1268 2620 1516 2657 εὐαγγελιζόμενος.

1126 2667 1158 2702 β’.
1176 2665 1258 2702 Οἶμαι
1285 2667 1311 2693 δὲ
1325 2667 1411 2702 τούτῳ
1436 2667 1474 2702 τῷ
1499 2667 1623 2702 πτώματι
1650 2667 1808 2701 περιπεσεῖν
1832 2665 1875 2691 τὸν

1090 2713 1171 2739 Δαϐὶδ
1186 2713 1229 2739 διὰ
1244 2713 1308 2749 μίαν
1319 2713 1420 2748 ταύτην
1437 2713 1538 2748 φωνὴν,
1553 2713 1586 2748 ἣν
1601 2714 1629 2740 ἐν
1643 2713 1682 2748 τῷ
1699 2711 1815 2748 εἰκοστῷ
1828 2720 1874 2738 και

1103 2799 1125 2816 ³⁸
1144 2798 1216 2828 Psal.
1234 2808 1278 2834 xv,
1298 2800 1340 2828 10.
1379 2801 1400 2817 ³⁷
1422 2800 1494 2829 Psal.
1514 2809 1583 2836 ιη,
1601 2801 1644 2830 20.
