2065 3216
249 179 301 211 915

605 184 739 214 EUSEBll
759 185 999 213 CIESARIENSIS
1016 184 1092 213 OPP.
1113 184 1204 212 PARS
1222 183 1266 212 Ill.
1288 180 1536 211 ——EXEGETICA.

1817 174 1869 203 9I6

249 241 356 276 psalmo
371 247 424 275 est,
441 243 533 270 emisit
547 253 553 270 :
573 252 582 268 ι
604 242 664 270 Tibi
687 244 738 271 soli
752 243 873 277 peccavi.
890 246 917 271 ct
932 243 1033 270 malum

1089 243 1159 278 μόνῳ
1174 243 1307 278 ἥμαρτον,
1319 240 1406 268 καὶτὸ
1415 239 1532 275 πονηρὸν
1545 236 1657 264 ἐνώπιόν
1669 243 1715 261 σου
1726 233 1866 268 ἐποίησα-ι

250 295 343 315 coram
367 293 394 316 te
409 288 472 317 ieci.
493 298 503 316 ι
520 288 588 316 Dum
608 297 674 317 vero
697 289 747 323 ait,
768 289 817 316 tibi
839 289 891 317 soli
912 290 1034 324 peccavi,

251 331 305 361 noli
323 334 425 362 idcirco
437 335 617 370 sicloquitur,
634 335 713 370 quasi
730 336 758 362 in
775 335 864 363 solum
875 334 960 363 Deum
976 343 1036 370 pec-

251 379 394 406 cavisset:
411 387 474 406 nam
498 388 588 415 neque
609 380 778 416 blasphemia
800 389 890 416 neque
914 381 1036 416 perjurio

251 430 339 458 neque
351 424 435 451 simili
449 425 589 459 impietate
603 433 632 453 se
642 425 838 459 obstrinxerat,
850 431 880 454 ut
889 427 1035 462 quisquam

252 469 347 496 merito
368 469 539 498 existimaret
557 471 592 498 ab
617 478 651 498 eo
673 471 806 500 adversus
831 471 918 500 Deum
949 471 1036 500 fuisse

251 516 403 546 peccatum.
426 512 538 546 Verum,
552 515 574 543 si
588 515 669 550 plane
684 516 758 551 loqui
775 517 855 549 licet,
870 524 1036 553 magnopere

251 562 411 592 peccaverat
433 559 461 586 in
487 558 662 594 Bersabeam,
687 561 804 589 maxime
822 562 850 588 in
877 561 980 595 Uriam,
1007 561 1035 589 in

251 604 347 639 primis
368 612 433 632 vero
454 611 549 633 contra
578 614 656 634 suam
681 608 811 634 animam.
835 606 890 634 Cur
912 615 977 643 ergo
990 608 1036 636 hic

251 652 299 684 ait,
316 651 366 679 tibi
381 652 432 679 soli
443 653 574 687 peccavi?
589 653 691 689 Nempe
707 654 834 681 existimo
853 662 916 682 eum
937 654 1037 682 intelli-

250 704 332 731 gere:
348 697 396 725 tibi
411 698 463 725 soli
479 702 573 725 notum
598 699 650 726 fuit
674 703 815 734 peccatum
828 707 928 728 meum.
948 700 1036 728 Mani-

250 742 348 771 festius
362 743 446 778 igitur
465 744 562 772 addit:
577 755 585 770 ι
600 749 627 773 et
643 746 745 773 malum
772 753 862 773 meum
887 754 981 774 coram
1009 751 1037 775 te

250 789 312 817 feci.
333 799 343 815 ι
363 790 510 819 Hominum
531 792 631 827 quippe
658 792 750 820 nullus
770 793 838 820 milli
865 793 948 821 timor
967 799 1036 828 erat,

250 836 303 864 nisi
314 839 378 863 tuus
401 837 562 873 ingruisset.
588 837 771 866 Prosternens
793 838 876 874 igitur
901 839 977 867 humi
996 840 1037 867 fa-

250 882 331 915 ciem,
349 883 420 910 haud
436 888 500 912 ante
513 888 702 912 surrecturum
720 893 750 912 se
763 885 810 918 ait,
827 893 908 920 quam
921 886 1034 921 gratiam

1086 289 1174 324 λέγων
1189 289 1227 320 δὲ,
1244 288 1285 315 σοὶ
1303 288 1374 323 μόνῳ
1388 287 1522 323 ἥμαρτον,
1537 284 1567 310 οὐ
1584 282 1662 310 τοῦτό
1677 289 1759 316 φησιν
1773 279 1813 306 ὅτι
1830 279 1870 309 είς

1086 337 1131 363 τὸν
1145 335 1212 362 Θεὸν
1225 336 1347 370 ἥμαρτον
1361 333 1441 369 μόνον
1450 341 1456 348 ·
1473 331 1535 363 (εὖτε
1546 330 1601 366 γὰρ
1617 327 1797 364 βλασφημίας,
1809 324 1869 352 οὔτε

1085 381 1237 417 ἐπιορκίας,
1251 380 1312 407 οὒτε
1328 379 1455 414 τοιαύτης
1465 377 1536 408 τινὸς
1550 375 1676 406 ἀσεΰείας
1688 374 1702 399 ὁ
1714 372 1812 408 τρόπος
1824 370 1872 396 af»-

1084 427 1132 454 τοῦ
1145 416 1196 462 τῆς
1214 426 1360 462 ἁμαρτίας,
1375 425 1419 452 ἴνα
1435 433 1477 456 τις
1497 422 1626 450 ὑπολάϐοι
1646 420 1726 447 αὐτὸν
1750 420 1790 449 εἰς
1805 416 1870 443 Θεὸν

1087 472 1275 508 ἡμαρτηκέναι
1290 478 1296 486 ’
1311 470 1367 498 ἀλλ’
1383 471 1407 496 εἰ
1421 469 1474 505 χρὴ
1489 469 1590 500 εἰπεῖν,
1606 466 1641 492 τὰ
1659 463 1764 501 μεγαλα
1779 463 1870 497 ἦμαρ-

1085 527 1131 546 τεν
1144 520 1184 550 εἰς
1199 518 1247 554 τὴν
1259 517 1408 553 Βηρσαϐεὲ,
1422 516 1457 543 τὰ
1472 515 1586 551 μέγιστα
1600 513 1628 540 δὲ
1644 511 1691 539 καὶ
1708 512 1747 542 εἰς
1758 509 1803 536 τὸν
1819 508 1872 554 Oi;-

1089 565 1164 600 ρίαν,
1181 551 1251 600 ὑπέρ
1267 551 1355 591 πάντα
1370 563 1399 589 δὲ
1415 563 1454 594 είς
1465 561 1514 597 τὴν
1527 558 1622 586 ἐαυτοῦ
1632 557 1734 592 ψυχήν·
1754 554 1812 586 πῶς
1824 551 1871 600 οὖν

1087 599 1204 638 ἐνταῦθά
1218 599 1295 646 φησι,
1311 609 1352 635 σοὶ
1373 608 1444 644 μόνῳ
1463 608 1601 642 ἥμαρτον;
1625 604 1682 630 ἀλλ’
1700 599 1778 636 οἶμαι
1798 599 1871 646 τοῦτξ

1086 655 1166 682 αὐτὸν
1181 644 1279 689 λέγειν,
1295 655 1336 681 ὅτι
1360 662 1401 680 σοι
1433 653 1504 687 μόνῳ
1520 652 1652 685 ἔγνωσται
1669 647 1699 674 τὸ
1720 644 1873 682 ἁμάρτημά

1088 710 1149 738 μου.
1176 701 1317 736 Ἐπιφέρει
1341 699 1406 734 γοῦν
1430 699 1461 725 τὸ
1487 697 1653 732 σαφέστερον
1670 694 1699 720 ἐν
1714 692 1768 728 τῷ·
1788 701 1797 717 ι
1817 690 1872 738 καὶ

1087 736 1116 774 τὸ
1129 746 1245 782 πονηρὸν
1260 745 1373 772 ἐνώπιόν
1394 753 1439 771 σου
1459 744 1583 778 ἐποίησα.
1603 751 1611 767 ι
1633 738 1795 774 Ἀνθρὼπων
1818 736 1872 772 γὰρ

1087 793 1172 824 οὐδείς
1198 801 1242 828 μοι
1271 791 1352 826 φόϐος
1365 788 1409 827 ἦν,
1427 791 1450 816 εί
1478 789 1514 824 μὴ
1530 790 1544 815 ὁ
1560 787 1605 819 σὸς
1629 785 1755 813 ἐπέκειτο
1779 782 1871 818 φόϐος.

1093 839 1187 873 Ῥίψας
1201 838 1266 873 γοῦν
1277 837 1372 864 ἐαυτὸν
1383 836 1429 862 ἐπὶ
1442 835 1599 872 πρόσωπον,
1614 833 1644 859 οὐ
1656 831 1787 867 πρότερον
1808 828 1874 854 ἀναν

1089 884 1236 921 στήσεσθαί
1253 892 1335 919 φησιν
1346 904 1353 915 ,
1372 883 1389 918 ἦ
1407 883 1499 917 τυχεῖν
1513 881 1561 916 τῆς
1578 878 1728 911 ἀξιώσεως.
1746 875 1801 902 Καὶ
1816 882 1876 900 aw-

249 932 445 963 consequatur.
463 929 497 956 Et
509 933 721 964 comprecantur
735 930 760 958 ei
775 931 932 967 quicunque
945 933 1036 960 favent

1089 931 1210 967 εὔχονταί
1226 939 1257 965 γε
1274 929 1348 965 αὐτῷ
1365 929 1464 960 πάντες
1475 927 1500 954 οἱ
1515 924 1624 960 ἀγαθῶν
1640 921 1774 958 συνεργοὶ,
1786 928 1876 967 παρα-

251 974 376 1002 felicitati
393 975 463 1010 ejus,
481 981 614 1011 orantque
631 979 659 1003 ut
677 976 731 1003 voti
753 984 866 1012 compos
885 977 942 1005 ﬁat.
968 978 1036 1006 Pro‘

250 1025 343 1056 pterea
353 1021 456 1049 dictum
469 1026 511 1050 est
526 1023 553 1049 in
569 1023 708 1051 tricesimo
721 1023 810 1058 primo
832 1024 937 1058 psalmo
949 1032 1032 1060 supra

250 1068 428 1096 centesimum
444 1079 450 1095 :
467 1077 476 1094 ι
496 1068 648 1101 Memento,
671 1069 784 1097 Domine
798 1089 805 1101 ,
832 1069 916 1097 David
932 1075 958 1098 et
977 1078 1037 1098 om-

251 1114 294 1141 nis
325 1114 546 1142 mansuetudinis
572 1115 642 1150 ejus.
674 1114 751 1142 Sicut
776 1115 880 1151 juravit
910 1115 1036 1149 Domino,

250 1164 344 1187 votum
358 1161 433 1188 vovit
447 1160 503 1189 Deo
521 1160 615 1189 Jacob.
637 1160 666 1189 Si
682 1162 814 1190 introiere
828 1162 854 1188 in
872 1162 1037 1190 tabernacu-

251 1207 307 1234 lum
338 1207 436 1235 domus
464 1210 577 1240 meansi
605 1209 755 1237 ascendero
786 1210 812 1237 in
835 1210 935 1237 lectum
958 1210 1037 1238 strati

252 1253 324 1287 mei;
353 1254 377 1281 si
398 1254 470 1281 dabo
496 1262 622 1282 somnum
651 1255 738 1283 oculis
761 1256 830 1282 meis
851 1259 878 1283 et
899 1255 1037 1291 palpebris

251 1300 320 1327 meis
345 1300 577 1334 dormitationem,
595 1302 683 1328 donec
709 1301 846 1328 inveniant
874 1301 962 1329 locum
984 1301 1038 1329 Do-

251 1346 337 1378 mino,
353 1347 559 1374 tabernaculum
573 1346 629 1374 Deo
643 1346 728 1374 Jacob
738 1347 771 1375 ἰ².
789 1357 798 1374 ι

285 1402 313 1428 4.
336 1402 405 1429 Dum
421 1403 467 1430 ille
484 1403 524 1430 sic
540 1407 600 1430 orat
617 1408 698 1439 atque
714 1402 829 1431 affirmat
849 1411 878 1432 se
900 1412 954 1432 non
975 1408 1038 1432 ante

252 1456 432 1477 ascensurum
459 1450 486 1476 in
515 1450 615 1477 lectum
639 1450 718 1477 strati
733 1450 787 1484 sui,
814 1458 902 1485 neque
926 1451 1037 1478 domum

252 1501 330 1520 suam
344 1494 542 1528 ingressurum.
561 1494 672 1529 insuper
686 1502 715 1522 se
728 1502 782 1522 non
798 1495 927 1522 daturum
944 1497 1037 1531 palpe-

254 1539 311 1566 bris
328 1539 386 1567 suis
403 1539 637 1573 dormitationem,
653 1540 741 1568 donec
760 1541 894 1568 invenerit
916 1541 1037 1569 futurum

254 1586 359 1614 Domini
378 1587 486 1620 locum;
505 1586 674 1614 demonstrat
688 1587 713 1614 ei
736 1586 867 1615 Dominus
892 1587 1034 1616 Bethlehe-

1087 966 1232 1009 καλοῦντες
1243 975 1453 1010 εἰσακουσθῆναι
1470 973 1566 1001 αὐτόν*
1583 971 1623 998 διὸ
1638 970 1746 1005 εἴρηται
1767 968 1796 994 ἐν
1808 966 1876 993 ἑκα-

1085 1026 1172 1062 τοστῷ
1185 1023 1338 1061 τριακοστῷ
1350 1022 1449 1058 πρώτῳ
1460 1019 1560 1056 ψαλμῷ
1569 1028 1576 1035 ’
1588 1029 1597 1044 ι
1611 1017 1764 1054 Μνήσθητι,
1775 1015 1875 1050 Κύριε,

1086 1072 1133 1099 τοῦ
1147 1060 1228 1098 sum;
1238 1072 1284 1098 καὶ
1298 1070 1388 1104 πάσης
1401 1068 1449 1103 τῆς
1460 1067 1613 1103 πραότητος
1624 1063 1720 1091 αὑτοῦ·
1731 1062 1769 1093 ὡς
1783 1060 1876 1096 ὤμοσε

1087 1119 1126 1154 τῷ
1144 1118 1249 1153 Κυρίῳ,
1264 1115 1364 1151 ηὔξατο
1380 1114 1419 1150 τῷ
1429 1113 1489 1148 Θεῷ
1511 1111 1616 1139 Ἰακώὸ.
1634 1111 1666 1136 Εἰ
1686 1107 1877 1142 εἰσελεύσομαι

1087 1153 1127 1197 εἰς
1157 1164 1287 1200 σκήνωμα
1302 1162 1377 1189 οἴκου
1394 1169 1455 1196 μου,
1475 1161 1499 1186 εἰ
1516 1159 1684 1194 ἀναϐήσομαι
1712 1153 1877 1202 ἐπὶ-κλίνης

1089 1211 1233 1248 στρωμνῆς
1265 1218 1325 1245 μου,
1346 1209 1370 1235 εί
1390 1207 1468 1234 δώσω
1481 1207 1564 1233 ὕπνον
1578 1206 1633 1236 τοῖς
1647 1202 1797 1238 ὀφθαλμοῖς
1824 1207 1875 1234 μου

1088 1245 1135 1286 καλ
1147 1245 1201 1290 τοῖς,
1212 1245 1361 1293 βλεφάροις
1381 1263 1432 1290 μου
1445 1252 1610 1288 νυσταγμὸν,
1630 1250 1682 1281 ἓως
1696 1247 1727 1276 οὗ
1742 1247 1815 1283 εὕρω
1830 1245 1878 1272 τὸο

1089 1313 1138 1332 πον
1154 1304 1193 1339 τῷ
1208 1302 1313 1338 Κυρίῳ,
1332 1301 1462 1337 σκήνωμα
1475 1299 1515 1334 τῷ
1531 1297 1591 1333 θεῷ
1616 1294 1722 1323 Ἰακώϐ.
1741 1303 1750 1320 ›

1123 1404 1153 1431 δ’.
1168 1403 1260 1435 Οὕτως
1273 1403 1301 1430 δέ
1316 1401 1389 1437 αὐτῷ
1400 1401 1540 1436 εὐξαμένῳ
1547 1399 1594 1425 καὶ
1607 1393 1878 1429 διαῦεόαιωσαμένῳ,

1088 1452 1130 1479 ὃτι
1149 1451 1185 1486 μὴ
1208 1450 1340 1485 πρότερον
1368 1447 1531 1482 ἁναὸἠσεται
1554 1445 1600 1471 ἐπὶ
1616 1443 1714 1488 κλίνης
1733 1439 1879 1488 στρωμνῆς

1088 1485 1184 1529 αὐτοῦς
1203 1497 1243 1523 ὅτι
1258 1504 1287 1522 τε
1301 1495 1351 1521 οὐκ
1365 1492 1548 1520 εἰσελεύσεται
1571 1491 1611 1522 εἰς
1629 1488 1674 1515 τὸν
1689 1485 1763 1514 οἷκον
1779 1485 1878 1515 αὑτοῦ,

1088 1543 1136 1570 καὶ
1153 1542 1192 1568 ἔτι
1207 1541 1237 1568 οὐ
1254 1540 1333 1567 δώσει
1350 1540 1405 1571 τοῖς
1430 1538 1574 1574 βλεφάροις
1602 1534 1684 1562 αὑτοῦ
1709 1530 1878 1565 νυσταγμὺν,

1089 1589 1141 1620 ἕως
1150 1585 1180 1614 οὗ
1193 1587 1261 1624 εὕρῃ
1279 1587 1325 1613 τὸν
1345 1585 1476 1621 μέλλοντα
1489 1583 1535 1610 τοῦ
1550 1582 1654 1618 Κυρίου
1665 1581 1756 1612 τόπον,
1771 1578 1879 1605 δείκνυ-

254 1641 338 1660 unum.
359 1632 506 1668 Propterea
530 1637 592 1668 post
614 1634 674 1668 ejus
696 1641 804 1668 precem
827 1634 845 1660 ii
871 1634 918 1669 qui
944 1642 1036 1662 secum

1091 1644 1132 1662 σιν
1143 1635 1157 1660 ὁ
1171 1634 1273 1670 Κύριος
1283 1632 1358 1667 αὐτῷ
1371 1632 1420 1666 τὴν
1435 1628 1572 1665 Βηθλεέμ⁹
1588 1627 1635 1677 δι.ίί
1647 1625 1716 1677 μετα
1795 1623 1880 1658 εὐχὴν

252 1683 333 1706 orant
348 1678 435 1705 sancti
451 1678 539 1713 angeli
556 1678 602 1706 Dei
617 1678 720 1706 addunt
739 1688 746 1705 :
766 1688 775 1704 ι
793 1678 862 1706 Ecce
881 1679 1037 1707 audivimus

252 1731 312 1750 eam
329 1724 356 1750 in
370 1722 519 1758 Ephratlia.
539 1734 548 1748 ι
567 1723 652 1750 Porro
677 1723 816 1758 Ephratha
846 1722 1038 1752 Bellileliemus

253 1774 303 1800 est,
321 1770 359 1797 uti
374 1773 469 1797 narrat
493 1768 600 1805 Moyses
617 1769 663 1797 ubi
679 1770 717 1796 ait
731 1779 737 1796 :
757 1779 765 1795 ι
781 1769 886 1796 Mortua
916 1774 958 1797 est
981 1770 1038 1797 Ra-

252 1815 322 1845 chel,
338 1819 364 1842 et
381 1814 487 1849 Sepulta
506 1817 548 1841 est
565 1814 592 1840 in
609 1814 652 1840 via
667 1820 728 1848 qum
753 1813 829 1840 ducit
855 1813 1036 1847 Ephratliam;

252 1861 312 1896 ipsa
336 1864 378 1888 est
393 1859 585 1888 Bcthlehemus
597 1859 630 1885 ".
653 1869 661 1884 ι
682 1859 735 1887 Sed
750 1863 777 1886 et
792 1858 919 1886 Micha'as
936 1859 1039 1894 prra-

252 1907 327 1934 tham
348 1906 385 1933 ait
404 1914 465 1933 esse
487 1905 690 1933 Bcthlehemum
707 1916 713 1932 :
730 1915 739 1931 ‹
757 1905 789 1932 Et
805 1909 853 1937 ιιι,
880 1905 1037 1933 Bethleliem

253 1953 350 1982 domus
364 1952 516 1987 Eplirathre,
532 1959 702 1986 nequaquam
715 1951 827 1978 minima
840 1957 869 1978 es
895 1952 920 1978 in
937 1951 1039 1986 princi-

252 2000 333 2035 pibus
345 1998 464 2026 .1υ‹1ω“.
485 2007 494 2024 ι
516 1997 617 2024 Deinde
628 2001 687 2024 orat
717 1997 799 2024 David
828 2004 881 2024 non
904 1998 992 2024 solum
1009 2002 1038 2024 ut

253 2048 399 2080 cognoscat
417 2043 524 2070 Domini
535 2043 636 2074 locum,
654 2042 702 2070 sed
720 2044 802 2070 etiam
829 2043 938 2070 ubinam
969 2043 1039 2070 futu-

253 2100 315 2119 rum
343 2091 380 2119 sit
401 2089 607 2118 tabernaculum
631 2089 700 2124 ejus.
727 2088 945 2116 Tabernaculum
971 2097 1038 2116 vero

254 2142 318 2166 sunt
336 2137 440 2165 exuviae
459 2140 486 2164 ct
515 2143 626 2171 corpus,
650 2135 722 2170 quod
754 2136 804 2163 sibi
837 2135 882 2162 Dei
920 2135 1037 2162 Verbum

253 2184 359 2212 ascivit.
377 2182 409 2210 Et
427 2182 460 2210 de
484 2183 544 2210 loco
557 2182 666 2217 quidem
689 2185 762 2209 recte
788 2180 1038 2216 przenuntiarerunt

253 2231 376 2260 dicentes
392 2238 399 2256 :
415 2237 424 2254 ι
446 2227 516 2256 Ecce
531 2228 686 2254 audivimus
700 2235 759 2254 eam
776 2227 803 2253 in
820 2225 1000 2261 Epitratlta“.
1026 2235 1034 2251 ι

253 2276 290 2304 De
315 2274 491 2303 tabernaculo
512 2277 601 2301 autem
621 2281 683 2301 mox
718 2273 888 2307 subjiciunt:
904 2282 913 2298 ι
932 2271 1037 2299 Juravit

1093 1680 1284 1716 συνευξάμενοι
1302 1678 1377 1713 αὐτῷ
1399 1677 1465 1713 ἱεροὶ
1486 1675 1594 1710 ἄγγελοι
1618 1672 1684 1700 Θεοῦ
1707 1671 1880 1704 ἐπιλέγουσιν

1092 1728 1169 1763 ἑξῆς·
1184 1737 1193 1752 ι
1213 1726 1278 1753 Ἰδοὺ
1287 1725 1442 1760 ἠκούσαμεν
1458 1722 1540 1757 αὐτὴν
1559 1722 1587 1747 ἐν
1603 1717 1732 1754 Ὲφραθᾷ.
1749 1727 1758 1742 ι
1772 1715 1881 1763 λΊ-ξφρα-

1092 1760 1172 1799 esse:
1191 1773 1264 1798 ἐστιν
1281 1769 1440 1806 ὴΒηθλεὲμ,
1457 1767 1495 1799 ὠς
1515 1766 1617 1801 ἱστορεῖ
1632 1762 1751 1797 Μωῡσῆς
1772 1760 1880 1794 λέγων’

1095 1829 1103 1843 ι
1120 1817 1252 1844 Ἀπέθανε
1263 1816 1290 1842 δὲ
1323 1814 1434 1850 Ῥαχὴλ,
1455 1813 1502 1840 καὶ
1524 1811 1610 1846 ἐτάφη
1621 1811 1650 1836 ἐν
1663 1808 1715 1844 ὁδῷ
1738 1806 1878 1842 Ἐφραθᾶ·

1092 1865 1160 1899 αὕτη
1174 1863 1232 1890 ἐστὶ
1252 1861 1386 1897 Βηθλεέμ.
1416 1871 1426 1886 ι
1453 1858 1532 1886 Ἀλλὰ
1548 1857 1595 1884 καὶ
1607 1855 1726 1891 Μιχαίας
1742 1853 1809 1899 φησι
1830 1852 1881 1899 τῂν

1099 1898 1218 1946 Ἐφραῦὰ
1233 1906 1303 1935 εἶναι
1322 1907 1455 1943 Βηθλεέμ,
1473 1905 1576 1939 λέγων·
1597 1913 1606 1928 ι
1626 1901 1681 1929 Καὶ⁸
1697 1901 1742 1933 σὺ,
1758 1898 1882 1946 Βηθλεὲμ

1092 1944 1164 1989 οἶκος
1177 1956 1223 1983 τοῦ
1242 1954 1374 1990 Ἐφραθᾶ,
1387 1951 1512 1987 οὐδαμῶς
1524 1949 1549 1977 εἷ
1562 1949 1690 1984 ἐλαχίστη
1701 1947 1730 1974 ἐν
1744 1947 1802 1977 τοῖς
1819 1944 1881 1980 ἡγε-

1094 2003 1172 2038 μόσιν
1188 2001 1282 2028 Ἰούδα.
1305 2010 1314 2026 ι
1328 1998 1394 2026 Εἶτα
1408 1998 1540 2031 ἐπεύξατο
1555 1997 1569 2023 ὁ
1584 1994 1665 2022 Δαῦὶδ
1684 1994 1715 2020 οὗ
1737 1993 1817 2028 μόνον
1835 1990 1882 2017 τὸν

1091 2037 1172 2075 τόπον
1188 2047 1288 2082 γνῶναι
1305 2044 1352 2072 τοῦ
1369 2043 1484 2079 Κυρίου,
1503 2042 1570 2069 ἀλλὰ
1585 2041 1632 2068 καὶ
1647 2040 1677 2066 τὸ
1690 2039 1823 2074 σκήνωμα
1833 2037 1883 2063 αὑ-

1091 2094 1138 2120 τοῦ
1153 2093 1249 2119 ὁπόθεν
1262 2091 1338 2118 ἔσται
1347 2099 1353 2106 ·
1368 2091 1498 2125 σκήνωμα
1510 2087 1538 2115 δέ
1550 2087 1580 2114 τὺ
1589 2086 1686 2122 σκῆνος
1699 2085 1745 2111 καὶ
1757 2084 1787 2110 τὸ
1802 2082 1883 2118 σῶμα

1091 2141 1105 2167 ὃ
1119 2140 1262 2175 ἀνείληφεν
1275 2139 1290 2164 ὁ
1302 2136 1348 2164 τοῦ
1364 2135 1431 2162 Θεοῦ
1442 2135 1527 2168 Λόγος
1539 2132 1677 2168 τυγχάνει·
1691 2130 1804 2161 εἰκότως
1817 2129 1883 2164 περὶ

1094 2187 1142 2222 μέν
1168 2186 1214 2212 τοῦ
1239 2184 1321 2211 τόπου
1347 2180 1571 2220 προαπήγγειλαν
1601 2179 1754 2219 φήσαντες·
1781 2185 1790 2200 ι
1814 2175 1882 2222 Ἰδοὺ

1092 2232 1248 2267 ἠκούσαμεν
1263 2229 1347 2265 αὐτὴν
1360 2230 1388 2256 ἐν
1410 2227 1540 2263 Ἐφραθᾷ.
1557 2235 1566 2251 ι
1587 2224 1654 2259 Περὶ
1667 2223 1695 2250 δὲ
1713 2221 1760 2248 τοῦ
1775 2220 1882 2267 σκηνὼξ

1094 2287 1177 2315 ματος
1201 2277 1264 2312 ἑξῆς
1276 2276 1446 2310 ἐπιλέγουσιν
1461 2272 1551 2308 αὐτῷ·
1572 2281 1580 2297 ι
1599 2271 1699 2305 Ὠμοσε
1715 2269 1818 2303 Κύρισς
1844 2266 1883 2301 τῷ

254 2323 386 2350 Dominus
414 2321 509 2348 Davidi
534 2320 695 2352 veritatem,
724 2325 751 2346 et
775 2327 830 2346 non
858 2318 1036 2345 frustrabitur

1089 2324 1170 2351 Δαθῖιδ
1186 2323 1324 2358 ἀλήθειαν,
1339 2321 1386 2348 καὶ
1401 2321 1431 2347 οὺ
1451 2319 1488 2355 μὴ
1505 2318 1625 2352 ἀθετήσῃ
1644 2315 1728 2350 αὑτήν
1741 2322 1747 2328 ”
1762 2315 1794 2340 ὲκ
1811 2322 1883 2348 καρ-

252 2369 378 2409 οιψιμιο
403 2368 493 2395 fructu
515 2367 621 2394 ventris
645 2366 683 2393 tui
712 2373 809 2401 ponam
839 2373 921 2400 super
945 2365 1036 2392 sedem

253 2422 337 2443 tuam.
360 2426 369 2442 ι
387 2414 493 2448 Quibus
509 2413 599 2440 verbis
612 2412 776 2439 admonetur
794 2411 878 2439 David
890 2433 898 2444 ,
928 2412 987 2439 fore
1009 2416 1039 2439 ut

255 2462 421 2497 destinatum
445 2460 561 2487 Domino
586 2451 793 2487 tabernaculum
811 2459 916 2487 fructus
942 2460 978 2487 sit
1005 2466 1038 2486 cx

251 2508 311 2543 ejus
327 2508 410 2543 stirpe
427 2506 578 2542 gignendus

623 2575 666 2603 IX.

381 2635 436 2663 Cur
452 2635 546 2662 Ratira:
563 2634 711 2661 meminerit
728 2633 899 2668 evangelista.

288 2694 314 2721 l.
336 2693 436 2727 Quidni
452 2693 532 2720 divus
553 2692 718 2727 Apostolus,
748 2690 795 2726 qui
822 2690 1036 2726 alienigenarum

251 2742 372 2776 gentium
392 2741 564 2768 vocationem
578 2739 677 2775 spiritu
692 2737 859 2774 praevidebat
872 2745 921 2772 per
945 2736 1036 2764 Evan—

253 2787 351 2820 gelium
369 2794 448 2813 suum
465 2786 595 2819 futuram,
612 2785 720 2820 quidni,
737 2785 860 2819 inquam,
880 2784 1039 2818 alienigenae

252 2831 360 2862 feminae
377 2832 566 2860 meminisset?
580 2831 740 2866 Alienigena
763 2838 829 2858 sane
852 2835 911 2857 erat
937 2828 1038 2863 fiutba,

291 2910 312 2925 "
333 2908 407 2942 Psal,
421 2917 511 2944 cum,
528 2910 538 2936 ί
559 2909 584 2936 5.
619 2909 639 2924 δ’
654 2908 720 2936 Cen.
740 2916 819 2941 xxxv,
841 2907 882 2935 l9.

922 2907 942 2923 “"
963 2906 1057 2934 Matth.
1079 2914 1108 2938 ll,
1126 2906 1151 2934 6.

1091 2369 1141 2396 ποῦ
1158 2369 1208 2404 τῆς
1223 2368 1325 2399 κοιλίας
1345 2375 1392 2393 σου
1407 2366 1525 2402 θήσομαι
1540 2363 1585 2390 ἐπὶ
1599 2362 1643 2388 τὸν
1669 2361 1764 2396 θρόνον
1791 2368 1851 2386 σου.
1871 2369 1880 2384 ι

1090 2416 1128 2443 Δι’
1143 2412 1180 2442 ὧν
1197 2414 1350 2440 διδάσκεται
1371 2413 1385 2439 ὁ
1410 2411 1491 2438 Δαϐὶδ
1506 2411 1546 2437 ὅτι
1559 2409 1588 2436 τὸ
1605 2408 1698 2444 μέλλον
1710 2405 1820 2432 ἔσεσθαι
1834 2404 1882 2431 τοῦ

1090 2460 1192 2496 Κυρίου
1208 2460 1354 2494 σκήνωμα,
1373 2458 1387 2484 ὁ
1412 2455 1517 2492 καρπὸς
1530 2453 1564 2490 ἦν
1577 2455 1592 2481 ὁ
1611 2455 1642 2480 ἐκ
1665 2451 1769 2483 κοιλίας
1797 2450 1882 2478 αὐτοῦ

1090 2506 1280 2542 γενησόμενος.

1461 2572 1489 2598 θ,

1089 2632 1141 2659 Διὰ
1155 2632 1183 2658 τί
1201 2631 1256 2665 τῆς
1280 2630 1364 2657 Ῥοὺο
1383 2629 1610 2664 ἐμνημόνευσεν·
1622 2627 1637 2652 ὀ
1651 2622 1880 2659 εὐαγγελιστιὲς.

1125 2692 1159 2716 α’.
1177 2688 1231 2714 Καὶ
1248 2687 1305 2718 πῶς
1328 2688 1377 2713 οὐκ
1400 2685 1512 2722 ἔμελλεν
1533 2685 1547 2712 ὁ
1561 2684 1631 2716 θεῖος
1648 2681 1800 2713 Απόστολος
1811 2700 1818 2711 ,
1832 2680 1882 2714 τὴν

1089 2735 1143 2762 τῶν
1156 2733 1312 2768 ἀλλοφύλων
1331 2732 1416 2759 ἐθνῶν
1435 2732 1531 2766 κλῆσιν
1547 2731 1586 2765 τῷ
1603 2729 1737 2763 πνεύματι
1758 2726 1881 2762 πρηθεω-

1094 2781 1148 2818 ρῶν
1171 2780 1216 2806 διὰ
1231 2779 1278 2806 τοῦ
1295 2779 1395 2805 οἰκείου
1414 2777 1581 2811 Ε’ἷδαγγελίου
1603 2773 1808 2810 γενησομένην,
1832 2771 1881 2806 τῆς

1092 2827 1240 2862 ἀλλοφύλου
1255 2825 1451 2861 μνημονεύειν;
1470 2822 1616 2858 ἀλλόφυλος
1628 2822 1680 2857 γὰρ
1697 2821 1713 2855 ἡ
1738 2819 1816 2846 Tol-9
1835 2818 1881 2846 καὶ

1193 2906 1214 2920 “‘
1236 2903 1307 2932 Psal.
1326 2911 1416 2938 cum,
1436 2903 1461 2930 6.
