2065 3216
194 188 248 217 917

468 186 700 221 ΩΗᾸΕΞἸΊΟΝΕΞ
718 185 949 215 ΕνΑΝῦΕΙΛΕΔΕ
969 187 982 213 Α

1035 185 1253 214 5ΤΕΡΗΑΝΗΜ.
1274 201 1309 206 —
1327 184 1492 219 ρυΑῑεΤιο
1510 185 1546 212 Χ.

1763 185 1817 214 918

194 249 226 282 ιξ
252 248 407 282 ἀλλοφύλων
432 247 486 274 τῶν
512 248 745 284 ἀπηγορευμένων
771 249 846 284 παρὰ
871 249 982 275 Μωῦσεῖ

1035 252 1061 276 et
1085 248 1197 283 quidem
1217 255 1249 276 ex
1266 247 1302 275 iis
1324 248 1488 283 alienigenis
1511 254 1627 282 quorum
1653 248 1819 276 commercio

194 294 364 322 Μωαϐιτῶν·
381 304 390 321 ι
407 294 548 321 Μωαϐῖται
565 294 628 329 γὰρ,
641 294 725 330 φησὶ,
748 295 795 321 καὶ
818 294 980 329 Ἀμμανῖται

194 341 245 367 οὐκ
260 339 455 367 εἰσελεύσονται
471 341 511 371 είς
529 339 689 375 Ἐκκλησίαν
706 340 808 375 Κυρίου
824 340 876 371 ἕως
887 340 982 375 τρίτης

195 386 243 412 καί
254 386 386 420 τετάρτης
400 386 505 419 γενεᾶς,
521 385 567 412 καὶ
579 386 632 417 ἓως
646 385 686 416 εἰς
704 385 751 412 τὸν
767 384 866 412 αἰῶνα·
891 395 899 410 ι
912 385 981 419 πλὴν

195 430 263 456 ἀλλὰ
278 430 324 456 καὶ
335 432 457 466 κρεῖττον
472 429 517 456 τοῦ
532 430 614 464 νόμον
628 430 761 465 γενομένη
773 429 909 465 θεοφιλὴς,
927 430 982 456 εἰσ-

194 477 275 511 ῆλθεν
300 477 340 508 είς
363 477 523 511 Ἐκκλησίαν
544 477 646 512 Κυρίου
657 485 663 491 ·
678 476 793 512 ἐπείπερ
807 477 821 502 ὁ
834 477 914 512 νόμος
927 478 984 507 τοῖς

194 523 223 549 ἐν
237 522 275 558 τῷ
291 522 364 558 νόμῳ
379 522 453 549 λαλεῖ
463 531 469 537 α
490 521 503 548 ι’
516 523 616 558 Δικαίῳ
633 523 661 549 δὲ
674 523 755 557 νόμος
764 523 793 549 οὐ
811 524 907 554 κεῖται,
926 512 982 548 ἀλλ’

193 567 305 601 ἀνόμοις
322 567 368 594 καὶ
378 567 584 600 ἀνυποτάκτοις,
595 568 706 594 ἀσεϐέσι
722 568 768 594 καὶ
782 567 961 604 ἁμαρτωλοῖς.
970 578 978 594 ι

201 612 233 637 Ἡ
250 612 277 638 δὲ
299 611 376 638 Ῥοὺθ
391 612 421 638 οὔ
444 612 569 648 τοιαύτη,
586 614 610 639 εί
628 613 675 639 καὶ
689 613 718 639 τὸ
730 613 809 646 γένος
835 613 982 647 ἀλλόφυλος

193 656 238 693 ἦν,
253 658 392 694 ὑπερϐᾶσα
404 659 432 685 δὲ
446 659 491 685 τὸν
501 659 637 695 διορισμὸν
649 659 695 686 τοῦ
710 660 802 694 νόμου,
818 660 865 686 καὶ
877 659 980 695 εἰσελή-

193 703 274 730 λυθεν
302 705 340 735 είς
367 705 415 739 τὴν
439 705 601 739 Ἐκκλησίαν
616 705 729 739 Κυρίου,
754 705 800 731 καὶ⁸
826 704 872 731 τοῦ
888 705 982 738 γένους

194 751 362 786 ἐχρημάτισε
377 751 422 777 τοῦ
446 751 652 786 Ίσραηλιτικοῦ,
666 751 711 777 καὶ
727 752 755 777 ὲν
766 751 907 786 προγόνοις
919 751 982 778 ἀνα-

194 795 329 831 ληφθῆναι
343 796 390 823 τοῦ
401 796 528 832 Σωτῆρος
541 797 617 832 ἡμῶν
632 797 797 832 κατηξιώθη,
812 797 855 823 διὰ
869 797 916 832 τὴν
929 797 982 823 τῶν

194 841 321 877 τρόπων,
344 843 400 869 ἀλλ’
417 844 446 869 οὺ
465 843 508 870 διὰ
530 843 577 879 τὴν
605 844 651 870 τοῦ
676 842 979 879 σιὸματοςέὺγένειαν·

196 887 263 912 πᾶσί
289 896 317 914 τε
335 889 401 923 ἡμῖν
426 890 482 920 τοῖς
508 888 537 920 ἐξ
562 889 646 915 ἐθνῶν
670 889 828 923 ἀλλοφύλοις
855 890 982 925 μέγιστον

1034 294 1141 330 Moyses
1163 294 1353 325 interdixerat,
1373 301 1471 329 nempe
1487 293 1623 321 Moabitis.
1645 302 1654 319 ι
1673 292 1820 325 Moabitze,

1035 340 1133 375 inquit,
1150 344 1178 368 et
1192 340 1352 368 Ammanitae
1374 347 1429 367 non
1456 340 1598 367 intrabunt
1622 339 1650 367 in
1663 339 1710 367 Dei
1726 339 1821 368 Eccle-

1036 388 1103 414 siam
1121 394 1209 421 usque
1224 387 1257 414 ad
1280 387 1388 413 tertiam
1417 391 1443 414 et
1465 392 1589 421 quartam
1605 386 1820 421 generationem,

1037 433 1090 459 imo
1108 433 1134 460 in
1148 432 1322 460 aeternum".
1342 442 1351 458 ι
1371 431 1425 459 Sed
1443 436 1533 459 tamen
1546 432 1603 459 hac
1616 432 1819 467 obreligionem

1037 485 1113 504 suam
1127 477 1200 504 facta
1223 478 1275 513 legi
1291 478 1416 512 superior
1430 477 1554 512 ingressa
1570 481 1613 505 est
1627 478 1655 504 in
1668 477 1820 505 Ecclesiam

1037 522 1083 549 Dei
1100 532 1105 549 :
1123 522 1254 557 quoniam
1280 523 1322 550 lex
1344 530 1391 550 eos
1405 523 1451 557 qui
1471 522 1524 550 sub
1542 522 1602 557 lege
1614 526 1678 550 sunt
1701 522 1820 558 alloqui-

1037 572 1081 595 tur
1095 578 1101 594 :
1121 577 1130 593 ι
1147 567 1226 595 Justo
1242 573 1332 595 autem
1349 575 1403 595 non
1417 573 1459 595 est
1470 569 1619 596 constituta
1635 569 1689 602 lex,
1711 567 1760 595 sed
1779 568 1821 596 in-

1034 614 1118 648 justis
1133 618 1160 641 et
1172 613 1342 642 refractariis
1358 617 1385 641 et
1399 614 1490 648 impiis
1511 617 1538 641 et
1555 613 1788 648 peccatoribus".
1808 623 1818 640 ι

1036 659 1125 688 Rutha
1143 668 1207 688 vero
1216 668 1270 687 non
1283 664 1343 688 erat
1358 660 1510 695 ejusmodi,
1524 660 1633 688 etiamsi
1656 663 1736 696 gente
1755 660 1821 687 alie-

1037 706 1132 741 nigeua
1147 715 1153 732 :
1170 706 1217 733 sed
1234 713 1411 741 supergressa
1437 705 1505 741 legis
1526 705 1594 733 ﬁnes
1616 705 1645 732 in
1670 704 1822 732 Ecclesiam

1037 751 1083 779 Dei
1100 751 1234 784 introivit,
1252 755 1280 779 et
1303 751 1337 779 de
1353 759 1453 788 genere
1475 751 1569 778 habita
1593 755 1636 779 est
1659 750 1820 783 Israelitico,

1036 801 1118 830 atque
1131 797 1200 824 inter
1212 796 1403 831 progenitores
1413 795 1568 824 Servatoris
1580 796 1668 824 nostri
1678 795 1822 831 dignanter

1036 847 1175 876 assumpta
1193 845 1305 876 propter
1318 848 1436 874 morum,
1455 848 1509 868 non
1532 841 1657 876 corporis
1669 860 1676 873 ,
1693 840 1822 867 nobilita-

1037 892 1089 914 tem
1103 897 1110 914 :
1125 887 1258 922 nobisque
1274 887 1402 915 omnibus
1417 895 1516 923 genere
1528 887 1639 913 ethnico
1651 886 1724 913 natis
1738 885 1823 915 maxi-

195 931 347 967 ὗπόδειγμα
362 934 491 968 κατέστη,
508 933 548 959 ὅτι
568 934 599 968 δὴ
623 934 703 969 ὅμοια
728 934 878 969 πράξαντες
903 935 981 970 αὐτῇ,

1035 941 1107 960 nium
1122 933 1259 968 blijectum
1273 936 1316 960 est
1331 933 1498 968 exemplum,
1515 933 1573 961 fore
1589 936 1619 959 ut
1633 932 1655 960 si
1666 932 1742 966 paria
1757 931 1822 958 huic

194 978 250 1005 τῶν
263 977 326 1005 ίσων
344 978 418 1014 παρὰ
434 978 471 1014 τῷ
482 979 541 1014 Θεῷ
552 979 712 1015 τευξόμεθα.

233 1024 265 1059 β’.
284 1025 402 1056 Εἰκότως
415 1023 460 1052 οὖν
476 1026 524 1061 τὴν
540 1026 592 1052 τῶν
605 1026 759 1060 ἀλλοφύλων
777 1027 872 1063 κλῆσίν
892 1037 921 1054 τε
938 1029 983 1054 καὶ

194 1071 347 1105 εἰσποίησιν
366 1071 469 1106 μέλλων
495 1072 737 1106 εὐαγγελίζεσθαι,
761 1075 794 1108 τῇ
823 1074 983 1109 γενεαλογίᾳ

194 1116 280 1151 αὐτὴν
298 1116 417 1144 τέθεικεν
428 1126 434 1132 ·
449 1118 521 1152 ἡμᾶς
534 1118 597 1149 τοὺς
612 1118 641 1151 ἐξ
660 1118 744 1145 ἐθνῶν
758 1118 921 1154 ἀλλοφύλους
937 1129 983 1155 μο-

195 1163 301 1197 νονουχὶ
313 1162 446 1189 παιδεύων
456 1163 490 1189 δι’
507 1163 602 1198 αὐτῆς,
618 1164 658 1190 ὅτι
672 1164 703 1199 δὴ
724 1164 759 1191 τὰ
777 1165 879 1200 πάτρια
901 1175 984 1192 κατα-

193 1208 329 1240 λιπόντες,
343 1209 454 1241 εἰκότως
469 1210 516 1236 καὶ
530 1210 564 1236 τὰ
580 1210 714 1237 ἀκόλουθα
730 1212 770 1242 εἰς
786 1212 858 1246 ἡμᾶς
874 1212 983 1248 πληρω-
1000 1223 1005 1228 ·

194 1255 308 1290 θήσεται
321 1264 327 1270 ·
344 1255 434 1282 οὐκέτι
451 1255 504 1291 γὰρ
519 1256 548 1282 ὲν
560 1255 718 1290 ἀλλοφύλοις
731 1257 982 1293 καταλεγησόμεθα,

197 1299 251 1326 τύδ’
264 1299 293 1332 ἐξ
307 1300 464 1335 ἀλλοφύλων
478 1301 693 1336 χρηματίσομεν,
707 1302 764 1329 ἀλλ’
778 1303 811 1329 ὲκ
829 1303 876 1330 τοῦ
891 1304 985 1338 ἀληθι-

195 1346 244 1372 νοῦ
268 1346 374 1381 Ἰσραὴλ
395 1346 442 1372 καὶ
467 1346 513 1372 τοῦ
545 1346 609 1372 λαοῦ
626 1346 673 1373 τοῦ
699 1347 799 1383 κλήρου
824 1348 870 1374 τοῦ
897 1348 983 1375 6:05-

195 1392 353 1426 ἀναγκαίως
366 1392 393 1419 δὲ
409 1389 442 1419 αὖ
456 1393 536 1420 πάλιν
551 1393 673 1428 ἐμνήσθη
690 1395 738 1429 τῆς
761 1394 848 1426 Ῥοὺθ,
864 1395 898 1421 τὰ
911 1396 984 1422 αἴτια

195 1437 241 1465 διὰ
252 1437 301 1472 τῆς
315 1438 374 1464 κατ’
391 1438 470 1464 αὑτὸν
487 1438 607 1474 ἱστορίας
625 1439 732 1472 διδάξας
756 1440 817 1467 τίνα
834 1438 868 1476 ἦν
888 1441 920 1467 τὰ.
937 1441 984 1468 λύ-

198 1492 284 1510 σαντα
310 1484 360 1519 τὴν
386 1484 570 1520 ἀπαγόρευσιν
594 1484 640 1511 τοῦ
665 1485 746 1520 νόμου
773 1486 824 1521 τὴν
849 1487 982 1521 φήσασαν,

199 1540 210 1556 ι
231 1530 371 1557 Μωαϐῖται
387 1531 436 1557 οὐκ
460 1531 658 1558 εἰσελεύσονται
676 1533 715 1563 είς
742 1532 904 1567 Ἐκκλησίαν
930 1534 984 1559 Κυ-

198 1575 268 1611 ρίου.
287 1585 297 1601 ι
312 1576 409 1610 Γέγονε
424 1577 508 1611 γὰρὴ
528 1577 668 1609 Μωαϐῖτις
691 1578 727 1608 ὡς
751 1578 850 1614 Ῥαχὴλ
876 1579 923 1605 καὶ
945 1579 982 1611 ὡς

1035 979 1143 1006 feminae
1158 978 1302 1010 faciamus,
1315 986 1408 1013 parem
1428 979 1543 1014 gratiam
1560 987 1575 1005 a
1590 977 1646 1005 Deo
1659 977 1820 1006 referamus.

1067 1026 1095 1053 2.
1115 1024 1201 1053 Recte
1229 1025 1313 1060 igitur
1337 1026 1385 1060 qui
1409 1025 1624 1058 alienigenarum
1649 1024 1821 1052 vocationem

1034 1074 1115 1105 atque
1131 1070 1304 1105 adoptionem
1317 1070 1494 1098 nuntiaturus
1505 1075 1575 1103 erat,
1593 1070 1665 1097 hanc
1678 1070 1705 1097 in
1722 1077 1822 1105 genea-

1035 1115 1106 1149 logia
1129 1115 1273 1142 mulierem
1299 1115 1407 1150 posuit;
1422 1123 1471 1143 nos
1499 1123 1533 1143 ex
1558 1115 1720 1151 alienigenis
1745 1119 1822 1144 ortos

1034 1161 1236 1196 quodammodo
1248 1170 1296 1196 per
1311 1170 1370 1190 eam
1389 1162 1518 1190 erudiens
1534 1162 1593 1190 fore
1606 1166 1653 1195 ut,
1680 1163 1703 1190 si
1717 1162 1822 1197 patrios

1034 1215 1124 1235 mores
1143 1207 1311 1240 deseramus,
1321 1207 1386 1243 jure
1398 1209 1501 1244 optimo
1512 1213 1697 1237 consentanea
1715 1209 1822 1236 meritis

1035 1254 1105 1281 bona
1118 1262 1321 1290 consequamur
1340 1263 1347 1282 :
1366 1263 1454 1290 neque
1466 1255 1540 1283 enim
1562 1255 1668 1282 diutius
1691 1255 1822 1291 alienige-

1036 1301 1079 1328 nis
1095 1302 1348 1335 annumerahimur,
1363 1310 1452 1336 neque
1471 1302 1515 1330 his
1535 1301 1644 1328 oriundi
1671 1301 1821 1337 appellabi—

1036 1353 1107 1378 mur,
1123 1346 1171 1373 sed
1190 1354 1223 1374 ex
1236 1354 1301 1373 vero
1316 1345 1417 1374 lsraele
1440 1353 1471 1373 ac
1486 1346 1588 1381 populo
1605 1346 1652 1381 qui
1674 1350 1716 1374 est
1735 1345 1823 1374 haere-

1035 1391 1107 1419 ditas
1129 1383 1245 1419 Domini.
1265 1391 1372 1420 Rursus
1396 1393 1556 1420 necessario
1580 1391 1679 1421 Ruthte
1697 1391 1823 1419 meminit

1036 1438 1210 1472 evangelista,
1229 1437 1292 1465 dum
1305 1438 1333 1465 in
1346 1438 1462 1465 historia
1474 1446 1523 1466 sua
1541 1446 1640 1466 causas
1657 1438 1751 1471 tradit,
1761 1446 1822 1473 qua:

1036 1482 1104 1517 legis
1131 1483 1264 1510 tollebant
1293 1483 1468 1512 interdictum
1494 1484 1651 1519 ejusmodi:
1671 1495 1679 1510 ι
1697 1483 1823 1512 Moabitae

1037 1535 1091 1555 non
1115 1529 1257 1557 intrabunt
1282 1530 1309 1556 in
1331 1529 1484 1557 Ecclesiam
1508 1530 1566 1558 Dei.
1584 1541 1594 1557 ι
1611 1531 1725 1559 Femina
1748 1532 1822 1560 enim

1037 1574 1164 1602 Moabitis
1180 1575 1213 1602 ad
1230 1575 1415 1603 conditionem
1427 1577 1538 1604 transiit
1553 1576 1681 1605 Rachelis
1705 1582 1733 1605 et
1754 1578 1819 1609 Lim.

195 1621 274 1653 Λεία,
292 1621 319 1647 αἳ
334 1621 511 1657 ᾠκοδόμησαν
530 1623 682 1658 ἀμφότεραι
699 1624 743 1650 τὸν
760 1623 832 1651 οἷκον
856 1625 963 1660 Ἰσραήλ
976 1634 982 1639 “

1035 1627 1151 1655 quarum
1178 1625 1293 1656 utraque
1317 1621 1462 1649 aediﬁcavit
1484 1622 1595 1649 domum
1619 1623 1738 1651 lsraelis.
1766 1624 1822 1651 Cur

196 1667 258 1698 πῶς
271 1667 299 1694 δὲ
314 1667 374 1702 οὐχὶ
387 1669 520 1703 χρήσιμος
535 1667 568 1703 ἦν
582 1671 615 1704 τῇ
625 1669 671 1696 τοῦ
693 1670 818 1707 Σωτῆρος
836 1671 912 1706 ἡμῶν
933 1672 984 1707 ’1η-

197 1713 246 1739 σοῦ
260 1713 375 1749 Χριστοῦ
394 1715 554 1750 γενεαλογίᾳ
569 1716 585 1750 ἡ
604 1717 696 1752 μνήμη
714 1717 761 1752 τῆς
780 1717 869 1749 Ῥοὺθ,
885 1718 928 1751 ἐφ’
941 1718 983 1753 ,ἣν

196 1757 305 1793 εἴρηται
322 1767 330 1783 ι
344 1758 390 1784 καὶ
407 1758 437 1785 τὸ
457 1759 567 1794 ποιῆσαι
580 1760 692 1795 δύναμιν
710 1761 738 1786 ἐν
758 1760 889 1796 Ἐφραθᾷ,
908 1760 984 1787 ἔσται

195 1803 282 1838 ὄνομα
296 1804 324 1829 ἐν
332 1803 454 1839 Βηθλεέμ
466 1813 473 1836 ;
487 1815 496 1830 ι
508 1805 671 1840 προφητείας
679 1805 733 1841 γὰρ
749 1805 876 1841 ἄντικρυς
884 1807 983 1838 ταύτας

196 1849 309 1881 εἰκότως
323 1850 355 1876 ἄν
371 1859 413 1882 τις
426 1851 493 1885 φαίη
508 1851 659 1885 τυγχάνειν,
675 1852 704 1878 τὸ
718 1853 750 1878 ὲκ
765 1852 887 1887 Βηθλεὲμ
899 1853 983 1887 ὅνομα

195 1895 228 1921 τὸ
240 1895 314 1931 παρὰ
329 1896 367 1931 τῷ
380 1896 509 1932 Ματθαίῳ
521 1898 756 1933 γενεαλογουμὲνῳ
774 1898 860 1933 Ὶησοῦ
875 1899 984 1935 Χριστῷ

195 1941 358 1974 ἐξάκουστον
368 1943 408 1973 εἰς
421 1943 473 1969 πᾶν
484 1943 561 1977 γένος
576 1943 727 1978 ἀνθρώπων
742 1944 862 1980 θεωρῶν,
877 1945 923 1971 καὶ
935 1945 984 1981 τὴν

196 1987 226 2013 ὲν
258 1987 377 2023 Ἑφραθᾷ
402 1989 549 2024 γενομένην
576 1989 709 2024 δύναμιν·
736 1989 817 2026 δι’ἧς
844 1991 983 2026 δυνάμεως

196 2031 287 2060 πάντα
310 2032 343 2059 τὰ
358 2033 420 2068 ἔθνη
437 2034 482 2060 τὸν
501 2035 532 2060 ἐκ
555 2035 604 2070 τῆς
637 2035 713 2062 Ῥοὺθ
740 2037 984 2072 γενεαλογούμενον

196 2078 314 2114 Χριστὸν
330 2078 376 2105 τοῦ
393 2079 460 2105 Θεοῦ
475 2081 628 2114 ἐπιγνόντα,
649 2082 684 2108 δι’
704 2082 784 2108 αὑτοῦ
801 2083 850 2117 τῆς
870 2083 918 2117 μὲν
932 2092 984 2110 πα-

195 2122 288 2158 τρῴας
301 2124 417 2159 ἀπέστη,
427 2125 476 2160 τῆς
498 2124 574 2152 Ῥοὺθ
593 2127 790 2162 παραπλησίως
802 2147 809 2159 ,
832 2127 870 2162 τῷ
881 2128 909 2154 δὲ
925 2128 984 2164 θεῴ

196 2168 245 2194 τοῦ
269 2169 375 2205 Ἰσραὴλ
388 2170 471 2197 ἑαυτὰ
490 2171 667 2204 ἐπιδέδωκεν,
686 2173 786 2208 ὁμοίως
802 2174 868 2209 αὐτῇ
888 2174 981 2201 πάλιν

197 2210 236 2240 ὧν
264 2214 344 2240 ἓνεκά
363 2224 406 2250 μοι
425 2216 498 2242 δοκεί
520 2217 569 2243 οὐκ
596 2218 785 2252 ἀσυλλόγιστος
801 2220 816 2254 ἡ
835 2219 984 2254 παράθεσις

197 2259 248 2294 τῆς
272 2259 348 2286 Ῥοὺο
362 2261 390 2288 ἐν
407 2263 438 2296 τῇ
459 2262 505 2288 τοῦ
526 2262 664 2290 Ματθαίου
685 2264 865 2299 παρειλῆφθαι
890 2273 984 2298 γενεα-

197 2305 288 2340 λογίᾳ.

196 2418 250 2445 Διὰ
268 2419 296 2445 τί
310 2419 361 2446 τὸν
379 2421 511 2455 Ἰωακείμ
531 2422 674 2460 Vexat-[ur
689 2423 820 2459 ὀνομάζει
834 2427 849 2451 o'
862 2427 982 2460 εὐαγγε-

532 2457 649 2490 λιστής.

233 2513 272 2536 α’.
290 2510 427 2546 Διώνυμος
443 2510 518 2544 οὗτος
531 2511 564 2548 ἦν
575 2521 581 2527 ⁵
594 2513 650 2539 ἀλλ’
663 2514 723 2540 ἐπεὶ
738 2515 807 2540 κατὰ
819 2515 862 2541 τὸν
875 2516 980 2550 προφή-

195 2563 246 2590 την
267 2554 399 2591 Ἰερεμίαν
420 2557 549 2593 Ἰεχονίαςρ
561 2558 719 2594 ὀνομασθεὶς
738 2559 930 2594 διακέκληται,
947 2560 981 2586 δι’

194 2597 233 2626 ὧν
245 2609 335 2635 φησιν,
352 2611 360 2628 ι
373 2603 510 2639 Ἦτιμώθη
526 2605 651 2640 Ἰεχονίας
660 2605 697 2636 ὡς
708 2606 802 2637 σκεῦος
811 2603 840 2632 οὗ
848 2606 897 2633 οὐκ
908 2607 980 2632 ἔστιν

194 2646 278 2672 αὑτοῦ
300 2648 394 2682 χρεία·
416 2649 480 2675 διότι
501 2650 638 2685 ἀπερρίφη
655 2650 735 2682 αὐτὸς
755 2651 801 2677 καὶ
822 2652 851 2677 τὸ
873 2651 982 2686 σπέρμα

193 2693 293 2719 αὺτοῦ-
304 2694 349 2729 γῆ,
362 2695 408 2730 γῆ,
420 2695 500 2722 ἄκουε
511 2695 588 2729 λόγον
597 2696 697 2731 Κυρίου
708 2705 714 2710 ”
727 2697 830 2732 γράψον
841 2697 884 2723 τὸν
899 2697 982 2732 ἄνδρα

193 2738 289 2766 τοῦτον
302 2741 469 2776 ὲκκήρυκτον
480 2762 486 2774 ,
509 2742 549 2768 ὅτι
564 2742 594 2768 οὺ
614 2743 651 2778 μὴ
670 2743 771 2778 ἀναστῇ
791 2744 822 2769 ἐκ
838 2743 882 2769 τοῦ
900 2744 982 2778 σπερ-

195 2792 281 2818 ματος
296 2785 377 2812 αὐτοῦ
390 2786 543 2822 καθήμενος
556 2787 602 2813 ἐπὶ
619 2787 712 2823 θρόνου
726 2787 808 2814 Δαῦὶδ
817 2808 823 2819 ,
838 2787 928 2823 ἄρχων
942 2788 981 2814 ἔτι

194 2829 225 2854 ὲν
239 2829 277 2863 τῷ
299 2829 398 2865 Ἰούδα·
411 2841 419 2856 ι
436 2831 482 2857 καὶ
497 2831 588 2867 ἐπειδὴ
604 2832 706 2858 τούτων
720 2832 800 2858 ἕνεκα
818 2832 916 2867 συνέϐη
933 2832 980 2867 τὴν

234 2906 255 2922 ³⁸
276 2906 351 2934 Deut.
371 2915 454 2939 χχιιι,
474 2908 513 2941 5;
534 2907 630 2936 llEsdr
661 2917 723 2942 xm,
745 2910 768 2937 Ι,

807 2911 827 2925 ³⁸⁷
848 2908 942 2936 lTini.
964 2918 988 2942 I,
1007 2910 1030 2937 [ἱ.
1070 2911 1101 2927 ¹¹⁷’
1123 2911 1193 2938 Ruth
1214 2919 1249 2938 l\'.
1272 2911 1312 2937 Η,

1036 1669 1127 1693 autem
1141 1674 1196 1693 non
1212 1667 1351 1695 decuisset
1366 1667 1551 1703 genealogiam
1564 1668 1718 1697 Servatoris
1733 1671 1822 1697 nostri

1035 1709 1100 1738 Jesu
1123 1711 1225 1739 Christi
1248 1713 1351 1740 mentio
1378 1712 1496 1740 ιιυιιιωι
1513 1713 1548 1741 de
1572 1721 1626 1748 qua
1642 1718 1669 1741 et
1687 1714 1754 1742 illud
1779 1715 1822 1742 di-

1036 1761 1109 1784 ctum
1136 1757 1188 1784 fuit
1213 1767 1222 1783 (
1242 1758 1333 1786 facere
1357 1759 1487 1787 virtutem
1518 1761 1546 1787 in
1578 1760 1714 1795 Ephratha
1730 1780 1737 1792 ,
1768 1762 1821 1788 erit

1035 1809 1134 1830 nomen
1148 1803 1175 1829 in
1184 1802 1341 1831 Bethlehem
1349 1804 1410 1831 ⁸⁷’.ι
1427 1804 1588 1840 Prophetias
1603 1806 1674 1833 enim
1695 1813 1757 1833 esse
1771 1806 1821 1835 has

1035 1849 1194 1884 perspicuas
1210 1850 1349 1886 quispiam
1364 1851 1453 1886 dicet;
1469 1852 1596 1880 videlicet
1611 1860 1627 1880 e
1645 1852 1820 1880 Bcthlehemo

1036 1902 1134 1922 nomen
1148 1895 1251 1923 Christi
1262 1895 1338 1928 Jesu,
1354 1897 1434 1932 cujus
1442 1898 1627 1933 genealogiam
1646 1899 1733 1926 texuit
1751 1898 1821 1925 Mat-

1036 1939 1132 1973 thzr-us,
1149 1949 1196 1975 per
1211 1943 1356 1969 universas
1371 1948 1465 1977 gentes
1480 1943 1609 1970 ditl‘usum
1625 1951 1753 1975 cernens,
1765 1944 1820 1970 vir-

1036 1989 1176 2021 tutemque
1189 1988 1217 2014 in
1235 1987 1373 2023 Ephratha
1390 1992 1523 2024 patratam
1544 2000 1549 2016 :
1569 1990 1604 2017 ob
1625 1998 1707 2025 quam
1731 1991 1805 2018 virtu

1036 2036 1090 2058 tnm
1105 2040 1201 2060 omnes
1218 2038 1312 2069 gentes
1332 2034 1473 2062 Christum
1497 2034 1543 2062 Dei
1564 2043 1580 2062 a
1600 2034 1697 2062 Rutilae
1722 2043 1820 2070 genere

1035 2077 1181 2104 deductum
1195 2083 1384 2114 agnoscentes,
1393 2080 1515 2114 ejusdem
1527 2087 1610 2107 causa
1621 2088 1636 2106 a
1649 2080 1746 2115 patriis
1759 2081 1820 2107 riti-

1035 2123 1086 2151 bus
1099 2131 1176 2159 mque
1195 2131 1228 2152 ac
1243 2124 1333 2152 Rutha
1347 2130 1531 2158 recesserunt,
1552 2134 1636 2161 seque
1660 2126 1715 2153 Deo
1734 2126 1821 2154 Israe-

1036 2169 1080 2201 lis,
1101 2169 1165 2196 item
1190 2174 1218 2196 ut
1238 2170 1295 2204 illa,
1311 2170 1492 2198 tradiderunt.
1516 2171 1591 2204 Quas
1615 2171 1649 2198 ob
1674 2179 1717 2199 rcs
1746 2171 1820 2199 haud

1036 2220 1138 2243 temere
1152 2216 1220 2242 mihi
1233 2216 1340 2244 videtur
1355 2217 1388 2244 ad
1405 2217 1506 2245 Christi
1519 2218 1704 2254 genealogiam
1717 2218 1821 2246 mentio

1038 2260 1132 2288 lluthae
1143 2261 1260 2297 adjecta.

1410 2363 1442 2390 Χ.

1034 2420 1089 2447 Cur
1109 2419 1259 2446 Joacimum
1279 2421 1382 2447 nomine
1401 2420 1534 2448 lea/mnia:
1556 2421 1726 2456 appellaverit
1741 2428 1819 2447 evan-

1370 2456 1474 2489 geliata.

1070 2512 1093 2539 1.
1116 2511 1265 2539 Binomiuis
1280 2511 1324 2538 hic
1334 2516 1400 2538 erat.
1436 2511 1488 2539 Sed
1504 2511 1632 2546 quoniam
1656 2511 1726 2545 apud
1743 2510 1819 2539 Jere—

1032 2557 1115 2584 iniam
1130 2557 1289 2592 prophetam
1304 2558 1337 2588 is,
1360 2566 1406 2592 qui
1421 2557 1567 2585 Jechonias
1581 2557 1732 2591 appellatur
1742 2578 1748 2588 ,
1762 2565 1819 2589 nia-

1033 2603 1131 2630 lcdicto
1147 2602 1284 2638 appetitur
1297 2603 1340 2629 his
1355 2603 1445 2629 verbis
1464 2612 1470 2629 :
1491 2612 1499 2628 ι
1511 2602 1641 2630 Ludibrio
1654 2602 1763 2629 habitus
1777 2606 1820 2629 est

1033 2649 1179 2676 Jechonias
1190 2652 1319 2683 tanquam
1336 2656 1384 2676 vas
1399 2648 1479 2682 cujus
1494 2656 1548 2675 non
1566 2651 1608 2675 est
1626 2655 1703 2675 usus.
1717 2647 1818 2681 Quam~

1033 2696 1126 2722 obrem
1139 2695 1262 2730 abjectus
1277 2698 1319 2722 est
1335 2695 1392 2729 ipse
1408 2699 1434 2721 et
1447 2703 1532 2729 genus
1546 2695 1621 2729 ejus;
1641 2699 1722 2725 terra,
1733 2697 1817 2726 terra,

1034 2742 1096 2769 audi
1113 2749 1265 2769 sermonem
1281 2740 1388 2768 Domini
1408 2751 1413 2767 :
1429 2741 1503 2769 Pone
1518 2741 1589 2768 hunc
1600 2741 1687 2768 virum
1700 2740 1819 2776 proscri-

1034 2794 1120 2822 ptum,
1138 2788 1200 2822 qnia
1217 2795 1270 2814 non
1294 2787 1476 2814 constituetur
1499 2787 1532 2814 de
1548 2795 1646 2822 genere
1663 2787 1722 2822 ejus
1737 2794 1819 2821 super

1033 2833 1159 2860 thronum
1176 2833 1298 2865 Davidis,
1314 2833 1360 2867 qui
1378 2833 1481 2859 diutius
1501 2833 1527 2859 in
1542 2831 1612 2859 Juda
1626 2832 1739 2868 imperet
1754 2832 1777 2848 ⁸⁸
1789 2839 1795 2864 ;
1806 2840 1816 2856 ι

1352 2910 1373 2926 ⁵⁸
1393 2910 1445 2938 Jt'l‘.
1467 2919 1539 2943 xui,
1556 2910 1590 2938 ‘28
1607 2911 1652 2937 50.
