2065 3216
267 145 320 173 925
600 137 733 171 EUSEBll
751 143 993 171 CAESARIENSlS
1012 143 1087 171 OPP.

269 202 366 229 luisset
377 221 384 232 ,
408 200 532 235 speciose
552 199 627 225 hunc
650 199 750 233 aliquis
765 199 994 234 reprehenderet,
1008 208 1058 227 ceu
1073 203 1095 231 Α

268 249 315 283 qui
333 255 426 283 regum
443 246 540 274 seriem
557 245 723 280 abrupisset.
751 246 896 273 Constanti
918 245 991 272 enim
1020 246 1060 274 af-

271 295 423 321 ﬁrmatione
440 293 466 319 in
475 291 579 328 Regum
595 292 674 320 libris
690 297 715 319 et
729 293 755 319 in
769 291 985 327 Paralipomenis
1000 297 1061 328 post

268 339 408 367 Joramum
418 338 560 373 Josaphati
577 338 662 365 ﬁlium
678 341 734 366 tres
748 338 920 372 continenter
934 343 1060 374 regnant,

270 385 423 417 chozias,
446 383 546 412 Joasus
570 388 598 411 et
617 383 742 412 Amesias
763 393 769 411 :
788 384 888 419 quibus
913 385 1063 412 succedunt

270 430 361 462 Ozias,
376 428 538 456 Joathamus
552 433 579 456 et
592 428 729 456 Achazus.
748 427 1064 464 Nihilominus,praater-

270 476 364 503 missis
394 475 562 510 evangelista
591 474 678 501 tribus
694 475 842 510 prioribus,
861 474 971 502 Joramo
982 474 1062 502 Josa—

271 520 346 556 phati
366 520 421 548 lilio
432 520 523 547 statim
539 520 676 547 subnectit
691 520 795 553 Oziam,
809 520 966 548 Jothamum
983 526 1063 556 atque

271 566 422 598 Aehazum,
445 565 624 593 intermedios
639 565 700 593 illos
719 567 889 600 praeteriens.
920 565 948 593 ld
965 566 1006 599 si,
1022 566 1064 593 in.

272 619 365 646 quam,
379 610 488 638 fecisset
505 618 567 637 cum
585 618 679 645 regum
697 611 795 638 seriem
813 614 906 639 texere
927 611 1064 640 decrevis-

273 661 326 688 set,
351 657 489 691 scriptura
509 656 569 691 ejus
583 655 713 683 mendosa
735 656 936 691 quodammodo
959 657 1063 685 videre-

274 710 330 734 tur.
348 701 426 730 Nunc
441 709 537 729 revera
548 701 621 728 haud
637 702 832 730 successiones
847 702 896 730 sed
912 703 1064 738 generatio-

275 756 323 775 nes
338 755 501 775 enumerare
515 748 567 775 sibi
586 747 728 783 proposuit
747 757 753 774 :
771 747 822 775 hoc
841 748 914 775 enim
930 748 1067 784 signiﬁcat

274 801 366 820 sermo
380 793 498 820 dicentis
519 802 525 819 ε
552 802 561 818 ι
580 792 681 820 Omnes
703 793 796 828 itaque
822 795 1014 828 generationes
1032 795 1066 822 ab

275 830 431 864 Abrahamo
446 845 534 872 usque
548 836 582 863 ad
603 836 734 865 Davidem
746 856 753 870 ,
776 838 967 872 generationes
994 847 1060 873 qua«

1109 143 1200 172 PARS
1220 143 1261 172 Ill.
1279 160 1313 164 —
1331 142 1535 172 EKEGETICA.
1845 142 1900 169 99.5

1110 201 1157 227 καὶ
1173 200 1291 235 εὐλόγως
1307 209 1349 233 τις
1363 200 1506 236 ἐμέμψατο
1521 200 1559 232 ὼς
1575 199 1769 234 παρεκθεμένῳ
1785 199 1834 235 τὴν
1846 199 1901 225 τῶν

1112 247 1244 282 βασιλέων
1254 247 1378 282 διαδοχήν
1390 255 1397 261 ·
1410 248 1439 272 ἐν
1448 247 1502 281 γὰρ
1511 247 1572 278 ταῖς
1579 245 1731 277 Βασιλεῐαις
1742 245 1789 272 καὶ
1801 246 1830 271 ἐν
1843 246 1901 275 τοῖς

1112 291 1360 327 Παραλειπομὲνοις
1369 291 1436 326 (ΙΤ)
1446 290 1596 326 συμφώνως
1605 291 1673 326 μετὰ
1685 291 1785 325 Ἰωρὰμ
1796 291 1842 316 τὸν
1852 289 1901 316 τοῦ

1118 338 1263 373 Ἰωσαφὰτ,
1279 337 1362 373 τριῶν
1383 336 1480 373 ἐφεξῆς
1498 337 1712 372 βασιλευσάντων
1734 336 1840 372 Ὀχοζία
1855 337 1902 362 καὶ

1118 384 1193 416 Ἰωὰς
1202 385 1250 411 καὶ
1267 384 1390 419 Ἀμεσία,
1398 381 1457 410 εἶτα
1467 385 1523 419 μετ’
1532 383 1627 414 αὐτοὺς
1641 383 1716 414 Ὀζία
1724 383 1770 409 καὶ
1785 382 1904 417 Ἰωάθαμ

1114 431 1160 458 καὶ
1171 430 1267 466 Ἄχας,
1278 429 1418 466 παρελθὼν
1426 430 1489 461 τοὺς
1496 430 1642 465 προτέρους
1648 430 1711 459 τοὺς
1718 430 1793 464 τρεῖς
1802 429 1904 462 65517-

1113 478 1249 513 γελιστὴς,
1258 477 1327 512 μετὰ
1339 476 1440 512 Ἰωρὰμ
1451 476 1496 502 τὸν
1503 476 1548 502 τοῦ
1561 475 1694 509 Ἰωσαφὰτ
1701 475 1763 510 ἑξῆς
1772 474 1904 501 συνάπτει

1113 525 1158 552 τὸν
1166 525 1256 557 Ὀζίαν
1270 524 1316 550 καὶ
1329 523 1373 550 τὸν
1381 523 1499 558 Ἰωάθαμ
1511 522 1555 549 καὶ
1564 522 1607 548 τὸν
1618 522 1715 557 Ἃχαζ,
1723 522 1785 552 τοὺς
1793 521 1907 556 εἰρημέ-

1114 581 1175 604 νους
1193 571 1292 607 μεταξὺ
1307 570 1448 606 παρελθών
1459 579 1466 584 ·
1481 569 1559 596 τοῦτο
1573 569 1595 595 δ’
1610 570 1633 595 εξ
1648 569 1792 604 πεποιήκει
1804 569 1908 595 σκοπὸν

1115 618 1226 653 Θέμενος
1240 618 1289 652 τὴν
1311 617 1366 643 τῶν
1381 616 1512 652 βασιλέων
1533 615 1656 651 διαδοχὴν
1678 615 1817 647 ἐκθέσθαι,
1838 616 1909 650 χρῆν

1114 664 1152 695 ὼς
1166 663 1362 699 ήμαρτημὲνην
1384 662 1510 689 ἐκθέσθαι
1534 661 1583 696 τὴν
1605 662 1671 696 παρ’
1686 660 1761 696 αὺτῷ
1778 662 1889 695 γραφήν
1901 669 1909 675 ·

1116 710 1209 745 ἐπειδὴ
1225 709 1252 735 δὲ
1266 709 1296 735 οὺ
1315 708 1450 743 διαδοχὰς,
1465 707 1533 734 ἀλλὰ
1546 707 1642 742 γενεὰς
1655 707 1807 743 ἀριθμῆσαι
1829 707 1914 741 1:993—

1117 755 1186 787 οετο,
1200 755 1278 781 τοῦτο
1289 754 1343 790 γὰρ
1358 755 1372 780 6
1384 754 1461 788 λόγος
1473 753 1546 788 αὑτῷ
1561 753 1682 788 βούλεται
1695 754 1813 788 φήσαντι
1830 762 1839 778 α
1855 753 1913 779 Πεῖ-

1118 810 1162 828 σαι
1175 800 1220 827 οὖν
1237 801 1265 827 αἱ
1281 800 1374 834 γενεαὶ
1391 799 1444 826 ἀπὸ
1463 798 1588 834 Ἀϐραὰμ
1604 798 1683 833 μέχρι
1706 797 1797 829 Δαϐὶδ,
1817 797 1914 830 γενεαὶ

1117 848 1331 883 δεκατέσσαρες·
1346 847 1394 873 καὶ
1411 846 1489 873 πάλιν
1506 845 1560 872 ἀπὸ
1580 845 1661 871 Δαῆὶδ
1683 844 1764 880 μέχρι
1788 844 1914 879 Ἰεχονίου

275 883 426 910 tuordecim
442 893 448 909 :
464 890 614 918 rursusque
628 890 642 909 a
652 882 753 911 Davide
765 891 851 918 usque
864 885 897 911 ad
906 883 1066 912 Jechoniam

1122 894 1165 921 καὶ
1188 894 1238 929 τῆς
1255 892 1430 929 μετοικησίας
1453 891 1622 924 Βαϐυλῶνος,
1635 891 1728 926 γενεαὶ
1747 890 1916 918 δεκατέσσα-

276 937 324 956 seu
338 927 372 955 ad
390 928 583 964 Babylonicam
606 929 875 964 transmigrationem
888 951 896 964 ,
914 931 1067 966 generatio-

275 981 325 1001 nes
349 973 556 1009 quatuordecim
576 983 585 1000 ι
611 982 666 1001 non
691 975 883 1003 successiones
898 976 1066 1011 quatuorde—

276 1020 346 1053 cim;
363 1019 461 1046 merito
474 1020 559 1055 igitur
570 1020 644 1047 omni
654 1021 869 1056 reprehensione
880 1022 993 1049 carebit.
1008 1022 1068 1050 Jam

276 1065 340 1100 quia
350 1065 495 1093 ltlatthzeus
511 1066 718 1093 successionum
734 1067 843 1094 nomine
859 1075 914 1094 non
928 1072 971 1096 est
985 1076 1067 1102 usus;

276 1119 371 1147 regum
385 1115 475 1139 autem
489 1112 603 1140 historia
619 1117 646 1140 et
657 1112 866 1147 Paralipomena
880 1114 1069 1142 successiones

277 1161 391 1183 narrant
404 1164 458 1185 non
470 1158 672 1193 generationes,
683 1158 758 1185 nulla
774 1159 802 1186 in
816 1159 916 1187 horum
931 1167 1072 1195 compara-

278 1202 352 1230 tione
367 1211 457 1239 pugna
470 1208 594 1239 apparet.

311 1247 338 1274 2.
348 1249 404 1284 Age
416 1257 480 1276 vero
487 1250 672 1285 generationis
680 1251 790 1278 nomine
798 1251 935 1286 appellare
945 1259 999 1278 non
1007 1251 1070 1278 licet

280 1294 400 1321 hominis
419 1298 538 1327 aetatem,
549 1296 678 1329 quoniam
691 1304 762 1332 sape
779 1297 878 1324 accidit
892 1297 952 1324 aliis
963 1297 1071 1332 quidem

278 1339 397 1367 breviter
407 1340 499 1368 vivere
509 1341 688 1377 celeriterque
699 1341 836 1377 exstingui
844 1346 924 1370 aetate
935 1342 1053 1370 infantiﬁ
1063 1352 1070 1375 ς

279 1384 342 1412 aliis
357 1393 445 1420 usque
459 1385 492 1413 ad
511 1386 654 1421 pueritiam
671 1387 781 1421 venire;
795 1389 856 1416 aliis
874 1389 906 1415 ad
916 1389 1071 1423 juventam;

280 1429 342 1457 aliis
356 1431 388 1457 ad
402 1431 509 1458 virilem
525 1436 632 1459 aztatem
649 1441 656 1466 ;
671 1432 732 1460 aliis
747 1433 867 1468 denique
881 1434 914 1461 ad
924 1438 1073 1461 extremam

281 1483 369 1510 usque
379 1480 516 1504 senectam
524 1477 605 1504 vitam
617 1477 777 1512 producere.
787 1479 873 1512 Quam
886 1486 949 1507 vero
958 1480 1074 1506 mstima-

280 1528 310 1548 re
322 1520 385 1556 licet
395 1521 759 1557 generationem?siquidem
772 1524 842 1551 alius
855 1524 920 1551 vivit
936 1532 1023 1559 usque
1036 1525 1069 1551 ad

280 1566 417 1593 decimum
429 1574 541 1600 annum,
552 1568 623 1596 alius
638 1568 671 1596 ad
683 1569 854 1602 vicesimum,
863 1570 934 1597 alius
947 1570 979 1597 ad
995 1570 1071 1605 quin-

282 1612 483 1647 quagesimum,
500 1613 570 1640 alius
586 1621 673 1648 usque
685 1614 719 1641 ad
734 1615 983 1650 septuagesimum;
1001 1614 1072 1641 alius

281 1657 399 1692 denique
419 1658 463 1684 vel
485 1658 666 1685 centesimum
694 1660 868 1694 superavisse
892 1667 993 1686 annum
1017 1667 1072 1687 non

282 1703 354 1738 apud
380 1707 488 1732 veteres
511 1704 611 1737 solum,
635 1713 729 1732 verum
746 1705 828 1732 etiam
846 1706 917 1741 apud
942 1713 993 1734 nos
1008 1713 1074 1733 con-

283 1749 409 1785 spicitur.
436 1749 493 1777 Cur
512 1751 596 1785 igitur
610 1751 771 1778 existimant
792 1751 909 1779 hominis
927 1752 1010 1779 vitam
1026 1760 1074 1787 ap-

282 1795 437 1830 pellandam
461 1803 524 1824 esse
540 1796 762 1835 generationem?
789 1796 842 1824 Sed
860 1804 948 1832 neque
969 1801 1074 1832 tempus

284 1849 371 1876 usque
387 1841 420 1868 ad
434 1842 537 1877 prolem
553 1842 642 1877 primo
666 1847 821 1877 susceptam
837 1842 878 1870 sic
892 1843 1030 1879 appellare
1043 1843 1075 1870 li-

284 1889 327 1914 cet
341 1896 348 1913 :
364 1895 483 1922 namque
496 1888 541 1914 alii
556 1892 618 1915 ante
630 1888 718 1916 uitatis
734 1896 835 1915 annum
847 1889 1010 1924 vigesimum
1025 1897 1076 1922 nu:

284 1932 380 1960 bentes
395 1933 509 1967 gignunt
535 1941 542 1961 :
568 1933 614 1960 alii
632 1941 666 1960 ne
686 1938 749 1969 post
773 1934 943 1969 trigesimum
965 1934 1076 1969 quidem

284 1977 373 2005 aatatis
382 1985 483 2005 annum
495 1988 501 2005 :
511 1982 538 2006 et
546 1982 699 2006 coaetaneos
710 1987 819 2017 quoque
831 1980 1007 2012 videas,alios
1015 1980 1076 2015 qui-

286 2024 347 2051 dem
374 2023 401 2050 in
424 2024 512 2058 prima
529 2024 655 2059 genitura
679 2024 769 2052 adhuc
787 2025 980 2058 consistentes,
1007 2026 1076 2053 alios

284 2069 340 2104 jam
365 2071 392 2096 in
409 2074 533 2105 quartam
549 2078 728 2106 progressos;
751 2072 787 2099 ita
804 2076 833 2100 ut
849 2072 1077 2108 quinquagesimo

287 2123 359 2142 anno
372 2116 417 2143 alii
433 2121 545 2152 nepotes
564 2117 682 2149 videant,
712 2118 758 2145 alii
779 2126 843 2146 vero
858 2127 892 2157 ne
905 2118 1076 2153 septuaginta

286 2162 396 2197 quidem
419 2170 552 2190 annorum
570 2164 659 2199 spatio
677 2165 780 2200 prolem
805 2165 889 2192 ullam
916 2164 1078 2191 nanciscen-

287 2213 340 2235 tur.
359 2208 418 2241 Quo
432 2213 512 2244 pacto
525 2209 609 2244 igitur
622 2209 799 2238 numerandae
816 2214 908 2237 essent
923 2209 1076 2245 generatio-

286 2261 346 2286 nes,
361 2261 377 2282 a
391 2255 536 2283 macrobiis
548 2263 582 2282 an
598 2255 632 2283 ab
645 2255 862 2291 oligochroniis?
879 2263 894 2282 a
908 2259 1023 2287 mature,
1040 2263 1075 2282 an

287 2309 303 2328 a
324 2308 386 2328 sero
409 2300 600 2336 gignentibus?
625 2301 660 2328 ab
684 2302 717 2329 iis
743 2301 788 2336 qui
803 2302 831 2328 in
846 2301 932 2337 prima
950 2300 1075 2336 genitura

287 2350 441 2378 versantur,
460 2354 493 2374 an
511 2347 545 2374 ab
556 2347 589 2374 iis
606 2347 709 2382 quibus
722 2346 778 2382 jam
791 2347 884 2382 plures
898 2346 976 2374 liberi
990 2347 1076 2374 sunt?

288 2391 392 2425 Quibus
408 2392 444 2419 ita
461 2393 604 2428 perpensis
627 2393 706 2420 divus
731 2393 908 2428 evangelista,
925 2393 997 2420 haud
1013 2401 1076 2420 suc-

288 2438 426 2465 cessiones
441 2438 563 2466 scribere
576 2438 700 2470 studens,
710 2439 756 2466 sed
773 2439 963 2474 generationes
978 2447 1076 2466 secun-

288 2482 351 2509 dum
365 2484 499 2511 rationem
515 2484 567 2511 sibi
585 2484 752 2519 evploratam
767 2492 931 2512 enumerans
941 2505 948 2517 ,
965 2492 1076 2512 succes-

288 2529 397 2556 sionum
424 2530 567 2558 historiam
591 2531 723 2566 neglexit;
751 2534 791 2557 tot
809 2538 874 2558 vero
898 2530 1021 2559 homines
1042 2530 1075 2557 ad

289 2575 473 2610 genealogiam
490 2577 650 2611 assumpsit,
667 2581 734 2612 quot
746 2577 770 2604 ei
782 2576 951 2604 subiciebant
962 2577 996 2604 ad
1011 2585 1077 2612 qua-

290 2621 438 2648 tuordecim
453 2627 642 2657 generationes
656 2623 814 2658 explendas.
842 2622 888 2651 Sic
899 2624 959 2659 ejus
972 2624 1109 2651 vcridieus

290 2666 439 2694 traditioni.

1085 1555 1105 1580 C

326 2755 392 2790 ('l7')
412 2755 481 2782 Cod.
501 2756 563 2782 fetu.
582 2764 690 2790 genere.
710 2756 755 2783 Sic
770 2760 843 2789 ante,
863 2760 890 2784 et
905 2757 985 2784 infra.

326 2789 382 2826 (l8)
403 2789 556 2818 Maltlueum
575 2789 652 2826 putat
671 2791 805 2819 Eusebius
822 2793 999 2826 generationis
1026 2799 1071 2818 vo-

295 2824 389 2851 rabqu
406 2829 510 2851 eertum
536 2824 680 2859 quemdam
706 2834 738 2853 ac
756 2824 904 2854 solemnem
923 2827 1073 2861 intelligere

293 2865 426 2887 annorum
449 2867 602 2888 numerum.
624 2860 749 2889 Profecto
766 2862 799 2889 de
819 2863 961 2896 temporali
979 2863 1072 2895 γενεᾶς

1120 950 1165 977 ρες
1183 951 1192 967 ι
1208 941 1264 968 ἀλλ’
1277 941 1308 966 οὐ
1326 940 1445 975 διαδοχαὶ
1460 939 1668 974 δεκατέσσαρες,
1687 937 1800 969 εἰκότως
1824 937 1916 972 πάσης

1119 987 1255 1015 ἀπολύοιτ’
1275 987 1308 1013 ἂν
1335 987 1514 1022 κατηγορίας·
1536 986 1597 1013 ἐπεὶ
1619 984 1662 1012 διὰ
1685 984 1713 1011 τί
1730 984 1767 1019 μὴ
1788 983 1917 1019 διαδοχὰς

1119 1035 1255 1069 ὠνόμασε,
1271 1034 1319 1068 τῆς
1333 1033 1361 1059 δὲ
1381 1034 1409 1059 ἐν
1432 1034 1491 1064 ταῖς
1500 1031 1653 1063 Βασιλειαις
1673 1031 1720 1057 καὶ
1737 1030 1914 1065 Παραλειπο-

1122 1081 1212 1116 μένοις
1230 1081 1348 1116 ἱστορίας
1365 1079 1489 1114 διαδοχὰς
1505 1078 1562 1105 ἀλλ’
1581 1079 1611 1105 οὐ
1631 1078 1726 1113 γενεὰς
1742 1078 1916 1113 ίστορούσης,

1120 1128 1170 1154 οὐκ
1187 1127 1219 1154 ἂν
1232 1127 1334 1161 γένοιτο
1355 1125 1507 1161 ἐναντίωμα
1522 1127 1554 1152 ἐκ
1573 1125 1623 1161 τῆς
1639 1124 1802 1160 ἀμφοτέρων
1825 1133 1918 1160 παρα-

1122 1174 1231 1205 θέσεως.

1159 1253 1189 1288 β’.
1208 1252 1306 1279 Γενεὰν
1323 1252 1376 1288 γὰρ
1393 1252 1488 1288 χρόνον
1501 1251 1643 1287 ἀνθρώπου
1660 1250 1733 1286 ζωῆς
1751 1251 1802 1286 οὐχ
1818 1248 1874 1277 οἷόν
1885 1251 1918 1277 τέ

1123 1299 1196 1325 ἐστιν
1217 1297 1370 1333 ὀνομάζειν,
1391 1297 1451 1323 ἐπεὶ
1471 1297 1615 1331 συμϐαίνει
1640 1295 1770 1327 πολλάκις
1787 1296 1850 1327 τοὺς
1867 1295 1918 1329 μὲν

1123 1346 1169 1371 ἐπὶ
1181 1345 1266 1380 βραχὺ
1281 1345 1383 1379 βιῶναι,
1397 1343 1443 1370 καὶ
1455 1342 1551 1369 θᾶττον
1568 1341 1770 1376 ἀποσϐεσθῆναι
1782 1340 1854 1366 κατὰ
1867 1341 1919 1374 τὴν

1124 1388 1169 1414 τοῦ
1186 1388 1278 1419 παιδὸς
1291 1388 1408 1422 ἡλικίαν,
1421 1387 1484 1418 τοὺς
1496 1387 1524 1413 δὲ
1541 1386 1620 1422 μέχρι
1634 1385 1680 1412 τοῦ
1697 1385 1839 1420 μειρακίου
1853 1385 1920 1419 φθὰς

1126 1443 1180 1466 σαι,
1196 1435 1257 1466 τοὺς
1266 1434 1294 1460 δὲ
1310 1435 1355 1460 ἐπὶ
1363 1434 1409 1460 τὸν
1418 1433 1526 1460 νεανίαν
1542 1433 1693 1468 προελθεῖν,
1706 1433 1769 1463 τοὺς
1778 1432 1807 1458 δὲ
1817 1431 1864 1457 ἐπὶ
1872 1431 1919 1457 τὸν

1125 1481 1219 1515 ἄνδρα,
1230 1481 1294 1512 τοὺς
1306 1480 1333 1506 δὲ
1351 1480 1397 1507 και
1409 1470 1581 1515 ἐπ”ἔσχατον
1594 1479 1681 1514 γῆρας
1695 1480 1858 1514 παρατεῖναι
1867 1478 1919 1512 τὴν

1126 1527 1198 1562 ζωήν
1209 1535 1216 1542 ·
1227 1525 1306 1552 ποίαν
1315 1523 1360 1552 οὖν
1372 1534 1413 1557 τις
1423 1525 1568 1560 ἀριθμήσει
1584 1524 1696 1558 γενεάν;
1710 1525 1734 1550 εἰ
1748 1524 1762 1549 6
1774 1524 1823 1558 μὲν
1838 1524 1918 1558 φέρει

1124 1571 1204 1607 μέχρι
1212 1571 1324 1598 δεκάτου
1335 1570 1421 1602 ἔτους,
1431 1571 1445 1596 ὁ
1453 1570 1479 1596 δὲ
1489 1570 1584 1605 μέχρις
1601 1567 1734 1600 εἰκοστοῦ,
1749 1569 1763 1594 6
1776 1569 1804 1594 δὲ
1815 1568 1916 1604 μέχρις

1124 1614 1316 1650 πεντηκοστοῦ,
1326 1614 1436 1646 ἄλλοςδὲ
1446 1614 1540 1650 μέχρις
1548 1613 1778 1648 ἑϐδομηκοστοῡ,ὸ
1785 1613 1814 1639 δὲ
1826 1613 1874 1639 καὶ
1883 1612 1918 1638 τὶ

1123 1661 1218 1688 ἑκατὸν
1225 1660 1380 1697 ὑπερὸἁςοὺ
1390 1660 1468 1695 μόνον
1478 1660 1524 1686 ἐπὶ
1531 1659 1584 1686 τῶν
1593 1659 1713 1686 παλαιῶν
1722 1658 1789 1685 ἀλλὰ
1798 1659 1847 1685 καὶ
1855 1658 1918 1685 καθ’

1123 1709 1196 1742 ἡμᾶς
1206 1708 1314 1742 ὁρᾶται·
1327 1707 1385 1736 πῶς
1399 1703 1445 1733 οὖν
1456 1706 1555 1733 οῐονται
1566 1706 1614 1741 τὴν
1630 1705 1773 1740 ἀνθρώπου
1787 1705 1862 1740 ζωὴν
1874 1714 1918 1739 γε-

1124 1754 1185 1780 νεὰν
1193 1753 1335 1788 ὀνομάζειν
1346 1761 1352 1785 ς
1362 1752 1418 1779 ἀλλ’
1426 1752 1485 1778 οὐδὲ
1497 1751 1577 1787 μέχρι
1586 1751 1633 1786 τῆς
1644 1751 1823 1782 παιδοποιΐας·
1831 1751 1858 1777 οἱ
1869 1751 1918 1786 μὲν

1124 1799 1178 1833 γὰρ
1193 1798 1246 1833 πρὸ
1257 1798 1310 1825 τῶν
1327 1798 1411 1824 εἴκοσι
1428 1797 1494 1823 ἑτῶν
1509 1797 1647 1831 γήμαντες
1662 1796 1919 1830 πεπαιδοποίηνται,

1124 1845 1148 1871 οἱ
1163 1844 1191 1870 δὲ
1202 1844 1263 1871 οὐδὲ
1281 1843 1350 1878 ὑπὲρ
1360 1842 1395 1869 τὰ
1404 1842 1548 1878 τρίακοντα
1558 1841 1697 1876 γενόμενοι
1707 1850 1714 1856 ·
1731 1841 1778 1867 καὶ
1795 1840 1850 1866 τῶν
1864 1842 1921 1875 £31;-

1125 1891 1207 1917 λίκων
1226 1890 1253 1916 δὲ
1267 1890 1331 1922 ἴδοις
1344 1889 1377 1916 ἂν
1394 1889 1455 1920 τοὺς
1481 1888 1530 1923 μὲν
1541 1888 1588 1914 ἐπὶ
1607 1886 1731 1922 πρώτους
1747 1888 1821 1919 υἱοὺς
1839 1887 1920 1914 στάν-

1124 1946 1184 1969 τας,
1205 1937 1268 1972 τοὺς
1288 1936 1316 1962 δὲ
1337 1935 1383 1962 ἐπὶ
1407 1932 1582 1970 τετραγονίαν
1606 1932 1769 1965 ἐλάσαντας·
1794 1933 1867 1959 ὥστε
1890 1934 1922 1959 ἐν

1126 1984 1294 2019 πεντήκοντα
1311 1982 1394 2013 ἔτεσι,
1407 1982 1469 2013 τοὺς
1485 1981 1533 2016 μὲν
1550 1982 1677 2016 ἐκγόνους
1689 1979 1849 2011 θεάσασθαι,
1864 1979 1920 2005 ὲτέο

1128 2037 1189 2065 ρους
1204 2028 1232 2055 δὲ
1248 2028 1276 2054 ὲν
1298 2027 1482 2063 ἐὸδομήκοντα
1499 2027 1610 2063 μηδενὸς
1632 2025 1780 2060 ἀξιωθῆναι
1804 2025 1900 2055 παιδός
1911 2033 1917 2038 ν

1126 2073 1184 2105 πῶς
1213 2071 1260 2100 οὖν
1282 2073 1446 2108 ἀριθμητέον
1471 2073 1520 2105 τὰς
1545 2073 1657 2107 γενεάς;
1682 2071 1795 2106 πότερον
1812 2071 1845 2097 ἐκ
1865 2069 1919 2096 τῶν

1129 2119 1283 2154 μακροϐίων
1299 2119 1380 2154 ῆτῶν
1394 2119 1552 2152 ὀλιγοϐίων;
1567 2119 1614 2145 καὶ
1629 2119 1661 2144 ἐκ
1673 2117 1726 2144 τῶν
1737 2117 1806 2152 ταχὺ
1823 2125 1920 2143 πεπαι-

1127 2164 1322 2200 δοποιημένων,
1341 2164 1357 2199 ἦ
1371 2164 1425 2191 τῶν
1443 2164 1580 2199 βραδέων;
1596 2165 1642 2191 καὶ
1659 2165 1692 2190 ὲκ
1709 2163 1764 2189 τῶν
1781 2163 1828 2189 ἐπὶ
1846 2163 1919 2198 πρὼ-

1128 2210 1184 2241 τοῐς
1197 2210 1265 2241 υἱοῖς
1288 2209 1514 2244 σαλευσάντων,ἦ
1531 2210 1562 2235 ἐκ
1578 2209 1631 2235 τῶν
1649 2209 1695 2235 ἐντὶ
1714 2208 1818 2235 πλείοσι
1832 2208 1920 2235 διαδο-

1129 2257 1205 2290 χαῖς;
1223 2252 1260 2282 ῶν
1279 2255 1364 2288 οὔτως
1387 2256 1576 2292 ἐξητασμένων
1592 2256 1606 2282 6
1628 2256 1699 2287 Οεῖος
1721 2255 1919 2291 εὐαγγελιστὴς

1128 2301 1158 2326 οὐ
1174 2300 1298 2335 διαδοχὰς
1317 2300 1481 2336 προθέμενος
1507 2301 1603 2332 εἰπεῖν,
1629 2300 1724 2334 γενεὰς
1737 2299 1775 2331 δὲ,
1793 2300 1856 2326 καθ’
1872 2299 1918 2330 οὖς

1130 2347 1210 2379 αὐτὸς
1224 2347 1357 2381 ἠπίστατο
1369 2346 1465 2381 λόγους
1476 2346 1531 2381 (l8)
1541 2346 1643 2381 ἀπαριο
1648 2345 1697 2382 μού
1702 2354 1793 2381 μενος,
1805 2345 1855 2380 τῆς
1870 2345 1919 2380 μὲν

1129 2393 1157 2418 ὲν
1172 2393 1231 2423 ταῖς
1243 2392 1373 2427 ἱστορίαις
1393 2391 1518 2426 διαδοχῆς
1536 2388 1616 2426 ἦττον
1635 2390 1810 2426 πεφρόντικε,
1826 2389 1919 2416 τοσού-

1128 2447 1190 2469 τους
1205 2437 1388 2472 ὰναλαμϐἀνει
1400 2438 1438 2469 εἰς
1448 2437 1496 2472 τὴν
1507 2436 1691 2471 γενεαλογίαν,
1702 2437 1759 2463 ὅσοι
1774 2437 1918 2472 ἀπήρκουν

1128 2483 1203 2518 αὐτῷ
1218 2484 1258 2514 είς
1271 2483 1443 2518 ἐκπλήρωσιν
1459 2483 1511 2509 τῶν
1525 2482 1730 2518 δεκατεσσάρων
1745 2482 1862 2516 γενεῶψ
1877 2481 1919 2508 οἱ·

1127 2537 1180 2560 τως
1194 2538 1223 2555 τε
1243 2528 1321 2564 αὐτῷ.
1332 2528 1409 2563 ὑγιὴς
1427 2527 1595 2560 ἀποσώζεται
1604 2529 1618 2554 ὀ
1633 2527 1720 2562 λόγος,
1733 2528 1780 2553 καὶ
1793 2526 1918 2562 οὐδαμῶς

1127 2576 1246 2607 ἐναντίος
1265 2577 1298 2610 τῇ
1315 2575 1369 2602 τῶν
1386 2575 1508 2610 ἱστοριῶν
1522 2577 1624 2611 γραφῇ.

1129 2631 1219 2651 sermo
1239 2627 1290 2655 est,
1300 2631 1388 2658 neque
1416 2623 1527 2650 omnino
1557 2622 1709 2651 contrarius
1737 2620 1917 2648 historiarur.

1130 2756 1218 2790 spatio
1243 2754 1431 2790 controversia
1447 2754 1528 2790 inter
1550 2757 1657 2790 veteres
1682 2753 1751 2790 satis
1773 2757 1840 2790 nota
1863 2758 1915 2785 est,

1129 2788 1210 2825 quam
1231 2798 1281 2824 ego
1298 2790 1356 2825 ipse
1378 2789 1453 2824 attigi
1479 2789 1507 2816 in
1533 2788 1772 2825 adnotationibus,
1786 2789 1829 2825 ad‘
1846 2796 1916 2825 nova

1129 2822 1279 2860 ti-agntenta
1308 2822 1441 2860 Dionysii
1458 2824 1543 2852 ll'alic.
1565 2832 1615 2859 cap
1640 2824 1684 2858 13,
1710 2831 1736 2851 ιι.
1759 2824 1786 2857 4,
1813 2822 1914 2859 Script.

1128 2859 1184 2889 vel:
1196 2865 1215 2888 t.
1229 2859 1260 2893 ll,
1278 2869 1304 2897 ιι.
1322 2859 1383 2888 474.
