2065 3216
142 173 207 201 ’9Ξ5

523 235 572 262 II".

153 299 206 327 Διὰ
222 299 251 326 τί
264 299 323 336 τῶν·
333 299 406 336 μετὰ
426 300 566 336 Ἰεχονίαν
580 301 628 327 ἐπὶ
647 300 700 327 τὸν
718 300 824 335 Ἰωσὴφ
839 309 939 336 γενεα-

190 335 380 371 λογουμένων
393 335 447 371 δύο
473 335 521 362 καὶ
547 335 620 371 δέκα
643 336 747 371 ὅητων,
776 338 793 363 ό
819 337 939 371 εὐαγγε-

188 368 299 404 meme
309 369 532 405 δεκατέσσαρας
544 370 637 397 πάλιν
651 368 728 398 εἷναί
745 378 849 405 φησιν.

190 429 223 454 α’.
240 425 288 451 Διὰ
298 425 347 460 τὴν
366 425 450 461 αὐτὴν
463 426 562 452 αἰτίαν·
576 426 606 453 οὐ
624 426 678 462 γὰρ
691 426 825 461 διαδοχὰς,
843 426 939 461 γενεὰς

151 471 192 502 δὲ,
203 470 241 502 ὡς
255 470 332 505 ἔφην,
352 470 518 506 ἀναγράφειν
531 470 664 498 ἐϐούλετο·
677 471 819 506 συμϐαίνει
835 471 863 498 δὲ
875 472 939 498 πολ-

153 516 232 548 λάκις
242 517 270 542 ἐν
281 516 440 551 μακροϐίοις
455 517 501 542 καὶ
516 517 666 549 πολυέτεσι,
679 517 728 549 τὰς
740 517 789 553 μὲν
801 517 938 552 γεγονέναι

151 561 208 588 τῶν
221 561 325 596 ἀνδρῶν
335 561 384 592 τὰς
399 562 533 597 διαδοχὰς,
545 562 590 589 τὸν
601 563 629 589 δὲ
644 563 699 589 τῶν
714 563 814 596 γενεῶν
825 563 939 599 ἀριθμὸν

151 607 328 634 ἀποδεδόσθαι
339 607 438 643 πλήρη·
455 605 476 642 ᾧ
489 608 520 644 δὴ
542 606 588 635 οὖν
613 609 683 644 λόγῳ
698 610 727 636 ὲν
743 610 799 640 τοῖς
825 609 879 636 ἀπὸ
891 609 938 636 τοῦ

151 652 236 678 Δαδὶδ
248 653 294 679 καὶ
307 653 352 679 ἐπὶ
381 653 429 688 τὴν
458 654 643 689 αἰχμαλωσίαν
672 655 790 682 πλείοσιν
807 653 867 682 οὖσι
893 656 939 682 τὸν

151 697 269 733 ἀριθμὸν
281 699 336 730 τοῖς
351 699 378 724 ὲν
392 700 424 734 τῇ
447 699 555 735 διαδοχῇ
579 700 747 736 φερομένοις,
774 700 935 736 ὀλιγώτεραι

153 744 322 780 ἀπεδόθησαν
333 745 360 770 αἰ
372 745 472 778 γενεαί·
492 745 520 770 ὲν
532 745 586 781 γὰρ
601 745 733 780 διαδοχαῖς
752 746 855 781 ἀνδρῶν
871 747 939 774 ἑπτὰ

152 790 202 816 καὶ
214 790 289 822 δέκα,
303 791 394 824 γενεαὶ
420 791 540 826 εἴρηνται
563 792 771 827 δεκατέσσαρες·
800 792 870 818 κατὰ
894 793 938 820 τὸν

152 836 236 862 αὑτὸν
251 836 378 871 λογισμὸν
391 837 437 863 καὶ
451 837 497 863 νῦν
511 839 554 863 ἐπ’
568 837 672 874 ἀνδρῶν
681 838 814 872 διαδοχαῖς
826 838 938 870 δώδεκα,

153 882 182 908 αἱ
200 882 393 918 δεκατέσσαρες
422 883 455 909 ἂν
479 883 644 919 ἐπληροῦντο
667 884 769 917 γενεαὶ,
783 884 938 920 μακροόίων

151 927 192 959 ὡς
209 928 280 959 εἰκὸς
292 929 473 964 πολυχρονίων
488 929 577 956 αὐτῶν
596 928 627 964 δὴ
640 928 694 955 τῶν
711 928 815 956 δώδεκα
824 937 937 964 γεγενη-

155 973 254 1009 μένων,
271 974 318 1001 atat
347 974 502 1010 ἀρκούντων
530 975 569 1006 είς
585 973 775 1010 ἀναπλήρωσιν
794 975 847 1001 τῶν
861 976 939 1002 δεγ.α-

152 1019 293 1055 τεσσάρων
305 1019 415 1054 γενεῶν.
435 1020 492 1047 Μία
506 1020 554 1055 μὲν
567 1020 691 1052 ἀπόδοσις
717 1020 763 1047 τοῦ
778 1020 939 1056 ζητηθέντος

152 1066 212 1101 ἥδε.

191 1153 224 1188 β’.
241 1153 310 1180 Καθ’
326 1153 421 1188 ἑτέραν
440 1152 468 1180 δὲ
492 1152 610 1179 διάνοιαν
635 1152 725 1188 εὕροις
741 1153 773 1180 ἂν
784 1153 939 1189 ὰκριὸώσας

153 1199 226 1225 κατὰ
251 1198 300 1234 τὴν
341 1198 460 1234 ἱστορίαν
495 1198 695 1234 δεκατέσσαρας
732 1198 939 1234 ὠνομασμένους

153 1244 202 1270 καὶ
213 1244 242 1269 ὲν
257 1245 289 1278 τῇ
307 1243 429 1279 παρούσῃ
435 1243 559 1279 διαδοχῇ,
572 1245 597 1270 εἰ
613 1244 679 1279 πρὸς
689 1245 744 1276 τοῖς
754 1244 858 1271 δώδεκα
875 1253 937 1271 συν-

153 1288 336 1324 αριθμήσειας
366 1289 446 1316 αὑτὸν
471 1289 574 1325 Ἰησοῦν
602 1290 719 1326 Χριστὸν
747 1291 803 1317 υἱὸν
816 1290 861 1317 τοῦ
883 1292 939 1317 Ἰω-

155 1335 210 1369 σὴφ
225 1344 276 1370 χρη
281 1335 440 1370 ματίσαντα·
457 1335 602 1371 προσθείης
616 1345 644 1362 τε
655 1336 759 1368 τούτοις
769 1337 816 1363 καὶ
828 1336 873 1362 τὸν
892 1337 940 1362 Ἰε-

153 1380 245 1415 χονίαν
260 1381 304 1407 τὸν
321 1381 349 1407 ὲν
363 1380 500 1407 Βαϐυλῶνι
527 1381 720 1417 γεγενημένον,
735 1382 795 1416 οὐχὶ
818 1381 863 1408 τὸν
887 1382 939 1417 πρὸ

152 1427 204 1461 τῆς
218 1426 391 1462 μετοικησίας
418 1428 446 1453 ὲν
472 1429 506 1463 τῇ
531 1427 706 1464 Ἰερουσαλὴμ
733 1428 937 1463 βασιλεύσαντα·

152 1472 201 1498 δύο
217 1473 270 1507 γὰρ
282 1472 419 1508 ὁμώνυμοι
431 1473 572 1507 γεγόνασιν
595 1473 721 1508 Ὶωακεὶμ
732 1473 799 1508 μετὰ
825 1472 937 1505 Ἰωσίαν,

153 1519 167 1544 ὃ
180 1526 212 1552 γε
227 1517 307 1544 αὑτοῦ
321 1517 367 1543 τοῦ
390 1517 492 1544 Ἰωσίου
509 1518 577 1551 υίὸς,
602 1518 631 1550 ὂς
650 1518 718 1553 μετὰ
744 1518 837 1544 τοῦτον
848 1517 940 1544 ἐϐασί-

405 173 636 207 ΩΠᾹΖΞΤΙΟΝΕΞ
654 173 887 202 EVANGELlCzE
906 174 952 201 AD
973 171 1194 201 STEPHANUM.
1215 187 1249 193 -—
1269 170 1433 204 QUESTIO
1452 168 1520 196 XIII.

1720 168 1772 196 926

1351 229 1419 257 Xlll.

990 300 1044 329 Cur
1064 308 1123 327 cum
1143 308 1159 326 α
1174 298 1302 326 Jechonia
1317 296 1351 324 ad
1366 296 1509 331 Josephum
1525 294 1661 331 duodecim
1682 294 1706 320 in
1726 303 1769 327 ge-

1024 335 1145 370 nealogia
1174 335 1242 366 sint,
1265 329 1435 368 evangelista
1453 329 1652 366 quatuordccim
1679 337 1770 357 rursus

1023 371 1106 398 dicat.

1024 428 1049 456 1.
1072 418 1120 455 Rei
1138 434 1222 454 causa
1237 425 1331 453 eadem
1347 428 1406 452 est:
1425 431 1479 451 non
1492 422 1564 451 enim
1583 421 1771 450 successiones

989 473 1037 501 sed
1057 472 1264 508 generationes,
1291 474 1320 497 ut
1345 470 1419 502 dixi,
1446 469 1623 496 conscribere
1650 467 1769 494 volebat.

990 517 1067 552 Saepe
1081 524 1146 544 vero
1166 514 1316 550 contingit,
1338 517 1368 540 ut
1384 511 1420 540 ἰιι
1441 512 1587 539 macrohiis
1610 515 1689 546 alque
1709 510 1770 537 lon—

989 564 1084 599 gazvis,
1104 562 1261 598 quicunque
1285 560 1368 588 fuerit
1390 559 1595 587 succedentium
1618 564 1768 588 numerus,

989 608 1168 636 nihilominus
1194 607 1253 642 ipse
1279 605 1484 642 generationum
1515 611 1644 631 numerus
1672 603 1770 638 plenus

989 654 1133 681 habeatur.
1153 652 1241 685 Quam
1261 652 1296 679 ob
1315 659 1373 679 rem
1392 650 1474 679 sicuti
1495 649 1522 676 in
1541 649 1629 677 classe
1648 644 1781 684 patrum?

989 700 1108 727 familias
1122 707 1137 726 a
1152 698 1254 726 Davide
1271 697 1305 725 ad
1322 697 1507 732 captivitatem
1518 716 1526 728 ,
1541 703 1602 723 cum
1617 695 1698 730 paulo
1712 702 1771 721 ma-

987 746 1030 780 jor
1045 743 1251 772 succedentium
1267 750 1398 769 numerus
1415 745 1504 772 esset,
1523 741 1667 775 pauciores
1681 744 1769 766 tamen

989 790 1023 817 ab
1036 789 1202 824 evangelista
1218 787 1333 823 proditae
1349 791 1414 814 sunt
1428 786 1618 822 generationes
1631 795 1637 818 ;
1653 793 1771 819 namque

989 835 1018 862 in
1040 842 1097 861 xvu
1118 833 1239 860 virorum
1266 832 1488 860 successionibus
1516 831 1705 867 generationes
1725 839 1769 858 χιι

990 880 1069 907 dictae
1087 883 1171 912 sunt;
1189 878 1284 905 eodem
1304 885 1378 904 nunc
1398 884 1508 912 quoque
1526 876 1643 904 consilio
1667 875 1694 902 in
1721 875 1770 902 ho-

989 924 1092 952 minum
1108 923 1331 952 successionibus
1345 930 1383 949 xu
1394 943 1401 954 ,
1417 923 1533 958 expleta
1546 922 1675 949 dicuntur
1688 929 1771 956 gene—

989 970 1109 997 rationes
1125 976 1187 1000 xtv,
1202 968 1266 1003 quia
1282 967 1408 995 videlicet
1423 975 1462 994 xu
1479 967 1536 999 illi,
1553 971 1582 993 ut
1597 966 1708 994 credere
1722 974 1771 1001 par

989 1019 1031 1043 est
1043 1035 1050 1048 ,
1070 1015 1202 1042 macrobii
1220 1015 1329 1042 fuerunt
1344 1018 1426 1049 atque
1442 1013 1555 1049 longaavi
1569 1034 1576 1045 ,
1593 1013 1630 1040 ita
1646 1018 1675 1040 ut
1690 1013 1771 1041 sulTe-

989 1061 1076 1088 cerint
1090 1060 1124 1088 ad
1140 1069 1184 1088 xw
1201 1060 1353 1095 implendas
1369 1060 1569 1094 generationes.
1584 1059 1624 1086 Ad
1641 1059 1771 1095 qumstio-

988 1113 1050 1133 nem
1063 1105 1121 1132 haec
1133 1106 1221 1140 prima
1237 1106 1379 1140 responsio
1396 1109 1448 1133 est.

1022 1150 1049 1177 2.
1071 1150 1125 1179 Sed
1139 1151 1211 1178 enim
1228 1150 1282 1177 alia
1298 1157 1407 1185 quoque
1423 1150 1530 1177 ratione
1546 1149 1613 1177 inita
1630 1150 1768 1182 invenies.

989 1196 1012 1224 si
1032 1196 1177 1233 diligenter
1192 1195 1335 1227 historiam
1351 1195 1588 1228 consideraveris,
1605 1196 1771 1232 quatuorer-

989 1243 1041 1270 cim
1068 1242 1096 1269 in
1120 1243 1171 1269 hac
1196 1243 1254 1277 ipsa
1280 1242 1393 1270 historia
1417 1243 1588 1277 appellatos,
1610 1243 1650 1275 si,
1674 1248 1771 1277 praeter

988 1287 1130 1315 duodecim
1140 1308 1146 1320 ,
1163 1288 1350 1315 numeraveris
1364 1287 1456 1315 Jesum
1471 1287 1610 1315 Christum
1625 1288 1712 1322 ipsum
1725 1287 1772 1315 Jo—

989 1333 1065 1368 sephi
1080 1334 1164 1360 ﬁlium
1181 1333 1366 1361 existimatum
1381 1353 1388 1365 ,
1406 1333 1503 1368 hisque
1517 1333 1675 1368 adiunxeris
1688 1334 1770 1361 etiam

988 1377 1164 1411 Jechoniam,
1181 1379 1257 1406 illum
1277 1379 1382 1406 scilicet
1402 1379 1448 1413 qui
1468 1378 1632 1414 Babylonem
1653 1379 1772 1406 transla—

989 1428 1034 1452 tus
1050 1424 1116 1457 fuit,
1134 1433 1188 1452 non
1208 1424 1323 1452 alterum
1337 1425 1383 1459 qui
1399 1428 1462 1452 ante
1477 1424 1669 1460 Babylonicum
1686 1425 1772 1459 capti-

989 1469 1098 1497 vitatem
1110 1469 1306 1504 Hierosolymis
1318 1469 1469 1503 imperavit.
1483 1468 1542 1495 Duo
1552 1469 1651 1504 quippe
1663 1469 1772 1496 fuerunt

989 1515 1164 1550 homonymi;
1184 1515 1325 1543 Joacimus
1355 1516 1483 1543 videlicet
1502 1521 1563 1551 post
1583 1515 1702 1548 Josialn,
1725 1517 1772 1550 qui

152 1563 249 1589 λευσεν
263 1564 292 1589 ὲν
313 1563 503 1598 Ἰερουσαλὴμ,
525 1565 572 1590 καὶ
600 1565 614 1590 ὁ
639 1564 734 1590 τούτου
759 1565 823 1595 παῖς
846 1563 938 1598 ἕτερος

990 1560 1039 1588 [uit
1049 1561 1169 1596 ejusdem
1180 1561 1262 1589 Jositn
1279 1562 1349 1590 ﬁlius
1363 1566 1390 1589 et
1403 1562 1600 1597 Hierosolymis
1618 1562 1692 1596 regni
1708 1570 1772 1589 suc-

160 1609 299 1644 Ἰωεικείμ’
317 1606 389 1635 οὗτοι
405 1609 433 1634 δὲ
448 1609 494 1635 καὶ
511 1609 634 1644 Ἱεχονίαι
646 1610 842 1645 ἐχρημάτισαν,
866 1608 941 1640 ἐξελ-

152 1655 323 1690 ληνισθέντος
339 1655 429 1687 αὐτοῖς
445 1655 492 1681 τοῦ
519 1655 658 1691 ὀνόματος.
676 1656 705 1682 '0
730 1656 818 1682 τοίνυν
838 1655 943 1691 πρῶτος

158 1700 291 1735 Ἰωακεὶμ
314 1701 328 1727 ὁ
344 1701 391 1727 καὶ
418 1701 544 1737 Ἰεχονίας
560 1702 616 1733 υίὸς
631 1701 667 1728 ὢν
690 1702 803 1735 Ἰωσίου,
816 1702 876 1732 ταῖς
889 1701 942 1736 ’πρὸ

152 1747 205 1781 τῆς
220 1746 404 1781 αἰχμαλωσίας
416 1747 655 1782 συγκαταλεγέσοω
672 1748 786 1782 γενεαῖς·
815 1747 829 1773 ὁ
847 1746 874 1772 δὲ
886 1746 944 1772 τού-

153 1801 203 1818 του
219 1792 308 1824 παῖςὸ
329 1791 454 1828 δεύτερος
475 1794 601 1828 Ἰωακε“ιμ
628 1793 675 1820 καὶ
704 1793 785 1824 αὐτὸς
807 1792 941 1828 Ἰεχονίας,

153 1839 215 1870 υἱὸς
228 1838 265 1865 ὢν
276 1838 322 1864 τοῦ
331 1838 438 1873 πρώτου
453 1840 590 1873 Ἰωακεὶμ,
602 1839 648 1866 τοῦ
663 1839 690 1865 δὲ
708 1839 808 1865 Ἰωσίου
822 1838 942 1872 ἔκγονος,

154 1885 186 1910 ἐν
202 1885 258 1915 τοῖς
274 1884 342 1919 μετὰ
357 1885 407 1920 τὴν
422 1884 610 1920 αἰχμαλωσίαν
625 1884 672 1911 καὶ
698 1885 737 1915 είς
759 1884 804 1910 τὸν
827 1883 943 1919 Χριστὸν

155 1929 412 1965 γενεαλογονμενοις
428 1930 636 1966 ἀριθμούμενος,
662 1929 764 1957 τέλειον
783 1929 895 1965 ἀποδοίη
910 1929 943 1956 ἂν

155 1975 203 2001 τὸν
217 1974 270 2002 τῶν
289 1975 492 2012 δεκατεσσάρων
509 1976 608 2010 γενεῶν
623 1976 737 2012 ἀριθμόν
753 1976 819 2012 (19).

192 2063 227 2097 γ’.
247 2064 310 2099 Περὶ
325 2063 352 2090 δὲ
363 2063 409 2090 τοῦ
424 2063 470 2090 δύο
487 2063 626 2098 γεγονέναι
647 2065 786 2100 ἰωακεὶμ,
804 2065 943 2100 μαρτυρή-

155 2116 200 2135 σει
214 2108 230 2143 ἠ
243 2107 297 2135 τῶν
310 2107 454 2134 Βασιλειῶν
470 2108 575 2144 Γραιρὴ,
593 2108 684 2135 τοῦτον
699 2109 796 2144 ἔχουσα
810 2109 855 2135 τὸν
880 2109 942 2144 τρύ-

154 2162 217 2180 πον·
240 2162 249 2178 ι
264 2153 318 2180 Καὶ
332 2153 488 2180 ἐϐασίλευσε
502 2153 601 2190 Φαραὼ
616 2154 713 2190 Nexan
721 2155 766 2181 ἐπὶ
777 2154 822 2180 τὸν
834 2154 942 2190 Ἰσραὴλ

153 2198 202 2224 τὸν
223 2197 362 2234 Ἐλιακεὶμ
388 2198 445 2224 υἱὸν
467 2199 555 2225 Ἰωσία
589 2198 719 2233 βασιλέως
753 2199 852 2231 Ἰούδα,
882 2199 941 2225 ἀντὶ

992 1614 1101 1640 cessor;
1116 1614 1226 1634 rursum
1240 1607 1310 1634 alter
1323 1607 1462 1634 Joacimus
1478 1607 1599 1642 praedicti
1615 1607 1772 1642 homonymi

992 1651 1075 1679 ﬁlius.
1098 1651 1130 1678 Hi
1151 1651 1288 1679 Jcchonize
1308 1660 1416 1687 quoque
1435 1653 1561 1687 appellati
1578 1653 1706 1683 fuerunt,
1723 1660 1772 1679 no—

993 1697 1066 1724 mine
1089 1704 1183 1724 eorum
1209 1697 1242 1724 ad
1262 1697 1383 1724 Grmcam
1400 1697 1514 1724 formam
1531 1697 1670 1724 inclinato.
1693 1697 1772 1724 Prior

993 1742 1084 1778 itaque
1097 1741 1236 1770 Joacimus
1248 1763 1254 1775 ,
1271 1743 1396 1777 idemque
1409 1742 1555 1770 Jechonias
1565 1762 1571 1774 ,
1588 1743 1659 1770 ﬁlius
1673 1742 1770 1775 Josiaa,

993 1789 1020 1815 in
1044 1788 1267 1823 generationibus
1292 1792 1354 1815 ante
1376 1788 1560 1822 captivitatem
1582 1787 1769 1816 concludatur.

993 1835 1079 1870 Hujus
1093 1840 1183 1863 autem
1198 1836 1269 1862 ﬁlius
1279 1856 1286 1867 ,
1304 1835 1373 1862 alter
1385 1834 1525 1862 Joacimus
1535 1855 1542 1867 ,
1560 1834 1685 1869 idemque
1700 1835 1772 1870 pari-

992 1886 1034 1909 ter
1045 1881 1192 1909 Jechonias
1205 1901 1211 1913 ,
1226 1880 1328 1916 prioris
1341 1880 1455 1908 Joacimi
1471 1881 1558 1913 illius,
1574 1880 1656 1907 Josiae
1671 1888 1770 1915 nepos,

993 1927 1015 1955 si
1039 1935 1102 1954 cum
1125 1928 1159 1955 iis
1180 1930 1359 1954 recensentur
1382 1927 1428 1961 qui
1453 1927 1526 1954 inter
1548 1926 1732 1962 captivitatem
1747 1933 1774 1954 et

993 1973 1130 2001 Christum
1157 1973 1281 2005 fuerunt,
1307 1973 1402 2008 plenus
1430 1974 1542 2001 exsistet
1568 1973 1771 2008 quatuordecim

993 2019 1195 2053 generationum
1212 2026 1351 2046 numerus.
1672 2014 1677 2021 ’

1026 2064 1053 2091 5.
1072 2062 1157 2090 Porro
1170 2063 1240 2090 duos
1255 2062 1339 2090 fuisse
1352 2062 1488 2090 Joacimos
1500 2083 1507 2095 ,
1522 2062 1676 2097 Regnorum
1691 2066 1773 2089 testa-

993 2112 1037 2135 tur
1064 2108 1206 2144 Scriptura
1234 2109 1277 2136 his
1302 2109 1413 2136 verhis:
1431 2118 1440 2133 ι
1455 2108 1610 2143 Regemque
1631 2108 1774 2135 constituit

992 2153 1098 2181 Pharao
1113 2154 1220 2182 Nechao
1236 2154 1397 2181 Eliacimum
1419 2153 1501 2181 Josi:e
1523 2153 1608 2180 ﬁlium
1632 2160 1681 2188 pro
1698 2153 1774 2181 Josia

993 2204 1068 2234 patre
1078 2199 1147 2234 ejus,
1160 2200 1296 2234 vertitque
1306 2207 1403 2226 nomen
1414 2199 1474 2233 ejus
1482 2199 1634 2226 Joaeimum
1646 2199 1678 2226 ⁵⁸.
1692 2208 1700 2224 ι
1712 2198 1774 2231 Qui-

162 2244 253 2271 Ἰωσία
268 2245 313 2270 τοῦ
331 2244 432 2280 πατρὸς
444 2244 536 2271 αὑτοῦ·
555 2245 602 2272 καὶ
625 2245 774 2280 ἐπέστρεψε
799 2245 829 2271 τὸ
856 2244 940 2280 ὄνομα

993 2244 1045 2271 bus
1058 2244 1158 2272 deinde
1168 2244 1244 2271 addit
1257 2254 1263 2270 ε
1277 2253 1286 2269 ι
1297 2243 1383 2270 Filius
1397 2243 1492 2278 viginti
1506 2243 1627 2278 quinque
1639 2251 1774 2270 annorum

153 2290 238 2317 αὑτοῦ
261 2291 413 2326 Ἰωακείμ.)
431 2288 477 2322 Οἷς
496 2291 556 2325 ἑξῆς
587 2291 716 2326 ἐπιλέγει·
745 2301 755 2317 ‹
767 2291 828 2323 Υἱὸς
844 2292 943 2318 εἰκοσι-

154 2336 237 2374 πέντε
254 2335 321 2362 ἐτῶν
344 2336 505 2371 Ἰωακεὶμὲν
519 2337 556 2371 τῷ
572 2337 721 2372 βασιλεύειν
733 2337 821 2364 αὐτόν·
840 2337 887 2363 καὶ
901 2336 944 2363 ἕν-

153 2382 222 2408 δεκα
236 2381 283 2416 ἕτη
299 2374 509 2409 ὲΰασίλευᾶενέν
527 2383 728 2418 Ἰερουσαλήμδι
740 2382 780 2414 οἷς
797 2383 943 2418 μεθ’ξτερα

155 2427 288 2461 ἑπιλέγεν
309 2437 318 2453 ι
330 2427 385 2453 Καὶ
398 2427 432 2454 τὰ
443 2427 523 2455 λοιπᾶ
549 2427 602 2455 τῶν
617 2428 703 2462 λόγων
732 2428 869 2462 Ἰωακεὶμ,
896 2428 942 2454 καὶ

155 2472 247 2500 πάντα
260 2473 517 2508 ὅσαέποίησεν,οὺκ
545 2474 598 2501 ἰδοὺ
625 2473 803 2509 γεγραμμένα
829 2473 875 2499 ἐπὶ
902 2473 938 2508 βι-

153 2518 225 2553 ϐλίῳ
237 2518 322 2552 λόγων
335 2519 388 2546 τῶν
404 2519 515 2555 ἡμερῶν
532 2521 588 2551 τοῖς
603 2519 755 2555 βασιλεῦσιν
779 2518 880 2551 Ἰούδα;
894 2519 941 2545 καὶ

153 2563 290 2599 ἐκοιμήθη
307 2564 434 2599 Ἰωακεὶμ
465 2565 600 2600 μετὰτῶν
626 2565 752 2600 πατέρων
783 2564 874 2596 αὐτοῦ,
896 2565 942 2590 καὶ

153 2609 330 2638 ἐϐασίλευσεν
349 2610 477 2646 Ἶωακεὶμ
506 2611 562 2642 υἱὴς
589 2611 673 2637 αὐτοῦ
699 2611 756 2637 ἀντ’
773 2609 865 2636 αὐτοῦ·
887 2610 942 2641 υἱὸς

152 2654 229 2682 ὀκτὼ
244 2655 290 2682 καὶ
303 2655 368 2682 δέκα
384 2657 451 2683 ἐτῶν
473 2657 599 2692 Ἰωακεὶμ
613 2657 640 2683 ἐν
661 2657 698 2691 τῷ
727 2655 878 2692 βασιλεύειν
893 2657 941 2682 αὖ·

193 2731 218 2748 ”
238 2731 272 2760 Ν
290 2731 356 2769 Reg.
374 2740 461 2765 χχιιι,
478 2733 521 2759 51.

193 2809 250 2843 (l9)
269 2809 386 2838 Tractus
399 2810 443 2836 hic
458 2809 575 2837 refertur
592 2809 673 2836 etiam
688 2809 715 2835 in
731 2808 831 2836 Nicone
845 2813 941 2835 catena

155 2845 218 2872 cod.
238 2845 296 2871 Vat.
315 2849 347 2876 Α,
366 2846 384 2871 i'.
401 2845 445 2875 67,
464 2845 515 2871 hoc
536 2845 613 2871 initio
633 2854 638 2870 :
660 2845 690 2870 Ei
705 2843 759 2878 γὰρ
778 2844 824 2870 καὶ
838 2843 940 2869 δώδεκα

155 2880 280 2907 δοκοῦσιν
297 2878 364 2907 εἶναι
381 2881 402 2906 οἱ
422 2881 447 2906 ὲν
463 2881 494 2914 τῇ
512 2879 588 2916 τρίτῃ
606 2879 711 2914 διαδοχῇ
730 2878 940 2912 γενεαλογούμε-

991 2295 1049 2317 erat
1065 2290 1220 2322 Joacimus,
1237 2295 1263 2317 et
1276 2290 1356 2317 annis
1373 2289 1497 2316 undecim
1512 2291 1634 2324 regnavit
1648 2289 1774 2316 Hieroso-

992 2336 1080 2372 lymis.
1094 2346 1103 2362 ι
1114 2336 1221 2364 Rursus
1235 2335 1363 2370 deinceps
1387 2335 1515 2370 praedicta
1530 2336 1643 2362 historia
1656 2344 1663 2362 :
1679 2344 1688 2361 ι
1701 2335 1774 2362 Reli—

991 2390 1044 2417 qua
1063 2386 1154 2409 autem
1170 2388 1328 2408 sermonum
1343 2380 1458 2407 Joacimi
1474 2384 1501 2407 et
1514 2380 1605 2407 omnia
1619 2388 1679 2415 quae
1693 2380 1773 2413 fecit,

991 2436 1081 2455 nonuc
1095 2435 1160 2454 ecce
1173 2429 1273 2461 scripta
1287 2430 1350 2453 sunt
1366 2427 1391 2453 in
1407 2426 1477 2453 libro
1491 2433 1649 2454 sermonum
1668 2425 1773 2452 dierum

994 2481 1086 2508 regqu
1101 2472 1202 2500 Judze?
1220 2472 1252 2498 Et
1267 2471 1397 2498 dormivit
1413 2470 1553 2498 Joacimus
1569 2477 1630 2497 cum
1649 2470 1784 2504 patrihus~

994 2520 1050 2547 suis
1066 2529 1072 2547 :
1092 2519 1266 2553 reguavitque
1283 2517 1421 2544 Joacimus
1438 2516 1509 2543 {ilius
1525 2517 1585 2551 ejus
1609 2523 1657 2551 pro
1671 2523 1713 2544 eo.
1731 2515 1768 2543 Fl-

994 2565 1046 2592 lius
1057 2564 1207 2591 octodecim
1221 2570 1353 2590 annorum
1368 2566 1425 2589 erat
1440 2560 1577 2595 Joacimus
1588 2568 1649 2587 cum
1662 2568 1776 2595 regnare

994 2610 1078 2645 cmpit
1088 2630 1094 2641 ,
1113 2610 1257 2643 tribusque
1272 2607 1413 2635 mensibus
1430 2606 1553 2641 regnavit
1567 2605 1773 2641 Hierosolymis.

995 2655 1098 2683 Nomen
1122 2656 1218 2682 matris
1238 2654 1298 2689 ejus
1321 2654 1416 2682 Estha.
1433 2652 1466 2679 Et
1490 2652 1554 2680 fecit
1568 2652 1667 2679 malum
1682 2659 1774 2679 coram

996 2817 1045 2840 νοι,
1064 2807 1121 2834 ἀλλ’
1141 2807 1229 2842 εὕροις
1251 2808 1284 2834 ἂν
1304 2806 1467 2843 ἁκριδὼσας,
1493 2812 1555 2841 ctc.,
1575 2811 1603 2834 ut
1620 2807 1690 2843 apud
1705 2806 1775 2835 hanc

995 2847 1120 2871 nostram
1133 2842 1267 2878 epitomcn
1285 2843 1418 2877 sequitur.
