2065 3216
126 195 181 221 929

127 294 184 322 λων
207 295 408 329 πεποιημένον,
434 293 526 329 χρυσῷ
551 301 582 319 τε
599 292 645 319 καὶ
668 291 751 323 λίθοις
773 291 920 326 βασιλικοῖς

127 340 346 376 κεκοσμημένοψ
363 339 422 366 καθ’
435 339 527 375 ἓτερον
543 339 570 366 δὲ
585 339 645 366 καθ’
662 338 691 365 ὃν
706 339 755 374 τὴν
771 338 858 374 ἀρχὴν
874 338 922 364 αὺ-

125 387 178 423 τὴν
194 387 240 414 καὶ
255 386 304 422 τὴν
316 386 386 413 κατὰ
398 386 495 417 παντὸς
510 385 556 412 τοῦ
571 385 662 417 ἔθνους
684 384 841 420 ἡγεμονίαν,
857 384 920 419 θρό-

126 443 174 460 νον
193 433 329 469 βασιλείας
350 432 485 468 εἰώθαμεν
508 432 664 459 ὰτιοκαλεῖν·
681 431 772 467 τρίτος
799 431 832 457 ἂν
846 430 920 466 παρὰ

125 481 193 514 τοὺς
208 479 370 515 εἰρημένους
397 479 505 514 λεχθείη
519 478 619 514 τρόπος
631 499 639 511 ,
659 478 720 505 καθ’
739 477 767 504 ὃν
791 478 805 503 ὁ
832 478 914 512 ἐπηγ-

126 527 261 562 γελμένος
277 526 329 553 ὑπὸ
345 525 392 552 τοῦ
405 524 473 552 Θεοῦ
491 524 530 560 τῷ
555 525 638 551 Δαῦὶδ
652 524 745 560 θρόνος
758 523 919 559 ὀνομασθείη

127 571 163 597 ἂν
179 569 273 601 αὑτοῦ,
291 570 341 596 οὐκ
356 570 398 604 ἐφ’
410 570 439 596 ὃν
449 569 531 601 αὐτὸς
543 568 687 605 ὲκαθέσθη,
699 568 754 595 ἀλλ’
768 568 796 595 ὃν
812 568 857 595 διὰ
868 568 921 595 τῶν

127 616 198 652 πρὸς
214 617 294 643 αὑτὸν
305 615 463 652 θεοπρεπῶν
475 617 500 642 οἱ
514 615 580 642 θεῖοι
596 615 669 649 λόγοι
692 615 859 650 περιέχουσι·
876 615 922 649 γέ-

127 670 251 698 γραπται
266 660 320 696 γὰρ
349 662 377 687 ἐν
406 660 575 696 ὀγδοηκοστῷ
600 660 685 695 ὀγδόῳ
707 660 815 696 ψαλμῷ-
836 670 845 685 ι
878 660 921 692 Ὠς

127 707 225 743 ὤμοσα
240 706 322 733 Δαὸὶδ
332 706 370 741 τῷ
385 706 470 742 δούλῳ
486 706 608 742 μου,ἓως
618 706 665 732 τοῦ
676 705 772 737 αἰῶνος
787 706 922 741 ἑτοιμάσω

127 754 160 781 τὺ
179 754 288 789 σπέρμα
304 761 365 779 σου·
382 753 431 780 καὶ
457 753 626 789 οἰκοδομήσω
650 754 689 784 εἰς
706 752 802 787 γενεὰν
817 753 862 778 καί
877 760 922 786 γε-

127 800 194 826 νεὰν
226 799 269 826 τὸν
310 798 403 835 θρόνον
435 807 493 826 σου.
511 808 520 824 ι
540 798 595 825 Καὶ
624 798 715 824 πάλιν·
736 807 744 823 ι
764 797 819 824 Καὶ
840 796 920 832 θήσο-

129 854 181 881 μαι
198 846 238 877 εἰς
262 845 307 871 τὸν
324 844 407 871 αἰῶνα
424 844 470 871 τοῦ
498 844 595 875 αἰῶνος
628 843 659 870 τὺ
689 842 800 878 σπέρμα
827 841 920 874 αὐτοῦ,

127 891 233 918 καὶτὸν
248 890 340 926 θρόνον
360 890 442 917 αὑτοῦ
454 890 490 922 ὡς
506 889 556 921 τὰς
572 890 678 925 ἡμέρας
693 889 738 916 τοῦ
767 888 892 924 οὐρανοῦ.
908 898 918 914 ι

128 938 187 964 Καὶ
205 937 292 964 πάλιν·
312 946 320 962 ι
341 936 432 969 Ἀπαξ
446 936 540 972 ὤμοσα
552 937 580 963 ἐν
596 936 634 972 τῷ
657 936 727 971 ἁγίῳ
753 945 814 972 μου,
842 937 865 961 εἰ
881 935 920 971 τῷ

127 983 214 1010 Δαῦὶδ
229 983 374 1018 ψεύσομαι,
391 983 421 1009 τὸ
439 982 549 1018 σπέρμα
562 981 644 1008 αὑτοῦ
659 983 699 1013 είς
713 982 756 1008 τὸν
775 981 861 1008 αἰῶνα
874 981 923 1017 μέ-

128 1038 182 1062 νει,
197 1030 244 1056 καὶ
257 1030 271 1055 ὁ
288 1028 382 1064 θρόνος
394 1028 475 1055 αὐτοῦ
492 1028 529 1060 ὡς
541 1029 554 1054 ό
572 1027 646 1063 ἥλιος
660 1026 781 1053 ἐναντίον
799 1035 860 1062 μου,
876 1026 924 1053 καὶ

128 1076 169 1107 ὡς
184 1077 200 1111 ὴ
214 1075 311 1110 σελήνη
327 1073 532 1110 κατηρτισμένη
546 1074 585 1105 εἰς
597 1073 642 1099 τὸν
657 1072 752 1103 αίῶνα,
770 1072 817 1098 καὶ
830 1074 844 1098 ὸ
858 1071 924 1107 μάρ-

128 1130 180 1153 τυς
197 1122 226 1147 ἐν
243 1120 348 1156 οὐρανῷ
362 1120 484 1153 πιστός.»

130 1167 142 1177 '
168 1166 200 1202 β’.
225 1166 300 1192 Ἐπεὶ
313 1166 402 1193 τοίνυν
415 1166 508 1201 θρόνον
534 1165 572 1197 ὡς
587 1165 637 1197 τὰς
653 1164 758 1200 ἡμέρας
783 1164 828 1190 τοῦ
843 1165 924 1199 οὐρα-

129 1211 191 1244 νοῦ,
208 1211 255 1238 καὶ
267 1211 304 1243 ὡς
317 1212 362 1238 τὸν
379 1211 465 1238 αἰῶνα
479 1211 639 1246 διαμένοντα
663 1210 758 1236 δώσειν
772 1209 924 1245 ὲπήγγελτο

129 1257 177 1285 διὰ
191 1258 245 1285 τῶν
258 1259 409 1293 εἰρημένων
428 1258 442 1284 ὁ
458 1258 524 1289 Θεὸς
549 1257 588 1293 τῷ
604 1257 696 1289 Δαϐὶδ,
714 1257 796 1292 πολλὴ
810 1257 860 1292 μέν
882 1265 924 1288 τις

129 1302 167 1340 ἦν
184 1305 227 1332 διὰ
242 1304 325 1332 ταῦτα
349 1304 388 1339 τῷ
412 1305 494 1331 παντί
514 1305 647 1331 Ἰουδαίων
676 1304 746 1330 ἔθνει
775 1303 923 1339 προσδοκία

132 1352 199 1386 περὶ
217 1352 263 1378 τοῦ
274 1351 437 1388 δηλωθέντος
454 1351 558 1388 θρόνου·
575 1351 677 1386 βραχὺν
706 1351 734 1377 δὲ
758 1350 853 1386 χρόνον
876 1350 922 1376 τοῦ

129 1397 216 1423 Δαϐὶδ
244 1397 428 1432 ἡγησαμένου,
456 1397 502 1423 καὶ
531 1397 685 1432 Σολομῶνος
711 1397 768 1432 μετ’
785 1397 877 1427 αὑτὸν,
892 1396 922 1422 οὐ

133 1442 190 1478 μὴν
202 1442 269 1469 ἀλλὰ
284 1443 329 1469 καὶ
341 1443 394 1469 τῶν
405 1443 535 1478 διαδόχων
551 1443 601 1478 τῆς
614 1442 702 1470 αὐτῶν
730 1442 867 1478 βασιλείας
884 1443 923 1474 εἰς

139 1489 267 1524 Ἰεχονίαν
281 1489 327 1515 καὶ
354 1489 402 1524 τὴν
419 1489 458 1520 είς
475 1488 621 1515 Βαϐυλῶνα
638 1488 824 1524 αἰχμαλωσίαν
840 1496 924 1514 κατα-

132 1534 318 1570 στρεψάντων,
331 1534 369 1566 ὡς
383 1534 412 1567 ἐξ
424 1534 528 1560 ἐκείνου
544 1534 670 1561 λελύσθαι
688 1535 734 1561 τὸν
756 1534 849 1570 θρόνον
874 1536 923 1570 τῆς

134 1579 272 1615 βασιλείας
289 1579 380 1611 Δαὸὶδ,
405 1579 491 1606 ἐδόκει
505 1579 540 1606 τὰ
567 1580 617 1615 τῆς
630 1579 684 1606 τῶν
695 1579 774 1607 θείων
791 1580 923 1616 χρησμῶν
936 1600 957 1629 c

132 1626 299 1661 ἐπαγγελίας
318 1627 354 1662 μὴ
367 1627 549 1654 συνίστασθαι·
563 1626 641 1653 τοῦτο
662 1624 708 1654 οὖν
719 1626 785 1653 αὐτὸ
799 1626 838 1662 τῷ
858 1626 922 1662 θείῳ

133 1671 273 1706 Πνεύματι
291 1671 371 1698 πάλιν
387 1672 401 1698 ό
431 1671 512 1703 αὐτὸς
524 1671 631 1707 ψαλμὸς
653 1672 832 1707 προαγορεύει
860 1672 924 1707 ἑξῆς

133 1718 192 1748 τοῖς
205 1717 434 1753 προπαρατεθεῖσι
448 1717 546 1752 λέγων·
575 1727 584 1744 ι
603 1718 657 1744 Ποῦ
669 1719 722 1745 εἰσι
739 1718 773 1744 τὰ
788 1718 850 1754 ἐλέη
877 1726 924 1744 σου

133 1761 169 1789 τὰ
183 1763 293 1798 ἀρχαῖα,
309 1762 406 1799 Κύριε,
421 1763 438 1790 ἃ
448 1763 559 1799 ὤμοσας
574 1763 613 1799 τῷ
626 1763 708 1790 Δαῦὶδ
717 1765 746 1790 ὲν
761 1765 793 1800 τῇ
812 1763 925 1800 ἀληθείᾳ

135 1816 202 1841 σου;
224 1817 233 1833 ι
253 1809 307 1834 Καὶ
321 1809 372 1844 τήν
382 1817 413 1844 γε
430 1809 590 1846 καθαίρεσιν
604 1809 654 1845 τῆς
681 1809 819 1845 βασιλείας
830 1809 923 1842 αὐτοῦ,

134 1855 183 1881 καὶ
197 1855 246 1890 τῆς
260 1855 384 1891 διαδοχῆς
399 1855 547 1887 αὐτοῡ,τοῦ
562 1856 656 1892 θρόνου
673 1865 702 1882 τε
718 1855 766 1892 τὴν
775 1864 926 1892 καταστρο-

135 1901 190 1936 φὴν
208 1900 355 1937 διαρρήδην
379 1902 558 1937 ὑποσημαίνει
575 1902 655 1929 πάλιν
672 1902 735 1936 ἑξῆς
752 1901 795 1928 διὰ
812 1902 923 1928 τούτων·

138 1957 147 1973 ι
167 1947 204 1973 Σὺ
219 1947 247 1974 δὲ
263 1948 366 1975 ἀπώσω
392 1949 438 1976 καὶ
460 1948 652 1982 ὲξουδένωσας,
670 1949 766 1983 Κύριε·
794 1948 924 1975 ἀνεϐαλου

133 1994 182 2020 τὸν
198 1995 314 2030 Χριστόν
328 2003 385 2027 σου,
401 1995 585 2032 κατέστρεψας
602 1995 650 2031 τῆν
660 1996 793 2031 διαθήκην
807 1995 853 2022 τοῦ
863 1995 923 2022 δού-

135 2040 184 2067 λου
204 2049 260 2073 σου,
274 2040 446 2076 ὲ6ε6ήλωσας
459 2043 499 2074 εἰς
513 2043 563 2078 τὴν
575 2042 626 2078 γῆν
638 2043 667 2069 τὸ
678 2042 800 2077 ἁγίασμα
813 2041 922 2068 αὐτοῦ’»

136 2087 186 2114 καὶ
199 2086 332 2122 ἐπιφέρει·
352 2096 361 2112 ι
381 2087 426 2113 τὸν
443 2087 536 2122 θρόνον
550 2087 632 2114 αὑτοῦ
652 2088 692 2119 είς
707 2087 755 2123 τὴν
767 2088 817 2122 γῆν
831 2087 916 2123 κατέῤ

136 2133 233 2169 ῥήξας.
242 2143 251 2158 ι

174 2181 211 2214 γ’.
226 2178 317 2207 Ταῦτα
332 2180 420 2207 πάντα
432 2181 502 2206 κατὰ
511 2180 542 2206 τὸ
558 2180 622 2207 αὐτὸ
634 2180 744 2214 συνάγει
759 2180 789 2206 τὸ
802 2179 923 2214 Πνεῦμα,

137 2227 282 2261 μονονουχὶ
298 2226 457 2262 βουλόμενον
469 2227 543 2262 ἡμᾶς
563 2227 677 2260 διδάξαι,
702 2227 742 2253 ὅτι
756 2227 786 2253 οὑ
800 2225 925 2262 περὶτῆς

406 191 640 226 ουιΕδτιοΝεε
660 189 891 218 ΕΥΑΝΙΞΕΙΑΙΟᾹΞ
911 189 956 216 AD
975 189 1194 217 SPEPHANUM,
1217 205 1250 209 —
1271 189 1435 222 QUIESTIO
1455 189 1513 217 XV.

126 250 274 282 ἐκαθέζετο
288 248 524 284 βασ“ιλεύων,τάχα
539 256 589 274 που
605 247 635 279 ἐξ
655 247 800 281 ἐλέφαντος
814 245 859 271 καὶ
875 244 921 277 ξύ·
937 247 957 274 Α

1707 191 1759 219 950

973 245 999 272 in
1022 253 1076 280 quo
1095 253 1142 273 rex
1166 246 1285 278 residet,
1309 245 1390 272 ebore
1410 250 1473 280 puta
1498 246 1634 282 lignisque
1646 254 1758 284 compa-

971 296 1044 319 ctum
1055 312 1062 325 ,
1074 299 1196 327 auroque
1210 296 1237 319 et
1251 292 1334 328 regiis
1345 292 1481 327 lapidibus
1501 297 1673 320 exornatum.
1697 294 1759 321 Alio

970 338 1068 370 modo,
1088 346 1143 373 quo
1167 338 1312 374 imperium
1328 338 1418 373 ipsum
1433 341 1515 372 atque
1530 338 1649 366 universi
1665 340 1758 374 populi

972 383 1101 411 ducatum
1113 404 1120 416 ,
1133 384 1263 411 thronum
1278 384 1354 419 regni
1371 384 1494 411 solemus
1507 391 1616 411 vocare.
1633 384 1757 417 Tertius,

971 435 1069 464 praeter
1081 429 1226 464 przedictos
1235 450 1242 462 ,
1259 430 1356 457 modus
1368 433 1427 462 est,
1439 438 1494 465 quo
1509 430 1553 457 ille
1567 438 1582 458 a
1596 430 1652 458 Deo
1665 431 1760 459 Davidi

972 476 1126 512 promissus
1146 477 1277 510 thronus,
1295 476 1349 504 dici
1366 481 1456 511 potest
1473 477 1591 504 thronus
1608 477 1685 512 ejus,
1704 485 1760 506 non

972 521 999 548 in
1013 529 1069 556 quo
1085 521 1143 556 ipse
1158 521 1278 554 sederit,
1291 521 1337 549 sed
1353 529 1433 556 quem
1448 529 1496 556 per
1511 522 1634 550 cmlestia
1649 522 1682 551 ad
1697 531 1761 550 eum

971 567 1104 595 vaticinia
1128 567 1228 596 divina:
1252 569 1352 596 litterae
1377 569 1531 597 continent.
1557 568 1698 604 Scriptum
1717 574 1760 597 est

972 614 1045 642 enim
1058 614 1087 642 in
1100 614 1269 650 octogesimo
1282 619 1380 642 octavo
1394 615 1501 650 psalmo
1517 625 1523 642 :
1537 625 1545 641 ι
1555 614 1650 643 Juravi
1664 608 1760 642 Davidi

973 669 1052 690 servo
1072 669 1153 689 meo:
1172 661 1266 697 Usque
1290 662 1319 689 in
1342 662 1473 689 szeculum
1491 662 1649 698 prieparabo
1667 669 1760 690 semen

974 712 1049 734 tuum
1062 716 1070 741 ;
1083 711 1110 735 et
1124 707 1251 735 thronum
1269 713 1344 735 tuum
1360 708 1502 736 aediﬁcabo
1516 709 1542 735 in
1557 709 1759 743 generationem

972 758 999 781 et
1013 753 1230 789 generationem.
1247 763 1255 780 ι
1271 753 1418 784 ELrnrsus
1434 764 1440 781 ι
1457 763 1466 780 ‹
1487 753 1646 789 Ponamque
1663 753 1693 781 in
1707 761 1759 782 ste-

973 798 1066 826 culuin
1086 799 1180 826 saeculi
1202 806 1295 826 semen
1316 798 1394 834 ejus,
1417 802 1444 826 ct
1463 799 1592 827 thronum
1612 798 1673 833 ejus
1688 798 1760 827 sicut

972 844 1031 872 dies
1055 844 1128 872 cceli.
1144 855 1154 871 ι
1169 844 1202 871 Ει
1223 844 1333 872 denuo:
1350 854 1359 870 ι
1378 844 1468 873 Semel
1490 845 1583 880 juravi
1607 845 1636 872 in
1662 848 1760 873 sancto

973 898 1051 923 meo,
1064 891 1086 919 si
1101 891 1197 918 Davidi
1211 890 1346 924 mentiar;
1361 899 1454 919 semen
1467 891 1527 926 ejus
1537 895 1628 918 manet
1640 891 1668 918 in
1681 893 1760 919 ater-

975 943 1050 964 num.
1082 935 1212 964 Thronus
1239 936 1300 970 ejus
1322 940 1453 971 tanquam
1481 936 1523 964 sol
1551 936 1580 964 in
1607 939 1760 972 conspectu

974 991 1035 1010 meo
1046 1003 1053 1015 ,
1069 987 1097 1012 et
1112 983 1184 1011 sicut
1201 983 1265 1011 luna
1280 983 1401 1018 perfecta
1418 983 1445 1010 in
1459 986 1593 1011 aeternum
1608 992 1616 1017 ;
1635 986 1662 1011 et
1679 982 1760 1011 testis

974 1030 1002 1057 in
1019 1029 1089 1057 coelo
1105 1029 1203 1058 ﬁdelis.
1222 1039 1230 1055 ι

1008 1165 1035 1192 2.
1057 1165 1143 1201 Igitur
1165 1166 1228 1201 quia
1251 1166 1396 1198 thrcnum,
1422 1171 1553 1202 tanquam
1575 1167 1634 1196 dies
1655 1168 1718 1196 coeli
1733 1172 1760 1197 et

974 1216 1103 1246 tanquam
1130 1212 1215 1239 solem
1239 1216 1266 1239 et
1291 1213 1402 1245 lunam,
1422 1213 1450 1240 in
1473 1213 1574 1241 smnia
1596 1213 1759 1242 duraturum

974 1257 1136 1292 promiserat
1153 1256 1248 1284 Davidi
1263 1257 1354 1285 verbis
1366 1257 1505 1292 praedictis
1518 1258 1603 1290 Deus,
1614 1263 1760 1294 propterea

973 1302 1059 1330 multa
1072 1306 1130 1329 erat
1144 1303 1172 1330 in
1192 1303 1318 1331 universa
1336 1303 1492 1331 Iudaeorum
1514 1309 1594 1340 gente
1616 1304 1761 1339 signia/cati

973 1349 1064 1376 throni
1073 1349 1251 1384 exspectatio.
1265 1349 1388 1385 Cumque
1400 1350 1476 1378 brevi
1489 1354 1612 1386 tempore
1626 1351 1762 1387 principa-

973 1400 1030 1423 tum
1041 1396 1172 1430 gessisset
1184 1395 1269 1423 David
1278 1416 1285 1429 ,
1299 1401 1326 1424 et
1335 1400 1396 1432 post
1404 1397 1478 1424 hunc
1490 1397 1632 1430 Salomon,
1645 1403 1672 1425 et
1684 1406 1762 1433 reges

974 1441 1071 1469 horum
1085 1449 1262 1470 successores
1273 1442 1300 1469 in
1311 1442 1443 1470 Jechonia
1459 1451 1490 1470 ac
1499 1443 1663 1479 Babylonica
1675 1444 1762 1480 capti-

975 1486 1060 1513 vitate
1074 1487 1259 1514 cessavisscnt
1273 1507 1280 1520 ,
1299 1487 1337 1514 ita
1357 1491 1388 1515 ut
1407 1492 1470 1523 post
1491 1488 1518 1515 id
1539 1493 1647 1524 tempus
1669 1490 1763 1525 regius

974 1531 1086 1560 Davidis
1100 1533 1217 1561 thronus
1234 1533 1382 1561 subversas
1401 1534 1503 1568 fuerit;
1525 1535 1691 1563 videbantur
1703 1543 1758 1564 non

975 1578 1026 1606 sithi
1041 1583 1169 1607 constare
1183 1579 1340 1607 divinorum
1353 1581 1529 1608 oraculorum
1546 1582 1758 1616 promissiones.

974 1623 1157 1656 Quamobrem
1168 1625 1263 1652 eodem
1273 1625 1367 1653 divino
1377 1625 1480 1661 Spiritu
1492 1633 1603 1654 rursum
1615 1627 1763 1661 praedictus

974 1670 1108 1705 psalmus,
1124 1676 1222 1705 prazter
1238 1675 1302 1699 ante
1314 1671 1397 1705 dicta,
1413 1673 1453 1699 sic
1469 1672 1605 1708 loquitur:
1616 1673 1683 1701 «Ubi
1698 1678 1763 1701 sunt

974 1715 1173 1744 misericordiae
1190 1721 1244 1745 tua:
1263 1718 1400 1752 antiquae,
1421 1718 1550 1751 Domine,
1572 1727 1640 1754 quas
1659 1719 1761 1754 jurasti

977 1762 1072 1790 Davidi
1095 1763 1123 1790 in
1142 1764 1258 1791 veritate
1272 1767 1317 1791 tua
1329 1765 1340 1791 ?
1352 1775 1361 1790 ι
1376 1764 1446 1792 Τυιιι
1466 1765 1547 1792 etiam
1563 1765 1639 1800 regni
1654 1766 1715 1800 ejus
1727 1774 1760 1794 ac

975 1809 1160 1837 successionis
1173 1810 1310 1838 excidium
1326 1811 1473 1846 thronique
1486 1811 1655 1839 eversionem
1669 1816 1762 1847 aperte

975 1855 1065 1882 innuit
1081 1855 1109 1882 in
1133 1857 1328 1891 sequentibus:
1345 1866 1354 1882 ι
1369 1856 1410 1884 Τιι
1430 1865 1496 1884 vero
1516 1857 1639 1892 repulisti
1663 1862 1690 1885 et
1711 1857 1760 1886 de-

975 1901 1088 1937 spexisti
1099 1921 1106 1934 ,
1119 1900 1233 1929 Domine
1247 1911 1254 1935 ;
1270 1901 1403 1929 distulisti
1416 1901 1558 1929 Christum
1572 1906 1649 1930 tuum
1665 1912 1672 1936 ;
1685 1911 1761 1931 ever-

974 1948 1033 1975 tisti
1059 1951 1254 1976 testamentum
1278 1949 1348 1976 servi
1374 1948 1433 1981 tui;
1458 1948 1611 1984 profanasti
1637 1949 1664 1976 in
1687 1953 1761 1977 terra

976 1994 1164 2022 sanctuarium
1179 1995 1240 2030 ejus
1251 2004 1274 2028 ,ι
1284 1995 1414 2031 additque
1427 2005 1433 2022 :
1453 2004 1462 2021 ι
1475 1999 1502 2023 et
1515 1995 1643 2023 thronum
1657 1996 1717 2031 ejus
1733 1995 1762 2023 in

975 2044 1076 2067 terram
1091 2040 1228 2068 coliisisti.
1239 2050 1249 2067 ι

1010 2176 1037 2204 5.
1056 2175 1118 2204 Haec
1138 2175 1230 2204 omnia
1247 2176 1406 2205 summatim
1426 2175 1530 2212 colligit
1544 2175 1655 2204 divinus
1671 2177 1762 2212 Spiri—

977 2227 1022 2250 tus
1032 2242 1040 2254 ,
1056 2222 1252 2257 propemodum
1266 2221 1365 2249 docere
1381 2228 1432 2248 nos
1446 2221 1556 2254 volens,
1571 2220 1644 2248 haud
1657 2222 1764 2250 visibile

137 2271 279 2307 βασιλείας
305 2273 354 2308 τῆς
380 2273 522 2308 αἰσθητῆς,
551 2273 609 2299 οὐδὲ
623 2273 686 2308 περὶ
709 2273 756 2300 τοῦ
769 2272 862 2308 θρόνου
878 2271 924 2298 τοῦ

979 2277 1091 2304 regnum
1112 2268 1208 2296 Davidi
1229 2267 1315 2296 fuisse
1332 2267 1499 2303 promissum
1523 2275 1612 2303 neque
1633 2268 1763 2295 thronum

138 2320 367 2355 σωματικὼτερον
377 2320 521 2356 νοουμένου
538 2321 566 2347 αἱ
579 2321 646 2356 πρὸς
659 2320 739 2347 Δαϐὶδ
760 2318 829 2355 ἦσαν
841 2320 925 2354 ἐπαγ-

138 2366 240 2400 γελίαι·
253 2367 282 2393 αἱ
297 2367 345 2402 μὲν
359 2366 413 2402 γὰρ
425 2367 489 2402 περί
507 2375 580 2399 τινος
591 2367 700 2394 αἰωνίου
725 2366 832 2402 θρόνου,
850 2366 928 2392 ἀπει-

137 2413 292 2448 καζομένου
322 2413 390 2448 ἡλίῳ
415 2414 462 2440 καὶ
481 2413 598 2449 οὐρανῷ,
630 2412 802 2449 διαμένοντός
829 2421 858 2439 τε
888 2413 927 2444 εἰς

138 2458 239 2491 αἰῶνα,
254 2459 459 2494 προεθέσπιζον·
480 2461 497 2495 ἡ
509 2460 538 2486 δέ
550 2468 581 2493 γε
594 2459 641 2486 τοῦ
665 2459 747 2486 Δαὸὶδ
774 2459 895 2494 βασιλεία
911 2459 927 2493 ἡ

139 2503 268 2539 αἰσθητή,
283 2504 371 2540 χρόνῳ
386 2505 480 2531 λέλυτο
494 2505 543 2531 οὐκ
564 2505 603 2536 εἰς
620 2504 732 2539 μακρόν·
747 2504 858 2535 εἰκότως
875 2512 929 2530 τοι-

139 2548 246 2585 γαροῦν
264 2550 311 2576 τοῦ
331 2550 425 2586 θρόνου
453 2550 501 2586 τῆς
526 2549 658 2585 αἰσθητῆς
685 2549 820 2584 βασιλείας
849 2549 928 2576 Δαόἰδ

138 2596 192 2631 τὴν
205 2595 362 2631 καθαίρεσιν
374 2595 544 2631 ὑπογράψας,
552 2595 597 2621 καὶ
609 2594 703 2626 εἰπὼν,
717 2594 761 2620 τὸν
772 2593 864 2629 θρόνον
879 2593 928 2619 αὺ-

139 2642 190 2670 τοῦ
205 2643 245 2674 είς
257 2642 305 2678 τὴν
321 2642 372 2679 γῆν
386 2642 566 2678 κατέρῤηξας,
580 2642 643 2677 περί
655 2641 701 2667 τοῦ
724 2641 768 2667 διὰ
783 2640 836 2666 τῶν
850 2641 928 2667 θείων

141 2689 277 2725 χρησμῶν
290 2689 493 2724 ὲπηγγελμένου
508 2687 615 2714 αἰωνίου
629 2687 675 2714 καὶ
699 2687 822 2722 οὐρανίου
834 2686 928 2721 θρόνου

142 2734 210 2768 ἑξῆς
222 2733 271 2769 ⁴ιῖὴν
286 2734 366 2769 εὐχὴν
380 2735 496 2760 ποιεῖται
517 2732 614 2766 λέγων·
637 2742 645 2757 ι
663 2732 718 2758 Ποῦ
745 2733 796 2758 εισι
818 2731 851 2758 τὰ
866 2731 928 2767 ὲλέη

144 2789 192 2806 σου
206 2779 240 2806 τὰ
260 2781 372 2815 ἀρχαῖα,
395 2779 490 2815 Κύριε,
512 2779 530 2805 ἃ
552 2778 662 2814 ὤμοσας
690 2777 727 2812 τῷ
752 2777 833 2803 Δαῦὶδ
855 2778 882 2803 ἐν
895 2779 928 2813 τῇ

142 2825 259 2861 ἀληθεία
283 2834 347 2859 σου;
366 2836 374 2851 ι
397 2825 537 2860 μονονουχὶ
561 2824 610 2856 τὰς
637 2823 764 2855 ὲκῦὰσεις
794 2823 847 2849 τῶν
870 2822 929 2858 μεθ’

143 2873 228 2908 ὅρκου
259 2871 476 2904 διαὸεϐαιώσεως
506 2870 718 2907 ἐπηγγελμένων
741 2869 815 2905 αὐτῷ
838 2869 929 2901 τέλους

142 2919 235 2954 τυχεῖν
247 2918 338 2951 ἀξιῶν.

977 2316 1157 2351 corporaliter
1172 2315 1388 2351 intelligendum.
1411 2314 1466 2341 llla’.
1480 2314 1582 2350 quippe
1601 2315 1762 2349 promissio-

978 2370 1027 2390 nes
1047 2361 1174 2388 thronum
1194 2361 1340 2396 quemdam
1360 2365 1493 2388 aeternum
1510 2359 1696 2387 vaticinantur
1711 2359 1763 2386 soli

977 2411 1005 2435 et
1023 2407 1095 2433 lunae
1114 2406 1239 2441 coeloque
1257 2405 1374 2433 similem
1387 2425 1394 2437 ,
1416 2405 1519 2439 quique
1540 2407 1686 2440 perpetuus
1705 2410 1763 2430 ma-

979 2456 1051 2480 neat.
1072 2452 1155 2486 Atqui
1173 2451 1283 2478 Davidis
1297 2450 1406 2479 visibile
1420 2458 1533 2486 regnum
1549 2450 1622 2477 brevi
1640 2453 1763 2485 tempore

978 2499 1098 2526 deletum
1115 2501 1167 2526 est.
1199 2497 1382 2531 Quamobrem
1397 2497 1460 2531 jure
1475 2504 1539 2524 cum
1552 2503 1615 2523 mox
1631 2496 1762 2527 dixisset,

979 2546 1107 2572 thronum
1127 2543 1247 2571 Davidici
1267 2543 1343 2578 regni
1353 2542 1467 2570 visibilis
1488 2541 1571 2569 fuisse
1581 2541 1762 2573 subversum,

983 2601 991 2616 α
1006 2591 1136 2618 thronum
1163 2590 1223 2625 ejus
1249 2590 1276 2616 in
1302 2593 1403 2616 terram
1430 2587 1575 2620 collisisti;
1594 2590 1673 2613 itum
1699 2594 1764 2614 vero

980 2636 1072 2665 throni
1089 2636 1149 2671 ejus
1161 2636 1268 2671 gratia,
1284 2642 1364 2670 quem
1380 2633 1472 2661 divina
1495 2632 1608 2660 oracula
1631 2637 1763 2658 internum

980 2683 1174 2717 cmlestemque
1190 2682 1285 2714 aiunt,
1302 2688 1398 2716 preces
1415 2679 1511 2707 addit:
1527 2688 1536 2703 ι
1553 2677 1606 2705 Ubi
1626 2681 1690 2705 sunt
1714 2677 1764 2703 mi-

980 2729 1136 2757 sericordia:
1151 2733 1204 2755 tuae
1218 2728 1337 2763 antiqua.-
1347 2748 1355 2761 ,
1370 2726 1484 2753 Domine
1494 2745 1501 2758 ,
1517 2731 1586 2760 quas
1598 2723 1697 2759 jurasti
1713 2722 1765 2749 Da-

980 2775 1036 2803 vidi
1053 2775 1082 2802 in
1097 2775 1214 2802 veritate
1227 2773 1294 2801 tua?
1309 2783 1318 2799 ι
1332 2773 1432 2808 quibus
1443 2771 1536 2800 verbis
1550 2774 1643 2806 petere
1657 2769 1765 2797 videtur

981 2826 1011 2848 ut
1034 2821 1231 2856 promissiones
1248 2822 1422 2849 sacramento
1443 2818 1555 2847 ﬁrmatae
1572 2817 1676 2845 exitum
1697 2821 1766 2843 nan-

980 2867 1130 2896 ciscantur.
