2065 3216
324 193 375 222 931

642 190 775 219 EUSEBII
795 189 1034 218 CAESARIENSIS
1061 189 1136 218 ΟΡΙ).
1158 189 1248 217 PARS
1262 190 1305 218 l'l.
1326 206 1360 211 —-
1383 189 1587 218 EXEGETICA.

1892 189 1943 216 9.1!

361 253 389 281 4.
407 252 454 280 llic
469 252 595 278 nimirum
622 251 738 278 thronus
760 250 804 277 ille
818 253 870 281 est,
885 257 964 284 quem
982 257 1012 277 se
1027 249 1107 276 datu-

1193 249 1223 276 δ’.
1259 249 1357 276 Τοῦτον
1379 247 1426 276 οὖν
1451 249 1531 276 αὑτὸν
1557 249 1657 275 ἐκεῖνον
1677 247 1706 274 ὃν
1720 247 1824 283 ὤμοσεν
1850 248 1865 273 6
1881 248 1944 279 Θεὸς

327 306 386 325 rum
400 297 493 324 Davidi
513 296 583 323 Deus
597 296 710 330 jurarit.
720 299 850 330 tanquam
864 295 924 322 dies
937 294 998 322 εωιὶ
1012 298 1039 322 et
1050 295 1107 321 vel-

327 344 367 370 uti
389 343 472 370 solem
489 342 515 368 in
529 346 677 376 conspectu
694 340 752 373 Dei,
769 341 793 368 is
805 345 845 368 est
859 340 906 376 qui
920 340 1022 367 dicitur
1038 339 1110 367 sicut

326 389 389 414 luna
403 387 522 422 perfecta
538 387 564 413 in
584 392 728 419 aeternum,
756 389 784 413 et
809 393 888 421 quem
900 392 967 419 gens
981 385 1109 412 universa

326 433 428 460 ﬁrmari
444 433 600 467 exoptabat.
632 433 721 467 Atque
747 431 822 458 hunc
851 438 969 465 magnus
996 430 1109 465 angelus

325 477 436 508 Gabriel
456 478 560 513 Virgini
584 478 721 513 signiﬁcat
745 477 838 504 datum
853 477 876 504 ei
893 477 926 503 iri
943 476 990 511 qui
1005 484 1039 503 ex
1052 476 1110 510 ipsa

326 527 495 551 nasceretur.
508 523 598 556 Quare
615 524 654 550 sic
676 524 749 550 illam
765 522 914 557 alloquitur
932 530 939 549 :
956 531 966 547 ‹
982 521 1015 548 Et
1030 528 1110 549 voca-

326 569 370 597 bis
380 577 478 596 nomen
489 569 550 603 ejus
564 568 657 596 Iesum
677 577 683 594 ε
705 569 748 595 hic
766 569 817 595 erit
832 575 958 602 magnus,
981 571 1008 594 et
1026 567 1110 595 Filius

327 614 459 641 Altissimi
473 614 616 640 vocabitur
632 622 639 639 :
655 617 682 641 et
693 613 769 641 dabit
788 613 827 640 illi
841 612 973 640 Dominus
984 612 1055 640 Deus
1066 620 1109 640 se-

327 658 388 686 dem
401 658 512 686 Davidis
527 659 613 694 patris
628 659 698 693 ejus.
717 668 726 684 ι
744 658 805 686 Mox
819 666 899 694 quem
923 658 1053 685 thronum
1069 659 1111 686 in-

327 704 430 740 telligat
456 704 550 739 pandit
567 713 573 730 :
589 714 598 730 ι
613 704 646 730 Et
660 704 783 738 regnabit
812 704 841 730 in
868 703 949 731 domo
972 703 1057 731 Iacob
1082 704 1110 731 in

327 753 457 777 aeternum
471 758 478 782 ;
494 753 521 777 et
539 749 616 784 regni
632 750 691 784 ejus
716 757 770 776 non
787 750 839 776 erit
865 748 944 776 ﬁnis:
959 758 967 774 ι
983 756 1044 784 quae
1057 748 1110 776 Ga-

328 795 421 822 brielis
436 795 509 822 dicta
523 795 643 822 oraculis
666 799 830 821 consonant.
843 793 913 821 Olim
927 794 1038 829 quidem
1057 795 1111 820 Da-

327 839 382 867 vidi
397 840 476 867 sedes
489 839 582 866 aeterni
606 839 681 874 regni
698 846 731 865 ac
753 839 874 866 cmlestis
897 838 1031 873 promissa
1045 837 1110 872 fuit;

328 892 401 911 nunc
411 884 524 919 angelus
546 891 608 911 cum
624 884 669 918 qui
689 883 722 910 de
746 883 856 918 Virgine
880 883 1032 918 gignendus
1053 887 1112 910 erat

328 934 524 964 occupaturum
539 930 576 956 ait
589 929 699 957 Davidis
714 929 860 962 thronum;
872 929 1026 956 nuntiatum
1038 929 1112 957 scili-
1128 927 1148 954 B

327 979 382 1008 cet,
396 983 484 1010 neque
498 979 587 1002 tamen
594 975 686 1002 datum
698 974 771 1010 (2i):
787 975 810 1002 is
826 979 915 1002 autem
927 975 1111 1002 cmlestiserat

331 1027 359 1049 et
369 1022 429 1049 sine
447 1022 500 1049 ﬁne
515 1029 672 1050 mansurus.
685 1021 750 1048 Erat
761 1022 845 1057 igitur
862 1021 907 1048 hic
920 1021 1010 1049 exitus
1025 1021 1113 1048 maxi-

328 1069 365 1095 mi
375 1067 497 1095 vaticinii
515 1067 609 1095 Davidi
622 1067 686 1094 editi
702 1067 832 1102 omnique
845 1067 946 1102 populo
961 1067 1111 1101 exspectati

329 1114 455 1149 quodque
466 1113 574 1140 Gabriel
587 1116 706 1140 testatur
726 1113 754 1140 in
776 1113 924 1140 Servatore
936 1116 1034 1140 nostro
1046 1111 1111 1139 Iesu

327 1160 439 1188 Christo
453 1159 604 1187 veridicum
626 1159 747 1186 evasisse
761 1168 770 1184 ι
790 1158 915 1194 regnabit
927 1158 956 1185 in
966 1161 1110 1190 aeternum,

328 1209 355 1233 et
365 1205 441 1241 regni
456 1205 516 1240 ejus
532 1212 586 1232 non
602 1204 654 1231 erit
666 1204 738 1232 ﬁnis.
751 1214 759 1230 ι
775 1203 865 1236 Quare
877 1207 903 1231 et
918 1204 976 1239 ipse
985 1203 1112 1231 Servator

329 1258 361 1277 ac
378 1249 508 1278 Dominus
525 1253 619 1277 noster
629 1257 692 1276 cum
704 1253 858 1284 rogaretur.
875 1257 940 1276 num
963 1249 1022 1284 ipse
1039 1252 1111 1276 esset

330 1303 376 1322 rex
400 1294 555 1322 Iudaeorum
571 1316 578 1328 ,
595 1295 737 1330 respondit
751 1302 758 1319 :
778 1304 794 1322 ο
807 1294 930 1329 Regnum
944 1301 1034 1321 meum
1057 1302 1111 1321 non

329 1345 372 1368 est
397 1341 430 1368 de
447 1341 499 1368 hoc
527 1340 630 1367 mundo
644 1341 676 1366 δ’.
697 1351 706 1366 ι
731 1339 803 1366 Nihil
832 1340 904 1367 cnim
935 1340 1050 1368 mortale
1065 1343 1112 1366 aut

330 1387 477 1422 temporale
493 1386 651 1414 conferebat
665 1387 689 1414 ei
711 1386 787 1421 regni
803 1385 882 1413 sedes
896 1395 902 1412 :
918 1385 966 1413 sed
983 1385 1041 1421 ipse
1055 1391 1113 1413 erat

330 1432 358 1459 in
370 1432 500 1460 universo
523 1433 662 1460 hominum
679 1436 751 1459 cmtu
767 1431 835 1458 lucis
849 1431 937 1459 instar
954 1431 1111 1466 splendens.

330 1477 413 1505 veluti
432 1478 472 1505 sol
487 1482 515 1505 et
530 1477 602 1504 sicut
612 1477 675 1504 luna
698 1476 817 1512 perlecta
832 1476 860 1503 in
875 1480 1018 1507 aeternum,
1034 1476 1113 1504 intel-

330 1523 460 1551 lectuales
485 1523 591 1550 animas
616 1530 665 1558 per
682 1529 759 1549 suam
774 1521 896 1548 divinam
917 1522 1112 1549 caalestemrue

329 1569 482 1597 doctrinam
499 1569 652 1596 illustrans.

329 1624 390 1647 νος·
417 1615 474 1642 ἀλλ’
500 1613 533 1650 ἦν
560 1615 666 1651 ἀληθῶς
694 1615 754 1641 καθ’
785 1615 848 1650 ὅλης
877 1615 928 1650 τῆς
960 1614 1110 1651 ἀνθρώπων
1129 1617 1292 1653 οἰκουμένης
1307 1638 1313 1650 ,

1159 295 1254 322 δώσειν
1334 295 1415 321 Δαϐὶδ
1437 294 1540 330 θρόνον,
1563 295 1609 321 τὸν
1630 295 1668 325 ὡς
1690 293 1739 325 τὰς
1763 293 1870 328 ἡμέρας
1897 293 1944 319 τοῦ

1159 340 1291 376 οὐρανοῦ,
1315 340 1362 367 καὶ
1384 340 1431 367 τὸν
1453 340 1488 372 ὡς
1514 341 1528 366 6
1547 340 1621 375 ἥλιος
1647 339 1766 366 ἐναντίον
1794 338 1840 365 τοῦ
1866 338 1944 369 Θεοῦ,

1160 387 1207 413 καὶ
1225 387 1270 412 τὸν
1290 387 1328 417 ὡς
1352 385 1464 421 σελήνην
1488 386 1706 422 κατηρτισμένην
1727 385 1767 416 εἰς
1784 384 1829 410 τὸν
1846 384 1944 414 αἰῶνα,

1160 432 1264 464 παντὸς
1289 432 1431 466 ἐπιστῆναι
1454 431 1500 457 τοῦ
1526 430 1618 462 ἔθνους
1641 431 1802 466 εὐχομένου,
1828 432 1842 457 6
1860 431 1947 465 μέγας

1160 477 1274 511 ἄγγελος
1287 477 1405 513 Γαϐριὴλ
1421 477 1469 513 τὴν
1481 476 1618 512 Παρθένον
1643 475 1848 510 εὐαγγελίζεται
1863 475 1902 510 τῷ
1918 475 1946 508 ἐξ

1160 524 1242 558 αὐτῆς
1265 523 1453 558 γεννησομένῳ
1475 522 1634 557 δοθήσεσθαι
1657 521 1806 553 θεσπίζων·
1823 522 1865 548 διό
1880 530 1947 557 φησι

1160 568 1227 604 πρὸς
1242 568 1341 604 αὑτήν-
1359 578 1367 594 ι
1380 569 1432 594 Καὶ
1447 568 1570 600 καλέσεις
1585 568 1616 594 τὸ
1630 567 1715 602 ὄνομα
1731 567 1813 594 αὐτοῦ
1829 567 1946 602 Ἰησοῦν·

1160 612 1235 646 οὗτος
1251 615 1326 640 ἔσται
1349 614 1446 650 μέγας,
1461 615 1506 641 καὶ
1528 615 1592 646 Υἱὸς
1615 614 1742 648 Ὑψίστου
1764 613 1946 649 κληθήσεται·

1161 660 1208 686 καὶ
1228 658 1306 685 δώσει
1323 659 1401 694 αὐτῷ·
1412 660 1513 695 Κύριος
1529 660 1542 686 6
1553 659 1619 691 Θεὸς
1635 659 1680 686 τὸν
1696 659 1790 694 θρόνον
1803 659 1886 685 Δαϐἰδ
1900 658 1948 686 τοῦ

1161 705 1262 740 πατρὸς
1275 705 1368 732 αὑτοῦ.
1386 715 1395 730 ι
1417 705 1556 741 Ἐπιφέρει
1572 705 1594 732 δ“
1609 703 1654 731 οὖν
1673 704 1771 739 ἐφεξῆς
1788 705 1835 730 καὶ
1855 705 1946 738 λέγει·

1164 761 1173 777 ‹
1200 752 1254 778 Καὶ
1282 750 1432 786 βασιλεύσει
1460 751 1505 777 ἐπὶ
1529 751 1574 777 τὸν
1597 749 1672 777 οἷκον
1698 749 1794 776 Ἰακὼϐ
1822 750 1864 781 εἰς
1885 750 1948 782 τοὺς

1161 797 1260 828 αἰῶνας
1272 806 1278 811 ·
1304 797 1350 823 καὶ
1363 797 1412 831 τῆς
1425 796 1562 831 βασιλείας
1576 796 1657 823 αὐτοῦ
1675 796 1724 822 οὐκ
1735 796 1811 822 ἔσται
1830 796 1924 828 τέλος·
1937 806 1945 822 ι

1162 842 1293 878 σύμφωνα
1307 843 1363 874 τοῖς
1375 842 1429 868 ἀπὸ
1451 842 1505 869 τῶν
1519 842 1649 878 χρησμῶν
1671 841 1829 877 ἑρμηνεύων
1840 850 1848 856 ⁸
1871 842 1885 867 6
1900 842 1949 876 μὲν

1161 887 1216 923 γὰρ
1235 888 1303 923 πρὸς
1325 887 1370 913 τὸν
1382 887 1464 913 Δαϐὶδ
1480 888 1544 923 περί⁸
1564 888 1656 923 θρόνον
1682 887 1819 922 βασιλείας
1838 887 1948 913 αἰωνίου

1163 932 1210 959 καὶ
1232 932 1356 967 οὐρανίου
1381 931 1540 967 προῦλεγεν,
1563 932 1577 957 6
1594 932 1622 957 δέ
1638 931 1768 962 ὡσαύτως
1793 930 1840 957 τὸν
1855 931 1887 956 ὲκ
1901 931 1949 965 τῆς

1162 978 1300 1015 Παρθένου
1329 979 1523 1014 γεννησόμενον
1550 977 1682 1012 λήψεσθαί
1709 985 1776 1012 φησι
1792 977 1838 1002 τὸν
1856 976 1950 1011 θρόνον

1162 1024 1253 1055 Δαϐὶὸ,
1276 1024 1398 1051 τουτέστι
1419 1025 1463 1051 τὸν
1478 1024 1516 1058 τῷ
1530 1023 1610 1049 Δαϐὶδ
1627 1022 1827 1057 ἐπηγγελμένον
1845 1022 1907 1056 μὲν,
1920 1023 1949 1048 οὐ

1163 1069 1216 1105 μὴν
1231 1070 1277 1096 καὶ
1291 1070 1429 1105 δεδομένον
1445 1070 1512 1105 (21)·
1523 1067 1598 1100 οὗτος
1613 1069 1634 1094 δ’
1646 1066 1679 1103 ἦν
1689 1070 1704 1095 6
1714 1068 1840 1104 οὖράνιος
1853 1068 1902 1094 καὶ
1910 1068 1950 1099 είς

1162 1115 1246 1142 αἰῶνα
1270 1116 1419 1151 διαμένων·
1446 1114 1480 1151 ἦν
1507 1113 1553 1142 οὖν
1581 1116 1627 1142 καὶ
1655 1115 1732 1141 τοῦτο
1763 1113 1950 1151 συμπέρασμα

1164 1161 1293 1196 μεγίστης
1309 1150 1474 1197 ττροιρητείας
1487 1161 1525 1196 τῷ
1536 1161 1618 1187 Δαϐἰδ
1637 1159 1842 1195 κεχρησμένης,
1864 1150 1949 1193 προσῖ

1162 1206 1318 1242 δοκωμένης
1338 1215 1367 1233 τε
1385 1206 1424 1242 τῷ
1444 1207 1524 1233 παντὶ
1540 1206 1606 1241 λαῷ,
1627 1204 1846 1241 πεπληρωμένης
1862 1204 1891 1230 δὲ
1905 1204 1951 1230 ἐπὶ

1162 1250 1208 1277 τοῦ
1231 1252 1355 1287 Σωτῆρος
1381 1251 1458 1286 ἡμῶν
1478 1251 1564 1287 Ἰησοῦ
1580 1250 1707 1286 Χριστοῦ,
1733 1249 1804 1276 κατὰ
1830 1249 1883 1284 τὴν
1904 1248 1950 1275 τοῦ

1162 1295 1279 1332 Γαϐριὴλ
1297 1297 1448 1332 μαρτυρίαν
1464 1297 1617 1332 φήσαντος·
1637 1306 1646 1320 ι
1664 1296 1718 1322 Καὶ
1737 1295 1893 1330 βασιλεύσει
1913 1295 1952 1324 si;

1162 1343 1225 1373 τοὺς
1248 1342 1364 1374 αἰῶνας,
1389 1343 1435 1368 καί.
1458 1343 1507 1377 τῆς
1536 1341 1673 1377 βασιλείας
1699 1340 1781 1368 αὐτοῦ
1804 1341 1856 1367 οὐκ
1876 1340 1952 1366 ἕσται

1162 1387 1247 1418 τέλος.
1271 1397 1280 1413 ι
1309 1388 1408 1423 Διόπερ
1431 1388 1478 1414 καὶ
1508 1388 1589 1419 αὐτὸς
1615 1389 1629 1414 ό
1650 1387 1745 1423 Σωτὴρ
1775 1387 1822 1414 καὶ
1849 1387 1952 1422 Κύριος

1163 1433 1240 1467 ἡμῶν
1264 1433 1332 1468 πρὸς
1351 1433 1396 1459 τὸν
1413 1433 1542 1469 ἐρόμενον
1559 1433 1650 1464 αὐτὸν,
1667 1433 1692 1459 εἰ
1713 1432 1793 1463 αὐτὸς
1809 1432 1853 1466 εἴη
1869 1432 1883 1457 6
1899 1431 1953 1457 τῶν

1169 1478 1302 1505 Ἰουδαίων
1327 1478 1462 1513 βασιλεὺς,
1477 1479 1651 1514 ἀπεκρίνατο’
1672 1490 1681 1503 ι
1707 1478 1739 1504 Ἦ
1756 1477 1882 1512 βασιλεία
1899 1477 1953 1512 ἑμῆ

1162 1523 1211 1550 οὐκ
1225 1523 1297 1551 ἐστιν
1317 1525 1348 1550 ὲκ
1359 1524 1406 1550 τοῦ
1420 1524 1523 1559 κόσμου
1537 1524 1629 1551 τούτου
1639 1532 1646 1538 ·
1664 1533 1672 1550 t
1692 1523 1768 1550 οὐδὲν
1785 1523 1840 1558 γὰρ
1857 1523 1953 1558 θνητὸν

1163 1569 1223 1596 οὐδὲ
1244 1569 1385 1606 ἐπίκαιρον
1402 1570 1518 1605 ἐπήγετο
1533 1569 1606 1604 αὑτῷ
1625 1570 1639 1596 ὁ
1658 1569 1707 1604 τῆς
1729 1568 1872 1603 βασιλείας
1891 1569 1953 1604 θρο-

1343 1617 1431 1651 ιρωτὺς
1453 1617 1541 1653 δίκην,
1567 1616 1715 1652 ὲκλάμπων
1738 1616 1775 1647 ὡς
1804 1617 1822 1650 ἡ
1856 1616 1954 1651 σελήνη

329 1662 531 1698 κατηρτισμένη
565 1663 604 1694 εἰς
627 1662 673 1689 τὸν
703 1661 804 1694 αἰῶνα,
831 1662 918 1698 ψυχὰς
949 1662 1044 1698 νοερᾶς
1075 1665 1253 1699 καταυγάζων
1288 1663 1331 1690 διὰ
1365 1665 1415 1700 τῆς
1437 1663 1528 1690 ἐνθέου
1549 1664 1595 1690 καὶ
1628 1662 1753 1699 οὐρανίου
1777 1661 1955 1693 διδασκαλίας

331 1719 423 1738 αυτου.

366 1756 392 1783 5.
407 1756 484 1789 Quod
512 1755 583 1783 siait
597 1765 603 1782 :
618 1760 644 1783 et
655 1763 737 1791 super
762 1755 846 1783 Iacob
872 1756 1016 1792 regnabit,
1045 1764 1111 1785 care

331 1806 409 1836 putes
419 1801 575 1829 Iudworum
590 1806 695 1837 gentem
721 1809 769 1837 per
796 1801 926 1829 Iacobum
953 1803 1111 1838 signiﬁcari.

331 1846 457 1875 Profecto
467 1847 515 1882 qui
530 1847 587 1874 haec
611 1851 705 1874 narrat
731 1847 819 1874 Lucas
837 1848 1014 1881 evangelista,
1030 1855 1114 1883 quan-

330 1891 476 1926 doquidcm
494 1897 554 1926 post
567 1891 719 1919 Servatoris
731 1892 818 1918 nostri
834 1891 861 1918 in
889 1892 987 1919 malum
1005 1899 1113 1920 assum-

332 1937 449 1970 ptionem
462 1936 596 1963 Gabrielis
613 1936 686 1963 dicta
705 1937 846 1970 scriptura:
872 1945 928 1964 suze
939 1937 1113 1965 commenda-

331 1982 381 2014 vit,
393 1982 475 2016 probe
490 1985 601 2008 novcrat
617 1981 709 2008 Iesum
732 1981 904 2010 Servatorem
921 1983 947 2010 in
956 1982 1112 2010 Iudaeorum

331 2029 410 2060 gente
422 2032 592 2060 nequaquam
619 2025 784 2060 regnavisse,
809 2027 907 2054 nedum
923 2027 980 2056 fore
992 2032 1020 2055 ut
1035 2032 1114 2056 aeter-

332 2079 396 2098 nmn
422 2071 565 2105 imperium
589 2071 615 2098 in
638 2079 687 2098 eos
700 2078 857 2106 exerceret;
884 2081 1001 2108 quorum
1031 2075 1113 2101 etiam

332 2116 464 2144 adversus
494 2116 566 2143 hunc
582 2117 718 2143 molimina
749 2122 828 2152 atque
853 2118 973 2145 exitialia
992 2118 1114 2146 facinora

333 2166 427 2190 narrat
442 2171 450 2189 :
467 2170 555 2197 neque
579 2163 668 2190 solum
693 2164 721 2190 in
738 2162 896 2198 Evangelio,
922 2172 1015 2191 verum
1031 2165 1113 2192 etiam

333 2208 360 2234 in
373 2207 486 2235 Actibus
501 2208 698 2242 apostolorum,
727 2208 840 2236 hostiles
861 2208 1016 2236 Iudworum
1030 2210 1114 2245 impe«

332 2259 378 2281 tus
391 2258 485 2280 contra
499 2252 565 2280 Iesu
590 2253 740 2288 discipulos
760 2254 867 2281 scribit.
884 2253 968 2289 igitur
977 2263 1041 2282 cum
1057 2256 1115 2283 exi-

333 2299 456 2327 stimaret
470 2305 536 2326 voce
563 2306 658 2333 reapse
681 2297 816 2327 Gabrielis
833 2299 993 2334 signiﬁcari.
1010 2299 1068 2327 fore
1086 2304 1115 2327 ut

331 2341 459 2369 Christus
471 2346 597 2376 regnaret
606 2349 688 2376 super
703 2349 751 2370 eos
765 2351 772 2375 ;
787 2343 813 2370 id
830 2351 892 2371 vere
909 2343 962 2370 dici
986 2344 1057 2371 haud
1070 2344 1114 2379 ju-

332 2388 489 2421 dicavisset,
505 2388 557 2415 nisi
580 2392 694 2415 cunctos
708 2389 832 2416 homines
860 2389 1001 2417 vocatione
1016 2389 1114 2417 Serva-
1129 2387 1151 2413 D

333 2435 401 2461 toris
419 2434 505 2461 nostri
516 2441 549 2461 ex
559 2434 687 2461 omnibus
701 2434 826 2469 gentibus
841 2434 867 2461 in
883 2435 1055 2470 adoptionem
1071 2443 1114 2463 as-

334 2483 466 2514 sumptos,
484 2486 532 2514 per
542 2478 652 2506 domum
667 2478 761 2506 Jacobi
772 2478 956 2507 demonstrari
981 2481 1111 2508 credidis-

333 2528 385 2552 set.
419 2524 495 2552 Unde
523 2528 550 2552 et
577 2524 656 2552 divus
674 2524 819 2560 Aposlolus
848 2526 1114 2561 perspicueedoctus

333 2571 387 2597 ait:
406 2580 415 2596 ‹
431 2570 489 2598 Non
504 2571 577 2598 enim
610 2571 656 2605 qui
674 2571 701 2597 in
731 2571 888 2603 manifesto.
918 2571 1029 2599 Iudaeus
1054 2577 1112 2600 est:

333 2624 421 2651 neque
432 2624 492 2651 qua:
508 2617 534 2643 in
551 2616 696 2643 manifesto
719 2617 745 2643 in
766 2624 847 2644 carne
862 2623 903 2644 est
920 2618 1112 2651 circumcisio;

333 2661 381 2689 sed
397 2662 442 2697 qui
459 2662 486 2688 in
501 2663 672 2695 abscondito,
692 2662 802 2690 Iudaeus
828 2667 869 2690 est
883 2673 889 2690 :
903 2668 929 2690 ct
940 2664 1114 2691 circumcisio

333 2707 425 2734 cordis
451 2708 478 2734 in
505 2708 613 2743 spiritu,
641 2716 694 2736 non
711 2710 799 2737 littera
816 2718 822 2735 :
839 2709 918 2745 cujus
934 2709 993 2738 laus
1011 2718 1065 2738 non
1081 2719 1113 2738 ex

334 2753 490 2781 hominibus
505 2754 552 2782 sed
568 2763 600 2782 ex
617 2755 672 2782 Deo
681 2759 723 2783 est
740 2756 773 2783 ⁶¹.
789 2766 798 2781 ι

369 2831 390 2848 ⁶¹
410 2831 490 2859 Ioan.
510 2842 586 2866 ινιιι,
607 2834 652 2862 56.
689 2835 710 2850 "
731 2833 809 2861 Rom.
830 2842 864 2866 ll,
881 2835 926 2861 ρδ-

1198 1755 1228 1779 ε¹.
1248 1753 1279 1779 Εἰ
1296 1752 1322 1779 δὲ
1339 1753 1444 1787 λέγοιτο
1462 1753 1509 1780 ἐπὶ
1527 1753 1573 1780 τὸν
1595 1752 1692 1780 Ἰακὼϐ
1713 1752 1897 1787 βασιλεύσειν,
1919 1752 1953 1787 μὴ

1162 1799 1192 1825 τὸ
1208 1798 1340 1825 Ἰουδαίων
1354 1799 1430 1830 ἔθνος
1447 1798 1540 1834 νόμιζε
1557 1799 1601 1825 διὰ
1614 1798 1661 1825 τοῦ
1682 1798 1781 1825 Ἰακὼϐ
1795 1797 1953 1833 δηλοῦσθαι.

1169 1845 1197 1870 '0
1209 1843 1273 1878 γοῦν
1288 1844 1374 1871 ταῦτα
1391 1844 1504 1880 ἱστορῶν
1517 1845 1622 1876 Λουκᾶς
1637 1845 1652 1870 6
1664 1843 1874 1879 εὐαγγελιστὴς,
1887 1844 1955 1879 μετὰ

1162 1889 1212 1924 τὴν
1230 1889 1269 1921 εἰς
1289 1889 1420 1924 οὐρανοὺς
1444 1889 1577 1924 ἀνάληψιν
1601 1889 1648 1916 τοῦ
1661 1889 1788 1924 Σωτῆρος
1810 1889 1891 1923 ἡμῶν
1907 1890 1955 1924 τὴν

1161 1934 1209 1961 τοῦ
1223 1934 1339 1970 Γαϐριὴλ
1361 1935 1452 1970 φωνὴν
1467 1935 1555 1970 οἰκεία
1575 1935 1712 1971 παραδοὺς
1733 1937 1845 1971 γραφῇ.
1863 1936 1956 1969 τιςὼς

1161 1979 1294 2014 ἠπίστατο
1319 1979 1364 2005 τὸν
1388 1979 1490 2015 Ἰησοῦν
1517 1980 1567 2006 οὐκ
1591 1979 1637 2005 ἐπὶ
1661 1979 1691 2006 τὸ
1716 1979 1852 2006 Ἰουδαίων
1881 1979 1956 2010 ἔθνος

1162 2025 1207 2052 τὸν
1227 2024 1340 2060 Σωτῆρα
1366 2023 1594 2059 βεϐασιλευκότα,
1617 2025 1678 2052 οὐδὲ
1702 2026 1742 2056 εἰς
1764 2026 1828 2057 τοὺς
1854 2025 1957 2056 αἰῶνας

1163 2071 1243 2098 αὑτὸν
1256 2071 1386 2106 ἄρξαντα,
1403 2067 1440 2098 ὧν
1455 2080 1487 2105 γε
1505 2072 1553 2098 καὶ
1567 2071 1616 2106 τὴν
1633 2072 1692 2098 κατ’
1707 2070 1790 2097 αὑτοῦ
1807 2072 1956 2106 cuneata,

1163 2118 1210 2144 καὶ
1232 2118 1282 2153 τὴν
1306 2118 1346 2150 εἰς
1371 2117 1485 2144 θάνατον
1510 2117 1656 2152 ἐπιϐουλὴν
1681 2117 1806 2155 ἀκριϐῶς
1834 2117 1955 2153 ἱστορεῖ-

1163 2164 1211 2189 καὶ
1227 2163 1257 2190 οὗ
1279 2163 1369 2198 μόνον,
1389 2162 1456 2190 ἀλλὰ
1475 2163 1521 2189 καὶ
1542 2164 1571 2189 ὲν
1590 2163 1650 2194 ταῖς
1666 2162 1786 2198 Πρὰξεσι
1809 2162 1866 2188 τῶν
1890 2162 1958 2188 ἀπο-

1164 2208 1264 2235 στόλων
1284 2207 1333 2240 τὰς
1354 2207 1425 2234 κατὰ
1446 2207 1500 2234 τῶν
1521 2207 1569 2233 τοῦ
1594 2207 1681 2242 Ἰησοῦ
1701 2207 1832 2242 μαθητῶν
1854 2207 1954 2233 ἐπανα-

1165 2254 1272 2285 στάσεις
1295 2254 1398 2280 αὺτῶν·
1423 2253 1473 2279 οὐκ
1489 2253 1522 2280 ἂν
1538 2251 1585 2279 οὖν
1601 2253 1643 2278 ἐπ’
1659 2253 1757 2284 αὐτοὺς
1782 2252 1958 2286 βασιλεύσειν

1163 2300 1208 2326 τὸν
1221 2299 1337 2336 Χριστὸν
1359 2300 1409 2334 τὴν
1433 2299 1525 2334 φωνὴν
1544 2299 1592 2325 τοῦ
1607 2298 1726 2334 Γαϐριὴλ
1739 2298 1858 2333 νομίσας
1881 2300 1958 2335 εἰρη-

1164 2345 1250 2377 κέναι,
1264 2345 1302 2376 ὼς
1314 2345 1402 2380 ἁληθῆ
1419 2344 1503 2379 αὐτὴν
1520 2344 1739 2380 παρελάμϐανεν,
1756 2345 1780 2370 εἰ
1799 2344 1837 2379 μὴ
1852 2344 1958 2375 ’κάκκας

1165 2392 1226 2423 τοὺς
1238 2391 1283 2418 διὰ
1295 2391 1344 2425 τῆς
1357 2391 1479 2426 κλήσεως
1492 2389 1538 2416 τοῦ
1553 2389 1678 2425 Σωτῆρος
1691 2389 1770 2424 ἡμῶν
1784 2389 1815 2421 ἐξ
1828 2390 1959 2416 ἁπάντων

1166 2437 1219 2463 τῶν
1237 2436 1320 2464 ἐθνῶν
1333 2437 1372 2468 εἰς
1391 2436 1440 2471 τὴν
1456 2436 1509 2462 τῶν
1525 2435 1609 2469 ἁγίων
1627 2435 1763 2462 υἱοθεσίαν
1778 2436 1959 2470 εἰσποιούμε-

1167 2491 1224 2514 νος,
1242 2480 1314 2508 οἷκον
1332 2481 1426 2508 Ἰακὼϐ
1442 2482 1564 2517 ἡγήσατο
1580 2481 1649 2508 κατὰ
1663 2481 1781 2508 διάνοιαν
1796 2481 1958 2516 δηλοῦσθαν

1166 2528 1226 2554 ὅθεν
1243 2528 1289 2553 καὶ
1304 2528 1319 2553 6
1333 2527 1403 2559 θεῖος
1416 2527 1577 2558 Ἀπὸστολος
1588 2526 1767 2561 ἐπιστάμενος
1786 2527 1958 2560 σαφέστατα,

1168 2574 1286 2610 παρίστη
1311 2574 1397 2608 λέγων
1415 2582 1422 2589 ”
1455 2583 1463 2599 ι
1480 2574 1516 2600 Οὐ
1541 2573 1594 2609 γὰρ
1613 2574 1627 2599 6
1649 2574 1678 2599 ἐν
1699 2572 1872 2607 τῴ.φανερῷ
1894 2573 1961 2598 ἰου-

1167 2620 1239 2652 δαῖός
1257 2621 1340 2652 ἐστιν,
1349 2620 1409 2646 οὐδὲ
1424 2621 1440 2655 ὴ
1452 2620 1480 2646 ἐν
1492 2618 1531 2654 τῷ
1545 2618 1653 2653 φανερῷ
1667 2620 1696 2645 ὲν
1710 2618 1796 2654 σαρκὶ
1809 2617 1964 2653 περιτομὴ,

1167 2666 1224 2692 ἀλλ’
1235 2667 1249 2692 6
1263 2667 1291 2692 ὲν
1304 2665 1343 2701 τῷ
1356 2665 1469 2701 κρυπτῷ
1485 2665 1619 2697 Ἰουδαῖος,
1633 2665 1680 2691 καὶ
1693 2665 1832 2700 περιτομὴ
1844 2664 1960 2700 καρδίας

1167 2712 1196 2737 ἐν
1219 2711 1368 2746 πνεύματι,
1395 2712 1426 2738 οὐ
1448 2711 1602 2746 γράμματι,
1625 2708 1655 2737 οὗ
1682 2711 1697 2737 ό
1718 2710 1832 2743 ἔπαινος
1854 2711 1903 2738 οὐκ
1929 2709 1960 2742 ἐξ

1167 2756 1330 2792 ἀνθρώπων,
1346 2757 1403 2784 ἀλλ’
1419 2757 1450 2784 ὲκ
1463 2756 1508 2784 τοῦ
1526 2756 1604 2783 Θεοῦ.
1624 2766 1633 2782 ι

371 2887 428 2922 (ει)
449 2888 551 2916 Confer
577 2889 685 2917 Eusebii
714 2890 942 2917 commentarium
969 2889 994 2915 in
1022 2887 1134 2921 Lucam,
1155 2895 1213 2922 cap.
1233 2896 1251 2920 ι,
1269 2888 1313 2916 52.
