2065 3216
141 165 197 193 933

507 229 564 262 1:7.

139 279 209 313 Πῶς
226 281 287 320 ἀπο
301 281 355 317 τῆς
369 284 501 320 ﬁnitus}:
522 287 538 312 ὀ
554 286 612 320 μὲν
624 287 773 320 Ματθαῖος
789 289 831 320 εἷς
843 289 931 320 Αἴγυ-

177 318 631 358 πζονῃίστορεῖζ-όϋδὲ.ᾼοὶηιᾶς
653 323 697 358 εἰς
727 318 931 358 Ἰερουσαλὴμ,

177 351 315 393 «(Eumer
335 354 378 393 είς
391 353 522 393 Νιξζὶιρὲθ
542 351 693 390 mode—16w.-
710 351 824 393 γοπῖέων
847 351 931 393 grege;

176 388 247 412 σθαι
269 387 323 413 τὸν
342 388 469 422 Ἰησοῦν.

175 444 210 470 α’.
232 445 339 477 Λουκᾶς
361 446 411 482 μὲν
429 447 474 474 τὸν
499 449 594 485 καιρὸν
612 450 726 486 ἱστορῶν
743 452 794 486 τῆς
813 453 860 479 τοῦ
877 453 932 480 Σω-

136 490 224 525 τῆρος
253 490 331 525 ἡμῶν
359 492 506 526 γενέσεως,
536 494 586 529 τῆς
610 495 764 530 Αὐγούστου
795 497 932 532 βασιλείας

138 535 305 571 μνημονεύει
320 538 368 564 καὶ
381 538 432 573 τῆς
446 539 507 566 κατ’
525 540 604 566 αὑτὸν
621 542 785 579 ἀπογραφῆς
800 551 807 559 ·
819 544 886 579 φησί
901 553 931 571 τε

137 581 208 616 μηδὲ
225 582 370 617 ἐσχηκέναι
398 584 495 616 αὐτοὺς
523 586 552 612 ὲν
579 588 612 622 τῇ
627 587 751 624 Βηθλεὲμ
776 590 930 625 κατάλυμα,

135 628 257 662 πλήθους
280 629 406 662 συνόντος
420 630 459 662 ὡς
477 632 551 663 εἰκὸς
567 632 596 658 ἐν
610 635 642 669 τῇ
661 634 783 670 Βηθλεὲμ
806 636 858 663 τῶν
878 637 932 663 ἀπὸ
952 669 957 674 ¹

134 674 233 707 γένους
249 675 330 702 Δαϐὶδ
345 676 394 711 τῆς
411 677 572 714 ἀπογραφῆς
587 679 692 707 ἕνεκεν·
708 681 757 708 -διδ
774 682 841 717 μηδὲ
857 683 930 709 οἴκου

133 719 182 746 τὸν
198 719 295 755 Ἰωσὴφ
310 721 451 756 εὐπορεῖ-ε’
466 723 526 750 ὅθεν
536 725 666 751 τεκοῦσαν
682 735 747 761 φησι
761 728 810 762 τὴν
823 729 931 763 Μαρίαν

134 766 333 801 σπαργανῶσαι
358 767 388 793 τὸ
418 767 517 804 βρέφος
541 771 586 796 καὶ
611 771 757 799 ἀποθέσθαι
783 774 812 800 ὲν
832 775 930 811 φάτνῃ,

132 811 179 838 διὰ
201 812 230 838 τὸ
250 813 288 848 μὴ
311 811 382 839 εἶναι
405 814 496 847 αὐτοῖς
527 816 609 842 τόπον
633 818 661 843 ἐν
682 818 721 853 τῷ
744 819 929 855 καταλύματι·

133 859 183 885 καὶ
198 860 271 891 εἰκός
285 868 316 894 γε
330 857 364 895 ἦν
379 860 512 888 πλείστων
532 863 667 889 συνόντων
678 864 722 891 διὰ
738 865 787 901 τὴν
808 866 931 903 ἀπογρα-

397 169 630 203 QUIESTIONES
650 173 877 202 EVANGELICE
898 175 918 201 Α

975 175 1185 205 iTEPlIANUM.
1210 191 1241 197 —
1259 178 1424 212 ρυιΕετιο
1445 181 1515 209 XVI.

1721 184 1772 214 934

1345 235 1415 264 XVL

983 290 1036 331 ουρ
1051 291 1081 324 ﬁt
1094 296 1121 317 ut
1130 291 1298 331 Bel/Helymi;
1308 292 1452 331 Matt/mus
1463 295 1566 329 quidem
1578 296 1605 323 in
1615 296 1770 331 Aigyplum,

1017 325 1103 352 Lucas
1119 331 1206 364 autem
1221 327 1411 364 Hierosolyma
1423 325 1501 364 atque
1515 331 1578 358 inde
1590 325 1771 360 ΝοεῖὗὲιΙηιηί

1017 370 1033 387 a
1041 362 1194 395 parentibus
1208 361 1326 390 delatum
1340 361 1429 391 narret
1438 361 1530 392 Iesum
1538 367 1551 393 ξ)

1020 450 1044 477 Ι.
1060 449 1148 477 Lucas
1163 450 1227 478 dum
1240 455 1347 487 tempus
1363 457 1451 486 notat,
1468 462 1522 489 quo
1537 454 1666 484 Servator
1679 462 1772 486 noster

982 498 1064 523 natus
1077 499 1129 528 est,
1145 496 1259 532 Augusti
1267 505 1380 533 regnum
1388 504 1522 527 memorat
1537 509 1706 538 censumque
1719 506 1771 532 sub

982 549 1014 568 eo
1027 542 1206 577 descriptum.
1222 543 1268 570 Ait
1287 547 1378 571 autem
1396 545 1520 574 caruisse
1540 555 1587 575 eos
1600 548 1770 577 Bethlehemi

982 587 1146 621 diversorio,
1171 590 1207 616 ob
1232 593 1407 624 posterorum
1437 591 1548 620 Davidis
1565 594 1770 623 multitudinem

982 633 1198 667 Bethlehemum,
1215 638 1245 662 ut
1259 637 1408 664 verisimile
1419 641 1471 671 est,
1490 644 1697 668 concurrentcm
1708 649 1772 676 pro-

983 678 1145 707 ﬁtcndorum
1171 682 1312 709 nominum
1340 690 1424 710 causa
1442 693 1448 710 :
1463 692 1548 719 quare
1573 693 1607 714 ne
1622 686 1771 722 hospitium

982 726 1091 760 quidem
1106 726 1241 762 Josephus
1261 733 1358 756 nactus
1370 733 1412 757 est
1427 739 1434 756 :
1450 730 1488 757 ita
1506 735 1536 757 ut
1550 730 1633 759 Maria
1645 733 1679 759 ab
1688 740 1771 760 evan-

982 771 1077 806 gelista
1093 772 1201 800 dicatur
1218 766 1326 808 partum
1352 782 1433 802 suum
1452 775 1546 804 fasciis
1560 777 1710 806 involvisse
1725 784 1768 806 at-

982 825 1036 852 que
1051 819 1078 845 in
1094 820 1208 854 praesepi
1223 820 1412 853 reclinavisse.
1424 822 1487 857 quia
1500 831 1553 850 non
1566 828 1625 851 erat
1636 824 1676 852 eis
1691 825 1770 854 locus

983 865 1011 891 in
1024 864 1187 894 diversorio.
1202 865 1274 894 Sane
1289 867 1327 894 nil
1344 868 1444 895 mirum
1455 872 1498 896 est
1511 869 1533 896 si
1548 870 1584 896 ob
1602 870 1770 899 conﬂuentes

133 904 189 940 φὴν
211 906 248 940 μὴ
264 906 394 942 εὐπορεῖν
413 908 602 942 καταγωγίου,
624 910 690 936 αλλὰ
704 911 760 942 καὶ,
774 912 863 945 (Ὅτε,
882 922 923 949 φη-

984 910 1016 937 ad
1029 918 1141 939 censum
1159 912 1254 939 turbas
1265 912 1386 947 hospitio
1397 919 1555 942 caruerunt.
1566 915 1647 943 Addit
1660 916 1767 944 Lucas:

133 951 188 983 σὶν,
200 952 228 977 αἱ
240 952 340 987 ἡμέραι
354 953 527 989 ἐπλήσθησαν
542 955 588 981 τοῦ
601 958 758 991 περιτεμεῖν
772 958 853 985 αὐτὸν
864 958 927 995 (χρὴ

131 996 163 1022 δὲ
178 996 258 1023 τοῦτο
277 997 401 1031 γίνεσθαι
418 999 499 1036 ὀγδόῃ
517 1001 586 1035 μετὰ
601 1002 650 1036 τὴν
667 1002 796 1035 ἀπότεξιν
812 1004 925 1041 ἡμέρᾳ),

131 1042 272 1078 ἀνήγαγον
287 1044 317 1070 τὸ
332 1045 437 1072 παιδίον
450 1047 489 1078 είς
507 1047 690 1083 Ἰεροσόλυμα,
709 1049 755 1075 καὶ
769 1049 927 1083 τελέσαντες

131 1089 179 1115 ἐπ’
200 1090 273 1125 αὐτῷ
295 1091 330 1117 τὰ
354 1093 547 1128 νενομισμένα,
571 1094 683 1121 ἀπίασιν
700 1096 739 1127 εἰς
757 1096 894 1132 Ναζαρέθ.
914 1107 923 1123 ι

131 1135 243 1162 Τούτων
252 1136 326 1171 παρὰ
334 1137 372 1173 τῷ
378 1138 469 1174 Δουκᾷ
481 1139 613 1174 κειμένων
622 1141 727 1173 οὐδενὸς
737 1142 926 1177 μνημονεύσας

131 1182 148 1207 ὀ
160 1181 310 1215 Ματθαῖος,
324 1186 529 1221 παραχωρήσας
541 1186 568 1211 δὲ
581 1185 618 1220 τῷ
628 1186 721 1222 Λουκᾷ
735 1187 768 1213 τὰ
782 1188 925 1223 εἰρημένα,

129 1227 214 1262 ἔτερα
229 1229 308 1260 αὐτὸς
322 1230 472 1265 διηγεῖται·
490 1232 549 1258 τίνα
563 1233 591 1259 δὲ
604 1230 638 1268 ἦν
655 1232 751 1265 ταῦτα,
766 1233 823 1260 ἀλλ’
839 1234 854 1268 ἢ
869 1233 924 1269 (22)

131 1273 190 1299 τῶν
206 1274 310 1308 Μάγων
325 1276 379 1302 ἀπὸ
397 1276 540 1313 Ἀνατολῆς
559 1278 667 1313 ἄφιξις;
688 1279 857 1313 κινησάντων
876 1279 925 1314 μὲν

129 1319 187 1346 ἀπὸ
199 1320 249 1355 τῆς
261 1322 364 1354 οἰκείας
380 1323 432 1358 γῆς
447 1323 504 1358 ἆμα
522 1323 560 1359 τῷ
574 1324 736 1360 γεννηθῆναι
750 1324 796 1351 τὸν
810 1325 923 1359 Ἰησοῦν,

130 1365 249 1401 ἀστέρος
275 1367 367 1400 αὐτοῖς
391 1369 441 1403 τὴν
457 1369 557 1403 γνῶσιν
581 1370 630 1404 τῆς
646 1371 798 1406 γεννήσεως
820 1371 925 1406 ὑποφή-

129 1420 238 1444 ναντος,
248 1413 365 1448 οὺδήπου
374 1414 402 1440 δὲ
414 1415 463 1449 τὴν
475 1415 607 1450 τοσαύτην
619 1415 799 1451 στειλαμένων
811 1416 924 1452 πορείαν

128 1457 355 1498 καιρῷ-βραχεῖ·
380 1460 410 1486 οὺ
426 1460 480 1496 γὰρ
504 1462 533 1487 εν
559 1461 676 1497 ἡμέραις
701 1461 772 1488 ὀκτὼ
795 1462 845 1498 τὴν
870 1461 924 1489 ἀπὸ

137 1493 288 1530 Ἀνατολῶν
304 1505 364 1532 ὁδὸν
381 1493 453 1537 εἰκός
466 1493 621 1538 αὐτοῖς
644 1493 693 1543 τὴν
714 1493 842 1535 Ἰουδαίαν
856 1507 924 1542 ὴνῢ-

131 1549 205 1582 σθαι,
223 1550 260 1582 ὡς
275 1551 320 1577 τὸν
335 1551 414 1578 αὑτὸν
428 1553 538 1587 νομίσαι
555 1550 624 1579 εἷναι
642 1554 736 1588 καιρὸν
753 1554 802 1589 τῆς
816 1563 845 1580 τε
859 1554 922 1580 τού-

984 965 993 981 ι
1011 955 1156 991 Postquam
1181 957 1283 992 impleti
1302 961 1366 985 sunt
1393 959 1452 986 dies
1469 963 1498 986 ut
1524 960 1769 990 circumcideretur

979 1010 1048 1038 pucr
1063 1003 1100 1037 (id
1119 1007 1208 1030 autem
1224 1003 1280 1031 ﬁeri
1306 1005 1449 1038 oportebat
1472 1010 1570 1034 octavo
1584 1011 1646 1042 post
1659 1013 1768 1042 partum

980 1049 1045 1085 die),
1071 1050 1192 1077 tulerunt
1204 1050 1280 1076 illum
1290 1050 1477 1087 Hierosolyma
1491 1061 1496 1079 :
1514 1054 1686 1089 peractisque
1694 1055 1769 1082 circa

979 1093 1104 1121 eumdem
1117 1094 1261 1129 legitimis,
1279 1094 1462 1123 Nazaretlium
1480 1097 1619 1125 abierunt.
1640 1109 1649 1124 ι
1664 1098 1768 1126 Horum

980 1138 1051 1172 apud
1063 1138 1163 1166 Lucam
1179 1139 1346 1174 scriptorum
1370 1141 1439 1168 nihil
1454 1147 1587 1170 memorat
1601 1142 1745 1171 Matthaeus
1758 1165 1766 1177 ,

980 1183 1026 1219 qui
1042 1191 1150 1211 omnem
1165 1184 1191 1212 id
1201 1193 1287 1220 genus
1313 1186 1497 1215 narrationem
1523 1189 1655 1223 praedicto
1686 1188 1767 1218 Luca:

979 1229 1112 1264 permisit,
1138 1230 1192 1257 alia
1220 1230 1278 1265 ipse
1302 1235 1472 1265 persecutus.
1505 1232 1636 1266 Quaenam
1667 1236 1768 1269 porro?

978 1274 1081 1310 Nempe
1092 1275 1233 1311 Magorum
1258 1284 1291 1304 ex
1317 1276 1429 1305 Oriente
1455 1278 1600 1306 adventum
1628 1279 1766 1315 digresso-

978 1327 1039 1346 rum
1054 1326 1069 1346 a
1086 1320 1196 1354 propria
1226 1321 1338 1355 regione
1368 1325 1431 1356 post
1442 1321 1507 1350 Jesu
1519 1323 1701 1356 nativitatem,
1728 1324 1766 1351 si-

978 1365 1042 1392 dere
1067 1365 1136 1400 ipsis
1160 1366 1286 1393 notitiam
1304 1367 1361 1394 nati
1377 1367 1454 1402 pueri
1478 1368 1660 1403 signiﬁcante,
1678 1378 1767 1406 neque

977 1413 1069 1438 tamen
1079 1411 1155 1438 brevi
1169 1415 1293 1446 tempore
1306 1416 1412 1439 tantum
1427 1413 1534 1441 itineris
1553 1414 1765 1444 absolventium.

978 1455 1056 1484 Haud
1071 1457 1144 1484 enim
1158 1457 1288 1485 credibile
1301 1463 1344 1486 est
1359 1459 1431 1486 intra
1447 1459 1506 1487 dies
1517 1463 1580 1488 octo
1603 1461 1638 1488 ab
1654 1460 1767 1489 Oriente

978 1501 1071 1538 Magos
1082 1503 1109 1530 in
1121 1503 1243 1531 Judteam
1267 1512 1354 1540 usque
1370 1505 1499 1538 venisse,
1518 1506 1555 1533 ita
1565 1507 1680 1534 utcirca
1694 1508 1766 1535 idem

978 1552 1085 1583 tempus
1102 1548 1276 1577 Servatorem
1292 1555 1417 1578 nostrum
1442 1554 1537 1579 natum
1549 1559 1610 1580 esse
1625 1556 1764 1587 putemus,

127 1604 185 1622 των
201 1597 329 1631 ἀφίξεως,
346 1598 392 1624 καὶ
409 1598 459 1633 τῆς
475 1599 522 1625 τοῦ
538 1599 663 1635 Σωτῆρος
679 1599 759 1635 ἡμῶν
775 1600 921 1634 γενέσεως·

976 1602 1031 1630 quo
1047 1595 1093 1623 isti
1109 1600 1338 1630 supervenerunt.
1355 1597 1517 1632 Quanquam
1543 1601 1633 1625 autem
1648 1598 1764 1627 interro-

128 1643 157 1667 εἰ
169 1642 198 1668 δὲ
213 1643 260 1670 καὶ
274 1643 469 1680 πυνθανόμενοι
485 1645 603 1678 λέγουσι,
615 1653 624 1670 ‹
636 1645 689 1671 Ποῦ
707 1647 780 1672 ἐστιν
793 1647 807 1672 ό
819 1646 923 1681 τεχθεὶς

129 1686 260 1721 βασιλεὺς
284 1688 338 1715 τῶν
368 1689 517 1722 Ίουδαίων;
551 1690 658 1726 εἴδομεν
686 1690 742 1726 γὰρ
768 1691 849 1717 αὑτοῦ
878 1691 923 1718 τὸν

85 1729 92 1733 ⁴
127 1734 246 1770 ἀστέρα,
259 1736 305 1762 καὶ
315 1736 432 1771 ήλθομεν
441 1737 629 1772 προσκυνῆσαι
645 1737 746 1772 conp,»
766 1737 795 1764 οὺ
812 1737 859 1764 τὸν
874 1738 922 1773 σή-

129 1789 218 1816 μερον
236 1781 379 1816 τεχθέντα,
391 1782 428 1814 ὡς
443 1783 476 1810 ἄν
494 1792 536 1814 τις
554 1783 697 1815 ὑπολάϐοι,
716 1783 777 1810 καθ’
792 1783 821 1809 ὃν
836 1783 923 1810 ταῦτα

127 1827 314 1855 ἐπυνθάνοντο
336 1829 430 1863 χρόνον
452 1829 587 1864 δηλοῦσιν,
609 1829 676 1856 ἀλλὰ
697 1829 743 1856 τὸν
763 1830 823 1856 τότε
845 1830 921 1864 γενό-

129 1882 214 1908 μενον
230 1874 274 1900 ὅτε
288 1874 381 1906 αὐτοῖς
397 1876 411 1902 ὁ
426 1875 514 1911 ἀστὴρ
528 1875 657 1910 ὲπέφανε.

168 1919 202 1953 β’.
224 1919 310 1951 Πόσος
332 1920 360 1946 δὲ
383 1918 418 1956 ἦν
441 1918 518 1952 οὗτος
542 1922 556 1948 ὁ
577 1921 678 1956 μεταξὺ
695 1921 807 1957 χρόνος,
825 1922 871 1948 τοῦ
891 1931 921 1948 τε

126 1964 263 2000 φανέντος
285 1966 341 1997 τοῖς
360 1965 466 2000 Μάγοις
487 1966 534 1993 ἐπὶ
556 1967 604 2002 τῆς
627 1966 673 1993 τοῦ
695 1965 821 2003 Σωτῆρος
843 1967 921 2003 ἡμῶν

125 2010 264 2044 γενέσεως
279 2011 402 2046 ἀστέρος,
417 2011 465 2038 καὶ
478 2011 529 2047 τῆς
543 2012 631 2039 αὐτῶν
645 2013 686 2045 εἰς
700 2013 735 2039 τὰ
750 2013 922 2048 Ἰεροσόλυμα

124 2056 294 2092 παρουσίας,
312 2057 392 2089 αὑτός
410 2066 439 2083 σε
455 2058 555 2091 διδάξει
573 2059 587 2085 ὁ
603 2059 799 2094 εὐαγγελιστὴς
824 2060 920 2094 λέγων*

128 2112 140 2127 ι
158 2102 226 2128 Τότε
245 2102 367 2138 Ἡρώδης
382 2102 471 2139 λάθρα
486 2104 602 2136 καλέσας
619 2106 681 2137 τοὺς
696 2105 823 2139 Μάγους,
844 2105 922 2141 ἠκρί-

125 2148 202 2174 ϐωσε
214 2149 278 2184 παρ’
296 2149 385 2175 αὐτῶν
405 2149 450 2176 τὸν
468 2150 562 2186 χρόνον
583 2151 630 2177 τοῦ
655 2151 816 2187 φαινομένου
841 2152 920 2178 ἀστέ-

127 2202 187 2230 ρος.
208 2204 216 2220 ι
252 2195 307 2221 Καὶ
323 2195 360 2227 ὡς
377 2195 409 2222 ἂν
429 2196 585 2231 ἀκριϐώσας
611 2199 675 2233 παρ’
697 2197 798 2229 αὐτῶν,
827 2197 920 2233 μαθὼν

123 2241 205 2272 ὅστις
228 2238 262 2276 ἦν
289 2238 382 2272 οὗτος,
405 2242 474 2277 μετὰ
496 2242 527 2268 τὺ
547 2243 722 2279 ἀναχωρῆσαι
748 2243 834 2279 λάθρα
857 2244 920 2275 τοὺς

974 1647 1038 1677 gant
1055 1651 1062 1669 ι
1081 1651 1090 1668 ‹
1107 1642 1157 1670 Ubi
1172 1647 1214 1670 est
1229 1643 1276 1678 qui
1294 1646 1375 1671 natus
1390 1648 1431 1671 est
1440 1651 1488 1670 rex
1505 1642 1680 1671 Iudaeorum?
1695 1645 1760 1672 vidi-

973 1697 1035 1717 mus
1049 1689 1121 1716 enim
1134 1690 1239 1717 stellam
1255 1689 1327 1724 ejus,
1347 1693 1374 1717 et
1389 1691 1515 1717 venimus
1531 1690 1644 1718 adorare
1658 1699 1737 1724 eum;
1752 1701 1761 1717 ι

973 1743 1028 1762 non
1042 1739 1144 1767 tamen,
1169 1739 1199 1763 ut
1218 1735 1319 1770 aliquis
1341 1736 1538 1770 suspicabitur,
1569 1744 1656 1772 nuper
1669 1742 1764 1764 natum

973 1779 1131 1815 designant,
1149 1781 1222 1808 circa
1252 1784 1359 1816 tempus
1371 1781 1501 1808 nimirum
1515 1790 1569 1816 quo
1581 1781 1631 1817 ipsi
1646 1782 1763 1809 interro-

973 1829 1053 1861 gant;
1070 1826 1118 1854 sed
1134 1834 1195 1854 eum
1215 1827 1262 1862 qui
1289 1831 1347 1854 tum
1363 1832 1445 1855 natus
1462 1827 1552 1855 fuerat
1566 1835 1628 1855 cum
1644 1827 1711 1862 ipsis
1728 1827 1763 1856 si-

973 1872 1024 1900 dus
1040 1873 1177 1908 apparuit.

1006 1918 1034 1945 2.
1050 1919 1187 1951 Quantum
1200 1927 1266 1947 vero
1287 1919 1418 1955 temporis
1432 1919 1550 1953 spatium
1568 1919 1639 1946 inter
1650 1919 1728 1947 sidus
1742 1926 1758 1946 a

972 1963 1058 2000 Magis
1078 1964 1178 1997 visum,
1204 1964 1351 1992 Servatore
1380 1968 1476 1992 nostro
1509 1970 1650 1995 nascente,
1679 1967 1761 1999 atque

971 2009 1070 2036 horum
1089 2009 1277 2045 Hierosolyma
1305 2009 1453 2037 adventuum
1480 2009 1607 2041 ﬂuxerit,
1636 2009 1706 2036 idem
1734 2012 1761 2036 te

972 2057 1261 2093 docebit'evangelista
1274 2057 1338 2084 dum
1354 2057 1410 2084 ait:
1431 2066 1440 2082 ι
1461 2056 1537 2083 Tunc
1555 2055 1675 2083 llerodes
1690 2055 1760 2082 clam

971 2103 1075 2130 vocatis
1104 2103 1198 2138 Magis,
1236 2103 1379 2138 diligenter
1402 2102 1496 2129 didicit
1525 2101 1559 2128 ab
1587 2101 1627 2129 eis
1651 2105 1759 2136 tempus

972 2149 1057 2176 stellae
1072 2156 1132 2183 qua:
1148 2153 1312 2183 apparuerat
1323 2148 1373 2176 eis.
1396 2158 1405 2174 ι
1420 2147 1497 2180 Quod
1512 2155 1574 2174 cum
1591 2147 1759 2174 adamussim

971 2195 1006 2222 ab
1021 2195 1054 2223 iis
1068 2195 1234 2226 rcscivisset,
1252 2202 1368 2229 cumque
1383 2193 1453 2229 Magi
1473 2193 1507 2220 ab
1521 2201 1553 2221 eo
1569 2193 1637 2219 clam
1651 2200 1680 2220 se
1695 2192 1759 2219 sub-

971 2241 1114 2268 duxissent
1131 2250 1139 2266 ι
1159 2241 1255 2268 videns
1270 2248 1299 2268 se
1316 2240 1437 2271 illusum,
1456 2239 1541 2266 iratus
1557 2243 1598 2266 est
1618 2238 1696 2265 valde
1710 2247 1716 2265 :
1733 2241 1759 2264 et

123 2286 242 2321 Μάγους
252 2308 259 2320 ,
279 2286 339 2313 ἰδὼν
355 2288 396 2314 ὅτι
412 2288 557 2324 ἐνεπαίχθη
574 2289 620 2315 ὑπ’
635 2289 732 2322 αὐτῶν,
767 2299 775 2315 ι
791 2288 918 2324 ἐθυμώθη

975 2288 1084 2314 mittens
1098 2287 1200 2314 occidit
1215 2295 1311 2314 omnes
1326 2294 1435 2321 pueros.
1461 2286 1507 2320 qui
1523 2289 1602 2312 erant
1617 2284 1760 2311 Bethlehe-

121 2333 201 2365 λίαν,
221 2334 269 2360 καὶ
285 2334 448 2367 ἀποστείλας
465 2335 553 2362 ἀνεῖλε
571 2336 675 2368 πάντας
696 2337 758 2369 τοὺς
779 2337 875 2368 παῖδας
890 2337 919 2362 ὲν

123 2378 265 2415 Βηθλεὲμ,
281 2380 328 2406 καὶ
343 2382 372 2407 ὲν
389 2382 456 2408 πᾶσι
470 2383 526 2413 τοῖς
540 2382 625 2417 ὁρίοις
639 2383 733 2417 αὐτῆς,
751 2383 804 2409 ἀπὸ
817 2381 920 2413 διετοῦς

123 2427 176 2453 καὶ
197 2427 354 2462 κατωτέρω,
374 2428 444 2454 κατὰ
459 2428 505 2454 τὸν
529 2429 622 2464 χρόνον
641 2429 671 2455 ὃν
687 2428 825 2464 ἠκρίὁωσε
844 2427 920 2464 παρὰ

122 2471 183 2498 τῶν
195 2472 308 2506 Μάγων.
317 2483 326 2498 ι
343 2473 448 2500 Οὐκοῦν
461 2474 550 2510 διετὴς
562 2474 657 2509 χρόνος
673 2474 722 2509 ἥδη
738 2474 919 2509 παρεληλύθει

122 2519 184 2545 ἀπὸ
209 2519 258 2554 τῆς
282 2519 368 2554 Ἰησοῦ
392 2520 524 2554 γενέσεως
549 2521 596 2547 καὶ
618 2520 663 2546 ἐπὶ
684 2519 733 2555 τὴν
757 2519 846 2554 ἄφιξιν
866 2520 919 2546 τῶν

122 2564 298 2599 εἰρημένων·
316 2565 367 2592 οὐκ
390 2565 443 2602 ἄρα
464 2565 593 2600 διαφωνεῖ
614 2565 649 2592 τὰ
667 2566 741 2601 παρὰ
757 2568 815 2597 τοῖς
838 2567 919 2602 ἱεροῖς

123 2609 346 2643 εὐαγγελισταῐς,
364 2612 387 2637 εἰ
405 2612 419 2637 ὁ
435 2611 484 2646 μὲν
500 2612 607 2642 Λουκᾶς
623 2611 703 2647 ὀγδόῃ
720 2611 771 2646 τῆς
785 2612 919 2645 γενέσεως

123 2656 223 2692 ἡμέρᾳ
238 2656 333 2690 ἀνάγει
347 2656 429 2683 αὐτὸν
447 2657 504 2692 ἅμα
518 2659 573 2688 τοῖς
586 2657 710 2690 γονεῦσιν
727 2658 767 2688 είς
784 2657 919 2691 Ἰερουσα-

123 2702 185 2737 λὴμ
195 2703 245 2738 τῆς
258 2703 312 2729 τῶν
326 2703 448 2738 νομίμων
467 2703 665 2739 ἐκπληρώσεως
682 2703 774 2734 ἕνεκα,
792 2703 918 2730 κάκεῖθεν

123 2749 232 2783 ἀπάγει
248 2749 295 2776 ἐπὶ
308 2749 357 2785 τὴν
371 2749 510 2785 Ναζαρέθ·
529 2751 543 2776 ὁ
562 2749 590 2776 δὲ
604 2750 743 2781 Ματθαῖος
763 2749 831 2784 μετὰ
843 2749 917 2784 διετῆ

122 2795 225 2831 χρόνον
238 2796 401 2831 γενομένους
415 2795 496 2822 πάλιν
517 2796 545 2822 ἐν
556 2795 678 2831 Βηθλεὲμ
693 2795 856 2831 ἀναγράφει,
872 2795 916 2821 ὲν-

165 2872 222 2906 (22)
243 2871 281 2908 ita
297 2873 382 2901 codex
400 2881 450 2908 pro
464 2873 520 2900 ἀλλ’
536 2873 552 2908 ἢ
569 2873 595 2908 ἡ.
613 2873 659 2900 Sic
681 2877 772 2900 autem
792 2872 913 2908 scribere

121 2909 241 2944 solitum
248 2907 597 2941 Eusebittm,animadt'ertit
606 2908 824 2936 Monll'auconius
835 2907 911 2940 praet.

972 2333 1019 2364 mi,
1036 2333 1154 2368 atquein
1170 2332 1278 2359 cunctis
1294 2331 1392 2358 ﬁnibus
1405 2331 1476 2365 ejus.
1490 2338 1504 2357 a
1520 2330 1622 2357 bimatu
1634 2333 1661 2355 et
1676 2328 1757 2359 inira,

970 2380 1121 2406 secundum
1146 2384 1253 2412 tempus
1278 2377 1350 2413 quod
1376 2377 1560 2412 exquisiverat
1585 2383 1600 2401 a
1627 2374 1720 2409 Magis.
1746 2383 1754 2398 ι

970 2425 1112 2452 Biennium
1129 2432 1192 2459 ergo
1208 2425 1331 2458 elapsum
1348 2423 1437 2450 fuerat
1450 2430 1465 2448 a
1479 2421 1543 2448 Jesu
1568 2420 1707 2448 nativitate
1723 2419 1757 2445 ad

970 2470 1110 2505 Magorum
1128 2469 1285 2496 adventum.
1303 2468 1395 2503 Neque
1407 2466 1540 2495 dissident
1556 2465 1626 2493 sacri
1641 2472 1756 2498 evange-

969 2517 1072 2551 gelistae
1085 2525 1092 2549 ;
1104 2515 1211 2543 etiamsi
1222 2514 1310 2542 Lucas
1321 2518 1419 2541 octavo
1432 2521 1446 2539 a
1463 2512 1605 2539 nativitate
1621 2510 1664 2538 die
1675 2510 1756 2537 ducat

970 2571 1031 2590 cuin
1063 2570 1124 2590 cum
1153 2561 1313 2596 parentibus
1354 2559 1543 2593 Hierosolyma
1574 2556 1755 2592 legitimorum

969 2615 1052 2634 causa
1069 2606 1276 2641 explendorum,
1292 2609 1373 2639 atque
1390 2603 1452 2631 inde
1468 2601 1616 2629 transferat
1639 2600 1757 2627 Nazare-

970 2654 1068 2686 tbum;
1100 2652 1242 2679 Mattlmus
1271 2654 1360 2678 autem
1394 2653 1455 2684 post
1479 2648 1619 2676 biennium
1657 2654 1755 2674 rursus

969 2699 1138 2728 Betlileliemi
1156 2702 1298 2725 versantes
1312 2697 1434 2729 scribat;
1451 2699 1532 2729 atque
1547 2694 1612 2721 hinc
1627 2693 1655 2720 in
1671 2692 1755 2727 Egy—

970 2751 1044 2781 ptum
1068 2745 1217 2773 secessisse
1244 2747 1354 2779 propter
1377 2742 1450 2777 regis
1467 2740 1592 2768 insidias.
1619 2738 1755 2766 Credibile

969 2800 1033 2819 vero
1048 2795 1090 2818 est
1104 2799 1151 2818 eos
1168 2798 1222 2818 non
1241 2788 1362 2817 secundo
1388 2788 1475 2815 solum
1491 2785 1538 2814 sed
1568 2789 1756 2819 saepenumero

967 2871 1000 2897 ad
1018 2869 1232 2898 commentarios
1250 2867 1361 2896 Eusebii
1377 2866 1499 2902 ejusdem
1510 2865 1537 2892 in
1546 2863 1679 2900 psalmos,
1693 2868 1753 2896 cap.

967 2907 1014 2933 ult.
