  <div class='ocr_page' id='page_1' title='image "/cluster/home/n/w/nwhite01/storage/ocr_20150623/22/njp.32101077772497/536.png"; bbox 0 0 2065 3216; ppageno 0'>
   <div class='ocr_carea' id='block_1_1' title="bbox 183 169 234 197">
    <p class='ocr_par' dir='ltr' id='par_1_1' title="bbox 183 169 234 197">
     <span class='ocr_line' id='line_1_1' title="bbox 183 169 234 197; baseline -0.02 0"><span class='ocrx_word' id='word_1_1' title='bbox 183 169 234 197; x_wconf 71' lang='grc' dir='ltr'><strong>οη</strong></span> 
     </span>
    </p>
   </div>
   <div class='ocr_carea' id='block_1_2' title="bbox 491 166 969 202">
    <p class='ocr_par' dir='ltr' id='par_1_2' title="bbox 491 166 969 202">
     <span class='ocr_line' id='line_1_2' title="bbox 491 166 969 202; baseline -0.004 -6"><span class='ocrx_word' id='word_1_2' title='bbox 491 166 722 202; x_wconf 61' lang='grc' dir='ltr'><strong>ΟΠΞΒΤΙΟΝΕΞ</strong></span> <span class='ocrx_word' id='word_1_3' title='bbox 740 166 969 195; x_wconf 69' lang='lat' dir='ltr'><strong>EVANGELICE</strong></span> 
     </span>
    </p>
   </div>
   <div class='ocr_carea' id='block_1_3' title="bbox 1020 166 1530 202">
    <p class='ocr_par' dir='ltr' id='par_1_3' title="bbox 1020 167 1530 201">
     <span class='ocr_line' id='line_1_3' title="bbox 1020 167 1530 201; baseline 0.002 -5"><span class='ocrx_word' id='word_1_4' title='bbox 1020 183 1035 188; x_wconf 93' lang='lat'><strong>—</strong></span> <span class='ocrx_word' id='word_1_5' title='bbox 1054 167 1219 201; x_wconf 63' lang='lat' dir='ltr'><strong>QUIESTIO</strong></span> <span class='ocrx_word' id='word_1_6' title='bbox 1237 168 1259 196; x_wconf 88' lang='lat' dir='ltr'><strong>Il</strong></span> <span class='ocrx_word' id='word_1_7' title='bbox 1279 168 1324 195; x_wconf 80' lang='lat' dir='ltr'><strong>AD</strong></span> <span class='ocrx_word' id='word_1_8' title='bbox 1344 168 1530 198; x_wconf 54' lang='lat' dir='ltr'><strong>MARINUM.‘</strong></span> 
     </span>
    </p>
   </div>
   <div class='ocr_carea' id='block_1_4' title="bbox 1757 172 1808 199">
    <p class='ocr_par' dir='ltr' id='par_1_4' title="bbox 1757 172 1808 199">
     <span class='ocr_line' id='line_1_4' title="bbox 1757 172 1808 199; baseline 0 0"><span class='ocrx_word' id='word_1_9' title='bbox 1757 172 1808 199; x_wconf 63' lang='lat'><strong>963</strong></span> 
     </span>
    </p>
   </div>
   <div class='ocr_carea' id='block_1_5' title="bbox 184 226 969 265">
    <p class='ocr_par' dir='ltr' id='par_1_5' title="bbox 184 226 969 264">
     <span class='ocr_line' id='line_1_5' title="bbox 184 226 969 264; baseline -0.001 -10"><span class='ocrx_word' id='word_1_10' title='bbox 184 227 255 262; x_wconf 71' lang='grc' dir='ltr'><strong>μιτᾶ</strong></span> <span class='ocrx_word' id='word_1_11' title='bbox 270 226 299 254; x_wconf 80' lang='grc' dir='ltr'><strong>τὺ</strong></span> <span class='ocrx_word' id='word_1_12' title='bbox 313 226 449 255; x_wconf 77' lang='grc' dir='ltr'>Σάϐϐατον</span> <span class='ocrx_word' id='word_1_13' title='bbox 458 234 465 242; x_wconf 78' lang='grc'><strong>⁸</strong></span> <span class='ocrx_word' id='word_1_14' title='bbox 481 227 552 254; x_wconf 81' lang='grc' dir='ltr'>οὕτω</span> <span class='ocrx_word' id='word_1_15' title='bbox 565 227 620 263; x_wconf 84' lang='grc' dir='ltr'><strong>γὰρ</strong></span> <span class='ocrx_word' id='word_1_16' title='bbox 639 228 686 255; x_wconf 75' lang='grc' dir='ltr'><strong>καὶ</strong></span> <span class='ocrx_word' id='word_1_17' title='bbox 700 227 748 262; x_wconf 75' lang='grc' dir='ltr'><strong>ὀψὲ</strong></span> <span class='ocrx_word' id='word_1_18' title='bbox 761 229 810 263; x_wconf 83' lang='grc' dir='ltr'>τῆς</span> <span class='ocrx_word' id='word_1_19' title='bbox 823 229 896 264; x_wconf 86' lang='grc' dir='ltr'>ὧρας</span> <span class='ocrx_word' id='word_1_20' title='bbox 909 227 969 254; x_wconf 70' lang='grc' dir='ltr'><strong>εἱώ-</strong></span> 
     </span>
    </p>
   </div>
   <div class='ocr_carea' id='block_1_6' title="bbox 1020 226 1810 265">
    <p class='ocr_par' dir='ltr' id='par_1_6' title="bbox 1022 227 1810 265">
     <span class='ocr_line' id='line_1_6' title="bbox 1022 227 1810 265; baseline 0.005 -11"><span class='ocrx_word' id='word_1_21' title='bbox 1022 228 1124 255; x_wconf 84' lang='lat' dir='ltr'><strong>batum.</strong></span> <span class='ocrx_word' id='word_1_22' title='bbox 1146 227 1191 256; x_wconf 87' lang='lat' dir='ltr'><strong>Sic</strong></span> <span class='ocrx_word' id='word_1_23' title='bbox 1206 229 1279 256; x_wconf 90' lang='lat' dir='ltr'><strong>enim</strong></span> <span class='ocrx_word' id='word_1_24' title='bbox 1294 233 1321 257; x_wconf 88' lang='lat' dir='ltr'><strong>et</strong></span> <span class='ocrx_word' id='word_1_25' title='bbox 1345 237 1407 257; x_wconf 88' lang='lat' dir='ltr'><strong>sero</strong></span> <span class='ocrx_word' id='word_1_26' title='bbox 1428 230 1501 257; x_wconf 67' lang='lat' dir='ltr'><strong>horae</strong></span> <span class='ocrx_word' id='word_1_27' title='bbox 1512 230 1632 258; x_wconf 86' lang='lat' dir='ltr'><strong>solemus</strong></span> <span class='ocrx_word' id='word_1_28' title='bbox 1645 230 1753 265; x_wconf 81' lang='lat' dir='ltr'><strong>dicere,</strong></span> <span class='ocrx_word' id='word_1_29' title='bbox 1782 237 1810 258; x_wconf 79' lang='lat' dir='ltr'><strong>et</strong></span> 
     </span>
    </p>
   </div>
   <div class='ocr_carea' id='block_1_7' title="bbox 182 274 968 312">
    <p class='ocr_par' dir='ltr' id='par_1_7' title="bbox 182 274 968 312">
     <span class='ocr_line' id='line_1_7' title="bbox 182 274 968 312; baseline 0.001 -11"><span class='ocrx_word' id='word_1_30' title='bbox 182 275 270 310; x_wconf 80' lang='grc' dir='ltr'>θαμεν</span> <span class='ocrx_word' id='word_1_31' title='bbox 278 274 368 309; x_wconf 85' lang='grc' dir='ltr'>λέγειν</span> <span class='ocrx_word' id='word_1_32' title='bbox 376 295 384 307; x_wconf 85' lang='grc'><strong>,</strong></span> <span class='ocrx_word' id='word_1_33' title='bbox 395 275 441 302; x_wconf 69' lang='grc' dir='ltr'><strong>καὶ</strong></span> <span class='ocrx_word' id='word_1_34' title='bbox 452 275 500 310; x_wconf 75' lang='grc' dir='ltr'><strong>ὀψὲ</strong></span> <span class='ocrx_word' id='word_1_35' title='bbox 511 275 556 301; x_wconf 84' lang='grc' dir='ltr'><strong>τοῦ</strong></span> <span class='ocrx_word' id='word_1_36' title='bbox 570 275 675 311; x_wconf 84' lang='grc' dir='ltr'><strong>καιροῦ,</strong></span> <span class='ocrx_word' id='word_1_37' title='bbox 684 276 730 302; x_wconf 75' lang='grc' dir='ltr'>καὶ</span> <span class='ocrx_word' id='word_1_38' title='bbox 742 275 790 310; x_wconf 72' lang='grc' dir='ltr'><strong>ὀψὲ</strong></span> <span class='ocrx_word' id='word_1_39' title='bbox 802 275 853 310; x_wconf 82' lang='grc' dir='ltr'>τῆς</span> <span class='ocrx_word' id='word_1_40' title='bbox 864 276 968 312; x_wconf 81' lang='grc' dir='ltr'><strong>χρείας·</strong></span> 
     </span>
    </p>
   </div>
   <div class='ocr_carea' id='block_1_8' title="bbox 179 320 969 358">
    <p class='ocr_par' dir='ltr' id='par_1_8' title="bbox 179 320 969 358">
     <span class='ocr_line' id='line_1_8' title="bbox 179 320 969 358; baseline 0.001 -10"><span class='ocrx_word' id='word_1_41' title='bbox 179 321 212 348; x_wconf 82' lang='grc' dir='ltr'><strong>οὐ</strong></span> <span class='ocrx_word' id='word_1_42' title='bbox 227 321 277 357; x_wconf 80' lang='grc' dir='ltr'>τὴν</span> <span class='ocrx_word' id='word_1_43' title='bbox 291 321 418 357; x_wconf 76' lang='grc' dir='ltr'>ἑσπέραν.</span> <span class='ocrx_word' id='word_1_44' title='bbox 435 320 586 357; x_wconf 75' lang='grc' dir='ltr'><strong>δηλοῦντες,</strong></span> <span class='ocrx_word' id='word_1_45' title='bbox 601 321 661 348; x_wconf 78' lang='grc' dir='ltr'>οὐδὲ</span> <span class='ocrx_word' id='word_1_46' title='bbox 682 321 727 348; x_wconf 76' lang='grc' dir='ltr'><strong>τὸν</strong></span> <span class='ocrx_word' id='word_1_47' title='bbox 748 322 816 357; x_wconf 80' lang='grc' dir='ltr'>μετὰ</span> <span class='ocrx_word' id='word_1_48' title='bbox 830 321 904 358; x_wconf 82' lang='grc' dir='ltr'>ἡλίου</span> <span class='ocrx_word' id='word_1_49' title='bbox 923 322 969 349; x_wconf 81' lang='grc' dir='ltr'>δυ-</span> 
     </span>
    </p>
   </div>
   <div class='ocr_carea' id='block_1_9' title="bbox 182 367 969 404">
    <p class='ocr_par' dir='ltr' id='par_1_9' title="bbox 182 367 969 404">
     <span class='ocr_line' id='line_1_9' title="bbox 182 367 969 404; baseline 0 -10"><span class='ocrx_word' id='word_1_50' title='bbox 182 368 254 403; x_wconf 83' lang='grc' dir='ltr'>σμὰς</span> <span class='ocrx_word' id='word_1_51' title='bbox 267 367 372 403; x_wconf 78' lang='grc' dir='ltr'>χρόνον,</span> <span class='ocrx_word' id='word_1_52' title='bbox 381 367 410 394; x_wconf 71' lang='grc' dir='ltr'>τὸ</span> <span class='ocrx_word' id='word_1_53' title='bbox 421 368 449 395; x_wconf 82' lang='grc' dir='ltr'><strong>δὲ</strong></span> <span class='ocrx_word' id='word_1_54' title='bbox 465 368 568 404; x_wconf 82' lang='grc' dir='ltr'>σφόδρα</span> <span class='ocrx_word' id='word_1_55' title='bbox 578 368 684 404; x_wconf 83' lang='grc' dir='ltr'><strong>βράδιον</strong></span> <span class='ocrx_word' id='word_1_56' title='bbox 694 367 781 403; x_wconf 77' lang='grc' dir='ltr'>τούτῳ</span> <span class='ocrx_word' id='word_1_57' title='bbox 795 368 969 404; x_wconf 81' lang='grc' dir='ltr'>σημαίνοντες</span> 
     </span>
    </p>
   </div>
   <div class='ocr_carea' id='block_1_10' title="bbox 180 414 970 451">
    <p class='ocr_par' dir='ltr' id='par_1_10' title="bbox 180 414 970 451">
     <span class='ocr_line' id='line_1_10' title="bbox 180 414 970 451; baseline 0 -10"><span class='ocrx_word' id='word_1_58' title='bbox 180 415 220 451; x_wconf 84' lang='grc' dir='ltr'>τῷ</span> <span class='ocrx_word' id='word_1_59' title='bbox 230 415 338 450; x_wconf 83' lang='grc' dir='ltr'>τρόπῳ·</span> <span class='ocrx_word' id='word_1_60' title='bbox 362 415 421 441; x_wconf 78' lang='grc' dir='ltr'>ὅθεν</span> <span class='ocrx_word' id='word_1_61' title='bbox 436 414 530 450; x_wconf 78' lang='grc' dir='ltr'>ὧσπερ</span> <span class='ocrx_word' id='word_1_62' title='bbox 549 415 735 450; x_wconf 81' lang='grc' dir='ltr'>διερμηνεύων</span> <span class='ocrx_word' id='word_1_63' title='bbox 750 415 830 447; x_wconf 82' lang='grc' dir='ltr'>αὐτὸς</span> <span class='ocrx_word' id='word_1_64' title='bbox 845 415 940 442; x_wconf 80' lang='grc' dir='ltr'>ἑαυτὸν</span> <span class='ocrx_word' id='word_1_65' title='bbox 956 416 970 441; x_wconf 86' lang='grc' dir='ltr'>ὁ</span> 
     </span>
    </p>
   </div>
   <div class='ocr_carea' id='block_1_11' title="bbox 180 460 970 497">
    <p class='ocr_par' dir='ltr' id='par_1_11' title="bbox 180 460 970 497">
     <span class='ocr_line' id='line_1_11' title="bbox 180 460 970 497; baseline -0.001 -9"><span class='ocrx_word' id='word_1_66' title='bbox 180 461 320 493; x_wconf 84' lang='grc' dir='ltr'>Ματθαϊος</span> <span class='ocrx_word' id='word_1_67' title='bbox 335 462 403 497; x_wconf 78' lang='grc' dir='ltr'>μετὰ</span> <span class='ocrx_word' id='word_1_68' title='bbox 413 462 443 488; x_wconf 83' lang='grc' dir='ltr'>τὸ</span> <span class='ocrx_word' id='word_1_69' title='bbox 460 461 518 496; x_wconf 71' lang='grc' dir='ltr'><strong>ὀψὲ</strong></span> <span class='ocrx_word' id='word_1_70' title='bbox 533 460 701 493; x_wconf 75' lang='grc' dir='ltr'>Σαϐϐἀτων,</span> <span class='ocrx_word' id='word_1_71' title='bbox 715 461 837 496; x_wconf 76' lang='grc' dir='ltr'>ἐπήγαγε</span> <span class='ocrx_word' id='word_1_72' title='bbox 852 461 889 495; x_wconf 83' lang='grc' dir='ltr'>τῇ</span> <span class='ocrx_word' id='word_1_73' title='bbox 907 461 970 487; x_wconf 81' lang='grc' dir='ltr'>ἐπι-</span> 
     </span>
    </p>
   </div>
   <div class='ocr_carea' id='block_1_12' title="bbox 180 506 970 543">
    <p class='ocr_par' dir='ltr' id='par_1_12' title="bbox 180 506 970 543">
     <span class='ocr_line' id='line_1_12' title="bbox 180 506 970 543; baseline 0.001 -11"><span class='ocrx_word' id='word_1_74' title='bbox 180 507 347 540; x_wconf 79' lang='grc' dir='ltr'><strong>φωσκούσῃ</strong></span> <span class='ocrx_word' id='word_1_75' title='bbox 361 506 426 541; x_wconf 84' lang='grc' dir='ltr'><strong>φησί</strong></span> <span class='ocrx_word' id='word_1_76' title='bbox 437 514 443 521; x_wconf 94' lang='grc'><strong>·</strong></span> <span class='ocrx_word' id='word_1_77' title='bbox 456 507 556 543; x_wconf 83' lang='grc' dir='ltr'>δηλαδὴ</span> <span class='ocrx_word' id='word_1_78' title='bbox 569 506 628 543; x_wconf 77' lang='grc' dir='ltr'><strong>ὥρᾳ</strong></span> <span class='ocrx_word' id='word_1_79' title='bbox 639 509 673 543; x_wconf 87' lang='grc' dir='ltr'><strong>τῇ</strong></span> <span class='ocrx_word' id='word_1_80' title='bbox 685 507 776 534; x_wconf 81' lang='grc' dir='ltr'>λοιπὸν</span> <span class='ocrx_word' id='word_1_81' title='bbox 792 507 842 542; x_wconf 77' lang='grc' dir='ltr'><strong>ἤδη</strong></span> <span class='ocrx_word' id='word_1_82' title='bbox 855 507 970 541; x_wconf 84' lang='grc' dir='ltr'>ὑποφαι-</span> 
     </span>
    </p>
   </div>
   <div class='ocr_carea' id='block_1_13' title="bbox 179 553 969 590">
    <p class='ocr_par' dir='ltr' id='par_1_13' title="bbox 179 553 969 590">
     <span class='ocr_line' id='line_1_13' title="bbox 179 553 969 590; baseline 0.001 -11"><span class='ocrx_word' id='word_1_83' title='bbox 179 553 275 588; x_wconf 81' lang='grc' dir='ltr'>νούσῃ,</span> <span class='ocrx_word' id='word_1_84' title='bbox 301 553 348 579; x_wconf 72' lang='grc' dir='ltr'><strong>καὶ</strong></span> <span class='ocrx_word' id='word_1_85' title='bbox 370 553 563 589; x_wconf 80' lang='grc' dir='ltr'><strong>ἐπιφωσκούσῃ</strong></span> <span class='ocrx_word' id='word_1_86' title='bbox 574 555 614 585; x_wconf 79' lang='grc' dir='ltr'><strong>εἰς</strong></span> <span class='ocrx_word' id='word_1_87' title='bbox 630 554 679 590; x_wconf 87' lang='grc' dir='ltr'><strong>τὴν</strong></span> <span class='ocrx_word' id='word_1_88' title='bbox 695 553 838 590; x_wconf 79' lang='grc' dir='ltr'>Κυριακὴν</span> <span class='ocrx_word' id='word_1_89' title='bbox 852 554 969 589; x_wconf 80' lang='grc' dir='ltr'><strong>ἡμέραν,</strong></span> 
     </span>
    </p>
   </div>
   <div class='ocr_carea' id='block_1_14' title="bbox 179 596 970 635">
    <p class='ocr_par' dir='ltr' id='par_1_14' title="bbox 179 596 970 635">
     <span class='ocr_line' id='line_1_14' title="bbox 179 596 970 635; baseline 0.001 -10"><span class='ocrx_word' id='word_1_90' title='bbox 179 599 241 634; x_wconf 74' lang='grc' dir='ltr'>ἥτις</span> <span class='ocrx_word' id='word_1_91' title='bbox 252 596 286 634; x_wconf 82' lang='grc' dir='ltr'><strong>ἦν</strong></span> <span class='ocrx_word' id='word_1_92' title='bbox 299 598 347 633; x_wconf 77' lang='grc' dir='ltr'><strong>ὀψὲ</strong></span> <span class='ocrx_word' id='word_1_93' title='bbox 360 600 408 626; x_wconf 74' lang='grc' dir='ltr'><strong>καὶ</strong></span> <span class='ocrx_word' id='word_1_94' title='bbox 420 599 514 635; x_wconf 79' lang='grc' dir='ltr'>πόρρω</span> <span class='ocrx_word' id='word_1_95' title='bbox 527 599 619 626; x_wconf 79' lang='grc' dir='ltr'>λοιπὸν</span> <span class='ocrx_word' id='word_1_96' title='bbox 633 600 781 627; x_wconf 79' lang='grc' dir='ltr'>ἐλαύνουσα</span> <span class='ocrx_word' id='word_1_97' title='bbox 795 599 848 626; x_wconf 84' lang='grc' dir='ltr'>τῶν</span> <span class='ocrx_word' id='word_1_98' title='bbox 865 600 970 627; x_wconf 73' lang='grc' dir='ltr'><strong>Σαϐϐά-</strong></span> 
     </span>
    </p>
   </div>
   <div class='ocr_carea' id='block_1_15' title="bbox 179 645 970 682">
    <p class='ocr_par' dir='ltr' id='par_1_15' title="bbox 179 645 970 682">
     <span class='ocr_line' id='line_1_15' title="bbox 179 645 970 682; baseline 0.001 -11"><span class='ocrx_word' id='word_1_99' title='bbox 179 653 250 672; x_wconf 71' lang='grc' dir='ltr'>τωψ</span> <span class='ocrx_word' id='word_1_100' title='bbox 266 645 388 671; x_wconf 81' lang='grc' dir='ltr'>λέλεκται</span> <span class='ocrx_word' id='word_1_101' title='bbox 405 645 432 671; x_wconf 77' lang='grc' dir='ltr'>δὲ</span> <span class='ocrx_word' id='word_1_102' title='bbox 450 645 508 680; x_wconf 71' lang='grc' dir='ltr'><strong>ὀψὲ</strong></span> <span class='ocrx_word' id='word_1_103' title='bbox 526 645 579 672; x_wconf 85' lang='grc' dir='ltr'>τοῦ</span> <span class='ocrx_word' id='word_1_104' title='bbox 595 646 748 673; x_wconf 74' lang='grc' dir='ltr'>Σαϐϐἀτου</span> <span class='ocrx_word' id='word_1_105' title='bbox 763 646 839 681; x_wconf 76' lang='grc' dir='ltr'>παρὰ</span> <span class='ocrx_word' id='word_1_106' title='bbox 857 646 902 677; x_wconf 78' lang='grc' dir='ltr'><strong>τοῦ</strong></span> <span class='ocrx_word' id='word_1_107' title='bbox 924 647 970 682; x_wconf 80' lang='grc' dir='ltr'><strong>έρ-</strong></span> 
     </span>
    </p>
   </div>
   <div class='ocr_carea' id='block_1_16' title="bbox 182 689 970 728">
    <p class='ocr_par' dir='ltr' id='par_1_16' title="bbox 182 689 970 728">
     <span class='ocr_line' id='line_1_16' title="bbox 182 689 970 728; baseline 0.004 -13"><span class='ocrx_word' id='word_1_108' title='bbox 182 689 368 725; x_wconf 83' lang='grc' dir='ltr'>μηνεύσαντος</span> <span class='ocrx_word' id='word_1_109' title='bbox 391 690 442 724; x_wconf 85' lang='grc' dir='ltr'>τὴν</span> <span class='ocrx_word' id='word_1_110' title='bbox 457 691 584 726; x_wconf 83' lang='grc' dir='ltr'><strong>Γραφήν·</strong></span> <span class='ocrx_word' id='word_1_111' title='bbox 600 692 614 718; x_wconf 98' lang='lat'><strong>6</strong></span> <span class='ocrx_word' id='word_1_112' title='bbox 635 691 684 726; x_wconf 77' lang='grc' dir='ltr'><strong>μὲν</strong></span> <span class='ocrx_word' id='word_1_113' title='bbox 705 692 758 728; x_wconf 88' lang='grc' dir='ltr'><strong>γὰρ</strong></span> <span class='ocrx_word' id='word_1_114' title='bbox 776 691 970 727; x_wconf 78' lang='grc' dir='ltr'>εὺαγγελιστὴς</span> 
     </span>
    </p>
   </div>
   <div class='ocr_carea' id='block_1_17' title="bbox 179 735 967 774">
    <p class='ocr_par' dir='ltr' id='par_1_17' title="bbox 179 735 967 774">
     <span class='ocr_line' id='line_1_17' title="bbox 179 735 967 774; baseline 0.004 -12"><span class='ocrx_word' id='word_1_115' title='bbox 179 735 322 768; x_wconf 83' lang='grc' dir='ltr'>Ματθαῖος</span> <span class='ocrx_word' id='word_1_116' title='bbox 344 737 465 772; x_wconf 82' lang='grc' dir='ltr'>Ἐὃραῖδι</span> <span class='ocrx_word' id='word_1_117' title='bbox 475 737 582 774; x_wconf 80' lang='grc' dir='ltr'><strong>γλώττῃ</strong></span> <span class='ocrx_word' id='word_1_118' title='bbox 595 737 736 773; x_wconf 77' lang='grc' dir='ltr'>παρέδωκε</span> <span class='ocrx_word' id='word_1_119' title='bbox 753 738 784 764; x_wconf 70' lang='grc' dir='ltr'>τὸ</span> <span class='ocrx_word' id='word_1_120' title='bbox 797 738 967 773; x_wconf 84' lang='grc' dir='ltr'>εὐαγγέλιον·</span> 
     </span>
    </p>
   </div>
   <div class='ocr_carea' id='block_1_18' title="bbox 178 781 970 820">
    <p class='ocr_par' dir='ltr' id='par_1_18' title="bbox 178 781 970 820">
     <span class='ocr_line' id='line_1_18' title="bbox 178 781 970 820; baseline 0.005 -13"><span class='ocrx_word' id='word_1_121' title='bbox 178 782 197 807; x_wconf 68' lang='grc'><strong>’5</strong></span> <span class='ocrx_word' id='word_1_122' title='bbox 211 781 240 808; x_wconf 84' lang='grc' dir='ltr'><strong>δὲ</strong></span> <span class='ocrx_word' id='word_1_123' title='bbox 255 781 302 808; x_wconf 78' lang='grc' dir='ltr'><strong>ἐπὶ</strong></span> <span class='ocrx_word' id='word_1_124' title='bbox 317 781 365 817; x_wconf 82' lang='grc' dir='ltr'><strong>τὴν</strong></span> <span class='ocrx_word' id='word_1_125' title='bbox 382 782 514 817; x_wconf 81' lang='grc' dir='ltr'>Ἑλλήνων</span> <span class='ocrx_word' id='word_1_126' title='bbox 539 783 630 819; x_wconf 86' lang='grc' dir='ltr'>φωνὴν</span> <span class='ocrx_word' id='word_1_127' title='bbox 653 783 811 818; x_wconf 70' lang='grc' dir='ltr'>μεταϐαλὼν</span> <span class='ocrx_word' id='word_1_128' title='bbox 827 784 903 816; x_wconf 76' lang='grc' dir='ltr'>αὐτὸ,</span> <span class='ocrx_word' id='word_1_129' title='bbox 921 784 970 820; x_wconf 83' lang='grc' dir='ltr'><strong>τὴν</strong></span> 
     </span>
    </p>
   </div>
   <div class='ocr_carea' id='block_1_19' title="bbox 180 827 971 865">
    <p class='ocr_par' dir='ltr' id='par_1_19' title="bbox 180 827 971 865">
     <span class='ocr_line' id='line_1_19' title="bbox 180 827 971 865; baseline 0.003 -11"><span class='ocrx_word' id='word_1_130' title='bbox 180 827 391 862; x_wconf 76' lang='grc' dir='ltr'>ἔπιφωσκοῦσαν</span> <span class='ocrx_word' id='word_1_131' title='bbox 407 828 480 864; x_wconf 79' lang='grc' dir='ltr'>ὤραν</span> <span class='ocrx_word' id='word_1_132' title='bbox 495 829 534 861; x_wconf 78' lang='grc' dir='ltr'><strong>εἰς</strong></span> <span class='ocrx_word' id='word_1_133' title='bbox 551 829 600 865; x_wconf 84' lang='grc' dir='ltr'>τὴν</span> <span class='ocrx_word' id='word_1_134' title='bbox 617 829 759 865; x_wconf 83' lang='grc' dir='ltr'>Κυριακὴν</span> <span class='ocrx_word' id='word_1_135' title='bbox 776 829 893 865; x_wconf 82' lang='grc' dir='ltr'>ἡμέραν,</span> <span class='ocrx_word' id='word_1_136' title='bbox 913 829 971 864; x_wconf 76' lang='grc' dir='ltr'><strong>ὀψὲ</strong></span> 
     </span>
    </p>
   </div>
   <div class='ocr_carea' id='block_1_20' title="bbox 178 874 972 914">
    <p class='ocr_par' dir='ltr' id='par_1_20' title="bbox 178 874 972 914">
     <span class='ocr_line' id='line_1_20' title="bbox 178 874 972 914; baseline 0.001 -13"><span class='ocrx_word' id='word_1_137' title='bbox 178 874 339 914; x_wconf 60' lang='lat' dir='ltr'><strong>raecer</strong></span> <span class='ocrx_word' id='word_1_138' title='bbox 361 876 522 911; x_wconf 85' lang='grc' dir='ltr'><strong>προσεῖπεν·</strong></span> <span class='ocrx_word' id='word_1_139' title='bbox 538 875 609 902; x_wconf 86' lang='grc' dir='ltr'>ὥστε</span> <span class='ocrx_word' id='word_1_140' title='bbox 630 875 675 902; x_wconf 82' lang='grc' dir='ltr'>τὸν</span> <span class='ocrx_word' id='word_1_141' title='bbox 691 875 771 902; x_wconf 76' lang='grc' dir='ltr'>αὑτὸν</span> <span class='ocrx_word' id='word_1_142' title='bbox 789 876 882 911; x_wconf 79' lang='grc' dir='ltr'>σχεδὸν</span> <span class='ocrx_word' id='word_1_143' title='bbox 904 877 972 903; x_wconf 79' lang='grc' dir='ltr'>νοεῖ-</span> 
     </span>
    </p>
   </div>
   <div class='ocr_carea' id='block_1_21' title="bbox 180 915 1005 957">
    <p class='ocr_par' dir='ltr' id='par_1_21' title="bbox 180 915 1005 957">
     <span class='ocr_line' id='line_1_21' title="bbox 180 915 1005 957; baseline 0.004 -11"><span class='ocrx_word' id='word_1_144' title='bbox 180 919 244 947; x_wconf 83' lang='grc' dir='ltr'>σθαι</span> <span class='ocrx_word' id='word_1_145' title='bbox 266 920 372 956; x_wconf 77' lang='grc' dir='ltr'>καιρὸν,</span> <span class='ocrx_word' id='word_1_146' title='bbox 389 920 404 955; x_wconf 86' lang='grc' dir='ltr'>ῆ</span> <span class='ocrx_word' id='word_1_147' title='bbox 422 920 466 948; x_wconf 84' lang='grc' dir='ltr'><strong>τὸν</strong></span> <span class='ocrx_word' id='word_1_148' title='bbox 481 921 584 957; x_wconf 80' lang='grc' dir='ltr'>σφόδρα</span> <span class='ocrx_word' id='word_1_149' title='bbox 597 922 682 956; x_wconf 78' lang='grc' dir='ltr'><strong>ἐγγὺς</strong></span> <span class='ocrx_word' id='word_1_150' title='bbox 695 922 769 957; x_wconf 76' lang='grc' dir='ltr'>παρὰ</span> <span class='ocrx_word' id='word_1_151' title='bbox 785 924 840 954; x_wconf 83' lang='grc' dir='ltr'>τοῖς</span> <span class='ocrx_word' id='word_1_152' title='bbox 856 923 969 957; x_wconf 83' lang='grc' dir='ltr'>εὐαγγε-</span> <span class='ocrx_word' id='word_1_153' title='bbox 984 915 1005 942; x_wconf 81' lang='grc' dir='ltr'><strong>Β</strong></span> 
     </span>
    </p>
   </div>
   <div class='ocr_carea' id='block_1_22' title="bbox 179 965 970 1004">
    <p class='ocr_par' dir='ltr' id='par_1_22' title="bbox 179 965 970 1004">
     <span class='ocr_line' id='line_1_22' title="bbox 179 965 970 1004; baseline 0.003 -12"><span class='ocrx_word' id='word_1_154' title='bbox 179 965 286 998; x_wconf 77' lang='grc' dir='ltr'>λιστατς</span> <span class='ocrx_word' id='word_1_155' title='bbox 299 966 435 1002; x_wconf 85' lang='grc' dir='ltr'>διαφόροις</span> <span class='ocrx_word' id='word_1_156' title='bbox 445 967 559 1002; x_wconf 79' lang='grc' dir='ltr'>ὀνόμασι</span> <span class='ocrx_word' id='word_1_157' title='bbox 572 968 769 1004; x_wconf 83' lang='grc' dir='ltr'><strong>τετηρημένον·</strong></span> <span class='ocrx_word' id='word_1_158' title='bbox 781 968 863 1003; x_wconf 84' lang='grc' dir='ltr'>μηδέν</span> <span class='ocrx_word' id='word_1_159' title='bbox 871 977 900 995; x_wconf 87' lang='grc' dir='ltr'><strong>τε</strong></span> <span class='ocrx_word' id='word_1_160' title='bbox 911 968 970 995; x_wconf 84' lang='grc' dir='ltr'>δια-</span> 
     </span>
    </p>
   </div>
   <div class='ocr_carea' id='block_1_23' title="bbox 179 1012 969 1051">
    <p class='ocr_par' dir='ltr' id='par_1_23' title="bbox 179 1012 969 1051">
     <span class='ocr_line' id='line_1_23' title="bbox 179 1012 969 1051; baseline 0.004 -13"><span class='ocrx_word' id='word_1_161' title='bbox 179 1012 275 1048; x_wconf 81' lang='grc' dir='ltr'><strong>φέρειν</strong></span> <span class='ocrx_word' id='word_1_162' title='bbox 296 1012 433 1040; x_wconf 86' lang='grc' dir='ltr'>Ματθαῐον</span> <span class='ocrx_word' id='word_1_163' title='bbox 449 1013 589 1048; x_wconf 75' lang='grc' dir='ltr'><strong>εἰρηκότα*</strong></span> <span class='ocrx_word' id='word_1_164' title='bbox 605 1023 614 1039; x_wconf 76' lang='grc' dir='ltr'><strong>ι</strong></span> <span class='ocrx_word' id='word_1_165' title='bbox 633 1014 696 1048; x_wconf 82' lang='grc' dir='ltr'><strong>Ὀψὲ</strong></span> <span class='ocrx_word' id='word_1_166' title='bbox 723 1015 751 1041; x_wconf 83' lang='grc' dir='ltr'><strong>δὲ</strong></span> <span class='ocrx_word' id='word_1_167' title='bbox 774 1014 920 1041; x_wconf 79' lang='grc' dir='ltr'>Σαϐϐάτων</span> <span class='ocrx_word' id='word_1_168' title='bbox 936 1016 969 1051; x_wconf 87' lang='grc' dir='ltr'>τῇ</span> 
     </span>
    </p>
   </div>
   <div class='ocr_carea' id='block_1_24' title="bbox 179 1058 970 1098">
    <p class='ocr_par' dir='ltr' id='par_1_24' title="bbox 179 1058 970 1098">
     <span class='ocr_line' id='line_1_24' title="bbox 179 1058 970 1098; baseline 0.004 -13"><span class='ocrx_word' id='word_1_169' title='bbox 179 1059 376 1094; x_wconf 77' lang='grc' dir='ltr'><strong>ἐπιφωσκούσῃ</strong></span> <span class='ocrx_word' id='word_1_170' title='bbox 404 1060 444 1092; x_wconf 80' lang='grc' dir='ltr'>εἰς</span> <span class='ocrx_word' id='word_1_171' title='bbox 475 1060 538 1095; x_wconf 83' lang='grc' dir='ltr'>μίαν</span> <span class='ocrx_word' id='word_1_172' title='bbox 562 1059 709 1087; x_wconf 76' lang='grc' dir='ltr'>Σαϐϐάτων</span> <span class='ocrx_word' id='word_1_173' title='bbox 729 1058 795 1097; x_wconf 77' lang='grc' dir='ltr'>ἦλθε</span> <span class='ocrx_word' id='word_1_174' title='bbox 828 1061 922 1098; x_wconf 87' lang='grc' dir='ltr'>Μαρία</span> <span class='ocrx_word' id='word_1_175' title='bbox 952 1063 970 1098; x_wconf 78' lang='grc' dir='ltr'>ἡ</span> 
     </span>
    </p>
   </div>
   <div class='ocr_carea' id='block_1_25' title="bbox 178 1106 970 1143">
    <p class='ocr_par' dir='ltr' id='par_1_25' title="bbox 178 1106 970 1143">
     <span class='ocr_line' id='line_1_25' title="bbox 178 1106 970 1143; baseline 0.003 -11"><span class='ocrx_word' id='word_1_176' title='bbox 178 1106 347 1141; x_wconf 80' lang='grc' dir='ltr'>Μαγδαληνὴ</span> <span class='ocrx_word' id='word_1_177' title='bbox 375 1107 458 1143; x_wconf 76' lang='grc' dir='ltr'><strong>καὶὴ</strong></span> <span class='ocrx_word' id='word_1_178' title='bbox 483 1107 548 1142; x_wconf 85' lang='grc' dir='ltr'>ἄλλη</span> <span class='ocrx_word' id='word_1_179' title='bbox 574 1107 668 1143; x_wconf 88' lang='grc' dir='ltr'>Μαρία</span> <span class='ocrx_word' id='word_1_180' title='bbox 690 1107 826 1143; x_wconf 82' lang='grc' dir='ltr'>θεωρῆσαι</span> <span class='ocrx_word' id='word_1_181' title='bbox 854 1108 899 1134; x_wconf 74' lang='grc' dir='ltr'><strong>τὸν</strong></span> <span class='ocrx_word' id='word_1_182' title='bbox 922 1108 970 1135; x_wconf 85' lang='grc' dir='ltr'>τά-</span> 
     </span>
    </p>
   </div>
   <div class='ocr_carea' id='block_1_26' title="bbox 180 1152 971 1189">
    <p class='ocr_par' dir='ltr' id='par_1_26' title="bbox 180 1152 971 1189">
     <span class='ocr_line' id='line_1_26' title="bbox 180 1152 971 1189; baseline 0.003 -11"><span class='ocrx_word' id='word_1_183' title='bbox 180 1161 242 1186; x_wconf 77' lang='grc' dir='ltr'>φον,</span> <span class='ocrx_word' id='word_1_184' title='bbox 259 1162 268 1178; x_wconf 77' lang='grc' dir='ltr'><strong>ι</strong></span> <span class='ocrx_word' id='word_1_185' title='bbox 289 1152 411 1179; x_wconf 79' lang='grc' dir='ltr'><strong>Ἰωάννου</strong></span> <span class='ocrx_word' id='word_1_186' title='bbox 428 1153 561 1188; x_wconf 78' lang='grc' dir='ltr'>φήσαντος</span> <span class='ocrx_word' id='word_1_187' title='bbox 577 1162 583 1168; x_wconf 90' lang='grc'><strong>·</strong></span> <span class='ocrx_word' id='word_1_188' title='bbox 604 1162 613 1178; x_wconf 69' lang='grc' dir='ltr'><strong>ι</strong></span> <span class='ocrx_word' id='word_1_189' title='bbox 636 1155 669 1189; x_wconf 85' lang='grc' dir='ltr'><strong>τῇ</strong></span> <span class='ocrx_word' id='word_1_190' title='bbox 685 1153 713 1180; x_wconf 79' lang='grc' dir='ltr'><strong>δὲ</strong></span> <span class='ocrx_word' id='word_1_191' title='bbox 731 1154 781 1189; x_wconf 76' lang='grc' dir='ltr'><strong>μιᾷ</strong></span> <span class='ocrx_word' id='word_1_192' title='bbox 796 1153 849 1180; x_wconf 80' lang='grc' dir='ltr'>τῶν</span> <span class='ocrx_word' id='word_1_193' title='bbox 866 1153 971 1180; x_wconf 75' lang='grc' dir='ltr'><strong>Σαϐϐά-</strong></span> 
     </span>
    </p>
   </div>
   <div class='ocr_carea' id='block_1_27' title="bbox 178 1198 971 1236">
    <p class='ocr_par' dir='ltr' id='par_1_27' title="bbox 178 1198 971 1236">
     <span class='ocr_line' id='line_1_27' title="bbox 178 1198 971 1236; baseline 0.004 -12"><span class='ocrx_word' id='word_1_194' title='bbox 178 1207 236 1225; x_wconf 78' lang='grc' dir='ltr'><strong>των</strong></span> <span class='ocrx_word' id='word_1_195' title='bbox 252 1198 359 1233; x_wconf 74' lang='grc' dir='ltr'>ἔρχεται</span> <span class='ocrx_word' id='word_1_196' title='bbox 374 1199 467 1234; x_wconf 83' lang='grc' dir='ltr'>Μαρία</span> <span class='ocrx_word' id='word_1_197' title='bbox 486 1200 502 1234; x_wconf 84' lang='grc' dir='ltr'>ὴ</span> <span class='ocrx_word' id='word_1_198' title='bbox 515 1199 681 1235; x_wconf 85' lang='grc' dir='ltr'>Μαγδαληνὴ</span> <span class='ocrx_word' id='word_1_199' title='bbox 694 1199 765 1235; x_wconf 75' lang='grc' dir='ltr'>πρωῒ</span> <span class='ocrx_word' id='word_1_200' title='bbox 781 1201 820 1232; x_wconf 80' lang='grc' dir='ltr'>εἰς</span> <span class='ocrx_word' id='word_1_201' title='bbox 846 1199 876 1227; x_wconf 72' lang='grc' dir='ltr'><strong>τὸ</strong></span> <span class='ocrx_word' id='word_1_202' title='bbox 903 1210 971 1236; x_wconf 87' lang='grc' dir='ltr'><strong>μνη-</strong></span> 
     </span>
    </p>
   </div>
   <div class='ocr_carea' id='block_1_28' title="bbox 180 1244 970 1282">
    <p class='ocr_par' dir='ltr' id='par_1_28' title="bbox 180 1244 970 1282">
     <span class='ocr_line' id='line_1_28' title="bbox 180 1244 970 1282; baseline 0.003 -11"><span class='ocrx_word' id='word_1_203' title='bbox 180 1246 269 1279; x_wconf 80' lang='grc' dir='ltr'>μεῖον,</span> <span class='ocrx_word' id='word_1_204' title='bbox 291 1244 330 1272; x_wconf 78' lang='grc' dir='ltr'>ἔτι</span> <span class='ocrx_word' id='word_1_205' title='bbox 345 1245 429 1280; x_wconf 79' lang='grc' dir='ltr'>οῠσης</span> <span class='ocrx_word' id='word_1_206' title='bbox 452 1245 570 1278; x_wconf 83' lang='grc' dir='ltr'>σκοτίας.</span> <span class='ocrx_word' id='word_1_207' title='bbox 590 1255 599 1272; x_wconf 75' lang='grc' dir='ltr'><strong>ι</strong></span> <span class='ocrx_word' id='word_1_208' title='bbox 617 1246 764 1278; x_wconf 78' lang='grc' dir='ltr'>Πλατυκῶς</span> <span class='ocrx_word' id='word_1_209' title='bbox 780 1246 834 1282; x_wconf 78' lang='grc' dir='ltr'><strong>γὰρ</strong></span> <span class='ocrx_word' id='word_1_210' title='bbox 855 1247 903 1274; x_wconf 72' lang='grc' dir='ltr'>ἕνα</span> <span class='ocrx_word' id='word_1_211' title='bbox 923 1247 970 1274; x_wconf 72' lang='grc' dir='ltr'>καὶ</span> 
     </span>
    </p>
   </div>
   <div class='ocr_carea' id='block_1_29' title="bbox 178 1291 970 1328">
    <p class='ocr_par' dir='ltr' id='par_1_29' title="bbox 178 1291 970 1328">
     <span class='ocr_line' id='line_1_29' title="bbox 178 1291 970 1328; baseline 0.003 -11"><span class='ocrx_word' id='word_1_212' title='bbox 178 1291 228 1318; x_wconf 80' lang='grc' dir='ltr'>τὸν</span> <span class='ocrx_word' id='word_1_213' title='bbox 245 1291 325 1318; x_wconf 82' lang='grc' dir='ltr'>αὐτὸν</span> <span class='ocrx_word' id='word_1_214' title='bbox 341 1291 450 1327; x_wconf 80' lang='grc' dir='ltr'>δηλοῦσι</span> <span class='ocrx_word' id='word_1_215' title='bbox 473 1292 526 1327; x_wconf 80' lang='grc'><strong>(50)</strong></span> <span class='ocrx_word' id='word_1_216' title='bbox 543 1293 638 1328; x_wconf 83' lang='grc' dir='ltr'><strong>χρόνον</strong></span> <span class='ocrx_word' id='word_1_217' title='bbox 659 1292 796 1328; x_wconf 74' lang='grc' dir='ltr'><strong>διαφόροις</strong></span> <span class='ocrx_word' id='word_1_218' title='bbox 818 1293 939 1328; x_wconf 84' lang='grc' dir='ltr'>ῥήμασι·</span> <span class='ocrx_word' id='word_1_219' title='bbox 956 1294 970 1319; x_wconf 92' lang='lat'><strong>6</strong></span> 
     </span>
    </p>
   </div>
   <div class='ocr_carea' id='block_1_30' title="bbox 181 1336 968 1372">
    <p class='ocr_par' dir='ltr' id='par_1_30' title="bbox 181 1336 968 1372">
     <span class='ocr_line' id='line_1_30' title="bbox 181 1336 968 1372; baseline 0.001 -9"><span class='ocrx_word' id='word_1_220' title='bbox 181 1336 235 1372; x_wconf 74' lang='grc' dir='ltr'>μὲν</span> <span class='ocrx_word' id='word_1_221' title='bbox 245 1336 383 1368; x_wconf 85' lang='grc' dir='ltr'>Ματθαῖος</span> <span class='ocrx_word' id='word_1_222' title='bbox 398 1336 466 1371; x_wconf 77' lang='grc' dir='ltr'><em>ὀψὲ,</em></span> <span class='ocrx_word' id='word_1_223' title='bbox 481 1337 541 1364; x_wconf 73' lang='grc' dir='ltr'>ἀντὶ</span> <span class='ocrx_word' id='word_1_224' title='bbox 555 1337 601 1364; x_wconf 86' lang='grc' dir='ltr'>τοῦ</span> <span class='ocrx_word' id='word_1_225' title='bbox 613 1337 742 1371; x_wconf 78' lang='grc' dir='ltr'><strong>,βράδιον</strong></span> <span class='ocrx_word' id='word_1_226' title='bbox 753 1346 760 1352; x_wconf 73' lang='grc'><strong><em>⁸</em></strong></span> <span class='ocrx_word' id='word_1_227' title='bbox 779 1338 826 1364; x_wconf 75' lang='grc' dir='ltr'><strong>καὶ</strong></span> <span class='ocrx_word' id='word_1_228' title='bbox 843 1338 900 1372; x_wconf 71' lang='grc' dir='ltr'><strong>ὀψὲ</strong></span> <span class='ocrx_word' id='word_1_229' title='bbox 915 1337 968 1371; x_wconf 83' lang='grc' dir='ltr'>τῆς</span> 
     </span>
    </p>
   </div>
   <div class='ocr_carea' id='block_1_31' title="bbox 178 1381 970 1418">
    <p class='ocr_par' dir='ltr' id='par_1_31' title="bbox 178 1381 970 1418">
     <span class='ocr_line' id='line_1_31' title="bbox 178 1381 970 1418; baseline 0.003 -11"><span class='ocrx_word' id='word_1_230' title='bbox 178 1381 293 1414; x_wconf 75' lang='grc' dir='ltr'><em>νυκτὸς</em></span> <span class='ocrx_word' id='word_1_231' title='bbox 311 1381 445 1416; x_wconf 79' lang='grc' dir='ltr'><strong>ὀνομάσας</strong></span> <span class='ocrx_word' id='word_1_232' title='bbox 464 1382 547 1416; x_wconf 77' lang='grc' dir='ltr'>πρωῒ.</span> <span class='ocrx_word' id='word_1_233' title='bbox 565 1383 579 1409; x_wconf 89' lang='lat'><strong>6</strong></span> <span class='ocrx_word' id='word_1_234' title='bbox 597 1382 782 1418; x_wconf 82' lang='grc' dir='ltr'>διερμηνεύων</span> <span class='ocrx_word' id='word_1_235' title='bbox 801 1383 924 1418; x_wconf 74' lang='grc' dir='ltr'>ἐπήγαγε</span> <span class='ocrx_word' id='word_1_236' title='bbox 941 1382 970 1408; x_wconf 78' lang='grc' dir='ltr'>τὸ</span> 
     </span>
    </p>
   </div>
   <div class='ocr_carea' id='block_1_32' title="bbox 177 1426 970 1465">
    <p class='ocr_par' dir='ltr' id='par_1_32' title="bbox 177 1426 970 1465">
     <span class='ocr_line' id='line_1_32' title="bbox 177 1426 970 1465; baseline 0.001 -12"><span class='ocrx_word' id='word_1_237' title='bbox 177 1426 306 1460; x_wconf 75' lang='grc' dir='ltr'><strong>σκοτίας</strong></span> <span class='ocrx_word' id='word_1_238' title='bbox 320 1427 427 1462; x_wconf 80' lang='grc' dir='ltr'>οὔσης,</span> <span class='ocrx_word' id='word_1_239' title='bbox 445 1427 489 1454; x_wconf 87' lang='grc' dir='ltr'>ἴνα</span> <span class='ocrx_word' id='word_1_240' title='bbox 507 1429 543 1464; x_wconf 87' lang='grc' dir='ltr'>μή</span> <span class='ocrx_word' id='word_1_241' title='bbox 560 1437 602 1460; x_wconf 91' lang='grc' dir='ltr'><strong>τις</strong></span> <span class='ocrx_word' id='word_1_242' title='bbox 618 1428 663 1455; x_wconf 80' lang='grc' dir='ltr'>τὸν</span> <span class='ocrx_word' id='word_1_243' title='bbox 679 1428 776 1465; x_wconf 76' lang='grc' dir='ltr'>ὄρθρον</span> <span class='ocrx_word' id='word_1_244' title='bbox 789 1429 878 1463; x_wconf 86' lang='grc' dir='ltr'>λέγειν</span> <span class='ocrx_word' id='word_1_245' title='bbox 889 1429 970 1456; x_wconf 72' lang='grc' dir='ltr'>αὑτὸν</span> 
     </span>
    </p>
   </div>
   <div class='ocr_carea' id='block_1_33' title="bbox 179 1473 969 1510">
    <p class='ocr_par' dir='ltr' id='par_1_33' title="bbox 179 1473 969 1510">
     <span class='ocr_line' id='line_1_33' title="bbox 179 1473 969 1510; baseline 0.004 -11"><span class='ocrx_word' id='word_1_246' title='bbox 179 1473 328 1500; x_wconf 73' lang='grc' dir='ltr'>ὑπολάϐοι·</span> <span class='ocrx_word' id='word_1_247' title='bbox 345 1473 383 1505; x_wconf 85' lang='grc' dir='ltr'>ὡς</span> <span class='ocrx_word' id='word_1_248' title='bbox 400 1474 448 1500; x_wconf 81' lang='grc' dir='ltr'>καὶ</span> <span class='ocrx_word' id='word_1_249' title='bbox 466 1474 480 1500; x_wconf 87' lang='grc' dir='ltr'><strong>ὁ</strong></span> <span class='ocrx_word' id='word_1_250' title='bbox 500 1474 638 1507; x_wconf 83' lang='grc' dir='ltr'>Ματθαίος</span> <span class='ocrx_word' id='word_1_251' title='bbox 657 1474 696 1510; x_wconf 84' lang='grc' dir='ltr'>τῷ</span> <span class='ocrx_word' id='word_1_252' title='bbox 721 1475 778 1510; x_wconf 76' lang='grc' dir='ltr'><strong>ὀψὲ</strong></span> <span class='ocrx_word' id='word_1_253' title='bbox 803 1475 969 1507; x_wconf 74' lang='grc' dir='ltr'>Σαϐϐάτων,</span> 
     </span>
    </p>
   </div>
   <div class='ocr_carea' id='block_1_34' title="bbox 179 1519 968 1556">
    <p class='ocr_par' dir='ltr' id='par_1_34' title="bbox 179 1519 968 1556">
     <span class='ocr_line' id='line_1_34' title="bbox 179 1519 968 1556; baseline 0.003 -11"><span class='ocrx_word' id='word_1_254' title='bbox 179 1519 226 1545; x_wconf 78' lang='grc' dir='ltr'><strong>ἵνα</strong></span> <span class='ocrx_word' id='word_1_255' title='bbox 251 1519 288 1554; x_wconf 78' lang='grc' dir='ltr'>μὴ</span> <span class='ocrx_word' id='word_1_256' title='bbox 309 1519 357 1555; x_wconf 82' lang='grc' dir='ltr'>τὴν</span> <span class='ocrx_word' id='word_1_257' title='bbox 374 1520 520 1556; x_wconf 79' lang='grc' dir='ltr'>ἑσπερινὴν</span> <span class='ocrx_word' id='word_1_258' title='bbox 537 1520 611 1556; x_wconf 78' lang='grc' dir='ltr'>ὥραν</span> <span class='ocrx_word' id='word_1_259' title='bbox 638 1521 758 1556; x_wconf 86' lang='grc' dir='ltr'>νομίσειέ</span> <span class='ocrx_word' id='word_1_260' title='bbox 777 1529 819 1552; x_wconf 80' lang='grc' dir='ltr'><strong>τις</strong></span> <span class='ocrx_word' id='word_1_261' title='bbox 833 1521 968 1556; x_wconf 82' lang='grc' dir='ltr'>λέγεσθαι,</span> 
     </span>
    </p>
   </div>
   <div class='ocr_carea' id='block_1_35' title="bbox 178 1565 1005 1612">
    <p class='ocr_par' dir='ltr' id='par_1_35' title="bbox 178 1565 1005 1612">
     <span class='ocr_line' id='line_1_35' title="bbox 178 1565 1005 1612; baseline 0.004 -21"><span class='ocrx_word' id='word_1_262' title='bbox 178 1565 336 1601; x_wconf 72' lang='grc' dir='ltr'>προσέθηκε</span> <span class='ocrx_word' id='word_1_263' title='bbox 352 1565 382 1592; x_wconf 83' lang='grc' dir='ltr'><strong>τὺ</strong></span> <span class='ocrx_word' id='word_1_264' title='bbox 401 1565 439 1600; x_wconf 77' lang='grc' dir='ltr'>τῇ</span> <span class='ocrx_word' id='word_1_265' title='bbox 459 1566 673 1612; x_wconf 63' lang='grc' dir='ltr'>ἐπιφωσκούσῃ</span> <span class='ocrx_word' id='word_1_266' title='bbox 695 1568 738 1600; x_wconf 76' lang='grc' dir='ltr'>εις</span> <span class='ocrx_word' id='word_1_267' title='bbox 755 1567 829 1601; x_wconf 82' lang='grc' dir='ltr'>μίαν</span> <span class='ocrx_word' id='word_1_268' title='bbox 858 1566 970 1594; x_wconf 77' lang='grc' dir='ltr'>Σαϐϐά-</span> <span class='ocrx_word' id='word_1_269' title='bbox 984 1583 1005 1612; x_wconf 79' lang='lat' dir='ltr'>C</span> 
     </span>
    </p>
   </div>
   <div class='ocr_carea' id='block_1_36' title="bbox 178 1607 970 1648">
    <p class='ocr_par' dir='ltr' id='par_1_36' title="bbox 178 1607 970 1648">
     <span class='ocr_line' id='line_1_36' title="bbox 178 1607 970 1648; baseline 0.003 -12"><span class='ocrx_word' id='word_1_270' title='bbox 178 1618 251 1637; x_wconf 81' lang='grc' dir='ltr'>των.</span> <span class='ocrx_word' id='word_1_271' title='bbox 272 1610 347 1636; x_wconf 80' lang='grc' dir='ltr'>Ἐπεὶ</span> <span class='ocrx_word' id='word_1_272' title='bbox 373 1611 421 1638; x_wconf 78' lang='grc' dir='ltr'><strong>καὶ</strong></span> <span class='ocrx_word' id='word_1_273' title='bbox 441 1612 562 1648; x_wconf 76' lang='grc' dir='ltr'><strong>ἀκριϐῶς</strong></span> <span class='ocrx_word' id='word_1_274' title='bbox 583 1607 659 1644; x_wconf 67' lang='grc' dir='ltr'>οὗτος</span> <span class='ocrx_word' id='word_1_275' title='bbox 679 1612 817 1639; x_wconf 80' lang='grc' dir='ltr'><strong>Σαϐϐάτου</strong></span> <span class='ocrx_word' id='word_1_276' title='bbox 833 1610 908 1639; x_wconf 78' lang='grc' dir='ltr'>εἶπεν</span> <span class='ocrx_word' id='word_1_277' title='bbox 921 1612 970 1647; x_wconf 82' lang='grc' dir='ltr'>τὴν</span> 
     </span>
    </p>
   </div>
   <div class='ocr_carea' id='block_1_37' title="bbox 177 1655 969 1694">
    <p class='ocr_par' dir='ltr' id='par_1_37' title="bbox 177 1655 969 1694">
     <span class='ocr_line' id='line_1_37' title="bbox 177 1655 969 1694; baseline 0.005 -12"><span class='ocrx_word' id='word_1_278' title='bbox 177 1655 271 1690; x_wconf 78' lang='grc' dir='ltr'>ὀψίαν,</span> <span class='ocrx_word' id='word_1_279' title='bbox 299 1657 335 1692; x_wconf 90' lang='grc' dir='ltr'>μή</span> <span class='ocrx_word' id='word_1_280' title='bbox 361 1665 402 1688; x_wconf 87' lang='grc' dir='ltr'><strong>τις</strong></span> <span class='ocrx_word' id='word_1_281' title='bbox 423 1656 471 1692; x_wconf 82' lang='grc' dir='ltr'>τὴν</span> <span class='ocrx_word' id='word_1_282' title='bbox 492 1658 609 1694; x_wconf 73' lang='grc' dir='ltr'>ἑσπέραν</span> <span class='ocrx_word' id='word_1_283' title='bbox 631 1659 761 1686; x_wconf 73' lang='grc' dir='ltr'>ὑπολάϐοι</span> <span class='ocrx_word' id='word_1_284' title='bbox 782 1659 908 1693; x_wconf 86' lang='grc' dir='ltr'>λέγεσθαι</span> <span class='ocrx_word' id='word_1_285' title='bbox 923 1659 969 1694; x_wconf 83' lang='grc' dir='ltr'>τὴν</span> 
     </span>
    </p>
   </div>
   <div class='ocr_carea' id='block_1_38' title="bbox 179 1701 914 1739">
    <p class='ocr_par' dir='ltr' id='par_1_38' title="bbox 179 1701 914 1739">
     <span class='ocr_line' id='line_1_38' title="bbox 179 1701 914 1739; baseline 0.004 -11"><span class='ocrx_word' id='word_1_286' title='bbox 179 1701 254 1737; x_wconf 81' lang='grc' dir='ltr'>μετὰ</span> <span class='ocrx_word' id='word_1_287' title='bbox 267 1701 342 1737; x_wconf 79' lang='grc' dir='ltr'>ἡλίου</span> <span class='ocrx_word' id='word_1_288' title='bbox 354 1703 469 1738; x_wconf 78' lang='grc' dir='ltr'>δυσμὰς,</span> <span class='ocrx_word' id='word_1_289' title='bbox 492 1703 558 1730; x_wconf 77' lang='grc' dir='ltr'>ἀλλὰ</span> <span class='ocrx_word' id='word_1_290' title='bbox 575 1703 731 1731; x_wconf 76' lang='grc' dir='ltr'>Σαϐϐἀτων</span> <span class='ocrx_word' id='word_1_291' title='bbox 750 1705 831 1739; x_wconf 79' lang='grc' dir='ltr'>φησὶν</span> <span class='ocrx_word' id='word_1_292' title='bbox 848 1704 914 1738; x_wconf 70' lang='grc' dir='ltr'><strong>ὀψέ.</strong></span> 
     </span>
    </p>
   </div>
   <div class='ocr_carea' id='block_1_39' title="bbox 218 1747 962 1786">
    <p class='ocr_par' dir='ltr' id='par_1_39' title="bbox 218 1747 962 1786">
     <span class='ocr_line' id='line_1_39' title="bbox 218 1747 962 1786; baseline 0.001 -11"><span class='ocrx_word' id='word_1_293' title='bbox 218 1747 251 1783; x_wconf 86' lang='grc' dir='ltr'><strong>β’.</strong></span> <span class='ocrx_word' id='word_1_294' title='bbox 266 1749 344 1781; x_wconf 81' lang='grc' dir='ltr'>Ἔθος</span> <span class='ocrx_word' id='word_1_295' title='bbox 361 1749 388 1776; x_wconf 72' lang='grc' dir='ltr'><strong>δὲ</strong></span> <span class='ocrx_word' id='word_1_296' title='bbox 407 1749 470 1785; x_wconf 85' lang='grc' dir='ltr'>ὃλην</span> <span class='ocrx_word' id='word_1_297' title='bbox 487 1750 536 1786; x_wconf 83' lang='grc' dir='ltr'>τὴν</span> <span class='ocrx_word' id='word_1_298' title='bbox 552 1750 685 1786; x_wconf 79' lang='grc' dir='ltr'>ἑὸδομάδα</span> <span class='ocrx_word' id='word_1_299' title='bbox 702 1751 841 1777; x_wconf 78' lang='grc' dir='ltr'><strong>Σάϐϐατον</strong></span> <span class='ocrx_word' id='word_1_300' title='bbox 860 1751 962 1783; x_wconf 83' lang='grc' dir='ltr'><strong>καλεῖν,</strong></span> 
     </span>
    </p>
   </div>
   <div class='ocr_carea' id='block_1_40' title="bbox 178 1794 969 1832">
    <p class='ocr_par' dir='ltr' id='par_1_40' title="bbox 178 1794 969 1832">
     <span class='ocr_line' id='line_1_40' title="bbox 178 1794 969 1832; baseline 0.004 -12"><span class='ocrx_word' id='word_1_301' title='bbox 178 1794 229 1821; x_wconf 74' lang='grc' dir='ltr'><strong>καὶ</strong></span> <span class='ocrx_word' id='word_1_302' title='bbox 242 1794 330 1826; x_wconf 86' lang='grc' dir='ltr'>πάσας</span> <span class='ocrx_word' id='word_1_303' title='bbox 340 1795 388 1827; x_wconf 74' lang='grc' dir='ltr'>τὰς</span> <span class='ocrx_word' id='word_1_304' title='bbox 401 1795 506 1832; x_wconf 80' lang='grc' dir='ltr'>ἡμέρας</span> <span class='ocrx_word' id='word_1_305' title='bbox 520 1796 604 1828; x_wconf 78' lang='grc' dir='ltr'>οὕτως</span> <span class='ocrx_word' id='word_1_306' title='bbox 616 1797 766 1832; x_wconf 73' lang='grc' dir='ltr'>ὀνομάζειν.</span> <span class='ocrx_word' id='word_1_307' title='bbox 781 1797 895 1831; x_wconf 82' lang='grc' dir='ltr'><strong>Λέγεται</strong></span> <span class='ocrx_word' id='word_1_308' title='bbox 905 1797 969 1831; x_wconf 77' lang='grc' dir='ltr'>γοῦν</span> 
     </span>
    </p>
   </div>
   <div class='ocr_carea' id='block_1_41' title="bbox 179 1841 968 1878">
    <p class='ocr_par' dir='ltr' id='par_1_41' title="bbox 179 1841 968 1878">
     <span class='ocr_line' id='line_1_41' title="bbox 179 1841 968 1878; baseline 0.005 -12"><span class='ocrx_word' id='word_1_309' title='bbox 179 1841 259 1877; x_wconf 74' lang='grc' dir='ltr'>παρὰ</span> <span class='ocrx_word' id='word_1_310' title='bbox 277 1843 332 1874; x_wconf 79' lang='grc' dir='ltr'>τοῖς</span> <span class='ocrx_word' id='word_1_311' title='bbox 345 1842 548 1876; x_wconf 79' lang='grc' dir='ltr'>εὑαγγελισταῖς</span> <span class='ocrx_word' id='word_1_312' title='bbox 564 1842 601 1877; x_wconf 75' lang='grc' dir='ltr'>τῇ</span> <span class='ocrx_word' id='word_1_313' title='bbox 614 1842 668 1878; x_wconf 84' lang='grc' dir='ltr'>μιᾷ</span> <span class='ocrx_word' id='word_1_314' title='bbox 684 1843 743 1870; x_wconf 75' lang='grc' dir='ltr'><strong>τῶν</strong></span> <span class='ocrx_word' id='word_1_315' title='bbox 754 1843 923 1870; x_wconf 80' lang='grc' dir='ltr'>Σαϐϐάτων’</span> <span class='ocrx_word' id='word_1_316' title='bbox 940 1845 968 1870; x_wconf 81' lang='grc' dir='ltr'><strong>ἐν</strong></span> 
     </span>
    </p>
   </div>
   <div class='ocr_carea' id='block_1_42' title="bbox 177 1886 969 1924">
    <p class='ocr_par' dir='ltr' id='par_1_42' title="bbox 177 1886 969 1924">
     <span class='ocr_line' id='line_1_42' title="bbox 177 1886 969 1924; baseline 0.005 -12"><span class='ocrx_word' id='word_1_317' title='bbox 177 1886 210 1913; x_wconf 75' lang='grc' dir='ltr'><strong>δὲ</strong></span> <span class='ocrx_word' id='word_1_318' title='bbox 221 1888 253 1922; x_wconf 84' lang='grc' dir='ltr'><strong>τῇ</strong></span> <span class='ocrx_word' id='word_1_319' title='bbox 269 1887 404 1924; x_wconf 64' lang='grc' dir='ltr'>συνηθείᾳ,</span> <span class='ocrx_word' id='word_1_320' title='bbox 418 1888 542 1923; x_wconf 76' lang='grc' dir='ltr'>δευτέρα</span> <span class='ocrx_word' id='word_1_321' title='bbox 558 1889 722 1921; x_wconf 78' lang='grc' dir='ltr'>Σαϐϐἀτων,</span> <span class='ocrx_word' id='word_1_322' title='bbox 740 1890 787 1916; x_wconf 77' lang='grc' dir='ltr'><strong>καὶ</strong></span> <span class='ocrx_word' id='word_1_323' title='bbox 800 1890 882 1923; x_wconf 78' lang='grc' dir='ltr'>τρίτη</span> <span class='ocrx_word' id='word_1_324' title='bbox 900 1890 969 1916; x_wconf 77' lang='grc' dir='ltr'>Σαϐ-</span> 
     </span>
    </p>
   </div>
   <div class='ocr_carea' id='block_1_43' title="bbox 179 1931 968 1968">
    <p class='ocr_par' dir='ltr' id='par_1_43' title="bbox 179 1931 968 1968">
     <span class='ocr_line' id='line_1_43' title="bbox 179 1931 968 1968; baseline 0.005 -10"><span class='ocrx_word' id='word_1_325' title='bbox 179 1931 287 1964; x_wconf 73' lang='grc' dir='ltr'>ὕάτων,</span> <span class='ocrx_word' id='word_1_326' title='bbox 313 1934 359 1960; x_wconf 72' lang='grc' dir='ltr'>καὶ</span> <span class='ocrx_word' id='word_1_327' title='bbox 380 1934 502 1968; x_wconf 78' lang='grc' dir='ltr'><strong>τετάρτη</strong></span> <span class='ocrx_word' id='word_1_328' title='bbox 517 1934 686 1961; x_wconf 64' lang='grc' dir='ltr'><strong>Σαὸϐἀτωόν</strong></span> <span class='ocrx_word' id='word_1_329' title='bbox 704 1935 789 1967; x_wconf 74' lang='grc' dir='ltr'>οὕτως</span> <span class='ocrx_word' id='word_1_330' title='bbox 805 1933 851 1962; x_wconf 80' lang='grc' dir='ltr'><strong>οὖν</strong></span> <span class='ocrx_word' id='word_1_331' title='bbox 865 1937 878 1961; x_wconf 86' lang='grc' dir='ltr'>ὁ</span> <span class='ocrx_word' id='word_1_332' title='bbox 893 1937 968 1963; x_wconf 70' lang='grc' dir='ltr'>Ματ-</span> 
     </span>
    </p>
   </div>
   <div class='ocr_carea' id='block_1_44' title="bbox 178 1977 968 2016">
    <p class='ocr_par' dir='ltr' id='par_1_44' title="bbox 178 1977 968 2016">
     <span class='ocr_line' id='line_1_44' title="bbox 178 1977 968 2016; baseline 0.005 -12"><span class='ocrx_word' id='word_1_333' title='bbox 178 1977 258 2010; x_wconf 77' lang='grc' dir='ltr'><strong>θαῖος</strong></span> <span class='ocrx_word' id='word_1_334' title='bbox 281 1979 327 2005; x_wconf 77' lang='grc' dir='ltr'><strong>τὸν</strong></span> <span class='ocrx_word' id='word_1_335' title='bbox 349 1979 445 2015; x_wconf 77' lang='grc' dir='ltr'>καιρὸν</span> <span class='ocrx_word' id='word_1_336' title='bbox 466 1980 510 2006; x_wconf 77' lang='grc' dir='ltr'><strong>τὸν</strong></span> <span class='ocrx_word' id='word_1_337' title='bbox 533 1980 734 2014; x_wconf 79' lang='grc' dir='ltr'>ὲπιφαύσκοντα</span> <span class='ocrx_word' id='word_1_338' title='bbox 749 1981 788 2012; x_wconf 65' lang='grc' dir='ltr'>εἰς</span> <span class='ocrx_word' id='word_1_339' title='bbox 802 1981 851 2016; x_wconf 75' lang='grc' dir='ltr'>τὴν</span> <span class='ocrx_word' id='word_1_340' title='bbox 869 1980 905 2007; x_wconf 84' lang='grc' dir='ltr'>ἓω</span> <span class='ocrx_word' id='word_1_341' title='bbox 920 1981 968 2016; x_wconf 79' lang='grc' dir='ltr'>τῆς</span> 
     </span>
    </p>
   </div>
   <div class='ocr_carea' id='block_1_45' title="bbox 178 2023 968 2061">
    <p class='ocr_par' dir='ltr' id='par_1_45' title="bbox 178 2023 968 2061">
     <span class='ocr_line' id='line_1_45' title="bbox 178 2023 968 2061; baseline 0.003 -11"><span class='ocrx_word' id='word_1_342' title='bbox 178 2023 325 2059; x_wconf 79' lang='grc' dir='ltr'>Κυριακῆς</span> <span class='ocrx_word' id='word_1_343' title='bbox 347 2025 464 2060; x_wconf 82' lang='grc' dir='ltr'>ἡμέρας,</span> <span class='ocrx_word' id='word_1_344' title='bbox 481 2025 638 2052; x_wconf 73' lang='grc' dir='ltr'>Σαϐϐάτων</span> <span class='ocrx_word' id='word_1_345' title='bbox 662 2025 719 2060; x_wconf 76' lang='grc' dir='ltr'><strong>ὀψὲ</strong></span> <span class='ocrx_word' id='word_1_346' title='bbox 741 2025 894 2061; x_wconf 73' lang='grc' dir='ltr'>ὠνόμασεν·</span> <span class='ocrx_word' id='word_1_347' title='bbox 918 2027 968 2052; x_wconf 71' lang='grc' dir='ltr'><strong>οὐκ</strong></span> 
     </span>
    </p>
   </div>
   <div class='ocr_carea' id='block_1_46' title="bbox 179 2068 965 2106">
    <p class='ocr_par' dir='ltr' id='par_1_46' title="bbox 179 2068 965 2106">
     <span class='ocr_line' id='line_1_46' title="bbox 179 2068 965 2106; baseline 0.004 -11"><span class='ocrx_word' id='word_1_348' title='bbox 179 2068 267 2096; x_wconf 67' lang='grc' dir='ltr'>εἰπὼν</span> <span class='ocrx_word' id='word_1_349' title='bbox 289 2070 408 2105; x_wconf 76' lang='grc' dir='ltr'><strong>ἑσπέραν</strong></span> <span class='ocrx_word' id='word_1_350' title='bbox 426 2070 473 2097; x_wconf 82' lang='grc' dir='ltr'>τοῦ</span> <span class='ocrx_word' id='word_1_351' title='bbox 499 2071 648 2103; x_wconf 73' lang='grc' dir='ltr'>Σαϐϐάτου,</span> <span class='ocrx_word' id='word_1_352' title='bbox 667 2071 729 2098; x_wconf 78' lang='grc' dir='ltr'><strong>οὐδὲ</strong></span> <span class='ocrx_word' id='word_1_353' title='bbox 747 2071 795 2106; x_wconf 76' lang='grc' dir='ltr'><strong>ὀψὲ</strong></span> <span class='ocrx_word' id='word_1_354' title='bbox 812 2071 965 2098; x_wconf 71' lang='grc' dir='ltr'>Σαῦὃάτουο</span> 
     </span>
    </p>
   </div>
   <div class='ocr_carea' id='block_1_47' title="bbox 179 2115 968 2153">
    <p class='ocr_par' dir='ltr' id='par_1_47' title="bbox 179 2115 968 2153">
     <span class='ocr_line' id='line_1_47' title="bbox 179 2115 968 2153; baseline 0.004 -12"><span class='ocrx_word' id='word_1_355' title='bbox 179 2115 244 2141; x_wconf 71' lang='grc' dir='ltr'>ἐπεὶ</span> <span class='ocrx_word' id='word_1_356' title='bbox 268 2115 351 2151; x_wconf 78' lang='grc' dir='ltr'><strong>ἐχρῆν</strong></span> <span class='ocrx_word' id='word_1_357' title='bbox 377 2116 449 2151; x_wconf 79' lang='grc' dir='ltr'>ἡμᾶς</span> <span class='ocrx_word' id='word_1_358' title='bbox 477 2117 509 2152; x_wconf 86' lang='grc' dir='ltr'>τῇ</span> <span class='ocrx_word' id='word_1_359' title='bbox 534 2116 626 2152; x_wconf 77' lang='grc' dir='ltr'>ἡμέρᾳ</span> <span class='ocrx_word' id='word_1_360' title='bbox 648 2116 694 2142; x_wconf 81' lang='grc' dir='ltr'>τοῦ</span> <span class='ocrx_word' id='word_1_361' title='bbox 724 2117 861 2144; x_wconf 67' lang='grc' dir='ltr'>Σαϐϐάτου</span> <span class='ocrx_word' id='word_1_362' title='bbox 901 2118 968 2153; x_wconf 83' lang='grc' dir='ltr'>μετὰ</span> 
     </span>
    </p>
   </div>
   <div class='ocr_carea' id='block_1_48' title="bbox 178 2161 964 2199">
    <p class='ocr_par' dir='ltr' id='par_1_48' title="bbox 178 2161 964 2199">
     <span class='ocr_line' id='line_1_48' title="bbox 178 2161 964 2199; baseline 0.003 -11"><span class='ocrx_word' id='word_1_363' title='bbox 178 2161 257 2196; x_wconf 80' lang='grc' dir='ltr'>ἡλίου</span> <span class='ocrx_word' id='word_1_364' title='bbox 277 2161 381 2197; x_wconf 81' lang='grc' dir='ltr'>δυσμὰς</span> <span class='ocrx_word' id='word_1_365' title='bbox 411 2163 529 2198; x_wconf 76' lang='grc' dir='ltr'><strong>ἑσπέρας</strong></span> <span class='ocrx_word' id='word_1_366' title='bbox 551 2163 697 2198; x_wconf 87' lang='grc' dir='ltr'>γινομένης</span> <span class='ocrx_word' id='word_1_367' title='bbox 721 2163 964 2199; x_wconf 76' lang='grc' dir='ltr'>ἀπονηστίζεσθαι·</span> 
     </span>
    </p>
   </div>
   <div class='ocr_carea' id='block_1_49' title="bbox 179 2207 967 2245">
    <p class='ocr_par' dir='ltr' id='par_1_49' title="bbox 179 2207 967 2245">
     <span class='ocr_line' id='line_1_49' title="bbox 179 2207 967 2245; baseline 0.004 -12"><span class='ocrx_word' id='word_1_368' title='bbox 179 2207 230 2233; x_wconf 76' lang='grc' dir='ltr'><strong>καὶ</strong></span> <span class='ocrx_word' id='word_1_369' title='bbox 242 2207 333 2234; x_wconf 80' lang='grc' dir='ltr'>οὐκέτι</span> <span class='ocrx_word' id='word_1_370' title='bbox 348 2207 397 2243; x_wconf 85' lang='grc' dir='ltr'>τὴν</span> <span class='ocrx_word' id='word_1_371' title='bbox 411 2207 550 2244; x_wconf 83' lang='grc' dir='ltr'>Κυριακὴν</span> <span class='ocrx_word' id='word_1_372' title='bbox 562 2208 667 2244; x_wconf 84' lang='grc' dir='ltr'>ἡμέραν</span> <span class='ocrx_word' id='word_1_373' title='bbox 684 2209 823 2245; x_wconf 79' lang='grc' dir='ltr'>ἁγαλλιᾷν,</span> <span class='ocrx_word' id='word_1_374' title='bbox 838 2209 905 2236; x_wconf 81' lang='grc' dir='ltr'>ἀλλὰ</span> <span class='ocrx_word' id='word_1_375' title='bbox 919 2209 967 2245; x_wconf 80' lang='grc' dir='ltr'><strong>τὴν</strong></span> 
     </span>
    </p>
   </div>
   <div class='ocr_carea' id='block_1_50' title="bbox 1022 275 1809 312">
    <p class='ocr_par' dir='ltr' id='par_1_50' title="bbox 1022 275 1809 312">
     <span class='ocr_line' id='line_1_50' title="bbox 1022 275 1809 312; baseline 0.003 -10"><span class='ocrx_word' id='word_1_376' title='bbox 1022 282 1084 302; x_wconf 86' lang='lat' dir='ltr'><strong>sero</strong></span> <span class='ocrx_word' id='word_1_377' title='bbox 1100 275 1241 309; x_wconf 84' lang='lat' dir='ltr'><strong>temporis,</strong></span> <span class='ocrx_word' id='word_1_378' title='bbox 1257 279 1284 302; x_wconf 89' lang='lat' dir='ltr'><strong>et</strong></span> <span class='ocrx_word' id='word_1_379' title='bbox 1299 276 1388 303; x_wconf 83' lang='lat' dir='ltr'><strong>serius</strong></span> <span class='ocrx_word' id='word_1_380' title='bbox 1403 283 1485 311; x_wconf 86' lang='lat' dir='ltr'><strong>quam</strong></span> <span class='ocrx_word' id='word_1_381' title='bbox 1508 277 1547 303; x_wconf 85' lang='lat' dir='ltr'><strong>rei</strong></span> <span class='ocrx_word' id='word_1_382' title='bbox 1565 284 1632 305; x_wconf 88' lang='lat' dir='ltr'><strong>usus</strong></span> <span class='ocrx_word' id='word_1_383' title='bbox 1642 277 1792 312; x_wconf 80' lang='lat' dir='ltr'><strong>postulavis</strong></span> <span class='ocrx_word' id='word_1_384' title='bbox 1803 293 1809 297; x_wconf 84' lang='lat'><strong>~</strong></span> 
     </span>
    </p>
   </div>
   <div class='ocr_carea' id='block_1_51' title="bbox 1021 321 1810 358">
    <p class='ocr_par' dir='ltr' id='par_1_51' title="bbox 1021 321 1810 358">
     <span class='ocr_line' id='line_1_51' title="bbox 1021 321 1810 358; baseline 0.004 -11"><span class='ocrx_word' id='word_1_385' title='bbox 1021 323 1079 352; x_wconf 87' lang='lat' dir='ltr'><strong>set;</strong></span> <span class='ocrx_word' id='word_1_386' title='bbox 1100 327 1188 355; x_wconf 89' lang='lat' dir='ltr'><strong>neque</strong></span> <span class='ocrx_word' id='word_1_387' title='bbox 1205 321 1307 349; x_wconf 84' lang='lat' dir='ltr'><strong>ideirco</strong></span> <span class='ocrx_word' id='word_1_388' title='bbox 1320 329 1462 357; x_wconf 78' lang='lat' dir='ltr'><strong>vesperam</strong></span> <span class='ocrx_word' id='word_1_389' title='bbox 1489 321 1675 357; x_wconf 78' lang='lat' dir='ltr'><strong>signiﬁcamus</strong></span> <span class='ocrx_word' id='word_1_390' title='bbox 1687 343 1695 355; x_wconf 89' lang='lat'><strong>,</strong></span> <span class='ocrx_word' id='word_1_391' title='bbox 1722 331 1810 358; x_wconf 83' lang='lat' dir='ltr'><strong>neque</strong></span> 
     </span>
    </p>
   </div>
   <div class='ocr_carea' id='block_1_52' title="bbox 1021 368 1810 405">
    <p class='ocr_par' dir='ltr' id='par_1_52' title="bbox 1021 368 1810 405">
     <span class='ocr_line' id='line_1_52' title="bbox 1021 368 1810 405; baseline 0.004 -13"><span class='ocrx_word' id='word_1_392' title='bbox 1021 369 1128 401; x_wconf 82' lang='lat' dir='ltr'><strong>tempus</strong></span> <span class='ocrx_word' id='word_1_393' title='bbox 1144 371 1206 401; x_wconf 87' lang='lat' dir='ltr'><strong>post</strong></span> <span class='ocrx_word' id='word_1_394' title='bbox 1235 368 1302 395; x_wconf 87' lang='lat' dir='ltr'><strong>solis</strong></span> <span class='ocrx_word' id='word_1_395' title='bbox 1324 375 1464 400; x_wconf 81' lang='lat' dir='ltr'><strong>occasum,</strong></span> <span class='ocrx_word' id='word_1_396' title='bbox 1480 369 1527 397; x_wconf 84' lang='lat' dir='ltr'><strong>sed</strong></span> <span class='ocrx_word' id='word_1_397' title='bbox 1547 369 1619 403; x_wconf 90' lang='lat' dir='ltr'><strong>quod</strong></span> <span class='ocrx_word' id='word_1_398' title='bbox 1646 376 1810 405; x_wconf 76' lang='lat' dir='ltr'><strong>magnopere</strong></span> 
     </span>
    </p>
   </div>
   <div class='ocr_carea' id='block_1_53' title="bbox 1022 410 1812 449">
    <p class='ocr_par' dir='ltr' id='par_1_53' title="bbox 1022 410 1812 449">
     <span class='ocr_line' id='line_1_53' title="bbox 1022 410 1812 449; baseline 0.004 -10"><span class='ocrx_word' id='word_1_399' title='bbox 1022 420 1114 440; x_wconf 88' lang='lat' dir='ltr'><strong>serum</strong></span> <span class='ocrx_word' id='word_1_400' title='bbox 1139 413 1184 440; x_wconf 82' lang='lat' dir='ltr'><strong>sit.</strong></span> <span class='ocrx_word' id='word_1_401' title='bbox 1207 412 1296 446; x_wconf 82' lang='lat' dir='ltr'><strong>Quare</strong></span> <span class='ocrx_word' id='word_1_402' title='bbox 1311 410 1341 441; x_wconf 72' lang='lat' dir='ltr'><strong>Se</strong></span> <span class='ocrx_word' id='word_1_403' title='bbox 1356 414 1445 449; x_wconf 80' lang='lat' dir='ltr'><strong>ipsum</strong></span> <span class='ocrx_word' id='word_1_404' title='bbox 1463 415 1546 442; x_wconf 91' lang='lat' dir='ltr'><strong>veluti</strong></span> <span class='ocrx_word' id='word_1_405' title='bbox 1567 414 1709 442; x_wconf 72' lang='lat' dir='ltr'><strong>Matthteus</strong></span> <span class='ocrx_word' id='word_1_406' title='bbox 1726 416 1812 443; x_wconf 89' lang='lat' dir='ltr'><strong>inter-</strong></span> 
     </span>
    </p>
   </div>
   <div class='ocr_carea' id='block_1_54' title="bbox 1021 460 1810 496">
    <p class='ocr_par' dir='ltr' id='par_1_54' title="bbox 1021 460 1810 496">
     <span class='ocr_line' id='line_1_54' title="bbox 1021 460 1810 496; baseline 0.004 -10"><span class='ocrx_word' id='word_1_407' title='bbox 1021 463 1132 494; x_wconf 84' lang='lat' dir='ltr'><strong>pretans</strong></span> <span class='ocrx_word' id='word_1_408' title='bbox 1160 463 1304 494; x_wconf 73' lang='lat' dir='ltr'><strong>postquam</strong></span> <span class='ocrx_word' id='word_1_409' title='bbox 1326 460 1395 487; x_wconf 81' lang='lat' dir='ltr'><strong>dixit</strong></span> <span class='ocrx_word' id='word_1_410' title='bbox 1409 468 1471 488; x_wconf 84' lang='lat' dir='ltr'><strong>sero</strong></span> <span class='ocrx_word' id='word_1_411' title='bbox 1486 460 1681 492; x_wconf 84' lang='lat' dir='ltr'><strong>Sabbatorum,</strong></span> <span class='ocrx_word' id='word_1_412' title='bbox 1705 461 1810 496; x_wconf 68' lang='lat' dir='ltr'><strong>aitquc</strong></span> 
     </span>
    </p>
   </div>
   <div class='ocr_carea' id='block_1_55' title="bbox 1020 505 1810 542">
    <p class='ocr_par' dir='ltr' id='par_1_55' title="bbox 1020 505 1810 542">
     <span class='ocr_line' id='line_1_55' title="bbox 1020 505 1810 542; baseline 0.004 -11"><span class='ocrx_word' id='word_1_413' title='bbox 1020 505 1159 537; x_wconf 77' lang='lat' dir='ltr'><strong>illucescit,</strong></span> <span class='ocrx_word' id='word_1_414' title='bbox 1173 513 1270 540; x_wconf 84' lang='lat' dir='ltr'><strong>nempe</strong></span> <span class='ocrx_word' id='word_1_415' title='bbox 1290 505 1358 532; x_wconf 86' lang='lat' dir='ltr'><strong>hora</strong></span> <span class='ocrx_word' id='word_1_416' title='bbox 1373 514 1434 540; x_wconf 62' lang='lat' dir='ltr'><strong>qua:</strong></span> <span class='ocrx_word' id='word_1_417' title='bbox 1449 506 1578 542; x_wconf 86' lang='lat' dir='ltr'><strong>deinceps</strong></span> <span class='ocrx_word' id='word_1_418' title='bbox 1593 507 1703 534; x_wconf 78' lang='lat' dir='ltr'><strong>suberat</strong></span> <span class='ocrx_word' id='word_1_419' title='bbox 1729 511 1810 542; x_wconf 85' lang='lat' dir='ltr'><strong>atque</strong></span> 
     </span>
    </p>
   </div>
   <div class='ocr_carea' id='block_1_56' title="bbox 1021 551 1809 588">
    <p class='ocr_par' dir='ltr' id='par_1_56' title="bbox 1021 551 1809 588">
     <span class='ocr_line' id='line_1_56' title="bbox 1021 551 1809 588; baseline 0.003 -10"><span class='ocrx_word' id='word_1_420' title='bbox 1021 552 1195 579; x_wconf 84' lang='lat' dir='ltr'><strong>illuceseebat</strong></span> <span class='ocrx_word' id='word_1_421' title='bbox 1210 552 1237 579; x_wconf 92' lang='lat' dir='ltr'><strong>in</strong></span> <span class='ocrx_word' id='word_1_422' title='bbox 1248 552 1318 579; x_wconf 92' lang='lat' dir='ltr'><strong>diem</strong></span> <span class='ocrx_word' id='word_1_423' title='bbox 1336 551 1526 586; x_wconf 86' lang='lat' dir='ltr'><strong>Dominicum;</strong></span> <span class='ocrx_word' id='word_1_424' title='bbox 1547 561 1607 588; x_wconf 72' lang='lat' dir='ltr'><strong>qua:</strong></span> <span class='ocrx_word' id='word_1_425' title='bbox 1634 561 1729 588; x_wconf 89' lang='lat' dir='ltr'><strong>nempe</strong></span> <span class='ocrx_word' id='word_1_426' title='bbox 1751 553 1809 588; x_wconf 84' lang='lat' dir='ltr'><strong>jam</strong></span> 
     </span>
    </p>
   </div>
   <div class='ocr_carea' id='block_1_57' title="bbox 1020 594 1810 633">
    <p class='ocr_par' dir='ltr' id='par_1_57' title="bbox 1020 594 1810 633">
     <span class='ocr_line' id='line_1_57' title="bbox 1020 594 1810 633; baseline 0.004 -9"><span class='ocrx_word' id='word_1_427' title='bbox 1020 605 1081 625; x_wconf 81' lang='lat' dir='ltr'><strong>sera</strong></span> <span class='ocrx_word' id='word_1_428' title='bbox 1092 602 1151 625; x_wconf 84' lang='lat' dir='ltr'><strong>erat</strong></span> <span class='ocrx_word' id='word_1_429' title='bbox 1165 601 1192 625; x_wconf 92' lang='lat' dir='ltr'><strong>et</strong></span> <span class='ocrx_word' id='word_1_430' title='bbox 1207 598 1314 633; x_wconf 81' lang='lat' dir='ltr'><strong>longius</strong></span> <span class='ocrx_word' id='word_1_431' title='bbox 1335 605 1350 624; x_wconf 88' lang='lat' dir='ltr'><strong>a</strong></span> <span class='ocrx_word' id='word_1_432' title='bbox 1362 597 1482 625; x_wconf 86' lang='lat' dir='ltr'><strong>Sabbato</strong></span> <span class='ocrx_word' id='word_1_433' title='bbox 1495 594 1598 633; x_wconf 82' lang='lat' dir='ltr'><strong>elapsa.</strong></span> <span class='ocrx_word' id='word_1_434' title='bbox 1615 599 1642 625; x_wconf 84' lang='lat' dir='ltr'><strong>id</strong></span> <span class='ocrx_word' id='word_1_435' title='bbox 1659 607 1724 627; x_wconf 92' lang='lat' dir='ltr'><strong>vero</strong></span> <span class='ocrx_word' id='word_1_436' title='bbox 1741 605 1810 627; x_wconf 87' lang='lat' dir='ltr'><strong>tem-</strong></span> 
     </span>
    </p>
   </div>
   <div class='ocr_carea' id='block_1_58' title="bbox 1021 642 1810 679">
    <p class='ocr_par' dir='ltr' id='par_1_58' title="bbox 1021 642 1810 679">
     <span class='ocr_line' id='line_1_58' title="bbox 1021 642 1810 679; baseline 0.001 -9"><span class='ocrx_word' id='word_1_437' title='bbox 1021 651 1073 679; x_wconf 86' lang='lat' dir='ltr'><strong>pus</strong></span> <span class='ocrx_word' id='word_1_438' title='bbox 1087 651 1102 670; x_wconf 85' lang='lat' dir='ltr'><strong>a</strong></span> <span class='ocrx_word' id='word_1_439' title='bbox 1121 643 1269 678; x_wconf 70' lang='lat' dir='ltr'><strong>Scriptum</strong></span> <span class='ocrx_word' id='word_1_440' title='bbox 1280 645 1443 679; x_wconf 58' lang='lat' dir='ltr'><strong>evangelicae</strong></span> <span class='ocrx_word' id='word_1_441' title='bbox 1456 645 1602 679; x_wconf 86' lang='lat' dir='ltr'><strong>interprete</strong></span> <span class='ocrx_word' id='word_1_442' title='bbox 1617 654 1674 672; x_wconf 86' lang='lat' dir='ltr'><strong>sero</strong></span> <span class='ocrx_word' id='word_1_443' title='bbox 1699 642 1810 673; x_wconf 77' lang='lat' dir='ltr'><strong>Sabban’</strong></span> 
     </span>
    </p>
   </div>
   <div class='ocr_carea' id='block_1_59' title="bbox 1021 690 1809 726">
    <p class='ocr_par' dir='ltr' id='par_1_59' title="bbox 1021 690 1809 726">
     <span class='ocr_line' id='line_1_59' title="bbox 1021 690 1809 726; baseline 0.001 -9"><span class='ocrx_word' id='word_1_444' title='bbox 1021 691 1185 726; x_wconf 86' lang='lat' dir='ltr'><strong>appellatum</strong></span> <span class='ocrx_word' id='word_1_445' title='bbox 1206 695 1258 718; x_wconf 85' lang='lat' dir='ltr'><strong>est.</strong></span> <span class='ocrx_word' id='word_1_446' title='bbox 1285 690 1408 725; x_wconf 85' lang='lat' dir='ltr'><strong>Namque</strong></span> <span class='ocrx_word' id='word_1_447' title='bbox 1432 691 1490 726; x_wconf 90' lang='lat' dir='ltr'><strong>ipse</strong></span> <span class='ocrx_word' id='word_1_448' title='bbox 1516 691 1658 719; x_wconf 59' lang='lat' dir='ltr'><strong>Mattheus</strong></span> <span class='ocrx_word' id='word_1_449' title='bbox 1676 692 1809 719; x_wconf 82' lang='lat' dir='ltr'><strong>Hehraica</strong></span> 
     </span>
    </p>
   </div>
   <div class='ocr_carea' id='block_1_60' title="bbox 1020 736 1809 773">
    <p class='ocr_par' dir='ltr' id='par_1_60' title="bbox 1020 736 1809 773">
     <span class='ocr_line' id='line_1_60' title="bbox 1020 736 1809 773; baseline 0 -9"><span class='ocrx_word' id='word_1_450' title='bbox 1020 737 1112 773; x_wconf 75' lang='lat' dir='ltr'><strong>lingua</strong></span> <span class='ocrx_word' id='word_1_451' title='bbox 1127 737 1212 764; x_wconf 82' lang='lat' dir='ltr'><strong>edidit</strong></span> <span class='ocrx_word' id='word_1_452' title='bbox 1227 736 1418 773; x_wconf 76' lang='lat' dir='ltr'><strong>Evangelium;</strong></span> <span class='ocrx_word' id='word_1_453' title='bbox 1436 738 1471 765; x_wconf 81' lang='lat' dir='ltr'><strong>ab</strong></span> <span class='ocrx_word' id='word_1_454' title='bbox 1482 745 1515 765; x_wconf 88' lang='lat' dir='ltr'><strong>eo</strong></span> <span class='ocrx_word' id='word_1_455' title='bbox 1525 743 1615 764; x_wconf 84' lang='lat' dir='ltr'><strong>autem</strong></span> <span class='ocrx_word' id='word_1_456' title='bbox 1629 738 1674 772; x_wconf 90' lang='lat' dir='ltr'><strong>qui</strong></span> <span class='ocrx_word' id='word_1_457' title='bbox 1693 738 1720 764; x_wconf 95' lang='lat' dir='ltr'><strong>in</strong></span> <span class='ocrx_word' id='word_1_458' title='bbox 1734 736 1809 764; x_wconf 66' lang='lat' dir='ltr'><strong>Gras-</strong></span> 
     </span>
    </p>
   </div>
   <div class='ocr_carea' id='block_1_61' title="bbox 1021 784 1809 815">
    <p class='ocr_par' dir='ltr' id='par_1_61' title="bbox 1021 784 1809 815">
     <span class='ocr_line' id='line_1_61' title="bbox 1021 784 1809 815; baseline 0 -5"><span class='ocrx_word' id='word_1_459' title='bbox 1021 791 1081 811; x_wconf 86' lang='lat' dir='ltr'><strong>cam</strong></span> <span class='ocrx_word' id='word_1_460' title='bbox 1097 785 1248 815; x_wconf 89' lang='lat' dir='ltr'><strong>transtulit,</strong></span> <span class='ocrx_word' id='word_1_461' title='bbox 1265 785 1428 813; x_wconf 81' lang='lat' dir='ltr'><strong>illucescens</strong></span> <span class='ocrx_word' id='word_1_462' title='bbox 1454 785 1522 812; x_wconf 87' lang='lat' dir='ltr'><strong>hora</strong></span> <span class='ocrx_word' id='word_1_463' title='bbox 1545 785 1572 811; x_wconf 94' lang='lat' dir='ltr'><strong>in</strong></span> <span class='ocrx_word' id='word_1_464' title='bbox 1588 785 1660 812; x_wconf 85' lang='lat' dir='ltr'><strong>diem</strong></span> <span class='ocrx_word' id='word_1_465' title='bbox 1689 784 1809 811; x_wconf 89' lang='lat' dir='ltr'><strong>Domini-</strong></span> 
     </span>
    </p>
   </div>
   <div class='ocr_carea' id='block_1_62' title="bbox 1021 829 1809 866">
    <p class='ocr_par' dir='ltr' id='par_1_62' title="bbox 1021 829 1809 866">
     <span class='ocr_line' id='line_1_62' title="bbox 1021 829 1809 866; baseline -0.001 -10"><span class='ocrx_word' id='word_1_466' title='bbox 1021 837 1083 856; x_wconf 94' lang='lat' dir='ltr'><strong>cum</strong></span> <span class='ocrx_word' id='word_1_467' title='bbox 1098 850 1106 861; x_wconf 85' lang='grc'><strong>,</strong></span> <span class='ocrx_word' id='word_1_468' title='bbox 1127 838 1184 857; x_wconf 76' lang='lat' dir='ltr'><strong>sero</strong></span> <span class='ocrx_word' id='word_1_469' title='bbox 1196 829 1373 858; x_wconf 84' lang='lat' dir='ltr'><strong>Sabbatorum</strong></span> <span class='ocrx_word' id='word_1_470' title='bbox 1394 831 1526 866; x_wconf 84' lang='lat' dir='ltr'><strong>appellata</strong></span> <span class='ocrx_word' id='word_1_471' title='bbox 1540 830 1590 857; x_wconf 79' lang='lat' dir='ltr'><strong>fuit</strong></span> <span class='ocrx_word' id='word_1_472' title='bbox 1606 840 1612 856; x_wconf 88' lang='lat'>:</span> <span class='ocrx_word' id='word_1_473' title='bbox 1629 830 1666 856; x_wconf 86' lang='lat' dir='ltr'><strong>ita</strong></span> <span class='ocrx_word' id='word_1_474' title='bbox 1682 834 1711 856; x_wconf 86' lang='lat' dir='ltr'><strong>ut</strong></span> <span class='ocrx_word' id='word_1_475' title='bbox 1737 829 1809 857; x_wconf 94' lang='lat' dir='ltr'><strong>idem</strong></span> 
     </span>
    </p>
   </div>
   <div class='ocr_carea' id='block_1_63' title="bbox 1022 875 1807 911">
    <p class='ocr_par' dir='ltr' id='par_1_63' title="bbox 1022 875 1807 911">
     <span class='ocr_line' id='line_1_63' title="bbox 1022 875 1807 911; baseline -0.001 -9"><span class='ocrx_word' id='word_1_476' title='bbox 1022 876 1079 904; x_wconf 77' lang='lat' dir='ltr'><strong>fere</strong></span> <span class='ocrx_word' id='word_1_477' title='bbox 1094 880 1201 911; x_wconf 85' lang='lat' dir='ltr'><strong>tempus</strong></span> <span class='ocrx_word' id='word_1_478' title='bbox 1214 876 1392 911; x_wconf 74' lang='lat' dir='ltr'><strong>intelligatur,</strong></span> <span class='ocrx_word' id='word_1_479' title='bbox 1406 881 1452 903; x_wconf 80' lang='lat' dir='ltr'><strong>aut</strong></span> <span class='ocrx_word' id='word_1_480' title='bbox 1470 877 1547 903; x_wconf 82' lang='lat' dir='ltr'><strong>valde</strong></span> <span class='ocrx_word' id='word_1_481' title='bbox 1559 876 1723 910; x_wconf 70' lang='lat' dir='ltr'><strong>proximum,</strong></span> <span class='ocrx_word' id='word_1_482' title='bbox 1735 875 1807 910; x_wconf 74' lang='lat' dir='ltr'><strong>apud</strong></span> 
     </span>
    </p>
   </div>
   <div class='ocr_carea' id='block_1_64' title="bbox 1020 921 1810 957">
    <p class='ocr_par' dir='ltr' id='par_1_64' title="bbox 1020 921 1810 957">
     <span class='ocr_line' id='line_1_64' title="bbox 1020 921 1810 957; baseline -0.004 -8"><span class='ocrx_word' id='word_1_483' title='bbox 1020 923 1202 957; x_wconf 77' lang='lat' dir='ltr'><strong>evangelistas</strong></span> <span class='ocrx_word' id='word_1_484' title='bbox 1230 923 1346 950; x_wconf 84' lang='lat' dir='ltr'><strong>diversis</strong></span> <span class='ocrx_word' id='word_1_485' title='bbox 1370 923 1527 950; x_wconf 84' lang='lat' dir='ltr'><strong>nominibus</strong></span> <span class='ocrx_word' id='word_1_486' title='bbox 1550 923 1740 956; x_wconf 79' lang='lat' dir='ltr'><strong>designatum:</strong></span> <span class='ocrx_word' id='word_1_487' title='bbox 1767 921 1810 947; x_wconf 92' lang='lat' dir='ltr'><strong>ni-</strong></span> 
     </span>
    </p>
   </div>
   <div class='ocr_carea' id='block_1_65' title="bbox 1022 965 1809 1003">
    <p class='ocr_par' dir='ltr' id='par_1_65' title="bbox 1022 965 1809 1003">
     <span class='ocr_line' id='line_1_65' title="bbox 1022 965 1809 1003; baseline -0.003 -9"><span class='ocrx_word' id='word_1_488' title='bbox 1022 967 1113 1003; x_wconf 89' lang='lat' dir='ltr'><strong>hilque</strong></span> <span class='ocrx_word' id='word_1_489' title='bbox 1125 968 1231 996; x_wconf 77' lang='lat' dir='ltr'><strong>differat</strong></span> <span class='ocrx_word' id='word_1_490' title='bbox 1245 968 1387 996; x_wconf 74' lang='lat' dir='ltr'><strong>Mattht&#39;eus</strong></span> <span class='ocrx_word' id='word_1_491' title='bbox 1400 969 1494 996; x_wconf 86' lang='lat' dir='ltr'><strong>dicens</strong></span> <span class='ocrx_word' id='word_1_492' title='bbox 1506 978 1512 995; x_wconf 91' lang='lat'>:</span> <span class='ocrx_word' id='word_1_493' title='bbox 1529 977 1539 993; x_wconf 76' lang='grc' dir='ltr'><strong>ι</strong></span> <span class='ocrx_word' id='word_1_494' title='bbox 1556 967 1623 995; x_wconf 86' lang='lat' dir='ltr'><strong>Sero</strong></span> <span class='ocrx_word' id='word_1_495' title='bbox 1633 972 1724 994; x_wconf 85' lang='lat' dir='ltr'><strong>autem</strong></span> <span class='ocrx_word' id='word_1_496' title='bbox 1740 965 1809 993; x_wconf 84' lang='lat' dir='ltr'><strong>Sab—</strong></span> 
     </span>
    </p>
   </div>
   <div class='ocr_carea' id='block_1_66' title="bbox 1020 1014 1809 1050">
    <p class='ocr_par' dir='ltr' id='par_1_66' title="bbox 1020 1014 1809 1050">
     <span class='ocr_line' id='line_1_66' title="bbox 1020 1014 1809 1050; baseline -0.004 -8"><span class='ocrx_word' id='word_1_497' title='bbox 1020 1015 1155 1047; x_wconf 85' lang='lat' dir='ltr'><strong>hatorum,</strong></span> <span class='ocrx_word' id='word_1_498' title='bbox 1168 1023 1228 1050; x_wconf 69' lang='lat' dir='ltr'><strong>qure</strong></span> <span class='ocrx_word' id='word_1_499' title='bbox 1247 1016 1360 1042; x_wconf 88' lang='lat' dir='ltr'><strong>lucescit</strong></span> <span class='ocrx_word' id='word_1_500' title='bbox 1375 1016 1401 1042; x_wconf 92' lang='lat' dir='ltr'><strong>in</strong></span> <span class='ocrx_word' id='word_1_501' title='bbox 1416 1023 1496 1042; x_wconf 88' lang='lat' dir='ltr'><strong>unam</strong></span> <span class='ocrx_word' id='word_1_502' title='bbox 1514 1015 1694 1042; x_wconf 86' lang='lat' dir='ltr'><strong>Sabbatorum</strong></span> <span class='ocrx_word' id='word_1_503' title='bbox 1705 1033 1712 1045; x_wconf 82' lang='lat'><strong>,</strong></span> <span class='ocrx_word' id='word_1_504' title='bbox 1736 1014 1809 1040; x_wconf 80' lang='lat' dir='ltr'><strong>venit</strong></span> 
     </span>
    </p>
   </div>
   <div class='ocr_carea' id='block_1_67' title="bbox 1022 1059 1809 1096">
    <p class='ocr_par' dir='ltr' id='par_1_67' title="bbox 1022 1059 1809 1096">
     <span class='ocr_line' id='line_1_67' title="bbox 1022 1059 1809 1096; baseline -0.003 -9"><span class='ocrx_word' id='word_1_505' title='bbox 1022 1060 1104 1088; x_wconf 85' lang='lat' dir='ltr'><strong>Maria</strong></span> <span class='ocrx_word' id='word_1_506' title='bbox 1132 1062 1308 1096; x_wconf 78' lang='lat' dir='ltr'><strong>Magdalena,</strong></span> <span class='ocrx_word' id='word_1_507' title='bbox 1339 1066 1366 1089; x_wconf 87' lang='lat' dir='ltr'><strong>et</strong></span> <span class='ocrx_word' id='word_1_508' title='bbox 1381 1062 1464 1088; x_wconf 81' lang='lat' dir='ltr'><strong>altera</strong></span> <span class='ocrx_word' id='word_1_509' title='bbox 1490 1061 1573 1087; x_wconf 81' lang='lat' dir='ltr'><strong>Maria</strong></span> <span class='ocrx_word' id='word_1_510' title='bbox 1596 1061 1687 1087; x_wconf 89' lang='lat' dir='ltr'><strong>videre</strong></span> <span class='ocrx_word' id='word_1_511' title='bbox 1718 1059 1809 1094; x_wconf 88' lang='lat' dir='ltr'><strong>sepul-</strong></span> 
     </span>
    </p>
   </div>
   <div class='ocr_carea' id='block_1_68' title="bbox 1021 1107 1808 1144">
    <p class='ocr_par' dir='ltr' id='par_1_68' title="bbox 1021 1107 1808 1144">
     <span class='ocr_line' id='line_1_68' title="bbox 1021 1107 1808 1144; baseline -0.004 -8"><span class='ocrx_word' id='word_1_512' title='bbox 1021 1116 1109 1140; x_wconf 81' lang='lat' dir='ltr'><strong>crum,</strong></span> <span class='ocrx_word' id='word_1_513' title='bbox 1135 1120 1144 1135; x_wconf 74' lang='grc' dir='ltr'><strong>ι</strong></span> <span class='ocrx_word' id='word_1_514' title='bbox 1164 1118 1178 1136; x_wconf 81' lang='lat' dir='ltr'><strong>a</strong></span> <span class='ocrx_word' id='word_1_515' title='bbox 1193 1109 1297 1137; x_wconf 81' lang='lat' dir='ltr'><strong>Joanne</strong></span> <span class='ocrx_word' id='word_1_516' title='bbox 1311 1110 1357 1144; x_wconf 88' lang='lat' dir='ltr'><strong>qui</strong></span> <span class='ocrx_word' id='word_1_517' title='bbox 1379 1110 1438 1136; x_wconf 76' lang='lat' dir='ltr'><strong>ait:</strong></span> <span class='ocrx_word' id='word_1_518' title='bbox 1469 1118 1477 1134; x_wconf 76' lang='grc' dir='ltr'><strong>ι</strong></span> <span class='ocrx_word' id='word_1_519' title='bbox 1499 1117 1551 1136; x_wconf 90' lang='lat' dir='ltr'><strong>una</strong></span> <span class='ocrx_word' id='word_1_520' title='bbox 1566 1112 1656 1136; x_wconf 82' lang='lat' dir='ltr'><strong>autem</strong></span> <span class='ocrx_word' id='word_1_521' title='bbox 1674 1107 1808 1134; x_wconf 87' lang='lat' dir='ltr'><strong>Sabbato-</strong></span> 
     </span>
    </p>
   </div>
   <div class='ocr_carea' id='block_1_69' title="bbox 1021 1155 1806 1191">
    <p class='ocr_par' dir='ltr' id='par_1_69' title="bbox 1021 1155 1806 1191">
     <span class='ocr_line' id='line_1_69' title="bbox 1021 1155 1806 1191; baseline -0.003 -10"><span class='ocrx_word' id='word_1_522' title='bbox 1021 1163 1081 1182; x_wconf 92' lang='lat' dir='ltr'><strong>rum</strong></span> <span class='ocrx_word' id='word_1_523' title='bbox 1095 1156 1168 1183; x_wconf 81' lang='lat' dir='ltr'><strong>venit</strong></span> <span class='ocrx_word' id='word_1_524' title='bbox 1184 1155 1267 1183; x_wconf 80' lang='lat' dir='ltr'><strong>Maria</strong></span> <span class='ocrx_word' id='word_1_525' title='bbox 1281 1155 1438 1191; x_wconf 77' lang='lat' dir='ltr'><strong>Magdalena</strong></span> <span class='ocrx_word' id='word_1_526' title='bbox 1452 1163 1532 1182; x_wconf 79' lang='lat' dir='ltr'><strong>mane</strong></span> <span class='ocrx_word' id='word_1_527' title='bbox 1546 1155 1579 1182; x_wconf 88' lang='lat' dir='ltr'><strong>ad</strong></span> <span class='ocrx_word' id='word_1_528' title='bbox 1588 1157 1806 1183; x_wconf 83' lang='lat' dir='ltr'><strong>monumentum.</strong></span> 
     </span>
    </p>
   </div>
   <div class='ocr_carea' id='block_1_70' title="bbox 1021 1200 1806 1229">
    <p class='ocr_par' dir='ltr' id='par_1_70' title="bbox 1021 1200 1806 1229">
     <span class='ocr_line' id='line_1_70' title="bbox 1021 1200 1806 1229; baseline -0.005 -1"><span class='ocrx_word' id='word_1_529' title='bbox 1021 1209 1084 1228; x_wconf 91' lang='lat' dir='ltr'><strong>cum</strong></span> <span class='ocrx_word' id='word_1_530' title='bbox 1102 1201 1192 1229; x_wconf 84' lang='lat' dir='ltr'><strong>adhuc</strong></span> <span class='ocrx_word' id='word_1_531' title='bbox 1216 1203 1334 1229; x_wconf 75' lang='lat' dir='ltr'><strong>tenebra:</strong></span> <span class='ocrx_word' id='word_1_532' title='bbox 1361 1205 1464 1229; x_wconf 83' lang='lat' dir='ltr'><strong>essent.</strong></span> <span class='ocrx_word' id='word_1_533' title='bbox 1491 1211 1500 1227; x_wconf 76' lang='grc' dir='ltr'><strong>ι</strong></span> <span class='ocrx_word' id='word_1_534' title='bbox 1532 1200 1597 1227; x_wconf 83' lang='lat' dir='ltr'><strong>Late</strong></span> <span class='ocrx_word' id='word_1_535' title='bbox 1623 1200 1694 1227; x_wconf 88' lang='lat' dir='ltr'><strong>enim</strong></span> <span class='ocrx_word' id='word_1_536' title='bbox 1721 1206 1806 1225; x_wconf 89' lang='lat' dir='ltr'><strong>unum</strong></span> 
     </span>
    </p>
   </div>
   <div class='ocr_carea' id='block_1_71' title="bbox 1021 1244 1802 1282">
    <p class='ocr_par' dir='ltr' id='par_1_71' title="bbox 1021 1244 1802 1282">
     <span class='ocr_line' id='line_1_71' title="bbox 1021 1244 1802 1282; baseline -0.003 -10"><span class='ocrx_word' id='word_1_537' title='bbox 1021 1246 1146 1282; x_wconf 85' lang='lat' dir='ltr'><strong>idemque</strong></span> <span class='ocrx_word' id='word_1_538' title='bbox 1174 1247 1343 1282; x_wconf 79' lang='lat' dir='ltr'><strong>signiﬁcatur</strong></span> <span class='ocrx_word' id='word_1_539' title='bbox 1382 1251 1489 1282; x_wconf 86' lang='lat' dir='ltr'><strong>tempus</strong></span> <span class='ocrx_word' id='word_1_540' title='bbox 1520 1246 1605 1273; x_wconf 85' lang='lat' dir='ltr'><strong>variis</strong></span> <span class='ocrx_word' id='word_1_541' title='bbox 1633 1244 1802 1272; x_wconf 87' lang='lat' dir='ltr'><strong>nominibus.</strong></span> 
     </span>
    </p>
   </div>
   <div class='ocr_carea' id='block_1_72' title="bbox 1022 1291 1808 1326">
    <p class='ocr_par' dir='ltr' id='par_1_72' title="bbox 1022 1291 1808 1326">
     <span class='ocr_line' id='line_1_72' title="bbox 1022 1291 1808 1326; baseline -0.003 -8"><span class='ocrx_word' id='word_1_542' title='bbox 1022 1292 1146 1319; x_wconf 60' lang='lat' dir='ltr'><strong>Matthaao</strong></span> <span class='ocrx_word' id='word_1_543' title='bbox 1161 1301 1218 1319; x_wconf 79' lang='lat' dir='ltr'><strong>sero</strong></span> <span class='ocrx_word' id='word_1_544' title='bbox 1242 1292 1418 1320; x_wconf 80' lang='lat' dir='ltr'><strong>Sabbatorum</strong></span> <span class='ocrx_word' id='word_1_545' title='bbox 1441 1293 1548 1320; x_wconf 80' lang='lat' dir='ltr'><strong>dicente</strong></span> <span class='ocrx_word' id='word_1_546' title='bbox 1569 1299 1619 1326; x_wconf 90' lang='lat' dir='ltr'><strong>pro</strong></span> <span class='ocrx_word' id='word_1_547' title='bbox 1635 1291 1738 1317; x_wconf 77' lang='lat' dir='ltr'><strong>tardius</strong></span> <span class='ocrx_word' id='word_1_548' title='bbox 1751 1310 1759 1323; x_wconf 86' lang='lat'><strong>,</strong></span> <span class='ocrx_word' id='word_1_549' title='bbox 1781 1295 1808 1317; x_wconf 84' lang='lat' dir='ltr'><strong>et</strong></span> 
     </span>
    </p>
   </div>
   <div class='ocr_carea' id='block_1_73' title="bbox 1022 1336 1808 1372">
    <p class='ocr_par' dir='ltr' id='par_1_73' title="bbox 1022 1336 1808 1372">
     <span class='ocr_line' id='line_1_73' title="bbox 1022 1336 1808 1372; baseline -0.004 -8"><span class='ocrx_word' id='word_1_550' title='bbox 1022 1346 1097 1366; x_wconf 83' lang='lat' dir='ltr'><strong>mane</strong></span> <span class='ocrx_word' id='word_1_551' title='bbox 1112 1346 1160 1372; x_wconf 90' lang='lat' dir='ltr'><strong>pro</strong></span> <span class='ocrx_word' id='word_1_552' title='bbox 1172 1342 1246 1365; x_wconf 84' lang='lat' dir='ltr'><strong>nocte</strong></span> <span class='ocrx_word' id='word_1_553' title='bbox 1259 1339 1385 1368; x_wconf 76' lang='lat' dir='ltr'><strong>serotina,</strong></span> <span class='ocrx_word' id='word_1_554' title='bbox 1403 1338 1537 1372; x_wconf 82' lang='lat' dir='ltr'><strong>interpres</strong></span> <span class='ocrx_word' id='word_1_555' title='bbox 1555 1336 1658 1364; x_wconf 80' lang='lat' dir='ltr'><strong>addidit</strong></span> <span class='ocrx_word' id='word_1_556' title='bbox 1685 1344 1744 1362; x_wconf 86' lang='lat' dir='ltr'><strong>cum</strong></span> <span class='ocrx_word' id='word_1_557' title='bbox 1760 1336 1808 1361; x_wconf 79' lang='lat' dir='ltr'><strong>ad—</strong></span> 
     </span>
    </p>
   </div>
   <div class='ocr_carea' id='block_1_74' title="bbox 1021 1382 1809 1418">
    <p class='ocr_par' dir='ltr' id='par_1_74' title="bbox 1021 1382 1809 1418">
     <span class='ocr_line' id='line_1_74' title="bbox 1021 1382 1809 1418; baseline -0.001 -9"><span class='ocrx_word' id='word_1_558' title='bbox 1021 1384 1070 1410; x_wconf 84' lang='lat' dir='ltr'><strong>huc</strong></span> <span class='ocrx_word' id='word_1_559' title='bbox 1087 1384 1197 1411; x_wconf 70' lang='lat' dir='ltr'><strong>umbra:</strong></span> <span class='ocrx_word' id='word_1_560' title='bbox 1211 1389 1306 1415; x_wconf 77' lang='lat' dir='ltr'><strong>essent,</strong></span> <span class='ocrx_word' id='word_1_561' title='bbox 1321 1392 1353 1411; x_wconf 92' lang='lat' dir='ltr'><strong>ne</strong></span> <span class='ocrx_word' id='word_1_562' title='bbox 1365 1385 1426 1418; x_wconf 80' lang='lat' dir='ltr'><strong>quis</strong></span> <span class='ocrx_word' id='word_1_563' title='bbox 1442 1391 1568 1410; x_wconf 82' lang='lat' dir='ltr'><strong>auroram</strong></span> <span class='ocrx_word' id='word_1_564' title='bbox 1585 1382 1637 1409; x_wconf 88' lang='lat' dir='ltr'><strong>dici</strong></span> <span class='ocrx_word' id='word_1_565' title='bbox 1653 1383 1688 1409; x_wconf 90' lang='lat' dir='ltr'><strong>ab</strong></span> <span class='ocrx_word' id='word_1_566' title='bbox 1702 1383 1747 1408; x_wconf 94' lang='lat' dir='ltr'><strong>illo</strong></span> <span class='ocrx_word' id='word_1_567' title='bbox 1760 1389 1809 1416; x_wconf 78' lang='lat' dir='ltr'><strong>pu-</strong></span> 
     </span>
    </p>
   </div>
   <div class='ocr_carea' id='block_1_75' title="bbox 1021 1426 1808 1456">
    <p class='ocr_par' dir='ltr' id='par_1_75' title="bbox 1021 1426 1808 1456">
     <span class='ocr_line' id='line_1_75' title="bbox 1021 1426 1808 1456; baseline -0.001 -1"><span class='ocrx_word' id='word_1_568' title='bbox 1021 1434 1100 1456; x_wconf 79' lang='lat' dir='ltr'><strong>taret.</strong></span> <span class='ocrx_word' id='word_1_569' title='bbox 1120 1430 1205 1456; x_wconf 84' lang='lat' dir='ltr'><strong>Sicuti</strong></span> <span class='ocrx_word' id='word_1_570' title='bbox 1222 1429 1303 1456; x_wconf 88' lang='lat' dir='ltr'><strong>etiam</strong></span> <span class='ocrx_word' id='word_1_571' title='bbox 1321 1429 1462 1455; x_wconf 78' lang='lat' dir='ltr'><strong>Matthzeus</strong></span> <span class='ocrx_word' id='word_1_572' title='bbox 1483 1428 1573 1456; x_wconf 83' lang='lat' dir='ltr'><strong>verbis</strong></span> <span class='ocrx_word' id='word_1_573' title='bbox 1598 1436 1656 1454; x_wconf 77' lang='lat' dir='ltr'><strong>sero</strong></span> <span class='ocrx_word' id='word_1_574' title='bbox 1677 1426 1808 1454; x_wconf 79' lang='lat' dir='ltr'><strong>Sabbulo-</strong></span> 
     </span>
    </p>
   </div>
   <div class='ocr_carea' id='block_1_76' title="bbox 1021 1473 1807 1512">
    <p class='ocr_par' dir='ltr' id='par_1_76' title="bbox 1021 1473 1807 1512">
     <span class='ocr_line' id='line_1_76' title="bbox 1021 1473 1807 1512; baseline 0 -12"><span class='ocrx_word' id='word_1_575' title='bbox 1021 1483 1090 1506; x_wconf 86' lang='lat' dir='ltr'><strong>rum,</strong></span> <span class='ocrx_word' id='word_1_576' title='bbox 1107 1483 1141 1502; x_wconf 92' lang='lat' dir='ltr'><strong>ne</strong></span> <span class='ocrx_word' id='word_1_577' title='bbox 1158 1476 1220 1510; x_wconf 88' lang='lat' dir='ltr'><strong>quis</strong></span> <span class='ocrx_word' id='word_1_578' title='bbox 1238 1475 1272 1502; x_wconf 91' lang='lat' dir='ltr'><strong>de</strong></span> <span class='ocrx_word' id='word_1_579' title='bbox 1288 1475 1444 1512; x_wconf 79' lang='lat' dir='ltr'><strong>vespertino</strong></span> <span class='ocrx_word' id='word_1_580' title='bbox 1459 1476 1582 1509; x_wconf 82' lang='lat' dir='ltr'><strong>tempore</strong></span> <span class='ocrx_word' id='word_1_581' title='bbox 1597 1475 1744 1509; x_wconf 77' lang='lat' dir='ltr'><strong>cogitaret.</strong></span> <span class='ocrx_word' id='word_1_582' title='bbox 1761 1473 1807 1500; x_wconf 87' lang='lat' dir='ltr'><strong>ad-</strong></span> 
     </span>
    </p>
   </div>
   <div class='ocr_carea' id='block_1_77' title="bbox 1021 1519 1806 1555">
    <p class='ocr_par' dir='ltr' id='par_1_77' title="bbox 1021 1519 1806 1555">
     <span class='ocr_line' id='line_1_77' title="bbox 1021 1519 1806 1555; baseline -0.003 -8"><span class='ocrx_word' id='word_1_583' title='bbox 1021 1521 1089 1547; x_wconf 86' lang='lat' dir='ltr'><strong>didit</strong></span> <span class='ocrx_word' id='word_1_584' title='bbox 1104 1530 1162 1555; x_wconf 67' lang='lat' dir='ltr'><strong>quia</strong></span> <span class='ocrx_word' id='word_1_585' title='bbox 1181 1522 1288 1548; x_wconf 68' lang='lat' dir='ltr'><strong>lucescit</strong></span> <span class='ocrx_word' id='word_1_586' title='bbox 1306 1521 1332 1547; x_wconf 80' lang='lat' dir='ltr'><strong>in</strong></span> <span class='ocrx_word' id='word_1_587' title='bbox 1347 1529 1427 1547; x_wconf 80' lang='lat' dir='ltr'><strong>unam</strong></span> <span class='ocrx_word' id='word_1_588' title='bbox 1447 1520 1634 1547; x_wconf 84' lang='lat' dir='ltr'><strong>Sabbatorum.</strong></span> <span class='ocrx_word' id='word_1_589' title='bbox 1649 1519 1682 1546; x_wconf 84' lang='lat' dir='ltr'><strong>Et</strong></span> <span class='ocrx_word' id='word_1_590' title='bbox 1696 1519 1806 1554; x_wconf 81' lang='lat' dir='ltr'><strong>quidem</strong></span> 
     </span>
    </p>
   </div>
   <div class='ocr_carea' id='block_1_78' title="bbox 1022 1565 1806 1602">
    <p class='ocr_par' dir='ltr' id='par_1_78' title="bbox 1022 1565 1806 1602">
     <span class='ocr_line' id='line_1_78' title="bbox 1022 1565 1806 1602; baseline -0.001 -9"><span class='ocrx_word' id='word_1_591' title='bbox 1022 1572 1148 1595; x_wconf 82' lang='lat' dir='ltr'><strong>accurate</strong></span> <span class='ocrx_word' id='word_1_592' title='bbox 1163 1567 1186 1595; x_wconf 91' lang='lat' dir='ltr'><strong>is</strong></span> <span class='ocrx_word' id='word_1_593' title='bbox 1202 1568 1337 1602; x_wconf 82' lang='lat' dir='ltr'><strong>expressit</strong></span> <span class='ocrx_word' id='word_1_594' title='bbox 1349 1574 1436 1594; x_wconf 85' lang='lat' dir='ltr'><strong>seram</strong></span> <span class='ocrx_word' id='word_1_595' title='bbox 1461 1567 1567 1600; x_wconf 85' lang='lat' dir='ltr'><strong>horam,</strong></span> <span class='ocrx_word' id='word_1_596' title='bbox 1580 1574 1614 1593; x_wconf 91' lang='lat' dir='ltr'><strong>ne</strong></span> <span class='ocrx_word' id='word_1_597' title='bbox 1630 1565 1692 1600; x_wconf 90' lang='lat' dir='ltr'><strong>quis</strong></span> <span class='ocrx_word' id='word_1_598' title='bbox 1709 1573 1806 1600; x_wconf 78' lang='lat' dir='ltr'><strong>vespe-</strong></span> 
     </span>
    </p>
   </div>
   <div class='ocr_carea' id='block_1_79' title="bbox 1023 1612 1804 1647">
    <p class='ocr_par' dir='ltr' id='par_1_79' title="bbox 1023 1612 1804 1647">
     <span class='ocr_line' id='line_1_79' title="bbox 1023 1612 1804 1647; baseline -0.003 -8"><span class='ocrx_word' id='word_1_599' title='bbox 1023 1620 1080 1639; x_wconf 86' lang='lat' dir='ltr'><strong>ram</strong></span> <span class='ocrx_word' id='word_1_600' title='bbox 1095 1614 1253 1647; x_wconf 86' lang='lat' dir='ltr'><strong>opinaretur</strong></span> <span class='ocrx_word' id='word_1_601' title='bbox 1277 1620 1338 1640; x_wconf 87' lang='lat' dir='ltr'><strong>esse</strong></span> <span class='ocrx_word' id='word_1_602' title='bbox 1367 1617 1428 1647; x_wconf 89' lang='lat' dir='ltr'><strong>post</strong></span> <span class='ocrx_word' id='word_1_603' title='bbox 1448 1613 1514 1640; x_wconf 88' lang='lat' dir='ltr'><strong>solis</strong></span> <span class='ocrx_word' id='word_1_604' title='bbox 1540 1619 1669 1639; x_wconf 87' lang='lat' dir='ltr'><strong>occasum</strong></span> <span class='ocrx_word' id='word_1_605' title='bbox 1693 1612 1804 1643; x_wconf 81' lang='lat' dir='ltr'><strong>horam;</strong></span> 
     </span>
    </p>
   </div>
   <div class='ocr_carea' id='block_1_80' title="bbox 1021 1658 1436 1693">
    <p class='ocr_par' dir='ltr' id='par_1_80' title="bbox 1021 1658 1436 1693">
     <span class='ocr_line' id='line_1_80' title="bbox 1021 1658 1436 1693; baseline -0.002 -8"><span class='ocrx_word' id='word_1_606' title='bbox 1021 1666 1116 1693; x_wconf 87' lang='lat' dir='ltr'><strong>nempe</strong></span> <span class='ocrx_word' id='word_1_607' title='bbox 1129 1659 1166 1685; x_wconf 89' lang='lat' dir='ltr'><strong>ait</strong></span> <span class='ocrx_word' id='word_1_608' title='bbox 1178 1667 1236 1685; x_wconf 72' lang='lat' dir='ltr'><strong>sero</strong></span> <span class='ocrx_word' id='word_1_609' title='bbox 1252 1658 1436 1686; x_wconf 83' lang='lat' dir='ltr'><strong>Sabbatorum.</strong></span> 
     </span>
    </p>
   </div>
   <div class='ocr_carea' id='block_1_81' title="bbox 1054 1745 1804 1776">
    <p class='ocr_par' dir='ltr' id='par_1_81' title="bbox 1054 1745 1804 1776">
     <span class='ocr_line' id='line_1_81' title="bbox 1054 1745 1804 1776; baseline -0.004 -2"><span class='ocrx_word' id='word_1_610' title='bbox 1054 1747 1082 1775; x_wconf 75' lang='grc'><strong>2.</strong></span> <span class='ocrx_word' id='word_1_611' title='bbox 1103 1747 1278 1776; x_wconf 84' lang='lat' dir='ltr'><strong>Consuetudo</strong></span> <span class='ocrx_word' id='word_1_612' title='bbox 1291 1751 1382 1775; x_wconf 85' lang='lat' dir='ltr'><strong>autem</strong></span> <span class='ocrx_word' id='word_1_613' title='bbox 1397 1746 1448 1774; x_wconf 83' lang='lat' dir='ltr'><strong>fuit</strong></span> <span class='ocrx_word' id='word_1_614' title='bbox 1458 1750 1487 1773; x_wconf 92' lang='lat' dir='ltr'><strong>ut</strong></span> <span class='ocrx_word' id='word_1_615' title='bbox 1499 1746 1626 1774; x_wconf 81' lang='lat' dir='ltr'><strong>universa</strong></span> <span class='ocrx_word' id='word_1_616' title='bbox 1634 1745 1804 1773; x_wconf 76' lang='lat' dir='ltr'><strong>hebdomada</strong></span> 
     </span>
    </p>
   </div>
   <div class='ocr_carea' id='block_1_82' title="bbox 1020 1792 1804 1826">
    <p class='ocr_par' dir='ltr' id='par_1_82' title="bbox 1020 1792 1804 1826">
     <span class='ocr_line' id='line_1_82' title="bbox 1020 1792 1804 1826; baseline -0.005 -5"><span class='ocrx_word' id='word_1_617' title='bbox 1020 1793 1158 1821; x_wconf 88' lang='lat' dir='ltr'><strong>diceretur</strong></span> <span class='ocrx_word' id='word_1_618' title='bbox 1180 1793 1340 1825; x_wconf 79' lang='lat' dir='ltr'><strong>Sabbatum,</strong></span> <span class='ocrx_word' id='word_1_619' title='bbox 1354 1794 1408 1820; x_wconf 91' lang='lat' dir='ltr'><strong>imo</strong></span> <span class='ocrx_word' id='word_1_620' title='bbox 1424 1798 1454 1820; x_wconf 86' lang='lat' dir='ltr'><strong>ut</strong></span> <span class='ocrx_word' id='word_1_621' title='bbox 1468 1793 1526 1819; x_wconf 89' lang='lat' dir='ltr'><strong>dies</strong></span> <span class='ocrx_word' id='word_1_622' title='bbox 1542 1792 1642 1826; x_wconf 71' lang='lat' dir='ltr'><strong>singuli</strong></span> <span class='ocrx_word' id='word_1_623' title='bbox 1658 1793 1698 1818; x_wconf 84' lang='lat' dir='ltr'><strong>sic</strong></span> <span class='ocrx_word' id='word_1_624' title='bbox 1712 1792 1804 1825; x_wconf 86' lang='lat' dir='ltr'><strong>appel-</strong></span> 
     </span>
    </p>
   </div>
   <div class='ocr_carea' id='block_1_83' title="bbox 1019 1835 1805 1874">
    <p class='ocr_par' dir='ltr' id='par_1_83' title="bbox 1019 1835 1805 1874">
     <span class='ocr_line' id='line_1_83' title="bbox 1019 1835 1805 1874; baseline -0.008 -7"><span class='ocrx_word' id='word_1_625' title='bbox 1019 1841 1150 1868; x_wconf 83' lang='lat' dir='ltr'><strong>larentur.</strong></span> <span class='ocrx_word' id='word_1_626' title='bbox 1170 1839 1274 1867; x_wconf 88' lang='lat' dir='ltr'><strong>Dicitur</strong></span> <span class='ocrx_word' id='word_1_627' title='bbox 1286 1846 1351 1874; x_wconf 77' lang='lat' dir='ltr'><strong>ergo</strong></span> <span class='ocrx_word' id='word_1_628' title='bbox 1365 1838 1435 1873; x_wconf 86' lang='lat' dir='ltr'><strong>apud</strong></span> <span class='ocrx_word' id='word_1_629' title='bbox 1451 1837 1629 1872; x_wconf 83' lang='lat' dir='ltr'><strong>evangelistas</strong></span> <span class='ocrx_word' id='word_1_630' title='bbox 1637 1845 1690 1863; x_wconf 86' lang='lat' dir='ltr'><strong>una</strong></span> <span class='ocrx_word' id='word_1_631' title='bbox 1700 1835 1805 1862; x_wconf 77' lang='lat' dir='ltr'><strong>Subba-</strong></span> 
     </span>
    </p>
   </div>
   <div class='ocr_carea' id='block_1_84' title="bbox 1020 1881 1805 1920">
    <p class='ocr_par' dir='ltr' id='par_1_84' title="bbox 1020 1881 1805 1920">
     <span class='ocr_line' id='line_1_84' title="bbox 1020 1881 1805 1920; baseline -0.008 -7"><span class='ocrx_word' id='word_1_632' title='bbox 1020 1891 1116 1913; x_wconf 81' lang='lat' dir='ltr'><strong>torum.</strong></span> <span class='ocrx_word' id='word_1_633' title='bbox 1133 1885 1166 1912; x_wconf 91' lang='lat' dir='ltr'><strong>Et</strong></span> <span class='ocrx_word' id='word_1_634' title='bbox 1181 1885 1288 1920; x_wconf 89' lang='lat' dir='ltr'><strong>quidem</strong></span> <span class='ocrx_word' id='word_1_635' title='bbox 1306 1884 1334 1912; x_wconf 89' lang='lat' dir='ltr'><strong>iu</strong></span> <span class='ocrx_word' id='word_1_636' title='bbox 1350 1884 1456 1919; x_wconf 79' lang='lat' dir='ltr'><strong>vulgari</strong></span> <span class='ocrx_word' id='word_1_637' title='bbox 1477 1882 1675 1910; x_wconf 83' lang='lat' dir='ltr'><strong>consuetudine</strong></span> <span class='ocrx_word' id='word_1_638' title='bbox 1690 1881 1805 1908; x_wconf 78' lang='lat' dir='ltr'><strong>secunda</strong></span> 
     </span>
    </p>
   </div>
   <div class='ocr_carea' id='block_1_85' title="bbox 1020 1927 1804 1964">
    <p class='ocr_par' dir='ltr' id='par_1_85' title="bbox 1020 1927 1804 1964">
     <span class='ocr_line' id='line_1_85' title="bbox 1020 1927 1804 1964; baseline -0.006 -6"><span class='ocrx_word' id='word_1_639' title='bbox 1020 1932 1207 1960; x_wconf 84' lang='lat' dir='ltr'><strong>Sabbatorum.</strong></span> <span class='ocrx_word' id='word_1_640' title='bbox 1217 1931 1294 1958; x_wconf 82' lang='lat' dir='ltr'><strong>tertia</strong></span> <span class='ocrx_word' id='word_1_641' title='bbox 1307 1930 1496 1962; x_wconf 79' lang='lat' dir='ltr'><strong>Sabbatarum,</strong></span> <span class='ocrx_word' id='word_1_642' title='bbox 1506 1934 1603 1964; x_wconf 81' lang='lat' dir='ltr'><strong>quarta</strong></span> <span class='ocrx_word' id='word_1_643' title='bbox 1615 1927 1804 1955; x_wconf 79' lang='lat' dir='ltr'><strong>Sabbatorum.</strong></span> 
     </span>
    </p>
   </div>
   <div class='ocr_carea' id='block_1_86' title="bbox 1020 1975 1804 2014">
    <p class='ocr_par' dir='ltr' id='par_1_86' title="bbox 1020 1975 1804 2014">
     <span class='ocr_line' id='line_1_86' title="bbox 1020 1975 1804 2014; baseline -0.006 -8"><span class='ocrx_word' id='word_1_644' title='bbox 1020 1979 1065 2006; x_wconf 87' lang='lat' dir='ltr'><strong>Sic</strong></span> <span class='ocrx_word' id='word_1_645' title='bbox 1078 1987 1143 2014; x_wconf 82' lang='lat' dir='ltr'><strong>ergo</strong></span> <span class='ocrx_word' id='word_1_646' title='bbox 1159 1979 1299 2006; x_wconf 72' lang='lat' dir='ltr'><strong>Matthteus</strong></span> <span class='ocrx_word' id='word_1_647' title='bbox 1315 1983 1421 2013; x_wconf 88' lang='lat' dir='ltr'><strong>tempus</strong></span> <span class='ocrx_word' id='word_1_648' title='bbox 1439 1978 1600 2005; x_wconf 84' lang='lat' dir='ltr'><strong>illucescens</strong></span> <span class='ocrx_word' id='word_1_649' title='bbox 1612 1977 1639 2002; x_wconf 91' lang='lat' dir='ltr'><strong>in</strong></span> <span class='ocrx_word' id='word_1_650' title='bbox 1659 1975 1730 2003; x_wconf 84' lang='lat' dir='ltr'><strong>diem</strong></span> <span class='ocrx_word' id='word_1_651' title='bbox 1749 1975 1804 2001; x_wconf 88' lang='lat' dir='ltr'><strong>Do-</strong></span> 
     </span>
    </p>
   </div>
   <div class='ocr_carea' id='block_1_87' title="bbox 1018 2021 1804 2053">
    <p class='ocr_par' dir='ltr' id='par_1_87' title="bbox 1018 2021 1804 2053">
     <span class='ocr_line' id='line_1_87' title="bbox 1018 2021 1804 2053; baseline -0.006 0"><span class='ocrx_word' id='word_1_652' title='bbox 1018 2027 1149 2053; x_wconf 88' lang='lat' dir='ltr'><strong>minicum</strong></span> <span class='ocrx_word' id='word_1_653' title='bbox 1177 2033 1234 2053; x_wconf 72' lang='lat' dir='ltr'><strong>sero</strong></span> <span class='ocrx_word' id='word_1_654' title='bbox 1261 2024 1438 2052; x_wconf 82' lang='lat' dir='ltr'><strong>Sabbatorum</strong></span> <span class='ocrx_word' id='word_1_655' title='bbox 1466 2023 1605 2050; x_wconf 87' lang='lat' dir='ltr'><strong>vocitavit.</strong></span> <span class='ocrx_word' id='word_1_656' title='bbox 1631 2021 1717 2049; x_wconf 78' lang='lat' dir='ltr'><strong>Serus</strong></span> <span class='ocrx_word' id='word_1_657' title='bbox 1739 2028 1804 2048; x_wconf 87' lang='lat' dir='ltr'><strong>vero</strong></span> 
     </span>
    </p>
   </div>
   <div class='ocr_carea' id='block_1_88' title="bbox 1018 2068 1804 2105">
    <p class='ocr_par' dir='ltr' id='par_1_88' title="bbox 1018 2068 1804 2105">
     <span class='ocr_line' id='line_1_88' title="bbox 1018 2068 1804 2105; baseline -0.005 -7"><span class='ocrx_word' id='word_1_658' title='bbox 1018 2074 1154 2105; x_wconf 84' lang='lat' dir='ltr'><strong>oporteret</strong></span> <span class='ocrx_word' id='word_1_659' title='bbox 1177 2078 1227 2098; x_wconf 88' lang='lat' dir='ltr'><strong>nos</strong></span> <span class='ocrx_word' id='word_1_660' title='bbox 1242 2070 1286 2097; x_wconf 87' lang='lat' dir='ltr'><strong>die</strong></span> <span class='ocrx_word' id='word_1_661' title='bbox 1309 2069 1419 2096; x_wconf 80' lang='lat' dir='ltr'><strong>Sabbati</strong></span> <span class='ocrx_word' id='word_1_662' title='bbox 1434 2073 1496 2104; x_wconf 89' lang='lat' dir='ltr'><strong>post</strong></span> <span class='ocrx_word' id='word_1_663' title='bbox 1511 2068 1578 2095; x_wconf 85' lang='lat' dir='ltr'><strong>solis</strong></span> <span class='ocrx_word' id='word_1_664' title='bbox 1594 2075 1722 2094; x_wconf 84' lang='lat' dir='ltr'><strong>occasum</strong></span> <span class='ocrx_word' id='word_1_665' title='bbox 1733 2086 1740 2097; x_wconf 78' lang='lat'><strong>.</strong></span> <span class='ocrx_word' id='word_1_666' title='bbox 1757 2073 1804 2094; x_wconf 89' lang='lat' dir='ltr'><strong>ve-</strong></span> 
     </span>
    </p>
   </div>
   <div class='ocr_carea' id='block_1_89' title="bbox 1019 2113 1804 2152">
    <p class='ocr_par' dir='ltr' id='par_1_89' title="bbox 1019 2113 1804 2152">
     <span class='ocr_line' id='line_1_89' title="bbox 1019 2113 1804 2152; baseline -0.008 -7"><span class='ocrx_word' id='word_1_667' title='bbox 1019 2125 1097 2152; x_wconf 90' lang='lat' dir='ltr'><strong>spere</strong></span> <span class='ocrx_word' id='word_1_668' title='bbox 1114 2117 1204 2149; x_wconf 79' lang='lat' dir='ltr'><strong>facto,</strong></span> <span class='ocrx_word' id='word_1_669' title='bbox 1226 2116 1360 2151; x_wconf 83' lang='lat' dir='ltr'><strong>jejunium</strong></span> <span class='ocrx_word' id='word_1_670' title='bbox 1380 2115 1501 2150; x_wconf 89' lang='lat' dir='ltr'><strong>polluere</strong></span> <span class='ocrx_word' id='word_1_671' title='bbox 1517 2124 1523 2142; x_wconf 91' lang='lat'>:</span> <span class='ocrx_word' id='word_1_672' title='bbox 1540 2122 1628 2149; x_wconf 86' lang='lat' dir='ltr'><strong>neque</strong></span> <span class='ocrx_word' id='word_1_673' title='bbox 1655 2114 1698 2141; x_wconf 88' lang='lat' dir='ltr'><strong>die</strong></span> <span class='ocrx_word' id='word_1_674' title='bbox 1714 2113 1804 2140; x_wconf 81' lang='lat' dir='ltr'><strong>Domi-</strong></span> 
     </span>
    </p>
   </div>
   <div class='ocr_carea' id='block_1_90' title="bbox 1018 2160 1805 2198">
    <p class='ocr_par' dir='ltr' id='par_1_90' title="bbox 1018 2160 1805 2198">
     <span class='ocr_line' id='line_1_90' title="bbox 1018 2160 1805 2198; baseline -0.004 -8"><span class='ocrx_word' id='word_1_675' title='bbox 1018 2164 1080 2191; x_wconf 90' lang='lat' dir='ltr'><strong>nico</strong></span> <span class='ocrx_word' id='word_1_676' title='bbox 1104 2163 1232 2198; x_wconf 87' lang='lat' dir='ltr'><strong>jubilare,</strong></span> <span class='ocrx_word' id='word_1_677' title='bbox 1248 2161 1295 2190; x_wconf 87' lang='lat' dir='ltr'><strong>sed</strong></span> <span class='ocrx_word' id='word_1_678' title='bbox 1311 2161 1402 2197; x_wconf 86' lang='lat' dir='ltr'><strong>potius</strong></span> <span class='ocrx_word' id='word_1_679' title='bbox 1417 2168 1529 2196; x_wconf 87' lang='lat' dir='ltr'><strong>vespere</strong></span> <span class='ocrx_word' id='word_1_680' title='bbox 1550 2160 1679 2194; x_wconf 80' lang='lat' dir='ltr'><strong>Sabbati;</strong></span> <span class='ocrx_word' id='word_1_681' title='bbox 1698 2161 1721 2188; x_wconf 89' lang='lat' dir='ltr'><strong>si</strong></span> <span class='ocrx_word' id='word_1_682' title='bbox 1743 2161 1805 2194; x_wconf 90' lang='lat' dir='ltr'><strong>qui-</strong></span> 
     </span>
    </p>
   </div>
   <div class='ocr_carea' id='block_1_91' title="bbox 1018 2207 1805 2243">
    <p class='ocr_par' dir='ltr' id='par_1_91' title="bbox 1018 2207 1805 2243">
     <span class='ocr_line' id='line_1_91' title="bbox 1018 2207 1805 2243; baseline -0.004 -6"><span class='ocrx_word' id='word_1_683' title='bbox 1018 2210 1078 2237; x_wconf 87' lang='lat' dir='ltr'><strong>dem</strong></span> <span class='ocrx_word' id='word_1_684' title='bbox 1097 2209 1134 2236; x_wconf 82' lang='lat' dir='ltr'><strong>ita</strong></span> <span class='ocrx_word' id='word_1_685' title='bbox 1153 2207 1346 2243; x_wconf 78' lang='lat' dir='ltr'><strong>intelligendus</strong></span> <span class='ocrx_word' id='word_1_686' title='bbox 1366 2212 1439 2235; x_wconf 89' lang='lat' dir='ltr'><strong>esset</strong></span> <span class='ocrx_word' id='word_1_687' title='bbox 1452 2208 1627 2241; x_wconf 79' lang='lat' dir='ltr'><strong>evangelista.</strong></span> <span class='ocrx_word' id='word_1_688' title='bbox 1644 2207 1725 2242; x_wconf 79' lang='lat' dir='ltr'><strong>Atqui</strong></span> <span class='ocrx_word' id='word_1_689' title='bbox 1749 2215 1805 2234; x_wconf 88' lang='lat' dir='ltr'><strong>non</strong></span> 
     </span>
    </p>
   </div>
   <div class='ocr_carea' id='block_1_92' title="bbox 179 2251 969 2290">
    <p class='ocr_par' dir='ltr' id='par_1_92' title="bbox 179 2252 968 2290">
     <span class='ocr_line' id='line_1_92' title="bbox 179 2252 968 2290; baseline 0.005 -12"><span class='ocrx_word' id='word_1_690' title='bbox 179 2252 301 2288; x_wconf 76' lang='grc' dir='ltr'>ἑσπέραν</span> <span class='ocrx_word' id='word_1_691' title='bbox 317 2253 364 2280; x_wconf 83' lang='grc' dir='ltr'><strong>τοῡ</strong></span> <span class='ocrx_word' id='word_1_692' title='bbox 379 2253 526 2286; x_wconf 76' lang='grc' dir='ltr'>Σαϐϐάτου,</span> <span class='ocrx_word' id='word_1_693' title='bbox 540 2255 619 2290; x_wconf 73' lang='grc' dir='ltr'>εἴπερ</span> <span class='ocrx_word' id='word_1_694' title='bbox 631 2255 702 2281; x_wconf 78' lang='grc' dir='ltr'>τοῦτ’</span> <span class='ocrx_word' id='word_1_695' title='bbox 716 2255 809 2290; x_wconf 80' lang='grc' dir='ltr'><strong>ἐδήλου</strong></span> <span class='ocrx_word' id='word_1_696' title='bbox 823 2257 837 2282; x_wconf 87' lang='lat'><strong>6</strong></span> <span class='ocrx_word' id='word_1_697' title='bbox 854 2256 968 2290; x_wconf 80' lang='grc' dir='ltr'>εὐαγγε-</span> 
     </span>
    </p>
   </div>
   <div class='ocr_carea' id='block_1_93' title="bbox 1020 2251 1804 2290">
    <p class='ocr_par' dir='ltr' id='par_1_93' title="bbox 1020 2251 1804 2289">
     <span class='ocr_line' id='line_1_93' title="bbox 1020 2251 1804 2289; baseline -0.004 -8"><span class='ocrx_word' id='word_1_698' title='bbox 1020 2262 1132 2289; x_wconf 88' lang='lat' dir='ltr'><strong>vespere</strong></span> <span class='ocrx_word' id='word_1_699' title='bbox 1150 2252 1261 2280; x_wconf 87' lang='lat' dir='ltr'><strong>Sahbati</strong></span> <span class='ocrx_word' id='word_1_700' title='bbox 1280 2253 1400 2281; x_wconf 84' lang='lat' dir='ltr'><strong>solemus</strong></span> <span class='ocrx_word' id='word_1_701' title='bbox 1415 2252 1520 2287; x_wconf 81' lang='lat' dir='ltr'><strong>jejunia</strong></span> <span class='ocrx_word' id='word_1_702' title='bbox 1543 2253 1674 2286; x_wconf 87' lang='lat' dir='ltr'><strong>polluere,</strong></span> <span class='ocrx_word' id='word_1_703' title='bbox 1689 2251 1736 2278; x_wconf 86' lang='lat' dir='ltr'><strong>sed</strong></span> <span class='ocrx_word' id='word_1_704' title='bbox 1754 2259 1804 2278; x_wconf 87' lang='lat' dir='ltr'><strong>no-</strong></span> 
     </span>
    </p>
   </div>
   <div class='ocr_carea' id='block_1_94' title="bbox 179 2298 967 2337">
    <p class='ocr_par' dir='ltr' id='par_1_94' title="bbox 179 2298 967 2337">
     <span class='ocr_line' id='line_1_94' title="bbox 179 2298 967 2337; baseline 0.005 -13"><span class='ocrx_word' id='word_1_705' title='bbox 179 2298 285 2334; x_wconf 69' lang='grc' dir='ltr'>λιστής.</span> <span class='ocrx_word' id='word_1_706' title='bbox 309 2299 377 2325; x_wconf 83' lang='grc' dir='ltr'>Ἀλλ’</span> <span class='ocrx_word' id='word_1_707' title='bbox 394 2300 442 2335; x_wconf 90' lang='grc' dir='ltr'>οὺχ</span> <span class='ocrx_word' id='word_1_708' title='bbox 463 2300 581 2336; x_wconf 80' lang='grc' dir='ltr'>ἑσπέρας</span> <span class='ocrx_word' id='word_1_709' title='bbox 604 2301 651 2327; x_wconf 82' lang='grc' dir='ltr'>τοῦ</span> <span class='ocrx_word' id='word_1_710' title='bbox 673 2301 810 2328; x_wconf 75' lang='grc' dir='ltr'>Σαὸῦάτου</span> <span class='ocrx_word' id='word_1_711' title='bbox 831 2301 967 2337; x_wconf 86' lang='grc' dir='ltr'><strong>εἰώθαμεν</strong></span> 
     </span>
    </p>
   </div>
   <div class='ocr_carea' id='block_1_95' title="bbox 179 2344 964 2382">
    <p class='ocr_par' dir='ltr' id='par_1_95' title="bbox 179 2344 964 2382">
     <span class='ocr_line' id='line_1_95' title="bbox 179 2344 964 2382; baseline 0.005 -12"><span class='ocrx_word' id='word_1_712' title='bbox 179 2344 230 2376; x_wconf 77' lang='grc' dir='ltr'><strong>τὰς</strong></span> <span class='ocrx_word' id='word_1_713' title='bbox 246 2345 372 2380; x_wconf 74' lang='grc' dir='ltr'>νηστείας</span> <span class='ocrx_word' id='word_1_714' title='bbox 380 2345 536 2378; x_wconf 80' lang='grc' dir='ltr'>καταλύειν,</span> <span class='ocrx_word' id='word_1_715' title='bbox 553 2346 610 2373; x_wconf 82' lang='grc' dir='ltr'>ἀλλ’</span> <span class='ocrx_word' id='word_1_716' title='bbox 624 2347 641 2382; x_wconf 81' lang='grc' dir='ltr'><strong>ἢ</strong></span> <span class='ocrx_word' id='word_1_717' title='bbox 663 2347 758 2379; x_wconf 76' lang='grc' dir='ltr'>νυκτὸς</span> <span class='ocrx_word' id='word_1_718' title='bbox 772 2348 964 2382; x_wconf 70' lang='grc' dir='ltr'>ἐπιλαϐούσης,</span> 
     </span>
    </p>
   </div>
   <div class='ocr_carea' id='block_1_96' title="bbox 178 2389 966 2429">
    <p class='ocr_par' dir='ltr' id='par_1_96' title="bbox 178 2389 966 2429">
     <span class='ocr_line' id='line_1_96' title="bbox 178 2389 966 2429; baseline 0.006 -14"><span class='ocrx_word' id='word_1_719' title='bbox 178 2389 256 2425; x_wconf 78' lang='grc' dir='ltr'><strong>αὑτῷ</strong></span> <span class='ocrx_word' id='word_1_720' title='bbox 279 2391 454 2426; x_wconf 83' lang='grc' dir='ltr'>μεσονυκτιῳ,</span> <span class='ocrx_word' id='word_1_721' title='bbox 478 2392 525 2418; x_wconf 79' lang='grc' dir='ltr'><strong>καὶ</strong></span> <span class='ocrx_word' id='word_1_722' title='bbox 552 2392 568 2427; x_wconf 80' lang='grc' dir='ltr'>ἢ</span> <span class='ocrx_word' id='word_1_723' title='bbox 594 2393 658 2427; x_wconf 82' lang='grc' dir='ltr'>περὶ</span> <span class='ocrx_word' id='word_1_724' title='bbox 683 2393 837 2428; x_wconf 83' lang='grc' dir='ltr'>ἀλεκτόρων</span> <span class='ocrx_word' id='word_1_725' title='bbox 850 2393 923 2428; x_wconf 86' lang='grc' dir='ltr'>βοὰς,</span> <span class='ocrx_word' id='word_1_726' title='bbox 949 2393 966 2429; x_wconf 80' lang='grc' dir='ltr'>ἢ</span> 
     </span>
    </p>
   </div>
   <div class='ocr_carea' id='block_1_97' title="bbox 178 2435 965 2474">
    <p class='ocr_par' dir='ltr' id='par_1_97' title="bbox 178 2435 965 2474">
     <span class='ocr_line' id='line_1_97' title="bbox 178 2435 965 2474; baseline 0.006 -12"><span class='ocrx_word' id='word_1_727' title='bbox 178 2435 254 2471; x_wconf 79' lang='grc' dir='ltr'>ἀμφὶ</span> <span class='ocrx_word' id='word_1_728' title='bbox 264 2435 309 2462; x_wconf 80' lang='grc' dir='ltr'>τὸν</span> <span class='ocrx_word' id='word_1_729' title='bbox 323 2436 420 2472; x_wconf 75' lang='grc' dir='ltr'>ὄρθρον</span> <span class='ocrx_word' id='word_1_730' title='bbox 429 2445 437 2452; x_wconf 86' lang='grc'><strong>·</strong></span> <span class='ocrx_word' id='word_1_731' title='bbox 451 2436 521 2464; x_wconf 84' lang='grc' dir='ltr'>ὥστε</span> <span class='ocrx_word' id='word_1_732' title='bbox 536 2438 584 2464; x_wconf 78' lang='grc' dir='ltr'><strong>καὶ</strong></span> <span class='ocrx_word' id='word_1_733' title='bbox 596 2437 625 2471; x_wconf 78' lang='grc' dir='ltr'>ὲξ</span> <span class='ocrx_word' id='word_1_734' title='bbox 639 2438 721 2464; x_wconf 84' lang='grc' dir='ltr'>αὐτοῦ</span> <span class='ocrx_word' id='word_1_735' title='bbox 736 2438 782 2465; x_wconf 78' lang='grc' dir='ltr'>τοῦ</span> <span class='ocrx_word' id='word_1_736' title='bbox 794 2439 965 2474; x_wconf 82' lang='grc' dir='ltr'>πράγματος,</span> 
     </span>
    </p>
   </div>
   <div class='ocr_carea' id='block_1_98' title="bbox 178 2481 966 2521">
    <p class='ocr_par' dir='ltr' id='par_1_98' title="bbox 178 2481 966 2521">
     <span class='ocr_line' id='line_1_98' title="bbox 178 2481 966 2521; baseline 0.005 -14"><span class='ocrx_word' id='word_1_737' title='bbox 178 2482 228 2508; x_wconf 81' lang='grc' dir='ltr'>καὶ</span> <span class='ocrx_word' id='word_1_738' title='bbox 254 2483 286 2508; x_wconf 82' lang='grc' dir='ltr'><strong>ὲκ</strong></span> <span class='ocrx_word' id='word_1_739' title='bbox 306 2481 355 2517; x_wconf 80' lang='grc' dir='ltr'>τῆς</span> <span class='ocrx_word' id='word_1_740' title='bbox 380 2483 581 2519; x_wconf 78' lang='grc' dir='ltr'>κεκρατηκυίας</span> <span class='ocrx_word' id='word_1_741' title='bbox 597 2485 626 2509; x_wconf 77' lang='grc' dir='ltr'><strong>ἐν</strong></span> <span class='ocrx_word' id='word_1_742' title='bbox 645 2485 704 2516; x_wconf 80' lang='grc' dir='ltr'>ταῖς</span> <span class='ocrx_word' id='word_1_743' title='bbox 731 2485 904 2521; x_wconf 80' lang='grc' dir='ltr'>Ἐκκλησίαις</span> <span class='ocrx_word' id='word_1_744' title='bbox 919 2485 966 2511; x_wconf 78' lang='grc' dir='ltr'>τοῦ</span> 
     </span>
    </p>
   </div>
   <div class='ocr_carea' id='block_1_99' title="bbox 177 2527 968 2565">
    <p class='ocr_par' dir='ltr' id='par_1_99' title="bbox 177 2527 968 2565">
     <span class='ocr_line' id='line_1_99' title="bbox 177 2527 968 2565; baseline 0.005 -12"><span class='ocrx_word' id='word_1_745' title='bbox 177 2527 248 2554; x_wconf 82' lang='grc' dir='ltr'>Θεοῦ</span> <span class='ocrx_word' id='word_1_746' title='bbox 272 2527 424 2564; x_wconf 82' lang='grc' dir='ltr'>συνηθείας,</span> <span class='ocrx_word' id='word_1_747' title='bbox 442 2528 487 2555; x_wconf 74' lang='grc' dir='ltr'>τὸν</span> <span class='ocrx_word' id='word_1_748' title='bbox 502 2529 546 2556; x_wconf 83' lang='grc' dir='ltr'><strong>διὰ</strong></span> <span class='ocrx_word' id='word_1_749' title='bbox 564 2528 610 2555; x_wconf 77' lang='grc' dir='ltr'>τοῦ</span> <span class='ocrx_word' id='word_1_750' title='bbox 623 2529 680 2562; x_wconf 75' lang='grc' dir='ltr'><strong>ὀψὲ</strong></span> <span class='ocrx_word' id='word_1_751' title='bbox 694 2529 849 2557; x_wconf 80' lang='grc' dir='ltr'>Σαϐὅάτων</span> <span class='ocrx_word' id='word_1_752' title='bbox 875 2530 968 2565; x_wconf 81' lang='grc' dir='ltr'><strong>δηλού-</strong></span> 
     </span>
    </p>
   </div>
   <div class='ocr_carea' id='block_1_100' title="bbox 178 2573 966 2610">
    <p class='ocr_par' dir='ltr' id='par_1_100' title="bbox 178 2573 966 2610">
     <span class='ocr_line' id='line_1_100' title="bbox 178 2573 966 2610; baseline 0.004 -11"><span class='ocrx_word' id='word_1_753' title='bbox 178 2581 264 2608; x_wconf 87' lang='grc' dir='ltr'>μενον</span> <span class='ocrx_word' id='word_1_754' title='bbox 285 2573 391 2609; x_wconf 80' lang='grc' dir='ltr'>καιρὸν,</span> <span class='ocrx_word' id='word_1_755' title='bbox 415 2575 451 2610; x_wconf 81' lang='grc' dir='ltr'>μὴ</span> <span class='ocrx_word' id='word_1_756' title='bbox 473 2574 521 2610; x_wconf 87' lang='grc' dir='ltr'><strong>τὴν</strong></span> <span class='ocrx_word' id='word_1_757' title='bbox 544 2575 689 2610; x_wconf 82' lang='grc' dir='ltr'>ὲσπερινὴν</span> <span class='ocrx_word' id='word_1_758' title='bbox 705 2575 778 2610; x_wconf 82' lang='grc' dir='ltr'>ὤραν</span> <span class='ocrx_word' id='word_1_759' title='bbox 804 2573 882 2607; x_wconf 81' lang='grc' dir='ltr'>εἶναι,</span> <span class='ocrx_word' id='word_1_760' title='bbox 899 2576 966 2602; x_wconf 84' lang='grc' dir='ltr'>ἀλλὰ</span> 
     </span>
    </p>
   </div>
   <div class='ocr_carea' id='block_1_101' title="bbox 175 2618 967 2656">
    <p class='ocr_par' dir='ltr' id='par_1_101' title="bbox 175 2618 967 2656">
     <span class='ocr_line' id='line_1_101' title="bbox 175 2618 967 2656; baseline 0.005 -12"><span class='ocrx_word' id='word_1_761' title='bbox 175 2618 291 2654; x_wconf 79' lang='grc' dir='ltr'>ταύτην,</span> <span class='ocrx_word' id='word_1_762' title='bbox 305 2619 338 2655; x_wconf 81' lang='grc' dir='ltr'><strong>ἢν</strong></span> <span class='ocrx_word' id='word_1_763' title='bbox 348 2620 485 2652; x_wconf 85' lang='grc' dir='ltr'>Ματθαῖος</span> <span class='ocrx_word' id='word_1_764' title='bbox 493 2620 574 2652; x_wconf 80' lang='grc' dir='ltr'>αὐτὸς</span> <span class='ocrx_word' id='word_1_765' title='bbox 589 2621 759 2656; x_wconf 82' lang='grc' dir='ltr'>παρέστησεν</span> <span class='ocrx_word' id='word_1_766' title='bbox 769 2620 853 2648; x_wconf 74' lang='grc' dir='ltr'>εἰπὼν</span> <span class='ocrx_word' id='word_1_767' title='bbox 861 2621 898 2655; x_wconf 78' lang='grc' dir='ltr'>τῇ</span> <span class='ocrx_word' id='word_1_768' title='bbox 905 2622 967 2648; x_wconf 81' lang='grc' dir='ltr'>ἐπι-</span> 
     </span>
    </p>
   </div>
   <div class='ocr_carea' id='block_1_102' title="bbox 175 2666 967 2703">
    <p class='ocr_par' dir='ltr' id='par_1_102' title="bbox 175 2666 967 2703">
     <span class='ocr_line' id='line_1_102' title="bbox 175 2666 967 2703; baseline 0.004 -12"><span class='ocrx_word' id='word_1_769' title='bbox 175 2666 346 2700; x_wconf 70' lang='grc' dir='ltr'>φωσκούσῃ</span> <span class='ocrx_word' id='word_1_770' title='bbox 359 2668 403 2699; x_wconf 77' lang='grc' dir='ltr'>εὶς</span> <span class='ocrx_word' id='word_1_771' title='bbox 411 2667 485 2701; x_wconf 82' lang='grc' dir='ltr'>μίαν</span> <span class='ocrx_word' id='word_1_772' title='bbox 500 2667 664 2694; x_wconf 79' lang='grc' dir='ltr'>Σαϐϐάτων.</span> <span class='ocrx_word' id='word_1_773' title='bbox 679 2667 746 2694; x_wconf 74' lang='grc' dir='ltr'><strong>Οὐδὲ</strong></span> <span class='ocrx_word' id='word_1_774' title='bbox 759 2667 812 2703; x_wconf 84' lang='grc' dir='ltr'><strong>γὰρ</strong></span> <span class='ocrx_word' id='word_1_775' title='bbox 824 2667 900 2702; x_wconf 89' lang='grc' dir='ltr'>λόγον</span> <span class='ocrx_word' id='word_1_776' title='bbox 910 2667 967 2703; x_wconf 82' lang='grc' dir='ltr'>εἶχε</span> 
     </span>
    </p>
   </div>
   <div class='ocr_carea' id='block_1_103' title="bbox 175 2711 967 2749">
    <p class='ocr_par' dir='ltr' id='par_1_103' title="bbox 175 2711 967 2749">
     <span class='ocr_line' id='line_1_103' title="bbox 175 2711 967 2749; baseline 0.003 -11"><span class='ocrx_word' id='word_1_777' title='bbox 175 2711 250 2738; x_wconf 83' lang='grc' dir='ltr'>κατὰ</span> <span class='ocrx_word' id='word_1_778' title='bbox 263 2711 312 2747; x_wconf 84' lang='grc' dir='ltr'>τὴν</span> <span class='ocrx_word' id='word_1_779' title='bbox 326 2713 446 2748; x_wconf 75' lang='grc' dir='ltr'>ἑσπέραν</span> <span class='ocrx_word' id='word_1_780' title='bbox 459 2713 507 2739; x_wconf 84' lang='grc' dir='ltr'>τοῦ</span> <span class='ocrx_word' id='word_1_781' title='bbox 523 2713 660 2740; x_wconf 78' lang='grc' dir='ltr'>Σαὸὃάτου</span> <span class='ocrx_word' id='word_1_782' title='bbox 675 2713 801 2740; x_wconf 84' lang='grc' dir='ltr'>τοιούτων</span> <span class='ocrx_word' id='word_1_783' title='bbox 821 2713 967 2749; x_wconf 84' lang='grc' dir='ltr'>θαυμάτων</span> 
     </span>
    </p>
   </div>
   <div class='ocr_carea' id='block_1_104' title="bbox 176 2756 966 2794">
    <p class='ocr_par' dir='ltr' id='par_1_104' title="bbox 176 2756 966 2794">
     <span class='ocr_line' id='line_1_104' title="bbox 176 2756 966 2794; baseline 0.004 -13"><span class='ocrx_word' id='word_1_784' title='bbox 176 2756 252 2791; x_wconf 78' lang='grc' dir='ltr'>ἀμφὶ</span> <span class='ocrx_word' id='word_1_785' title='bbox 270 2756 300 2782; x_wconf 77' lang='grc' dir='ltr'>τὸ</span> <span class='ocrx_word' id='word_1_786' title='bbox 322 2759 452 2793; x_wconf 81' lang='grc' dir='ltr'>μνημεῖον</span> <span class='ocrx_word' id='word_1_787' title='bbox 467 2757 514 2784; x_wconf 81' lang='grc' dir='ltr'><strong>τοῦ</strong></span> <span class='ocrx_word' id='word_1_788' title='bbox 533 2758 658 2793; x_wconf 83' lang='grc' dir='ltr'>Σωτῆρος</span> <span class='ocrx_word' id='word_1_789' title='bbox 679 2758 909 2793; x_wconf 81' lang='grc' dir='ltr'>ἀποτελουμένων,</span> <span class='ocrx_word' id='word_1_790' title='bbox 929 2758 966 2794; x_wconf 80' lang='grc' dir='ltr'>μὴ</span> 
     </span>
    </p>
   </div>
   <div class='ocr_carea' id='block_1_105' title="bbox 176 2801 965 2837">
    <p class='ocr_par' dir='ltr' id='par_1_105' title="bbox 176 2801 965 2837">
     <span class='ocr_line' id='line_1_105' title="bbox 176 2801 965 2837; baseline 0.001 -10"><span class='ocrx_word' id='word_1_791' title='bbox 176 2801 240 2836; x_wconf 78' lang='grc' dir='ltr'><strong>οὐχὶ</strong></span> <span class='ocrx_word' id='word_1_792' title='bbox 257 2801 361 2833; x_wconf 82' lang='grc' dir='ltr'>πάντας</span> <span class='ocrx_word' id='word_1_793' title='bbox 376 2802 439 2833; x_wconf 78' lang='grc' dir='ltr'>τοὺς</span> <span class='ocrx_word' id='word_1_794' title='bbox 456 2802 504 2836; x_wconf 80' lang='grc' dir='ltr'>τὴν</span> <span class='ocrx_word' id='word_1_795' title='bbox 522 2802 597 2828; x_wconf 73' lang='grc' dir='ltr'>πόλιν</span> <span class='ocrx_word' id='word_1_796' title='bbox 611 2801 751 2832; x_wconf 79' lang='grc' dir='ltr'>οἰκοῦντας</span> <span class='ocrx_word' id='word_1_797' title='bbox 769 2801 862 2837; x_wconf 84' lang='grc' dir='ltr'>μαθεῖν</span> <span class='ocrx_word' id='word_1_798' title='bbox 874 2801 908 2828; x_wconf 84' lang='grc' dir='ltr'>τὰ</span> <span class='ocrx_word' id='word_1_799' title='bbox 923 2810 965 2836; x_wconf 86' lang='grc' dir='ltr'><strong>γι-</strong></span> 
     </span>
    </p>
   </div>
   <div class='ocr_carea' id='block_1_106' title="bbox 216 2878 481 2921">
    <p class='ocr_par' dir='ltr' id='par_1_106' title="bbox 216 2878 481 2921">
     <span class='ocr_line' id='line_1_106' title="bbox 216 2878 481 2921; baseline 0.004 -4"><span class='ocrx_word' id='word_1_800' title='bbox 216 2891 274 2917; x_wconf 65' lang='grc'><strong>(50)</strong></span> <span class='ocrx_word' id='word_1_801' title='bbox 294 2891 361 2921; x_wconf 84' lang='lat' dir='ltr'><strong>Cod.</strong></span> <span class='ocrx_word' id='word_1_802' title='bbox 375 2878 481 2920; x_wconf 58' lang='grc' dir='ltr'>δέλοῠν.</span> 
     </span>
    </p>
   </div>
   <div class='ocr_carea' id='block_1_107' title="bbox 1018 2297 1805 2332">
    <p class='ocr_par' dir='ltr' id='par_1_107' title="bbox 1018 2297 1805 2332">
     <span class='ocr_line' id='line_1_107' title="bbox 1018 2297 1805 2332; baseline -0.005 -6"><span class='ocrx_word' id='word_1_803' title='bbox 1018 2303 1062 2326; x_wconf 90' lang='lat' dir='ltr'><strong>cte</strong></span> <span class='ocrx_word' id='word_1_804' title='bbox 1073 2299 1191 2326; x_wconf 90' lang='lat' dir='ltr'><strong>medium</strong></span> <span class='ocrx_word' id='word_1_805' title='bbox 1207 2305 1319 2325; x_wconf 88' lang='lat' dir='ltr'><strong>cursum</strong></span> <span class='ocrx_word' id='word_1_806' title='bbox 1344 2298 1401 2332; x_wconf 84' lang='lat' dir='ltr'><strong>jam</strong></span> <span class='ocrx_word' id='word_1_807' title='bbox 1418 2301 1537 2329; x_wconf 84' lang='lat' dir='ltr'><strong>tenente,</strong></span> <span class='ocrx_word' id='word_1_808' title='bbox 1551 2301 1598 2324; x_wconf 88' lang='lat' dir='ltr'><strong>aut</strong></span> <span class='ocrx_word' id='word_1_809' title='bbox 1617 2297 1690 2324; x_wconf 86' lang='lat' dir='ltr'><strong>circa</strong></span> <span class='ocrx_word' id='word_1_810' title='bbox 1704 2297 1805 2332; x_wconf 79' lang='lat' dir='ltr'><strong>gallici-</strong></span> 
     </span>
    </p>
   </div>
   <div class='ocr_carea' id='block_1_108' title="bbox 1017 2343 1804 2378">
    <p class='ocr_par' dir='ltr' id='par_1_108' title="bbox 1017 2343 1804 2378">
     <span class='ocr_line' id='line_1_108' title="bbox 1017 2343 1804 2378; baseline -0.004 -6"><span class='ocrx_word' id='word_1_811' title='bbox 1017 2345 1093 2372; x_wconf 90' lang='lat' dir='ltr'><strong>nium</strong></span> <span class='ocrx_word' id='word_1_812' title='bbox 1103 2345 1144 2372; x_wconf 89' lang='lat' dir='ltr'><strong>vel</strong></span> <span class='ocrx_word' id='word_1_813' title='bbox 1155 2351 1282 2372; x_wconf 90' lang='lat' dir='ltr'><strong>auroram</strong></span> <span class='ocrx_word' id='word_1_814' title='bbox 1297 2353 1304 2370; x_wconf 92' lang='lat'>:</span> <span class='ocrx_word' id='word_1_815' title='bbox 1322 2343 1359 2370; x_wconf 87' lang='lat' dir='ltr'><strong>ita</strong></span> <span class='ocrx_word' id='word_1_816' title='bbox 1375 2348 1404 2370; x_wconf 89' lang='lat' dir='ltr'><strong>ut</strong></span> <span class='ocrx_word' id='word_1_817' title='bbox 1416 2347 1443 2371; x_wconf 89' lang='lat' dir='ltr'><strong>et</strong></span> <span class='ocrx_word' id='word_1_818' title='bbox 1454 2343 1526 2370; x_wconf 83' lang='lat' dir='ltr'><strong>facto</strong></span> <span class='ocrx_word' id='word_1_819' title='bbox 1541 2343 1601 2378; x_wconf 88' lang='lat' dir='ltr'><strong>ipso</strong></span> <span class='ocrx_word' id='word_1_820' title='bbox 1613 2347 1640 2370; x_wconf 83' lang='lat' dir='ltr'><strong>et</strong></span> <span class='ocrx_word' id='word_1_821' title='bbox 1655 2343 1804 2370; x_wconf 83' lang='lat' dir='ltr'><strong>inveterata</strong></span> 
     </span>
    </p>
   </div>
   <div class='ocr_carea' id='block_1_109' title="bbox 1018 2387 1805 2423">
    <p class='ocr_par' dir='ltr' id='par_1_109' title="bbox 1018 2387 1805 2423">
     <span class='ocr_line' id='line_1_109' title="bbox 1018 2387 1805 2423; baseline -0.005 -6"><span class='ocrx_word' id='word_1_822' title='bbox 1018 2391 1046 2417; x_wconf 93' lang='lat' dir='ltr'><strong>in</strong></span> <span class='ocrx_word' id='word_1_823' title='bbox 1058 2390 1104 2418; x_wconf 88' lang='lat' dir='ltr'><strong>Dei</strong></span> <span class='ocrx_word' id='word_1_824' title='bbox 1120 2389 1250 2417; x_wconf 82' lang='lat' dir='ltr'><strong>Ecclesiis</strong></span> <span class='ocrx_word' id='word_1_825' title='bbox 1264 2389 1472 2420; x_wconf 84' lang='lat' dir='ltr'><strong>consuetudine,</strong></span> <span class='ocrx_word' id='word_1_826' title='bbox 1495 2393 1602 2423; x_wconf 87' lang='lat' dir='ltr'><strong>tempus</strong></span> <span class='ocrx_word' id='word_1_827' title='bbox 1620 2387 1805 2423; x_wconf 82' lang='lat' dir='ltr'><strong>signiﬁcatum</strong></span> 
     </span>
    </p>
   </div>
   <div class='ocr_carea' id='block_1_110' title="bbox 1019 2433 1804 2471">
    <p class='ocr_par' dir='ltr' id='par_1_110' title="bbox 1019 2433 1804 2471">
     <span class='ocr_line' id='line_1_110' title="bbox 1019 2433 1804 2471; baseline -0.004 -8"><span class='ocrx_word' id='word_1_828' title='bbox 1019 2444 1067 2471; x_wconf 90' lang='lat' dir='ltr'><strong>per</strong></span> <span class='ocrx_word' id='word_1_829' title='bbox 1081 2436 1163 2463; x_wconf 88' lang='lat' dir='ltr'><strong>verba</strong></span> <span class='ocrx_word' id='word_1_830' title='bbox 1181 2444 1240 2463; x_wconf 76' lang='lat' dir='ltr'><strong>sera</strong></span> <span class='ocrx_word' id='word_1_831' title='bbox 1258 2435 1450 2466; x_wconf 78' lang='lat' dir='ltr'><strong>Sabbatorum.</strong></span> <span class='ocrx_word' id='word_1_832' title='bbox 1467 2435 1539 2461; x_wconf 87' lang='lat' dir='ltr'><strong>haud</strong></span> <span class='ocrx_word' id='word_1_833' title='bbox 1555 2434 1708 2468; x_wconf 87' lang='lat' dir='ltr'><strong>vespertina</strong></span> <span class='ocrx_word' id='word_1_834' title='bbox 1737 2433 1804 2460; x_wconf 77' lang='lat' dir='ltr'><strong>hora</strong></span> 
     </span>
    </p>
   </div>
   <div class='ocr_carea' id='block_1_111' title="bbox 1019 2480 1806 2517">
    <p class='ocr_par' dir='ltr' id='par_1_111' title="bbox 1019 2480 1806 2517">
     <span class='ocr_line' id='line_1_111' title="bbox 1019 2480 1806 2517; baseline -0.005 -8"><span class='ocrx_word' id='word_1_835' title='bbox 1019 2482 1065 2514; x_wconf 87' lang='lat' dir='ltr'><strong>sit,</strong></span> <span class='ocrx_word' id='word_1_836' title='bbox 1077 2482 1124 2509; x_wconf 83' lang='lat' dir='ltr'><strong>sed</strong></span> <span class='ocrx_word' id='word_1_837' title='bbox 1139 2489 1221 2517; x_wconf 88' lang='lat' dir='ltr'><strong>quam</strong></span> <span class='ocrx_word' id='word_1_838' title='bbox 1249 2481 1392 2508; x_wconf 64' lang='lat' dir='ltr'><strong>Malthmus</strong></span> <span class='ocrx_word' id='word_1_839' title='bbox 1405 2481 1515 2508; x_wconf 78' lang='lat' dir='ltr'><strong>exhibet</strong></span> <span class='ocrx_word' id='word_1_840' title='bbox 1529 2480 1593 2507; x_wconf 94' lang='lat' dir='ltr'><strong>dum</strong></span> <span class='ocrx_word' id='word_1_841' title='bbox 1613 2480 1650 2506; x_wconf 87' lang='lat' dir='ltr'><strong>ait</strong></span> <span class='ocrx_word' id='word_1_842' title='bbox 1664 2488 1671 2505; x_wconf 85' lang='lat'>:</span> <span class='ocrx_word' id='word_1_843' title='bbox 1698 2487 1757 2515; x_wconf 80' lang='lat' dir='ltr'><strong>qua:</strong></span> <span class='ocrx_word' id='word_1_844' title='bbox 1775 2480 1806 2505; x_wconf 82' lang='lat' dir='ltr'><strong>il-</strong></span> 
     </span>
    </p>
   </div>
   <div class='ocr_carea' id='block_1_112' title="bbox 1020 2525 1805 2561">
    <p class='ocr_par' dir='ltr' id='par_1_112' title="bbox 1020 2525 1805 2561">
     <span class='ocr_line' id='line_1_112' title="bbox 1020 2525 1805 2561; baseline -0.005 -6"><span class='ocrx_word' id='word_1_845' title='bbox 1020 2529 1124 2555; x_wconf 77' lang='lat' dir='ltr'><strong>lucescit</strong></span> <span class='ocrx_word' id='word_1_846' title='bbox 1137 2529 1164 2555; x_wconf 76' lang='lat' dir='ltr'><strong>in</strong></span> <span class='ocrx_word' id='word_1_847' title='bbox 1179 2537 1257 2554; x_wconf 85' lang='lat' dir='ltr'><strong>unam</strong></span> <span class='ocrx_word' id='word_1_848' title='bbox 1268 2526 1558 2561; x_wconf 80' lang='lat' dir='ltr'><strong>Sabbatorum.Neque</strong></span> <span class='ocrx_word' id='word_1_849' title='bbox 1575 2525 1646 2553; x_wconf 90' lang='lat' dir='ltr'><strong>enim</strong></span> <span class='ocrx_word' id='word_1_850' title='bbox 1662 2526 1805 2552; x_wconf 91' lang='lat' dir='ltr'><strong>commode</strong></span> 
     </span>
    </p>
   </div>
   <div class='ocr_carea' id='block_1_113' title="bbox 1020 2569 1805 2607">
    <p class='ocr_par' dir='ltr' id='par_1_113' title="bbox 1020 2569 1805 2607">
     <span class='ocr_line' id='line_1_113' title="bbox 1020 2569 1805 2607; baseline -0.006 -7"><span class='ocrx_word' id='word_1_851' title='bbox 1020 2574 1186 2600; x_wconf 87' lang='lat' dir='ltr'><strong>accidissent</strong></span> <span class='ocrx_word' id='word_1_852' title='bbox 1197 2580 1309 2607; x_wconf 89' lang='lat' dir='ltr'><strong>vespere</strong></span> <span class='ocrx_word' id='word_1_853' title='bbox 1322 2572 1432 2599; x_wconf 85' lang='lat' dir='ltr'><strong>Sabbati</strong></span> <span class='ocrx_word' id='word_1_854' title='bbox 1442 2572 1504 2598; x_wconf 84' lang='lat' dir='ltr'><strong>talia</strong></span> <span class='ocrx_word' id='word_1_855' title='bbox 1518 2570 1640 2605; x_wconf 78' lang='lat' dir='ltr'><strong>prodigia</strong></span> <span class='ocrx_word' id='word_1_856' title='bbox 1654 2570 1727 2596; x_wconf 91' lang='lat' dir='ltr'><strong>circa</strong></span> <span class='ocrx_word' id='word_1_857' title='bbox 1739 2569 1805 2597; x_wconf 84' lang='lat' dir='ltr'><strong>Ser--</strong></span> 
     </span>
    </p>
   </div>
   <div class='ocr_carea' id='block_1_114' title="bbox 1019 2617 1805 2651">
    <p class='ocr_par' dir='ltr' id='par_1_114' title="bbox 1019 2617 1805 2651">
     <span class='ocr_line' id='line_1_114' title="bbox 1019 2617 1805 2651; baseline -0.005 -5"><span class='ocrx_word' id='word_1_858' title='bbox 1019 2620 1123 2647; x_wconf 88' lang='lat' dir='ltr'><strong>vatoris</strong></span> <span class='ocrx_word' id='word_1_859' title='bbox 1148 2624 1374 2649; x_wconf 67' lang='lat' dir='ltr'><strong>monumentum,</strong></span> <span class='ocrx_word' id='word_1_860' title='bbox 1402 2626 1435 2645; x_wconf 88' lang='lat' dir='ltr'><strong>ne</strong></span> <span class='ocrx_word' id='word_1_861' title='bbox 1472 2617 1576 2645; x_wconf 87' lang='lat' dir='ltr'><strong>scilicet</strong></span> <span class='ocrx_word' id='word_1_862' title='bbox 1605 2617 1709 2651; x_wconf 84' lang='lat' dir='ltr'><strong>passim</strong></span> <span class='ocrx_word' id='word_1_863' title='bbox 1727 2617 1805 2643; x_wconf 79' lang='lat' dir='ltr'><strong>urbis</strong></span> 
     </span>
    </p>
   </div>
   <div class='ocr_carea' id='block_1_115' title="bbox 1020 2661 1804 2700">
    <p class='ocr_par' dir='ltr' id='par_1_115' title="bbox 1020 2661 1804 2700">
     <span class='ocr_line' id='line_1_115' title="bbox 1020 2661 1804 2700; baseline -0.005 -7"><span class='ocrx_word' id='word_1_864' title='bbox 1020 2666 1115 2694; x_wconf 63' lang='lat' dir='ltr'><strong>incolat</strong></span> <span class='ocrx_word' id='word_1_865' title='bbox 1129 2673 1187 2693; x_wconf 87' lang='lat' dir='ltr'><strong>rem</strong></span> <span class='ocrx_word' id='word_1_866' title='bbox 1198 2669 1404 2698; x_wconf 62' lang='lat' dir='ltr'><strong>cognoscerent,</strong></span> <span class='ocrx_word' id='word_1_867' title='bbox 1413 2665 1542 2700; x_wconf 86' lang='lat' dir='ltr'><strong>licretque</strong></span> <span class='ocrx_word' id='word_1_868' title='bbox 1553 2670 1705 2691; x_wconf 88' lang='lat' dir='ltr'><strong>concursus</strong></span> <span class='ocrx_word' id='word_1_869' title='bbox 1717 2661 1750 2689; x_wconf 88' lang='lat' dir='ltr'><strong>ad</strong></span> <span class='ocrx_word' id='word_1_870' title='bbox 1762 2667 1804 2689; x_wconf 90' lang='lat' dir='ltr'><strong>lu-</strong></span> 
     </span>
    </p>
   </div>
   <div class='ocr_carea' id='block_1_116' title="bbox 1019 2709 1804 2747">
    <p class='ocr_par' dir='ltr' id='par_1_116' title="bbox 1019 2709 1804 2747">
     <span class='ocr_line' id='line_1_116' title="bbox 1019 2709 1804 2747; baseline -0.005 -8"><span class='ocrx_word' id='word_1_871' title='bbox 1019 2712 1139 2744; x_wconf 89' lang='lat' dir='ltr'><strong>mulum,</strong></span> <span class='ocrx_word' id='word_1_872' title='bbox 1151 2712 1325 2747; x_wconf 75' lang='lat' dir='ltr'><strong>vigilantibus</strong></span> <span class='ocrx_word' id='word_1_873' title='bbox 1340 2711 1476 2738; x_wconf 91' lang='lat' dir='ltr'><strong>omnibus.</strong></span> <span class='ocrx_word' id='word_1_874' title='bbox 1487 2711 1710 2737; x_wconf 75' lang='lat' dir='ltr'><strong>Consentaneum</strong></span> <span class='ocrx_word' id='word_1_875' title='bbox 1724 2709 1804 2743; x_wconf 86' lang='lat' dir='ltr'><strong>quip-</strong></span> 
     </span>
    </p>
   </div>
   <div class='ocr_carea' id='block_1_117' title="bbox 1019 2756 1804 2792">
    <p class='ocr_par' dir='ltr' id='par_1_117' title="bbox 1019 2756 1804 2792">
     <span class='ocr_line' id='line_1_117' title="bbox 1019 2756 1804 2792; baseline -0.004 -8"><span class='ocrx_word' id='word_1_876' title='bbox 1019 2765 1053 2792; x_wconf 87' lang='lat' dir='ltr'><strong>pe</strong></span> <span class='ocrx_word' id='word_1_877' title='bbox 1072 2762 1141 2790; x_wconf 84' lang='lat' dir='ltr'><strong>erat,</strong></span> <span class='ocrx_word' id='word_1_878' title='bbox 1156 2758 1244 2792; x_wconf 75' lang='lat' dir='ltr'><strong>lapide</strong></span> <span class='ocrx_word' id='word_1_879' title='bbox 1258 2757 1412 2792; x_wconf 79' lang='lat' dir='ltr'><strong>prodigiose</strong></span> <span class='ocrx_word' id='word_1_880' title='bbox 1437 2756 1560 2783; x_wconf 87' lang='lat' dir='ltr'><strong>revoluto</strong></span> <span class='ocrx_word' id='word_1_881' title='bbox 1570 2775 1577 2787; x_wconf 80' lang='lat'><strong><em>.</em></strong></span> <span class='ocrx_word' id='word_1_882' title='bbox 1595 2756 1687 2783; x_wconf 84' lang='lat' dir='ltr'><strong>statim</strong></span> <span class='ocrx_word' id='word_1_883' title='bbox 1702 2763 1804 2782; x_wconf 86' lang='lat' dir='ltr'><strong>convo-</strong></span> 
     </span>
    </p>
   </div>
   <div class='ocr_carea' id='block_1_118' title="bbox 1019 2803 1806 2839">
    <p class='ocr_par' dir='ltr' id='par_1_118' title="bbox 1019 2803 1806 2839">
     <span class='ocr_line' id='line_1_118' title="bbox 1019 2803 1806 2839; baseline -0.005 -5"><span class='ocrx_word' id='word_1_884' title='bbox 1019 2807 1074 2835; x_wconf 79' lang='lat' dir='ltr'><strong>lare</strong></span> <span class='ocrx_word' id='word_1_885' title='bbox 1093 2805 1233 2836; x_wconf 85' lang='lat' dir='ltr'><strong>custodes,</strong></span> <span class='ocrx_word' id='word_1_886' title='bbox 1251 2804 1320 2831; x_wconf 76' lang='lat' dir='ltr'><strong>liora</strong></span> <span class='ocrx_word' id='word_1_887' title='bbox 1340 2803 1366 2830; x_wconf 85' lang='lat' dir='ltr'><strong>id</strong></span> <span class='ocrx_word' id='word_1_888' title='bbox 1383 2803 1557 2834; x_wconf 76' lang='lat' dir='ltr'><strong>concedente,</strong></span> <span class='ocrx_word' id='word_1_889' title='bbox 1576 2803 1609 2829; x_wconf 84' lang='lat' dir='ltr'><strong>ad</strong></span> <span class='ocrx_word' id='word_1_890' title='bbox 1623 2809 1654 2831; x_wconf 85' lang='lat' dir='ltr'><strong>ea</strong></span> <span class='ocrx_word' id='word_1_891' title='bbox 1671 2809 1730 2839; x_wconf 62' lang='lat' dir='ltr'><strong>quae</strong></span> <span class='ocrx_word' id='word_1_892' title='bbox 1742 2809 1806 2830; x_wconf 44' lang='lat' dir='ltr'><strong>eve‘</strong></span> 
     </span>
    </p>
   </div>
  </div>
