2065 3216
266 162 319 190 943

620 157 755 185 EUSEBII
775 156 1013 185 CAESARIENSIS
1029 157 1104 185 OPP.
1123 157 1212 186 PARS
1228 158 1271 186 Ill.
1292 175 1326 180 --
1343 160 1548 190 EX‘EGETICA.

1837 164 1893 192 9“

265 225 364 252 nerant
380 220 571 250 renuntianda.
602 218 635 246 Et
659 219 769 254 quidem
794 219 823 246 hi
847 219 980 246 docentur
1005 219 1046 247 die

1100 220 1209 255 νόμενα,
1223 221 1269 246 καὶ
1286 222 1422 257 συνδρομὴ
1436 221 1542 256 γεγόνει
1561 221 1607 248 ἐπὶ
1619 221 1649 248 τὸ
1663 221 1769 256 μνῆμα,
1780 221 1892 249 πάντων

266 273 375 305 postero
383 276 398 295 a
408 266 592 295 sacerdotibus
601 269 632 292 ut
645 272 780 292 rumorem
793 265 821 292 in
831 265 930 300 vulgus
945 270 1037 293 serant
1046 286 1054 299 ,

1107 266 1305 302 ἐγρηγορότων.
1333 268 1490 295 Ἀκόλουθον
1513 268 1541 294 δὲ
1561 266 1594 304 ἦν
1616 268 1817 304 ἀνατραπέντος
1842 269 1893 296 τοῦ

267 314 374 342 venisse
389 316 471 340 noctu
486 309 637 344 discipulos
652 308 716 336 Jesu
738 309 770 336 ad
790 309 936 336 furandum
953 317 1046 345 corpus

1105 311 1178 338 λίθου
1193 313 1360 348 παραδόξως,
1373 314 1544 350 παραχρῆμα
1559 313 1673 341 σπεῦσαι
1683 314 1747 345 τοὺς
1757 315 1893 350 φρουροὺς

265 362 330 389 dum
348 359 400 395 ipsi
417 365 512 386 somno
536 357 723 392 iudulgerent;
742 356 768 383 id
789 356 862 391 quod
883 356 918 383 ab
931 357 971 384 eis
987 356 1051 391 ﬁngi

266 405 337 434 haud
352 412 421 440 opus
444 402 549 434 fuisset,
563 403 587 430 si
606 410 720 437 vespere
733 402 814 429 Jesus
842 402 1048 430 resurrexisset.

263 453 356 488 Itaque
373 450 499 478 existimo
528 458 561 477 ex
579 449 621 476 his
644 449 842 481 demonstrari,
870 449 897 476 id
913 449 986 484 quod
1011 448 1050 476 ait

264 497 407 525 Mattlueus
423 505 481 524 sero
497 495 689 527 Sabbatarum,
710 496 781 522 haud
802 495 955 530 signiﬁcare
971 503 1048 523 sero-

264 544 348 571 tinam
367 542 479 570 Sahbati
501 541 596 569 horam
614 549 701 576 neque
721 546 828 576 tempus
843 541 1048 577 vespertinum;

264 598 381 625 namque
397 590 455 624 ipse
469 588 613 616 Matthzeus
629 588 721 615 addit:
738 587 802 614 hora
812 596 870 621 quw
893 588 999 615 lucescit
1022 588 1049 614 in

263 645 344 664 unam
360 635 551 664 Sabbatorum;
579 641 659 661 mane
681 633 807 665 videlicet
826 633 890 660 dum
907 633 996 660 adhuc
1010 637 1050 660 te-

264 681 355 709 nebrae
375 686 484 713 essent.
505 681 655 708 secundum
672 679 813 706 Joannem.
839 679 885 706 Sic
896 679 969 706 enim
986 679 1050 706 har-

254 727 355 754 monia
370 726 415 754 ﬁet
428 726 647 761 evangelicurum
671 733 779 757 vocum,
801 725 884 752 veluti
908 732 963 752 uno
986 729 1051 753 tem-

263 781 329 809 pore
347 773 381 800 ab
399 773 466 808 ipsis
482 773 635 808 significato
648 793 654 802 ,
670 771 743 807 quod
766 775 856 798 tamen
883 771 909 798 in
933 771 1049 807 singulis

263 823 384 847 mutatur
405 819 560 854 scripturis,
578 819 615 845 ita
637 822 667 845 ut
693 818 764 844 intra
778 825 859 844 unam
873 817 1049 853 eamdemque

1103 358 1137 384 τὰ
1153 358 1307 394 πραχθέντα
1321 359 1449 394 δηλῶσαι,
1469 361 1517 396 τῆς
1533 360 1607 396 ὥρας
1621 361 1713 392 αὐτοῖς
1729 359 1893 396 ἐπιτρεπού-

1103 412 1161 439 σης.
1176 405 1208 430 Oi.
1220 405 1248 431 δὲ
1267 405 1314 432 καὶ
1331 405 1500 433 διδάσκονται
1515 407 1546 441 τῇ
1562 406 1692 442 ὑστεραίᾳ
1704 405 1757 432 ὑπὸ
1770 405 1824 432 τῶν
1841 407 1893 441 ἀρ-

1102 450 1216 486 χιερέων
1240 452 1402 487 διαφημίσαι
1417 453 1457 484 εἰς
1474 452 1584 485 πάντας,
1598 454 1638 479 ὅτι
1654 453 1678 479 οἱ
1698 452 1819 488 μαθηταὶ
1839 453 1891 479 αὒ-

1102 496 1149 522 τοῦ
1171 498 1266 530 νυκτὸς
1290 498 1412 531 ἐλθόντες
1433 499 1547 534 ἔκλεψαν
1559 500 1639 527 αὐτὸν
1656 501 1734 536 ἡμῶν
1752 500 1893 536 κοιμωμέ-

1103 551 1155 569 νων
1166 551 1172 558 ·
1189 543 1204 570 ὃ
1217 543 1249 579 δὴ
1270 543 1361 580 χώραν
1377 545 1427 572 οὐκ
1444 544 1515 581 εἶχεν
1532 546 1694 573 πλάττεσθαι
1708 547 1806 578 αὐτοὺς
1819 547 1843 572 εἰ
1856 547 1891 582 τῇ

1102 587 1207 627 ἑσπέρᾳ
1229 592 1369 627 ἐγήγερτο.
1394 592 1473 619 Ἀλλὰ
1496 592 1550 627 γὰρ
1580 592 1698 628 ἡγοῦμαι
1721 592 1765 619 διὰ
1785 591 1890 619 τούτων

1098 636 1307 664 ἀποδείκνυσθαι
1320 638 1351 664 τὸ
1365 638 1439 674 παρὰ
1459 638 1499 673 τῷ
1518 638 1649 673 Mattiain
1664 639 1810 674 λεγόμενον
1830 637 1890 672 ὀψὲ

1098 683 1264 715 Σαϐϐάτων,
1276 684 1312 719 μὴ
1325 683 1374 720 τὴν
1387 684 1481 720 ὀψινὴν
1495 683 1568 720 ὥραν
1578 684 1624 710 τοῦ
1635 684 1772 711 Σαὸὄάτου
1785 684 1888 718 σημαί-

1098 737 1163 760 νειν,
1177 729 1243 765 μηδὲ
1254 729 1298 756 τὸν
1313 728 1454 766 έσπερινὺν
1477 729 1581 766 καιρόν·
1594 730 1650 757 ἀλλ’
1661 731 1740 762 αὐτὸς
1749 730 1889 761 Musonio;

1101 774 1239 810 ἐπήγαγεν
1255 775 1304 810 τὴν
1323 775 1531 810 ἐπιφώσκουσαν
1544 775 1624 810 ὥραν
1638 776 1681 808 είς
1693 776 1767 810 μίαν
1779 774 1890 802 Σαϐϐά-

1101 829 1169 853 των,
1190 821 1251 857 ἥτις
1263 820 1297 858 ἦν
1313 821 1394 858 πρωῒ,
1409 822 1448 848 ἔτι
1464 821 1573 854 σκοτίας
1585 822 1667 857 οῦσης
1681 821 1751 848 κατὰ
1766 821 1812 848 τὸν
1831 821 1891 848 Ἰωέ

263 864 358 891 horam
369 863 532 899 principium
543 863 622 890 liceat
634 862 764 897 cogitare,
775 862 904 892 medium,
913 865 940 889 et
952 862 1042 891 ﬁnem.

1097 865 1177 900 άννην
1187 875 1193 881 ·
1206 865 1277 893 οὕτω
1290 867 1344 902 γὰρ
1361 868 1377 902 ἡ
1394 867 1536 902 συμφωνία
1556 867 1702 903 συνδράμοι
1716 866 1748 893 ἂν
1764 865 1820 893 τῶν
1842 865 1890 892 εὑ-

263 910 417 946 αγγελικῶν
431 910 540 946 φωνῶν
558 911 596 942 ὼς
612 909 708 945 καιροῦ
724 910 774 945 μὲν
788 910 847 941 ἑνὸς
859 909 892 936 δι’
921 909 1011 936 αὗτῶν
1042 913 1256 957 σημαινομένου,
1271 914 1489 941 ἀναλλαττόντων
1502 913 1531 940 δὲ
1545 914 1610 950 παρ’
1634 914 1749 940 ἑκάστου
1766 912 1821 939 τῶν
1837 911 1888 939 τοῦ

252 960 359 997 -καιροῦ
378 960 493 995 μορίων·
514 959 634 986 ἐπεὶικαὶ
652 959 716 994 μιᾶς
731 959 778 985 καὶ
797 959 846 994 τῆς
861 958 945 993 αὐτῆς
961 958 1045 994 ὥρας,
1065 960 1111 987 καὶ
1126 962 1176 997 τὴν
1192 962 1279 998 ἀρχήν
1292 963 1365 989 ἐστιν
1376 962 1528 998 ἐπινοῆσαι,
1558 962 1605 989 καὶ
1622 962 1653 988 τὸ
1669 961 1760 997 μέσον,
1776 959 1824 987 καὶ
1857 958 1889 986 τὺ

263 1008 348 1040 τέλος.

299 1056 325 1083 5.
345 1055 423 1083 llaud
437 1055 520 1091 igitur
533 1062 548 1082 a
563 1055 678 1082 veritate
689 1054 868 1086 aberraveris.
881 1055 931 1082 sia
941 1054 1046 1083 Joanne

261 1101 371 1128 initium
388 1100 600 1129 resurrectionis
619 1099 772 1128 Servatoris
790 1101 878 1128 nostri
905 1100 981 1128 dicas
1008 1101 1046 1128 si-

261 1147 400 1182 gniﬁcari,
413 1146 484 1182 apud
500 1154 580 1181 quem
596 1145 755 1181 Magdalena
771 1153 862 1178 mane,
877 1146 942 1173 dum
957 1145 1046 1173 adhuc

263 1193 385 1221 tenebrze
393 1196 496 1224 essent,
513 1192 597 1219 semel
613 1195 693 1226 atque
718 1192 815 1219 iterum
837 1191 870 1218 ad
885 1199 1047 1218 monumen-

263 1243 322 1266 tum
346 1246 502 1274 progressa,
519 1237 674 1265 Servaloris
698 1245 814 1272 corpore
834 1236 906 1264 haud
924 1237 1044 1268 invento.

218 1309 224 1314 _
261 1283 308 1312 ﬁet
324 1293 330 1311 :
347 1284 410 1318 quia
426 1283 529 1310 nemini
543 1283 632 1310 adhuc
650 1283 817 1310 resurrectio
832 1282 893 1317 ejus
905 1283 1044 1318 explorata

262 1332 331 1356 erat.
358 1327 406 1355 Est
431 1331 522 1354 autem
538 1328 598 1362 ejus
614 1327 688 1354 horae
704 1335 767 1362 pars
790 1327 875 1354 altera
890 1331 997 1362 tempus
1018 1327 1045 1355 id

263 1376 360 1411 dequo
375 1374 519 1401 Matthmus
536 1373 672 1408 loquitur;
688 1381 749 1401 cum
763 1373 889 1401 videlicet
901 1374 983 1400 tertio
997 1381 1044 1401 ve-

263 1423 342 1449 niens
359 1421 393 1448 ad
407 1423 613 1447 monumentum
627 1419 721 1446 eadem
740 1419 899 1454 Magdalena
913 1426 974 1446 cum
992 1419 1045 1445 alia

264 1468 360 1499 Ilaria,
377 1466 448 1494 haud
463 1466 519 1500 jam
535 1465 590 1497 ﬁet,
606 1465 706 1500 quippe
720 1472 790 1500 qua‘.
815 1469 846 1492 ut
861 1465 898 1491 ait
912 1464 1042 1496 Joannes,

260 1513 317 1548 jam
342 1512 453 1547 angelos
472 1511 576 1539 viderat
601 1510 747 1546 ipsumque
764 1509 949 1538 Servatorem.
974 1509 1042 1536 Nam

264 1565 326 1593 qua:
339 1557 469 1585 dicuntur
485 1563 500 1583 a
517 1555 590 1583 Luca
612 1559 640 1583 et
666 1555 757 1583 Marco
779 1555 832 1582 alia
859 1563 910 1584 nos
935 1556 1044 1588 docent,
1060 1552 1080 1579 C

264 1604 336 1640 apud
360 1612 429 1639 quos
454 1604 585 1631 nimirum
611 1603 705 1638 plures
725 1603 838 1629 veniunt
861 1602 1047 1630 observatum

263 1650 402 1678 mulieres.
431 1649 517 1677 Porro
545 1653 636 1676 autem
665 1648 851 1683 Magdalenam
878 1648 1046 1683 temporibus

262 1697 336 1725 haud
351 1704 516 1732 magnopere
541 1696 613 1723 inter
633 1702 663 1722 se
692 1694 860 1722 distantibus
887 1694 1046 1722 interfuisse

260 1747 338 1779 puta,
358 1743 404 1770 sed
420 1751 474 1770 uno
491 1742 546 1770 fere
563 1741 694 1768 continuo
716 1744 849 1774 tempore,
874 1739 938 1766 dum
961 1739 1046 1767 semel

261 1793 288 1816 et
304 1789 402 1816 iterum
425 1789 500 1816 circa
525 1796 586 1816 eum
612 1787 703 1814 locum
727 1790 898 1819 versaretur;
926 1786 1044 1821 primum

261 1837 320 1872 ipsa
335 1837 408 1869 sola;
424 1835 544 1864 secundo
563 1842 625 1862 eum
637 1834 690 1861 alia
705 1832 799 1859 Maria.
818 1832 863 1860 Sic
879 1833 972 1860 eadem
988 1833 1044 1860 Ma-

262 1885 304 1911 ria
320 1883 476 1919 Magdalena
495 1885 522 1909 et
535 1881 607 1916 apud
621 1879 777 1907 Matthaanm
798 1883 913 1914 spectat,
930 1884 956 1907 et
973 1879 1044 1914 apud

261 1931 405 1958 Joannem.
428 1928 521 1963 Neque
536 1927 638 1955 idcirco
653 1926 822 1954 excludenda
836 1929 877 1953 est
902 1932 917 1951 a
932 1929 1045 1952 (νειοῖο-

263 1983 323 2003 rum
338 1974 566 2009 evangelistarum
581 1971 786 1999 narrationibus
803 1980 809 1997 :
826 1978 881 1997 non
904 1970 976 1997 enim
1001 1977 1045 1996 re-

262 2021 376 2049 cedebat
392 2028 408 2047 a
424 2020 495 2052 loco,
519 2019 568 2047 sed
593 2019 687 2046 aderat
711 2019 905 2053 perstabatque
929 2016 1044 2043 attonita

262 2068 339 2102 visis,
353 2067 520 2102 cupiensque
535 2069 595 2101 post
606 2065 733 2100 primam,
746 2063 867 2092 secunda
883 2064 965 2091 etiam
990 2067 1044 2090 ter-

262 2115 355 2149 tiaque
370 2113 539 2148 apparitione
558 2111 610 2139 frui
627 2121 632 2138 :
649 2111 676 2138 id
698 2110 771 2146 quod
786 2118 882 2145 reapse
895 2113 1043 2137 consecuta

261 2164 313 2192 est,
330 2160 394 2187 dum
409 2158 576 2186 multimodis
590 2157 744 2192 complures
761 2157 890 2184 mulieres
905 2156 937 2182 ad
951 2159 1044 2182 tumu-

260 2206 316 2233 lum
331 2205 460 2238 veniunt;
487 2208 568 2239 atque
592 2203 652 2230 aliis
670 2202 749 2229 aliter
774 2201 895 2236 angelica
918 2200 988 2228 visio
1013 2208 1042 2227 se

261 2252 357 2285 oﬁert;
376 2251 435 2286 ipsa
452 2255 540 2277 autem
565 2249 722 2284 Magdalena
747 2248 864 2282 singulis
890 2246 1043 2274 visionibus

262 2297 386 2325 interest.
400 2296 489 2331 Atque
503 2296 540 2322 ita
555 2303 646 2322 rerum
663 2293 734 2330 apud
762 2298 880 2328 quatuor
906 2292 1043 2327 evangeli-

262 2348 318 2373 stas
336 2343 501 2379 scriptarum
517 2341 663 2376 spectatrix
692 2340 742 2367 fuit
760 2339 916 2374 Magdalena
934 2347 941 2365 :
959 2345 1044 2372 quare

261 2394 288 2417 et.
304 2389 385 2424 hujus
398 2388 470 2423 apud
495 2395 589 2415 omnes
613 2387 714 2414 mentio
739 2385 776 2412 ﬁt.
802 2384 848 2411 Sic
874 2384 954 2411 etiam
971 2382 1042 2410 idem

261 2439 367 2471 tempus
384 2439 454 2466 erat,
467 2433 538 2468 quod
556 2433 604 2460 abs
622 2432 726 2459 Joanne
742 2435 768 2458 et
781 2438 796 2456 a
812 2429 936 2456 blattlizeo
952 2429 1043 2464 perhi-

262 2481 364 2509 betur:
387 2480 434 2508 sed
451 2485 540 2507 tamen
563 2478 646 2513 hujus
671 2476 801 2512 temporis
827 2475 934 2502 diversa
961 2475 1044 2502 inter-

260 2527 332 2554 valla
348 2526 419 2562 apud
435 2526 557 2561 singulos
572 2529 712 2551 notantur.

296 2614 323 2643 4.
344 2613 438 2650 Neque
450 2618 477 2642 te
493 2615 638 2642 conturbet
648 2613 674 2640 id
685 2612 757 2648 quod
774 2620 788 2639 a
802 2611 927 2639 Matthao
942 2610 1043 2638 dicitur

261 2665 405 2696 postquam
420 2659 480 2687 dua:
498 2659 588 2687 Mariae
611 2659 644 2686 ad
658 2657 800 2686 visendum
816 2657 950 2684 tumulum
962 2663 1043 2683 vene-

297 2762 351 2797 (3l)
373 2761 567 2797 Quzestioiluec
583 2761 726 2797 hucusque
756 2760 854 2797 partim
875 2759 945 2797 in_est
960 2758 1041 2797 etiam

262 2797 289 2823 in
301 2793 397 2825 codice
411 2797 458 2824 Gr.
477 2796 608 2826 Mediceo.
625 2793 692 2822 teste
707 2793 840 2822 Bandinio
860 2797 879 2821 ε,
898 2794 918 2825 Ι,
935 2801 961 2828 p.
979 2793 1039 2820 l59.

263 2831 335 2858 Idem
357 2837 445 2859 tamen
472 2831 573 2858 frustra
595 2831 759 2865 slspiratur,
781 2837 841 2864 qua:
857 2829 955 2865 ibidem
970 2828 1040 2865 apud

261 2874 323 2893 eum
338 2871 487 2902 sequuntur
505 2867 563 2893 λίαν
587 2863 728 2901 θαυμάζω,
753 2863 818 2902 etei,
842 2869 902 2902 esse
918 2863 1040 2893 eiusdem

1131 1055 1167 1089 γ’.
1186 1054 1244 1082 Οὐκ
1262 1053 1295 1081 ἂν
1312 1054 1377 1089 γοῦν
1393 1054 1526 1090 ἁμάρτοις
1536 1054 1570 1081 τὰ
1584 1054 1636 1090 μὲν
1647 1054 1743 1090 πρῶτα
1756 1054 1806 1090 τῆς
1821 1055 1889 1082 ἁνα-

1099 1102 1220 1133 στάσεως
1232 1100 1279 1128 τοῦ
1295 1101 1421 1136 Σωτῆρος
1433 1101 1510 1136 ἡμῶν
1523 1099 1702 1135 σημαίνεσθαι
1713 1100 1798 1127 εἰπὼν
1810 1103 1887 1137 παρὰ

1097 1147 1137 1182 τῷ
1153 1147 1274 1182 Ἰωάννῃ,
1287 1144 1379 1182 παρ“ᾦ
1390 1146 1664 1182 ὴΜαγδαληνὴπρωῒ,
1679 1145 1719 1172 ἔτι
1728 1146 1811 1181 οὔσης
1823 1155 1889 1174 σκο-

1098 1193 1167 1225 τίας,
1181 1193 1229 1219 καὶ
1238 1192 1344 1228 πρῶτον
1357 1193 1405 1219 καὶ
1415 1192 1540 1228 δεύτερον
1554 1193 1688 1219 ἐπιστᾶσα
1697 1192 1734 1227 τῷ
1751 1193 1884 1228 μνήματι,

1100 1239 1145 1265 καὶ
1159 1239 1195 1274 μὴ
1208 1238 1325 1274 εὑροῦσα
1340 1238 1370 1265 τδ
1386 1238 1465 1273 σῶμα
1482 1238 1528 1264 τοῦ
1545 1238 1680 1274 Σωτῆρος,
1692 1239 1780 1265 κλαίει
1793 1239 1838 1266 διὰ
1856 1240 1887 1266 τὸ

1101 1286 1200 1321 μηδένα
1212 1287 1295 1321 μήπω
1310 1286 1458 1320 ἐγνωκέναι
1474 1285 1537 1320 περὶ
1550 1285 1600 1320 τῆς
1610 1286 1782 1317 ἀναστάσεως
1789 1286 1884 1312 αὑτοῦ·

1098 1333 1146 1367 τῆς
1163 1333 1247 1368 αὐτῆς
1260 1332 1288 1358 δὲ
1299 1332 1373 1368 ὥρας
1390 1332 1473 1367 μέρος
1487 1328 1555 1358 εἶναι
1566 1331 1689 1367 δεύτερον
1700 1331 1744 1358 τὸν
1755 1332 1831 1368 παρὰ
1847 1332 1886 1366 τῷ

1099 1376 1230 1412 Ματθαίῳ
1254 1377 1364 1412 χρόνον,
1392 1376 1452 1403 καθ’
1472 1376 1500 1402 ὃν
1517 1376 1606 1411 τρίτον
1631 1376 1764 1402 ἐπιστᾶσα
1781 1377 1798 1411 ἡ
1815 1375 1885 1410 αὑτὴ

1098 1422 1262 1458 Μαγδαληνὴ
1279 1423 1336 1458 ἅμα
1349 1424 1381 1458 τῇ
1399 1422 1465 1459 ἄλλῃ
1482 1422 1576 1457 Μαρία
1591 1421 1630 1457 τῷ
1645 1422 1775 1457 μνήματι,
1790 1421 1884 1448 οὐκέτι

1097 1468 1193 1500 κλαίει,
1210 1468 1248 1500 ὡς
1267 1468 1300 1495 ἂν
1314 1468 1389 1503 παρὰ
1403 1467 1442 1503 τῷ
1465 1467 1574 1503 Ἰωάννῃ
1594 1466 1742 1502 τεθεαμένη
1758 1467 1822 1498 τοὺς
1835 1467 1886 1499 ἁγ-

1096 1514 1190 1548 γέλους
1206 1514 1252 1540 καὶ
1264 1513 1344 1540 αὑτὸν
1355 1514 1400 1540 τὸν
1410 1513 1532 1548 Σωτῆρα·
1545 1513 1578 1539 τὰ
1589 1513 1642 1548 γὰρ
1651 1512 1724 1548 παρὰ
1738 1511 1777 1547 τῷ
1791 1512 1887 1546 Δουκᾷ.

1098 1561 1144 1587 καὶ
1171 1559 1209 1594 τῷ
1226 1561 1331 1596 Μάρκῳ
1353 1560 1452 1596 ἐτέρων
1477 1559 1510 1586 ἂν
1536 1559 1578 1594 εῐη
1593 1558 1739 1594 δηλωτικὰ,
1761 1558 1827 1593 παρ’
1843 1555 1885 1588 οἷς

1099 1605 1206 1637 πλείους
1214 1605 1369 1632 ἀπαντῶσιν
1385 1607 1512 1640 γυναῖκες
1527 1606 1573 1632 ἐπὶ
1591 1605 1639 1641 τὴν
1652 1604 1725 1631 θέαν-
1743 1603 1792 1639 τὴν
1805 1603 1836 1630 δέ
1853 1612 1885 1637 γε

1097 1651 1278 1687 Μαγδαληνὴν
1292 1650 1328 1686 μὴ
1347 1652 1455 1686 μακρὰν
1473 1651 1594 1686 ἀλλήλων
1607 1650 1746 1677 διεστῶσιν
1760 1650 1887 1685 ἀπηντη-

1096 1697 1172 1724 κέναι
1195 1698 1300 1733 καιροῖς
1317 1698 1422 1733 νόμιζε,
1443 1697 1499 1724 ἀλλ’
1522 1698 1550 1723 ὲν
1563 1696 1600 1731 τῷ
1617 1697 1690 1732 αὐτῷ
1703 1696 1750 1722 καὶ
1765 1695 1838 1722 κατὰ
1853 1695 1886 1721 τὸ

1096 1742 1160 1769 αὐτὸ
1177 1744 1342 1778 παρατυχεῖν
1361 1743 1407 1770 καὶ
1422 1743 1452 1769 τὸ
1465 1742 1571 1778 πρῶτον
1584 1741 1630 1769 καὶ
1648 1742 1678 1769 τὸ
1694 1742 1829 1777 δεύτερον·
1853 1741 1885 1767 τὸ

1097 1790 1147 1823 μὲν
1161 1788 1277 1823 πρῶτον,
1288 1788 1348 1815 καθ’
1359 1789 1456 1824 ἑαυτὴν
1469 1788 1550 1824 μόνην
1563 1797 1569 1803 ·
1582 1789 1612 1814 τὸ
1622 1788 1650 1815 δὲ
1665 1787 1800 1823 δεύτερον,
1810 1787 1885 1822 μετὰ

1095 1833 1144 1869 τῆς
1154 1833 1236 1868 ἄλλης
1248 1833 1367 1869 Μαρίας
1380 1833 1449 1860 οὕτω
1464 1831 1540 1860 δὀὗν
1555 1834 1572 1869 ἡ
1584 1833 1651 1868 αὑτὴ
1666 1833 1759 1868 Μαρία
1772 1833 1789 1868 ἡ
1799 1832 1883 1865 Μαγ-

1095 1879 1194 1915 δαληνὴ
1210 1879 1257 1906 καὶ
1270 1879 1304 1906 τὰ
1320 1878 1394 1915 παρὰ
1401 1878 1439 1914 τῷ
1447 1878 1576 1914 Ματθαίῳ
1585 1879 1678 1905 ἐθεᾶτο
1694 1879 1741 1905 καὶ
1758 1878 1793 1905 τὰ

1095 1925 1134 1961 τῷ
1151 1925 1269 1961 Ἰωάννῃσ
1281 1924 1330 1952 οὐκ
1343 1924 1544 1960 ἀπελιμπάνετο
1557 1923 1585 1950 δὲ
1598 1924 1651 1950 τῶν
1662 1924 1735 1960 παρᾶ
1749 1925 1806 1955 τοῖς
1816 1923 1884 1950 πολ-

1095 1971 1150 2003 λοῖς
1163 1970 1424 2007 ἀναγεγραμμένων·
1441 1971 1471 1997 οὐ
1491 1971 1544 2005 γὰρ
1558 1970 1703 1997 ἀπεστάτει
1718 1969 1765 1996 τοῦ
1783 1970 1881 1996 τόπον-

1095 2026 1132 2044 πα
1137 2017 1184 2053 ρῆν
1189 2017 1217 2044 δὲ
1225 2018 1271 2044 καὶ
1277 2017 1428 2052 παρέμενεν
1437 2016 1683 2051 καταπεπληγμένη
1693 2015 1742 2050 μὲν
1748 2015 1782 2042 τὰ
1788 2015 1885 2042 τεθεα-

1096 2065 1175 2100 μένα,
1189 2063 1307 2090 ποθοῦσα
1320 2063 1348 2090 δὲ
1360 2063 1427 2099 πρὸς
1434 2065 1489 2094 τοῖς
1503 2062 1619 2098 πρώτοις
1629 2062 1675 2088 καὶ
1690 2061 1826 2097 δευτέρων
1833 2061 1884 2088 καὶ

1094 2111 1176 2146 τριῶν
1193 2109 1355 2144 θεοφανειῶν
1371 2108 1579 2144 καταξιωθῆναι·
1597 2104 1634 2134 ὧν
1648 2107 1795 2142 ἐτύγχανεν
1812 2106 1885 2142 μετὰ

1094 2158 1180 2184 ταῦτα
1196 2157 1331 2192 διαφόρως
1349 2157 1398 2191 μὲν
1407 2155 1534 2182 πλειόνων
1551 2154 1688 2189 γυναικῶν
1704 2154 1752 2180 ἐπὶ
1767 2154 1798 2180 τὸ
1815 2162 1884 2190 μνη-

1097 2205 1171 2238 μεῖον
1191 2202 1410 2237 ἀφικνουμένων,
1424 2201 1516 2228 ἄλλοτε
1526 2201 1547 2227 δ’
1560 2201 1646 2232 ἄλλως
1658 2201 1753 2232 αὑταῖς
1767 2200 1882 2234 ἀγγελι-

1095 2248 1146 2283 κῆς
1159 2247 1245 2282 ὅψεως
1262 2247 1510 2283 παραφαινομένης,
1527 2247 1610 2281 αὐτῆς
1621 2246 1648 2272 δὲ
1661 2247 1703 2280 ἐφ’
1716 2246 1819 2280 ἑκάστῃ
1831 2245 1883 2280 Θέᾳ.

1092 2293 1366 2329 παρατυγχανούσης·
1377 2293 1446 2320 οὕτω
1462 2293 1528 2327 γοῦν
1541 2292 1595 2319 τῶν
1611 2291 1687 2328 παρὰ
1700 2292 1756 2323 τοῖς
1763 2292 1883 2326 τέσσαρ-

1096 2349 1137 2366 σιν
1154 2339 1358 2373 εὑαγγελισταῖς
1372 2338 1620 2374 ἀναγεγραμμένων
1636 2337 1737 2372 θεωρὸς
1754 2336 1881 2370 ἐγίγνετο

1095 2386 1111 2421 ἡ
1125 2384 1299 2420 Μαγδαληνή·
1317 2385 1356 2411 διὸ
1370 2385 1416 2411 καὶ
1428 2383 1503 2419 παρὰ
1522 2385 1577 2415 τοῖς
1590 2384 1671 2410 πᾶσιν
1687 2382 1881 2417 ἐμνημονεύθη

1095 2431 1160 2466 (51)’
1175 2430 1246 2457 οὕτω
1257 2430 1285 2457 δὲ
1298 2431 1344 2457 καὶ
1354 2431 1368 2456 ὁ
1386 2430 1434 2465 μὲν
1449 2429 1542 2464 καιρὸς
1561 2430 1574 2455 ὁ
1590 2429 1671 2460 αὐτὸς
1684 2426 1718 2464 ἦν
1733 2429 1747 2454 ὁ
1763 2427 1816 2454 om
1829 2427 1879 2455 τοῦ

1101 2478 1221 2504 Ἰωάννου
1238 2478 1285 2504 καὶ
1299 2476 1345 2503 τοῦ
1359 2476 1497 2503 Ματθαίου
1507 2475 1718 2511 παριστάμενος·
1731 2474 1779 2501 τοῦ
1793 2474 1817 2500 δ’
1829 2474 1880 2500 αὺ-

1094 2523 1140 2549 τοῦ
1156 2522 1252 2558 καιροῦ
1263 2522 1378 2558 διάφορα
1390 2521 1561 2557 διαστήματα
1573 2522 1636 2556 παρ’
1647 2520 1753 2555 ἑκάστῳ
1762 2528 1880 2556 τετηρη-

1096 2569 1172 2604 μένα.

1128 2615 1159 2642 δ’.
1178 2615 1224 2651 Μὴ
1238 2615 1393 2651 ταραττέτω
1406 2614 1434 2641 δέ
1451 2623 1480 2641 σε
1491 2613 1522 2641 τὸ
1533 2613 1657 2648 λέγεσθαι
1668 2613 1742 2648 παρὰ
1750 2613 1789 2648 τῷ
1800 2614 1879 2640 Ματ-

1094 2660 1161 2695 θαίῳ
1179 2661 1247 2696 μετὰ
1263 2659 1293 2686 τὺ
1309 2660 1394 2686 ἐλθεῖν
1414 2659 1464 2691 τὰς
1483 2659 1528 2686 δύο
1549 2659 1657 2695 Μαρίας
1673 2658 1810 2694 θεωρῆσαι
1833 2659 1879 2685 τὸν

1093 2760 1218 2795 Eusebii;
1234 2765 1296 2790 sunt
1308 2761 1378 2789 enim
1392 2760 1493 2789 lsodori
1507 2759 1662 2790 Pelusiotae,
1676 2762 1878 2795 utapparctrex

1093 2793 1340 2860 codéligvaticanis,
1357 2799 1411 2824 imo
1421 2804 1453 2824 ex
1471 2796 1568 2824 lsidori
1582 2795 1714 2826 editione,
1726 2794 1809 2830 epist.
1827 2793 1874 2821 lib.

1093 2840 1124 2860 11.
1194 2852 1202 2860 .
