2065 3216
308 209 362 236 9ὁῖ

648 209 779 236 EUSEBII
797 209 1034 237 CESARIENSIS
1053 209 1083 236 Ol

1148 209 1236 237 PARS
1251 210 1294 238 ιιι.
1314 225 1348 229 --
1369 209 1570 237 ΕΧΕΕΕΤΙΟΑ.
1585 208 1587 210 ’

1867 208 1918 234 948

306 274 371 294 rans
388 266 624 298 resurrectionem,
635 266 749 302 ideoque
761 267 838 299 ﬂens,
853 267 920 294 nihil
931 272 1083 295 tortuosum

1136 269 1184 303 τὴν
1192 268 1347 300 ἀνάστασιν,
1359 270 1405 295 καὶ
1418 268 1462 295 διὰ
1468 267 1547 294 τοῦτο
1560 267 1712 299 κλαίουσαν,
1725 265 1799 291 οὐδὲν
1808 265 1842 291 ἂν
1855 273 1918 290 σκο-

306 312 356 339 tihi
373 316 509 340 occurret.
526 312 599 338 omni
619 311 674 346 jam
697 312 867 340 dubitatione
883 321 914 340 ac
934 314 1085 348 quaestione

306 361 418 384 remota.
436 355 520 390 igitur
536 356 608 390 quod
623 364 685 384 sero
701 357 894 391 Sabbatorum,
915 359 996 385 sicuti
1013 364 1084 385 retro

304 402 477 433 tradidimus,
499 407 649 437 perpetrata
670 403 772 431 fuerint
790 412 821 431 ea
835 411 895 439 qua:
920 405 991 440 apud
1015 405 1084 432 Mat-

303 449 401 475 thteum
419 449 578 475 scribuntur
605 449 638 476 de
662 449 816 477 interventu
844 451 989 478 Mariarum
1017 452 1084 478 dua-

303 501 382 524 rum;
402 492 528 527 quodque
550 500 629 519 mane
644 501 695 520 una
713 493 892 521 Sabbatorum
915 495 975 521 aliae
995 494 1084 522 Marize

302 546 334 565 ea
354 547 414 573 quae
434 543 498 565 sunt
522 539 593 573 apud
618 538 750 566 Joannem
768 540 967 574 spectaverint;
993 541 1084 567 omnia

304 585 372 615 haec,
387 584 507 618 inquam,
523 592 586 611 vera
601 589 676 617 sunt,
701 586 831 619 nullaque
846 586 1027 620 repugnantia
1042 589 1084 612 est

304 630 345 656 vel
361 629 482 655 locorum
500 629 542 655 vel
558 633 709 664 temporum
725 630 766 656 vel
781 636 958 663 personarum
975 629 1016 656 vel
1033 628 1082 655 de-

304 677 386 709 nique.
397 675 572 702 narrationis.

340 721 366 748 7.
387 720 454 747 Nam
474 721 497 748 si
517 719 588 748 forte
601 720 767 755 Magdalenze
783 727 893 750 nomen,
919 719 993 755 quod
1010 719 1083 754 apud

304 771 452 801 utrumque
466 765 661 800 evangelistam
682 764 820 799 adjicitur,
836 766 998 792 sententiam
1017 771 1084 791 con-

302 813 413 845 turbat;
441 812 581 838 enimvero
605 811 677 837 haud
706 819 812 845 aaquum
827 816 869 839 est
883 811 1002 838 divinam
1020 817 1082 846 per-

304 858 412 886 misceri
423 858 593 892 Scripturam
606 857 688 884 unius
703 857 805 884 voculae
818 857 970 884 nominisve
986 865 1080 889 causa.

303 905 330 931 id
350 904 422 939 quod
439 911 509 938 saepe
525 902 623 929 accidit
639 910 732 929 errore
749 902 854 930 librarii
879 902 999 930 obtrudi.
1028 903 1083 930 Aut

1135 313 1190 340 λιὸν
1198 314 1391 349 ἀπαντήσεται,
1401 314 1490 348 πάσης
1501 312 1614 348 ἀπορίας
1622 312 1669 338 καὶ
1680 311 1818 346 ζητήσεως
1838 311 1917 336 ἐκπο-

1135 359 1186 385 δὼν
1197 359 1341 394 ἀρθείσης*
1353 360 1399 385 καὶ
1415 359 1463 392 ὀψὲ
1478 359 1525 393 μὲν
1542 357 1696 388 Σαϐϐάτων,
1712 356 1782 382 κατὰ
1799 355 1833 382 τὰ
1848 356 1916 382 ἀπο-

1134 405 1278 440 δεδομένα,
1296 404 1497 440 πεπραγμένων
1512 403 1566 430 τῶν
1582 404 1627 429 ἐπὶ
1651 402 1690 437 τῷ
1705 401 1836 436 Ματθαὶῳ
1853 409 1918 434 συγ-

1135 450 1335 485 γεγραμμένων
1345 450 1391 476 ὲπὶ
1405 449 1538 484 παρουσίᾳ
1548 447 1601 475 τῶν
1617 447 1662 474 δύο
1674 446 1797 482 Μαριῶν,
1814 446 1918 482 πρωῖας

1135 495 1162 521 δὲ
1170 497 1202 530 τῇ
1218 495 1267 530 μιᾷ
1278 494 1331 521 τῶν
1348 494 1492 520 Σαϐϐάτων
1508 494 1602 529 ἑτέρας
1610 493 1717 528 Μαρίας
1730 492 1780 523 τὰς
1795 492 1870 527 παρά
1881 491 1919 526 τῷ

1141 541 1249 576 Ἰωάννῃ
1279 540 1454 575 τεθεαμένας,
1475 539 1651 575 ἀληθεύεσθαί
1676 547 1705 564 τε
1731 539 1846 565 κάκεῖνα
1872 539 1918 564 καὶ

1134 578 1229 617 ταῦτα,
1245 585 1311 620 μηδὲ
1337 585 1489 618 ἀντιλογίαν
1503 584 1638 619 περιέχειν
1652 584 1713 614 τοὺς
1727 583 1836 614 τόπους,
1850 583 1919 618 μήτε

1134 631 1204 658 κατὰ
1213 631 1275 662 τοὺς
1283 631 1404 666 χρόνους,
1415 631 1484 666 μήτε
1496 630 1566 657 κατὰ
1578 630 1611 656 τὰ
1619 629 1761 665 πρόσωπα,
1773 630 1840 664 μήτε
1847 630 1919 656 κατὰ

1133 678 1197 708 τοὺς
1208 676 1312 710 λόγους.
1579 709 1586 716 .

1170 722 1202 754 ζ’.
1221 723 1252 749 Εἰ
1266 723 1293 749 δὲ
1308 722 1338 748 τὺ
1353 723 1401 758 τῆς
1415 723 1597 757 Μαγδαληνῆς
1613 722 1809 758 προσκείμενον
1826 723 1855 748 ὲν
1867 723 1920 757 ἀμ-

1136 769 1258 805 φοτέροις
1273 771 1328 801 τοῖς
1345 768 1550 803 εύαγγελισταίς
1570 768 1654 803 ὄνομα
1672 768 1720 803 τὴν
1737 767 1856 794 διάνοιαν
1869 777 1919 794 τα-

1139 815 1239 851 ράττει,
1254 815 1310 841 ἀλλ’
1325 815 1355 841 οὐ
1376 815 1506 850 προσήκει
1521 814 1570 849 τὴν
1589 814 1663 840 θείαν
1681 814 1789 848 συγχεῖν
1807 813 1920 848 Γραφὴν

1137 859 1233 892 λέξεως
1249 861 1313 895 μιᾶς
1335 860 1351 894 ἢ
1371 859 1500 894 ὀνόματος
1513 859 1616 890 ἕνεκεν,
1633 859 1647 885 ὅ
1663 858 1790 890 πολλάκις
1805 858 1921 893 συμϐαί-

1139 914 1178 932 νει
1193 905 1240 932 καὶ
1254 905 1323 931 κατὰ
1342 903 1474 940 γραφικὸν
1491 904 1666 940 προσκεῖσθαι
1683 904 1803 939 σφάλμα’
1828 904 1844 938 ἢ
1866 904 1920 939 γὰρ

303 950 375 976 enim
391 949 460 976 duas
474 948 522 975 bas
540 955 573 974 ex
589 955 641 974 una
659 948 725 974 urbe
749 955 796 975 seu
822 948 935 974 castello
961 947 1083 982 lilagdalo

1136 951 1181 978 δύο
1196 951 1243 978 καὶ
1264 950 1366 982 ταύτας
1381 951 1434 976 ἀπὸ
1452 950 1516 985 μιᾶς
1529 950 1631 981 πόλεως
1646 950 1662 985 ἢ
1682 950 1777 985 κώμης
1794 950 1850 984 (53)
1871 950 1921 984 τῆς

303 994 449 1022 advenisse
460 993 609 1027 putandum
625 996 687 1026 est;
710 997 756 1019 aut
773 993 897 1020 alterutri
920 1001 953 1020 ex
977 993 1019 1021 his
1045 999 1084 1021 te-

302 1047 376 1068 mere
390 1039 475 1067 fuisse
491 1039 625 1073 adjectum
643 1038 809 1073 Magdalenaa
823 1045 985 1073 cognomen,
999 1039 1084 1066 semel

303 1087 415 1114 librario
430 1085 475 1120 qui
491 1086 645 1120 antiquitus
672 1085 783 1120 scripsit
808 1085 836 1112 in
851 1093 972 1112 errorem
988 1086 1083 1120 lapso;

303 1132 374 1167 quod
390 1132 518 1166 deinceps
533 1126 660 1158 mendum
687 1131 874 1166 exscriptores
897 1131 994 1166 reliqui
1016 1131 1083 1158 reti-

302 1183 433 1205 nuerunt.
454 1177 481 1204 ld
507 1177 596 1212 ipsum.
626 1178 693 1204 alias
715 1184 823 1212 quoque
853 1177 986 1204 accidisse
1003 1177 1084 1211 paulo

302 1228 366 1258 post
389 1223 651 1251 demonstrabimus.
683 1222 783 1257 Nempe
807 1230 868 1249 cum
895 1223 922 1249 in
948 1223 1082 1257 ejusmodi

302 1270 384 1298 rebus
398 1278 412 1296 a
429 1269 563 1304 principio
576 1269 685 1304 quidem
697 1269 827 1296 dictatum
839 1273 914 1296 recte
928 1268 1021 1300 fuerit,
1036 1269 1083 1295 sed

303 1320 396 1351 postea
412 1315 536 1342 mendum
555 1315 716 1350 obrepseril,
729 1323 817 1350 neque
831 1319 921 1342 tamen
934 1322 1084 1342 amanuen-

303 1370 348 1390 ses
374 1363 516 1396 scriptura:
545 1362 722 1388 mutationem
748 1361 918 1396 agnoverint,
945 1361 1083 1388 nonnulla

302 1407 467 1441 qumstiones
477 1412 577 1433 exorta:
593 1409 666 1433 sunt.
683 1406 772 1440 Atque
784 1407 820 1432 ita
834 1407 906 1432 circa
919 1406 1083 1440 Magdalenze

303 1459 464 1486 cognomen,
494 1458 662 1485 supervacue
695 1452 741 1477 uni
772 1458 806 1478 ex
832 1450 924 1478 Mariis
948 1451 1080 1483 additum,

303 1497 451 1531 contigisse
467 1496 542 1523 dices
563 1505 570 1522 :
587 1503 641 1530 quo
666 1495 766 1526 ablato,
783 1495 888 1522 tollitur
902 1496 991 1523 omnis
1007 1503 1082 1530 quae-

303 1543 366 1573 stio,
384 1542 491 1568 nemine
514 1541 570 1575 jam
589 1540 616 1567 in
642 1541 685 1568 his
715 1541 783 1568 locis
802 1541 954 1569 dubitante.
971 1541 1041 1577 Ergo
1055 1545 1082 1569 et

303 1595 365 1616 sero
380 1587 571 1618 Sabbatorum.
593 1587 619 1614 id
641 1592 684 1615 est
705 1587 838 1622 profunda
854 1591 943 1620 nocte,
964 1595 1006 1619 ea,
1023 1595 1082 1622 quae

1135 996 1317 1031 Μαγδαληνῆς
1337 995 1472 1031 ὁρμᾶσθαι
1501 995 1626 1030 ἡγητέον
1648 995 1664 1030 ἢ
1683 996 1730 1021 ἐπὶ
1748 997 1812 1031 μιᾶς
1830 995 1921 1022 αὐτῶν

1135 1041 1312 1078 προσκεῖσθαι
1326 1042 1356 1067 τὸ
1367 1041 1417 1076 τῆς
1432 1040 1613 1075 Μαγδαληνῆς
1628 1040 1778 1075 ἐπώνυμον,
1789 1041 1864 1072 ἇπαξ
1873 1040 1920 1066 τοῦ

1134 1088 1262 1123 γραφέως
1280 1087 1349 1114 κατὰ
1366 1087 1415 1122 τὴν
1434 1086 1521 1121 ἀρχὴν
1536 1086 1691 1120 σφαλέντος,
1709 1087 1748 1112 ὅτι
1763 1086 1793 1118 ἐξ
1815 1086 1920 1112 ἐκείνου

1133 1133 1187 1159 τῶν
1206 1133 1263 1168 μετ’
1277 1132 1356 1159 αὑτὸν
1376 1131 1476 1167 πρώτῳ
1493 1132 1749 1167 ὲπηκολουθηκότων
1762 1132 1902 1168 σφάλματι
1912 1141 1919 1147 ·

1133 1178 1211 1205 τοῦτο
1227 1178 1255 1204 δὲ
1270 1178 1315 1204 καὶ
1329 1178 1370 1212 ἐφ’
1383 1177 1467 1213 ἑτέρῳ
1484 1177 1600 1212 συμϐὰν,
1615 1178 1728 1213 σμικρὸν
1737 1177 1850 1213 ὕστερον
1862 1179 1923 1204 ἑπι-

1133 1224 1271 1258 δείξωμενν
1289 1223 1348 1249 ἀλλ’
1363 1223 1457 1258 ὥσπερ
1471 1223 1517 1249 ἐπὶ
1535 1223 1661 1249 τοιούτων
1681 1223 1767 1258 ὀρθῶς
1783 1223 1855 1249 κατὰ
1870 1224 1921 1258 τὴν

1134 1269 1220 1305 ἀρχὴν
1232 1269 1417 1304 ιΒτι-ηγόρευίτο⁵
1432 1269 1501 1295 κατὰ
1514 1269 1624 1304 σφάλμα
1638 1269 1665 1295 δὲ
1680 1269 1733 1295 τῶν
1748 1270 1815 1304 μετὰ
1834 1269 1921 1296 ταῦτα

1135 1313 1172 1348 μὴ
1183 1313 1366 1348 ἀκριϐούντων
1381 1313 1430 1348 τὴν
1449 1313 1607 1349 μεταϐολὴν,
1625 1314 1780 1349 συμϐέϐηκέ
1796 1323 1856 1341 τινα
1870 1314 1902 1350 ζτε
1915 1330 1920 1335 -

1133 1359 1248 1390 τεῖσθαι,
1264 1359 1335 1385 οὕτω
1346 1360 1391 1386 καὶ
1405 1359 1450 1385 ἐπὶ
1464 1359 1509 1385 τοῦ
1523 1359 1666 1395 ἐπωνύμου
1676 1361 1725 1395 τῆς
1737 1360 1920 1396 Μαγδαληνῆς

1134 1403 1267 1439 περιττῶς
1278 1404 1324 1430 ἐπὶ
1341 1404 1404 1438 μιᾶς
1413 1404 1520 1439 Μαρίας
1530 1405 1656 1439 κειμένου
1671 1405 1757 1436 εἴποις
1768 1405 1800 1431 ἄν
1812 1407 1922 1439 γεγονέ-

1134 1458 1187 1476 ναι·
1209 1446 1239 1476 ob
1255 1449 1456 1485 ὑφαιρεθέντος,
1471 1450 1687 1485 περιγέγραπται
1703 1451 1778 1477 πᾶσα
1795 1451 1920 1486 ζήτησις,

1135 1494 1246 1529 μηδενὸς
1262 1495 1358 1530 μηκέτι
1368 1494 1438 1521 κατὰ
1454 1495 1516 1526 τοὺς
1527 1495 1626 1526 τόπους
1639 1496 1824 1531 ἀπορουμένου
1833 1505 1840 1511 ·
1854 1497 1922 1531 ἀλλὰ

1134 1541 1181 1566 καὶ
1195 1541 1243 1575 ὀψὲ
1264 1540 1419 1573 Σαϐϐἀτων,
1436 1540 1507 1568 τοῦτ’
1525 1541 1582 1567 ἔστι
1604 1541 1715 1576 βαθείας
1740 1543 1848 1574 νυκτὸς,
1866 1543 1922 1569 τῶν

1135 1586 1210 1621 παρὰ
1218 1585 1256 1620 τῷ
1271 1585 1403 1621 Ματθαίῳ
1412 1586 1611 1622 πεπραγμένων
1626 1586 1788 1622 ἑωραμένων
1805 1587 1858 1613 ὑπὸ
1871 1587 1923 1622 τῆς

302 1634 372 1668 apud
390 1633 543 1660 Matthasum
560 1621 718 1664 narrantur,
743 1633 800 1660 visa
815 1633 926 1660 fuerunt
941 1641 955 1659 a
973 1621 1081 1669 Magda-

1136 1631 1312 1667 Μαγδαληνῆς
1327 1632 1373 1658 καὶ
1388 1632 1439 1667 τῆς
1452 1632 1534 1667 ἄλλης
1550 1632 1674 1668 Μαρίας·
1689 1633 1736 1660 καὶ
1753 1634 1871 1668 πρωῖας,
1883 1621 1924 1660 ἔτι

303 1679 364 1706 lena
379 1682 460 1712 atque
476 1678 510 1705 ab
521 1678 574 1704 alia
586 1677 670 1705 Maria
688 1687 694 1703 :
713 1682 739 1705 et
755 1685 847 1709 mane,
862 1678 926 1705 dum
939 1678 1028 1706 adhuc
1041 1684 1082 1706 te~

303 1724 394 1750 nebm
409 1727 512 1752 essent.
533 1723 606 1750 venit
621 1723 674 1749 alia
690 1722 774 1749 Maria
790 1723 817 1750 in
832 1723 956 1750 eumdem
973 1724 1080 1757 locum;

301 1777 361 1804 quae
386 1769 472 1804 primo
490 1768 599 1804 quidem
616 1769 697 1795 anxia
713 1773 782 1801 erat,
800 1769 873 1796 haud
891 1769 1001 1796 invento
1019 1769 1082 1797 Ser-

301 1816 404 1842 vatoris
418 1823 547 1849 corpore;
561 1815 658 1843 deinde
673 1819 700 1842 et
719 1815 777 1850 ipsa
795 1815 941 1850 spectatrix
960 1815 1081 1849 ejusdem

302 1861 364 1889 fuit.
384 1861 561 1890 Laudabilius
579 1867 669 1890 tamen
682 1862 736 1894 flet,
753 1863 819 1890 sine
834 1863 960 1889 mendum
974 1862 1083 1897 quidem

302 1908 330 1934 in
346 1908 388 1934 his
404 1908 471 1934 locis
488 1916 549 1935 esse
561 1909 748 1939 causabimur,
765 1907 887 1943 duasque
900 1908 990 1944 potius
1008 1909 1083 1943 Mag-

302 1953 414 1980 dalenas
428 1954 610 1986 censebimus,
622 1953 703 1981 sicuti
717 1954 773 1989 jam
783 1958 900 1988 quatuor
914 1954 1084 1982 demonstra-

301 2000 392 2026 vimus
408 1999 492 2027 l'uisse
506 1999 615 2027 Marias.
636 2000 716 2028 Certe
737 2001 812 2027 nulla
829 2000 985 2028 absurditas
998 2006 1082 2033 vetat,

302 2045 450 2079 quominus
467 2046 536 2072 duas
553 2046 652 2073 Marias
669 2047 703 2074 ab
716 2047 811 2074 eodem
828 2047 941 2074 castello
960 2047 1084 2082 Magdalo

302 2091 411 2118 venisse
426 2091 551 2120 dicamus
570 2102 577 2119 :
593 2100 708 2127 prorsus
722 2097 748 2120 et
764 2093 838 2120 nulla
849 2093 905 2127 jam
919 2094 1084 2129 perplexitas

304 2135 483 2170 relinquatur.
498 2136 544 2163 sed
556 2137 639 2164 altera
653 2138 688 2165 sit
702 2137 747 2164 illa
761 2146 821 2172 quae
830 2145 892 2165 sero
903 2137 1084 2166 Sabbatorum

303 2181 375 2216 apud
390 2181 556 2215 Matthazum,
583 2183 668 2211 altera
690 2191 786 2211 rursus
802 2187 829 2210 et
845 2184 903 2218 ipsa
928 2184 1084 2220 Magdalena

304 2234 365 2262 quae
378 2228 450 2262 apud
462 2227 594 2256 Joannem
609 2237 688 2257 mane
697 2229 730 2256 ad
746 2234 951 2256 monumentum
962 2231 1082 2258 accedit:

306 2279 387 2306 quam
419 2276 583 2307 postremam
603 2274 733 2301 credibile
762 2274 798 2301 sit
821 2282 837 2300 a
860 2273 951 2302 Marco
978 2282 1086 2310 quoque

305 2319 452 2346 memorari
468 2319 618 2346 secundum
634 2320 738 2354 aliquot
763 2319 958 2354 exemplarium
985 2319 1082 2354 ﬁdem;

302 2365 337 2392 de
347 2372 401 2399 qua
415 2365 542 2391 nimirum
563 2370 664 2399 septem
681 2364 789 2392 fuerant
810 2365 941 2392 daemonia
962 2366 1048 2400 ejecta
1075 2375 1083 2394 :

302 2415 385 2445 atque
401 2411 458 2437 haec
476 2410 583 2438 videtur
599 2411 642 2437 cui
667 2411 769 2438 dictum
791 2410 874 2438 fuerit
894 2410 958 2438 Noli
973 2419 1012 2438 me
1025 2417 1085 2438 lan-

301 2463 372 2489 gere,
384 2463 437 2482 non
453 2455 498 2482 illa
511 2463 571 2490 quae
588 2455 658 2490 apud
674 2455 828 2483 Matthmum
847 2466 852 2482 :
870 2463 932 2482 nam
944 2457 994 2484 etsi
1016 2456 1085 2483 forte

301 2505 328 2526 et
343 2501 401 2535 ipsa
418 2508 432 2527 a
446 2500 570 2536 Magdalo
584 2501 699 2528 oriunda
724 2506 792 2533 erat.
818 2501 890 2528 haud
906 2505 996 2529 tamen
1010 2509 1085 2529 eam-

302 2545 362 2572 dem
384 2547 442 2582 pari
458 2547 565 2574 macula
579 2547 699 2582 aspergit
715 2547 807 2574 divina
827 2547 977 2582 Scriptura.

669 2613 713 2642 ill.

299 2669 438 2702 Quomodo
457 2678 514 2703 qua:
534 2671 675 2697 secundum
694 2670 849 2697 Matt/imum
874 2679 931 2697 sero
953 2669 1083 2697 Sabbato-

336 2711 395 2740 runt
414 2703 573 2738 Magdalena
593 2714 651 2732 cum
673 2706 758 2732 altera
777 2705 867 2732 Maria
887 2706 970 2740 tetigit
989 2705 1083 2732 Serva—

335 2739 399 2764 toria
413 2740 500 2772 pedes,
520 2741 609 2767 eadem
631 2749 706 2768 mane
730 2749 783 2767 una
808 2740 919 2767 δαινύαιί
938 2741 1082 2767 secundum

334 2772 462 2801 Joannem
481 2776 580 2802 audivit
597 2785 606 2801 4
627 2775 692 2802 Noli
709 2784 748 2803 me
763 2781 877 2811 tangere.
896 2785 904 2802 ι

337 2850 362 2876 1.
386 2850 413 2877 Si
440 2852 547 2886 quidem
566 2861 619 2879 una
639 2853 788 2888 cadentique
812 2853 896 2880 Maria
924 2856 996 2880 esset
1011 2852 1082 2887 apud

1137 1676 1244 1708 σκοτίας
1252 1675 1344 1712 οὓσης,
1356 1676 1450 1712 ἑτέρας
1463 1677 1570 1713 Μαρίας
1581 1678 1748 1713 ἀφικομένης
1758 1679 1804 1704 ἐπὶ
1815 1679 1863 1705 τὸν
1874 1680 1924 1705 αὺ-

1135 1723 1180 1749 τὸν
1197 1723 1295 1749 τόπον·
1311 1723 1359 1749 καὶ
1378 1723 1508 1759 πρότερον
1529 1724 1577 1759 μὲν
1600 1725 1755 1760 ἀπορούσης
1772 1726 1820 1751 ἐπὶ
1835 1725 1868 1752 τὸ
1886 1725 1924 1760 μὴ

1136 1769 1225 1803 εὑρεῖν
1239 1768 1270 1794 τὸ
1286 1768 1365 1803 σῶμα
1378 1768 1424 1794 τοῦ
1442 1769 1575 1804 Σωτῆροςο
1592 1769 1703 1805 ὕστερον
1722 1771 1751 1797 δὲ
1770 1770 1818 1797 καὶ
1839 1771 1926 1806 αὐτῆς

1137 1813 1323 1850 αὑτοπτούσης
1338 1815 1428 1841 αὐτόν’
1446 1815 1552 1841 κάλλιον
1565 1815 1593 1841 δὲ
1606 1815 1637 1841 τὸ
1651 1816 1688 1851 μὴ
1702 1816 1730 1842 δὲ
1748 1816 1864 1852 σφάλμα
1880 1818 1924 1843 αι-

1136 1859 1279 1886 τιάσασϐαι
1296 1859 1364 1886 κατὰ
1379 1859 1441 1891 τοὺς
1454 1859 1554 1892 τόπους
1564 1879 1571 1892 ,
1585 1859 1632 1886 δύο
1645 1860 1673 1886 δὲ
1691 1859 1800 1896 ἀληθῶς
1813 1861 1927 1895 γεγονέ-

1138 1914 1182 1932 ναι
1192 1906 1241 1937 τὰς
1258 1905 1438 1940 Μαγδαληνὰς
1459 1906 1581 1939 φάσκειν,
1597 1905 1634 1937 ὼς
1651 1906 1698 1932 καὶ
1714 1906 1851 1941 τέτταρας
1871 1907 1925 1933 ἀπ-

1138 1950 1277 1984 εδείξαμεν
1286 1949 1334 1981 τὰς
1345 1949 1460 1985 Μαρίας
1472 1946 1509 1976 ὧν
1518 1949 1592 1976 οὐδὲν
1602 1950 1699 1977 ἄτοπον
1709 1950 1762 1976 ἀπὸ
1775 1951 1827 1985 τῆς
1839 1951 1927 1986 αὐτῆς

1139 1994 1316 2030 Μαγδαληνῆς
1331 1994 1378 2020 δύο
1393 1995 1501 2030 Μαρίας
1514 1995 1649 2030 ὁρμᾶσθαι
1670 1995 1770 2029 λέγειν,
1793 1996 1878 2031 μηδέν
1895 2005 1926 2022 τε

1139 2040 1229 2066 λοιπὸν
1244 2040 1365 2075 ἀπορεῖν,
1382 2039 1437 2066 ἀλλ’
1448 2040 1542 2075 ἑτέραν
1555 2041 1603 2076 μὲν
1613 2038 1681 2066 εἶναι
1693 2040 1743 2075 τὴν
1758 2040 1808 2075 ὀψὲ
1820 2041 1927 2068 Μεδά-

1138 2095 1192 2112 των
1210 2085 1284 2121 παρὰ
1300 2085 1338 2121 τῷ
1352 2085 1482 2120 Ματθαίῳ
1497 2085 1686 2122 Μαγδαληνὴν,
1699 2086 1796 2122 ἑτέραν
1806 2087 1835 2112 δὲ
1848 2085 1927 2118 αὖθις

1139 2130 1187 2157 καὶ
1201 2131 1284 2166 αὐτὴν
1295 2131 1473 2166 Μαγδαληνὴν
1490 2131 1538 2166 τὴν
1551 2131 1626 2166 παρὰ
1638 2131 1676 2166 τῷ
1693 2131 1805 2168 Ἰωάννῃ
1817 2133 1927 2166 πρωῖας

1140 2176 1186 2202 ἐπὶ
1199 2176 1229 2202 τὸ
1244 2178 1372 2212 μνημεῖον
1389 2177 1518 2204 ἐλθοῦσαν
1528 2185 1535 2192 ·
1555 2177 1656 2212 ταύτην
1671 2177 1699 2203 δὲ
1715 2175 1785 2204 εἶναι
1805 2178 1858 2214 τὴν
1880 2179 1927 2205 καὶ

1140 2223 1216 2258 παρὰ
1224 2222 1263 2258 τῷ
1274 2223 1379 2259 Μάρκῳ
1387 2223 1563 2258 δηλουμένην.
1577 2223 1647 2250 κατά
1658 2232 1716 2250 τινα
1727 2223 1782 2250 τῶν
1795 2225 1927 2260 ἀντιγρά-

1140 2277 1217 2303 φων,
1234 2266 1327 2303 ἀφ’ἧς
1343 2267 1501 2303 ἐκϐεϐλήκει
1525 2267 1594 2294 ἑπτὰ
1617 2268 1755 2303 δαιμόνια’
1781 2269 1830 2295 καὶ
1863 2268 1928 2295 ταύο

1138 2322 1186 2349 την
1200 2315 1272 2346 εἰκὸς
1288 2312 1416 2349 εἶναιτὴν
1430 2314 1584 2341 ἀκούσασαν
1598 2314 1646 2347 Μή
1664 2323 1723 2348 μου
1743 2314 1855 2346 ἅπτου,
1870 2315 1927 2342 ἀλλ’

1137 2361 1167 2386 οὺ
1182 2361 1230 2396 τὴν
1243 2360 1318 2395 παρὰ
1333 2360 1371 2394 τῷ
1386 2359 1524 2395 Ματθαίῳι
1540 2361 1564 2386 εἰ
1578 2361 1631 2396 γὰρ
1643 2361 1690 2387 καὶ
1701 2360 1735 2387 τὰ
1746 2360 1868 2395 μάλιστα
1880 2362 1927 2387 κά-

1139 2407 1213 2441 κείνη
1229 2406 1281 2432 απὸ
1296 2406 1344 2440 τῆς
1357 2406 1535 2441 Μαγδαληνῆς
1550 2406 1670 2441 ὡρμᾶτο,
1681 2406 1739 2433 ἀλλ’
1755 2407 1787 2434 οὐ
1801 2406 1838 2434 τὰ
1847 2407 1927 2443 ὃμοια

1140 2453 1185 2479 καὶ
1198 2453 1281 2488 αὐτῆς
1295 2453 1311 2488 ἡ
1327 2452 1386 2479 θεία
1406 2454 1552 2488 κατηγορεῖ
1563 2453 1657 2489 Γραφή

1138 2667 1204 2700 Πῶς
1223 2667 1297 2694 κατὰ
1312 2666 1365 2693 τὸν
1375 2666 1524 2702 Ματθᾳῖον
1536 2666 1593 2700 ὀψὲ
1610 2666 1767 2693 Σαεσάτων
1775 2666 1796 2699 ἡ
1809 2666 1927 2702 MM?-

1173 2705 1252 2742 Jnra
1269 2702 1344 2742 μετᾲ
1360 2701 1437 2742 ,ῖῆς.
1448 2701 1546 2742 ἄλλης
1564 2703 1678 2742 Μαρίας
1701 2701 1927 2742 άὶίθαέιένηέτιῖῖ

1172 2736 1274 2764 ποδῶν
1288 2737 1340 2763 τοῦ
1356 2736 1500 2771 Σωτῆρος,
1521 2737 1539 2770 ἡ
1563 2736 1638 2769 αὑτὴ
1656 2737 1730 2768 πρωῒ
1743 2736 1782 2770 τῇ
1802 2736 1858 2771 μιᾷ
1874 2737 1927 2763 τοῦ

1171 2772 1326 2800 Σαϐϐάτου
1338 2772 1440 2799 ἀκούει
1459 2781 1467 2797 ι
1483 2771 1531 2805 Μή
1550 2780 1609 2806 μου
1632 2771 1728 2798 ἅπτου
1750 2782 1758 2798 ι
1773 2772 1852 2799 κατὰ
1874 2772 1927 2798 ινὼ⁹

1179 2807 1326 2840 Ἰωάννην.

1172 2852 1206 2878 α’.
1226 2853 1257 2879 Et
1275 2853 1324 2887 μὲν
1334 2850 1379 2878 οὖν
1397 2852 1445 2887 μία
1458 2851 1505 2878 καὶ
1519 2852 1535 2887 ἡ
1548 2851 1616 2886 αὑτὴ
1633 2851 1674 2886 εἴη
1689 2852 1784 2888 Μαρία
1795 2851 1861 2889 παρ’
1871 2852 1924 2886 ἁμ-

335 2927 389 2963 (55)
410 2927 544 2956 Eusebius
563 2935 590 2957 et
607 2928 789 2966 Hieronymus
801 2931 840 2960 Dc
855 2931 905 2959 loc.
923 2931 1018 2966 Helm,
1037 2932 1080 2959 Ma

1136 2930 1165 2957 λὰ
1183 2930 1268 2965 φυλῆς
1288 2929 1381 2963 Ἰούδα,
1396 2928 1524 2964 Magdala
1541 2930 1566 2956 in
1582 2929 1651 2956 tribu
1663 2927 1747 2956 Juda.
