2065 3216
187 177 194 182 ’
210 185 262 213 θιο

507 185 739 219 QUIESTIONES
756 186 993 214 EVANGICLICJE.
1013 201 1047 206 —-
1065 186 1228 220 QUESTIO
1246 188 1280 214 ιιι
1300 187 1345 214 AD
1365 177 1548 214 BIARINUMN

1777 188 1828 215 950

210 242 335 278 φοτέροις
350 243 405 274 τοῖς
420 242 634 276 εὐαγγελισταῖς,
649 243 760 278 λέξομεν
772 244 840 278 ὅτιὴ
857 243 924 279 αὑτὴ
935 244 998 270 πολ-

1051 249 1195 279 utrumque
1213 244 1419 279 evangelistam,
1445 243 1590 270 dicendum
1617 243 1688 271 {oret
1706 245 1828 272 eamdem

210 287 289 319 λάκις
305 287 350 314 ἐπὶ
360 288 404 314 τὸν
421 288 500 314 αὑτὸν
510 288 616 323 ἀπήντα
628 288 720 320 τόπον,
742 288 833 324 ἐπειδὴ
847 286 935 316 εἷλκεν
947 290 996 315 αὺ-

209 333 260 368 τὴν
273 334 289 368 ή
304 333 434 368 ἔκπληξις
447 332 492 359 τοῦ
511 333 672 368 πράγματος
683 334 728 360 καὶ
742 335 759 369 ἡ
771 334 817 360 ἐπὶ
829 334 869 369 τῷ
877 334 996 368 γεγονότι

210 378 298 414 χαρά·
315 378 409 414 πρώτη
428 378 516 405 τοίνυν
533 379 711 414 ἀπαντήσασα
725 380 770 406 καὶ
791 379 886 416 πρώτη
902 379 995 407 τεθεα-

213 425 282 460 μένη
295 424 329 451 τὰ
340 424 415 460 παρὰ
427 424 466 459 τῷ
491 424 610 460 Ἰωάννῃ,
626 425 816 460 ἐσπευσμένως
829 424 910 461 ἀπῄει
929 426 996 461 πρὸς

211 471 276 502 τοὺς
291 470 455 501 ἀποστόλους
464 470 495 496 τὸ
509 470 627 506 πρῶτον,
638 471 688 507 τὴν
703 471 750 498 τοῦ
769 472 908 508 μνήματος
924 472 997 499 ἀνοι-

213 516 255 549 ξιν
266 516 480 550 ἀπαγγέλλουσαι
491 514 539 543 εἷθ’
552 516 610 552 ἃμα
624 517 673 553 τὴν
681 517 827 544 ἀνάστασιν
837 517 996 553 τεθεαμένη,

213 562 354 596 ἐδυσφόρει
375 562 523 588 ὑπονοοῦσα
539 560 621 598 ἦρθαι
636 563 667 589 τὸ
680 563 759 598 σῶμα
780 563 826 590 τοῦ
846 563 931 598 Ἰησοῦ
945 564 997 590 ἀπὸ

211 607 261 634 τοῦ
278 610 425 643 μνήματος,
445 608 481 644 μὴ
495 608 594 635 ειδέναι
615 617 646 635 τε
663 609 728 636 ὅπου
745 610 857 636 τέθειτο·
877 607 924 635 εἴτ’
951 610 998 636 ἐπ-

214 653 291 689 ανῄει
304 652 428 689 δεύτερον
449 654 495 680 σὺν
516 654 606 685 αὐτοῖς
626 655 671 681 ἐπὶ
687 655 718 680 τὸ
735 656 839 690 μνῆμα·
854 655 890 686 ὼς
908 655 929 682 δ’
950 655 999 681 ἐπ-

214 700 346 735 έστρεφον
353 700 443 726 οἴκαδε
450 701 557 732 ἐκεῖνοι,
569 700 636 736 μόνη
643 701 722 728 πάλιν
728 701 919 733 ἀπολειφθεῖσα
927 703 954 728 ἐν
960 701 999 737 τῷ

214 745 300 781 τόπῳ,
312 746 419 773 ἔκλαιεν
438 747 546 774 ἑστῶσα
557 756 564 762 ·
579 745 637 774 εἶτα
650 747 697 774 τοῦ
718 750 855 784 μνήματος
869 748 934 775 εἴσω
943 749 999 775 δια-

215 791 334 823 κύψασα,
347 793 410 823 τοὺς
425 793 471 819 δύο
482 793 611 827 ἀγγέλους
619 793 739 828 ἐθεώρει·
752 794 845 820 ἒπειτα
856 795 902 821 καὶ
919 795 1000 821 αὐτὸν

214 838 266 872 ὁρᾷ
282 838 328 864 τὸν
342 838 469 873 Σωτῆρα·
487 839 526 871 ὃς,
545 839 637 874 ἐπειδὴ
652 838 781 866 κλαίουσα
803 841 937 875 εἱστήκει,
958 841 1001 867 ἀν-

215 883 359 918 θρωπίνως
370 883 398 910 δὲ
409 884 455 910 καὶ
468 884 612 917 ταπεινῶς,
625 885 662 916 ὡς
671 885 703 911 ἂν
714 885 861 917 κλαπέντος
877 885 1000 920 σώματος

216 928 309 961 αὑτοῦ,
330 929 487 965 διακειμένη
498 950 505 962 ,
522 930 618 964 ἀνάξια
633 939 662 957 τε
678 932 742 966 περὶ
755 930 835 957 αὐτοῦ
854 931 999 966 φρονοῦσα,

217 974 324 1008 πρῶτον
348 974 396 1009 μὲν
421 975 504 1010 αὐτὴν
525 976 642 1009 γυναῖκα
659 975 805 1011 ὀνομάζει,
829 976 1000 1012 ἐπιπλήττων

216 1018 286 1055 αὐτῇ
299 1020 345 1046 καὶ
357 1019 492 1052 ὀνειδίζων
512 1020 542 1046 τὸ
561 1023 713 1054 γυναικεῖον
732 1021 829 1052 πάθος·
845 1021 885 1048 διό
909 1030 999 1056 φησιν,

216 1065 315 1099 γύναι,
329 1065 357 1092 τί
377 1066 507 1098 κλαίεις;
521 1063 580 1092 εἷτά
594 1075 674 1102 φησιν
693 1067 760 1103 πρὸς
773 1068 866 1102 αὑτήν⁶
885 1067 980 1101 Μαρία
993 1076 1000 1083 ’

216 1109 262 1136 διὰ
277 1109 324 1136 τοῦ
339 1110 468 1145 ὀνόματος
485 1110 568 1146 αὐτὴν
589 1112 688 1147 ἑαυτῆς
709 1112 922 1148 ὑπομιμνήσκων
935 1132 941 1144 ,
956 1113 1002 1139 καὶ

216 1154 271 1181 τῦν
287 1155 368 1181 πάλαι
386 1155 453 1190 πρὸς
466 1156 549 1191 αὑτήν
565 1157 659 1187 τεκαὶ
676 1158 738 1189 τοὺς
758 1157 865 1189 λοιποὺς
880 1157 1001 1193 μαθητὰς

218 1199 284 1235 περὶ
298 1200 347 1234 τῆς
362 1200 533 1233 ἀναστάσεως
544 1201 623 1228 αὑτοῦ
636 1202 729 1236 λόγων·
745 1203 761 1238 ἡ
774 1203 796 1229 δ’
809 1204 849 1234 είς
860 1203 1003 1240 συναίσθη-

220 1253 262 1271 σιν
274 1245 396 1278 ἐλθοῦσα,
409 1246 457 1272 καὶ·
468 1246 495 1272 τί
514 1255 577 1274 ποτε
588 1245 621 1283 ἦν
637 1249 689 1274 ἀπὸ
710 1249 760 1282 τῆς
780 1249 869 1284 φωνῆς
890 1249 936 1276 καὶ
954 1250 1002 1285 τῆς

216 1290 265 1317 τοῦ
276 1290 353 1325 λόγου
370 1291 508 1327 δυνάμεως
531 1293 686 1327 ἐπιγνοῦσα,
707 1287 860 1321 Ῥαϐϐὸυνί
871 1303 968 1330 φησιν,
988 1295 1002 1322 ὃ

220 1336 451 1373 μεθερμηνεύεται
463 1338 637 1368 διδάσκαλε.

257 1473 293 1509 β’.
309 1471 366 1501 Εἶτ’
381 1474 472 1510 ἐπειδὴ
487 1474 523 1506 ὡς
538 1475 688 1511 διδασκάλῳ
705 1476 779 1511 αὐτῷ
793 1476 832 1503 ἔτι
850 1477 896 1504 καὶ
907 1478 955 1512 οὐχ
965 1478 1002 1509 ὼς

217 1518 277 1554 Θεῷ
288 1519 425 1554 προσιέναι
436 1521 547 1556 ὡρμᾶτο
555 1540 562 1552 ,
573 1521 708 1547 ἀναίνεται
719 1522 942 1557 καὶλπαραιτείται
955 1522 1003 1549 αὐ-

217 1563 292 1599 τὴν,.
302 1563 347 1597 Μή
359 1573 419 1598 μου
434 1564 542 1591 ἅπτου”
557 1564 641 1600 θνητά
653 1564 708 1599 γὰρ
719 1564 765 1592 ἔτι,
775 1565 909 1601 φρονοῦσα
920 1586 927 1597 ,
952 1565 1001 1600 οὐχ

218 1609 262 1635 οἶα
277 1617 306 1635 τε
319 1607 353 1644 ἦν
369 1611 417 1645 τῆς
431 1609 512 1637 αὑτοῦ
530 1610 655 1645 θεότητος
668 1610 753 1644 θίγειν
763 1619 769 1626 ·
787 1611 847 1638 ούδέ
864 1611 917 1646 γὰρ
929 1610 1002 1644 ἄξιον

217 1652 254 1690 ἦν
262 1655 312 1691 τὴν
326 1655 366 1682 ἐτι
376 1656 521 1683 κλαίουσαν
531 1676 539 1689 ,
554 1657 602 1683 καὶ
612 1656 760 1692 κάτωιπερὶ
771 1657 806 1684 τὰ
818 1658 946 1692 μνήματα
957 1657 1003 1684 καὶ

218 1699 320 1734 τάφους
338 1698 381 1727 οἷα
397 1700 493 1737 νεκρὸν
511 1700 643 1736 ζητοῦσαν
659 1701 738 1728 αὑτὸν
748 1721 755 1734 ,
779 1702 893 1728 ταπεινά
909 1710 938 1728 τε
957 1702 1003 1728 καὶ

218 1745 375 1781 ἀνθρώπινα
385 1747 449 1782 περὶ
459 1746 542 1773 αὐτοῦ
554 1746 715 1780 δοξάζουσαν
725 1768 732 1780 ,
741 1747 791 1782 τῆς
802 1748 909 1783 ἐπαφῆς
920 1747 1002 1774 αὑτοῦ

219 1793 371 1818 κοινωνεῖν·
393 1792 433 1818 διὸ
450 1792 500 1828 τὴν
521 1792 610 1819 αίτίαν
628 1792 799 1827 ἀπήλεγχεν,
819 1794 856 1829 μὴ
879 1794 934 1829 γὰρ
956 1795 1003 1820 ἀν-

218 1837 376 1873 εληλυθέναι
391 1838 467 1865 οὔπω
483 1839 573 1874 φησὶν,
587 1839 648 1865 ὅσον
662 1839 692 1865 τὸ
703 1839 746 1865 ἐπ’
762 1839 856 1875 αὐτὴν,
874 1841 942 1876 πρὸς
957 1840 1003 1867 τὸν

219 1884 344 1920 Πατέρα,
359 1885 420 1911 ἐπεὶ
437 1884 474 1920 μὴ
488 1885 558 1911 τοῦτ’
569 1885 727 1913 ἐπίστευσεν
737 1886 893 1920 γεγονέναι,
909 1887 1003 1922 νεκρὸν

217 1929 248 1956 δέ
272 1939 322 1958 που
345 1931 449 1958 κεῖσθαι
465 1931 545 1958 αὐτὸν
566 1930 651 1967 ᾤετο*
670 1931 709 1958 διό
726 1941 806 1968 φησιν
825 1933 892 1968 πρὸς
909 1934 1002 1969 αὐτήν*

218 1977 267 2011 Μή
280 1985 339 2011 μου
356 1977 451 2005 ἅπτου
462 1999 468 2010 ,
490 1978 601 2013 τοιαύτη
614 1987 654 2009 τις
669 1976 736 2005 οὖσα
753 1979 799 2005 καὶ
810 1979 921 2005 τοιαῦτα
941 1980 1004 2014 περὶ

219 2022 291 2057 ἐμοῦ.
307 2022 482 2058 λογιζομένη·
500 2023 541 2049 σοὶ
563 2024 617 2059 γὰρ
634 2023 699 2055 θεὸς
713 2023 788 2050 οὔπω
803 2024 1002 2060 πεπίστευμαι·

219 2068 262 2094 σοὶ
275 2067 314 2094 ἔτι
334 2068 409 2095 κάτω
428 2066 495 2095 εῐναι
510 2069 666 2104 λελόγισμαι
678 2077 685 2085 ³
707 2069 776 2097 οὕτω
796 2070 846 2105 τὴν
860 2069 1004 2097 κλαίουσαν

219 2114 267 2141 καὶ
286 2114 399 2147 δόξασαν
413 2115 493 2141 αὑτὸν
508 2113 576 2142 εἶναι
592 2115 638 2141 τὸν
650 2116 800 2151 κηπουρὸν,
826 2115 869 2143 διὰ
893 2116 941 2151 μὲν
956 2116 1003 2143 τοῦ

219 2158 267 2193 Μή
278 2168 337 2194 μου
348 2159 442 2187 ἅπτου
453 2160 620 2196 ἀπέστρεφεν
633 2161 803 2196 ἐπιπλήττων
814 2162 880 2197 αὐτῇ
891 2170 897 2177 ·
909 2161 945 2194 ὼς
958 2163 1004 2189 καὶ

218 2205 264 2233 διὰ
277 2205 324 2232 τοῦ
336 2207 452 2240 ¹γυναῖκα
466 2206 567 2239 καλεῖν,
576 2206 623 2233 καὶ
638 2206 682 2233 διὰ
691 2206 737 2233 τοῦ
751 2207 850 2242 λέγειν,
870 2207 900 2234 Τί
916 2207 1002 2234 κλαι-

1046 297 1117 324 szepe
1128 290 1157 317 in
1171 289 1296 317 eumdem
1312 290 1402 318 locum
1422 289 1542 322 venisse,
1555 296 1638 324 quam
1661 289 1767 317 scilicet
1789 293 1830 318 at-

1047 335 1172 362 trabebat
1184 335 1330 363 admiratio
1340 337 1380 363 rei
1396 340 1478 370 gestae,
1491 338 1517 363 et
1528 342 1675 363 successus
1688 335 1828 371 gaudium.

1046 381 1136 409 Prima
1151 381 1233 417 igitur
1247 382 1312 410 illuc
1328 381 1461 417 profecta,
1478 381 1621 416 primaque
1636 388 1739 413 rerum,
1761 388 1831 416 quas

1046 426 1165 454 Joannes
1188 430 1293 460 narrat,
1311 426 1472 461 spectatrix,
1498 426 1660 454 festinanter
1676 425 1831 467 redibagad

1047 472 1203 507 apostolos;
1226 472 1360 507 principio
1389 471 1498 506 quidem
1524 471 1646 506 sepulcri
1664 471 1831 505 apertionem

1047 517 1178 546 nuntians
1195 527 1201 545 :
1218 517 1327 550 deinde,
1339 524 1495 552 quanquam
1509 516 1740 544 resurrectionem
1756 516 1832 542 vide-

1050 568 1104 597 rat,
1120 564 1272 599 angebatur
1289 563 1468 591 nihilominus
1483 563 1640 598 suspicione
1656 570 1691 589 ne
1705 561 1767 597 quis
1784 569 1833 596 po.

1051 610 1106 637 tius
1118 609 1183 638 Jesu
1204 617 1304 645 corpus
1331 617 1347 637 e
1370 613 1547 637 monumento
1570 608 1740 640 abstulisset,
1758 607 1832 642 quod

1051 655 1189 682 nesciebat
1206 662 1325 690 quonam
1342 657 1414 682 esset
1433 654 1607 682 translatum.
1626 653 1695 680 Exin
1711 652 1832 680 secundo

1050 700 1106 728 ibat
1119 708 1181 727 cum
1198 701 1330 735 apostolis
1349 700 1384 727 ad
1403 703 1622 728 monumentum.
1638 699 1788 734 Postquam
1805 699 1832 726 hi

1049 745 1161 773 domum
1185 745 1288 773 reversi
1312 749 1388 777 sunt,
1412 745 1470 772 sola
1486 753 1583 773 rursus
1597 745 1623 772 in
1648 745 1709 772 loco
1726 744 1830 776 relicta,

1049 789 1117 818 tiens
1135 789 1172 817 ibi
1188 790 1366 818 subsistebat.
1381 789 1484 817 Deinde
1508 790 1536 817 in
1557 793 1764 817 monumentum
1795 788 1834 815 in«

1051 836 1214 871 trospiciens
1240 835 1310 863 duos
1334 836 1446 871 angelos
1471 835 1540 863 vidit
1568 845 1575 863 :

1051 882 1139 909 oculis
1165 882 1225 916 ejus
1249 881 1370 909 oblatum
1387 881 1562 910 Servatorem
1584 891 1590 908 2

1602 836 1720 870 denique
1744 835 1833 869 ipsum

1616 889 1698 916 quam
1716 881 1753 908 ibi
1771 888 1834 908 cum

1017 921 1038 949 Β
1051 928 1117 955 iletu
1135 927 1293 959 hmrentem,
1317 933 1344 955 et
1367 935 1400 955 ex
1426 928 1553 954 humana:
1567 927 1736 954 inlirmitatis
1752 931 1834 963 atque

1052 973 1216 1000 humilitatis
1233 973 1365 1001 instinctu
1380 973 1451 1001 furto
1471 974 1592 1000 ablatum
1608 981 1708 1007 corpus
1721 973 1835 1000 creden‘

1051 1024 1116 1052 tem,
1130 1024 1210 1054 atque
1226 1019 1338 1055 indigna
1350 1019 1383 1046 de
1393 1019 1453 1054 ipso
1469 1019 1641 1051 sentientem,
1655 1018 1735 1046 Jesus
1746 1019 1834 1054 primo

1051 1066 1195 1093 mulierem
1211 1066 1337 1101 appellat,
1352 1066 1498 1101 increpans
1514 1069 1595 1100 atque
1612 1065 1782 1101 exprobrans
1796 1063 1835 1091 fc-

1053 1112 1170 1139 mineam
1196 1112 1282 1139 anitni
1305 1112 1494 1147 aegritudinem
1515 1120 1523 1139 2
1551 1111 1623 1138 unde
1649 1111 1697 1142 ait,
1728 1109 1833 1141 mulier,

1052 1157 1114 1192 quid
1126 1157 1236 1192 ploras?
1249 1157 1351 1185 Deinde
1367 1158 1451 1189 addit,
1469 1156 1576 1189 Maria;
1605 1160 1633 1183 ut
1658 1156 1704 1182 illa
1726 1155 1836 1182 nomine

1053 1203 1191 1230 admonita
1206 1203 1240 1229 ad
1254 1207 1374 1230 mentem
1396 1206 1584 1234 revocaretur,
1612 1205 1694 1235 atque
1711 1206 1740 1228 ut
1765 1201 1836 1227 anti-

1053 1255 1167 1283 quarum
1180 1248 1358 1283 sponsionum
1371 1252 1428 1275 tum
1441 1248 1495 1283 ipsi
1509 1252 1566 1275 tum
1583 1247 1697 1282 reliquis
1714 1246 1836 1282 discipu-

1053 1295 1088 1322 lis
1104 1293 1138 1321 de
1163 1294 1265 1322 Christi
1292 1293 1494 1321 resurrectione
1520 1292 1657 1320 factarum
1677 1292 1837 1319 recordare-

1052 1345 1108 1368 tur.
1125 1341 1172 1367 illa
1187 1341 1279 1368 animo
1292 1349 1325 1368 ex
1340 1339 1513 1367 aberratione
1528 1343 1646 1374 recepto,
1665 1339 1745 1374 vique
1761 1338 1836 1365 vocis

1053 1393 1085 1412 ac
1100 1386 1243 1413 verborum
1257 1386 1350 1421 agnita
1371 1385 1489 1412 Rabboni
1513 1384 1619 1420 inquit;
1640 1384 1694 1419 qua
1715 1390 1780 1411 voce
1800 1383 1836 1411 si-

1052 1431 1196 1467 gniﬁcatur
1208 1431 1343 1466 ntugister.

1088 1476 1116 1503 2.
1133 1475 1195 1503 Mox
1211 1475 1245 1502 ad
1264 1475 1340 1502 illum
1364 1475 1454 1503 adhuc
1477 1478 1507 1502 ut
1531 1474 1704 1510 magistrum,
1729 1479 1784 1500 non
1807 1476 1837 1498 ut

1053 1521 1149 1554 Deum,
1166 1521 1296 1549 accedere
1309 1525 1437 1557 properat
1450 1530 1457 1549 :
1469 1528 1524 1557 qua
1535 1521 1581 1548 ille
1596 1519 1732 1556 prohibita
1746 1521 1772 1546 et
1789 1518 1836 1545 de-

1053 1567 1210 1599 territaait,
1226 1566 1291 1595 Noli
1303 1575 1343 1595 me
1360 1572 1475 1602 tangere.
1490 1566 1558 1593 Nam
1577 1574 1637 1601 qua
1653 1566 1773 1593 humana
1792 1564 1836 1591 ad-

1053 1613 1107 1641 huc
1120 1613 1252 1648 sapiebat,
1276 1621 1332 1641 non
1356 1617 1414 1641 erat
1431 1613 1513 1648 digna
1536 1612 1703 1640 divinitatem
1720 1611 1779 1646 ejus
1796 1615 1836 1636 at-

1054 1659 1177 1694 tingere:
1194 1667 1282 1694 ncque
1304 1666 1353 1694 par
1379 1662 1438 1686 erat
1456 1659 1542 1690 illam,
1557 1665 1617 1692 qum
1635 1658 1724 1684 adhuc
1744 1656 1834 1687 ﬂebat,

1052 1709 1079 1732 et
1095 1703 1187 1732 Jesum
1204 1704 1310 1731 inferne
1322 1704 1351 1730 in
1365 1704 1551 1731 monumentis
1564 1703 1751 1737 sepulcrisque
1762 1710 1836 1737 quaa-

1052 1751 1140 1784 rebat,
1153 1755 1234 1786 atque
1254 1750 1392 1777 humiliter
1415 1754 1441 1778 et
1456 1749 1562 1777 inﬁrme
1574 1749 1607 1776 de
1627 1749 1672 1776 illo
1688 1748 1832 1780 sentiebat,

1053 1797 1134 1829 haud,
1155 1798 1279 1832 inquam,
1297 1804 1406 1832 aequum
1423 1800 1481 1823 erat
1500 1799 1643 1823 contactus
1658 1795 1716 1829 ejus
1727 1801 1836 1829 compo~

1053 1842 1194 1878 tiam-ﬂeri.
1219 1841 1401 1875 Quamobrem
1423 1839 1504 1868 Iesus
1529 1848 1641 1868 causam
1664 1847 1773 1875 quoque
1795 1839 1834 1866 rei

1053 1888 1150 1923 aperit,
1176 1887 1297 1916 nondum
1322 1895 1351 1915 se
1375 1886 1532 1914 ascendisse
1555 1886 1696 1922 (quantum
1722 1885 1754 1912 ad
1774 1892 1834 1911 eam

1053 1933 1198 1968 attineret)
1226 1933 1258 1960 ad
1284 1932 1393 1960 Patrem
1420 1932 1530 1965 dicens;
1556 1931 1686 1967 quoniam
1711 1930 1769 1966 ipsa
1796 1930 1835 1957 rei

1053 1985 1134 2016 gestre
1150 1980 1227 2007 [idem
1244 1979 1365 2006 nondum
1379 1978 1533 2011 adhibebat,
1551 1986 1634 2012 seque
1645 1981 1782 2005 mortuum
1792 1977 1835 2012 ja-

1053 2034 1114 2053 cere
1126 2025 1238 2060 putabat
1247 2034 1253 2052 :
1262 2025 1377 2058 ideoque
1392 2023 1440 2055 ait,
1455 2023 1518 2050 Noli
1529 2031 1568 2050 me
1579 2028 1693 2058 tangere,
1702 2030 1763 2050 cum
1772 2023 1835 2050 talis

1053 2070 1102 2103 sis,
1127 2070 1263 2104 talemque
1285 2069 1318 2096 de
1342 2076 1385 2097 me
1405 2068 1561 2103 opinionem
1584 2068 1745 2103 gerasztibi
1763 2068 1836 2095 enim

1053 2115 1124 2144 Deus
1142 2114 1263 2142 nondum
1276 2114 1386 2146 credor,
1405 2113 1453 2141 sed
1467 2113 1607 2141 terrestris
1618 2113 1707 2141 adhuc
1724 2114 1835 2141 habeor.

1054 2161 1100 2189 Sic
1123 2162 1146 2190 is
1164 2161 1329 2197 plorantem,
1360 2165 1387 2188 et
1403 2168 1463 2195 qua;
1481 2161 1654 2187 hortulanum
1677 2160 1765 2195 ipsum
1781 2168 1837 2187 crc-

1053 2207 1149 2239 debat.
1168 2205 1210 2233 liis
1233 2205 1333 2237 verbis,
1364 2204 1428 2232 Noli
1456 2214 1495 2232 me
1518 2210 1623 2241 tangere
1638 2205 1731 2239 rcjecit
1748 2206 1837 2232 incre-

218 2259 281 2285 ειςς
295 2251 325 2278 τὸ
337 2251 391 2287 γὰρ
408 2251 510 2279 κλαίειν
526 2253 570 2279 τὸν
583 2252 686 2285 ζῶντα,
704 2253 801 2288 μᾶλλον
817 2253 846 2280 δέ
863 2253 911 2290 τὴν
931 2254 1000 2291 ζωὴν

1054 2254 1162 2289 pilans:
1177 2252 1248 2280 unde
1269 2255 1295 2279 et
1321 2252 1462 2279 mulierem
1475 2253 1598 2279 eamdem
1625 2252 1764 2282 \‘ocitavit,
1784 2253 1838 2278 ait-

219 2297 304 2332 αύτὴν
316 2317 322 2329 ,
336 2297 454 2333 ἐσχάτης
464 2295 497 2333 ἦν
507 2298 626 2333 ἀμαθίας
635 2307 642 2313 ·
662 2299 708 2326 καὶ
721 2299 764 2325 διὰ
777 2299 826 2334 μὲν
837 2299 937 2326 τούτων
955 2301 1004 2327 ἐπ-

219 2343 350 2379 έπληττεν
364 2344 430 2379 αὐτῇ
440 2352 446 2358 ·
461 2343 504 2370 διὰ
513 2343 541 2370 δέ
554 2344 606 2371 τῶν
615 2344 679 2380 ἑξῆς
689 2346 737 2380 τὴν
749 2345 809 2372 καθ’
823 2346 916 2373 ἑαυτὸν
928 2347 1005 2373 ἐπαί-

218 2389 294 2416 δευεν
311 2387 447 2423 θεολογίαν
457 2397 463 2404 ·
478 2390 494 2425 ἡ
509 2389 531 2416 δ’
545 2390 592 2416 ἐπὶ
607 2391 711 2422 τούτοις
725 2391 758 2418 τὰ
779 2392 883 2427 μεγάλα
897 2393 1003 2428 ὠφελη-

221 2435 303 2470 μένη,
316 2436 395 2462 πάλιν
406 2436 540 2471 ἀναχωρεῖ
548 2435 594 2462 τοῦ
605 2437 744 2472 μνήματος
754 2446 760 2452 ·
773 2438 850 2465 τοῦτο
861 2438 985 2474 δεύτερον
995 2448 1001 2454 ε

219 2480 268 2508 εἶτ’
282 2480 425 2513 ἐξειποῦσα
439 2483 472 2517 τῇ
489 2481 555 2518 ἄλλῃ
568 2482 661 2518 Μαρίᾳ
673 2482 707 2509 τὰ
719 2483 869 2519 τεθεαμένοι
881 2485 954 2520 παρά
965 2484 1004 2520 τῷ

225 2526 351 2562 Ἰωάννῃ,
365 2527 478 2562 ἐπανῄει
495 2527 542 2554 σὺν
563 2527 646 2562 αὐτῇ⁸
668 2529 747 2555 τοῦτο
762 2529 867 2564 τρίτον·
885 2531 931 2557 καὶ
951 2531 1004 2558 τῶν

218 2572 295 2608 παρὰ
310 2571 348 2607 τῷ
363 2572 491 2607 Ma.thin
508 2574 748 2608 μνημονευομένων
768 2574 868 2610 θεωρὸς
884 2576 1004 2610 ἐγίγνετο

217 2617 309 2643 οὐκέτι
321 2618 385 2653 μόνη
394 2638 402 2649 ,
416 2619 463 2645 σὺν
477 2618 505 2644 δὲ
564 2619 644 2654 ἑτέρᾳ
658 2619 750 2655 Μαρίᾳ
761 2629 768 2635 ·
782 2622 828 2646 καὶ
839 2621 929 2647 οὐκέτι
940 2623 1003 2648 εἴσω

217 2662 264 2689 τοῦ
277 2663 362 2697 τάφου
379 2663 592 2700 παρακύπτουσα
607 2665 643 2696 ὡς
657 2665 731 2699 παρὰ
745 2666 783 2700 τῷ
802 2667 908 2702 Ἰωάννῃ
921 2687 928 2699 ,
944 2668 1003 2694 οὐδὲ

216 2707 264 2734 δύο
290 2709 441 2743 ἀγγέλους,
467 2709 523 2736 ἀλλ’
543 2710 590 2737 ἕνα
613 2711 681 2746 πρὸς
705 2711 743 2747 τῷ
767 2711 831 2747 λίθῳ
850 2713 1002 2749 καθήμενον

217 2752 320 2788 ὁρῶσα.

253 2843 287 2874 τ.
297 2839 354 2868 Εἶτ’
365 2843 410 2869 ἐπὶ
417 2842 520 2875 τούτοις
529 2844 609 2871 αὑτὸν
618 2845 698 2872 πάλιν
708 2846 752 2872 τὸν
760 2847 870 2882 Σωτῆρα
880 2848 946 2882 μετὰ
956 2848 1002 2883 τῆς

217 2886 301 2924 ἄλλης
311 2888 418 2924 Μαρίας
429 2889 539 2926 θεωρεῖ·
552 2891 628 2919 τοῦτο
641 2892 763 2929 δεύτερον
775 2902 779 2908 ι
794 2893 838 2920 καὶ
850 2895 940 2921 οὐκέτι
955 2896 1002 2931 μὲν

1055 2307 1118 2335 que,
1135 2297 1204 2331 Quid
1218 2297 1328 2332 ploras?
1343 2305 1405 2324 nam
1423 2297 1514 2331 lugere
1528 2298 1670 2329 viventem,
1680 2297 1734 2323 imo
1749 2297 1836 2331 ipsum

1055 2345 1149 2376 vitam,
1166 2347 1293 2371 extremae
1312 2346 1370 2370 erat
1399 2343 1514 2370 inscitiae
1530 2353 1535 2370 :
1551 2351 1603 2378 qua
1628 2350 1710 2378 super
1731 2350 1759 2369 re
1782 2350 1836 2369 non

1056 2390 1176 2426 pepercit
1188 2388 1381 2424 objurgationi.
1399 2388 1468 2415 Tum
1483 2389 1510 2415 in
1525 2389 1703 2423 sequentibus
1716 2387 1836 2414 divinam

1055 2436 1094 2463 illi
1113 2435 1155 2463 sui
1174 2435 1300 2462 notitiam
1324 2434 1474 2469 impertivit
1489 2444 1495 2461 :
1511 2441 1571 2468 qum
1599 2433 1642 2461 his
1666 2432 1756 2460 verbis
1782 2441 1838 2459 ma-

1055 2488 1174 2516 gnopere
1198 2480 1323 2512 erudita,
1347 2479 1436 2506 denuo
1465 2479 1586 2507 deseruit
1612 2481 1836 2509 monumentum,

1055 2525 1176 2554 secundo
1192 2525 1326 2553 videlicet.
1344 2524 1412 2552 Exin
1429 2525 1548 2552 narratis
1567 2523 1659 2552 Maria:
1674 2523 1763 2556 alteri,
1777 2531 1837 2558 qua:

1055 2572 1156 2599 vidisse
1173 2579 1232 2599 eam
1255 2575 1348 2598 narrat
1368 2570 1498 2603 Joannes,
1516 2571 1580 2598 iliuc
1596 2578 1656 2598 cum
1683 2570 1777 2597 eadem
1795 2578 1837 2597 re-

1055 2625 1132 2645 versa
1158 2623 1213 2648 est,
1235 2617 1318 2644 tertio
1344 2617 1488 2644 videlicet:
1506 2624 1537 2645 ac
1561 2621 1618 2643 tum
1642 2623 1748 2647 eorum,
1777 2623 1837 2650 quae

1055 2667 1188 2690 memorat
1201 2661 1354 2694 Matthaeus.
1367 2662 1516 2697 spectatrix
1532 2662 1598 2694 fuit;
1613 2661 1685 2688 haud
1694 2661 1750 2696 jam
1767 2661 1835 2693 sola,

1055 2709 1102 2737 sed
1119 2717 1181 2736 cum
1197 2709 1281 2736 altera
1298 2708 1382 2735 Maria
1397 2717 1403 2735 :
1422 2715 1508 2743 neque
1525 2708 1581 2742 jam
1600 2706 1793 2742 introspiciens
1809 2706 1835 2732 in

1055 2757 1219 2791 sepulcrum,
1236 2757 1275 2784 uti
1292 2756 1422 2785 narrabat
1442 2755 1576 2788 Joannes;
1596 2763 1683 2790 neque
1697 2755 1752 2788 jam
1768 2755 1836 2782 duos

1055 2803 1175 2837 angelos,
1191 2802 1238 2830 sed
1257 2810 1341 2829 unum
1357 2801 1440 2836 lapidi
1455 2801 1619 2829 insidentem
1638 2808 1763 2828 cernens.

1090 2848 1116 2876 5.
1136 2847 1202 2876 Post
1223 2849 1279 2875 haec
1306 2848 1396 2875 denuo
1412 2848 1494 2879 videt,
1513 2848 1613 2874 comite
1639 2849 1721 2875 altera
1742 2846 1835 2877 Maria.

1056 2895 1144 2931 ipsum
1164 2895 1353 2928 Scrvatorcm;
1379 2894 1498 2924 secundo
1513 2894 1656 2924 videlicet:
1682 2902 1768 2930 neque
1781 2893 1836 2928 jam
