2065 3216
296 176 347 206 951

625 175 759 204 EUSEBH
777 173 1018 204 CESARIENSIS
1033 173 1110 202 OPP.
1130 172 1220 200 PARS
1238 172 1281 200 111.
1298 188 1334 194 -
1352 173 1554 202 EXEGE'I'ICA.

297 236 384 268 audit,
406 236 472 264 Noli
483 245 522 263 me
535 241 657 271 tangere;
677 237 732 264 imo
745 237 875 272 gaudere,
892 237 991 264 nedum
1003 235 1061 263 ﬂere

1113 234 1235 268 Ldatatim,
1249 235 1298 269 Μή
1315 243 1375 269 μου
1395 235 1491 262 ἅπτου
1501 255 1509 267 ,
1525 234 1679 262 τούναντίον
1696 234 1725 261 δὲ
1735 233 1840 270 χαίρειν
1855 232 1916 259 ἀντὶ

297 284 332 310 ab
346 282 407 318 ipso
420 283 551 316 iubetur:
566 282 633 318 quin
653 283 736 310 etiam
752 283 826 310 hunc
839 287 951 318 tangere
967 283 1078 315 sinitur,

296 335 376 362 quem
390 327 446 361 jam
464 331 494 354 ut
519 327 602 354 Deum
617 328 809 355 venerabatur.
827 328 873 354 Ait
893 334 958 362 ergo
974 328 1016 355 his
1038 327 1078 355 ie-

295 373 378 400 miuis
395 371 485 405 Jesus,
510 371 638 400 Gaudete.
659 373 713 400 Illae
726 381 790 401 vero
805 373 966 401 accedentes
980 377 1077 400 tenue-

294 423 359 446 runt
374 417 456 453 pedes
471 419 531 453 ejus
543 424 575 447 etv
584 420 777 448 adoraverunt.
795 419 828 446 Et
841 427 903 447 vera
915 419 998 454 igitur
1010 426 1076 446 nar-

294 469 356 490 rant
379 472 458 492 sacra
485 465 642 500 Evangelia,
666 470 693 493 et
709 467 784 493 nulla
807 467 834 493 in
861 470 938 501 parte
961 465 1032 493 inter
1046 473 1076 493 se

293 514 438 545 pugnant:
455 519 610 546 quanquam
626 512 747 539 eatndem
764 511 876 538 Mariam
890 511 1074 546 Magdalenam

292 556 469 584 introducunt
488 561 515 585 et
535 565 588 584 non
609 561 763 592 tangentem
783 558 869 592 primo
891 557 1073 589 Servatorem,

290 602 355 630 dum
372 602 466 635 ﬂebat,
490 610 602 639 eratque
626 603 777 635 incredula,
800 607 828 631 et
841 611 902 631 eum
919 607 1072 637 tangentem

289 652 432 683 postquam
449 649 566 684 gaudere
585 650 662 684 jussu
683 654 735 677 est.
757 648 816 676 Jatn
831 650 921 684 priora
936 656 997 677 esse
1014 649 1073 676 exi-

289 693 425 720 stimanda
448 702 508 729 quae
531 698 594 722 suttt
621 695 691 730 apud
712 694 844 723 Joannem
866 696 900 723 iis
921 703 981 730 quae
1001 694 1072 729 apud

288 737 455 771 Malthteum,
469 740 496 767 in
510 740 656 775 disputatis
672 743 745 767 retro
758 741 908 767 secundum
926 741 1071 775 quamdam

287 787 496 821 explicationem
509 787 758 822 comprobavimus,
774 788 838 815 dum
854 788 1070 821 ostenderemus,

287 832 334 858 ubi
351 831 452 858 dicitur
468 832 538 867 apud
556 832 711 859 Mattltaeum
727 840 786 859 sero
809 832 996 865 Sabbatarum,
1015 839 1070 858 non

285 878 468 912 vespertinam
494 878 590 905 horam
612 878 759 913 signiﬁcari
782 878 816 904 ab
831 877 1006 913 evangelista,
1021 877 1067 904 sed

1131 281 1178 308 τοῦ
1193 281 1296 308 κλαίειν
1307 281 1353 308 ὑπ’
1371 281 1453 308 αὐτοῦ
1467 281 1605 308 κελεύεται
1615 290 1622 296 ·
1636 280 1705 307 ἀλλὰ
1718 280 1766 307 καὶ
1780 279 1914 306 ἅπτεσθαι

1130 326 1212 354 αὑτοῦ
1221 328 1411 362 συγχωρεῖται,
1422 327 1482 353 ἐπὶ
1487 327 1534 353 καὶ
1542 327 1688 362 προσκυνεῖ
1696 325 1777 351 αὐτὸν
1783 323 1822 355 ὡς
1828 323 1894 350 Θεόν
1904 331 1913 338 ·

1130 372 1202 407 λέγει
1210 373 1275 407 γοῦν
1291 373 1387 405 αὑταῖς
1399 375 1414 400 ὁ
1431 373 1544 409 Ἰησοῦς,
1557 373 1677 406 Χαίρετε
1687 380 1693 385 ·
1710 372 1739 398 αἱ
1753 371 1782 397 δὲ
1796 370 1913 406 «possi—

1130 418 1222 445 θοῦσαι
1231 440 1239 452 ,
1256 420 1410 455 ἐκράτησαν
1425 418 1506 446 αὑτοῦ
1518 419 1580 450 τοὺς
1594 417 1676 449 πόδας
1688 417 1734 443 καὶ
1745 414 1914 452 προσεκύνη-

1129 473 1179 492 σαν
1192 465 1266 500 αὐτῷ
1276 473 1283 480 ·
1297 465 1343 492 καὶ
1357 465 1443 497 οὓτως
1463 465 1520 500 ἅμα
1534 463 1659 499 ἀληθεύει
1672 463 1705 489 τὰ
1717 462 1778 498 ἱερὰ
1790 460 1914 494 Εὐαγγέ-

1128 511 1188 543 λια,
1210 511 1270 539 κατ’
1287 511 1380 538 οὐδένα
1398 511 1476 545 λόγον
1493 510 1691 546 διαφωνοῦντα·
1711 508 1758 543 τὴν
1779 506 1865 541 αὐτὴν
1882 505 1912 532 δὲ

1127 557 1236 593 Μαρίαν
1245 557 1294 592 τὴν
1304 557 1484 593 Μαγδαληνὴν
1495 557 1636 590 εἰσάγοντα
1646 555 1693 582 καὶ
1705 553 1743 589 μὴ
1754 551 1914 586 ἁπτομένην

1126 603 1257 640 πρότερον
1270 602 1317 630 τοῦ
1335 603 1459 639 Σωτῆρος
1468 623 1476 635 ,
1499 603 1543 629 ὅτε
1557 602 1647 628 ἔκλαιε
1660 601 1707 627 καὶ
1724 599 1832 635 ήπίατει
1841 606 1849 612 ·
1863 597 1912 624 καὶ

1125 650 1281 685 ἁπτομένην
1295 649 1376 676 αὐτοῦ
1388 669 1396 681 ,
1417 649 1461 675 ὅτε
1476 649 1582 684 χαίρειν
1595 646 1733 674 ἐκελεύετο
1743 654 1750 660 ·
1768 643 1866 679 πρῶτα
1881 642 1911 668 δὲ

1124 696 1250 731 ἡγεῖσθαι
1265 696 1299 723 τὰ
1314 695 1390 732 παρὰ
1410 695 1449 730 τῷ
1472 695 1580 730 Ἰωάννῃ
1596 693 1747 729 δηλούμενα
1761 691 1816 718 τῶν
1833 688 1912 725 παρὰ

1123 741 1163 777 τῷ
1176 741 1307 777 Ματθαίῳ
1324 741 1496 778 φερομένων,
1512 740 1559 768 καὶ
1574 739 1617 766 διὰ
1629 738 1682 766 τῶν
1693 737 1847 773 ἔμπροσθεν
1861 743 1910 770 γε-

1123 788 1319 823 γυμνασμένων
1333 788 1398 822 ἡμῖν
1411 786 1482 813 κατὰ
1495 786 1558 822 μίαν
1570 785 1623 811 τῶν
1638 783 1755 819 ὲκδοχῶν
1766 782 1910 818 παρεστήο

1124 841 1209 868 σαμεν
1219 853 1226 864 .
1251 833 1465 868 διασαφήσαντες
1481 833 1554 863 ὅπως
1569 831 1674 867 εἴρηται
1690 829 1764 864 παρὰ
1780 827 1818 863 τῷ
1834 828 1912 855 Ματ-

1123 879 1190 914 θαίῳ
1206 879 1236 905 τὸ
1252 878 1309 913 ὀψὲ
1322 878 1480 906 Σαϐϐάτων
1489 899 1496 911 ,
1511 878 1541 904 οὒ
1554 877 1603 912 τὴν
1622 875 1764 911 ὲσπερινὴν
1774 874 1850 910 ὤραν
1861 873 1894 909 δη

285 928 394 959 tempus
409 925 571 952 illucescens
587 924 613 952 in
627 933 708 951 unam
726 923 919 951 Sabbatorum.
939 923 1003 950 Erat
1019 931 1061 950 au-

1120 925 1228 956 λοῦντος
1236 924 1282 951 τοῦ
1293 923 1485 959 εὐαγγελιστοῦ
1495 943 1502 955 ,
1521 923 1589 950 ἀλλὰ
1599 923 1644 949 τὸν
1655 920 1858 955 ὲπιφαὺσκοντα
1867 919 1910 949 εἰς

284 974 339 997 tem
358 971 408 997 hoc
425 975 531 1005 tempus
546 972 681 1005 posterius
699 971 756 1002 illo,
770 970 804 997 de
824 978 878 1005 quo
892 970 1012 997 Joannes
1031 970 1070 997 lo—

285 1016 388 1051 quitur.
414 1016 502 1051 Atque
526 1017 583 1044 haec
609 1017 680 1044 dicta
709 1022 802 1048 sunto,
828 1017 849 1043 si
872 1016 935 1051 quis
957 1016 1068 1043 omnino

283 1063 405 1089 eamdem
419 1062 532 1090 Mariam
545 1064 616 1097 aptld
627 1067 772 1098 utrutnque
784 1063 978 1098 evangelistam
985 1061 1069 1090 Joan-

282 1115 344 1135 nem
357 1112 439 1143 atque
452 1107 607 1135 Matthaaum
621 1116 682 1136 esse
697 1108 855 1136 contendat.

315 1199 342 1226 4.
365 1197 413 1225 Sin
437 1206 501 1225 vero
521 1198 688 1225 concedatur
703 1205 757 1225 non
779 1197 902 1224 eamdem
919 1204 990 1226 esse.
1017 1196 1064 1223 sed

279 1244 361 1271 aliam
385 1252 445 1279 quas
468 1252 530 1272 sero
555 1243 748 1275 Sabbatorum,
770 1243 870 1270 comite
896 1243 948 1268 alia
969 1242 1062 1273 Maria,

279 1290 355 1317 venit
369 1289 403 1316 ad
427 1293 653 1322 monumentum;
670 1288 751 1315 aliam
767 1295 828 1322 quze
847 1288 917 1322 apud
931 1286 1062 1314 Joannem

280 1342 361 1362 mane
373 1342 427 1361 una
443 1333 636 1365 Sabbatorum,
650 1334 714 1361 dum
730 1333 819 1360 adhuc
831 1333 949 1360 tenebrae
958 1337 1061 1364 essent,

279 1380 338 1408 sola
352 1379 386 1406 ad
407 1380 477 1407 idem
494 1383 701 1406 monumentum
716 1379 849 1409 accessit;
870 1378 960 1405 omnis
976 1379 1062 1405 ambi-

279 1424 369 1458 guitas
396 1424 584 1459 dissipabitur.
608 1424 743 1451 Nimirum
771 1425 889 1459 priores,
917 1431 977 1458 quae
1000 1431 1061 1450 sero

279 1469 460 1496 Sabbatorum
484 1474 627 1500 venerunt,
650 1474 761 1504 propter
785 1476 862 1496 stt-un
888 1469 1060 1496 sedulitatem

277 1521 359 1550 atque
374 1516 575 1547 credulitatem,
588 1516 681 1550 jussas
703 1523 764 1542 esse
778 1523 792 1541 a
806 1515 916 1542 Christo
931 1515 1058 1550 gaudere,

277 1569 393 1596 eumque
415 1562 582 1593 adorttvisse,
609 1561 723 1596 cjttsoue
747 1561 829 1596 pedes
853 1566 945 1589 tenere
961 1561 1058 1597 dignas

277 1607 372 1635 fuisse.
390 1607 464 1634 Illam
475 1615 540 1635 vero
556 1608 626 1642 apud
638 1607 770 1634 Joannem
783 1606 904 1640 Mariam,
922 1607 1057 1635 diversam

277 1661 291 1678 ιι
312 1653 512 1688 superioribus,
538 1653 638 1684 serius,
665 1660 744 1680 mane
765 1653 902 1686 videlicet,
927 1661 1058 1688 superve.

276 1699 359 1726 uisse.
384 1699 512 1727 Eamdem
537 1699 608 1726 hanc
627 1707 689 1727 esse
707 1700 777 1734 apud
796 1699 928 1731 Marcum,
951 1700 985 1727 de
1005 1707 1058 1734 qua

275 1750 376 1779 Septem
392 1745 524 1772 daemonia
541 1746 628 1780 ejecta
644 1745 752 1773 fuerant
767 1755 772 1772 :
786 1754 900 1781 quaeque
913 1747 1059 1774 vehemen-

274 1791 316 1816 ter
331 1790 423 1817 animo
444 1791 589 1825 perterrita
609 1790 702 1825 fuerit,
725 1795 752 1818 et
770 1792 852 1826 paulo
869 1792 1056 1826 incredulior;

273 1834 389 1869 ideoque
410 1839 548 1863 manserat
560 1835 597 1862 ibi
623 1835 702 1868 tiens,
720 1841 748 1864 et
774 1836 919 1872 suspicans
939 1845 973 1864 ne
987 1837 1058 1865 forte

275 1878 430 1907 Servatoris
443 1887 542 1915 corpus
554 1880 588 1908 de
602 1881 728 1916 sepulcro
740 1880 836 1909 fuisset
850 1881 999 1914 sublatum,
1015 1886 1057 1908 at-

273 1933 327 1960 que
339 1925 365 1952 in
382 1926 449 1952 alias
465 1931 551 1953 terras
569 1926 707 1954 abactum.
727 1926 815 1962 Atque
831 1927 898 1955 adeo
915 1927 1056 1962 perturba-

273 1976 318 1998 tus
333 1970 422 1998 l'uerat
441 1971 479 1998 illi
499 1972 616 2005 animus,
634 1977 663 2000 ut
677 1981 711 2000 ne
728 1974 840 2008 angelos
855 1973 964 2008 quidem
984 1974 1055 2001 itttra

273 2017 427 2051 sepulcrum
463 2018 537 2045 visos
565 2026 729 2054 magnopere
760 2019 936 2054 suspexerit,
967 2027 1055 2054 neque

272 2061 360 2095 ipsum
382 2062 470 2090 oculis
495 2063 616 2091 oblatum
639 2063 811 2091 Servatoretn
832 2065 983 2100 agnOverit,
1006 2063 1054 2092 sed

271 2107 364 2142 potius
379 2107 552 2136 hortulanum
565 2117 627 2137 esse
637 2110 782 2144 putaverit.

637 2166 683 2194 IV.

357 2221 394 2250 De
406 2223 525 2256 sepulcro
539 2227 564 2250 et
578 2223 610 2250 de
624 2224 800 2258 repugnantia
815 2229 966 2258 appaream.

1121 971 1184 1006 μίαν
1206 970 1366 999 Σαϐϐἀτων’
1387 968 1422 1006 ἦν
1437 969 1459 996 δ’
1479 967 1556 1001 οὗτος
1571 968 1694 1003 δεύτερος
1710 966 1757 993 τοῦ
1774 964 1852 1001 παρὰ
1867 964 1912 999 τῷ

1125 1018 1235 1053 Ἰωάννῃ
1245 1017 1438 1052 δεδηλωμένον.
1456 1017 1511 1043 Καὶ
1521 1015 1606 1043 ταῦτα
1618 1015 1666 1050 μὲν
1678 1013 1796 1050 εἰρήσθω
1805 1033 1812 1045 ,
1824 1011 1910 1046 εἴπερ

1116 1072 1159 1095 τις
1174 1063 1202 1096 ἐξ
1219 1063 1337 1094 ἅπαντος
1352 1063 1402 1098 τὴν
1418 1062 1502 1097 αὐτὴν
1521 1059 1589 1088 εἶναι
1610 1061 1717 1096 Μαρίαν
1732 1059 1796 1094 παρ’
1812 1058 1907 1092 ἀμφο-

1116 1109 1205 1144 τέροις
1224 1110 1280 1140 τοῖς
1301 1107 1502 1142 εὐαγγελισταῖς
1531 1107 1640 1143 Ἰωάννῃ
1658 1115 1687 1134 τε
1709 1107 1756 1133 καὶ
1770 1103 1909 1139 Ματθαίῳ

1116 1155 1314 1191 διῖσχυρίζοιτο.

1149 1202 1184 1229 δ’.
1203 1202 1234 1228 Ei
1245 1202 1273 1229 δὲ
1286 1201 1474 1237 συγχωρηθείη
1487 1201 1517 1228 τὸ
1530 1201 1567 1237 μὴ
1583 1201 1633 1236 τὴν
1645 1200 1730 1234 αὐτὴν
1739 1197 1808 1225 εἶναι
1817 1218 1827 1230 ,
1842 1197 1907 1224 ἑτέ-

1115 1257 1166 1284 ραν
1185 1248 1213 1274 δὲ
1235 1248 1284 1283 τὴν
1303 1247 1350 1282 ὀψὲ
1367 1247 1512 1274 Σαϐϐάτων
1529 1245 1599 1273 κατὰ
1614 1245 1659 1272 τὸν
1674 1244 1812 1272 Ματθαῖον
1831 1242 1906 1279 μετὰ

1112 1293 1162 1327 τῆς
1172 1292 1254 1328 ἄλλης
1266 1292 1375 1328 Μαρίας
1386 1293 1594 1328 ἀπαντήσασαν,
1609 1292 1656 1318 καὶ
1669 1291 1751 1325 ἆλλήν
1763 1289 1812 1325 τὴν
1825 1288 1907 1324 rupti

1112 1338 1150 1373 τῷ
1175 1338 1286 1375 Ἰωάννῃ
1308 1337 1379 1374 πρωῒ
1401 1339 1433 1373 τῇ
1450 1339 1498 1374 μιᾷ
1520 1338 1574 1364 τῶν
1590 1337 1745 1370 Σαϐϐἀτων,
1760 1335 1801 1362 ἑτι
1817 1334 1906 1370 οὔσης

1113 1383 1233 1415 σκοτίας,
1253 1383 1337 1418 μόνην
1349 1382 1478 1409 ἐλθοῦσαν
1499 1382 1545 1409 ἐπὶ
1560 1382 1590 1408 τὸ
1603 1382 1747 1417 μνημεῖον,
1762 1381 1839 1407 πᾶσα
1853 1379 1903 1407 λυ·

1111 1427 1170 1463 θείη
1183 1428 1215 1454 ἂν
1226 1427 1373 1464 ἀμφιϐολία
1381 1436 1388 1443 ο
1401 1428 1431 1454 τὸ
1445 1428 1493 1460 τὰς
1510 1429 1559 1463 μὲν
1570 1427 1680 1463 πρώτας
1692 1426 1740 1461 ὀψὲ
1751 1425 1904 1453 Σαϐϐἁτων

1110 1474 1288 1509 ἀφικομένας,
1299 1474 1347 1502 ἅτε
1363 1473 1574 1510 σπουδαιοτέρας
1586 1474 1633 1500 καὶ
1643 1472 1803 1508 πιστοτέρας
1813 1472 1905 1507 ὑπαρ-

1110 1520 1208 1555 χούσας
1215 1540 1222 1552 ,
1232 1521 1279 1548 καὶ
1288 1521 1319 1547 τὺ
1329 1521 1433 1556 χαίρειν
1444 1520 1518 1556 παρὰ
1528 1520 1574 1547 τοῦ
1585 1520 1710 1555 Σωτῆρος
1717 1518 1842 1550 ἀκοῦσαι,
1853 1519 1906 1544 καὶ

1109 1567 1305 1602 προσκυνῆσαι,
1316 1567 1363 1593 καὶ
1370 1568 1432 1598 τοὺς
1443 1567 1526 1598 πόδας
1533 1565 1615 1593 αὖτοῦ
1626 1565 1760 1601 κρατῆσαι
1767 1564 1904 1596 καταξιω-

1109 1611 1202 1647 θῆναι·
1215 1612 1263 1648 τὴν
1274 1613 1302 1639 δὲ
1312 1612 1386 1648 παρὰ
1399 1612 1438 1647 τῷ
1460 1613 1570 1649 Ἰωάννῃ
1583 1611 1692 1647 Μαρίαν
1703 1611 1798 1646 ἑτέραν
1814 1608 1902 1637 οὖσαν

1107 1659 1172 1693 παρ’
1184 1657 1289 1689 ὲκείνας
1300 1657 1407 1693 βράδιον
1419 1657 1468 1693 μὲν
1478 1656 1665 1692 ἀπηντηκέναι
1674 1656 1721 1682 καὶ
1733 1655 1806 1692 πρωῒ
1814 1664 1820 1670 ·
1831 1655 1903 1682 ταῦ⁴

1106 1712 1156 1738 την
1167 1705 1189 1730 δ’
1203 1704 1287 1740 αὐτὴν
1295 1702 1363 1730 εἶναι
1375 1703 1445 1730 κατὰ
1454 1699 1624 1738 τὸνΜάρκον
1633 1703 1678 1737 ἀφ’
1687 1700 1721 1738 ἦς
1736 1701 1903 1736 ἐκϐεϐλήκει

1107 1750 1177 1776 ἑπτὰ
1192 1750 1317 1785 δαιμόνια
1328 1758 1334 1765 ·
1346 1750 1448 1786 σφόδρα
1455 1750 1482 1776 δὲ
1491 1750 1541 1785 τὴν
1548 1749 1636 1784 ψυχὴν
1644 1748 1843 1784 τεθορυϐἦσθαι
1853 1749 1902 1774 καὶ

1107 1795 1285 1832 ἀπιστοτέραν
1295 1793 1363 1822 εἶναι
1374 1795 1412 1827 ὡς
1423 1794 1543 1821 ἑστῶσαν
1553 1793 1655 1821 κλαίειν
1664 1813 1671 1825 ,
1684 1793 1730 1819 καὶ
1742 1791 1903 1827 ὑπολαμσά-

1107 1849 1161 1868 νειν
1176 1841 1348 1877 ὑφαιρεῖσθαι
1361 1841 1408 1868 τοῦ
1421 1840 1554 1876 μνημείου
1563 1839 1594 1866 τὸ
1606 1839 1686 1875 σῶμα
1698 1837 1745 1864 τοῦ
1758 1838 1900 1873 nim-190;.

1109 1887 1156 1914 καὶ
1169 1888 1197 1913 ἐν
1214 1887 1294 1923 ἑτέρᾳ
1309 1886 1501 1922 μετενηνέχθαι
1513 1887 1547 1922 γῇ
1557 1895 1563 1901 ·
1583 1885 1654 1912 οὕτω
1668 1885 1697 1911 δὲ
1712 1883 1867 1919 συγκέχυτο
1881 1885 1899 1919 ὴ

1106 1933 1179 1969 ψυχὴ
1191 1933 1259 1969 αὐτῇ
1271 1953 1279 1965 ,
1297 1933 1335 1965 ὡς
1349 1933 1416 1968 μηδὲ
1432 1934 1494 1964 τοὺς
1505 1932 1550 1958 δύο
1559 1931 1691 1966 ἀγγέλους
1701 1930 1764 1962 τοὺς
1772 1930 1841 1956 εἵσω
1851 1930 1901 1956 τοῦ

1109 1980 1249 2014 μνήματος
1263 1979 1395 2013 ὀφθέντας
1411 1979 1479 2013 αὐτῇ
1495 1977 1712 2012 καταπλαγῆναι,
1727 1975 1795 2011 μηδὲ
1816 1975 1904 2002 αὐτὸν

1107 2025 1239 2061 γνωρίσαι
1248 2025 1364 2060 ὀφθέντα
1377 2025 1445 2060 αὐτῇ
1453 2025 1498 2051 τὸν
1509 2025 1622 2061 Συτῆρα
1630 2044 1638 2057 ,
1650 2023 1760 2059 νομίσαι
1771 2023 1801 2050 δὲ
1816 2021 1903 2053 nam

1109 2069 1180 2099 εἶναι
1193 2071 1238 2098 τὸν
1250 2070 1388 2106 κηπουρὸν
1401 2070 1517 2106 (36-37).

1475 2171 1516 2196 Δ’.

1131 2226 1202 2259 Περὶ
1215 2224 1269 2252 τοῦ
1286 2223 1381 2259 τάφου
1395 2224 1443 2251 καὶ
1458 2223 1515 2258 τῆς
1528 2224 1679 2257 δοκούσης
1693 2224 1871 2258 διαφωνίας.

305 2278 450 2312 Quomodo
466 2280 537 2315 apud
562 2280 716 2309 Matthteum
741 2281 825 2308 Maria
844 2280 1000 2316 Magdalena
1015 2281 1053 2309 si-

1140 2282 1202 2314 Πῶς
1218 2281 1293 2316 παρὰ
1308 2281 1346 2316 τῷ
1357 2281 1489 2317 Ματθαίῳ
1504 2281 1520 2316 ἡ
1535 2281 1701 2316 Μαγδαληνὴ
1716 2281 1813 2317 Μαρία
1826 2282 1899 2317 μετὰ

268 2326 326 2354 mut
342 2333 405 2353 cum
422 2326 508 2353 altera
524 2326 610 2355 Maria
625 2331 702 2354 extra
722 2330 931 2354 monumentum
953 2327 1052 2354 viderit

268 2380 352 2399 unum
375 2373 501 2408 angelum
524 2372 687 2400 insidentem
712 2372 794 2408 lapidi
819 2373 998 2400 monumenti.
1018 2372 1052 2399 Et

266 2420 415 2453 quomodo,
444 2419 596 2446 secundum
617 2418 762 2451 Joannem,
789 2419 860 2446 intra
889 2408 1051 2446 monumen-

267 2468 326 2493 tum
341 2464 453 2500 angelos
472 2464 542 2492 duos
561 2465 726 2499 spectaverit
742 2465 868 2492 sedentes
890 2464 974 2491 Maria
993 2464 1050 2491 Ma-

267 2511 392 2546 gdalena,
410 2512 562 2540 secundum
582 2515 672 2538 autem
689 2510 801 2543 Lucam,
819 2511 875 2538 dtto
887 2510 938 2538 viri
954 2511 1049 2538 astite-

265 2556 321 2584 rint
334 2557 506 2586 mulieribus.
521 2557 643 2593 Denique
665 2557 817 2586 secundum
838 2557 958 2584 Marcum
971 2557 1050 2591 juve-

266 2603 310 2630 nis
326 2603 354 2629 itt
372 2603 469 2630 dextro
485 2604 609 2632 residens
627 2604 797 2631 monumenti
822 2603 908 2630 latere
924 2603 1000 2630 visus
1013 2604 1049 2631 sit

264 2648 356 2676 Mariae
372 2648 538 2685 Magdalenaa
551 2656 578 2678 et
593 2651 684 2679 Mariae
700 2651 796 2678 Jacobi
811 2655 839 2678 et
856 2649 980 2677 Salomte.

299 2694 325 2721 1.
347 2695 442 2723 Priora
466 2701 530 2724 sunt
545 2705 606 2732 qua:
628 2703 721 2725 narrat
746 2697 906 2725 Mattltaeus:
922 2705 1007 2732 quare
1021 2702 1047 2724 et

265 2736 325 2765 duae
339 2738 432 2766 Maria:
443 2740 570 2768 viderunt
582 2743 706 2777 angelum
722 2743 768 2777 qui
784 2751 869 2777 nuper
886 2743 950 2770 illuc
963 2750 1046 2769 vene-

263 2786 308 2808 rat
334 2783 504 2821 lapidemque
531 2788 692 2815 revolverat.
719 2787 878 2823 Sequuntur
904 2787 950 2814 lita
972 2787 1044 2822 apud

1104 2328 1154 2363 τῆς
1166 2327 1249 2363 ἄλλης
1260 2328 1368 2363 Μαρίας
1377 2327 1430 2360 ἔξω
1440 2327 1487 2354 τοῦ
1502 2327 1641 2362 μνήματος
1654 2326 1776 2362 ἑώρακεν
1788 2328 1836 2354 τον
1847 2328 1897 2355 ἕνα

1104 2373 1218 2407 ἄγγελον
1227 2373 1426 2409 ἐπικαθήμενον
1435 2372 1474 2409 τῷ
1481 2371 1547 2408 λίθῳ
1555 2371 1602 2398 τοῦ
1612 2373 1749 2408 μνήματος
1757 2382 1765 2388 υ
1775 2374 1824 2400 καὶ
1836 2373 1897 2405 πῶς

1105 2419 1175 2446 κατὰ
1186 2419 1232 2445 τὸν
1253 2419 1379 2455 Ἰωάννην
1397 2419 1462 2445 εἴσω
1481 2417 1528 2444 τοῦ
1543 2418 1681 2454 μνήματος
1697 2418 1832 2452 ἀγγέλους
1846 2418 1899 2446 δύο

1103 2465 1200 2500 θεωρεῖ
1214 2465 1408 2500 καθημένουςὴ
1423 2463 1587 2500 Μαγδαληνὴ
1597 2465 1704 2500 Μαρία·
1718 2464 1790 2491 κατὰ
1804 2464 1835 2491 δὲ
1846 2465 1894 2491 τὸν

1103 2511 1208 2538 Λουκᾱν
1222 2511 1268 2537 δύο
1280 2510 1373 2547 ἄνδρες
1385 2510 1538 2546 ἐπέστησαν
1552 2511 1610 2542 ταῖς
1625 2509 1746 2544 γυναιξίν
1755 2519 1762 2526 ·
1778 2510 1851 2537 κατὰ
1862 2510 1895 2538 δι

1101 2557 1146 2584 τὸν
1159 2557 1270 2593 Μάρκον
1285 2557 1424 2588 νεανίσκος
1435 2554 1469 2592 ἦν
1486 2557 1580 2588 αὑταῖς
1592 2557 1607 2583 ὁ
1616 2555 1753 2592 ὁρώμενος
1766 2556 1893 2592 καθήμε-

1101 2611 1146 2634 νος
1156 2604 1184 2629 ὲν
1197 2604 1251 2634 τοῖς
1265 2602 1358 2634 δεξιοῖς
1369 2602 1416 2628 τοῦ
1429 2610 1480 2638 μνη
1486 2602 1560 2637 μείου
1574 2603 1607 2638 τῇ
1618 2601 1783 2638 Μαγδαληνῇ
1793 2602 1894 2638 Μαρίᾳ

1102 2650 1149 2676 καὶ
1164 2650 1258 2685 Μαρίᾳ
1275 2648 1404 2684 Ἰακώβου
1419 2649 1465 2676 καὶ
1479 2648 1606 2686 Σαλώμῃ.

1135 2699 1176 2723 α’.
1195 2695 1235 2721 Τὰ
1257 2695 1307 2730 μὲν
1323 2693 1398 2729 παρὰ
1413 2693 1451 2729 τῷ
1465 2692 1595 2728 Ματθαίῳ
1612 2691 1810 2729 προηγοῦνται·
1828 2692 1891 2719 ὅθεν

1102 2742 1147 2768 καὶ
1164 2742 1191 2768 αἱ
1208 2740 1254 2767 δύο
1270 2740 1373 2776 Μαρίαι
1397 2739 1460 2775 ἄρτι
1481 2739 1527 2765 τὸν
1543 2738 1658 2773 ἄγγελον
1673 2737 1826 2766 ἐπιστάντα
1841 2738 1891 2764 καὶ

1097 2787 1143 2815 τὸν
1166 2786 1238 2813 λίθον
1258 2786 1460 2813 ἀποκυλίσαντα
1475 2785 1636 2813 ἐθεάσαντο·
1659 2785 1693 2811 τὰ
1711 2784 1740 2810 δὲ
1756 2783 1835 2819 παρὰ
1848 2783 1890 2818 τῷ

299 2859 607 2902 ίόδ-Ξῆριιαιδιὶθιιριιι
621 2863 747 2902 dfyaria
758 2865 907 2902 aeromini
919 2864 1000 2899 pedes
1010 2865 1167 2900 procidcntc
1183 2865 1314 2892 exscribit
1325 2864 1366 2891 vel
1379 2863 1499 2892 imitatur
1514 2863 1694 2899 Hieronymus
1707 2863 1788 2898 epist.
1802 2860 1887 2895 59,4.

267 2902 319 2922 nec
333 2903 389 2922 non
400 2895 514 2924 Photius
529 2899 608 2933 epist.
622 2899 685 2926 137.
