2065 3216
313 199 368 227 955

669 194 802 223 EUSEBII
820 191 1061 222 CA‘ISABIENSIS
1078 189 1154 218 OPP.
1174 189 1266 217 PARS
1285 188 1328 216 Ill.
1344 203 1378 208 —-
1396 185 1598 214 EXEGETICA.
1613 183 1618 189 ⁷

1879 180 1930 209 958

314 261 384 292 sole,
403 267 417 287 a
431 259 532 294 juvene
543 258 634 285 oblato
647 256 809 284 mulieribus
826 255 917 282 Maria:
934 252 1099 288 Magdalena

1154 250 1289 281 νεανίσκος
1298 249 1312 275 ὁ
1323 247 1414 282 ὀφθεὶς
1424 248 1485 278 ταῖς
1495 244 1616 280 γυναιξὶν
1625 245 1659 278 τῇ
1669 242 1763 294 Μαρια
1774 243 1807 276 τῇ

315 310 342 332 et
361 305 452 332 Mariae
467 303 562 331 Jacobi
584 308 610 331 et
630 302 756 334 Salomaa,
772 309 833 337 quae
851 308 914 328 cum
932 298 1099 327 aromatibus

315 353 457 382 venerant.
483 350 524 377 hae
556 349 622 385 ipsae
651 349 845 377 audieruntzc
863 347 954 375 Nolite
984 352 1101 380 expave-

315 403 409 429 scere;
431 394 526 423 Jesum
553 396 676 430 quaeritis
704 395 875 423 Nazarenum
901 392 1072 421 cruciﬁxum.
1088 401 1099 418 ›

317 441 396 469 Medii
412 446 502 469 autem
520 446 585 469 sunt
599 442 687 478 angeli
703 441 753 474 illi,
773 441 821 476 qui
838 440 909 476 apud
925 439 1057 467 Joannem
1075 442 1102 466 et

315 486 418 514 Lucam
435 491 566 523 apparent
589 495 637 522 per
656 487 799 514 intervalla
816 486 986 522 singillatim.
1012 485 1103 519 Appa-

315 535 373 562 ruit
398 534 470 562 enim
494 542 557 562 sero
583 533 766 561 Sabbatorum
789 532 902 567 angelus
927 538 998 558 unus
1024 534 1101 557 extra

315 584 540 613 monumentum;
559 585 621 615 post
637 588 718 615 quem
734 580 793 614 ipse
809 578 947 606 Servator.
961 577 1039 603 Mane
1056 584 1103 604 au-

315 631 372 654 tem
384 628 438 662 jam
453 626 556 659 adulto,
569 626 617 653 alii
630 626 684 653 duo
696 625 767 661 apud
779 625 881 652 Lucam
895 624 947 651 viri
961 623 1100 659 appellati,

315 671 391 699 haud
405 671 477 698 intra
500 675 708 698 monumentum
728 670 791 698 visi.
816 669 961 696 Extremus
980 668 1102 695 omnium

316 715 362 745 ille
378 717 508 752 juvenis;
525 721 552 745 et
571 721 634 745 ante
655 717 740 749 hunc,
763 724 814 744 nec
835 724 896 743 non
912 719 976 742 ante
995 714 1071 742 viros
1086 721 1104 741 a

316 763 392 791 Luca
409 767 586 796 memoratos,
605 764 659 791 duo
672 763 711 790 illi
726 763 798 790 intra
812 765 1031 790 monumentum.

353 808 380 835 3.
400 807 490 835 Lucas
513 808 552 835 ait
577 815 631 835 una
653 807 835 835 Sabbatorum
860 814 939 834 mane
958 805 1103 841 perspicuo

317 852 416 880 tulisse
431 856 555 879 aromata
567 852 694 880 mulieres
708 852 787 885 duas,
808 859 868 886 quae
881 854 982 879 secutae
997 850 1103 878 fuerant

317 897 421 929 Jesum,
442 897 551 925 Galilaea
567 897 708 930 oriundas,
724 905 838 931 quaeque
853 892 1022 923 deduxerant
1041 895 1101 930 ejus

319 941 401 969 funus
413 946 439 969 et
451 946 581 969 venerant
593 941 625 968 ad
647 944 863 968 monumentum.
879 939 926 966 H22
940 939 1015 967 duos.
1024 946 1103 974 ange«

316 986 361 1014 )os
376 987 502 1014 viderunt
516 987 568 1014 sibi
578 987 699 1014 dicentes
713 996 719 1013 :
736 995 746 1011 ι
762 986 818 1013 Cur
831 985 953 1020 quaeritis
967 985 1101 1012 viventem

321 1031 394 1059 inter
412 1032 555 1060 mortuos?
570 1040 622 1059 non
646 1036 687 1059 est
705 1032 760 1063 hic,
777 1031 825 1060 sed
853 1031 983 1059 surrexit.
1000 1030 1103 1058 Recor-

316 1078 421 1106 damini
440 1086 500 1113 quae
515 1079 592 1106 vobis
612 1078 681 1106 dixit
698 1078 762 1105 dum
778 1078 918 1106 vobiscum
935 1081 1102 1109 versaretur,

318 1125 391 1160 quod
416 1133 513 1160 nempe
530 1128 668 1160 oporteret
684 1124 784 1152 Filium
810 1124 929 1153 hominis
951 1124 1052 1160 patip
1075 1127 1106 1152 et

319 1170 434 1205 reliqua.

354 1215 380 1242 ι.
401 1214 520 1243 Joannes
534 1215 572 1242 ait
592 1223 647 1242 una
666 1214 849 1243 Sabbatorum
861 1214 973 1241 Mariam
993 1213 1109 1248 Magda—

319 1261 408 1288 lcnam
421 1261 505 1288 solam
518 1261 669 1288 accessisse
679 1261 713 1287 ad
723 1264 928 1288 monumentum
940 1267 1001 1286 cum
1014 1259 1104 1287 adhuc

318 1307 437 1334 tenebrae
448 1311 559 1339 essent;
578 1307 681 1334 vidisse
694 1307 810 1342 lapidem
826 1307 981 1339 sublatum;
997 1305 1103 1333 venisse

318 1350 355 1377 ad
379 1351 517 1378 Simonem
539 1357 621 1387 atque
632 1351 775 1382 Joannem.
797 1352 896 1386 quibus
920 1351 978 1378 ait:
997 1360 1007 1376 ι
1021 1350 1104 1378 Tule-

320 1400 386 1424 runt
399 1395 542 1423 Dominum
554 1397 588 1424 de
601 1402 789 1429 monumento,
800 1401 828 1425 et
842 1398 935 1424 nescio
949 1397 994 1424 ubi
1005 1404 1105 1431 posue—

322 1446 386 1470 runt
402 1450 474 1470 eum.
490 1442 569 1470 Venit
585 1451 650 1478 ergo
660 1443 758 1470 Petrus
773 1447 854 1478 atque
863 1442 983 1470 Joannes
997 1443 1029 1469 ad
1044 1450 1104 1469 mo-

323 1492 500 1522 numentum;
517 1499 525 1515 ›
543 1494 570 1516 et
584 1490 698 1524 reliqua.
718 1488 820 1516 Deinde
834 1489 1019 1523 Magdalenam
1038 1489 1105 1516 ﬂen-

322 1538 376 1562 tem
392 1534 503 1562 exhibet
517 1535 698 1570 evangelista;
720 1543 801 1569 quam
825 1538 912 1562 semet
927 1534 1102 1561 inclinantem

1149 296 1216 331 ληνῇ
1235 295 1282 322 καὶ
1297 295 1330 329 τῇ
1347 293 1440 329 Μαρίᾳ
1461 290 1587 325 Ἰακώβου
1606 290 1653 317 καὶ
1670 287 1805 324 Σαλώμῃ,
1828 287 1856 313 αἶ
1875 286 1930 321 μετ’

1150 341 1302 377 ἀρωμάτων
1314 338 1437 365 ἐλθοῦσαι
1447 337 1566 372 ἥκουσαν
1575 356 1582 367 ,
1596 345 1606 361 ι
1616 334 1661 370 Μὴ
1671 332 1851 368 ἐκθαμϐεῖσθε
1859 352 1866 362 ,
1883 332 1933 366 ’1η-

1151 383 1214 410 σοῦν
1221 383 1326 418 ζητεῖτε
1335 382 1380 408 τὸν
1388 380 1545 416 Ναζαρηνὸν
1551 379 1596 406 τδν
1605 377 1820 414 ἐσταυρωμένον.
1827 387 1836 403 ι
1845 377 1931 404 Μέσοι

1151 430 1180 457 δὲ
1196 430 1220 456 oi
1242 428 1318 464 παρὰ
1337 427 1377 462 τῷ
1399 427 1508 462 Ἰωάννῃ
1524 426 1571 452 καῖ
1591 424 1629 460 τῷ
1643 425 1734 459 Δουκᾷ
1748 423 1795 450 καὶ
1806 422 1932 456 ὀφθέντες

1150 475 1221 502 κατὰ
1238 475 1332 511 καιρὸν
1349 473 1507 506 ἰδιάζοντες·
1531 471 1614 506 ἐφάνη
1634 471 1681 506 μὲν
1697 469 1752 505 γὰρ
1763 469 1812 503 ὀψὲ
1827 467 1933 495 Σαϐϐά-

1150 530 1203 547 των
1215 520 1327 554 ἄγγελος
1340 517 1379 550 εἷς
1393 518 1470 550 ἐκτὸς
1485 517 1530 544 τοῦ
1547 517 1697 552 μνήματος
1713 515 1771 550 μεθ’
1786 511 1816 541 οὗ
1830 514 1878 540 καὶ
1888 514 1935 540 αὑ-

1151 567 1196 598 τὸς
1210 568 1224 593 ὀ
1244 566 1355 602 Σωτήρ·
1373 564 1471 600 ὄρθρον
1487 563 1516 590 δὲ
1535 562 1644 598 βαθέος,
1662 562 1749 596 ἕτεροι
1765 561 1789 586 οἱ
1805 559 1877 586 κατά
1890 559 1935 585 τὸν

1151 613 1258 640 Δουκᾶν
1277 611 1323 638 δύο
1347 611 1441 646 ἄνδρες
1454 608 1639 644 ὠνομασμένοι
1655 608 1703 634 οὐκ
1720 607 1784 633 εἴσω
1798 606 1846 632 τοῦ
1869 606 1934 641 μνή-

1154 666 1235 694 ματος
1251 656 1377 691 ὀφθέντες
1387 663 1396 670 ·
1411 655 1523 690 ὕστερος
1539 653 1664 680 ἁπάντων
1684 653 1698 679 ὁ
1713 651 1852 682 νεανίσκος
1864 670 1871 682 ,
1889 650 1935 677 καὶ

1151 704 1205 740 πρὸ
1224 703 1317 730 τούτου
1333 703 1381 730 καὶ
1395 701 1448 728 τῶν
1465 700 1540 737 παρὰ
1553 699 1592 736 τῷ
1606 700 1696 734 Λουκᾷ
1710 699 1732 725 οι
1748 698 1794 725 δύο
1809 697 1876 724 εἴσω
1889 696 1935 724 τοῦ

1154 749 1302 784 μνήματος-

1187 799 1225 830 γ’.
1234 795 1294 822 Ὅτι
1305 796 1319 822 ὁ
1334 795 1438 826 Λουκᾶς
1454 794 1501 828 μιᾷ
1515 792 1588 826 λέγει
1602 791 1655 819 τῶν
1667 791 1822 822 Σαϐϐάτων.
1837 789 1886 824 ὃρθ
1892 798 1936 825 ρον

1154 842 1259 877 βαθέος,
1276 841 1367 876 φέρειν
1379 839 1510 876 ἀρώματα
1524 839 1653 873 γυναῖκας
1668 837 1713 863 δύο
1725 836 1774 867 τὰς
1786 835 1935 870 ἀκολουθη-

1155 889 1237 919 σάσας
1254 885 1344 921 αὐτῷ,
1362 885 1461 916 αἵτινες
1481 882 1551 920 ἦσαν
1576 883 1629 910 ἀπὸ
1647 883 1695 918 τῆς
1713 882 1860 912 Γαλιλαίας
1877 890 1937 908 συν-

1153 932 1375 967 ακολουθήσασαι,
1384 931 1427 957 ὅτε
1436 930 1549 956 ἔθαπτον
1555 929 1634 955 αὑτὸν
1641 928 1762 954 ἐλθοῦσαι
1771 927 1819 953 ἐπὶ
1831 926 1861 952 τὸ
1871 926 1937 961 μνῆ-

1153 988 1206 1015 μα·
1223 979 1322 1010 αἵτινες
1336 976 1381 1004 δύο
1398 976 1528 1011 ἀγγέλους
1545 973 1629 1007 εἶδον,
1652 974 1676 1000 οἳ
1694 975 1740 1000 καὶ
1765 971 1862 1003 εἶπον,
1883 981 1891 997 ι
1906 972 1936 997 Τί

1153 1025 1256 1061 ζητεῖτε
1270 1024 1315 1051 τὸν
1330 1023 1418 1055 ζῶντα
1435 1022 1503 1058 μετὰ
1516 1022 1569 1048 τῶν
1584 1020 1704 1056 νεκρῶνς
1719 1020 1768 1046 οὐκ
1788 1019 1863 1046 ἔστιν
1877 1015 1936 1050 ὦδε,

1152 1070 1208 1096 ἀλλ’
1220 1068 1323 1104 ἠγέρθη
1333 1077 1340 1084 ·
1361 1067 1496 1103 μνήσθητε
1510 1067 1547 1096 ὡς
1560 1065 1687 1100 ἐλάλησεν
1702 1065 1765 1099 ὑμῖν
1779 1063 1819 1090 ἔτι
1838 1063 1877 1089 ὥν
1893 1064 1937 1090 σὺν

1153 1117 1216 1151 ὑμῖν
1229 1115 1329 1148 λέγων,
1343 1114 1383 1140 ὅτι
1395 1113 1434 1140 δεῖ
1448 1112 1543 1139 παθεῖν
1559 1111 1604 1137 τὸν
1618 1110 1680 1137 Υἱδν
1693 1109 1838 1145 ἀνθρώπου
1850 1129 1857 1140 ,
1869 1119 1878 1134 ι
1894 1109 1938 1135 καί

1151 1161 1186 1188 τὰ
1202 1160 1277 1196 ἑξῆς.
1612 1187 1617 1193 1

1153 1207 1156 1210 ’
1186 1207 1223 1233 δ’.
1241 1207 1302 1233 Ὅτι
1318 1205 1443 1240 Ἰωάννης
1458 1205 1530 1239 λέγει
1542 1205 1575 1239 τῇ
1592 1203 1640 1238 μιᾷ
1652 1202 1705 1228 τῶν
1715 1201 1864 1228 Σαϐὃάτων
1879 1201 1937 1227 Μα-

1154 1252 1214 1288 ρίαν
1227 1252 1276 1287 τὴν
1286 1251 1468 1286 Μαγδαληνὴν
1482 1250 1563 1286 μόνην
1573 1248 1697 1284 ἔρχεσθαι
1711 1248 1779 1282 πρὸς
1792 1247 1824 1273 τὸ
1834 1247 1938 1282 μνῆμα.

1154 1298 1261 1329 σκοτίας
1274 1297 1314 1324 ἔτι
1328 1296 1409 1331 οὔσης
1419 1316 1426 1329 ,
1443 1296 1491 1323 καὶ
1508 1295 1598 1331 βλέπει
1613 1295 1658 1320 τὸν
1676 1293 1749 1320 λίθον
1760 1293 1882 1328 ἠρμένον
1895 1294 1939 1318 καὶ

1152 1344 1260 1380 ἔρχεται
1285 1343 1352 1379 πρὸς
1368 1343 1475 1378 Σίμωνα
1491 1342 1539 1369 καὶ
1554 1341 1623 1377 πρὸς
1646 1340 1771 1375 Ἰωάννην
1788 1339 1837 1366 καὶ
1855 1339 1939 1372 λέγει,

1155 1400 1164 1416 ι
1176 1388 1266 1425 Ἦραν
1279 1390 1325 1416 τὸν
1345 1388 1447 1424 Κύριον
1466 1387 1518 1414 ἀπὸ
1532 1387 1579 1414 τοῦ
1598 1387 1730 1422 μνημείου
1747 1385 1795 1412 καὶ
1814 1385 1867 1411 οὐκ
1884 1382 1941 1411 οἶδα

1152 1435 1204 1462 ποῦ
1223 1436 1323 1470 ἔθηκαν
1342 1435 1439 1462 αὐτόν·
1456 1432 1536 1470 ἦλθεν
1557 1431 1603 1460 οὖν
1620 1433 1721 1468 Πέτρος
1738 1433 1786 1459 καὶ
1811 1432 1941 1467 Ἰωάννης

1153 1483 1198 1509 ἐπὶ
1213 1483 1242 1509 τὸ
1256 1483 1384 1518 μνημεῖον
1394 1501 1401 1513 ,
1414 1491 1423 1507 ι
1438 1481 1484 1507 καὶ
1496 1481 1529 1507 τὰ
1544 1480 1615 1514 ἑξῆς.
1633 1477 1699 1506 Εἶτα
1712 1479 1818 1512 εἰσάγει
1835 1479 1943 1505 κλαίον-

1154 1537 1202 1556 σαν
1219 1529 1268 1564 τὴν
1285 1527 1481 1562 Μαγδαληνὴν,
1503 1526 1549 1552 καὶ
1567 1525 1765 1560 παρακύψασαν
1784 1524 1850 1550 ἰδεῖν
1869 1524 1943 1558 λέγει

321 1581 424 1609 vidisse
437 1581 474 1608 ait
485 1583 554 1609 duos
576 1569 687 1616 angelos
708 1581 845 1613 sedentes,
860 1588 943 1608 unum
957 1581 991 1607 ad
1008 1585 1101 1615 caput,

1155 1575 1199 1602 δύο
1211 1574 1341 1608 ἀγγέλους
1358 1572 1566 1608 καθεζομένους,
1582 1571 1630 1597 ἕνα
1645 1570 1712 1606 πρὸς
1725 1571 1758 1605 τῇ
1767 1569 1887 1604 κεφαλῇ,
1899 1570 1946 1596 καῖ

321 1627 436 1655 alterum
454 1627 488 1654 ad
502 1627 584 1662 pedes
594 1648 601 1660 ,
612 1627 717 1661 sibique
731 1627 854 1655 dicentes
868 1636 874 1653 :
894 1635 903 1652 ‹
920 1626 1025 1658 Mulier,
1037 1626 1105 1661 quid

320 1672 431 1707 ploras?
445 1682 455 1698 ι
471 1681 531 1708 qua:
547 1673 585 1699 ait
601 1681 608 1699 :
623 1682 632 1698 ‹
648 1672 782 1699 Tuleruut
794 1671 936 1698 Dominum
957 1678 1057 1702 meum,
1076 1675 1108 1698 et.

321 1718 417 1746 nescio
430 1717 476 1745 ubi
489 1722 640 1753 posuerunt
657 1726 730 1746 eum.
747 1728 758 1744 ›
774 1717 839 1745 Mox
854 1725 987 1748 conversa
1000 1721 1104 1744 retror-

322 1771 383 1791 sum
407 1764 473 1791 vidit
496 1763 589 1792 Jesum
619 1768 747 1796 stantem,
770 1771 858 1798 neque
885 1767 974 1790 tamen
999 1763 1106 1791 sciebat-

320 1817 383 1836 eum
391 1817 452 1837 esse
459 1808 563 1837 Iesum.
575 1809 643 1836 Dicit
658 1813 749 1837 autem
760 1809 786 1837 ei
799 1808 880 1837 Jesus
894 1818 900 1836 :
916 1818 925 1834 ι
938 1808 1044 1841 Mulier,
1054 1816 1105 1836 cur

321 1855 434 1890 ploras?
447 1863 527 1890 quem
541 1856 660 1891 quaeris?
674 1865 683 1881 ι

358 1900 386 1928 5.
408 1900 555 1936 Ambiguut
582 1902 706 1929 nonnulli
734 1910 852 1937 quonam
875 1907 954 1937 pacto
971 1905 1026 1928 tres
1045 1900 1107 1928 dies

323 1951 473 1982 noctesque
486 1951 541 1974 tres
555 1947 684 1975 absolutae
699 1947 809 1980 iuerint,
827 1948 866 1974 uti
883 1948 1007 1982 prmdixit
1025 1946 1105 1974 Chri-

323 1995 394 2024 stus,
407 1997 469 2020 ante
482 1992 633 2020 faciendam
645 1995 884 2022 resurrectionem.
896 1993 981 2022 Porro
996 2001 1105 2028 respon-

323 2036 388 2064 dere
405 2037 445 2064 sic
464 2037 536 2064 licet.
552 2038 606 2064 Alii
626 2046 640 2064 a
658 2043 790 2073 tempore,
807 2047 862 2074 quo
881 2038 961 2066 Jesus
981 2039 1107 2073 proditus

323 2080 385 2112 fuit,
400 2086 543 2108 numerant
560 2083 625 2109 :alii
653 2091 817 2118 paraseeven
842 2083 868 2110 in
893 2083 947 2111 duo
970 2083 1104 2114 dividunt,

322 2126 386 2160 quia
415 2134 468 2153 uox
495 2127 544 2154 fuit
571 2135 721 2162 rursusque
747 2127 814 2161 dies,
838 2128 900 2163 quia
924 2128 1028 2155 scilicet
1059 2128 1107 2155 illa

322 2171 366 2199 die
382 2172 422 2199 sol
436 2172 610 2205 obscuratus,
626 2173 717 2201 denuo
728 2174 836 2201 reluxit.
855 2173 923 2200 Exin
938 2179 978 2201 est
995 2173 1105 2200 Sabbati

324 2215 382 2243 dies
401 2215 516 2252 integra,
530 2218 644 2253 ejusque
663 2226 727 2246 nox.
740 2219 794 2245 Alii
818 2222 967 2253 supputant
983 2225 1106 2253 parasce-

1156 1621 1204 1647 ἕνα
1219 1620 1288 1655 πρὸς
1302 1619 1358 1650 τοῖς
1371 1618 1447 1645 ποσίν
1457 1626 1463 1632 ’
1477 1617 1524 1644 καὶ
1539 1616 1660 1651 λέγουσιν
1671 1615 1738 1650 αὐτῇ
1750 1635 1757 1648 ,
1779 1625 1788 1640 ‹
1800 1614 1887 1641 Γύναι
1899 1634 1906 1646 ,
1921 1614 1945 1640 τ(

1156 1665 1274 1697 κλαίειςς
1290 1675 1299 1690 ι
1313 1666 1329 1700 ἡ
1341 1664 1369 1691 δὲ
1381 1661 1467 1694 εἶπεν,
1482 1672 1491 1688 ι
1502 1660 1592 1697 Ἦραν
1603 1661 1647 1687 τὸν
1657 1660 1757 1697 Κύριον
1771 1669 1824 1695 μου
1837 1661 1886 1686 καὶ
1898 1661 1946 1687 οὐκ

1157 1709 1214 1738 οῖδα
1228 1710 1278 1737 ποῦ
1291 1710 1391 1746 ἔθηκαν
1403 1709 1492 1736 αὐτόν.
1508 1718 1516 1734 ι
1533 1706 1599 1734 Εἶτα
1610 1706 1730 1742 ἐστράφη
1745 1707 1785 1738 εἰς
1797 1706 1834 1732 τὰ
1846 1706 1950 1736 ὀπίσω,Δ

1157 1758 1203 1785 καὶ
1215 1747 1289 1784 ἐἶδεν
1312 1757 1357 1783 τὸν
1379 1755 1482 1791 Ἰησοῦν
1496 1753 1612 1780 ἑστῶτα·
1632 1753 1678 1779 καὶ
1693 1752 1742 1778 οὐκ
1756 1751 1816 1787 ᾔδει
1831 1753 1875 1778 ὅτι
1897 1751 1947 1785 Ἰη-

1157 1803 1219 1836 σοῦς
1231 1805 1320 1830 ἐστιν’
1336 1803 1350 1829 ὁ
1365 1801 1393 1828 δὲ
1409 1799 1511 1836 Ἰησοῦς
1527 1798 1611 1833 λέγει,
1632 1808 1641 1824 ι
1654 1797 1734 1825 Γύναι
1744 1817 1751 1829 ,
1773 1797 1802 1824 τε
1821 1797 1946 1829 xli-1.151;;

1156 1849 1217 1876 τινα
1231 1849 1335 1883 ζητεῖς;
1348 1856 1355 1872 ι

1191 1895 1221 1918 ε’.
1235 1892 1294 1919 Ὀτι
1306 1889 1437 1925 ἀποροῦσι
1449 1897 1521 1920 τινες
1536 1888 1574 1920 ὡς
1593 1890 1667 1924 τρεῖς
1684 1889 1784 1924 ἡμέραι
1799 1890 1851 1916 καὶ
1875 1891 1947 1925 τρεέ

1157 1938 1252 1968 νύκτες
1264 1935 1438 1972 πληροῦνται,
1452 1933 1542 1965 καθὼς
1554 1931 1630 1960 εἶπεν
1641 1933 1764 1969 Χριστὸς,
1778 1934 1806 1959 αἱ
1820 1934 1872 1968 τῆς
1885 1934 1946 1960 ἁνα-

1159 1983 1277 2013 στάσεως
1287 1989 1295 1998 ⁸
1311 1981 1358 2007 καὶ
1372 1980 1443 2006 ἐστιν
1457 1980 1543 2005 εἰπεῖν
1555 1978 1620 2013 (41)·
1636 1978 1661 2004 οἱ
1678 1978 1726 2013 μὲν
1742 1978 1797 2005 ἀπὸ
1810 1979 1864 2014 τῆς
1880 1987 1946 2013 προ-

1157 2029 1247 2060 δοσίας
1259 2036 1266 2043 ο
1280 2028 1304 2054 οἱ
1319 2027 1347 2053 δὲ
1359 2026 1408 2061 τὴν
1421 2024 1599 2060 Παρασκευὴν
1618 2025 1658 2056 εἰς
1671 2023 1717 2050 δύο
1731 2023 1877 2055 ποιοῦσιν,.
1889 2025 1946 2050 ἐπεὶ

1158 2075 1206 2108 νὺξ
1222 2074 1331 2109 γέγονεν
1352 2072 1399 2098 καὶ
1424 2071 1504 2098 πάλιν
1528 2071 1618 2106 ἡμέρα
1629 2079 1636 2086 ·
1653 2070 1682 2097 ὲν
1700 2070 1792 2105 ἐκείνῃ
1804 2071 1841 2105 τῇ
1856 2071 1947 2106 ἡμέρᾳ

1158 2122 1204 2149 τοῦ
1217 2121 1292 2156 ἡλίου
1306 2118 1489 2148 σκοτισθέντος
1503 2117 1547 2143 καὶ
1559 2116 1638 2143 πάλιν
1648 2115 1864 2151 ἀναφλεχθέντος
1873 2125 1879 2132 ·
1892 2115 1948 2142 εἶτα

1158 2168 1176 2202 ἡ
1191 2165 1237 2192 τοῦ
1255 2164 1391 2191 Σαὸὂάτου
1406 2162 1496 2197 ἡμέρα
1512 2161 1558 2196 ὅλη
1583 2160 1629 2186 καὶ
1650 2161 1666 2195 ἡ
1690 2159 1737 2192 νὺξ
1754 2160 1854 2194 αὐτῆς.
1871 2160 1903 2187 Οἱ
1923 2160 1947 2186 δὲ

1160 2211 1265 2247 ἡμέραν
1282 2209 1330 2244 μὲν
1341 2207 1389 2243 τὴν
1403 2205 1580 2242 Παρασκευὴν
1595 2204 1658 2240 ὅλην
1671 2204 1718 2231 καὶ
1729 2204 1780 2239 τὴν
1795 2203 1887 2231 νύκτα
1901 2205 1948 2230 αὖε

322 2269 375 2290 ven
390 2266 484 2295 totam,
498 2250 568 2291 diem
584 2250 759 2300 noctemque;
777 2250 923 2291 Sabbaturn
938 2250 1001 2291 item
1015 2268 1102 2291 totum

1154 2259 1215 2294 τῆς,
1228 2255 1366 2283 Σάϐϐατον
1376 2253 1435 2280 ὅλον
1446 2253 1493 2280 καὶ
1508 2251 1556 2286 τὴν
1573 2250 1658 2277 νύκτα
1672 2250 1768 2277 αὑτοῦ·
1785 2251 1838 2284 τῆς
1852 2251 1881 2277 δὲ
1896 2251 1947 2276 Κυ-

322 2308 437 2344 ejusque
462 2314 589 2343 noctem;
616 2310 762 2338 Dominicae
792 2314 881 2337 autem
906 2310 957 2338 diei
983 2310 1101 2341 initium,

323 2356 384 2383 loco
402 2355 513 2391 integrae
532 2355 586 2383 diei
609 2357 769 2389 metiuntur,
786 2365 838 2392 qua
857 2356 1004 2391 incipiente
1024 2356 1105 2383 Chri-

322 2405 381 2432 stus
394 2401 523 2429 surrexit.
547 2401 636 2436 Atque
660 2401 697 2429 ita
717 2407 773 2430 tres
791 2403 849 2430 dies
864 2402 968 2430 dicunt.
985 2401 1064 2429 Certe
1080 2405 1106 2428 et

323 2448 352 2474 in
365 2448 481 2475 mortuis
506 2455 537 2475 ac
557 2448 583 2474 in
602 2455 698 2476 recens
722 2450 791 2476 natis
815 2450 906 2484 pueris
923 2450 960 2476 ita
987 2449 1106 2476 solemus

321 2498 408 2522 totam
423 2494 494 2522 diem
513 2495 614 2528 metiri,
645 2496 701 2522 sive
718 2497 845 2522 nativitas
870 2496 1015 2530 contigerit
1035 2495 1103 2523 hora

319 2540 438 2571 decima.
452 2541 509 2568 sive
524 2540 567 2568 die
583 2541 751 2568 exordiente.
769 2541 814 2569 Sic
830 2541 911 2569 etiam
927 2541 1041 2569 mortuis
1055 2545 1105 2568 ter’

321 2586 359 2612 tia
377 2586 420 2614 die
440 2590 467 2614 et
478 2594 549 2620 nona
572 2590 599 2614 et
616 2586 825 2623 quadragesima
843 2586 956 2615 inferias
973 2587 1106 2622 legitimas

322 2631 447 2664 ferimus,
465 2632 536 2660 haud
563 2637 619 2660 tota
643 2634 723 2660 tertia
742 2640 804 2660 cum
827 2641 877 2660 sua
903 2637 993 2664 nocte,
1019 2639 1107 2666 neque

320 2679 377 2704 tota
392 2684 463 2703 nona
479 2685 541 2704 cum
563 2685 611 2705 sua
631 2679 694 2705 item
715 2682 804 2710 nocte,
821 2685 909 2712 neque
925 2681 980 2705 tota
995 2677 1108 2713 quadra-

325 2721 426 2754 gesima
452 2722 578 2749 similiter
591 2729 654 2749 cum
673 2730 722 2750 sua
738 2729 826 2755 nocte,
844 2724 892 2751 sed
908 2724 993 2751 initiis
1009 2728 1107 2750 morta-

326 2765 391 2796 lium
413 2766 519 2794 dierum
551 2768 692 2802 spectatis,
719 2769 794 2803 justa
821 2769 998 2801 absolvimus,
1026 2769 1108 2804 idque

326 2813 432 2845 tempus
444 2819 493 2846 pro
512 2812 556 2840 die
568 2813 671 2849 integra
690 2813 821 2842 habemus
834 2817 914 2849 atque
934 2815 1070 2844 metimur.

1151 2303 1255 2342 Ξριακῆς
1278 2300 1326 2336 τὴν
1352 2299 1437 2335 ἀρχὴν
1461 2299 1501 2329 εἰς
1517 2297 1623 2333 ἡμέραν
1641 2295 1787 2332 μετροῦσιν
1810 2297 1895 2331 ὅλην·
1914 2296 1948 2328 ὡς

1148 2341 1312 2396 ismarus
1328 2346 1377 2382 ἤδη
1393 2345 1454 2396 τιέῖε
1475 2343 1623 2396 ﬁxes“?
1644 2341 1762 2393 ὴτέεθη·
1781 2341 1949 2396 esse?“

1150 2387 1262 2433 ξὴμέρας
1277 2393 1408 2426 λέγουσιν.
1419 2390 1495 2416 Ἐπεὶ
1510 2390 1556 2415 καὶ
1572 2389 1617 2415 ἐπὶ
1632 2387 1736 2423 νεκρῶν
1757 2388 1806 2414 καὶ
1830 2388 1880 2414 ἐπὶ
1898 2387 1950 2414 τῶν

1149 2438 1305 2482 1ἀρτιγενῶν
1320 2436 1423 2464 παίδων
1437 2435 1522 2467 οὕτως
1539 2436 1647 2470 μετρεῖν
1667 2434 1727 2465 ἐθος
1743 2433 1808 2468 ὃλην
1829 2434 1949 2469 ἡμέραν,

1149 2479 1200 2519 iace
1219 2486 1268 2521 τὴν
1289 2484 1342 2512 ὰπὸ
1363 2484 1411 2518 τῆς
1433 2481 1548 2516 δεκάτης
1562 2480 1636 2516 ὥρας
1652 2479 1808 2515 ἀρξαμένην
1822 2480 1951 2514 γέννησιν

1149 2529 1321 2569 ξμετροῦμεν,
1336 2529 1353 2564 ἣ
1371 2528 1420 2564 τὴν
1437 2527 1491 2554 ἀπὸ
1505 2527 1555 2561 τῆς
1570 2525 1657 2561 ἀρχῆς
1669 2526 1718 2560 τῆς
1734 2525 1845 2560 ἡμέρας
1865 2526 1950 2561 ἀρξα-

1159 2580 1242 2616 μένην
1264 2578 1406 2612 γέννησιν·
1421 2575 1522 2610 ὁμοίως
1546 2574 1592 2601 καὶ
1608 2574 1653 2600 ἐπὶ
1664 2572 1769 2608 νεκρῶν
1787 2572 1841 2608 .‘r'hv
1856 2572 1952 2607 τρίτην

1157 2627 1262 2662 ἡμέραν
1289 2624 1336 2651 καὶ
1351 2623 1399 2658 τὴν
1413 2622 1510 2657 ἐνάτην
1535 2621 1580 2647 καὶ
1602 2620 1651 2654 τὴν
1673 2619 1903 2654 τεσσαρακοστὴν
1919 2619 1952 2645 τὰ

1157 2668 1336 2705 νενομισμένα
1364 2667 1518 2697 ποιοῦντες·
1542 2666 1591 2700 οὐχ
1615 2665 1678 2700 ὅλην
1692 2664 1742 2700 τὴν
1764 2663 1865 2700 τρίτην
1884 2663 1951 2699 μετὰ

1157 2717 1206 2752 τῆς
1224 2715 1320 2745 νυκτὸς
1340 2713 1439 2748 αὑτῆς’
1456 2712 1516 2739 οὐδὲ
1533 2712 1597 2747 ὃλην
1613 2711 1661 2746 τὴν
1680 2710 1780 2745 ἐνάτην
1812 2710 1886 2745 μετὰ
1903 2710 1951 2744 τῆς

1158 2761 1261 2793 οἰκείας
1271 2760 1367 2791 νυκτὸς
1376 2760 1460 2794 αὐτῆς
1469 2767 1476 2774 ·
1489 2758 1549 2784 οὐδὲ
1558 2758 1607 2792 τὴν
1618 2756 1842 2792 τεσσαρακοστὴν
1850 2756 1952 2791 ὁμοίως

1158 2807 1222 2842 ὃλην
1242 2805 1309 2842 μετὰ
1321 2805 1416 2836 νυκτὸς
1431 2804 1529 2838 αὐτῆς·
1545 2802 1612 2829 ἀλλὰ
1625 2803 1675 2834 τὰς
1687 2802 1775 2838 ἀρχὰς
1787 2802 1846 2828 τῶν
1857 2801 1950 2831 τελευ-

1159 2853 1242 2879 ταίων
1263 2850 1373 2886 ἡμερῶν
1398 2849 1513 2885 ὁρῶντες
1534 2848 1694 2883 ὲκτελοῦμεν
1711 2848 1745 2874 τὰ
1760 2847 1948 2882 πραττόμενα,

1160 2899 1223 2925 ὅλην
1237 2897 1341 2926 ἡμέραν
1353 2897 1453 2929 ταύτην
1467 2896 1513 2923 καὶ
1532 2895 1692 2930 μετροῦντες
1704 2895 1751 2922 καὶ
1764 2894 1947 2929 λογιζόμενοι.
