2065 3216
156 202 211 230 957

579 203 829 231 SUPPLEMENTA
849 201 1086 237 QUESTIONUM
1104 201 1150 229 AD
1169 199 1391 229 STEPHANUM’.

1737 201 1790 229 958

151 253 154 287 l
193 259 230 292 ς’.
250 258 320 286 Ἀλλ’
336 259 397 286 ὲπει
421 260 538 296 Χριστός
563 268 656 296 φησιν,
667 262 740 296 τρεῖς
765 261 871 296 ἡμέρας
899 261 947 287 καὶ

1039 258 1066 286 6.
1084 257 1138 285 Sed
1150 258 1279 293 quoniam
1302 257 1429 289 Christus
1448 257 1555 286 dixerat
1568 257 1601 290 ",
1619 258 1708 286 tribus
1730 258 1788 287 die-

153 307 232 341 τρεῖς
253 305 355 338 νύκτας
378 306 407 332 ἐν
430 307 463 341 τῇ
488 306 586 342 καρδίᾳ
596 307 645 341 τῆς
659 307 710 342 γῆς
723 306 829 342 ἔσομαι,
847 306 903 332 ἔστι
918 306 946 332 δὲ

153 351 243 383 οὕτως
258 353 345 378 εἰπεῖν
361 351 427 386 (61)·
441 349 495 387 ἆρα
516 353 540 378 εί
557 352 697 388 χρεώστην
714 352 946 387 ἐπαγγειλάμενον

151 396 194 432 τῷ
207 396 299 432 οἰκείῳ
314 397 438 432 δανειστῇ
458 398 526 432 μετὰ
538 399 612 433 τρεῖς
625 398 731 434 ἡμέρας
747 397 901 434 πληρώσειν
915 398 946 425 τὸ

151 442 247 478 χρέος,
263 442 315 478 πρὸ
331 443 380 478 τῆς
395 443 563 479 προθεσμίας
579 444 760 479 πληρώσαντα
773 444 943 479 θεασάμενοι,

149 487 191 520 ὡς
208 488 379 523 ψευσάμενον
395 489 552 525 κρινοῦμεν,
568 489 584 524 ἢ
598 490 636 521 ὡς
649 490 729 516 πλέον
741 490 943 525 ὰληθεὺσαντα;

151 534 211 561 Καὶ
228 534 331 566 ἄλλως·
349 536 372 561 εί
389 534 485 562 θᾶττον
499 535 516 570 ἢ
534 535 589 571 (42)
606 533 692 567 εἶπεν,
702 535 811 570 ἀνέστη,
826 536 914 562 πλέων
927 537 943 572 ἡ

151 580 279 616 δύναμις,
297 581 343 608 καὶ
356 580 482 616 ἔγκλημα
503 582 554 608 οὐκ
575 581 642 616 ἔχει·
659 581 690 608 τὸ
713 582 742 608 δὲ
762 582 878 617 βράδιον,
894 582 945 608 ὑπ-

152 626 235 660 οψίας
251 626 330 661 γέμει
342 626 389 652 καὶ
402 625 497 661 ψεῦδος
512 626 646 660 λογίζεται
659 627 817 661 γιγνόμενον
827 635 833 641 ·
847 625 943 660 ψεῦδος

155 673 217 708 μὲν,
232 673 273 699 ὃτι
290 672 427 707 παρῆλθεν
451 663 465 698 ό
486 672 590 708 λεχθεὶς
614 673 691 708 55m;-
711 671 830 698 ὕποπτον
850 672 888 704 δὲ,
902 673 942 698 ὅτι

151 719 210 746 τῶν
221 719 346 754 φυλάκων
360 719 604 755 ἀναχωρησάντων,
619 718 705 754 κλοπὴ
717 718 747 745 τὸ
758 719 872 754 πρᾶγμα
885 719 943 745 ὲνο-

154 765 240 801 μίσθη
259 765 301 792 ἄν.

1003 305 1054 332 bus
1067 304 1208 339 tribusque
1221 304 1348 331 noctibus
1363 311 1393 331 se
1412 304 1439 331 in
1454 303 1537 331 corde
1560 307 1640 332 terra:
1653 303 1787 338 futurum,

996 350 1070 377 lubet
1093 350 1130 377 ita
1149 350 1305 377 disserere:
1320 349 1417 384 siquis
1442 357 1496 377 tere
1521 349 1612 377 alieno
1635 349 1787 377 obstrictus

996 396 1126 424 creditori
1153 403 1202 423 suo
1228 396 1387 432 recepisset.
1406 403 1435 423 se
1451 400 1513 431 post
1532 399 1589 424 tres
1603 395 1662 424 dies
1686 396 1787 423 solutu-

996 450 1076 475 rum;
1098 443 1181 475 hunc,
1203 443 1325 477 inquam,
1346 442 1370 470 si
1387 446 1452 469 ante
1475 442 1630 470 condictam
1653 442 1725 470 diem
1748 449 1786 470 tes

995 490 1063 517 illud
1082 490 1233 518 dissolvere
1248 489 1415 521 videremus,
1429 489 1622 516 mendacemne
1644 497 1678 516 an
1700 489 1786 516 multo

995 536 1164 564 veraciorem
1193 535 1402 571 judicaremus?
1434 534 1580 567 Praeterea.
1610 535 1634 563 si
1659 535 1786 563 Christus

995 582 1084 614 ocius,
1109 590 1190 617 quam
1209 581 1403 617 spoponderat,
1429 582 1590 615 resurrexit,
1611 581 1698 616 major
1722 582 1787 609 hinc

995 627 1083 655 virtus
1093 627 1234 659 elucescit,
1246 627 1345 655 nedum
1358 627 1434 654 locus
1454 627 1657 662 reprehensioni
1668 631 1718 655 est.
1738 627 1787 654 Su-

995 672 1083 707 spicio
1094 678 1190 699 contra
1204 677 1286 707 atque
1300 671 1473 699 mendacium
1496 680 1528 699 ex
1546 672 1674 700 tarditate
1690 680 1787 701 consa

997 718 1150 753 quehantur
1173 728 1181 745 ε
1205 718 1388 752 mendacium,
1409 718 1472 753 quia
1492 719 1635 746 condictus
1655 719 1788 747 terminus

995 762 1092 789 fuisset
1107 763 1233 797 elapsus;
1250 763 1381 797 suspicio,
1399 763 1476 798 quia,
1494 763 1684 792 recedentibus
1698 768 1788 793 custo-

995 808 1087 842 dibus,
1103 816 1136 836 αι
1151 816 1196 837 res
1212 808 1280 836 furti
1293 809 1392 837 fuisset
1405 809 1576 837 insimulata;

784 886 963 914 EXPLICIT
978 886 1163 916 ΕΡῙΤΟΜΕ.

824 1073 1084 1120 LECTORI

196 1169 330 1198 Hactenus
345 1171 475 1198 edidimus
494 1171 644 1198 continuam
660 1175 737 1205 atque
753 1169 888 1196 illibatam
910 1168 1054 1196 Eusebiani
1074 1169 1160 1203 operis
1175 1170 1290 1204 priscam
1310 1176 1335 1197 et
1359 1173 1517 1206 prarclaram
1539 1171 1690 1207 Epitomen,
1708 1177 1786 1207 prout

153 1225 188 1244 cit
213 1222 252 1244 est
272 1218 300 1244 in
322 1217 498 1252 pulcherrimo
520 1217 607 1244 codice
627 1216 753 1243 Palatino
780 1215 840 1244 Vat.
863 1214 972 1246 CCXX,
1007 1223 1023 1241 ιι
1045 1215 1065 1250 ί.
1089 1215 1119 1242 61
1143 1224 1224 1251 usque
1245 1217 1280 1243 ad
1295 1217 1340 1251 96,
1360 1218 1405 1245 ubi
1421 1226 1485 1252 opus
1502 1226 1592 1253 reapse
1604 1219 1783 1249 concluditur.

155 1264 257 1290 relictis
270 1263 389 1297 deinceps
412 1264 515 1298 paginis
529 1264 614 1298 puris.
632 1262 751 1289 Fuerunt
767 1266 864 1292 autem.
883 1266 909 1287 ut
934 1261 1057 1293 vidimus,
1073 1262 1231 1296 quaestiones
1253 1271 1306 1295 xx;
1329 1264 1429 1291 scilicet
1452 1265 1486 1290 ad
1500 1264 1662 1299 Stephanum
1675 1271 1733 1297 xvi,
1750 1265 1784 1291 ad

154 1309 296 1336 Marinum
317 1317 354 1337 tv.
375 1309 534 1344 Quanquam
548 1317 606 1336 uero
626 1309 707 1335 variis
730 1315 762 1334 e1:
782 1306 898 1341 fontibus
917 1306 992 1333 nobis
1013 1307 1182 1340 suppetebant
1196 1308 1331 1343 utriusque
1344 1310 1431 1343 partis
1446 1309 1635 1343 supplementa.
1652 1309 1784 1336 noluimus

154 1366 189 1384 ea
204 1365 262 1384 cum
279 1356 400 1392 Epitome
416 1356 571 1387 admiscere.
584 1365 615 1383 ne
629 1355 721 1389 scripti
740 1362 785 1389 per
800 1362 827 1380 se
842 1353 961 1380 concinni
979 1357 1003 1379 et
1019 1352 1127 1387 perfecti
1147 1353 1241 1380 seriem
1263 1354 1456 1388 quodammodo
1473 1355 1512 1382 his
1527 1356 1631 1382 insertis
1646 1355 1785 1390 perturba-

156 1412 257 1431 remus.
282 1402 359 1430 Nunc
380 1408 467 1430 tamen
486 1403 665 1437 supplementa
684 1409 742 1437 qua:
761 1400 904 1427 invertimus
924 1403 980 1425 tum
997 1400 1172 1433 quastionum
1186 1400 1221 1428 ad
1244 1399 1406 1435 Stephanum
1428 1406 1483 1428 tum
1501 1402 1582 1428 etiam
1601 1402 1634 1428 ad
1649 1401 1785 1429 Marinum

155 1449 319 1477 subtexenda
340 1454 410 1476 sunt.
430 1448 462 1474 Et
477 1449 590 1484 printum
613 1449 693 1475 lauta:
713 1447 813 1481 aliquot
835 1450 923 1480 partes
942 1452 974 1471 ex
996 1453 1093 1480 magna
1117 1455 1168 1474 ms.
1190 1451 1284 1474 catena
1308 1446 1410 1474 Niccta:
1425 1447 1459 1473 ad
1483 1447 1582 1474 Lucam
1603 1448 1630 1474 in
1646 1447 1735 1475 codice
1749 1449 1783 1479 Α,

155 1505 205 1524 seu
228 1496 287 1523 Vat.
308 1495 388 1527 16H.
409 1504 475 1530 quas
491 1504 543 1523 non
559 1503 590 1522 ea:
607 1494 724 1529 Epitome
742 1493 787 1521 sed
802 1501 834 1520 ea:
848 1493 949 1526 integro
967 1499 1041 1525 opere
1055 1491 1190 1527 decerptus
1208 1493 1292 1528 fuisse
1306 1497 1434 1527 apparet;
1448 1501 1598 1529 quanquam
1617 1494 1671 1528 ipse
1685 1502 1786 1529 quoque

158 1543 270 1571 Nicetas
285 1543 386 1570 videtur
398 1543 539 1576 interdum,
556 1547 584 1569 ut
600 1544 630 1578 ﬁt
644 1546 670 1571 in
685 1545 796 1575 catenis,
815 1545 957 1572 Eusebium
971 1543 1136 1576 diminuere;
1150 1545 1225 1580 cujus
1240 1545 1277 1572 rei
1295 1545 1421 1571 indicium
1448 1549 1497 1576 est,
1513 1544 1582 1579 quod
1597 1544 1742 1579 aliquando
1758 1546 1784 1572 in

156 1590 279 1624 Epitome
307 1595 367 1616 sunt
398 1589 497 1624 aliquot
518 1590 666 1624 particulre,
696 1600 762 1626 quas
786 1591 894 1619 Nicetes
924 1591 1056 1618 subtrahit
1078 1599 1086 1617 :
1107 1592 1157 1618 etsi
1180 1592 1279 1627 alioqui
1301 1592 1329 1619 in
1353 1590 1471 1618 laudatis
1491 1600 1508 1618 α
1523 1590 1618 1618 Niceta
1648 1591 1780 1626 partibus.

155 1635 289 1662 Eusebius
310 1635 461 1672 plerumque
485 1637 582 1672 integer
604 1643 653 1670 est,
675 1643 699 1665 et
724 1637 817 1673 ubique
838 1638 949 1672 plenior.
981 1636 1060 1664 Nunc
1083 1637 1165 1672 igitur
1178 1638 1265 1672 priore
1289 1637 1346 1665 loco
1366 1637 1546 1672 supplementa
1564 1637 1736 1672 quastionum
1750 1637 1785 1665 ait

154 1681 334 1715 Stephanum.

627 1785 867 1831 EUSEBII
916 1786 1322 1832 CIESARIENSIS

283 1880 342 1911 EX
367 1879 634 1912 INTEGRIORE
655 1879 796 1912 OPERE
813 1881 1101 1918 QUAESTIONUM
1119 1881 1484 1913 EVANGELICARUM
1499 1881 1662 1912 PARTES

658 1946 661 1949 -
677 1963 710 1993 in
724 1963 840 1995 Nicetw
861 1963 979 1994 Catena
994 1973 1050 1994 ms.
1074 1965 1116 1996 ad
1130 1964 1258 1996 Lucam.

962 2043 999 2050 .—

194 2088 230 2113 a'.
251 2085 305 2119 (45)
326 2085 392 2120 Περὶ
415 2084 443 2111 δὲ
465 2084 512 2111 τοῦ
537 2085 582 2110 τὸν
597 2083 736 2111 Ματθαῖον
760 2083 863 2112 ἄνωθεν
883 2094 948 2112 κατ-

1034 2086 1061 2113 1.
1079 2084 1158 2118 Quod
1185 2083 1330 2112 Matthaius
1354 2091 1474 2118 superne
1496 2082 1686 2111 successiones
1701 2081 1790 2109 dedu-

153 2132 238 2166 άγειν
253 2131 302 2162 τὰς
317 2130 452 2166 διαδοχὰς,
467 2131 511 2156 τὸν
528 2130 556 2156 δὲ
569 2131 674 2157 Λουκᾶν
687 2130 820 2157 ἀνάπαλιν
831 2139 947 2166 πεποιη-

155 2178 248 2209 κέναι,
264 2177 328 2213 μίαν
350 2178 395 2204 Xa).
410 2177 458 2213 τὴν
479 2177 564 2212 αὐτὴν
583 2177 641 2204 ὁδὸν
664 2177 855 2212 πορευθέντας,
872 2178 946 2205 οὐδὲν

155 2223 364 2259 ἐπιμέμφεσθαι
380 2223 434 2249 δεῖ·
451 2223 512 2249 ἐπε)⁵
529 2223 575 2250 καὶ
589 2223 652 2254 τοὺς
668 2223 768 2258 ἀνάντη
789 2224 835 2250 καὶ
857 2223 947 2259 ὄρθιον

158 2270 275 2306 πορείαν
291 2269 425 2300 ἀνιόντας.
441 2270 488 2296 καὶ
513 2270 577 2301 τοὺς
599 2268 716 2304 ἔμπαλιν
740 2269 784 2295 διὰ
800 2269 848 2304 τῆς
864 2269 948 2304 αὐτῆς

156 2315 313 2347 κατιόντας,
327 2315 377 2342 οὐκ
402 2315 433 2342 ἄν
459 2323 500 2347 τις
524 2315 620 2350 ἑτέραν
643 2315 710 2350 φαίη
738 2314 864 2350 βαδίζειν,
883 2316 948 2350 μιᾶς

154 2361 324 2397 ἀμφοτέροις
342 2360 469 2395 κειμένης
483 2361 539 2391 τοῖς
550 2368 579 2386 τε
595 2360 697 2386 ἀνιοῦσι
711 2360 756 2386 καὶ
770 2361 826 2392 τοῖς
839 2360 948 2387 κατιοῦ-

155 2417 185 2434 σι
199 2407 305 2443 τρίὸου,
319 2408 371 2434 Τὸν
394 2407 475 2434 αὑτὸν
498 2406 563 2441 γοῦν
586 2407 686 2442 τρόπον
706 2407 752 2433 καὶ
769 2407 813 2433 ἐπὶ
827 2407 876 2441 τῆς
893 2407 947 2433 τῶν

155 2454 246 2489 γενῶν
262 2454 385 2490 διαδοχῆς
401 2453 542 2489 πάρεστιν,
556 2453 609 2488 ὅτῳ
624 2453 698 2487 φίλον
712 2454 755 2479 ἐπ’
770 2453 893 2486 ἐξουσίας
905 2453 948 2480 διὰ

157 2501 216 2529 τῶν
232 2500 331 2532 αὐτῶν,
347 2501 404 2532 τοῖς
418 2500 467 2535 μὲν
482 2499 603 2526 κάτωθεν
626 2500 672 2526 ἐπὶ
694 2499 757 2531 τοὺς
772 2499 865 2535 πρόσω
877 2499 949 2526 ἀνιέ-

156 2555 215 2579 ναι,
230 2547 285 2578 τοῖς
297 2545 325 2572 δὲ
340 2545 394 2572 ἀπὸ
406 2545 460 2572 τῶν
471 2545 573 2572 ἀνωθεν
584 2544 762 2580 προπατόρων
776 2544 946 2580 ἀρξαμένοις,

155 2593 207 2620 ἐπὶ
230 2593 292 2624 τοὺς
312 2592 443 2623 ὑστάτους
457 2591 636 2626 καταλήγειν·
652 2587 728 2622 οὗτος
741 2591 769 2617 δὲ
781 2591 826 2617 καὶ
841 2591 947 2626 πόρρω-

155 2640 206 2666 θεν
224 2638 359 2674 Ἑϐραίοις
375 2637 448 2673 φίλος
461 2635 494 2672 ἦν
508 2637 521 2662 ὁ
536 2637 645 2672 τρόπος,
661 2640 725 2668 etc.,
738 2641 766 2663 ut
782 2637 809 2662 in
821 2637 947 2671 impressa

155 2694 172 2711 ιι
182 2684 257 2711 nobis
274 2685 396 2719 epitome,
413 2683 464 2710 col.
481 2683 542 2714 891,
555 2683 603 2709 lin.
617 2682 634 2709 4
648 2691 663 2709 a
678 2683 739 2716 fine.
754 2691 834 2717 usque
852 2683 886 2709 ad
900 2682 947 2709 τοῦ

154 2730 285 2767 Σωτῆρος
293 2730 373 2766 ἡμῶν
379 2729 641 2764 εὐαγγελιστάς,ιοί.
650 2728 712 2761 895,
720 2729 768 2756 lin.
782 2728 826 2756 3⁵1.
838 2729 896 2755 Εἰδ*
907 2729 947 2755 ὅτι

194 2797 218 2814 ⁸³
237 2797 333 2825 Matth.
353 2805 408 2829 xu,
427 2797 471 2824 40.

195 2854 252 2887 (41)
272 2854 407 2889 Expilarit
427 2854 495 2881 hanc
508 2853 617 2881 Eusebii
633 2853 810 2888 quaestionem
827 2852 948 2882 Isidorus

154 2890 297 2917 Pelusiota
315 2888 358 2925 ep.
374 2889 402 2920 ἓ.
415 2889 479 2921 212,
493 2890 575 2916 tacito
591 2889 712 2916 auctoris
727 2889 854 2922 nomine;
870 2888 944 2917 idco-

155 2933 214 2962 que
227 2926 349 2961 ejusdem
370 2925 471 2954 solutio
485 2925 590 2961 jamdiu
610 2929 674 2953 nota
687 2930 754 2953 erat.

1000 2136 1054 2165 cat,
1072 2131 1161 2159 Lucas
1175 2138 1240 2158 vero
1260 2130 1401 2158 contrario
1423 2129 1519 2157 ordine
1541 2133 1645 2161 utatur,
1667 2129 1787 2164 quando-

998 2178 1108 2214 quidem
1135 2177 1230 2205 eadem
1257 2176 1302 2203 via
1331 2180 1446 2211 uterque
1468 2175 1600 2211 graditur,
1626 2175 1717 2202 nullus
1741 2179 1785 2202 est

998 2223 1204 2260 reprehensioni
1220 2223 1307 2250 locus.
1324 2221 1392 2249 Nam
1407 2226 1435 2250 et
1447 2221 1509 2250 illos
1525 2221 1571 2256 qui
1586 2229 1711 2257 prorsum
1727 2228 1784 2249 sur-

998 2278 1115 2305 sumque
1141 2269 1304 2301 ascendunt,
1327 2273 1355 2295 et
1377 2268 1438 2295 illos
1455 2268 1501 2302 qui
1530 2262 1786 2296 adversum'eadem

997 2317 1041 2344 via
1061 2316 1250 2347 descendunt,
1278 2314 1349 2342 haud
1374 2314 1519 2349 quisquam
1552 2313 1653 2341 diceret
1677 2312 1786 2340 diverso

998 2362 1106 2390 tramite
1119 2361 1248 2397 incedere
1265 2370 1272 2388 :
1295 2361 1359 2395 quia
1373 2360 1479 2388 scilicet
1493 2367 1545 2387 una
1562 2360 1597 2386 ab
1610 2359 1743 2393 utrisque,
1758 2358 1784 2385 id

998 2411 1040 2435 est
1054 2407 1088 2434 ab
1105 2406 1318 2434 ascendentibus
1338 2405 1631 2440 descendentibusque,
1657 2404 1702 2431 via
1725 2404 1787 2430 teri-

999 2457 1054 2480 tur.
1071 2452 1132 2480 Pari
1146 2460 1210 2488 ergo
1225 2451 1306 2479 modo
1318 2452 1399 2479 etiam
1423 2451 1452 2479 in
1479 2450 1655 2478 recensendis
1672 2449 1785 2485 generis

998 2498 1232 2530 successionibus,
1263 2505 1312 2533 pro
1336 2498 1471 2532 cujusque
1491 2497 1569 2524 libito
1592 2496 1634 2523 vel
1658 2495 1693 2522 ab
1723 2495 1785 2523 imis

999 2553 1109 2573 sursum
1125 2544 1247 2576 tendere,
1265 2544 1308 2571 vel
1328 2552 1343 2571 a
1354 2544 1462 2578 superis
1477 2547 1558 2578 capto
1572 2541 1650 2568 initio
1662 2541 1787 2576 progeni-

999 2593 1106 2620 toribus
1119 2593 1146 2620 in
1162 2594 1317 2628 postremos
1331 2591 1457 2618 desinere
1472 2590 1543 2616 licet.
1559 2588 1648 2622 Atque
1662 2587 1706 2614 hic
1726 2594 1786 2616 nios

999 2638 1150 2672 antiquitus
1166 2636 1287 2664 Hebraeis
1309 2636 1420 2671 placuit,
1439 2639 1492 2662 ctc.
1508 2633 1585 2668 Quod
1601 2633 1636 2666 si,
1654 2633 1718 2668 quia
1735 2640 1786 2660 nec

998 2682 1088 2710 Lucas
1105 2682 1256 2710 ascendens
1275 2682 1399 2709 substitit
1421 2681 1448 2707 in
1464 2680 1630 2711 Abrahamo.
1648 2685 1698 2706 nec
1721 2677 1787 2705 Mat‘

999 2729 1087 2757 thazus
1101 2729 1135 2756 ab
1147 2729 1252 2756 Adamo
1267 2729 1391 2763 inicepit,
1404 2728 1431 2755 in
1457 2734 1536 2762 quem
1559 2725 1649 2753 Lucas
1671 2725 1785 2758 desivit;

1039 2852 1095 2887 (42)
1116 2852 1196 2879 Deest
1216 2851 1241 2878 in
1260 2858 1355 2878 conice
1366 2850 1500 2886 particula
1516 2849 1543 2884 ἦ,
1562 2856 1622 2884 qua:
1635 2852 1727 2876 tamen
1741 2845 1787 2874 hic

1000 2889 1086 2916 omini
1103 2895 1156 2914 non
1173 2887 1276 2913 debuit.

1036 2923 1091 2959 (45)
1111 2922 1178 2950 Cod.
1194 2923 1226 2955 Α,
1246 2922 1264 2949 t.
1278 2921 1320 2948 63.
1334 2920 1434 2949 Confer
1451 2925 1548 2956 quaest.
1565 2927 1597 2947 ii.
