2065 3216
291 171 344 199 9'9

622 169 754 197 EUSEBII
771 169 1012 201 CJESAHIENSIS
1030 170 1106 198 ΟΡΡ.
1127 169 1218 197 PARS
1236 168 1280 195 Ill.
1298 183 1333 188 —
1351 166 1560 195 EXEGETICA.

1863 166 1917 194 960

291 229 395 257 idcirco
409 229 536 256 dissonos
547 228 616 256 inter
631 237 660 257 se
678 230 861 264 evangelistas
877 230 978 265 aliquis
992 229 1075 262 dicat,

1135 229 1170 264 μὴ
1188 227 1268 263 μέχρι
1286 226 1334 253 τοῦ
1357 226 1481 262 ’Δὸραὰμ
1504 225 1552 252 καὶ
1574 226 1588 252 6
1610 225 1716 257 Λουκᾶς
1737 224 1819 251 ἀνιὼν
1840 224 1916 260 ἔστη,

292 282 347 302 non
369 278 442 302 recte
456 273 572 308 judical.
594 273 712 309 Uterque
732 276 804 302 enim
827 275 993 310 evangelista
1014 282 1078 309 pro-

292 321 353 356 prio
367 320 473 348 calculo
487 320 701 355 descriptionem
714 321 841 356 exposuit
854 330 862 354 ;
879 321 958 348 aliter
969 321 1077 356 quidem

290 375 326 394 ex
345 366 502 394 Abrahamo
517 365 662 401 incipiens,
687 367 757 394 alter
776 367 864 402 ipsum
892 367 1078 394 Abrahamum

291 411 502 447 supergradiens
521 432 528 444 ,
541 413 574 439 ad
597 412 714 448 primum
730 421 816 447 usque
835 413 972 440 hominem
987 420 1080 440 ascen-

290 458 348 490 dit;
374 465 461 492 neque
485 457 511 484 in
534 457 584 484 hoc
602 457 661 492 ipso
686 457 852 489 consistens,
878 458 1000 485 historiae
1023 465 1079 484 sum

293 504 391 531 seriem
409 511 469 530 cum
481 502 535 530 Deo
547 503 695 530 connectit.
715 505 845 536 Quaenam
874 511 959 538 porro
982 504 1009 530 in
1036 503 1081 530 his

294 550 473 584 repugnantia
496 549 554 576 est?
575 549 598 576 si
621 549 747 576 Matthaw
768 548 878 584 quidem
901 549 988 577 visum
1016 550 1081 576 utiie

293 600 347 626 est,
362 596 398 623 ob
420 596 563 630 scriptura.-
583 604 638 623 sua:
652 596 818 627 institutum,
829 603 864 623 ex
879 595 1036 623 Abrahamo
1053 599 1081 623 et

294 641 424 677 deinceps
439 642 622 676 genealogiam
639 641 887 669 deducere:Lucaa
913 645 1003 668 autem
1027 641 1084 676 pla-

294 687 362 719 cuit,
379 693 488 722 propter
502 688 717 722 regenerationis
740 688 766 714 in
780 687 890 716 Christo
901 688 1075 723 mysterium,

295 742 405 762 sursum
428 734 578 769 provehere
602 734 739 761 hominem
765 734 875 761 lavacro
892 738 1080 768 regeneratum

295 781 366 808 ultra
382 780 528 815 cujuslibet
544 780 730 815 generationis
755 780 832 808 ﬁnes.
856 779 977 808 Observa
996 780 1080 812 enim,

295 834 358 854 eum
377 831 434 854 toto
450 834 500 854 suo
516 834 641 854 sermone
659 827 821 854 vocabulum
835 827 1018 862 generationis
1041 834 1082 853 rc-

296 872 391 904 ticere,
409 873 455 900 sed
483 873 575 901 Jesum
600 873 795 901 retrocedendo
819 872 980 904 subvehere,
995 873 1082 900 donec

1133 273 1201 309 μηδὲ
1217 274 1231 300 6
1246 273 1383 304 Ματθαῖος
1400 272 1453 299 ἀπὸ
1469 271 1515 298 τοῦ
1534 271 1620 307 Ἀδὰμ
1635 270 1735 307 ἤρξατο
1755 272 1797 305 ἐφ’
1811 271 1841 298 ὃν
1853 279 1918 297 κατ-

1131 319 1225 355 έληξεν
1247 320 1261 346 ὀ
1283 319 1400 350 Λουκᾶς,
1416 319 1558 353 διαφωνεῖν
1581 326 1623 350 τις
1647 317 1745 349 αὐτοὺς
1759 317 1844 351 λέγοι,
1867 317 1918 344 οὐκ

1131 366 1218 402 ὀρθῶς
1242 365 1342 392 οἴεται·
1358 365 1487 400 ἑκάτερος
1510 364 1564 399 γὰρ
1587 363 1676 391 αὐτῶν
1689 363 1781 399 οἰκείῳ
1795 363 1917 399 λογισμῷ

1131 413 1180 447 τὴν
1203 411 1309 438 ἔκθεσιν
1334 412 1479 447 πεποίηται
1502 412 1549 447 τῆς
1571 411 1689 447 γραφῆς,
1703 412 1718 438 6
1741 411 1791 446 μὲν
1813 412 1846 437 ἐκ
1870 410 1917 437 τοῦ

1139 459 1263 495 Ἀϐραάμ
1276 458 1436 495 ἀρξάμενος,
1453 459 1466 484 ό
1482 458 1508 485 δὲ
1525 458 1572 484 καὶ
1586 458 1631 485 τὸν
1644 457 1768 493 ’Δϐραὰμ
1785 455 1916 492 ὑπερϐὰς,

1133 506 1178 532 ὲπί
1191 514 1219 532 τε
1234 505 1279 532 τὸν
1293 505 1401 541 πρῶτον
1417 504 1559 540 ἄνθρωπον
1572 503 1704 530 ἀνελθών·
1721 503 1766 530 καὶ
1783 503 1850 538 μηδὲ
1868 502 1917 538 μὲ-

1133 561 1179 588 χρι
1204 551 1298 578 τούτου
1323 551 1399 584 στὰς,
1415 551 1460 577 τὸν
1484 550 1573 577 πάντα
1589 550 1617 576 δὲ
1633 549 1710 584 λόγον
1733 549 1778 575 ἐπὶ
1793 549 1840 575 τὸν
1853 547 1919 574 Θεδν

1133 599 1302 634 ἀναρτήσας*
1324 596 1388 623 ποία
1409 597 1462 632 γάρ
1487 598 1515 623 ὲν
1537 595 1641 633 τούτοις
1664 595 1754 631 μάχης
1771 595 1802 621 Εἰ
1816 594 1856 630 τῷ
1871 595 1918 629 μὲν

1133 644 1266 679 χρήσιμος
1277 644 1363 678 ἐφάνη
1374 645 1390 678 ἠ
1402 643 1456 669 ἀπὸ
1470 641 1515 668 τοῦ
1529 641 1653 677 Ἀϐραὰμ
1665 641 1712 667 καὶ
1724 641 1770 667 ἐπὶ
1784 641 1846 672 τοὺς
1856 640 1918 675 ἑξῆς

1133 690 1301 725 γενεαλογία,
1318 689 1362 716 διὰ
1378 690 1426 724 τὴν
1439 687 1592 722 οἰκονομίαν
1605 687 1651 713 τοῦ
1663 687 1726 723 παρ’
1742 686 1816 721 αὐτῷ
1827 686 1918 720 λόγου,

1134 737 1148 763 6
1163 737 1191 763 δὲ
1207 736 1249 763 διὰ
1262 737 1292 762 τὸ
1303 736 1353 771 τῆς
1366 737 1394 762 'ev
1407 733 1516 770 Χριστῷ
1536 733 1744 767 παλιγγενεσίας
1760 733 1920 768 μυστήριον,

1134 779 1292 812 ἀναϐιϐάζει
1317 779 1363 807 τὸν
1379 779 1422 805 διὰ
1441 777 1552 813 λουτροῦ
1569 776 1776 812 γεγεννημένον,
1792 777 1922 804 ἐπέκεινα

1135 827 1243 862 ἀπάσης
1258 825 1389 860 γενέσεως
1401 832 1408 839 ⁶
1426 824 1504 859 τήρει
1517 823 1570 859 γὰρ
1590 823 1631 849 ὅτι
1651 822 1683 849 δι’
1697 823 1758 849 ὅλου
1777 822 1824 849 τοῦ
1841 823 1920 857 λόγου

1136 871 1290 906 σεσιώπηκε
1314 871 1344 897 τὸ
1369 870 1419 906 τῆς
1443 869 1577 903 γενέσεως
1597 868 1692 904 ὄνομα,
1706 869 1767 903 ἄγει
1788 877 1818 896 τε
1841 869 1922 895 αὑτὸν

296 927 352 946 non
376 919 403 946 in
420 919 529 946 homine
554 920 646 955 aliquo
661 919 744 952 sistit,
768 919 815 947 sed
839 919 866 946 in
885 919 945 954 ipso
958 919 1079 946 omnium

1135 918 1251 952 ἀνάγων,
1270 916 1318 943 καὶ
1332 916 1439 952 ἵστησιν
1462 917 1512 942 οὐκ
1534 916 1578 944 ὲπί
1601 925 1661 942 τινα
1683 915 1845 951 ἀνθρώπων,
1864 915 1921 942 ἀλλ’

297 962 363 996 Deo,
384 964 428 991 cui
445 964 521 991 illum
534 969 626 1000 utpote
638 964 737 991 Filium
752 964 826 991 Patri
842 965 964 999 copulat.

331 1054 358 1080 2.
385 1053 442 1090 Age
455 1061 521 1082 vero
540 1058 570 1081 ut
589 1054 626 1081 ita
643 1054 724 1082 etiam
741 1054 880 1089 loquentis
896 1061 1078 1089 coarguamus

297 1100 473 1134 imperitiam,
498 1104 580 1135 atque
605 1104 635 1127 ut
663 1107 743 1128 nemo
765 1100 890 1127 veritatis
909 1100 1082 1135 ignoratione

296 1145 425 1181 deinceps
456 1147 616 1175 scandalum
640 1147 770 1181 patiatur,
793 1146 940 1182 genuinam
957 1151 1024 1174 actas
1043 1146 1082 1173 rei

297 1193 442 1221 historiam
460 1200 608 1227 exponam.
633 1191 662 1219 In
685 1193 781 1227 primis
798 1200 863 1221 vero
880 1192 1015 1227 objectam
1033 1200 1083 1220 no-

296 1239 340 1268 bis
355 1239 571 1274 propositionem
589 1238 768 1266 considerare
781 1247 850 1273 opus
863 1243 914 1266 est.
937 1238 1083 1266 Matthzeus

296 1285 407 1320 quidem
431 1293 464 1312 ex
489 1284 647 1312 Abrahamo
673 1284 708 1312 ad
728 1284 868 1317 Davidem,
893 1289 974 1319 atque
990 1284 1027 1311 ita
1049 1283 1083 1310 ad

299 1329 473 1357 Salomonem
501 1330 615 1365 ejusque
632 1337 807 1357 successores
830 1338 918 1364 usque
943 1329 977 1356 ad
1003 1328 1083 1356 Jaco-

297 1375 373 1408 bum,
403 1374 475 1403 unde
500 1379 577 1403 ortus
591 1375 727 1410 Iosephus
748 1375 851 1403 Christi
868 1379 979 1411 putatus
994 1380 1082 1410 pater,

297 1421 449 1449 descendit.
479 1421 568 1450 Lucas
583 1426 673 1450 autem
693 1421 842 1456 Josephum
863 1422 935 1449 haud
949 1430 983 1449 ex
1000 1421 1082 1450 Jaco-

298 1468 333 1494 bo
344 1467 382 1494 ait
393 1471 495 1499 ortum,
511 1471 541 1494 ut
559 1467 720 1501 Matthaeus;
733 1467 781 1495 sed
793 1476 827 1495 ex
844 1467 902 1495 Heli
919 1468 1081 1501 ascendens.

298 1511 333 1540 ad
349 1516 463 1539 cmteros
478 1513 576 1547 pergit,
590 1520 707 1547 quorum
724 1513 828 1540 nullum
850 1512 991 1541 Matthaeus
1008 1520 1084 1540 com-

298 1563 442 1586 memorat.
453 1560 540 1594 Atque
550 1559 586 1586 ita
594 1559 732 1594 obliquam
744 1560 827 1586 veluti
839 1559 989 1587 decurrens
999 1561 1082 1592 viam,

299 1612 472 1639 nequaquam
486 1604 520 1631 ad
536 1604 711 1632 Salomonem
735 1604 844 1632 devenit
860 1605 969 1633 Davidis
984 1606 1080 1638 lilium,
1097 1596 1118 1624 (ἶ

298 1650 346 1678 sed
374 1651 407 1678 ad
433 1650 588 1678 Natlianum
618 1651 664 1686 qui
689 1660 766 1687 aeque
791 1651 841 1678 fuit
863 1651 974 1679 Davidis
1000 1652 1083 1680 ﬁlius.

298 1696 380 1732 Atqui
395 1698 573 1732 oportuisset,
592 1697 616 1725 si
629 1706 712 1725 unam
728 1702 841 1733 uterque
852 1699 1022 1734 evangelista
1038 1707 1086 1734 ge-

298 1743 451 1778 nealogiam
476 1744 595 1775 texebat,
613 1744 656 1772 vel
669 1743 771 1771 Lucam
788 1744 911 1772 eamdem
930 1752 994 1772 cum
1015 1744 1086 1771 Mat-

299 1789 372 1816 than
383 1788 482 1816 seriem
500 1792 657 1821 contexere,
675 1789 718 1816 vel
736 1788 890 1816 Matthzeum
903 1788 1009 1821 eadem,
1024 1797 1086 1824 quae

299 1835 382 1863 habet
403 1834 502 1867 Lucas,
515 1835 628 1862 nomina
648 1835 775 1863 recitare.
802 1835 834 1862 Hi
851 1843 916 1862 vero
929 1835 997 1863 adeo
1018 1836 1086 1863 invi-

299 1888 359 1908 cem
374 1889 429 1908 non
451 1880 620 1915 conspirant,
641 1884 671 1907 ut
690 1881 759 1908 alter
781 1880 879 1908 Jacobi
903 1880 988 1908 ﬁlium
1011 1881 1086 1909 dicat

299 1925 448 1961 Josephum
465 1934 497 1953 ac
509 1925 665 1953 Salomonis
679 1925 780 1953 Davide
796 1927 896 1962 geniti:
911 1927 980 1954 alter
992 1931 1082 1954 autem

306 1979 362 1999 non
382 1971 488 2004 Jacobi,
505 1971 552 1999 sed
569 1971 628 1999 Heli
649 1979 682 1999 ac
701 1971 821 1999 Nathani
845 1971 945 2001 Davide
958 1973 1022 2000 item
1038 1981 1085 2008 ge-

300 2017 369 2045 niti:
393 2026 447 2053 quo
467 2018 605 2046 scribendi
625 2018 751 2046 instituto
776 2027 942 2054 magnopere
966 2019 1038 2047 inter
1057 2027 1087 2047 se

300 2065 435 2094 dissidere
462 2065 603 2092 videntur.
626 2079 663 2085 —-
691 2064 835 2098 Quomodo
863 2065 945 2100 igitur
972 2065 1087 2100 objecta:

301 2110 479 2148 propositioni
504 2110 705 2138 occurrendum
719 2109 778 2138 est!
789 2110 896 2146 Agesis.
911 2111 1009 2139 anima:
1022 2119 1087 2146 ape-

301 2157 403 2184 rientes
423 2155 544 2188 oculum,
561 2155 703 2184 vocabulis
724 2155 792 2190 ipsis
819 2160 947 2183 accurate
969 2160 1085 2184 mentem

302 2202 488 2234 intendamus,
516 2205 543 2229 et
578 2201 645 2236 quid
676 2201 749 2229 dicat
776 2200 865 2229 Lucas
894 2201 1083 2237 inspiciamus.

1133 964 1178 990 ἐπὶ
1199 963 1244 990 τὸν
1268 963 1375 990 πάντων
1396 962 1472 994 Θεὸν,
1488 963 1626 998 μονονουχὶ
1645 961 1799 998 προσάγων,
1823 961 1870 988 ᾶτε
1890 961 1922 997 δὴ

1134 1010 1197 1037 Υἱδν
1209 1009 1357 1044 γενόμενον
1371 1008 1409 1044 τῷ
1425 1008 1522 1044 Πατρί-

1169 1056 1202 1091 β’.
1220 1055 1275 1091 (44)
1290 1056 1349 1082 Ἵνα
1363 1053 1409 1082 οὖν
1424 1055 1472 1082 καὶ
1490 1053 1568 1080 τοῦτο
1587 1054 1727 1090 εἰρηκότος
1741 1053 1790 1089 τὴν
1803 1053 1922 1089 ἀμαθίαν

1133 1102 1302 1137 ὲλέγξωμεν,
1327 1101 1476 1136 παύσωμεν
1498 1101 1527 1127 δὲ
1551 1100 1598 1127 τοῦ
1627 1101 1727 1136 μηδένα
1748 1092 1794 1128 ὑπ’
1811 1100 1923 1134 ἀγνοίας

1134 1148 1229 1183 ὁμοίας
1256 1146 1483 1182 σκανδαλισθῆναι
1496 1167 1505 1178 ,
1526 1146 1575 1182 τὴν
1594 1147 1681 1183 ἀληθῆ
1703 1145 1758 1173 τῶν
1771 1146 1923 1181 γεγονότων

1135 1194 1254 1229 ίστορίαν
1280 1193 1446 1228 ὲκθήσομαν
1465 1193 1595 1228 πρότερον
1619 1192 1647 1219 δὲ
1672 1192 1719 1228 τὴν
1743 1192 1924 1229 προταθεῑσαν

1134 1240 1199 1274 ἡμίν
1228 1239 1358 1274 πρότασιν
1375 1239 1473 1275 καιρός
1502 1240 1562 1266 ὲστι
1587 1239 1807 1274 ἐπισκέψασθαιο
1833 1240 1847 1265 ό
1874 1239 1924 1274 μὲν

1135 1284 1271 1315 Ματθαῑος
1284 1284 1338 1311 ἀπὸ
1358 1284 1405 1311 τοῦ
1423 1285 1548 1321 Ἀϐραὰμ
1560 1285 1606 1312 ἐπὶ
1621 1285 1667 1312 τὸν
1690 1284 1772 1312 Δαυῒδ
1782 1305 1789 1316 ,
1816 1285 1863 1311 καὶ
1879 1285 1924 1311 οῦ-

1134 1338 1188 1361 τως
1211 1331 1257 1356 ἐπὶ¹
1281 1330 1325 1357 τὸν
1349 1330 1493 1366 Σολομῶνα
1513 1332 1559 1358 καὶ
1587 1332 1650 1363 τοὺς
1672 1331 1766 1357 τούτου
1784 1330 1924 1366 διαδόχους

1137 1376 1216 1411 μέχρι
1239 1376 1287 1402 τοῦ
1303 1376 1398 1403 Ἰακὼϐ
1410 1397 1417 1409 ,
1435 1376 1465 1409 ἐξ
1477 1373 1507 1404 οὗ
1522 1377 1619 1413 Ἰωσὴφ
1636 1378 1650 1404 6
1664 1376 1711 1403 τοῦ
1724 1375 1844 1413 Χριστοῦ
1856 1385 1922 1412 χρη-

1137 1421 1252 1457 ματίσας
1269 1422 1371 1457 πατὴρ,
1395 1422 1516 1448 κάτεισιν
1527 1432 1533 1439 ν
1557 1423 1571 1448 6
1591 1423 1619 1449 δὲ
1642 1423 1748 1454 Λουκᾶς
1761 1422 1808 1448 τὸν
1823 1422 1923 1457 Ἰωσὴφ

1135 1466 1183 1492 οὐκ
1198 1466 1251 1492 ἀπὸ
1266 1466 1313 1493 τοῦ
1328 1466 1425 1493 Ἰακὼϐ
1447 1465 1518 1494 εἶναί
1536 1476 1618 1502 φησιν
1631 1468 1670 1499 ὡς
1693 1467 1845 1499 Ιίίατθαῖος,
1864 1467 1925 1493 ἀλλ’

1134 1511 1189 1539 ἀπὸ
1199 1512 1246 1538 τοῦ
1262 1512 1335 1539 Ἠλεί
1346 1521 1353 1528 ”
1367 1511 1427 1539 εἶτα
1443 1513 1496 1540 ἀπὸ
1512 1513 1559 1540 τοῦ
1576 1513 1649 1539 Ὴλεὶ
1663 1512 1744 1540 ἀνιὼν
1758 1514 1799 1548 ἐφ’
1812 1513 1924 1549 ἑτέρους

1137 1559 1229 1594 χωρεῖ,
1242 1555 1279 1586 ὧν
1294 1558 1354 1585 οὐδὲ
1371 1558 1429 1590 ὅλος
1450 1559 1651 1595 ἐμνημόνευσεν
1677 1559 1691 1584 6
1706 1557 1862 1589 Ματθαῖος·
1877 1557 1925 1583 καὶ

1135 1603 1220 1635 οὕτως
1247 1604 1366 1639 πλαγίαν
1386 1604 1447 1632 τινὰ
1472 1604 1600 1640 δραμὼν,
1622 1604 1732 1640 ἔρχεται
1752 1604 1803 1630 οὐκ
1818 1603 1866 1629 ἐπὶ
1880 1603 1926 1629 τὸν

1136 1649 1279 1685 Σολομῶνα
1299 1650 1344 1677 τὸν
1370 1650 1417 1677 τοῦ
1439 1650 1536 1683 Δαυῖδ,
1561 1650 1618 1677 ἀλλ’
1634 1651 1679 1677 ἐπὶ
1701 1650 1793 1677 Νάθαν
1809 1650 1856 1677 τὸν
1878 1649 1929 1677 καὶ

1136 1696 1216 1723 αὑτὸν
1230 1697 1277 1725 τοῦ
1293 1697 1389 1724 Δαυῖδ⁵
1408 1697 1533 1732 ὀφείλων,
1550 1698 1574 1723 εί
1585 1697 1617 1733 δὴ
1636 1697 1699 1732 περὶ
1712 1697 1761 1732 τῆς
1777 1697 1863 1732 αὐτῆς
1879 1704 1927 1730 γεε

1136 1742 1275 1777 νεαλογίας
1292 1744 1306 1769 6
1321 1743 1399 1777 λόγος
1410 1741 1444 1780 ἦν
1457 1743 1558 1775 αὐτοῖς,
1573 1742 1619 1769 διὰ
1630 1742 1683 1769 τῶν
1698 1742 1787 1768 αὐτῶν
1798 1741 1838 1776 τῷ
1849 1742 1925 1768 Ματ-

1136 1788 1351 1824 θαίῳάνε).θεῖν,
1369 1789 1385 1824 ἢ
1402 1789 1446 1815 τὸν
1463 1789 1602 1816 Ματθαίον
1620 1788 1654 1815 δι’
1671 1784 1708 1814 ὦν
1719 1789 1733 1814 6
1749 1788 1857 1819 Λουκᾶς
1869 1797 1925 1822 χω-

1138 1835 1217 1870 ρῆσαι
1234 1835 1373 1870 ὀνομάτων
1382 1842 1389 1850 ·
1405 1835 1429 1861 εί
1442 1835 1470 1861 δὲ
1483 1834 1569 1867 οὕτως
1582 1835 1612 1861 οὐ
1629 1833 1831 1870 συνηνέχθησαν
1844 1833 1927 1870 ἀλλή-

1135 1881 1207 1913 λοις,
1219 1881 1256 1913 ὡς
1271 1881 1315 1907 τὸν
1331 1881 1378 1907 ἕνα
1390 1882 1476 1907 εἰπεῖν
1495 1881 1541 1908 τοῦ
1559 1879 1654 1907 Ἰακὼὸ
1672 1880 1717 1907 τὸν
1736 1879 1835 1915 Ἰωσὴφ
1856 1877 1925 1906 εἶναι

1136 1929 1193 1955 υίδν
1207 1929 1254 1955 καὶ
1268 1928 1422 1964 Σολομῶνος
1439 1927 1497 1955 υἱοῦ
1517 1927 1613 1954 Δαυῖδ·
1635 1926 1681 1953 τὸν
1706 1926 1734 1953 δὲ
1756 1926 1865 1961 ἕτερον,
1889 1927 1925 1961 μὴ

1135 1973 1182 2001 τοῦ
1199 1974 1295 2001 Ἰακὼϐ
1305 1994 1312 2007 ,
1330 1973 1396 2001 ἀλλὰ
1417 1973 1463 2000 τοῦ
1479 1973 1553 2000 Ἠλεὶ
1575 1973 1621 2000 καὶ
1642 1972 1735 2001 Νάθαν
1751 1972 1809 1998 υἱοῦ
1824 1972 1909 1998 Δαυῖδ
1918 1981 1925 1988 ·

1136 2021 1169 2048 δι’
1183 2017 1219 2047 ὧν
1231 2020 1333 2048 ἐοίκασι
1348 2020 1448 2056 πολλὴν
1467 2019 1615 2054 διαφωνίαν
1635 2019 1704 2055 πρὸς
1725 2018 1856 2054 ἀλλήλους
1878 2026 1928 2044 πε-

1139 2066 1248 2103 ριέχειν.
1257 2081 1293 2086 --
1304 2066 1336 2092 Τί
1348 2066 1379 2102 δὴ
1390 2064 1435 2093 οὖν
1449 2067 1489 2098 είς
1500 2066 1530 2092 τὸ
1543 2065 1676 2102 προταθὲν
1687 2064 1765 2091 τοῦτο
1779 2064 1928 2099 πρόϐλημα

1137 2111 1209 2138 εἴποι
1228 2112 1259 2138 ἄν
1272 2120 1313 2143 τις
1325 2119 1332 2144 ;
1349 2111 1415 2146 φέρε
1429 2111 1479 2146 τῆς
1494 2110 1583 2146 ψυχῆς
1598 2109 1779 2143 διανοίξαντες
1789 2109 1820 2136 τὺ
1831 2110 1927 2145 ὄμμα.

1137 2158 1237 2189 ἀτενῶς
1261 2159 1322 2189 ταῖς
1345 2156 1451 2189 λέξεσιν
1477 2157 1569 2188 αὐτοῖς
1594 2155 1779 2191 ὲπερείσωμεν
1799 2155 1851 2191 τὴν
1869 2155 1928 2182 διά-

1137 2213 1227 2237 νοιαν,
1244 2203 1342 2238 ἴδωμέν
1360 2212 1390 2229 τε
1404 2202 1430 2229 τί
1443 2211 1524 2239 φησιν
1543 2203 1557 2228 6
1573 2202 1689 2234 Λουκᾶς.
1714 2211 1722 2227 ι
1738 2201 1794 2228 Καὶ
1816 2201 1900 2233 αὐτὸς
1913 2202 1927 2228 6

304 2257 314 2274 ι
328 2246 362 2275 Et
377 2242 435 2283 ip'se
450 2246 532 2275 Jesus
558 2251 618 2274 erat
634 2247 769 2283 incipiens
783 2248 867 2284 quasi
881 2254 1015 2275 annorum
1036 2249 1082 2275 tri-

1145 2250 1247 2286 Ἰησοῦς
1267 2247 1301 2285 ἦν
1318 2249 1468 2286 ἀρχόμενος
1484 2248 1550 2274 ὡσεὶ
1571 2248 1639 2275 ἐτῶν
1654 2248 1801 2284 τριάκοντα
1815 2246 1854 2273 ὣν
1869 2247 1927 2279 υἱδς

301 2295 386 2331 ginta,
413 2297 441 2321 ut
467 2293 614 2328 putabatur
639 2294 710 2321 lilius
726 2293 849 2328 Josephi,
868 2294 914 2329 qui
939 2293 990 2320 fuit
1012 2292 1083 2326 Heli,

302 2340 348 2376 qui
367 2339 418 2366 fuit
441 2338 550 2367 Melchi.
570 2348 579 2365 ι
598 2337 651 2366 Sed
663 2338 737 2366 enim
761 2338 913 2370 Mattheus,
929 2338 1000 2366 haud
1019 2347 1085 2366 usus

300 2391 343 2415 est
358 2386 478 2414 dictione
497 2385 655 2421 putabatur,
669 2390 733 2421 .etc.
762 2384 852 2420 Atque
867 2386 924 2412 hzec
939 2385 1027 2421 prima
1043 2389 1085 2412 est

302 2433 454 2468 responsio.

337 2479 365 2507 5.
388 2479 465 2506 Alius
479 2485 588 2513 quoque
609 2477 727 2505 fortasse
744 2478 810 2505 latet
834 2477 989 2513 profundus
1003 2482 1085 2513 atque

301 2531 419 2552 arcanus
434 2525 461 2550 in
482 2523 620 2558 prmdictis
642 2531 750 2551 sensus.
776 2523 920 2552 Mattlizeus
938 2525 1010 2551 enim
1027 2533 1086 2551 ma-

303 2569 400 2597 nifeste
418 2570 554 2597 carnalem
578 2577 696 2596 narrans
711 2569 814 2597 Christi
836 2571 982 2606 originem,
999 2574 1026 2598 et
1039 2570 1088 2597 Jo-

302 2617 419 2651 sephum
441 2617 534 2643 volens
560 2625 624 2644 vere
647 2616 747 2643 Davide
765 2617 909 2644 oriundum
927 2617 1086 2649 ostendere,

303 2663 435 2689 orationis
442 2670 497 2689 suae
504 2663 656 2698 ingressum
663 2663 769 2697 qualem
779 2662 897 2697 oportuit
905 2662 1086 2695 facit,dicens,

306 2707 382 2734 Liber
396 2707 573 2742 generationis
590 2706 656 2734 .Iesa
669 2707 785 2739 Christi,
801 2711 827 2734 et
851 2708 967 2742 reliqua,
989 2715 1088 2734 consc-

303 2757 472 2788 quenterque
488 2757 570 2780 totam
587 2753 685 2781 deinde
699 2754 840 2781 historiam
859 2754 935 2789 ponit
953 2758 1015 2789 post
1026 2761 1089 2789 pro-

304 2798 456 2833 genitor-um
479 2800 644 2834 catalogum,
672 2799 764 2835 Magos
800 2799 943 2833 videlicet,
973 2799 1089 2828 Herodis

340 2889 395 2925 (et)
414 2889 480 2917 Cod.
495 2890 526 2924 A,
544 2890 564 2918 l'.
580 2890 622 2919 64.
645 2890 745 2923 Quaest.
765 2899 802 2918 tu.

1138 2296 1176 2328 ὡς
1197 2295 1335 2331 ἐνομίζετο
1355 2295 1402 2321 τοῦ
1417 2295 1531 2330 Ἰωσὴφ,
1549 2294 1597 2321 τοῦ
1611 2293 1701 2326 Ἠλεὶ,
1724 2293 1770 2320 τοῦ
1791 2293 1896 2329 Μελχί·
1915 2304 1924 2320 ι

1137 2342 1194 2369 ἀλλ’
1207 2343 1255 2377 οὐχ
1269 2341 1283 2367 ὅ
1300 2349 1332 2375 γε
1353 2340 1492 2372 Ματθαίος
1513 2340 1648 2376 ἐχρήσατο
1664 2341 1696 2375 τῇ
1719 2339 1758 2372 ὠς
1775 2338 1926 2373 ἐνομίζετο

1137 2389 1228 2423 φωνῇ,
1245 2392 1310 2418 elc.,
1326 2387 1390 2413 utin
1404 2387 1524 2421 epitome,
1541 2386 1590 2412 col.
1604 2385 1667 2418 896,
1683 2385 1730 2411 ίὶη.
1745 2384 1773 2417 4,
1792 2393 1875 2420 usque
1891 2385 1926 2411 ad

1137 2433 1205 2470 αὓτη
1223 2434 1271 2469 μὲν
1283 2431 1328 2460 οὖν
1342 2435 1358 2469 ὴ
1375 2433 1471 2469 πρώτη
1479 2433 1613 2464 ἀπόδοσις.

1173 2484 1205 2516 γ’.
1219 2481 1274 2516 (45)
1291 2480 1340 2516 Εῖη
1353 2480 1375 2507 δ’
1389 2480 1420 2507 ἄν
1434 2489 1476 2512 τις
1490 2479 1537 2506 καὶ
1550 2478 1629 2511 ἄλλος
1642 2478 1726 2514 βαθὺς
1738 2479 1786 2506 καὶ
1801 2479 1925 2515 ἁπόῤῥη-

1137 2535 1182 2558 τος
1202 2527 1230 2552 ὲν
1252 2527 1309 2557 τοῖς
1326 2525 1516 2561 προκειμένοις
1534 2524 1620 2559 λόγος.
1644 2523 1783 2555 Ματθαῐος
1801 2523 1852 2558 μὲν
1871 2523 1926 2557 γάρ

1137 2571 1357 2607 ὁμολογουμένως
1380 2571 1428 2606 τὴν
1450 2570 1580 2606 ἔνσαρκον
1608 2570 1714 2604 γένεσιν
1739 2568 1855 2604 ἱστορῶν
1879 2567 1925 2594 τοῦ

1138 2618 1255 2654 Χριστοῦ
1266 2638 1273 2650 ,
1289 2618 1392 2645 καὶτὸν
1407 2617 1504 2653 Ἰωσὴφ
1523 2616 1659 2650 ἀποδεῖξαι
1680 2616 1841 2652 βουλόμενος
1861 2615 1925 2649 ἁλη-

1139 2664 1193 2696 θῶς
1214 2665 1246 2690 ὲκ
1266 2664 1346 2691 muta
1357 2685 1364 2696 ,
1381 2664 1441 2690 ὅθεν
1456 2663 1538 2700 ἐχρῆν
1557 2664 1589 2698 τῇ
1606 2663 1713 2698 είσόολῇ
1731 2663 1865 2699 κέχρηται
1877 2661 1924 2688 τοῦ

1139 2710 1227 2744 λόγου,
1237 2712 1336 2746 φήσας,
1347 2708 1603 2744 Βίϐλοςτενέσεως
1618 2708 1713 2742 Ἰησοῦ
1725 2707 1865 2742 Χριστοῦ,
1879 2707 1924 2734 καὶ

1139 2756 1172 2782 τὰ
1188 2755 1250 2790 ἑξῆς
1261 2764 1268 2771 ⁸
1282 2755 1434 2786 ἀκολούθως
1446 2763 1476 2780 τε
1489 2754 1536 2790 τὴν
1550 2753 1612 2789 ὅλην
1623 2753 1687 2787 ἑξῆς
1702 2752 1823 2788 ἱστορίαν
1835 2752 1922 2786 τίθησι

1142 2800 1209 2836 μετὰ
1226 2800 1272 2827 τὸν
1290 2800 1344 2826 τῶν
1359 2799 1537 2836 προπατόρων
1550 2798 1708 2832 κατάλογον,
1724 2798 1788 2829 τοὺς
1801 2797 1921 2832 Μάγους,

1177 2890 1231 2926 (ιδ)
1251 2890 1318 2918 Ibid.
