2065 3216
137 169 196 196 ’981

573 172 823 202 SUPPLEMENTA
842 174 1078 209 ΟῙΙᾸΞΞΤΙΟΝῸΜ
1097 174 1143 204 AD
1163 175 1386 206 STEPHANUM.

1716 178 1768 206 963

142 229 194 259 τήν
208 228 327 266 Ἡρώδου
342 231 450 267 μανίαν,
464 232 513 268 τὴν
528 233 568 265 είς
579 233 716 267 Αῖγυπτον
732 234 817 270 Ἰησοῦ
831 235 929 271 φυγὴν,

983 235 1115 268 furorem,
1127 235 1191 264 Iesu
1201 236 1228 263 in
1236 235 1383 272 Egyptum
1392 234 1494 271 fugam,
1506 234 1625 263 indidem
1636 233 1765 266 reditum.

140 278 194 313 τὴν
215 277 320 305 ἐκεῖθεν
340 279 479 311 ἐπάνοδον,
499 279 543 306 τον
557 280 719 316 Ἀρχέλαον·
738 282 784 308 καὶ
802 282 841 314 ὡς
864 283 931 318 μετά

126 323 231 370 ῐ’ταῦτα
245 324 295 359 ἤδη
310 324 404 352 λοιπὸν
424 327 463 357 είς
478 326 577 361 ἄνδρας
593 327 717 362 Ἰωάννης
737 328 842 364 προδὰς
863 329 931 364 μετὰ

126 369 129 378 ί
141 370 306 405 τριακοστὸν
320 369 380 402 ἔτος
392 371 440 406 τῆς
455 371 542 406 Ἰησοῦ
555 373 696 405 γενέσεως,
710 373 756 400 ἐπὶ
767 373 817 409 τῆς
827 375 930 410 ἐρήμου

142 415 278 451 κηρύσσει
294 415 435 452 βάπτισμα
450 418 593 453 μετανοίας
603 440 610 452 ,
628 420 738 455 πάρεισί
751 429 781 447 τε
796 421 864 456 μετά
877 421 931 448 τῶν

142 461 232 488 ἀλλων
244 462 292 488 καὶ
304 463 319 489 6
335 463 437 498 Ἰησοῦς
452 464 481 491 ἐν
496 464 534 500 τῷ
548 465 665 502 Ἰορδάνῃ
683 466 930 503 βαπτισθησόμενος

142 506 199 534 ὑπὸ
212 507 259 534 τοῦ
273 508 410 535 Ἰωάννου·
425 509 473 536 καὶ
486 510 519 546 δὴ
536 511 634 547 συνόρα
649 513 678 539 ὲν
689 512 794 545 τούτοις
808 512 874 548 ὕφος
884 514 931 541 καὶ

139 552 305 581 ἀκολουθίαν
320 554 459 590 ἱστορικῆς
473 555 624 592 διηγήσεως
636 558 669 593 ἢν
682 559 696 585 6
708 559 845 591 Ματθαῖος
859 560 931 587 ἐκτί-

140 596 241 629 θεται,
258 597 343 635 Σύρος
361 599 444 636 ἀνὴρ,
469 600 587 637 τελώνης
610 602 655 629 τδν
676 603 749 638 βίον,
766 604 817 640 τὴν
839 605 930 641 φωνὴν

146 642 283 677 Ἐϐραῖος.

179 687 210 714 δ’.
224 688 252 714 '0
266 687 296 714 δὲ
314 689 422 721 Λουκᾶς
441 690 471 717 το
495 691 542 726 μὲν
560 692 638 726 γένος
656 693 709 720 ἀπὸ
725 693 776 729 τῆς
790 693 929 732 βοωμὲνης

147 731 315 769 ’Δντιοχείας
332 731 383 770 ἦν,
405 736 434 761 ὲν
451 732 468 772 ᾖ
482 736 514 772 δη
525 737 550 763 οἱ
568 737 668 770 πάντες
685 738 845 772 λογιώτατοι
866 731 929 773 τοῦς

141 778 243 823 Ἴωνας
255 780 402 815 προγόνους
416 782 543 817 αὐχοῦσιν
559 783 614 820 (46)
627 793 634 800 ·
649 785 679 811 οὐ
703 785 756 820 μὴν
775 785 843 812 ἀλλὰ
861 787 929 823 πρὸς

136 822 183 858 τῷ
199 823 269 850 κατά
289 824 370 859 φύσιν
391 825 538 862 Ἐλληνικῷ
556 827 609 854 τῶν
630 829 750 864 ἀνδρῶν,
764 822 889 866 ἐπήγετο
901 840 927 857 τι

139 869 225 896 πλέον
235 871 249 896 6
260 871 366 903 Λουκᾶς
380 873 409 899 ὲν
420 872 509 907 λόγοις
519 894 526 905 ,
544 873 591 900 ἅτε
610 875 735 911 ίατριχῆς
747 876 877 912 ἔμπειρος
889 876 927 903 ὣν

139 915 307 953 ἐπιστήμης.
318 918 412 953 Ὅμως
433 919 464 955 δὴ
485 921 500 946 ὁ
514 920 633 953 τοιοῦτος
648 922 697 958 τῆς
715 923 762 949 τοῦ
777 924 837 949 κατ’
848 923 926 950 αὑτὸν
942 913 962 940 Β

139 961 306 996 Εὐαγγελίου
320 964 430 1000 γραφῆς
447 966 606 1001 ἀρχόμενος,
621 967 656 994 τὰ
668 968 718 1003 μὲν
729 970 799 996 κατὰ
812 969 857 995 τὸν
876 970 927 996 Ζα-

138 1008 240 1044 χαρίαν
264 1009 311 1035 καὶ
334 1010 384 1046 τὴν
400 1010 539 1038 Ἑλισάὸετ
554 1013 655 1048 ἱστορεῖ
672 1014 777 1048 πρῶτα.
797 1012 863 1041 Εἶτα
878 1015 926 1050 τὴν

139 1053 212 1089 πρὸς
228 1054 276 1089 τὴν
298 1055 409 1092 Μαρίαν
435 1056 482 1083 τοῦ
501 1058 620 1094 Γαὸριὴλ
639 1060 797 1093 ἐπιφάνειαν
818 1061 927 1086 ἐπισυν-

135 1097 222 1132 άψας,
230 1098 280 1130 τὰς
292 1099 457 1135 παραδόξους
470 1102 590 1136 γενέσεις
599 1103 663 1138 ἑξῆς
673 1104 788 1140 τίθησιν,
800 1105 926 1141 οὐδεμιᾶς

140 1143 271 1179 μνησθεὶς
285 1146 459 1181 γενεαλογίας
474 1147 521 1174 τοῦ
534 1149 632 1184 Ἰωσήφ
645 1157 652 1164 ·
669 1149 764 1177 ἔπειτα
777 1150 926 1178 δωδέκατον

138 1189 201 1222 ἔτος
210 1191 374 1226 ἀναγράφων
385 1192 431 1219 τοῦ
445 1192 542 1229 Ἰησοῦ,
554 1194 630 1221 οῦπω
640 1196 686 1222 καὶ
697 1196 744 1222 νῦν
753 1197 925 1232 γενεαλογίας

138 1238 313 1274 μνημονεύει.
330 1239 408 1266 Μετὰ
425 1239 452 1266 δὲ
468 1240 530 1272 τοὺς
543 1241 696 1276 Αὐγούστου
713 1243 834 1278 χρόνους,
848 1243 926 1270 Τιϐε-

137 1285 198 1320 ρίου
210 1285 400 1321 διαδεξαμένου
420 1287 469 1321 τὴν
484 1287 626 1322 Ῥωμαίων
639 1288 795 1323 ἡγεμονίαν,
811 1289 881 1315 κατὰ
894 1288 925 1315 τὸ

136 1331 381 1358 πεντεκαιδέκατον
401 1332 482 1359 αὑτοῦ
506 1333 580 1365 ἔτος,
602 1334 669 1368 φησὶ
684 1333 730 1361 τὸν
743 1334 866 1370 Ἰωάννην
880 1336 924 1362 ἐπὶ

135 1376 190 1411 τῆς
202 1378 305 1413 ὲρήμου
321 1377 438 1414 κηρῦξαι
453 1379 595 1414 μετανοίας
616 1379 758 1416 βάπτισμα
771 1382 811 1413 είς
827 1381 924 1416 ἄφεσιν

136 1422 295 1458 ἁμαρτιῶν·
310 1423 482 1456 διδασκαλίας
497 1433 526 1450 τε
544 1425 624 1451 αὑτοῦ
635 1425 736 1460 τίθησι,
750 1426 796 1452 καὶ
807 1427 852 1452 ἐπὶ
863 1426 924 1453 τού-

135 1475 196 1500 τοις
208 1467 320 1500 ἅπασιν,
329 1469 426 1505 Ἰησοῦ,
434 1470 509 1505 φησὶ,
523 1470 714 1505 βαπτισθέντος
722 1472 767 1498 καὶ
774 1473 923 1508 προσευξα-

137 1514 220 1550 μένου
235 1515 342 1549 ἐγένετο
356 1516 494 1552 ἀνοιγῆναι
509 1517 554 1542 τὸν
567 1517 679 1552 οὐρανὸν
690 1537 697 1548 ,
712 1518 759 1544 καὶ
774 1518 922 1554 καταϐῆναι

133 1560 168 1587 τὸ
181 1560 293 1597 Πνεῦμα
307 1561 373 1587 ὡσεὶ
385 1562 559 1598 περιστερὰν,
578 1563 623 1588 καὶ
639 1563 730 1598 φωνὴν
748 1563 851 1590 ἐκεῖθεν
865 1565 922 1590 ὲνε-

134 1605 235 1641 χθῆναι
246 1614 254 1621 ·
277 1615 286 1631 ι
303 1606 340 1632 Σὺ
355 1603 380 1632 εἷ
391 1607 405 1632 ὁ
420 1606 482 1638 Υἱός
502 1615 552 1642 μου
572 1607 586 1632 6
607 1607 749 1643 ἀγαπητὸς
768 1609 797 1634 ὲν
812 1605 834 1642 ᾧ
852 1609 921 1635 εὑδό-

134 1660 219 1688 κησα.
233 1662 243 1677 ι
264 1652 347 1679 Ἔνθα
360 1653 518 1688 γενόμενος,
531 1652 626 1689 ὥσπερ
639 1653 667 1686 ἐξ
681 1653 764 1680 ὕπνου
778 1655 920 1690 διανήψας,

133 1696 187 1732 τῆς
206 1697 381 1731 γενεαλογίας
396 1697 528 1734 ἀκαίρως,
551 1698 588 1730 ὡς
605 1698 637 1725 ἃν
657 1698 760 1735 οἰηθείη
774 1709 815 1731 τις
826 1720 833 1731 ,
852 1709 921 1736 μνη-

135 1743 244 1778 μονεύει
259 1743 432 1778 λέγων,ιΚαὶ
446 1745 527 1776 αὐτὸς
537 1742 571 1780 ῆν
585 1744 733 1780 ἀρχόμενος
744 1745 868 1781 όἹησοῦς
883 1747 921 1778 ὡς

131 1789 205 1816 ἑτῶν
216 1790 372 1826 τριάκοντα⁷
383 1790 420 1816 ὢν
432 1790 489 1822 υίὸς
499 1790 537 1822 ὡς
547 1789 685 1826 ἐνομίζετο
695 1790 741 1817 τοῦ
753 1791 860 1827 Ἰωσὴφ,
874 1792 920 1819 τοῦ

138 1834 226 1867 Ἠλεὶ,
237 1835 284 1862 τοῦ
296 1835 382 1871 Μελχὶ
395 1836 461 1871 (47),
482 1846 490 1862 ι
508 1836 556 1863 καὶ
567 1837 621 1863 τῶν
634 1836 744 1864 λοιπῶν.

170 1884 201 1908 ε’.
218 1881 266 1913 Τίς
282 1882 427 1918 τοιγαροῦν
449 1883 478 1909 ὲν
494 1882 598 1914 τούτοις
620 1883 669 1909 οὐκ
689 1882 722 1908 ἂν
737 1883 918 1918 ἀπορήσειενς

129 1928 158 1954 ιι
180 1927 317 1960 Ματθαῖος
334 1928 382 1964 μὲν
396 1928 475 1962 λόγου
491 1927 616 1961 σύνταξιν
630 1929 818 1964 ἐπιστημόνως
830 1929 921 1963 φαίνε-

130 1980 179 1999 ται
208 1973 409 2008 πεποιημένος,
440 1973 510 1999 κατὰ
532 1972 626 2008 καιρόν
643 1981 673 1999 τε
694 1973 864 2008 χρησάμενος
885 1975 920 2009 τῇ

130 2019 304 2055 γενεαλογίᾳ,
320 2020 426 2051 Λουκᾶς
435 2019 462 2046 δὲ
475 2019 515 2051 εἰς
526 2018 652 2046 τοσοῦτον
665 2018 779 2054 ἠλαυνεν
792 2018 918 2054 ἀπορίας,

128 2067 172 2098 ὡς
184 2067 228 2093 ὅτε
247 2066 296 2102 μὲν
310 2066 392 2101 ἐχρῆν
405 2065 476 2092 κατά
491 2065 582 2101 χώραν
594 2065 643 2101 τὴν
656 2064 830 2099 γενεαλογίαν
842 2064 919 2091 ἐντά-

129 2113 188 2146 ξαι,
202 2111 353 2147 τηνικαῦτα
368 2111 529 2147 παραλιπεῖν
540 2110 634 2146 αὐτὴν,
649 2111 768 2146 ἱστορίαν
779 2119 808 2137 τε
822 2111 918 2137 τοσαύ-

129 2167 182 2194 την
195 2158 341 2193 ἐκθὲμενον
353 2157 402 2193 τὴν
415 2157 470 2184 ἀπὸ
481 2158 530 2192 τῆς
541 2157 674 2191 γενέσεως
685 2156 731 2183 τοῦ
742 2156 858 2192 Χριστοῦ
871 2157 920 2192 μέ-

129 2213 178 2240 χρι
191 2203 339 2240 τριάκοντα
359 2203 438 2235 ἐτῶν,
455 2203 557 2239 μηδένα
577 2203 673 2238 καιρὸν
691 2203 842 2238 ἐπιτήδειον
857 2211 919 2229 ουν-

130 2250 198 2277 ιδεῖν
211 2249 261 2286 τῆς
273 2250 334 2276 κατ’
343 2249 423 2276 αὑτὸν
437 2249 611 2284 γενεαλογίας
620 2258 626 2264 ·
641 2248 687 2276 νῦν
697 2249 726 2276 δὲ
738 2249 781 2275 ὅτε
795 2257 918 2284 τριακον-
933 2266 954 2293 D

127 2295 230 2331 ταέτης
242 2295 362 2330 γεγονὼς
376 2295 502 2331 πάρεισιν
520 2295 566 2321 ἐπὶ
582 2295 612 2322 τὸ
626 2295 749 2322 Ἰωάννου
766 2294 915 2330 βάπτισμα,

128 2342 207 2378 παρὰ
218 2343 306 2369 πάντα
318 2342 397 2376 λόγον
411 2342 457 2368 καὶ
466 2341 540 2376 παρά
547 2341 651 2377 καιρὸν,
666 2341 760 2376 ὥσπερ
772 2340 832 2367 τινὰ
848 2349 917 2376 παρ-

127 2389 249 2424 ενθήκην
271 2387 374 2422 εἰσάγει
393 2388 442 2423 τῆς
459 2387 567 2422 γραφῆς
584 2388 634 2423 τὴν
649 2387 834 2421 γενεαλογίαν.
847 2386 915 2413 Ἀλλ’

126 2434 156 2461 et
169 2434 214 2466 τίς
228 2443 260 2468 γε
276 2433 350 2469 αὑτῷ
364 2433 475 2460 τοιαῦτα
491 2433 647 2469 ἐμέμψατο,
662 2433 712 2460 οὐκ
729 2434 762 2460 ἂν
777 2433 916 2468 ἠπόρησεν

127 2480 302 2516 ἀποκρίσεως
314 2481 328 2506 6
338 2480 408 2512 θεῖος
423 2479 616 2515 εὖαγγελιστής
627 2488 633 2495 ·
648 2477 707 2506 εἷπε
718 2479 740 2506 δ’
752 2479 784 2506 ἂν
795 2480 832 2511 ὡς
843 2479 915 2511 είκὸς

127 2527 190 2555 θεῖά
203 2535 265 2554 τινα
277 2527 324 2553 καὶ
337 2526 406 2562 σοφὰ
417 2527 464 2553 καὶ
476 2526 522 2553 τοῦ
536 2528 565 2553 ὲν
578 2526 653 2562 αὐτῴ
670 2526 741 2552 θείου
757 2525 915 2562 Πνεύματος

127 2574 239 2607 ἐπάξια.
254 2573 325 2608 Ἐγὼ
336 2574 366 2601 δὲ
380 2573 499 2609 ἡγοῦμαι
513 2573 594 2600 αὐτὸν
607 2573 654 2599 καὶ
673 2573 722 2608 τὴν
737 2572 807 2599 κατὰ
824 2573 914 2608 σάρκα

126 2620 235 2655 γένεσιν
254 2619 301 2646 τοῦ
314 2618 401 2654 Ἰησοῦ
415 2618 583 2653 γενεαλογεῖν
606 2617 746 2651 ἐθέλοντα,
768 2617 814 2644 νῦν
836 2617 914 2644 τοῦτο

127 2665 324 2701 πεποιηκέναι·
337 2665 415 2692 τοῦτο
432 2665 488 2701 γὰρ
509 2666 532 2692 εἱ
554 2665 623 2691 κατὰ
644 2664 756 2700 γνώμην
769 2665 912 2700 ἔπραττεν,

125 2713 176 2739 οὐκ
189 2711 282 2748 ἠγνόει
294 2731 301 2743 ,
317 2712 361 2738 ὅτε
383 2711 467 2748 ἐχρῆν
487 2711 587 2746 ταύτην
611 2711 746 2738 ἐκθέσθαι.
762 2711 868 2746 Ἐπειδὴ
884 2710 912 2737 δὲ

125 2759 174 2786 νῦν
194 2758 246 2794 τῆς
262 2757 306 2785 διὰ
327 2757 439 2794 λουτροῦ
459 2758 661 2793 ἀναγεννήσεως
680 2757 831 2793 μέμνηται,
848 2756 912 2784 Υῑόν

114 2790 208 2832 ἀὑτὸν
221 2790 338 2839 εἰσάγων
351 2790 430 2837 Θεοῦ,
446 2790 568 2839 βούλεται
578 2790 616 2835 ως
629 2805 658 2830 ὲν
671 2790 848 2839 ῦποδείγματι
860 2812 912 2830 πα-

162 2882 219 2918 (ιο)
240 2882 287 2910 Sic
301 2882 469 2918 demonstrat
484 2882 617 2910 Eusebius
632 2886 718 2911 totam
728 2882 910 2912 Antiocheno-

125 2925 188 2945 rum
203 2919 383 2946 litteraturam
399 2917 521 2945 Graecam
537 2918 630 2946 fuisse.

982 281 1100 317 denique
1112 280 1287 309 Archelaum.
1310 281 1344 308 Et
1359 281 1496 316 quomodo
1513 286 1575 316 past
1598 281 1656 308 haec
1672 281 1700 310 in
1714 288 1767 316 pus

981 327 1083 354 blicum
1105 328 1246 355 hominum
1272 331 1451 363 conspectum
1477 327 1608 362 prodiens
1633 325 1766 358 Joannes.

981 373 1123 402 tricesimo
1138 375 1228 402 aetatis
1240 373 1305 402 Iesu
1317 382 1401 405 anno.
1418 374 1587 409 poenitentiae
1597 374 1766 409 baptismum

980 419 1008 446 in
1033 419 1144 447 deserto
1167 420 1365 455 praedicaverit,
1383 423 1476 455 'atque
1508 421 1579 446 inter
1600 419 1671 447 alios
1700 418 1766 446 illuc

979 465 1060 494 Iesus
1088 474 1198 503 quoque
1223 467 1342 498 vcucrit.
1360 471 1391 494 ut
1408 467 1458 494 abs
1478 466 1584 494 Joanne
1606 466 1633 493 in
1647 464 1768 493 Jordano

980 512 1180 547 baptizaretur.
1208 512 1292 540 Vides
1318 520 1384 548 ergo
1413 513 1441 539 in
1467 512 1511 540 his
1540 515 1708 544 contextum,
1739 515 1767 539 et

980 557 1120 584 historica;
1138 557 1304 584 narrationis
1329 557 1480 592 sequelam.
1508 564 1592 592 quam
1623 555 1766 584 Matthaus

979 603 1102 638 exponit,
1128 603 1173 630 vir
1199 602 1303 639 Syrus,‘
1318 603 1492 638 professione
1506 603 1569 630 vitae
1585 602 1762 638 publicanus,

979 649 1075 685 lingua
1093 648 1236 677 Hebraeus.

1014 695 1042 723 4.
1063 695 1098 722 At
1120 694 1210 723 Lucas
1224 694 1325 722 celebri
1344 694 1489 722 Antiochia
1512 701 1599 729 genus
1626 693 1764 726 trahebat,

978 748 1034 775 qua
1050 740 1077 767 in
1094 740 1162 767 urbe
1185 739 1365 767 eruditissimi
1397 739 1502 774 quique
1529 740 1578 767 abs
1601 738 1713 767 Ionibus
1735 747 1765 767 se

979 785 1138 821 progenitos
1151 793 1213 813 esse
1227 785 1389 820 gloriantur.
1413 784 1466 811 Sed
1482 788 1580 820 praeter
1595 785 1709 812 insitum
1724 784 1765 811 ci-

980 833 1061 860 vibus
1075 831 1279 863 hellenismum,
1304 831 1452 866 aliquando
1466 830 1554 865 magis
1568 829 1721 865 profecerat
1735 831 1763 857 in

979 879 1079 905 litteris
1100 877 1198 908 Lucas,
1214 877 1287 911 'quia
1303 876 1416 904 medicae
1428 876 1497 903 artis
1513 875 1618 910 peritus
1635 879 1703 903 erat.
1731 875 1765 902 Et

979 928 1070 951 tamen
1095 923 1159 951 talis
1183 930 1246 950 cum
1267 926 1351 953 esset.
1375 922 1513 957 Evangelii
1534 922 1698 956 scripturam
1718 929 1764 948 or-

977 970 1066 1001 diens,
1091 977 1135 996 res
1153 969 1270 1004 primum
1295 968 1435 996 Zachariae
1455 972 1482 995 et
1497 967 1641 995 Elisabcta:
1655 970 1762 994 narrat.
1778 960 1782 966 ’

978 1016 1078 1043 Deinde
1092 1015 1227 1043 Gabrielis
1240 1015 1274 1042 ad
1297 1014 1409 1041 Mariam
1429 1014 1599 1049 apparitione
1623 1014 1762 1046 subnexa,

977 1062 1061 1089 miras
1089 1062 1149 1090 illas
1165 1061 1325 1089 nativitates
1342 1061 1442 1088 deinde
1457 1060 1544 1095 ponitl
1561 1059 1635 1086 nulla
1650 1058 1762 1094 Iosephi

976 1107 1140 1143 genealogia:
1165 1107 1238 1135 facta
1259 1107 1407 1135 mentione.
1439 1105 1539 1133 Postea
1569 1105 1759 1132 duodecimum

973 1154 1038 1182 Iesu
1052 1162 1153 1182 annum
1176 1154 1309 1186 scribens,
1336 1153 1456 1180 nondum
1474 1152 1556 1179 ullam
1573 1151 1759 1187 genealogiam

976 1205 1119 1229 memorat.
1148 1201 1214 1228 Post
1242 1200 1358 1235 Augusti
1386 1206 1452 1226 vero
1484 1204 1619 1233 tempora,
1651 1197 1761 1224 Tiberio

975 1245 1158 1273 Romanorum
1175 1246 1318 1281 imperium
1331 1244 1553 1279 tenente,quinto
1562 1243 1667 1270 decimo
1679 1242 1761 1277 hujus

974 1297 1056 1322 anno,
1075 1291 1142 1318 dicit
1155 1290 1287 1318 Joannem
1304 1291 1333 1317 in
1347 1290 1457 1317 deserto
1480 1289 1672 1324 praedicavisse
1699 1295 1760 1323 pm-

974 1336 1095 1363 nitentiw
1121 1336 1285 1371 baptismum
1315 1335 1343 1362 in
1360 1339 1532 1370 peccatorum
1550 1334 1758 1362 remissionem:

973 1381 1176 1416 concionesque
1197 1381 1259 1416 ejus
1276 1381 1403 1415 exponit;
1430 1384 1460 1408 et
1481 1384 1544 1416 post
1565 1380 1623 1407 haec
1652 1379 1758 1411 omnia,

971 1425 1047 1459 Iesu,
1059 1427 1158 1462 inquit,
1168 1427 1305 1462 baptizato
1316 1431 1343 1454 et
1357 1430 1452 1454 ora'nte
1467 1427 1566 1453 caelum
1577 1425 1677 1461 aperiri
1692 1433 1760 1453 con-

972 1473 1044 1508 tigit,
1061 1477 1088 1500 et
1103 1472 1235 1508 Spiritum
1251 1473 1384 1500 columbae
1407 1472 1499 1508 specie
1513 1472 1691 1505 descendere,
1714 1475 1758 1499 at-

973 1526 1026 1553 que
1042 1518 1119 1546 illinc
1134 1526 1229 1546 vocem
1247 1518 1348 1545 deferri
1363 1527 1369 1545 :
1386 1518 1442 1544 «Tu
1451 1526 1481 1545 es
1495 1517 1583 1545 Filius
1597 1525 1674 1546 meus
1689 1518 1758 1545 dile-

974 1568 1046 1596 ctus,
1060 1565 1087 1591 in
1104 1571 1160 1599 quo
1187 1564 1253 1591 mihi
1270 1563 1435 1599 complacui.
1453 1573 1462 1589 ›
1491 1563 1577 1591 Porro
1591 1563 1645 1591 huc
1659 1571 1758 1598 prove—

973 1615 1045 1642 ctus,
1063 1616 1192 1645 tanquam
1212 1618 1308 1638 somno
1323 1610 1465 1645 cvigilans,
1478 1610 1642 1645 genealogiaz
1656 1611 1755 1637 intem-

972 1656 1086 1691 pestive,
1102 1659 1132 1681 ut
1152 1654 1252 1688 aliquis
1277 1654 1455 1686 existimabit,
1471 1655 1637 1682 mentionem
1652 1653 1752 1682 infert:

974 1710 984 1727 ι
1001 1702 1035 1728 Et
1050 1694 1108 1736 ipse
1123 1699 1204 1728 Iesus
1222 1703 1281 1727 erat
1309 1699 1443 1734 incipiens
1467 1699 1545 1734 quasi
1561 1706 1692 1726 annorum
1704 1699 1756 1726 tri-

972 1749 1057 1782 ginta,
1084 1747 1156 1774 lilius
1180 1749 1209 1773 ut
1230 1745 1378 1781 putabatur
1395 1744 1518 1780 Josepbl,
1539 1745 1588 1780 qui
1603 1744 1655 1772 fuit
1680 1744 1753 1777 Heli,

972 1792 1018 1826 qui
1034 1791 1085 1818 fuit
1102 1790 1211 1824 Melchi,
1228 1800 1237 1816 ι
1248 1794 1276 1818 et
1289 1790 1468 1824 reliquorum.

1007 1882 1033 1909 5.
1055 1881 1122 1915 Quis
1135 1888 1200 1916 ergo
1216 1881 1269 1908 hoc
1282 1881 1342 1908 loco
1353 1880 1420 1908 ’non
1435 1879 1472 1909 sit
1488 1880 1654 1916 perplexus?
1667 1880 1755 1916 siqui-

970 1929 1031 1956 dem
1059 1928 1214 1956 Mattllmum
1246 1927 1413 1954 narrationis
1439 1934 1495 1954 sua:
1526 1927 1752 1962 compositionem

971 1975 1039 2002 scite
1057 1974 1156 2002 fecisse
1179 1978 1308 2008 apparet;
1324 1972 1426 2000 Lucam
1442 1977 1532 2001 autem
1553 1976 1630 2000 tanta
1648 1972 1753 2009 incogi-

972 2021 1058 2048 tantia
1075 2020 1170 2052 fuisse,
1187 2026 1215 2046 ιιι
1232 2027 1293 2047 cum
1317 2027 1366 2047 suo
1388 2020 1448 2046 loco
1468 2019 1654 2054 genealogiam
1668 2019 1754 2046 collo-

970 2076 1034 2095 care
1054 2068 1176 2098 deberet,
1202 2073 1262 2094 eam
1294 2070 1360 2093 tunc
1383 2065 1606 2101 praetermiserit:
1632 2069 1660 2092 et
1688 2071 1752 2091 cum

952 2131 958 2137 ι
969 2118 1073 2140 tantam
1092 2112 1211 2140 historiae
1227 2115 1331 2146 partem
1349 2111 1518 2145 scripsisset,
1532 2117 1629 2145 nempe
1647 2117 1661 2136 a
1676 2109 1754 2137 Chri-

970 2161 1004 2187 sti
1022 2160 1164 2186 nativitate
1185 2165 1272 2192 usque
1293 2157 1325 2184 ad
1351 2157 1520 2185 tricesimum
1551 2157 1611 2192 ejus
1637 2164 1752 2190 annum,

970 2205 1074 2232 nullum
1106 2205 1257 2232 inserendas
1290 2204 1455 2240 genealogia:
1487 2205 1614 2232 idoneum
1644 2208 1752 2239 tempus

971 2251 1130 2286 agnoverit:
1145 2250 1192 2277 sed
1210 2258 1283 2277 nunc
1294 2250 1405 2277 demum
1420 2257 1481 2277 cum
1500 2250 1614 2285 triginta
1630 2249 1686 2284 jam
1701 2257 1752 2277 an-

970 2305 1019 2324 nos
1032 2301 1113 2324 natus
1129 2296 1161 2323 ad
1178 2295 1292 2324 Joannis
1308 2296 1473 2331 baptismum
1490 2295 1596 2323 accedit
1611 2295 1749 2328 Christus,

970 2348 1069 2379 praeter
1098 2350 1206 2370 omnem
1238 2343 1372 2370 rationem
1409 2349 1441 2369 ac
1470 2345 1590 2378 tempus,
1619 2346 1749 2376 tanquam

967 2389 1066 2423 scripti
1094 2388 1228 2415 insertum
1256 2387 1393 2422 quoddam
1415 2387 1601 2422 genealogiam
1624 2386 1747 2414 inducat.

966 2434 1205 2462 Verumenimvero
1227 2434 1251 2460 si
1275 2434 1336 2468 quis
1355 2433 1431 2460 illum
1453 2433 1493 2460 sic
1519 2432 1746 2467 reprehenderet.l

967 2481 1039 2508 haud
1056 2487 1219 2516 responsum
1235 2487 1315 2507 suum
1335 2479 1486 2507 desiderari
1508 2484 1646 2514 pateretur
1667 2479 1748 2506 divus

965 2527 1151 2563 evangelista;
1168 2525 1216 2554 sed
1240 2525 1333 2553 divina
1355 2527 1490 2561 quadam,
1508 2530 1538 2552 ut
1562 2533 1612 2560 par
1638 2529 1693 2558 est,
1720 2530 1748 2553 et

966 2573 1047 2604 scita.
1068 2576 1096 2599 et
1116 2572 1286 2599 inhabitante
1299 2571 1392 2599 divino
1413 2571 1518 2606 Spiritu
1537 2570 1618 2606 digna
1635 2571 1744 2606 eloque-

964 2622 1051 2646 retur.
1078 2617 1135 2653 Ego
1149 2621 1240 2645 autem
1262 2617 1390 2644 existimo
1405 2617 1495 2652 ipsum
1517 2615 1584 2644 Iesu
1607 2618 1746 2644 carnalem

965 2671 1078 2701 quoque
1092 2664 1226 2699 originem
1249 2663 1405 2691 describere
1418 2663 1566 2695 volentem,
1584 2663 1622 2689 ita
1641 2670 1670 2690 se
1684 2670 1746 2698 ges-

963 2711 1044 2739 sisse.
1067 2710 1099 2737 Et
1114 2711 1178 2746 quia
1191 2710 1243 2737 hoc
1256 2710 1280 2738 ei
1294 2709 1463 2745 propositum
1482 2712 1553 2740 erat,
1571 2707 1643 2735 haud
1668 2709 1747 2744 igno-

961 2757 1051 2790 rabat,
1075 2756 1278 2792 generationem
1304 2753 1461 2790 hujusmodi
1491 2754 1589 2788 exponi
1606 2758 1745 2789 oportere.

963 2800 1017 2830 Sed
1035 2801 1166 2837 quoniam
1177 2807 1250 2828 nunc
1263 2799 1298 2827 de
1317 2798 1524 2835 regeneratione
1539 2806 1588 2834 per
1601 2798 1743 2826 lavacrum

996 2882 1052 2919 (ιτ)
1071 2881 1111 2910 ita
1125 2881 1220 2914 codex,
1236 2881 1428 2916 praetermissis
1447 2880 1548 2909 llatath
1565 2884 1591 2908 et
1605 2880 1679 2910 Levi.
