2065 3216
349 162 405 190 965

710 159 843 188 EUSEBH
855 160 1099 189 CESARIENSIS
1116 161 1193 189 OPP.
1214 161 1303 188 PARS
1322 161 1367 189 Ill.
1385 176 1422 183 -—
1440 160 1643 189 EXEGETICA.
1901 166 1940 193 θιι

353 220 483 255 loquitur,
499 218 646 253 Jesumque
663 221 692 244 ut
709 216 757 244 Dei
769 216 868 243 Filium
881 217 1014 250 exhibet;
1030 217 1133 245 idcirco

1152 220 1173 249 Α
1187 218 1320 253 ραστῆσαι
1336 218 1377 244 ὅτι
1390 218 1422 254 δὴ
1444 219 1497 250 πᾶς
1517 218 1532 244 ὁ
1546 219 1576 244 ἐν
1597 217 1656 252 Θεῷ
1676 217 1889 253 ἀναγεννὼμενος,
1903 222 1942 248 κᾶν

353 264 405 292 hoc
417 263 498 291 veluti
512 263 635 297 exemplo
654 262 844 289 demonstrare
859 262 962 293 studet,
985 262 1136 296 quemlibet

352 310 489 337 hominem
506 308 534 334 in
555 307 611 334 Deo
633 309 838 342 regeneratum,
853 306 961 334 etiamsi
982 315 1045 334 vere
1063 307 1137 335 ﬁlius

353 354 492 382 hominum
509 352 640 379 habeatur
661 352 696 379 ob
718 359 830 379 carnem
856 359 910 386 qua
940 352 1054 380 indutus
1081 357 1135 384 est.

351 407 407 426 non
420 403 510 426 tamen
525 405 587 425 cum
605 405 654 425 sua
674 400 773 424 natura
792 396 825 423 Iin
845 397 937 424 carnis
965 398 1136 432 genitoribus

352 444 458 475 sistere,
471 450 560 478 neque
578 450 631 470 non
649 442 721 469 ultra
739 442 865 476 corporis
884 445 1074 476 procreatores
1089 449 1138 469 exs

352 497 483 517 currere:
497 496 590 516 verum
602 488 710 515 etiamsi
727 487 800 515 ﬁlius
816 488 936 515 hominis
951 487 1078 514 videatur
1100 488 1137 515 ob

351 535 473 570 corporis
491 535 708 570 generationem,
725 535 909 562 nihilominus
924 534 996 561 haud
1016 534 1136 561 alienum

351 590 367 610 ι
382 582 430 610 Dei
454 582 600 616 adoptione
626 581 745 608 censeri.
777 580 916 607 Existimo
938 580 1022 615 igitur
1046 580 1136 615 ipsum

351 628 512 663 tempestive
536 631 562 654 et
587 627 772 662 genealogiam
801 626 962 661 scripsisse,
986 629 1013 653 et
1029 625 1135 652 addita-

350 677 442 700 mento
460 672 589 700 dictionis
602 677 630 698 ut
641 671 786 706 putabatur
801 679 894 698 usum.
913 670 1135 698 Consentaneum

350 719 452 754 quippe
476 723 545 751 erat,
565 722 710 752 postquam
733 717 767 744 de
786 718 856 744 casio
886 717 1072 744 testimonium
1101 715 1136 743 ad

298 780 303 784 -
349 764 445 792 Jesum
463 768 590 791 venerat:
618 763 658 790 Tu
683 770 714 791 es
730 762 815 790 Filius
832 770 910 789 meus
925 762 1052 792 dilectus.
1069 762 1096 789 in
1111 767 1137 789 te

352 811 419 838 mihi
449 810 619 845 eomplacui;
637 810 694 844 jam
721 810 832 845 inquam
848 809 925 836 haud
941 808 1065 839 decebat,
1088 808 1138 835 ho—

350 857 454 884 minum
471 857 566 887 ﬁlium,
584 863 660 891 aeque
676 863 708 882 ac
725 859 850 892 caeteros,
875 855 964 889 ipsum
985 855 1136 889 appellare;

351 902 399 930 sed
418 902 631 929 additamentum
646 901 763 936 adjicere
782 909 851 936 opus
872 901 922 928 fuit
937 906 966 927 ut
980 901 1133 936 putabatur.

1190 264 1298 300 ἀληθῶς
1320 265 1377 296 υἱὸς
1396 264 1547 301 ἀνθρώπων
1569 262 1638 291 εἶναι
1657 263 1789 299 νομίζοιτο
1803 265 1871 300 δι’ἢν
1883 269 1942 301 περί-

1190 319 1280 337 κειται
1304 310 1392 347 σάρκα
1403 330 1410 342 ,
1428 311 1484 337 ἀλλ’
1496 311 1544 345 οὐχ
1559 309 1667 337 ἵσταταί
1683 318 1714 343 γε
1732 309 1801 344 αὺτῷ
1812 309 1842 336 τὰ
1853 311 1895 345 τῆς
1908 321 1942 346 γε.
1953 336 1955 344 γ

1189 356 1290 388 νέσεως
1309 357 1350 388 είς
1363 356 1426 388 τοὺς
1441 356 1511 382 κατά
1530 356 1619 390 σάρκα
1633 356 1721 389 γονεῖς
1730 375 1738 387 ,
1755 355 1811 381 οὐδὲ
1824 356 1893 391 μέχρι
1902 358 1943 383 τῶν

1190 400 1238 427 τοῦ
1262 401 1388 436 σώματος
1407 401 1585 438 προπατόρων
1605 401 1713 436 φθάνει·
1732 401 1820 427 ἀλλἐξ
1836 402 1877 428 καὶ
1888 403 1950 437 νομί-“

1191 445 1264 478 Cotto
1278 446 1428 482 ἀνθρώπων
1441 445 1510 473 εἶναι
1517 448 1573 479 υἱὸς
1587 447 1630 475 διὰ
1640 447 1689 482 τὴν
1703 446 1749 473 τοῦ
1761 446 1874 482 σώματος
1885 449 1944 482 γένε-

1191 501 1243 524 σιν,
1260 493 1334 528 ὅμως
1345 493 1367 519 δ’
1380 491 1425 520 οὖν
1433 493 1482 520 οὑκ
1497 493 1634 528 ἀλλότριος
1648 493 1696 528 τῆς
1703 492 1749 519 τοῦ
1764 493 1827 519 Θεοῦ
1836 490 1950 531 υἱοθεσίαςῇ

1190 538 1353 574 καθέστηκε.
1376 539 1421 565 Διὺ
1442 539 1560 574 ἠγοῦμαι
1581 539 1661 566 αὑτὸν
1681 539 1751 566 κατὰ
1769 540 1858 575 καιρόν
1872 541 1910 566 καὶ
1920 543 1944 576 τῇ

1190 584 1348 620 γενεαλογίᾳ
1373 585 1533 620 κεχρῆσθαι,
1568 586 1615 612 καὶ
1641 588 1674 622 τῇ
1696 584 1834 621 προσθήκῃ
1853 587 1894 621 τῆς
1915 587 1945 619 ὼς

1189 629 1337 665 ἐνομίζετο
1349 631 1450 666 φωνῆς.
1475 632 1529 658 Καὶ
1552 631 1605 666 γὰρ
1630 631 1772 658 ἀκόλουθον
1796 629 1844 666 ἦν,
1864 632 1905 666 τῆς
1924 633 1945 665 ἐξ

1188 676 1310 711 οὐρανῶν
1334 678 1486 713 μαρτυρίας
1508 678 1633 713 φησὰσης
1653 678 1721 714 πρὸς
1737 677 1782 704 τὸν
1803 678 1902 713 Ἰησοῦν,
1917 679 1943 705 Σὺ

1189 721 1204 747 ό
1215 722 1272 753 υἱός
1285 730 1336 756 μου
1349 724 1363 749 ό
1378 723 1528 758 ἀγαπητὸς,
1552 725 1580 750 ὲν
1589 724 1629 749 σοὶ
1644 724 1786 759 εὐδόκησα,
1804 723 1891 759 μηκέτι
1912 725 1947 751 καὶ

1190 765 1340 801 ἀνθρώπων
1370 768 1470 803 ὁμοίως
1504 769 1584 795 αὑτὸν
1604 769 1783 804 ἀναγορεῦσαι
1805 770 1866 801 υἱὸν,
1895 770 1946 805 μετά

1191 813 1219 840 δὲ
1243 814 1292 849 τῆς
1320 815 1360 846 ὡς
1386 814 1532 849 ἐνομίζετο
1561 815 1734 850 προσθήκης·
1760 814 1826 842 Θεοῦ
1844 815 1888 850 μὲν
1907 816 1949 851 γὰρ

1192 859 1365 895 ἀνεκηρύχθη
1380 860 1437 892 υίὸς
1451 858 1518 886 εἶναι
1531 860 1621 894 φύσει,
1634 860 1690 887 ἀλλ’
1704 861 1753 896 οὐχ
1761 860 1801 892 ὼς
1810 860 1946 895 ἐνομίζετο·

1188 903 1236 930 τοῦ
1248 904 1276 930 δὲ
1290 905 1388 941 Ἰωσὴφ
1403 905 1552 940 ἐνομίζετο,
1571 905 1628 932 ἀλλ’
1642 906 1673 932 οὐ
1688 905 1767 940 φύσει
1784 906 1838 938 υἱὸς
1848 904 1887 941 ἦν.

351 950 417 978 Nam
429 950 475 978 Dei
491 949 599 985 quidem
622 950 806 984 proclamatus
832 948 881 976 l'nit
906 949 1068 977 naturaliter
1090 950 1171 983 ﬁlius,
1197 959 1252 980 non
1280 958 1370 981 autem
1401 958 1430 980 ut
1457 954 1624 989 putabatur:
1651 962 1730 982 secus
1754 959 1841 983 autem
1861 955 1948 991 Joseplil

351 996 459 1033 quidem
483 995 645 1031 putabatur,
675 995 723 1023 sed
751 1003 806 1022 non
837 999 896 1022 erat
928 996 1090 1023 naturaliter
1110 996 1192 1025 ﬁlius.

386 1044 413 1071 6.
434 1044 500 1077 Quae
522 1050 583 1070 cum
603 1043 640 1070 ita
668 1050 697 1070 se
720 1043 851 1074 habeant,
876 1043 972 1070 videor
998 1044 1064 1071 mihi
1093 1044 1134 1071 sic

1152 1049 1171 1075 Β
1221 1049 1257 1078 ς’.
1278 1043 1327 1072 Ὧν
1344 1046 1430 1079 οὕτως
1452 1047 1576 1083 ἑχόντων,
1596 1047 1667 1074 δοκῶ
1690 1056 1735 1082 μοι
1759 1047 1806 1074 κα)⁸
1828 1046 1948 1079 οὖτωςτὺν

351 1090 484 1117 rationem
496 1089 659 1121 reddidisse,
671 1096 720 1116 cur
729 1088 871 1116 Matthaeus
882 1089 1047 1123 scripturam
1059 1097 1136 1116 suam

350 1136 511 1169 exordiens,
529 1138 592 1162 ante
607 1134 699 1161 Maria:
714 1139 889 1168 conceptum.
902 1138 929 1161 et
954 1137 1017 1161 ante
1037 1141 1137 1161 carna—

352 1182 403 1209 lem
416 1181 482 1209 Jesu
499 1181 714 1216 generationem.
734 1181 897 1216 tempestive
919 1181 946 1207 in
962 1189 1011 1208 sua
1022 1181 1137 1209 historia

350 1226 488 1254 carnalem
505 1226 691 1261 genealogiam
710 1226 903 1261 praeposuerit.
919 1225 1066 1261 Propterea
1089 1234 1136 1262 ge-

351 1272 506 1300 nerationes
531 1279 639 1307 quoque
667 1271 797 1299 deorsum
825 1272 911 1304 ducit,
934 1272 1095 1300 descensum
1121 1280 1137 1300 a

351 1318 464 1346 meliore
483 1321 557 1345 statu
578 1318 696 1345 innuens
720 1318 794 1345 illius
817 1318 851 1345 de
866 1325 921 1352 quo
939 1319 995 1353 agit
1013 1328 1019 1345 :
1035 1318 1136 1345 etenim

351 1365 524 1392 incarnatum
552 1364 598 1391 Dei
624 1363 744 1391 Verbum
777 1371 874 1399 reapse
899 1365 1056 1396 descendit.
1072 1365 1138 1400 quia

352 1416 414 1436 cum
443 1409 472 1436 in
502 1409 590 1437 forma
615 1408 661 1436 Dei
686 1413 759 1437 esset
783 1410 936 1437 exinanivit
959 1410 1137 1444 semetipsum

352 1454 467 1483 formam
483 1456 555 1483 servi
570 1455 717 1490 accipiens.
736 1455 771 1482 At
782 1462 847 1482 vero
865 1455 970 1486 Lucas.
989 1456 1135 1490 siquidem,

351 1509 428 1537 aeque
444 1509 476 1528 ac
495 1501 649 1534 Matthaeus,
665 1500 747 1528 Verbi
766 1501 794 1528 in
815 1509 898 1528 carne
919 1501 1065 1528 adventum
1089 1501 1137 1528 de-

352 1551 555 1576 monstraturus
567 1546 673 1579 fuisset,
690 1547 748 1582 ipse
761 1555 871 1582 quoque
897 1547 1010 1574 omnino
1028 1547 1137 1582 generis

353 1593 494 1621 historiam
512 1593 669 1627 scripsisset
693 1593 767 1620 circa
787 1593 976 1628 conceptionis
994 1597 1041 1620 aut
1064 1597 1137 1620 certe

353 1639 503 1667 nativitatis
537 1643 664 1674 tempus;
691 1638 894 1673 ordinatimque
930 1645 947 1666 a
982 1639 1137 1666 senioribus

352 1685 514 1717 exordiens,
532 1684 565 1711 ad
587 1688 741 1719 postremos
762 1683 962 1712 descendisset.
992 1683 1045 1711 Sed
1073 1684 1137 1718 quia

353 1731 426 1759 haud
441 1730 589 1759 secundum
603 1728 722 1756 Matthaai
733 1733 850 1757 mentem
864 1729 1046 1757 narrationem
1059 1737 1137 1757 suam

352 1776 494 1811 explicuit,
520 1775 619 1802 merito
638 1778 747 1810 tempus
768 1774 836 1801 illud
865 1773 1072 1806 transcenderis,
1104 1774 1136 1801 ad

354 1822 479 1858 baptismi
498 1821 732 1857 regenerationem
745 1821 885 1848 contendit
898 1830 904 1847 :
917 1825 998 1855 atque
1013 1821 1065 1848 hoc
1077 1820 1139 1848 loco

353 1867 519 1895 contrariam
538 1867 650 1902 exponit
671 1866 880 1902 generationnm
905 1866 1107 1894 successionem
1129 1874 1136 1893 :

354 1913 533 1948 subgradiens
546 1913 627 1940 simul
639 1921 654 1940 a
666 1913 814 1948 postremis
829 1911 863 1939 ad
877 1912 990 1947 primos.
1003 1913 1139 1948 simulque

354 1959 444 1987 vitans
453 1963 730 1986 commemoratorum
741 1966 756 1985 a
770 1958 898 1986 Matthmo
912 1966 1022 1986 reorum
1040 1966 1137 1994 pecca-

354 2008 500 2039 torumque
537 2004 660 2031 virorum
691 2004 858 2031 mentionem
885 2013 892 2031 :
916 2004 1138 2039 quandoquidem

354 2054 530 2086 regeneratus
555 2051 582 2077 in
606 2050 672 2083 Deo,
684 2050 714 2077 ﬁt
728 2050 833 2078 alienus
852 2057 868 2078 a
891 2051 996 2078 carnali
1011 2051 1117 2086 origine
1128 2071 1136 2084 ,

353 2102 381 2125 et
393 2105 408 2124 a
422 2097 613 2132 peccatoribus
627 2097 776 2124 secundum
789 2104 898 2125 carnem
911 2097 1046 2132 patribus,
1062 2102 1139 2132 post-

353 2151 434 2179 quam
449 2143 497 2170 Dei
513 2143 584 2171 ﬁlius
601 2146 644 2171 est
662 2143 785 2173 eﬁ‘ectus.
800 2147 827 2170 et
840 2143 960 2171 omnium
979 2144 1025 2178 qui
1040 2151 1139 2171 secun-

354 2189 418 2217 dum
449 2189 535 2217 Deum
571 2188 708 2223 inculpate
739 2189 876 2216 vixerunt.
906 2187 952 2215 Sic
983 2188 1138 2216 Abrahamo

353 2243 461 2272 quoque
484 2234 587 2262 dictum
611 2234 682 2262 fuit:
700 2243 709 2260 ι
729 2234 771 2262 Tu
797 2241 863 2261 vero
881 2233 969 2261 abibis
987 2234 1021 2261 ad
1047 2238 1137 2269 patres

354 2286 426 2310 tuos.
444 2292 453 2309 ι
467 2281 573 2315 Quibus
585 2281 677 2308 verbis
702 2279 775 2308 haud
795 2280 922 2307 carnales
938 2283 1066 2314 parentes
1088 2280 1137 2307 sed

353 2329 391 2356 illi
407 2328 452 2363 qui
471 2327 621 2356 secundum
637 2326 721 2354 Deum
736 2326 837 2361 pietate
848 2325 874 2353 ei
894 2325 998 2353 similes
1016 2325 1136 2359 fuerunt,

352 2374 430 2410 quasi
445 2374 588 2409 aenigmate
601 2373 778 2400 denotantur.

388 2420 413 2446 7.
435 2419 531 2446 Merito
545 2425 609 2454 ergo
624 2417 824 2452 anas.utpote
838 2417 884 2452 qui
898 2417 1133 2453 regenerationem

354 2471 458 2497 narrat.
476 2465 549 2492 haud
573 2464 668 2492 eadem
692 2471 746 2498 qua
774 2463 916 2491 Matthaeus
945 2463 990 2491 via
1018 2463 1129 2491 incedit.

356 2511 539 2545 Quamobrem
563 2517 652 2546 neque
671 2510 824 2538 Salomonis
838 2517 927 2545 neque
942 2509 1015 2537 Uriae
1031 2510 1135 2542 uxoris,

352 2565 440 2594 neque
466 2557 619 2585 Thamarae.
637 2564 726 2591 neque
749 2555 857 2588 Buthae,
884 2563 972 2591 neque
987 2555 1135 2586 Jechoniaa.

351 2612 441 2640 neque
456 2603 501 2632 his
517 2603 722 2637 inlerjectorum
734 2601 807 2629 haud
825 2602 929 2637 absque
944 2601 1134 2629 criminatione

351 2654 473 2681 virorum
488 2652 554 2679 facit
566 2650 764 2682 recensionem,
780 2650 826 2677 sed
844 2657 891 2684 per
902 2648 969 2676 alios
983 2648 1136 2682 inCulpatos

352 2699 491 2736 graditur;
505 2702 532 2726 et
546 2698 656 2733 quidem
672 2705 688 2724 a
703 2697 834 2731 propheta
849 2695 974 2722 Nathano
994 2701 1137 2729 regenera-

351 2753 410 2772 tum
427 2752 507 2772 suum
524 2744 639 2771 derivat.
658 2742 691 2770 Et
707 2742 751 2769 ille
765 2741 873 2777 quidem
892 2741 963 2775 apud
979 2740 1134 2767 Matthaeum

352 2790 502 2819 secundum
526 2797 635 2817 carnem
663 2789 779 2824 genitus,
797 2788 868 2814 ﬁlius
892 2790 951 2814 erat
976 2785 1133 2816 Abrahami,

351 2845 385 2864 ex
410 2836 462 2863 hoc
491 2835 614 2862 videlicet
635 2835 750 2862 deducta
775 2833 944 2869 genealogia,
969 2833 1032 2867 quia
1045 2832 1133 2866 primo

351 2882 509 2910 Abrahamo
522 2881 591 2908 facta
607 2881 658 2907 l'nit
672 2880 818 2915 promissio
833 2879 955 2915 gentium
969 2878 1133 2906 benedictio-

1187 1090 1315 1127 λογισμὸν
1331 1092 1537 1124 ἀποδεδωκέναι,
1555 1093 1614 1119 καθ’
1634 1092 1663 1119 ὃν
1679 1094 1693 1118 ὸ
1709 1093 1758 1128 μὲν
1775 1092 1901 1124 Ματθαῖος
1911 1093 1949 1128 ἁρ-

1187 1137 1301 1172 χόμενος
1317 1138 1365 1172 τῆς
1379 1138 1475 1164 ἑαυτοῦ
1491 1139 1608 1173 γραφῆς,
1626 1138 1680 1173 πρὸ
1695 1138 1745 1173 τῆς
1760 1137 1904 1172 συλλήψεως
1912 1137 1948 1172 τῆς

1187 1183 1307 1218 Μαρίας,
1326 1184 1372 1210 καὶ
1388 1184 1440 1218 πρὸ
1454 1184 1503 1218 τῆς
1515 1184 1646 1219 ὲνσάρκου
1662 1184 1795 1217 γενέσεως
1810 1183 1853 1210 τοῦ
1872 1183 1947 1218 Ἰησοῦ,

1188 1229 1258 1255 κατὰ
1271 1230 1364 1265 καιρὸν
1377 1230 1414 1261 ὼς
1429 1231 1457 1256 ἐν
1474 1230 1579 1265 ἱστορίᾳ.
1592 1230 1735 1265 προτάττει
1749 1230 1798 1265 τὴν
1808 1229 1873 1256 κατά
1883 1229 1948 1264 σάρκα

1188 1276 1369 1310 γενεαλογίαν·
1395 1275 1435 1302 διὸ
1448 1277 1493 1302 καὶ
1511 1277 1545 1303 τὰ
1564 1276 1628 1312 γένη
1646 1276 1772 1311 κατάγει,
1793 1275 1895 1302 κάθοδον
1910 1275 1949 1302 ἀπὸ

1186 1322 1241 1348 τῶν
1264 1322 1425 1356 κρειττόνων
1450 1323 1634 1357 αἰνιττόμενος
1655 1322 1702 1349 τοῦ
1720 1322 1948 1359 δηλουμένω·σαρ-

1188 1367 1318 1402 κούμενος
1333 1367 1386 1402 γὰρ
1404 1369 1418 1394 ό
1437 1368 1520 1401 Λόγος
1546 1367 1592 1394 τοῦ
1617 1368 1685 1394 Θεοῦ
1705 1367 1812 1404 κατῄει,
1830 1368 1867 1394 ὅτι
1884 1367 1911 1402 δὴ
1929 1368 1950 1392 ὲν

1190 1414 1279 1448 μορφῇ
1297 1413 1363 1439 Θεοῦ
1382 1413 1510 1449 ὑπάρχων
1531 1413 1662 1440 ἐκένωσεν
1679 1415 1777 1441 ἑαυτὸν
1794 1414 1891 1450 μορφὴν
1904 1412 1949 1439 δού-

1187 1458 1232 1484 λου
1248 1458 1345 1484 λαϐών·
1363 1459 1377 1484 ὁ
1395 1458 1422 1485 δὲ
1442 1459 1559 1491 Λουκᾶς,
1576 1460 1600 1485 εἰ
1621 1460 1668 1494 μὲν
1681 1460 1783 1495 ὁμοίως
1795 1460 1832 1494 τῷ
1845 1459 1951 1493 Ματθαίῳ

1187 1505 1236 1539 τὴν
1247 1504 1376 1539 ἕνσαρκον
1392 1504 1502 1539 ἔμελλεν
1519 1505 1601 1531 αὑτοῦ
1623 1506 1773 1541 παρουσίαν
1790 1505 1887 1540 δηλοῦν,
1901 1505 1952 1531 πάνς

1187 1559 1240 1582 τως
1260 1550 1291 1577 ἂν
1311 1551 1445 1586 ἐχρήσατο
1465 1551 1513 1577 καὶ
1527 1551 1607 1583 αὐτὸς
1626 1553 1659 1587 τῇ
1680 1551 1727 1578 τοῦ
1749 1552 1842 1586 γένους
1857 1551 1950 1586 ἱστορίᾳ.

1188 1595 1258 1621 κατὰ
1270 1595 1315 1622 τὸν
1326 1595 1375 1630 τῆς
1387 1595 1542 1631 συλλήψεως
1554 1596 1571 1631 ἢ
1586 1596 1635 1631 τῆς
1647 1597 1802 1630 ἁποτέξεως
1814 1597 1906 1632 καιρόν·
1917 1597 1951 1622 καὶ

1187 1641 1340 1673 ἀκολούθως
1353 1641 1406 1668 ἀπὸ
1423 1641 1477 1668 τῶν
1491 1641 1682 1677 πρεσϐυτέρων
1701 1642 1862 1677 ἀρξάμενος,
1877 1642 1951 1676 κατῄει

1189 1686 1236 1713 ἐπὶ
1251 1687 1314 1718 τοὺς
1333 1686 1512 1718 τελευταίους
1529 1687 1589 1713 ἐπεὶ
1603 1687 1632 1713 δὲ
1643 1687 1673 1713 οὺ
1688 1686 1761 1714 κατὰ
1779 1688 1827 1723 τὴν
1841 1685 1951 1722 αὑτὴντῷ

1152 1719 1173 1749 c
1189 1732 1319 1768 Ματθαίῳ
1337 1732 1454 1759 διάνοιαν
1470 1733 1575 1764 ἐξέθετο
1589 1732 1637 1767 τὴν
1652 1732 1789 1768 διήγησιν,
1805 1719 1906 1764 εἰκότως
1918 1731 1951 1757 τὸν

1188 1779 1268 1806 αὑτὸν
1290 1779 1386 1814 ἐκείνῳ
1402 1779 1495 1814 καιρὸν
1519 1779 1655 1814 ὑπερϐὰς,
1677 1779 1724 1805 ἐπὶ
1737 1779 1789 1814 τὴν
1803 1779 1951 1812 ἀναγέννησιν

1188 1825 1236 1860 τὴν
1251 1825 1295 1851 διὰ
1307 1824 1418 1860 λουτροῦ
1434 1826 1624 1860 παραγίνεταιι
1643 1824 1689 1850 καὶ
1706 1824 1825 1851 ἐνταῦθα
1837 1824 1881 1859 τὴν
1896 1824 1950 1849 Eva»-

1188 1872 1248 1898 τίαν
1264 1871 1398 1898 ἐκτίθεται
1409 1871 1463 1898 τῶν
1476 1871 1562 1905 γενῶν
1575 1870 1708 1906 διαδοχὴν,
1725 1869 1795 1906 ὁμοῦ
1809 1870 1853 1897 καὶ
1869 1870 1950 1901 ἀνάγων

1188 1918 1242 1944 ἀπὸ
1260 1916 1314 1944 τῶν
1329 1917 1450 1944 ὑστάτων
1467 1916 1515 1943 ἐπὶ
1530 1917 1563 1943 τὰ
1582 1916 1686 1952 πρῶτα,
1702 1916 1772 1952 ὁμοῦ
1788 1916 1833 1942 καὶ
1846 1915 1889 1951 τὴν
1903 1914 1951 1950 μνή-

1190 1972 1243 1999 μην
1253 1963 1307 1989 τῶν
1317 1963 1391 1998 παρὰ
1403 1963 1442 1998 τῷ
1456 1962 1588 1997 Ματθαίῳ
1600 1961 1732 1988 ὑπαιτίων
1747 1962 1796 1989 καὶ
1811 1959 1951 1997 ἁμαρτωλῶν

1188 2008 1292 2044 ἀνδρῶν
1318 2008 1519 2042 ἀποσειόμενος,
1544 2007 1692 2042 ἐπειδήπερ
1717 2007 1732 2033 6
1758 2007 1834 2043 παρά
1853 2005 1889 2040 τῷ
1907 2003 1951 2038 Θεῷ

1188 2055 1352 2090 ἀναγεγεννη
1358 2054 1445 2090 μένος,
1461 2053 1597 2089 ἀλλότριος
1611 2053 1774 2079 καθίσταται
1784 2053 1833 2088 τῆς
1844 2051 1950 2086 ὲνσάρκω

1188 2101 1320 2135 γενέσεως
1331 2100 1378 2126 καὶ
1391 2099 1444 2126 τῶν
1456 2099 1527 2126 κατὰ
1539 2098 1627 2134 σάρκα
1645 2098 1816 2133 ἁμαρτωλῶν
1840 2096 1950 2131 πατέρων,

1188 2145 1252 2176 Υἱὸς
1275 2144 1488 2179 ἀποφαινόμενος
1510 2143 1576 2169 Θεοῦ
1590 2163 1598 2174 .
1627 2142 1675 2168 καὶ
1697 2142 1807 2169 πάντων
1830 2142 1879 2168 τῶν
1900 2139 1951 2166 κατὰ

1188 2191 1253 2218 Θεὸν
1266 2191 1455 2225 ἀνεπιλήπτως
1473 2188 1649 2224 βεϐιωκότων·
1663 2187 1734 2215 οὕτω
1744 2187 1839 2222 καὶτῷ
1853 2185 1951 2222 Ἀϐραὰμ

1188 2238 1289 2273 εῐρητο·
1316 2246 1325 2262 ι
1341 2236 1376 2262 Σὺ
1392 2236 1420 2262 δὲ
1434 2234 1571 2271 ἀπελεύσῃ
1588 2234 1656 2269 πρὸς
1671 2234 1733 2265 τοὺς
1749 2233 1869 2268 πατέρας
1883 2239 1928 2258 sou“
1943 2239 1949 2255 ι

1187 2283 1217 2309 οὺ
1239 2282 1302 2313 τοὺς
1326 2281 1397 2308 κατά
1423 2280 1520 2316 σάρκα,
1537 2280 1600 2311 τοὺς
1623 2279 1651 2305 δὲ
1673 2279 1702 2305 ὲν
1720 2278 1782 2313 Θεῷ
1798 2278 1841 2304 διὰ
1864 2276 1906 2311 τὴν
1917 2273 1950 2301 εὗ-

1188 2327 1296 2358 σεόείας
1308 2325 1498 2362 όμοιοτροπίαν
1510 2324 1694 2360 αἰνιττομένου
1707 2323 1756 2351 τοῦ
1770 2323 1860 2358 λόγου.

1224 2416 1257 2449 ζ’.
1273 2416 1391 2447 Εἰκότως
1407 2412 1549 2450 τοιγαροῦν
1561 2414 1576 2439 ό
1589 2413 1695 2444 Λουκᾶς
1704 2432 1711 2443 ,
1737 2411 1786 2439 an
1800 2411 1848 2446 τὴν
1862 2407 1952 2442 ἀναγίν-

1189 2472 1264 2499 νησιν
1276 2462 1399 2497 ἱστορῶν,
1411 2462 1442 2487 οὑ
1455 2461 1503 2496 τὴν
1519 2459 1601 2495 αὐτὴν
1613 2458 1698 2485 ὁδεύει
1707 2457 1745 2493 τῷ
1760 2456 1896 2490 Ματθαίῳ·
1910 2452 1951 2480 οὔτ’

1188 2507 1234 2536 οὖν
1254 2508 1300 2536 τοῦ
1323 2507 1477 2543 Σολομῶνος
1493 2506 1540 2533 καὶ
1556 2506 1605 2540 τῆς
1619 2505 1728 2540 Οὐρίου.
1752 2504 1783 2530 οὺ
1803 2503 1851 2538 τῆς
1864 2500 1952 2535 eam.

1189 2555 1218 2581 οὺ
1232 2555 1281 2591 τῆς
1302 2554 1390 2585 Ῥοὺθ,
1409 2553 1439 2580 οὑ
1454 2551 1500 2578 τοῦ
1520 2550 1642 2586 Ἰεχονίου
1659 2550 1706 2576 καὶ
1721 2549 1777 2575 τῶν
1799 2544 1952 2591 μεταξὺ

1189 2588 1360 2635 6ε6λήμένων
1382 2598 1484 2634 ἀνδρῶν
1504 2597 1552 2633 τὴν
1571 2595 1718 2632 παράθεσιν
1733 2594 1885 2628 πεποίηται,
1901 2588 1953 2637 aut

1189 2647 1223 2673 δι’
1247 2646 1348 2682 ἑτέρων
1373 2644 1562 2679 ἀνεπιλήπτων
1586 2641 1683 2672 ἄνεισι,
1700 2639 1748 2666 καὶ
1768 2639 1798 2665 δὲ
1818 2638 1864 2664 καὶ
1879 2638 1907 2682 ἐκ

1190 2678 1327 2728 προφήτου
1341 2690 1432 2716 Νάθαν
1448 2689 1493 2715 τὸν
1506 2689 1670 2722 ἀναγεγεννη
1675 2686 1753 2721 μένον
1765 2684 1876 2718 εἰσάγει.
1890 2678 1954 2728 lini-6

1192 2726 1240 2773 μεν
1259 2726 1333 2775 παρὰ
1355 2735 1393 2771 τῷ
1414 2734 1544 2769 Ματθαίῳ
1564 2732 1634 2759 κατά
1660 2732 1748 2766 σάρκα
1768 2726 1952 2775 γεγεννημένος.

1189 2784 1246 2815 υἱὸς
1265 2773 1299 2818 ἧν
1329 2782 1462 2818 Ἀϐραὰμ,
1489 2779 1611 2806 ἐντεῦθεν
1628 2776 1877 2812 γενεαλογούμενος,
1895 2773 1953 2818 ἔττᾷ

1187 2816 1327 2866 δήπερ-τῷ
1345 2816 1468 2863 Ἀϐραὰμ
1491 2825 1590 2861 πρώτῳ
1609 2825 1627 2860 ἡ
1648 2822 1800 2857 ἐπαγγελία
1821 2821 1903 2848 δέδοτθ
1913 2816 1952 2850 τῆς

1187 2865 1240 2903 τῶν
1257 2875 1341 2902 ὲθνῶν
1354 2873 1485 2908 εὐλογίας,
1501 2873 1551 2899 οὐκ
1563 2872 1648 2903 ἄλλως
1663 2871 1679 2907 ἢ
1693 2869 1736 2897 διὰ
1744 2869 1795 2896 τοῦ
1808 2869 1840 2896 ὲκ
1853 2865 1952 2900 σπέρμᾱ
