2065 3216
583 146 835 176 SUPPLEMENTA
854 146 1092 182 ρυαετιοΝωι
1111 147 1156 175 AD
1176 147 1399 176 STEPHANUM.

1730 149 1781 176 966

150 208 200 232 τος
217 201 298 227 αὑτοῦ
313 201 542 237 προελευσομένου
552 205 730 240 γενησομένη,
755 205 782 231 '0
799 205 826 232 δὲ
840 207 869 232 ὲν
885 205 944 240 Θεῷ

995 206 1049 236 nis,
1064 211 1124 239 quae
1146 203 1218 231 haud
1243 204 1321 232 aliter
1337 211 1419 240 quam
1439 211 1486 239 per
1509 211 1601 232 semen
1613 212 1646 232 ex
1665 212 1698 232 eo
1719 212 1782 239 pro-

150 247 414 282 ὰναγεγεννημένος,
432 249 541 284 ἑτέρους
556 249 676 285 πατέρας
696 251 758 282 τοὺς
784 251 854 278 κατὰ
878 251 943 278 Θεὸν

149 292 386 328 ἐπιγραψάμενος,
406 295 460 321 οὐδ’
484 296 580 327 αὐτοὺς
601 296 709 332 ἀληθῶς
726 297 859 333 ἐσχηκὼς,
885 297 942 324 ἀλλ’

149 338 191 370 ὡς
204 339 344 374 ἐνομίζετο
360 341 402 368 διὰ
425 342 474 377 τὴν
489 342 542 368 τῶν
558 342 631 378 ὴθῶν
654 343 855 379 ὀμοιοτροπίαν,
873 345 944 372 ἆνει-

152 392 198 411 σιν
213 386 258 412 ἐπὶ
270 386 319 412 τὸν
334 386 417 422 ἀληθῆ
441 388 550 423 Πατέρα
572 390 640 425 μετὰ
655 391 758 423 πάντας
773 391 944 427 χρηματίσας

151 429 220 461 Υἱὸς
241 430 286 456 τοῦ
312 430 390 457 Θεοῦ·
414 432 471 459 ἀλλ’
486 430 563 466 οὗτος
581 435 630 470 μὲν
649 436 678 462 ὲν
698 436 863 471 ἀπορρήτοις
877 437 943 472 ἡμῖν

150 476 295 503 ἀποδόσοω
312 478 325 504 ό
342 477 430 512 λόγος.
446 479 504 506 Ἵνα
518 479 546 506 δὲ
569 481 605 516 μή
621 489 664 512 τις
676 482 750 516 ἡμᾶς
763 482 942 518 εὑρεσιλογεῖν

150 521 293 554 ὑπολάϐοι,
307 523 354 549 καὶ
370 524 473 560 ἱστορίᾳ
488 526 626 561 χρήσομαι
645 527 814 564 παλαιοτάτῃ
827 529 891 564 παρ’
908 526 942 564 ἦς

149 567 211 594 εστι
229 569 278 604 τὴν
297 568 373 596 λύσιν
390 570 479 605 εὑρεῖν
499 572 548 607 τῆς
567 573 763 608 νενομισμένης
778 575 842 609 παρ’
858 575 942 609 ἀμφο-

147 614 242 650 τέροις
254 616 310 647 τοῖς
323 615 525 650 εὐαγγελισταῖς
537 618 693 652 διαφωνίας.
707 619 763 654 Τῆς
777 620 806 647 δὲ
823 622 941 656 ἱστορίας

148 661 247 695 γέγονε
265 663 438 697 συγγραφεὺς
456 663 624 699 Ἀφρικανὸς,
639 665 708 701 ἀνὴρ
721 665 812 699 λόγιος
828 666 941 700 καὶτοῖς

148 707 205 733 ἀπὺ
219 708 267 743 τῆς
292 707 390 740 ἔξωθεν
406 709 529 742 παιδείας
548 711 718 746 ὁρμωμένοις
742 713 884 748 ἐπιφανής·
910 712 940 742 οὗ

148 752 221 789 πρὸς
234 752 324 785 ἄλλοις
339 753 446 785 πολλοῖς
464 755 511 781 καὶ
526 755 618 788 καλοῖς
632 756 732 791 λάγοις,
750 759 797 784 καὶ
813 759 939 795 ἐπιστολὴ

147 798 263 834 φέρεται
274 798 342 834 πρὸς
363 800 528 836 Ἀριστείδην
540 803 603 838 περὶ
614 802 663 838 τῆς
680 804 874 839 νενομισμένης
886 806 940 833 τῶν

145 844 350 879 εὐαγγελιστῶν
366 847 429 881 περὶ
446 847 496 882 τὴν
511 847 629 875 Χριστοῦ
649 849 823 884 γενεαλογίαν
840 851 940 886 διαφω-

147 890 220 922 νίας·
238 891 295 926 ’ἐχει
315 891 337 917 δ’
352 891 449 924 οὕτως.

403 949 603 977 ΑψΡικΑΝοΥ
619 950 685 986 (ιε).

182 1008 219 1039 η’.
235 1005 290 1032 Οὐκ
300 1005 420 1041 ἀκριϐῶς
431 1006 522 1041 μέντοι
534 1007 606 1039 τινὲς
617 998 753 1043 λέγουοῖν,
764 1011 805 1038 ὅτι
827 1011 938 1043 δικαίως

144 1050 259 1085 γέγονεν
270 1053 286 1087 ἡ
298 1052 425 1088 διάφορος
437 1053 505 1088 αὕτη
517 1053 569 1081 τῶν
586 1054 723 1089 ὀνομάτων
738 1057 938 1093 καταρίθμησίς

146 1104 177 1123 τε
194 1097 242 1124 καὶ
265 1098 399 1133 ἐπιμιξία,
416 1098 470 1125 τῶν
488 1107 517 1125 τε
533 1099 685 1135 ἰερατικῶν,
704 1101 742 1133 ὡς
758 1102 869 1135 οἴονται,
892 1103 938 1130 καὶ

145 1142 203 1168 τῶν
220 1142 375 1177 βασιλικῶν,
395 1144 438 1170 ἵνα
452 1143 543 1179 δειχθῇ
559 1144 670 1177 δικαίως
688 1147 702 1172 ὁ
715 1147 830 1182 Χριστὸς
850 1148 938 1182 ἱερεύς

146 1196 177 1214 τε
192 1188 239 1214 καὶ
252 1188 377 1223 βασιλεὺς
392 1190 536 1224 γενόμενος
546 1199 552 1206 ·
568 1191 661 1228 ὥσπερ
677 1193 748 1224 τινὸς
764 1193 938 1226 ἀπειθοῦντος

146 1234 164 1269 ἢ
184 1234 280 1270 ἑτέραν
295 1236 442 1271 ἐσχηκότος
459 1236 562 1269 ἐλπίδα,
577 1238 616 1264 ὅτι
634 1239 647 1265 ὁ
664 1239 780 1274 Χριστὸς
794 1241 936 1276 ἀρχιερεύς

147 1281 207 1306 tam
221 1280 336 1316 Πατρδς,
351 1281 401 1312 τὰς
412 1282 547 1318 ἡμετέρας
564 1283 633 1318 πρὸς
648 1284 728 1311 αὑτὸν
745 1285 826 1320 εὐχὰς
838 1284 938 1321 ἀναφέὲ

150 1334 216 1356 οων,
233 1326 280 1352 καὶ
295 1326 422 1360 βασιλεὺς
439 1327 633 1364 ὑπερκόσμιος,
651 1329 696 1361 οὒς
707 1329 877 1366 ἠλευθέρωσε
895 1331 937 1358 νέ-

149 1379 208 1406 μων
273 1371 421 1407 Πνεὺματι,
434 1374 562 1409 συνεργὸς
574 1375 614 1406 εἰς
628 1375 676 1410 τὴν
689 1376 867 1412 διακόσμησιν
882 1377 936 1403 τῶν

147 1417 216 1444 ὅλων
237 1418 392 1453 γενόμενος.
412 1419 468 1446 Καὶ
490 1420 569 1446 τοῦτο
588 1422 653 1456 ἡμῖν
670 1423 866 1457 προσήγγειλεν
888 1424 937 1458 οὺχ

145 1464 161 1490 ὁ
173 1464 321 1498 κατάλογος
335 1464 389 1491 τῶν
403 1465 502 1499 φυλῶν,
513 1466 562 1501 οὑχ
575 1467 590 1501 ἡ
611 1466 682 1501 μίξις
692 1467 746 1493 τῶν
756 1468 936 1503 ἀναγράπτων

144 1509 243 1543 γενῶν,
258 1510 325 1537 ἀλλὰ
338 1511 504 1546 πατριάρχαι
521 1511 567 1538 καὶ
582 1512 728 1547 προφῆται.
744 1513 789 1547 Μὴ
807 1511 852 1539 οὖν
870 1522 936 1539 κατ-

146 1555 232 1590 ίωμεν
252 1556 291 1588 εἰς
303 1557 436 1592 τοσαύτην
456 1557 609 1589 θεοσεῦείας
627 1559 830 1594 σμικρολογίαν,
850 1560 892 1586 ἵνα
904 1561 935 1596 τῇ

145 1601 281 1638 ὲναλλοιγῇ
295 1602 348 1629 τῶν
369 1603 518 1638 ὀνομάτων,
537 1604 585 1639 τὴν
603 1605 719 1640 Χριστοῦ
738 1605 874 1639 βασιλείαν
890 1607 937 1633 καὶ

145 1648 298 1684 ἱερωσύνην
315 1649 498 1685 φσνιστῶμεν·
514 1651 574 1676 ἐπεὶ
597 1651 630 1686 τῇ
654 1651 736 1677 Ἰούδα
750 1651 819 1687 φυλῇ
840 1653 872 1686 τῇ
890 1652 938 1688 βα-

137 1693 249 1730 σιλικῇ,
266 1695 283 1723 ἠ
304 1695 351 1721 τοῦ
377 1696 442 1722 Λευὶ
468 1696 537 1730 φυλὴ
567 1696 688 1731 ίερατικὴ
715 1697 862 1732 συνεζύγη,
890 1698 937 1724 τοῦ

145 1739 281 1766 Ναασσὼν
298 1740 413 1776 ἀδελφὴν
436 1740 486 1776 τὴν
511 1741 649 1768 Ἐλισάὸετ
668 1742 771 1778 Ἀαρὼν
791 1742 936 1779 ἀξαμένου,

144 1785 194 1811 καὶ
210 1785 288 1811 πάλιν
304 1785 433 1822 Ἐλεάζαρ
448 1786 495 1822 τὴν
504 1786 640 1823 θυγατέρα
651 1788 761 1824 Φατιὴλ,
773 1789 819 1815 καὶ¹
832 1789 937 1816 ἐνθένδε

145 1830 431 1867 παιδοποιησομένων.
454 1831 618 1866 Ἐψεύσαντο
634 1832 680 1860 οὖν
695 1834 719 1860 οἱ
736 1834 936 1868 εὐαγγελισταὶ.

144 1875 320 1907 συνιστάντες
330 1876 380 1902 οὐκ
394 1876 534 1911 ἀλήθειαν,
554 1877 612 1903 ἀλλ’
623 1878 798 1914 εἰκαζόμενον
813 1878 936 1906 ἔπαινον·

143 1922 194 1949 καὶ
208 1922 252 1948 διὰ
277 1922 357 1949 τοῦτο
373 1923 387 1948 ὁ
406 1922 454 1957 μὲν
471 1923 515 1949 διὰ
535 1923 690 1958 Σολομῶνος
704 1923 758 1950 ἀπὸ
771 1924 853 1950 Δαυῖδ
875 1925 937 1958 ἐγε-

143 1968 310 2003 νεαλόγησεν
325 1968 370 1995 τὸν
392 1968 488 1995 Ἰακὼϐ
502 1969 546 1995 τὸν
559 1970 605 1996 τοῦ
626 1969 724 2005 Ἰωσὴφ
744 1970 850 2006 πατέρα
860 1979 866 1986 δ
883 1971 896 1997 ὁ
909 1971 938 1998 δὲ

143 2013 240 2041 Νάθαν
253 2013 300 2040 τοῦ
321 2013 412 2045 Δαυῖδ,
430 2014 474 2041 τὸν
499 2015 572 2041 Ἦλεὶ
591 2015 636 2041 τὸν
655 2015 701 2041 τοῦ
723 2015 820 2050 Ἰωσὴφ
838 2016 938 2051 ὁμοίως

143 2059 234 2086 ἀλλων
248 2059 354 2096 πατέρα
365 2069 370 2074 ·
383 2060 472 2087 καίτοι
496 2061 601 2094 ἀγνοεῖν
615 2061 711 2091 αὐτοὺς
722 2061 771 2086 οἰκ
786 2061 880 2096 ἐχρῆν,
899 2061 938 2093 ὡς

142 2105 264 2142 ἑκατέρα
277 2106 332 2133 τῶν
340 2107 586 2142 κατηριθμημένων
595 2106 680 2139 τάξις,
689 2106 772 2133 τὸτοῦ
787 2107 868 2133 Δαυῖδ
880 2108 937 2133 ἐστι

143 2154 234 2188 γένος,
251 2153 267 2189 ἡ
282 2153 328 2180 τοῦ
347 2153 432 2180 Ἰούδα
445 2153 514 2190 φυλὴ
531 2153 667 2189 βασιλική.
682 2154 712 2179 Εἰ
723 2153 777 2188 γὰρ
795 2154 938 2189 προφήτης

142 2201 159 2226 ὁ
176 2199 280 2231 Νάθαν,
294 2199 352 2226 ἀλλ’
367 2197 412 2226 οὖν
437 2200 483 2226 καὶ
497 2199 631 2234 Σολομὼν,
653 2199 667 2225 ὅ
680 2207 710 2225 τε
733 2199 834 2225 τούτων
848 2199 937 2235 πατὴρ

143 2245 277 2281 ἐκατέρου
288 2253 294 2260 ·
312 2246 344 2271 ἐκ
363 2244 466 2271 πολλῶν
482 2245 510 2271 δὲ
532 2244 622 2279 φυλῶν
647 2245 765 2279 ἐγίνοντο
787 2245 934 2280 προφῆται,
951 2256 972 2283 D

145 2292 229 2327 ἱερεῖς
245 2291 273 2317 δὲ
289 2291 319 2323 ἐξ
332 2291 459 2326 οὐδεμιᾶς
479 2290 534 2326 (49)
551 2290 605 2316 τῶν
621 2290 723 2317 δώδεκα
743 2290 843 2325 φυλῶν,
860 2290 935 2325 μόνοι

142 2337 174 2363 δὲ
189 2337 310 2363 Λευῖται.
331 2335 428 2371 Μάτην
450 2336 542 2367 αὐτοῖς
564 2335 617 2371 ἄρα
634 2335 786 2362 πέπλασται
802 2335 833 2362 τὸ
855 2335 935 2370 ἐψευ-

144 2381 245 2417 σμένον
255 2389 262 2396 °
273 2381 340 2417 μηδὲ
357 2381 470 2417 κρατοίη
482 2380 600 2413 τοιοῦτος
613 2382 626 2408 ὁ
636 2381 714 2415 λόγος
736 2382 765 2408 ὲν
786 2381 935 2416 Ἐκκλησία

143 2427 266 2463 Χριστοῦ
287 2427 381 2463 [κατὰ]
395 2427 527 2463 ἀκριϐοῦς
540 2427 678 2463 ἀληθείας,
701 2427 742 2454 ὅτι
757 2426 853 2461 ψεῦδος
871 2426 936 2460 σύγ-

144 2481 235 2500 κειται
254 2474 294 2505 είς
312 2471 385 2515 αἶνον
403 2474 450 2500 καὶ
462 2473 613 2508 δοξολογίαν
628 2472 756 2509 Χριστοῠ-
769 2472 811 2504 τίς
822 2472 876 2508 γὰρ
885 2473 936 2499 οὑκ

125 2555 129 2560 .
143 2517 200 2546 οἶδε
214 2521 340 2547 κάκεῖνον
353 2519 399 2546 τὸν
413 2519 554 2555 ἱερώτατον
565 2519 611 2546 τοῦ
623 2518 782 2545 ’Λποστόλου
794 2517 872 2552 λόγον
886 2526 937 2553 κη-

144 2565 292 2602 ρύσσηπηος
303 2567 350 2594 καὶ
359 2566 559 2601 διαγγέλλοντος
570 2566 618 2601 τὴν
630 2565 778 2592 ἀνάστασιν
789 2563 835 2590 τοῦ
848 2564 936 2600 Σωτῆ-

184 2625 209 2640 “
228 2624 314 2652 Exod.
332 2633 377 2658 νι,
394 2625 439 2653 25.
477 2626 499 2641 ⁸⁸
519 2626 586 2653 ibid.
601 2625 648 2652 25.

130 2683 132 2692 ’
181 2681 238 2717 (48)
247 2680 367 2717 Qiximus
376 2682 427 2717 col.
436 2681 499 2713 899,
516 2681 578 2709 adn.
589 2680 632 2717 12,
642 2680 762 2717 Africani
776 2680 930 2717 epistolam,

143 2715 228 2752 quam
246 2716 380 2744 Eusebius
398 2716 469 2743 Hist.
483 2717 546 2744 εει-ι.
558 2725 578 2748 ι,
591 2716 617 2747 7,
634 2715 929 2752 οεοριιςιιιιῐῃςόεόειτη,

144 2749 161 2779 a
177 2756 271 2779 nostra
289 2753 407 2786 epitome
421 2752 535 2779 feliciter
548 2752 647 2786 partim
657 2749 764 2778 sarciri.
776 2749 855 2786 Nunc
878 2750 931 2777 isto

145 2788 174 2814 iu
192 2785 345 2822 fragmento
361 2787 509 2821 integriore
523 2785 556 2814 ac
571 2786 706 2822 primitivo
717 2785 857 2822 praedictae
871 2786 930 2822 epit

145 2823 224 2863 stolae
237 2820 312 2863 prior
323 2830 388 2863 pars
405 2820 695 2863 oinninoicumulatur.
717 2820 803 2863 Hujus
817 2827 883 2860 ergo
898 2820 932 2847 ad

145 2855 271 2884 Africani
287 2855 430 2893 epistolam
451 2857 572 2893 praeclari
585 2856 762 2893 additamenti
776 2855 932 2893 meminisse

145 2897 256 2928 oportet
265 2890 324 2924 eos,
336 2893 381 2927 qui
394 2890 476 2920 novas
486 2892 632 2927 a‘liquaudo
641 2891 774 2920 editiones
785 2890 931 2918 curabunt.

996 253 1142 277 venturum
1156 254 1286 277 eventura
1295 254 1365 277 erat.
1381 249 1416 276 At
1427 249 1472 277 ille
1483 249 1510 277 in
1525 249 1579 277 Deo
1594 255 1781 286 regeneratus.

1002 296 1071 322 alios
1087 295 1140 323 sibi
1156 299 1247 331 patres
1263 295 1412 323 secundum
1429 294 1514 322 Deum
1529 295 1692 327 inscribens,
1708 295 1780 322 haud

996 341 1120 376 equidem
1138 348 1216 368 veros
1230 345 1323 376 patres
1334 361 1341 372 .
1359 341 1407 369 sed
1420 341 1457 368 ita
1469 345 1579 376 putatos
1600 346 1709 376 propter
1722 349 1781 368 mo-

995 395 1056 415 rum
1075 387 1293 419 similitudinem,
1312 387 1344 413 ad
1361 395 1455 414 verum
1470 387 1578 415 Patrem
1602 392 1664 423 post
1685 395 1781 415 omnes

995 441 1105 460 sursum
1123 432 1220 466 tetulit,
1236 431 1321 459 Filius
1343 431 1389 459 Dei
1415 433 1560 461 ersisteus.
1577 433 1665 468 Atque
1687 433 1781 460 hacte-

995 487 1048 507 nus
1067 480 1100 507 de
1113 487 1214 507 arcano
1232 487 1247 506 a
1262 479 1342 506 nobis
1359 486 1442 506 sensu
1459 479 1563 506 dictum
1579 480 1624 508 sit.
1648 479 1687 507 Ne
1714 486 1780 507 vero

995 533 1045 552 nos
1061 526 1204 560 quisquam
1227 525 1284 552 haec
1298 525 1408 560 proprio
1433 525 1543 559 ingenio
1559 526 1712 561 excogitare
1728 534 1779 560 pu-

995 575 1044 603 tet,
1060 572 1279 607 antiquissimam
1296 571 1438 598 historiam
1451 571 1598 606 proferam.
1611 572 1683 606 apud
1697 580 1778 607 quam

994 619 1147 652 comperire
1171 622 1214 645 est
1228 617 1392 644 solutionem
1408 621 1509 652 putatae
1525 617 1597 645 inter
1611 618 1680 645 duos
1697 626 1779 645 evan-

995 664 1107 698 gelistas
1124 663 1310 690 dissonantiae.
1334 662 1458 690 Historiae
1480 663 1562 697 huius
1587 668 1682 690 auctor
1707 664 1780 691 Mri~

993 718 1079 737 canus
1089 714 1141 742 est,
1165 709 1206 736 vir
1229 709 1363 741 eruditus,
1388 712 1415 736 et
1446 709 1518 736 inter
1546 713 1639 738 extera
1653 709 1779 738 doctrina

994 757 1112 784 imbutos
1140 756 1274 787 illustris,
1297 756 1376 790 cujus
1400 760 1498 790 praeter
1528 761 1641 783 caateros
1678 757 1779 784 multos

992 803 1116 837 egregios
1128 802 1225 834 libros,
1244 801 1358 836 epistola
1372 808 1481 836 quoque
1497 800 1612 828 habetur
1632 800 1664 828 ad
1677 801 1778 829 Aristi-

992 849 1053 876 dem
1070 848 1104 875 de
1119 852 1210 883 putata
1222 848 1449 881 evangelistamm
1466 848 1540 875 circa
1560 846 1663 874 Christi
1678 855 1779 882 genea-

995 895 1093 930 logiam
1108 895 1288 928 dissonantia,
1306 901 1366 928 quae
1380 894 1417 920 ita
1433 901 1464 921 se
1479 893 1572 921 habet.

1299 950 1470 978 AFRICANI.

1027 1009 1053 1035 8.
1064 1007 1142 1035 Haud
1165 1011 1291 1035 accurate
1306 1007 1414 1043 quidam
1435 1007 1522 1040 aiunt,
1538 1007 1650 1042 provide
1676 1007 1775 1035 fartam

992 1062 1052 1081 esse
1067 1053 1236 1081 differentem
1256 1054 1326 1080 hanc
1348 1053 1488 1084 nominum
1504 1053 1735 1080 enumerationem
1750 1058 1777 1080 et

992 1099 1426 1134 permistionemsacerdotalium,
1444 1103 1474 1125 ut
1482 1103 1588 1133 putant,
1597 1103 1624 1126 et
1640 1100 1775 1134 regalium

991 1144 1122 1176 virorum.
1136 1148 1166 1171 ut
1179 1144 1370 1171 ostenderetur
1384 1144 1482 1172 merito
1495 1144 1621 1173 Christus
1632 1153 1678 1173 rex
1696 1146 1775 1173 simul

991 1192 1073 1223 atque
1096 1188 1224 1216 sacerdos
1240 1198 1247 1215 ε
1262 1188 1339 1223 quasi
1365 1188 1463 1223 aliquis
1479 1188 1512 1216 de
1527 1189 1578 1216 hoc
1598 1190 1714 1222 dubitet,
1729 1195 1777 1218 aut

991 1235 1071 1261 aliam
1089 1243 1164 1269 spem
1183 1234 1290 1266 habeat,
1309 1242 1403 1269 nempe
1419 1234 1485 1270 quin
1509 1235 1637 1264 Christus
1658 1241 1777 1264 aeternus

993 1280 1028 1307 sit
1045 1281 1118 1315 apud
1147 1280 1253 1308 Patrem
1276 1280 1409 1315 pontifex.
1428 1288 1522 1315 preces
1547 1285 1659 1308 nostras
1673 1282 1697 1308 ei
1711 1281 1778 1309 olfe-

991 1333 1071 1354 reus:
1089 1333 1138 1353 rex
1154 1329 1243 1352 autem
1257 1325 1498 1360 supermundialis,
1513 1333 1583 1360 quos
1593 1326 1718 1353 liberavit
1728 1328 1778 1361 paé

991 1379 1070 1399 scens
1086 1370 1199 1406 Spiritu,
1212 1374 1372 1405 cooperator
1385 1370 1496 1398 eilectus
1512 1371 1538 1398 in
1551 1371 1671 1398 omnium
1685 1379 1777 1398 rerum

990 1419 1173 1446 ordinatione.
1191 1417 1274 1452 quue
1296 1417 1375 1444 nobis
1394 1417 1562 1451 exploratum
1579 1417 1642 1444 fecit
1658 1425 1711 1445 non
1725 1418 1777 1447 tri-

990 1465 1073 1491 butim
1097 1465 1249 1498 catalogus,
1268 1471 1357 1498 neque
1386 1463 1601 1498 perscriptarum
1626 1464 1778 1499 generatio-

990 1518 1055 1537 num
1085 1510 1186 1540 mistio,
1212 1509 1260 1536 sed
1283 1509 1445 1543 patriarchae
1464 1514 1545 1544 atque
1561 1509 1708 1544 propheta.
1725 1510 1778 1538 tia-

990 1564 1101 1585 veamus
1120 1557 1202 1590 igitur
1216 1563 1230 1582 a
1246 1556 1351 1582 minuto
1366 1555 1522 1589 huiusmodi
1536 1556 1676 1591 religionis
1693 1556 1778 1583 artiﬁ-

989 1603 1043 1634 cio,
1063 1606 1092 1629 ut
1107 1602 1247 1629 nominum
1264 1602 1466 1636 permutatione
1488 1601 1590 1629 Christi
1613 1610 1726 1637 regnum
1744 1611 1776 1630 ac

989 1648 1172 1675 sacerdotium
1194 1647 1373 1681 comprobare
1397 1647 1521 1674 velimus.
1543 1647 1610 1674 Nam
1633 1651 1660 1675 et
1674 1649 1776 1683 alioqui

988 1694 1072 1729 regali
1088 1693 1166 1720 Judae
1190 1693 1272 1719 tribui
1302 1692 1482 1719 sacerdotalis
1504 1692 1569 1720 Levi
1593 1693 1681 1721 tribus
1703 1693 1775 1720 facta

988 1743 1046 1766 erat
1062 1739 1159 1769 allinis.
1171 1746 1204 1766 ex
1220 1745 1274 1774 quo
1286 1737 1435 1766 Naassonis
1463 1746 1585 1766 sororem
1609 1738 1774 1766 Elisabetam

988 1783 1065 1810 duxit
1079 1784 1171 1810 Aaron
1185 1790 1298 1810 uxorem
1316 1783 1349 1816 “,
1368 1790 1520 1818 rursusque
1543 1783 1657 1811 Eleazar
1682 1784 1778 1811 Phati-

990 1829 1060 1856 helis
1078 1828 1158 1855 ﬁliam
1171 1828 1205 1861 δ’,
1231 1828 1307 1863 prole
1325 1828 1388 1856 inde
1407 1832 1545 1863 suscepta.
1572 1828 1642 1865 Ergo
1659 1836 1775 1865 evange-

989 1875 1059 1903 lislae
1076 1875 1183 1902 mentiti
1210 1878 1284 1906 sunt,
1303 1874 1368 1901 dum
1393 1882 1450 1902 non
1468 1875 1610 1902 veritatem
1634 1879 1774 1908 asserunt,

988 1923 1036 1951 sed
1057 1923 1212 1949 simulatam
1226 1922 1334 1950 laudem
1353 1932 1360 1949 :
1377 1921 1457 1957 cujus
1472 1923 1513 1950 rei
1527 1929 1622 1954 causa.
1635 1923 1701 1950 alter
1713 1924 1774 1958 qui-

988 1968 1048 1996 dem
1068 1975 1117 2003 per
1138 1967 1312 1996 Salomonem
1329 1976 1344 1995 a
1360 1967 1463 1996 Davide
1474 1968 1570 1996 Jacobi
1580 1968 1701 2004 ,stirpem
1716 1973 1773 1996 tra-

989 2014 1038 2045 xit,
1053 2015 1099 2049 qui
1117 2014 1167 2041 fuit
1181 2014 1293 2049 Josephi
1310 2018 1387 2049 pater
1408 2023 1416 2042 :
1432 2015 1502 2041 alter
1518 2019 1608 2042 autem
1623 2022 1638 2041 a
1650 2014 1775 2042 Nathano

989 2060 1098 2088 Davidis
1124 2061 1178 2088 lilio
1202 2060 1288 2088 Helim
1317 2061 1430 2088 deduxit
1447 2060 1560 2095 Josephi
1585 2062 1699 2095 pariter.
1726 2062 1772 2088 sml

988 2106 1041 2133 alia
1057 2107 1172 2138 ratione,
1191 2109 1307 2141 patrem.
1318 2106 1400 2140 Atqui
1413 2113 1460 2134 eos
1478 2106 1604 2140 ignorare
1620 2113 1675 2133 non
1693 2114 1775 2141 opor—

987 2153 1072 2186 tebat,
1087 2155 1234 2187 utrumque
1250 2155 1452 2179 numeralorum
1473 2151 1615 2179 hominum
1639 2151 1772 2186 ordinem,

988 2206 1075 2233 genus
1092 2205 1153 2225 esse
1168 2197 1289 2229 Davidis,
1312 2197 1388 2225 Juda:
1414 2205 1511 2232 nempe
1535 2197 1638 2232 regiam
1661 2198 1772 2226 tril-um.

989 2244 1100 2272 Etiamsi
1119 2244 1192 2271 enim
1213 2243 1346 2279 propheta
1372 2243 1514 2272 Nathanus
1540 2243 1600 2276 fuit,
1615 2247 1642 2272 et
1663 2243 1773 2279 quidem

985 2291 1066 2318 etiam
1083 2290 1258 2322 Salomon,et
1268 2290 1364 2317 horum
1375 2290 1519 2324 utriusque
1534 2297 1633 2325 parens
1648 2289 1772 2326 (David):

986 2343 1019 2362 ex
1034 2336 1128 2362 multis
1144 2343 1209 2363 sane
1220 2335 1347 2363 tribubus
1362 2335 1492 2363 exstitere
1502 2336 1657 2371 prophetae:
1669 2335 1715 2363 sed
1731 2339 1774 2362 ta-

986 2389 1047 2409 men
1066 2381 1222 2409 sacerdotes
1249 2381 1316 2408 nulli
1341 2381 1452 2409 l‘uerunt
1476 2389 1508 2409 ex
1526 2382 1599 2408 nulla
1626 2381 1770 2408 duodecim

985 2426 1118 2458 tribuum,
1132 2426 1178 2454 sed
1195 2426 1246 2453 soli
1263 2426 1374 2454 Levitze.
1396 2426 1509 2455 Frustra
1526 2427 1608 2462 igitur
1621 2427 1771 2461 composita

987 2472 1022 2498 ab
1036 2472 1090 2499 illis
1106 2471 1157 2499 fuit
1175 2472 1233 2499 haec
1252 2472 1375 2505 falsitas;
1393 2480 1482 2508 neque
1496 2473 1653 2508 praevalebit
1676 2472 1772 2506 hujus-

988 2518 1061 2545 modi
1074 2525 1164 2546 sermo
1176 2518 1204 2545 in
1227 2517 1331 2546 Christi
1350 2518 1472 2546 Ecclesia
1491 2522 1586 2546 contra
1614 2521 1770 2544 accuratam

988 2564 1140 2598 veritatem,
1156 2571 1254 2600 nempe
1268 2568 1298 2592 ut
1321 2564 1492 2593 mendacium
1512 2563 1718 2591 consarcinetur
1737 2563 1771 2589 ad

984 2679 1091 2707 Etenim
1108 2678 1136 2706 in
1160 2678 1255 2706 Veneti
1278 2685 1386 2713 quoque
1408 2676 1542 2713 Gallandii
1568 2676 1769 2713 diligentissimi

985 2715 1106 2742 hominis
1126 2714 1290 2741 Bibliotheca
1304 2712 1417 2739 Patrum
1437 2717 1455 2739 t.
1471 2712 1501 2743 ll,
1516 2721 1542 2747 p.
1556 2712 1618 2744 558,
1640 2712 1769 2746 act-phala

984 2755 1027 2777 est
1045 2750 1102 2776 haec
1117 2749 1242 2784 epistola.
1259 2749 1324 2783 quia
1338 2752 1418 2783 caput
1433 2748 1493 2783 ejus
1512 2748 1601 2774 adhuc
1618 2747 1709 2774 linteis
1724 2753 1772 2773 co-

984 2785 1075 2812 dicum
1093 2785 1250 2812 obvolutum
1264 2787 1334 2811 erat.

1016 2820 1075 2883 549)
1096 2820 1125 2847 In
1143 2820 1261 2854 epitome
1283 2819 1368 2846 codex
1391 2818 1473 2846 habet
1494 2818 1607 2845 omnino
1625 2817 1655 2844 σὺ
1672 2818 1771 2850 δεῖνες,

1044 2862 1136 2882 veram
1147 2862 1221 2882 nunc
1230 2854 1307 2882 vides
1320 2853 1463 2882 lectionem
1481 2853 1510 2883 ἐξ
1526 2853 1664 2883 οὐδεμιᾶς.

985 2853 1031 2883 sed
1044 2862 1136 2882 veram
1147 2853 1221 2882 nunc
1230 2854 1307 2882 vides
1320 2853 1463 2882 lectionem
1481 2853 1510 2886 ἐξ
1526 2853 1664 2889 οὐδεμιᾶς.
