2065 3216
316 171 371 200 9ῦῖ

655 166 789 195 EUSEBll
807 163 1046 194 CESARIENSIS
1065 164 1141 193 OPP.
1161 162 1253 191 PARS
1279 163 1322 192 111.
1333 178 1368 184 -
1384 161 1587 191 EXEGETICA.

1887 162 1939 189 968

317 232 419 260 Christi
435 231 542 259 laudem
559 234 640 265 atque
655 228 831 264 praeconium.
846 227 912 261 Quis
929 234 994 254 vero
1009 231 1036 255 et
1055 226 1092 254 illi

1154 235 1199 262 ρος
1210 225 1299 261 ἡμῶν,
1313 226 1359 252 καὶ
1374 223 1606 260 διῖσχυριζομὲνου
1616 225 1665 258 ’την
1675 221 1811 258 ἀλήθειαν,
1830 221 1939 257 μεγάλῳ

318 279 405 306 nescit
422 276 607 305 sacratissima
621 275 744 310 Apostoli
765 274 848 301 verba
872 274 1102 301 resurrectionem

318 322 473 351 Servatoris
506 321 594 349 nostri
623 319 799 356 praedicantis
830 323 912 354 atque
937 319 1102 352 nuntiantis,

317 369 409 404 reique
420 368 559 394 veritatem
573 373 671 401 magno
681 373 744 393 cum
758 373 857 400 pavore
868 364 1027 392 allirmantis
1037 365 1101 392 dum

316 414 354 441 ait
371 414 394 431 “
409 425 415 440 :
433 412 461 440 Si
477 411 615 439 Christum
635 411 820 439 resurrexisse
852 411 962 445 quidam
989 415 1100 446 negant.

315 467 366 487 nos
387 463 477 486 autem
493 459 645 485 asserimus
657 463 739 493 atque
755 457 905 487 credimus.
915 465 1058 492 speramus
1070 464 1102 484 ac

315 505 506 540 praedicamus,
520 505 579 532 falsi
595 509 679 532 testes
703 504 750 531 Dei
775 511 882 536 sumus,
898 503 970 538 quod
985 504 1103 531 suscita-

314 549 385 576 verit
398 547 548 578 Christum.
562 556 642 583 quem
661 556 715 576 non
732 548 886 576 suscitavit.
902 547 980 580 Quod
997 548 1019 576 si
1033 549 1102 576 adeo

314 593 359 620 hic
374 593 420 628 qui
431 592 515 621 Deum
532 592 640 620 Patrem
654 593 781 624 honorat,
794 601 828 619 ne
836 593 952 620 mendax
964 593 1099 624 videatur,

313 639 402 672 Iimet,
415 639 479 674 quia
497 647 553 667 rem
568 640 665 666 miram
682 642 795 670 narrat;
809 646 860 666 cur
876 647 929 666 non
954 639 1052 666 merito
1067 640 1101 667 ti-

314 688 388 712 meat
403 685 530 720 quisquis
547 684 617 712 falso
629 692 755 712 sermone
769 684 911 712 veritatem
922 685 981 711 vult
994 685 1101 712 stabili-

314 739 355 764 re,
372 739 428 758 non
444 738 535 758 veram
548 730 712 758 sententiam
733 730 902 757 concinnans
913 731 924 757 τ
935 730 1001 757 Nam
1013 732 1036 759 si
1055 739 1100 767 ge-

314 778 470 805 nerationes
483 775 530 804 abl
540 776 662 807 udercnt,
673 775 793 811 nihilque
803 777 925 811 germani
939 777 1050 804 seminis
1061 777 1096 804 ad

312 821 462 857 Josephum
475 820 658 852 conferretur,
671 821 717 848 sed
729 828 760 848 ea
779 828 823 848 res
843 821 877 848 ad
892 821 1022 849 fulcimen
1038 827 1099 850 tau-

312 867 454 895 tummodo
467 868 599 896 nascituri
612 867 684 894 dicta
699 871 781 898 esset,
797 875 894 902 nempe
908 867 980 902 quod
996 875 1043 896 rex
1057 872 1098 895 at-

1154 272 1228 307 φόϐῳ
1239 272 1373 306 λέγοντος,
1390 271 1431 297 ὅτι
1446 272 1470 296 εἰ
1486 269 1601 306 Χριστὸν
1612 268 1718 302 λέγουσι
1734 276 1804 299 τινες
1823 268 1860 302 μὴ
1876 268 1939 301 ὲγη-

1153 318 1260 354 γέρθαι,
1277 319 1358 353 ἡμεῖς
1373 317 1401 343 δὲ
1419 316 1497 343 τοῦτο
1519 316 1565 342 καὶ
1584 314 1672 350 φαμὲν
1686 314 1733 341 καὶ
1753 313 1939 340 πεπιστεύκα-

1154 372 1214 399 μεν,
1230 364 1276 390 καὶ
1289 363 1354 390 αὐτὸ
1369 363 1418 389 καὶ
1429 361 1574 396 ἐλπίζομεν
1590 361 1637 387 καὶ
1653 360 1835 395 κηρύσσομεν,
1852 365 1938 384 κατα-

1151 408 1426 446 ψευδομαρτυροῦμεν
1439 408 1486 435 τοῦ
1501 407 1579 439 Θεοῦ,
1596 407 1636 433 ὅτι
1649 407 1742 441 ἤγειρε
1757 405 1802 432 τὸν
1821 403 1938 440 Χριστὸν

1151 456 1181 482 ὃν
1201 457 1252 482 οὐκ
1271 456 1396 491 ἤγειρεν
1413 456 1438 482 εί
1453 455 1481 481 δὲ
1500 452 1585 485 οὕτως
1603 454 1617 479 ὁ
1636 451 1782 486 δοξολογῶν
1804 451 1871 477 Θεὸν
1884 451 1939 477 ΙΙαά

1152 500 1229 538 τέρα,
1246 501 1348 528 δέδοικε
1365 500 1402 536 μὴ
1411 499 1570 535 ψευδολόγος
1580 498 1681 533 δοκοίη,
1698 498 1777 534 ἔργον
1786 496 1938 532 παράδοξον

1150 547 1337 584 διηγούμενος,
1359 547 1418 579 πῶς
1433 546 1482 573 οὐκ
1502 545 1535 572 ἂν
1550 545 1661 576 δικαίως
1676 543 1818 579 φοϐηθείη,
1835 544 1877 569 ὃτι
1892 542 1938 569 διὰ

1149 594 1324 630 ψευδολογίας
1345 593 1473 628 ἀληθείας
1493 593 1621 619 σύστασιν
1641 588 1833 627 ποριζόμενος,
1859 589 1937 622 δόξαν

1150 640 1199 668 οὒκ
1222 640 1308 676 ἀληθῆ
1328 639 1475 672 συντιθείς;
1491 640 1523 665 Εί
1536 638 1590 674 γὰρ
1611 637 1645 663 τὰ
1664 637 1729 672 γένη
1746 636 1872 671 διάφορα,
1891 635 1940 662 καὶ

1152 686 1236 722 μηδὲν
1248 684 1398 720 καταφέρει
1411 684 1522 719 γνήσιον
1537 683 1645 718 σπέρμα
1659 682 1705 708 ἐπὶ
1713 681 1759 708 τὸν
1777 680 1887 716 Ἰωσὴφ,
1901 681 1940 706 el—

1151 739 1229 768 ρηται
1243 732 1271 758 δὲ
1283 730 1361 767 μόνον
1377 731 1416 763 είς
1427 730 1554 757 σύστασιν
1573 729 1619 756 τοῦ
1635 727 1881 763 γεννηθησομένου.
1897 727 1939 754 ὅτι

1150 778 1277 813 βασιλεὺς
1296 777 1343 804 καὶ
1358 777 1447 812 ἱερεὺς
1461 775 1536 802 ἔσται
1548 775 1563 801 ό
1574 775 1710 810 ὲσόμενος,
1724 771 1888 805 ἀποδείξεως
1902 772 1939 807 μὴ

1149 823 1312 859 προσούσης,
1327 822 1395 850 ἀλλὰ
1405 822 1455 857 τῆς
1464 821 1519 848 τῶν
1530 821 1615 855 λόγων
1625 820 1789 855 σεμνότητος
1799 819 1840 850 εἰς
1854 818 1939 853 ὖμνσδ

1148 869 1251 904 ἀδρανῆ
1269 868 1432 904 φερομένης,
1448 867 1527 902 δῆλον
1541 867 1579 898 ὼς
1589 866 1635 893 τοῦ
1649 865 1716 892 Θεοῦ
1734 865 1783 901 μὲν
1796 866 1811 892 ό
1827 865 1940 896 ἔπαινος

313 921 366 949 que
383 913 511 941 sacerdos
528 912 599 940 foret
613 913 637 940 is
651 912 698 948 qui
717 917 849 939 venturus
865 917 936 944 erat,
953 913 1092 941 deliciente

1147 915 1195 949 οὺχ
1213 914 1337 945 ἅπτεται,
1358 913 1456 948 ψεῦδος
1472 912 1509 940 ὢν
1520 921 1528 928 ’
1546 913 1637 948 κρίσις
1650 912 1679 938 δὲ
1693 912 1732 947 τῷ
1751 911 1888 947 εἰρηκότι,
1908 911 1940 937 τδ

312 958 483 994 probatione.
511 962 621 993 totoque
646 958 778 985 oralionis
806 963 904 986 omatu
931 959 958 985 in
990 959 1094 987 futilem

1148 953 1198 986 οὒκ
1213 959 1253 990 ὃν,
1270 959 1308 991 ὡς
1325 959 1356 985 ὃν
1371 959 1542 994 κομπάσαντι
1557 959 1624 994 (50).

313 1005 444 1041 hymnum
473 1004 624 1038 desinente,
657 1005 758 1031 nullam
780 1005 843 1032 hinc
859 1005 965 1032 laudem
998 1005 1053 1033 Deo
1086 1007 1215 1034 accedere
1238 1007 1407 1041 exploratum
1428 1005 1465 1037 iit,
1485 1006 1548 1041 quia
1575 1009 1661 1033 totum
1680 1005 1856 1032 mendacium
1873 1007 1937 1037 διε

313 1052 361 1080 sed
377 1051 579 1078 damnationem
596 1052 686 1086 potius
700 1051 800 1078 dicenti
813 1051 935 1084 conﬂari,
946 1053 1009 1087 quia
1025 1053 1096 1088 quod
1116 1052 1183 1080 nihil
1195 1057 1247 1084 est.
1266 1052 1368 1087 aliquid
1383 1060 1444 1079 esse
1458 1052 1580 1087 jactavit.

347 1107 374 1136 9.
390 1107 519 1136 Davidem
538 1107 679 1137 Matthmus
690 1118 799 1145 quoque
811 1114 876 1138 ante
895 1111 964 1139 alios
976 1111 1003 1138 in
1019 1112 1094 1138 ordi-

312 1161 346 1182 ne
356 1155 447 1189 posuit
460 1155 488 1181 iu
504 1162 553 1182 sua
569 1155 735 1191 genealogia,
748 1157 812 1191 quia
832 1156 926 1184 Davidi
949 1157 1037 1193 primo
1050 1165 1096 1185 so-

312 1200 385 1235 lique
404 1200 484 1227 ﬁrmo
505 1201 683 1235 jurejurando
702 1203 862 1237 praedixerat
888 1202 959 1231 Deus
987 1203 1045 1231 fore
1065 1208 1096 1231 ut

311 1254 344 1273 ex
369 1246 416 1273 illo
449 1251 610 1274 nasceretur
639 1247 788 1276 secundum
816 1256 925 1276 carnem
956 1249 1093 1278 Christus.

312 1290 449 1325 Scriptum
464 1295 506 1318 est
518 1292 600 1327 igitur
613 1301 619 1319 :
634 1301 644 1317 ι
658 1291 763 1320 Iuravit
777 1292 908 1321 Dominus
921 1293 1014 1321 Davidi
1028 1295 1096 1322 veri.

310 1339 406 1368 tatem,
423 1340 451 1363 et
472 1343 528 1363 non
545 1336 724 1364 frustrabitur
746 1345 806 1365 eam
823 1339 875 1365 :de
887 1339 977 1366 fructu
992 1340 1095 1367 ventris

311 1381 352 1408 tui
375 1388 475 1416 ponam
498 1389 580 1417 super
594 1382 722 1409 thronum
747 1387 825 1410 tuum
840 1384 872 1410 ⁸⁷.
896 1393 905 1409 ι
924 1383 956 1410 Et
976 1392 1092 1412 rursus:

313 1435 324 1452 ι
339 1425 432 1454 Juravi
445 1426 539 1454 Davidi
549 1435 628 1455 servo
643 1435 714 1459 meo,
729 1435 815 1463 usque
830 1428 858 1455 in
874 1433 1005 1456 tetemum
1021 1437 1095 1465 para-

311 1472 345 1500 bo
358 1480 450 1500 semen
463 1477 540 1500 tuum
553 1472 585 1499 ¹⁸.
607 1483 616 1499 ι
639 1472 671 1499 Et
683 1473 711 1500 in
729 1473 963 1509 Paralipomenis:
983 1485 992 1501 ι
1010 1476 1092 1503 Cum-

310 1526 365 1554 que
376 1519 501 1554 completi
513 1518 614 1546 fuerint
625 1519 683 1547 dies
695 1520 744 1552 tui,
760 1523 789 1546 ut
799 1520 919 1548 dormias
929 1529 990 1549 cum
1006 1523 1092 1557 patri-

1183 1111 1215 1138 0'.
1230 1111 1281 1138 Τδν
1297 1111 1379 1138 Δαυῒδ
1391 1111 1444 1147 πρὸ
1459 1111 1512 1138 τῶν
1522 1111 1608 1138 ἄλλων
1622 1111 1669 1137 καὶ
1688 1109 1827 1141 Ματθαῖος
1843 1109 1938 1143 ἔταξεν

1147 1157 1176 1184 ὲν
1192 1159 1224 1193 τῇ
1244 1159 1301 1184 κατ’
1315 1158 1395 1184 αὐτὸν
1412 1157 1577 1192 γενεαλογῐᾳ,
1594 1155 1687 1191 ἐπειδὴ
1705 1156 1751 1182 καὶ
1774 1155 1879 1191 πρώτῳ
1893 1156 1938 1182 καὶ

1149 1205 1221 1239 μόνῳ
1237 1203 1275 1239 τῷ
1297 1203 1382 1230 Δαυῒδ
1397 1204 1456 1239 μεθ’
1472 1204 1553 1239 ὅρκου
1572 1202 1786 1234 διαϐεϐαιώσεως
1807 1201 1837 1234 ἐξ
1856 1201 1937 1228 auro-3

1147 1250 1218 1276 κατὰ
1230 1250 1319 1286 σάρκα
1335 1249 1416 1284 φῦναι
1434 1250 1448 1276 ὁ
1459 1249 1574 1285 Χριστὸς
1588 1248 1760 1280 ἐθεσπίζετο’
1777 1247 1936 1283 γέγραπται

1147 1295 1221 1329 γοῦν·
1238 1306 1246 1321 ι
1261 1296 1361 1330 "(luces
1377 1295 1474 1331 Κύριος
1485 1295 1523 1330 τῷ
1540 1293 1620 1321 Δαυῖδ
1635 1294 1772 1330 ἀλήθειαν,
1789 1294 1838 1320 καὶ
1850 1294 1881 1319 οὐ
1900 1293 1936 1328 μὴ

1146 1341 1264 1377 ἁθετήσῃ
1280 1342 1363 1376 αὑτήν
1375 1349 1381 1356 ’
1398 1342 1429 1368 ἐκ
1445 1340 1551 1377 καρποῦ
1570 1340 1618 1376 τῆς
1634 1339 1736 1371 κοιλίας
1752 1348 1800 1365 σου
1820 1339 1936 1374 θήσομαι

1147 1386 1194 1412 ἐπὶ
1204 1387 1249 1413 τὸν
1263 1386 1355 1422 θρόνον
1372 1395 1428 1413 σου.
1446 1395 1456 1412 ι
1475 1387 1530 1413 Kal.
1548 1386 1638 1412 πάλινο
1656 1394 1666 1411 ι
1687 1386 1793 1420 Ὠμοσα
1802 1384 1887 1411 Δαυῖὀ
1898 1384 1936 1419 τῷ

1146 1430 1231 1466 δούλῳ
1256 1440 1316 1466 μου,
1335 1431 1388 1463 ἕως
1409 1431 1456 1458 τοῦ
1483 1431 1579 1463 αἰῶνος
1601 1430 1736 1465 ἑτοιμάσω
1763 1430 1795 1457 τὸ
1824 1430 1936 1466 σπέρμα

1147 1485 1205 1503 σου.
1227 1486 1236 1502 ι
1258 1478 1314 1504 Καὶ
1334 1478 1363 1504 ὲν
1389 1478 1653 1514 Παραλειπομένοις·
1672 1487 1682 1503 ι
1700 1477 1755 1504 Καὶ
1774 1477 1851 1504 ἔσται
1872 1478 1936 1504 ὅταν

1146 1522 1324 1558 πληρωθῶσιν
1338 1523 1366 1549 αἱ
1379 1524 1479 1558 ἡμέραι
1494 1532 1550 1554 σου,
1565 1523 1611 1549 καὶ
1625 1522 1779 1559 κοιμηθήσῃ
1797 1521 1870 1557 μετὰ
1883 1522 1936 1550 τῦ*

311 1565 362 1592 bus
385 1565 451 1596 tuis.
468 1565 608 1592 suscitabo
626 1573 718 1593 semen
748 1570 827 1593 tuum
852 1573 914 1601 post
929 1572 965 1599 te.
989 1569 1092 1604 eritque

1146 1568 1273 1603 πατέρων
1287 1577 1346 1601 σου,
1364 1569 1411 1595 καὶ
1424 1569 1568 1604 ἀναστήσω
1583 1569 1613 1596 τὸ
1631 1569 1741 1605 σπέρμα
1752 1577 1799 1595 σου
1814 1569 1885 1604 μετὰ
1894 1569 1935 1600 σὲ.

314 1609 388 1638 illius
406 1610 440 1638 de
457 1615 552 1638 ventre
567 1615 623 1643 tuo,
648 1615 676 1639 et
708 1612 844 1640 stabiliam
871 1621 983 1648 regnum
1011 1615 1090 1649 ejus:

310 1654 369 1689 ipse
391 1654 459 1681 mihi
479 1654 624 1682 aadiiicabit
642 1655 764 1688 domum,
786 1660 813 1684 et
836 1657 937 1693 erigam
964 1659 1092 1687 thronum

310 1700 370 1735 ejus
382 1709 469 1736 usque
487 1701 516 1728 in
533 1701 738 1736 sempiternum.
765 1703 820 1739 Ego
836 1712 884 1731 ero
909 1705 947 1732 illi
964 1705 1054 1738 Pater,
1066 1710 1093 1734 et

310 1746 368 1781 ipse
384 1746 451 1773 mihi
467 1745 516 1773 ﬁlii
531 1747 616 1775 instar
635 1747 668 1775 ".
686 1757 696 1774 ι
723 1747 830 1776 Similia
851 1749 894 1777 his
922 1751 950 1777 in
972 1751 1093 1779 secundo

309 1798 418 1827 quoque
434 1791 589 1827 Regnorum
607 1792 678 1820 libro
690 1794 847 1821 scribuntur
861 1795 894 1822 7°.
916 1795 968 1823 bed
987 1803 1018 1823 ea
1031 1796 1092 1831 qui-

309 1835 371 1864 dem
389 1836 421 1864 ad
439 1836 613 1865 Salomonem
631 1838 703 1866 trahi
720 1843 838 1874 queunt;
852 1848 946 1867 verum
963 1841 1020 1869 haec
1031 1850 1092 1877 quae

309 1881 337 1909 in
352 1882 477 1910 manibus
489 1887 564 1914 sunt.
577 1883 644 1910 nihil
657 1892 772 1919 prorsus
786 1885 821 1912 ad
838 1885 1011 1915 Salomonem
1028 1889 1090 1916 atti-

309 1933 383 1957 nere.
397 1927 438 1954 sic
461 1927 524 1955 licet
545 1935 721 1963 cognoscere.
741 1929 834 1959 Multis
857 1936 919 1966 post
937 1931 1090 1962 Salomonis

307 1971 412 1999 obitum
425 1973 506 2000 annis
522 1974 687 2008 prophetans
703 1974 798 2009 Isaias,
818 1977 874 2004 hate
894 1977 928 2005 de
945 1978 1037 2006 futuro
1057 1988 1089 2007 ex

308 2016 417 2044 Davidis
437 2018 539 2046 semine
559 2019 780 2049 vaticinabatur:
798 2031 807 2048 (
836 2022 997 2058 Egredietur
1015 2026 1088 2061 virga

307 2063 341 2090 de
354 2063 446 2091 radice
461 2063 546 2092 Jessae
565 2065 628 2100 (fuit
640 2066 684 2094 hic
697 2067 806 2096 Davidis
814 2069 935 2106 parens),
951 2075 978 2098 et
992 2071 1041 2099 llos
1055 2073 1089 2100 de

305 2107 398 2136 radice
414 2109 474 2144 ejus
489 2111 628 2138 ascendet.
653 2111 685 2138 Et
708 2113 761 2140 erit
782 2115 860 2142 radix
886 2115 980 2148 Jessae,
998 2121 1024 2144 et
1040 2118 1087 2152 qui

304 2155 446 2189 consurgit
464 2155 497 2182 ad
511 2156 698 2191 imperandum
711 2159 838 2193 gentibus
855 2169 862 2188 :
882 2160 910 2188 in
923 2161 982 2196 ipso
992 2166 1087 2197 gentes

304 2200 452 2235 sperabunt
473 2201 507 2227 ⁷⁸.
530 2211 539 2227 ι
553 2201 598 2230 De
612 2204 748 2237 promisso
769 2210 859 2233 autem
877 2205 970 2234 Davidi
987 2208 1086 2236 throno

303 2246 357 2273 tale
380 2247 520 2274 oraculum
537 2253 578 2275 est
593 2258 599 2276 ε
619 2258 628 2274 ι
650 2249 784 2278 Parvulus
798 2257 879 2279 natus
894 2257 935 2280 cst
950 2254 1039 2286 nobis,
1057 2260 1081 2283 et
1100 2249 1122 2276 Ῑ)

301 2291 373 2319 illius
389 2291 468 2320 datus
487 2297 529 2321 est
543 2294 632 2326 nobis,
647 2295 726 2330 cujus
742 2297 912 2332 principatus
934 2306 1017 2333 super
1033 2300 1083 2327 hu-

301 2346 404 2366 merum
419 2338 479 2373 ejus
492 2348 498 2366 :
515 2343 683 2375 vocaturque
696 2349 796 2369 nomen
812 2342 872 2377 ejus
890 2344 981 2379 magni
996 2345 1084 2373 consi-

300 2383 328 2410 lii
349 2383 479 2419 Angelus.
498 2384 611 2420 Magnus
634 2391 675 2414 est
692 2387 861 2422 principatus
875 2389 945 2423 ejus.
961 2393 988 2418 et
1007 2391 1083 2426 pacis

297 2430 359 2465 cjus
383 2438 438 2458 non
461 2434 503 2458 est
521 2431 656 2460 terminus
674 2441 679 2459 :
695 2440 777 2467 super
803 2435 903 2462 solium
933 2436 1041 2464 Davidis
1056 2443 1082 2465 et

298 2483 410 2511 regnum
429 2476 499 2510 eius.
519 2481 548 2503 ut
568 2476 595 2504 id
621 2479 769 2506 constituat
785 2481 820 2507 ⁷³.
847 2490 855 2506 ι
876 2480 906 2508 in
927 2484 1080 2517 suprascri-

298 2521 351 2556 ptis
369 2521 459 2556 itaque
473 2521 574 2549 dicitur
599 2524 707 2558 quidem
727 2533 760 2552 ex
787 2526 879 2554 radice
896 2526 982 2555 Jessae
1005 2533 1033 2555 et
1047 2537 1079 2556 ex

297 2566 398 2595 Davide
412 2574 586 2596 surrecturus
606 2570 714 2604 aliquis,
729 2578 783 2597 non
795 2575 850 2598 tam
860 2571 894 2598 ad
911 2573 1079 2608 regnandum

1143 1613 1172 1645 ὃς
1187 1613 1262 1641 ἔσται
1276 1615 1308 1641 ὲκ
1321 1616 1370 1650 τῆς
1383 1615 1485 1648 κοιλίας
1501 1624 1558 1647 σου,
1577 1616 1624 1642 καὶ
1644 1616 1778 1650 ἑτοιμάσω
1794 1615 1845 1650 τὴν
1861 1615 1935 1649 βασι-

1143 1657 1217 1685 λείαν
1230 1658 1325 1685 αὑτοῦ·
1341 1660 1420 1691 αὐτὸς
1436 1660 1605 1696 οἰκοδομήσει
1624 1669 1668 1696 μοι
1689 1659 1760 1687 οἷκον
1770 1668 1777 1674 ·
1797 1661 1846 1687 καὶ
1857 1661 1935 1696 ἀνορ-

1143 1703 1221 1731 θώσω
1234 1705 1278 1732 τὸν
1292 1705 1385 1741 θρόνον
1401 1706 1481 1733 αὐτοῦ
1499 1707 1551 1738 ἓως
1571 1708 1612 1739 εἰς
1627 1706 1672 1734 τὸν
1686 1707 1787 1733 αἰῶνα·
1806 1707 1864 1741 ἐγὼ
1877 1707 1936 1733 {eoo

1144 1758 1191 1785 μαι
1205 1750 1279 1786 αὑτῷ
1288 1752 1328 1783 εις
1340 1752 1459 1788 Πατέρα,
1472 1753 1519 1779 καὶ
1529 1752 1610 1784 αὐτὸς
1626 1752 1701 1779 ἔσται
1715 1761 1759 1788 μοι
1773 1753 1815 1783 είς
1832 1753 1902 1780 υἱόν.
1923 1762 1931 1778 ι

1142 1794 1183 1821 Τὰ
1197 1795 1277 1830 ὃμοια
1299 1797 1402 1829 τούτοις
1424 1798 1470 1824 καὶ
1486 1799 1514 1824 ὲν
1529 1800 1561 1833 τῇ
1578 1798 1691 1834 δευτέρᾳ
1712 1799 1765 1825 τῶν
1782 1799 1933 1825 Βασιλειῶν

1141 1841 1271 1877 φέρεται’
1284 1841 1339 1868 ἀλλ’
1356 1842 1445 1870 ἐκεῖνα
1459 1844 1508 1878 μὲν
1525 1844 1577 1871 κᾶν
1592 1844 1732 1879 ἑλκυσθείη
1753 1844 1800 1870 ἐπὶ
1820 1845 1868 1871 τὸν
1885 1845 1934 1871 Eo-

1140 1886 1259 1922 λομῶνα,
1273 1888 1307 1915 τὰ
1320 1888 1341 1915 δ’
1353 1890 1381 1915 ἐν
1395 1891 1488 1925 χερσὶν
1508 1891 1548 1917 ὅτι
1564 1891 1697 1926 μηδεμίαν
1713 1890 1768 1926 ἔχει
1784 1892 1931 1926 κοινότητα

1141 1933 1208 1969 πρὸς
1219 1934 1372 1969 Σολομῶνα,
1386 1932 1431 1962 ὧδ’
1443 1936 1476 1963 ἄν
1489 1945 1531 1968 τις
1549 1937 1711 1972 καταμάθοι.
1727 1937 1806 1964 Μετὰ
1821 1938 1872 1973 τὴν
1883 1939 1931 1964 Σο-

1139 1979 1258 2014 λομῶνος
1286 1981 1427 2018 τελευτὴν,
1444 1982 1551 2014 πολλοῖς
1565 1982 1677 2019 ὕστερον
1700 1984 1807 2019 χρόνοις
1822 1993 1931 2019 προ-,νη-

1139 2024 1223 2050 στεύων
1238 2023 1360 2058 Ἡσαΐας,
1371 2027 1459 2053 τοιάδε
1471 2028 1534 2062 περὶ
1548 2027 1593 2054 τοῦ
1605 2029 1786 2063 γενησομένου
1798 2029 1831 2055 ἐκ
1846 2030 1930 2064 σπέρ-

1140 2079 1224 2105 ματος
1240 2072 1321 2098 Δαῡῒδ
1338 2073 1533 2108 προκηρύττει’
1552 2083 1562 2099 ‹
1585 2074 1767 2108 Ἐξελεύσεται
1783 2076 1881 2110 ῥάϐδος
1895 2078 1929 2103 ἐκ

1137 2116 1186 2151 τῆς
1209 2116 1286 2153 ῥίζης
1310 2119 1426 2145 Ἰεσσαί·
1443 2119 1544 2155 (πατὴρ
1563 2120 1591 2147 δὲ
1613 2119 1647 2157 ἦν
1667 2119 1743 2153 οὗτος
1763 2122 1811 2148 τοῦ
1833 2122 1928 2157 Δαυῗδ)

1137 2165 1183 2191 καὶ
1195 2165 1273 2198 ἄνθος
1287 2167 1319 2193 ὲκ
1333 2166 1382 2202 τῆς
1400 2167 1477 2203 ῥίζης
1486 2168 1650 2204 ἀναϐήσεται
1659 2177 1666 2185 ”
1681 2171 1727 2196 καὶ
1740 2169 1816 2197 ἔσται
1829 2171 1845 2205 ἡ
1863 2169 1928 2205 ῥίζα

1136 2209 1182 2235 τοῦ
1202 2211 1310 2243 Ἰεσσαὶ,
1327 2213 1375 2239 καὶ
1398 2213 1412 2239 ό
1434 2213 1612 2249 ἀνιστάμενος
1635 2214 1728 2250 ἄρχειν
1752 2215 1857 2242 ἐθνῶν*
1881 2216 1927 2242 ἐπ’

1136 2255 1210 2290 αὐτῷ
1227 2256 1288 2292 ἔθνη
1314 2257 1446 2285 ὲλπιοῦσι.
1469 2268 1478 2284 ι
1498 2260 1552 2286 Καὶ
1564 2260 1628 2296 περὶ
1649 2260 1695 2287 τοῦ
1717 2261 1926 2296 ἐπηγγελμένον

1135 2301 1163 2327 δὲ
1179 2302 1218 2337 τῷ
1232 2303 1314 2330 Δαυῖδ
1328 2303 1423 2339 θρόνου
1432 2300 1482 2332 ὧδε
1494 2305 1615 2338 θεσπίζει
1626 2315 1632 2322 ·
1650 2316 1660 2332 ‹
1673 2307 1780 2334 Παιδίον
1791 2308 1925 2344 ἐγεννήθη

1135 2347 1210 2383 ἡμῖν,
1232 2348 1288 2380 υἱὸς
1304 2350 1350 2376 καὶ
1369 2351 1446 2386 ἐδόθη
1458 2352 1532 2387 ἡμῖν,
1546 2349 1577 2378 οὗ
1593 2353 1608 2388 ἡ
1623 2352 1694 2388 ἀρχὴ
1716 2353 1762 2379 ἐπὶ
1776 2353 1824 2379 τοῦ
1846 2353 1925 2388 ὦμεν

1134 2393 1216 2420 αὑτοῦ
1226 2403 1234 2409 -
1247 2395 1293 2421 καὶ
1309 2395 1429 2422 καλεῖται
1440 2397 1470 2423 τὺ
1492 2397 1576 2433 ὄνομα
1591 2398 1672 2425 αὑτοῦ
1689 2399 1811 2434 μεγάλης
1824 2398 1925 2433 βουλῆς

1137 2438 1283 2472 Ἀγγελος
1301 2440 1405 2475 μεγάλη
1419 2442 1435 2476 ἡ
1451 2441 1521 2477 ἀρχὴ
1544 2443 1636 2475 αὑτοῦ,
1661 2443 1708 2470 καὶ
1736 2443 1787 2477 τῆς
1809 2445 1925 2479 είρήνης

1133 2484 1214 2511 αὑτοῦ
1229 2486 1278 2512 οὐκ
1295 2486 1367 2513 ἐστιν
1378 2487 1450 2523 ὅριον
1459 2495 1465 2502 ·
1479 2488 1524 2515 ἐπὶ
1542 2488 1590 2518 ,τὸν
1605 2489 1700 2524 Θρόνον
1714 2490 1796 2517 Δαυῖδ
1810 2491 1858 2516 καὶ
1872 2490 1923 2525 τὴν

1134 2529 1270 2564 βασιλείαν
1293 2531 1386 2565 αὐτοῦ,
1411 2533 1581 2570 κατορθῶσαι
1603 2535 1697 2570 αὑτήν.
1713 2545 1722 2561 ι
1739 2536 1790 2562 Διὰ
1813 2535 1843 2562 δὲ
1867 2535 1923 2562 τῶν

1133 2575 1296 2604 ἐκτεθέντων
1311 2578 1417 2615 εἴρηται
1433 2580 1482 2614 μὲν
1496 2580 1536 2606 ὅτι
1554 2581 1587 2606 ὲκ
1596 2581 1646 2616 τῆς
1663 2580 1741 2616 ῥίζης
1761 2581 1862 2608 Ἰεσσαὶ
1874 2581 1925 2610 καὶ

329 2643 353 2691 ξ⁶
371 2644 461 2694 ["an
478 2654 522 2694 ιχ,
541 2646 634 2694 Ιβ-εξ.
715 2647 902 2694 Eis-alienam;
914 2649 957 2677 Η.
998 2649 1103 2678 “Psal.
1115 2659 1246 2685 Lxxxvm,
1257 2654 1284 2685 4.
1295 2654 1321 2682 5.
1360 2656 1381 2671 "
1402 2655 1536 2691 lParalip.
1556 2657 1681 2688 “H.125.
1719 2657 1775 2684 "ll
1789 2658 1920 2694 Reg.m,

295 2678 340 2707 12.
377 2679 400 2696 ⁷⁸
418 2679 470 2708 lsa.
488 2689 533 2713 ιι,
551 2681 576 2716 Ι,
596 2682 637 2709 l0.
675 2683 698 2698 ⁷’
716 2682 768 2710 Isa.
785 2691 829 2717 Ix,
847 2685 874 2716 6,
886 2684 912 2711 7.

330 2755 387 2795 (βο)
407 2755 546 2795 Hactenus
569 2758 750 2795 fragmentum
775 2762 803 2789 iu
826 2762 887 2790 cod.
910 2760 944 2794 A.
963 2762 981 2790 ι.
997 2762 1032 2790 63
1048 2763 1077 2795 b.

294 2790 421 2832 Africano
443 2794 603 2832 nominatim
613 2790 795 2832 "inscriptum.
815 2797 866 2824 Cui
886 2797 909 2824 si
929 2790 1076 2826 subuectus

294 2828 455 2867 particulam
471 2828 543 2867 illam
561 2837 640 2864 quam
659 2828 826 2867 habesapud
846 2839 897 2859 nos
916 2832 943 2859 in
958 2834 1077 2867 epitome

294 2861 347 2888 col.
363 2861 428 2894 900,
444 2863 486 2889 ἵνα
499 2862 545 2890 οὖν
561 2861 646 2900 usque
661 2865 694 2892 ad
710 2861 877 2901 ὲκ6ή’σομαι;
892 2871 918 2895 et
926 2861 989 2894 moi
1002 2869 1076 2894 ἐπει-

1130 2765 1162 2805 δὴ
1174 2767 1229 2805 γᾴρ
1237 2767 1272 2793 τὰ
1282 2768 1410 2805 ὀνόματα,
1422 2773 1486 2805 etc..
1501 2777 1561 2797 cum
1574 2770 1687 2805 reliqua.
1699 2774 1731 2798 ut
1741 2775 1832 2799 exstat
1844 2771 1917 2805 apud

1132 2801 1277 2840 Eusebium
1305 2801 1376 2830 Hist.
1390 2812 1419 2840 γι,
1441 2804 1466 2835 7,
1488 2801 1640 2840 grandiore
1652 2811 1739 2840 parte,
1755 2810 1842 2834 totam
1859 2801 1919 2833 io:-

1131 2840 1204 2863 tasse
1217 2836 1338 2865 Africani
1354 2836 1502 2874 epistolani'
1511 2836 1674 2868 tenebimus.
