2065 3216
190 195 242 223 969

594 197 845 226 SIEPPLEMENTA
865 197 1102 232 QUAESTIONUM
1121 197 1165 223 Al)
1185 197 1406 227 STEPHANUM.

1756 203 1808 232 970

190 254 238 280 τοῦ
254 254 336 282 dum
361 255 540 291 ἀναστήσεται
564 265 605 287 τις
631 257 661 283 οὗ
681 256 728 282 τοῦ
752 256 859 292 Ἰσραὴλ
871 256 969 291 ἄρχειν

1010 255 1053 287 ‘in
1068 253 1166 282 israele
1176 262 1257 290 quam
1275 255 1302 282 in
1318 256 1454 291 gentibus.
1479 256 1582 284 Dicitur
1606 261 1670 286 item
1687 259 1809 288 nascitu-

189 300 257 327 ἀλλὰ
270 300 324 329 τῶν
345 301 445 328 ἐθνῶν·
463 302 567 337 εἴρηται
587 302 614 327 δὲ
637 302 678 329 ὅτι
692 302 888 338 γεννηθήσεται
910 312 974 329 παι-

187 346 252 378 δίον,
269 347 317 373 καὶ
333 347 628 382 ὀνομασθήσεταιγίὺς,
643 348 728 381 ξένοις
743 349 855 384 ὀνόμασι
868 350 915 376 καὶ
925 350 974 384 τὴν

187 392 338 428 ἀνθρώπων
355 394 434 428 φύσιν
449 394 624 430 ὑπεραίρουσι
641 395 854 431 κεκοσμημένος,
868 396 908 423 ὅτι
919 405 948 422 τε
960 398 974 423 ὁ

185 436 305 470 τοιοῦτος
317 439 363 465 τὸν
375 439 468 474 Θρόνον
483 439 564 466 Δαϐιδ
580 440 756 476 ἀναλήψεται,
771 442 817 469 καὶ
834 442 882 478 τὴν
898 443 973 478 βασι-

185 482 259 510 λείαν
273 484 355 511 αὐτοῦ
369 485 540 522 κατορθῶσαι
553 486 648 522 αὑτήν.

220 539 246 568 ι’.
266 540 358 568 Ταῦτα
377 542 404 568 δὲ
416 542 456 569 ὅτι
471 543 538 578 μετὰ
558 544 700 580 Σολομῶνα
713 545 777 580 περὶ
795 546 887 582 ἑτέρου
900 547 971 580 τινὸς

185 585 326 622 μέλλοντος
341 586 415 622 ἥξειν
433 591 658 624 προανεφωνεῖτο,
672 590 750 616 παντί
766 599 804 626 τῳ
818 591 906 626 δῆλον.
916 592 971 618 Καὶ

181 631 270 664 ἄλλως
286 633 358 660 δὲτὰ
373 633 440 670 ﬁgi;
460 634 504 660 τὸν
519 635 600 661 Δαὸὶδ
616 635 759 662 ἐκτεθέντα
784 637 859 671 λόγια
872 638 921 664 οὐκ
938 638 970 665 ἂν

181 678 366 714 ἐφαρμόσαιεν
389 679 535 715 Σολομῶνι,
555 681 685 716 ἀκριϐοῦς
700 682 847 715 ἐξετάσεως
870 684 970 718 τυγχά-

180 730 278 748 νοντα’
303 723 396 758 σαφῶς
411 724 465 760 γὰρ
488 725 503 751 ὁ
530 725 653 761 χρησμὸς
666 726 748 761 δηλοῖ,
774 727 813 753 ὅτι
831 728 900 762 μετὰ
924 728 970 754 τὸν

181 767 295 795 Θάνατον
311 770 357 795 τοῦ
377 770 457 796 Δαεὶδ
479 771 659 807 ἀναστήσεται
674 773 688 799 ὁ
707 773 907 809 Θεσπιζόμενος.
922 775 970 800 Σο-

180 812 271 848 λομὼν
285 814 323 846 δὲ,
342 814 441 847 ζῶντος
466 816 505 842 ἔτι
521 816 567 842 τοῦ
583 817 673 849 Δαϐὶδ,
687 817 800 853 νεύματι
822 818 903 845 αὑτοῦ
922 820 969 846 καὶ

179 859 276 896 γνώμῃ
291 860 410 896 διάδοχος
429 862 478 897 τῆς
495 862 647 897 βασιλείας·
665 863 772 898 λέγεται
788 864 851 898 γοῦν
865 865 910 891 ἐπὶ
922 865 968 901 μό-

179 915 236 938 νοις
249 906 319 933 ἔτεσι
332 907 533 942 τεσσαράκοντα
545 907 701 943 βασιλεῦσαι
719 910 764 936 ἐπὶ
780 910 825 937 τὸν
847 911 964 947 Ἰσραήλ·

179 951 239 983 πῶς
252 950 298 979 οὖν
314 953 353 985 είς
368 953 448 980 αὑτὸν
466 954 621 990 ἐπιφέροιτο
643 955 686 987 τὸ,
708 965 716 981 ι
741 955 906 992 ’Δνορθῶσαι
921 957 966 984 τὸν

179 997 273 1033 ορένον
288 999 368 1025 αὐτοῦ
384 1000 424 1031 εἰς
436 999 481 1026 τὸν
496 1000 596 1034 uidua;
613 1010 621 1026 ι
645 1001 713 1027 Ἀλλ’
728 1002 750 1028 εἰ
764 1002 836 1036 λέγοι
846 1011 888 1035 τις
904 1003 967 1038 περὶ

175 1044 228 1079 τῆς
244 1045 272 1078 ἐξ
289 1046 370 1072 αὐτοῦ
387 1046 510 1082 διαδοχῆς
524 1048 649 1084 εἰρῆσθαι
665 1049 742 1080 αὐτὰ,
758 1049 807 1076 οὐκ
822 1050 966 1086 ἀγνοητέον

174 1090 218 1116 ὅτι
236 1090 332 1126 μέχρις
349 1091 469 1127 Ἰεχονίου
490 1093 536 1120 καὶ
556 1095 604 1129 τῆς
618 1095 657 1126 εὶς
671 1094 815 1122 Βαὸυλῶνα
826 1096 966 1131 αίχμαλω-

175 1135 238 1168 σίας
251 1137 267 1172 ή
281 1137 334 1163 ἀπὸ
352 1138 433 1165 Δαϐἳδ
450 1139 496 1165 καὶ
520 1139 674 1176 Σολομῶνος
694 1141 800 1177 διαδοχὴ
817 1142 866 1178 τῆς
887 1142 964 1177 βασι-

173 1181 250 1213 λείας
265 1182 402 1218 διήρκεσε,
426 1185 538 1220 μηδενὸς
564 1185 633 1221 μετὰ
650 1186 695 1213 τὸν
715 1187 840 1223 Ἰεχονίαν
858 1188 904 1214 ἐπὶ
919 1188 964 1215 τὸν

173 1225 270 1263 θρόνον
284 1229 332 1264 τῆς
347 1229 485 1264 βασιλείας
499 1231 545 1257 τοῦ
565 1231 646 1258 Δαόὶδ
659 1233 850 1266 καταστάντος.
865 1235 926 1266 Πῶς
940 1235 962 1261 δ’

170 1271 207 1298 ἂν
223 1272 262 1308 τῷ
285 1274 459 1311 φίλογυναίῳ,
481 1277 528 1303 καὶ
552 1274 582 1304 οὗ
597 1278 646 1304 οὐκ
671 1275 736 1314 ἦνή
758 1279 856 1315 καρδία
872 1280 963 1308 τελεία

172 1318 244 1354 μετὰ
263 1319 366 1356 Κυρίου
383 1320 449 1347 Θεοῦ
465 1322 558 1354 αὐτοῦ,
581 1323 739 1360 ὲφαρμόσῃς
758 1324 791 1351 τὰ
808 1325 854 1352 τοῦ
868 1326 960 1362 ὅρκου,

169 1363 221 1389 καὶ
237 1363 268 1390 τό
279 1372 286 1379 ’
307 1374 316 1391 ι
341 1364 410 1399 Ἐγὼ
433 1365 528 1402 ἔσομαι
542 1367 616 1403 αὐτῷ
632 1370 671 1400 είς
685 1369 800 1406 πατέρα,
815 1371 861 1397 καὶ
882 1371 962 1404 αὐτὸς

168 1407 250 1436 ἔσται
263 1418 307 1445 μοι
323 1411 362 1442 είς
378 1411 450 1444 υἰόν;
467 1422 476 1437 ι
500 1412 579 1440 Ἀλλὰ
590 1414 643 1450 γὰρ
662 1414 790 1451 ἄντικρυς
806 1416 961 1452 Σολομῶνος

171 1452 224 1488 μὲν
239 1454 366 1492 ἀλλότρια
380 1457 480 1484 ταῦτα·
496 1458 636 1493 ἀνάγοιντο
650 1460 671 1486 δ’
683 1460 716 1487 ἂν
730 1461 776 1487 ἐπὶ
791 1462 916 1498 Χριστὸν,
930 1462 959 1496 ὃς

167 1497 205 1524 ἐκ
224 1499 379 1534 σπέρματος
402 1501 485 1528 Δαϐὶδ
505 1503 634 1535 ἀναστὰς,
648 1502 721 1532 οἷκον
740 1505 778 1541 τῷ
789 1506 848 1542 Θεῷ
867 1507 917 1534 οὐκ
930 1507 960 1540 ἐξ

167 1543 282 1579 ἀψύχων
292 1545 383 1578 λίθων,
399 1547 452 1574 οὐδ’
465 1548 493 1574 ἐν
502 1549 586 1584 γωνία
597 1551 644 1576 καὶ
653 1551 730 1587 μέρει
740 1552 801 1586 γῆς,
818 1552 885 1579 ἀλλὰ
898 1553 957 1580 καθ’

166 1589 235 1625 ὕλης
248 1591 296 1626 τῆς
306 1592 468 1629 οἰκουμένης
484 1595 532 1621 καὶ
543 1595 571 1622 ἐν
587 1597 653 1622 πᾶσι
664 1598 719 1629 τοῖς
734 1597 836 1624 ἔθνεσιν
848 1599 879 1625 ἐκ
889 1598 957 1631 ζών-

165 1644 225 1662 των
241 1638 288 1663 καὶ
298 1639 398 1674 νοερῶν
413 1640 493 1667 λίθων
509 1643 690 1678 συνεστήσατο
700 1643 748 1678 τὴν
759 1643 897 1680 Θεοπρεπῆ
909 1646 956 1671 αὑ-

166 1681 218 1708 τοῦ
239 1682 399 1719 Ἐκκλησίαν
413 1692 420 1700 ⁶
435 1682 456 1719 ᾦ
482 1686 528 1713 καὶ
545 1687 618 1722 μόνῳ
633 1688 673 1720 τὸ,
691 1697 700 1713 ι
715 1688 799 1720 Αὐτὸς
820 1689 895 1716 ἔσται
911 1699 956 1725 μοι

165 1728 209 1760 εἰς
219 1729 275 1755 υἱὸν
288 1740 295 1754 ν
306 1730 530 1767 άναφωνούμενον
542 1734 656 1769 ἁρμόσει
664 1744 670 1749 ·
682 1735 742 1761 ἐπεὶ
756 1735 801 1761 καὶ
813 1737 840 1762 ὲν
850 1736 956 1771 ἑτέραις

165 1775 292 1810 Γραφαῐς
300 1777 362 1808 Υἱὸς
371 1778 565 1814 ἀναγορεύεται
576 1780 621 1806 τοῦ
630 1780 696 1807 Θεοῦ
705 1789 711 1796 ”
723 1782 751 1807 ὲν
761 1782 792 1817 τῇ
804 1782 954 1817 φασκούσῃ,

168 1830 178 1845 ι
207 1820 255 1847 Ἐκ
271 1823 386 1858 γαστρὸς
401 1824 453 1860 πρὸ
469 1825 606 1860 ἑωσφόρον
622 1826 755 1862 ἐγέννησα
771 1836 816 1853 σε·
837 1837 846 1853 ι
865 1828 911 1854 καὶ
927 1829 955 1854 ἐν

164 1867 202 1900 τῇ
215 1866 339 1903 λεγούσῃ,
353 1878 361 1894 ι
375 1869 474 1905 Κύριος
487 1863 546 1897 sine
561 1871 628 1906 πρός
639 1880 683 1906 με,
701 1872 765 1904 Υἱός
779 1881 828 1908 μου
845 1870 870 1899 εἴ
883 1873 928 1900 σύ·
943 1882 952 1898 ι

165 1912 251 1939 πάλιν
269 1914 296 1940 ὲν
347 1915 480 1948 λέλεκται,
499 1927 508 1943 ‹
524 1918 624 1953 Κύριος
638 1919 726 1945 ἐκτισέ
739 1928 774 1953 με
786 1920 872 1956 ἀρχὴν
888 1916 955 1947 ὁδῶν

164 1957 250 1984 αὐτοῦ
268 1960 307 1991 είς
322 1959 389 1996 ἔργα
406 1962 498 1993 αὑτοῦ,
516 1962 568 1997 πρὸ
582 1963 610 1989 δὲ
628 1963 735 1990 πάντων
757 1963 858 1998 βουνῶν
874 1966 956 2001 γεννᾷ

166 2012 216 2039 με.
237 2013 248 2030 ι
269 2005 378 2037 Τούτοις
405 2007 471 2041 γοῦν
488 2008 594 2043 συνᾴδει
620 2009 699 2044 καὶὴ
720 2009 749 2042 ἐξ
771 2009 890 2045 οὐρανῶν
910 2011 952 2037 ἐπ’

164 2049 250 2076 αὑτὸν
262 2051 399 2086 ἐνεχθεῖσα
416 2054 502 2089 φωνὴ.
521 2063 530 2078 ‹
550 2055 585 2081 Σὺ
603 2053 628 2081 εἴ
644 2056 657 2081 ὁ
674 2054 735 2086 Υἱός
753 2063 803 2089 μου
818 2055 831 2080 ὁ
847 2055 955 2091 ἀγαπη-

162 2095 223 2128 τὸς,
243 2105 252 2122 ›
268 2098 388 2132 φήσασα·
411 2100 505 2126 καὶτὰ
532 2101 560 2127 ἐν
581 2100 772 2136 ἑϐδομηκοστῷ
798 2101 826 2127 δὲ
853 2101 953 2138 πρώτῳ

162 2141 267 2177 ψαλμῷ
287 2144 479 2180 περιεχόμενα,
490 2146 520 2172 τὺ
536 2155 544 2171 ι
563 2147 776 2182 Συμπαραμενεῖ
789 2146 827 2181 τῷ
843 2147 922 2182 ἡλίῳ,
940 2157 949 2173 ι

163 2188 216 2214 καὶ
229 2188 268 2222 τὸ,
287 2198 296 2214 ι
310 2190 400 2217 Πάντα
416 2191 450 2217 τὰ
466 2191 528 2227 ἔθνη
550 2191 730 2228 μακαριοῦσιν
746 2193 837 2224 αὑτὸν,
856 2202 864 2218 ι
879 2194 952 2220 ἅντι-

162 2241 236 2269 κρυς
261 2236 316 2266 τοῖς
341 2236 405 2271 περὶ
425 2235 471 2262 τοῦ
490 2237 615 2273 Σωτῆρος
635 2237 712 2273 ἡμῶν
736 2237 953 2273 θεολογουμένοις

164 2279 305 2315 συντρέχοι
317 2280 359 2308 ἄν.
375 2281 434 2308 ’Ότι
447 2282 476 2308 δὲ
495 2282 571 2308 ταῦθ’
582 2282 667 2315 οὕτως
678 2283 744 2319 ἕχει,
755 2283 954 2319 ἀναμφίλεκτος

161 2326 181 2360 ἡ
195 2325 249 2352 ἀπὸ
257 2326 304 2352 τοῦ
325 2326 434 2353 Ἡσαΐου
455 2327 594 2359 σύστασις,
611 2328 640 2359 ὃς
652 2329 720 2364 μετὰ
734 2329 779 2355 τὸν
797 2329 952 2364 Σολομῶνος

161 2370 280 2397 θάνατον
288 2372 334 2398 καὶ⁸
348 2372 415 2407 μετὰ
430 2373 558 2405 πλείστας
571 2373 653 2405 ἄλλας
659 2374 705 2400 τοῦ
714 2375 808 2409 γένους
817 2375 950 2410 διαδοχὰς,

160 2417 198 2443 ὲκ
213 2416 290 2451 ῥίζης
307 2417 404 2444 Ἰεσσαὶ
420 2419 466 2445 καὶ
479 2419 559 2445 Δαϐὶδ
575 2419 761 2451 ἐξελεύσεσθαί
774 2429 834 2448 τινα
851 2429 952 2456 προφη-

160 2462 250 2495 τεύει,
267 2463 313 2489 καὶ
335 2463 429 2490 τοῦτον
452 2464 560 2491 ἔσεσθαι
577 2465 690 2500 Σωτῆρα
715 2465 810 2498 ἐθνῶν,
840 2466 952 2501 γυμνῶς

160 2506 236 2533 οὕτω
249 2507 376 2541 φάσκων·
397 2519 406 2534 ι
430 2509 484 2536 Καὶ
502 2509 578 2536 ἔσται
593 2510 609 2545 ἡ
626 2509 688 2544 ῥίζα
708 2510 755 2536 τοῦ
776 2511 885 2543 Ἰεσσαὶ,
903 2511 952 2537 καὶ

160 2554 177 2580 6
192 2553 369 2589 ἀνιστάμενος
386 2555 479 2590 ἄρχειν
494 2555 592 2582 ἐθνῶν·
610 2557 653 2582 ἐπ’
669 2555 742 2591 αὐτῷ
763 2555 826 2592 ἔθνη
846 2556 952 2583 ὲλπιοῦ-

163 2608 218 2626 σιν.
235 2610 245 2625 Ι

200 2751 244 2775 ια’.
272 2750 350 2776 Ἀλλὰ
373 2743 434 2786 γὰρ’
450 2749 583 2777 τοσούτων
609 2750 788 2786 ἐκδεδομένων
817 2750 949 2786 χρησμῶν

163 2794 238 2830 μόνῳ
254 2794 293 2830 τῷ
314 2795 394 2822 Δαὸὶδ
410 2796 457 2822 καὶ
481 2796 540 2831 μεθ’
556 2797 637 2831 ὅρκου
658 2795 871 2827 διαδεδαιώσεως
886 2795 950 2830 περὶ

198 2873 234 2889 ἰ’
255 2873 327 2900 PsaL
352 2881 417 2905 cut,
442 2874 469 2900 5.

162 2916 209 2941 ιι,
244 2908 289 2935 l0.

323 2953 457 2983 ΡΑτιιοιη
476 2953 535 2983 Gn.
554 2952 655 2983 XXII.

1026 308 1074 328 rus
1089 301 1229 335 parvulus.
1245 305 1272 328 et
1291 309 1390 329 nomen
1405 302 1464 329 Filii
1479 303 1632 334 habiturus,
1650 306 1807 340 peregrinos

1024 348 1118 375 titulos
1134 352 1161 375 et
1186 348 1330 375 humanam
1346 353 1473 376 naturam
1497 349 1659 378 excedentes
1680 357 1806 387 receptu-

1023 401 1071 420 rus
1088 402 1094 421 :
1113 393 1225 428 foreque
1239 397 1268 420 ut
1284 393 1328 420 hic
1345 394 1473 422 thronum
1491 394 1602 424 Davidis
1625 397 1756 431 obtineat,
1779 404 1808 427 et

1016 446 1138 474 -regnum
1154 439 1225 474 ejus,
1240 442 1269 466 ut
1282 439 1309 466 id
1329 441 1488 468 constituat.

1057 538 1101 566 l0.
1115 538 1172 574 Age
1187 546 1251 566 vero
1267 539 1338 574 quod
1360 540 1417 567 haec
1433 544 1495 575 post
1511 541 1683 570 Salomonem
1699 543 1732 572 de
1751 544 1805 573 alio

1021 583 1138 618 quodam
1153 589 1267 612 venturo
1284 585 1412 620 praedicta
1432 586 1542 619 fuerint,
1556 596 1635 616 nemo
1651 597 1705 617 non
1720 591 1802 620 videt.

1022 628 1074 657 Sed
1089 630 1191 665 alioqui
1206 632 1287 658 etiam
1309 632 1381 660 edita
1406 632 1500 660 Davidi
1527 635 1637 663 oracula
1664 635 1804 665 Salomoni

1020 675 1092 703 haud
1117 677 1281 705 videbuntur
1302 686 1463 714 congruere,
1479 681 1501 707 si
1529 687 1658 709 accurato
1678 683 1804 711 examine

1019 723 1231 757 perpendantur.
1255 723 1377 760 Namque
1402 727 1543 754 oraculum
1561 728 1702 756 manifeste
1726 729 1800 760 dicit.

1019 771 1081 801 post
1099 767 1208 796 Davidis
1223 775 1338 797 mortem
1361 775 1548 799 surrecturum
1566 773 1642 801 illum
1658 773 1691 802 de
1705 783 1759 809 quo
1774 776 1802 802 tit

1018 813 1188 841 vaticinium.
1213 815 1294 850 Atqui
1310 815 1438 843 Salomon
1457 817 1563 845 vivente
1583 819 1672 847 adhuc
1688 819 1799 852 Davide.

1018 865 1105 893 eoque
1116 860 1222 888 volente
1234 860 1386 895 acjubente
1395 862 1483 891 factus
1494 868 1535 891 est
1548 865 1623 900 regni
1638 873 1798 896 successor:

1020 911 1070 932 nec
1085 905 1138 932 nisi
1149 913 1236 934 annos
1252 907 1431 943 quadraginta
1447 917 1530 945 super
1546 910 1673 939 lsraelcm
1688 920 1799 948 regnas-

1017 957 1046 976 se
1059 950 1169 978 dicitur.
1190 951 1332 985 Quomodo
1350 962 1414 990 ergo
1429 955 1462 982 ad
1482 955 1554 983 hunc
1570 956 1723 985 referentur
1736 966 1798 986 ver-

1016 994 1050 1021 ba
1065 1004 1071 1021 :
1092 1005 1100 1020 ι
1119 995 1150 1023 Et
1163 997 1265 1032 erigam
1283 998 1410 1026 thronum
1424 1000 1483 1034 ejus
1500 1001 1526 1027 in
1546 1003 1739 1036 sempiternum
1755 1004 1767 1031 Ἰ
1784 1013 1795 1031 ι

1015 1039 1092 1072 Quod
1106 1041 1128 1069 si
1140 1041 1202 1076 quis
1216 1043 1338 1077 objiciat.
1353 1044 1387 1072 de
1397 1046 1558 1080 posteritate
1571 1047 1631 1082 ejus
1651 1048 1708 1076 hmo
1724 1049 1797 1078 dicta

1015 1084 1100 1113 fuisse
1113 1105 1121 1116 ,
1136 1090 1202 1114 tunc
1227 1095 1293 1116 sane
1316 1097 1369 1116 non
1384 1094 1426 1117 est
1451 1091 1641 1126 ignorandum,
1655 1101 1741 1129 usque
1762 1095 1795 1122 ad

1013 1130 1171 1160 Jechoniam
1191 1135 1299 1170 quidem
1327 1139 1354 1164 et.
1384 1136 1574 1173 Babylonicam
1599 1140 1794 1174 captivitatem,

1014 1174 1123 1205 Davidis
1132 1185 1163 1205 ac
1175 1178 1327 1208 Salomonis
1339 1182 1455 1216 regalem
1466 1183 1666 1210 successionum
1679 1185 1796 1212 mansis-

1012 1229 1060 1256 se;
1073 1223 1208 1252 neminem
1224 1230 1314 1253 tamen
1330 1231 1391 1261 post
1405 1226 1564 1255 Jechoniam
1578 1229 1605 1255 in
1626 1230 1701 1263 regio
1715 1225 1795 1258 Davi;

1012 1275 1055 1304 dis
1069 1277 1167 1304 throno
1181 1272 1295 1300 sedisse.
1310 1272 1373 1306 Quo
1382 1278 1462 1309 pacto
1476 1273 1567 1309 igitur.
1577 1275 1794 1304 tnulierosta-

1012 1323 1125 1355 lomoni,
1149 1321 1229 1356 cujus
1243 1328 1291 1348 cor
1303 1328 1357 1347 non
1372 1325 1430 1347 crat
1448 1321 1598 1356 perfectum
1616 1330 1679 1358 erga
1703 1322 1795 1350 Domi-

1011 1377 1076 1396 num
1100 1368 1184 1396 Deum
1209 1366 1491 1401 suum,jurisjuraudi
1505 1368 1585 1394 verba
1602 1369 1794 1395 accommoda-

1012 1414 1070 1448 bis;
1091 1421 1195 1442 necnon
1212 1413 1256 1440 illa
1276 1421 1282 1438 :
1302 1421 1311 1437 ι
1331 1411 1386 1448 Ego
1402 1419 1449 1439 ero
1464 1411 1502 1438 illi
1515 1413 1541 1439 in
1555 1417 1669 1447 patrem,
1686 1417 1713 1441 et
1735 1414 1793 1449 ipse

1008 1460 1074 1489 mihi
1104 1459 1155 1487 erit
1184 1459 1212 1486 in
1237 1458 1426 1486 tilium‘hlmo
1445 1465 1509 1485 vcro
1528 1457 1586 1485 haec
1608 1466 1623 1485 a
1647 1458 1792 1488 Salomone

1010 1504 1089 1540 longe
1104 1504 1235 1532 recedunt
1251 1513 1258 1531 :
1277 1503 1325 1530 sed
1350 1503 1460 1530 Christo
1476 1503 1571 1538 utique
1597 1504 1674 1532 valde
1694 1513 1793 1533 conve-

1009 1550 1097 1582 niunt,
1115 1550 1160 1584 qui
1173 1549 1284 1577 Davidis
1300 1549 1404 1576 semine
1418 1553 1505 1582 ortus,
1524 1557 1578 1576 non
1591 1551 1720 1584 templum
1738 1551 1792 1578 Deo

1009 1604 1042 1623 ex
1062 1595 1218 1623 inanimatis
1239 1594 1386 1629 lapidibus.
1403 1597 1430 1622 ct
1453 1594 1481 1621 in
1504 1600 1580 1629 parte
1593 1596 1683 1631 aliqua
1709 1600 1791 1631 atquc

1008 1641 1108 1676 angulo
1118 1644 1206 1672 terrae,
1231 1641 1276 1666 sed
1305 1639 1331 1666 in
1355 1638 1482 1666 universo
1507 1639 1573 1666 orbe
1589 1644 1616 1666 ct
1635 1640 1662 1666 in
1684 1641 1790 1668 cunctis

1007 1685 1132 1721 gentibus
1149 1693 1182 1712 ex
1199 1684 1268 1712 vivis
1284 1684 1418 1719 lapidibus
1433 1688 1460 1711 et
1471 1684 1700 1712 intellectualibus
1712 1693 1790 1713 suam

1008 1730 1064 1758 Deo
1080 1731 1187 1766 dignam
1203 1730 1352 1757 Ecelesiam
1369 1729 1511 1756 aediﬁcavit
1528 1739 1534 1756 :
1551 1731 1595 1757 cui
1612 1730 1663 1757 soli
1679 1730 1788 1758 cﬂ‘atum

1007 1776 1073 1804 illud
1087 1779 1218 1811 congruet
1234 1785 1240 1802 :
1260 1784 1269 1801 ι
1291 1775 1350 1810 Ipsa
1366 1775 1431 1801 mihi
1447 1775 1500 1802 erit
1515 1775 1542 1802 in
1558 1775 1641 1802 tilium
1652 1797 1659 1808 ,
1676 1785 1686 1802 ι
1706 1783 1790 1811 quau-

1006 1821 1151 1857 doquidein
1169 1826 1196 1849 et
1211 1821 1238 1848 iu
1250 1821 1310 1849 aliis
1321 1820 1469 1855 Scriptura:
1479 1821 1546 1848 locis
1560 1820 1703 1849 Filius'Dei
1718 1829 1788 1857 prte-

1006 1868 1130 1901 dicatur;
1149 1867 1194 1894 ubi
1207 1875 1304 1902 nempe
1320 1867 1421 1894 dicitur
1435 1875 1444 1894 :
1463 1876 1472 1892 ι
1491 1866 1528 1894 Ex
1550 1871 1628 1894 utero
1639 1871 1702 1894 ante
1717 1867 1787 1894 luci-

1007 1914 1092 1940 l'erum
1112 1913 1192 1948 genui
1208 1918 1233 1940 te
1246 1913 1300 1946 7";
1321 1923 1330 1938 ι
1347 1920 1454 1940 necnon
1473 1913 1518 1940 ubi
1531 1913 1651 1940 dicitur:
1669 1922 1678 1939 ι
1695 1912 1788 1941 Domi-

1006 1967 1058 1986 nus
1071 1959 1139 1986 dixit
1154 1958 1186 1985 ali
1199 1967 1241 1986 me
1257 1968 1264 1986 τ
1302 1958 1388 1986 Filius
1397 1966 1510 1986 menses
1525 1963 1553 1986 tu
1565 1959 1605 1992 ⁷³;
1620 1968 1629 1984 ι
1646 1959 1734 1986 denuo
1743 1960 1788 1986 ubi

1006 2005 1154 2033 scribitur:
1173 2014 1182 2030 ‹
1199 2005 1330 2032 Dominus
1354 2005 1456 2032 creavit
1479 2012 1522 2032 me
1551 2004 1657 2031 initium
1681 2005 1787 2032 viarum

1006 2059 1117 2078 suarum
1141 2051 1174 2077 ad
1194 2058 1276 2086 opera
1301 2051 1379 2085 ejus;
1396 2055 1459 2077 ante
1474 2058 1569 2078 omnes
1595 2051 1679 2079 colles
1695 2051 1788 2086 genuit

1005 2105 1048 2124 me
1060 2097 1095 2124 ’⁵.
1115 2106 1124 2122 ι
1143 2096 1191 2124 llis
1203 2103 1267 2132 ergo
1280 2101 1413 2123 consonat
1429 2104 1481 2123 vox
1491 2104 1599 2132 quoque
1614 2096 1659 2123 illa
1675 2096 1709 2124 de
1718 2098 1787 2124 coelo

1004 2142 1111 2170 delata:
1127 2151 1136 2169 ι
1155 2141 1196 2169 Tu
1222 2149 1251 2169 cs
1266 2141 1352 2169 Filius
1376 2149 1452 2170 meus
1474 2142 1589 2170 dilectus
1607 2142 1639 2169 ".
1658 2151 1667 2168 ι
1692 2141 1723 2168 Et
1742 2143 1787 2170 illa

1005 2196 1064 2223 quae
1091 2187 1291 2223 septuagesimo
1319 2187 1408 2222 primo
1447 2187 1551 2222 psalmo
1578 2187 1752 2215 continentur
1778 2198 1784 2216 :

1008 2243 1017 2259 ι
1038 2233 1210 2261 Permanebit
1223 2241 1284 2260 cum
1298 2234 1369 2266 sole;
1389 2242 1398 2258 ι
1417 2233 1535 2268 itemque
1551 2241 1557 2260 :
1577 2242 1587 2258 ‹
1605 2231 1706 2261 Omnes
1722 2241 1787 2269 gen-

1006 2285 1045 2306 tes
1056 2279 1164 2306 beatum
1178 2278 1253 2306 illum
1267 2278 1358 2306 dicent
1374 2278 1397 2293 "
1414 2288 1420 2305 :
1436 2287 1445 2303 ι
1459 2278 1527 2310 hzcc.
1544 2279 1664 2313 inquam,
1677 2286 1739 2306 cum
1753 2279 1786 2306 iis

1006 2333 1120 2361 prorsus
1134 2333 1195 2360 qua:
1211 2324 1245 2352 de
1269 2324 1414 2352 Servatore
1441 2329 1535 2362 nostro
1563 2324 1693 2352 divinitus
1713 2324 1786 2352 dicta

1003 2376 1078 2403 sunt,
1094 2375 1268 2399 concurrent.
1285 2370 1362 2404 Quod
1388 2375 1477 2398 autem
1499 2371 1535 2398 ita
1562 2379 1606 2398 res
1626 2379 1655 2398 se
1675 2371 1783 2403 habeat,

1003 2416 1186 2444 indubitanter
1201 2415 1284 2444 lsaias
1302 2417 1454 2448 conﬁrmat,
1472 2416 1535 2443 dum
1557 2419 1619 2451 post
1633 2415 1786 2443 Salomonis

1001 2462 1106 2489 obitum
1120 2462 1307 2496 plurimasque
1323 2462 1390 2489 alias
1405 2463 1610 2497 generationum
1633 2462 1786 2489 successio-

1001 2516 1060 2540 nes,
1077 2516 1111 2535 ex
1126 2508 1216 2535 radice
1231 2506 1315 2535 Jessaa
1334 2515 1367 2534 ac
1380 2507 1487 2535 Davidis
1505 2515 1678 2543 egressurum
1690 2515 1785 2543 quem-

1001 2553 1063 2581 dam
1078 2553 1253 2586 vaticinatur,
1268 2560 1384 2588 eumque
1397 2552 1567 2580 Servatorem
1583 2553 1703 2588 gentium
1717 2553 1786 2580 latu-

1001 2607 1060 2627 rum
1075 2604 1129 2626 tam
1147 2599 1290 2634 perspicue
1305 2599 1462 2634 pronuntiat
1477 2609 1483 2626 :
1498 2608 1507 2624 ι
1523 2598 1556 2626 Et
1575 2599 1626 2626 erit
1638 2598 1714 2626 radix
1726 2597 1786 2625 Jcs-

1002 2653 1048 2677 sae,
1066 2649 1093 2673 et
1104 2645 1149 2680 qui
1165 2648 1312 2680 consurget
1334 2645 1368 2672 ad
1391 2644 1577 2680 imperandum
1593 2645 1720 2680 gentibus
1734 2654 1742 2678 ;
1759 2649 1786 2672 et

1002 2692 1030 2719 in
1045 2691 1134 2727 ipsum
1149 2695 1242 2727 gentes
1258 2691 1406 2727 sperabunt
1421 2691 1456 2719 ⁷⁷.
1470 2700 1480 2717 ι

1038 2748 1082 2775 Η.
1098 2747 1166 2775 Cum
1182 2747 1246 2774 talia
1265 2746 1347 2782 igitur
1369 2746 1442 2774 edita
1460 2746 1576 2775 fuissent
1602 2747 1714 2775 oracula
1739 2747 1785 2774 uni

1003 2793 1109 2826 Davidi,
1124 2799 1150 2820 et
1168 2793 1278 2827 quidem
1299 2799 1361 2820 cum
1385 2792 1474 2828 iurata
1490 2792 1680 2827 allirmatione,
1697 2793 1782 2820 oritu-

507 2873 529 2890 ’³
549 2873 620 2901 Psal.
638 2882 674 2908 ιι,
691 2874 718 2902 7.
756 2873 779 2891 ⁷⁸
799 2873 880 2901 Prov.
901 2880 957 2906 vnl,

1010 2887 1021 2898 η.
1059 2871 1082 2888 ⁷⁸
1102 2870 1197 2898 Matth.
1222 2879 1271 2904 ιιι,
1295 2869 1338 2898 I7.
1360 2871 1399 2907 f‘
1418 2869 1492 2898 Psal.
1510 2878 1589 2904 tui,
1611 2871 1639 2898 5.
1690 2871 1712 2887 "
1733 2869 1784 2898 lsa.

1624 2951 1662 2981 31
