2065 3216
209 205 261 233 975

611 200 863 231 SUPPLEMENTA
883 201 1124 236 QU/[STIONUM
1144 201 1189 230 AD
1210 201 1429 230 STEPHANUM.

1779 207 1829 234 971.

209 261 286 296 φησι,
304 260 334 287 τὸ
350 260 469 288 τοιοῦτον
484 256 614 296 φανερόν·
632 261 728 296 δικαίῳ
739 259 793 296 γὰρ
809 260 865 286 ὄντι
880 259 919 295 τῷ
941 260 991 286 ἰω-
1009 288 1010 292 η

1049 259 1112 286 mini
1128 258 1167 286 nil
1182 259 1283 286 mirum
1299 263 1340 286 est
1355 259 1502 287 revelatam
1525 259 1610 288 fuisse
1621 267 1636 288 a
1655 264 1750 289 saneto
1768 261 1830 297 Spi-

210 306 264 342 σὴφ
279 306 328 332 οὐκ
355 304 388 341 ἦν
412 306 564 341 θαυμαστὸν
586 305 738 341 γνωσθῆναι
767 306 810 333 διὰ
836 305 992 339 Πνεῦματος

209 350 298 385 ἁγίου,
316 350 346 382 ea
361 347 392 378 οὗ
408 351 453 377 καὶ
466 351 482 386 ἡ
499 350 596 386 κύησις
612 351 731 384 γέγονεν.

1046 305 1100 332 ritu
1123 304 1194 332 hanc
1224 305 1441 340 conceptionem,
1464 311 1546 340 quam
1569 313 1619 334 sua
1645 307 1717 335 idem
1731 307 1830 336 virtute

1047 349 1209 384 perfecerat.

740 409 781 437 Er:
793 414 886 437 catena
899 410 998 436 inedita
1014 409 1041 435 in
1055 408 1142 435 codice
1165 407 1300 434 Vaticano.

245 467 285 494 ιδ’.
304 467 358 503 (53)
380 468 526 495 Εὑσεϐίου
544 489 551 496 .
576 469 714 504 Ἑνέτυχον
734 469 762 495 δὲ
788 469 919 504 ἑρμηνείᾳ
950 469 996 495 ἀν-

207 513 353 548 επιγράφῳ
378 513 504 550 λεγούσῃ,
523 514 563 540 ὅτι
584 515 608 540 οἱ
626 515 674 549 μέν
696 523 759 548 φασι
786 515 929 548 συγγενίδα
947 514 995 549 τὴν

215 559 356 590 Ἐλεισάϐετ
371 560 419 594 τῆς
443 559 581 594 Παρθένου
601 560 676 596 παρὰ
693 561 738 586 τοῦ
755 560 870 594 ἀγγέλου
887 560 994 595 ὠνομά-

209 604 283 636 σθαι,
302 604 350 639 οὐχ
372 605 410 636 ὼς
426 606 458 631 ὲκ
480 605 529 640 τῆς
552 606 636 640 αὐτῆς
651 606 747 641 φυλῆς,
762 606 829 632 ἀλλὰ
853 606 897 632 διὰ
916 606 945 632 τὸ
964 607 995 632 ὲκ

208 651 263 677 τῶν
279 651 369 678 αὐτῶν
381 652 531 687 προγόνων,
546 653 593 678 καὶ
606 652 651 679 τοῦ
663 652 744 678 αὑτοῦ
757 652 852 683 κοινῶς
866 652 919 678 τῶν
937 652 995 678 Ἰου-

207 697 290 725 δαίων
304 697 398 730 γένους
422 698 580 734 ἀμφοτέρας
595 699 756 734 ὡρμῆσθαι·
773 699 810 730 ὡς
830 700 844 725 ὁ
866 699 993 725 Ἀπὸστο-

208 743 264 775 λος,
282 753 292 769 ‹
316 743 489 779 Ἐϐουλόμην,
502 745 598 778 λέγων,
616 745 738 780 ἀνάθεμα
764 743 832 771 εἶναι
855 745 923 780 ὑπὲρ
943 744 996 770 τῶν

208 788 330 823 ἀδελφῶν
342 798 391 824 μου
406 789 459 816 τῶν
478 791 614 825 συγγενῶν
630 799 679 825 μου
697 791 767 817 κατὰ
784 792 881 826 σάρκα.
902 800 911 816 ›
930 790 997 816 Πολ-

208 835 249 862 λοὶ
262 836 289 861 δὲ
303 836 349 862 καὶ
364 836 417 863 τῶν
430 836 548 872 δοκίμων
571 837 694 871 λέγουσιν
717 837 825 872 ἀληθῶς
843 837 912 864 κατὰ
931 846 998 870 συγ-

208 881 316 915 γένειαν
346 883 478 918 συνῆφθαι
505 883 554 918 τὴν
579 883 718 918 ἱερατικὴν
746 883 830 918 φυλὴν
864 885 896 918 τῇ
923 883 998 918 βασι-

1086 467 1128 494 14,
1148 466 1264 494 Eusebii.
1296 465 1382 493 incidi
1399 466 1427 493 in
1449 465 1594 501 quamdam
1621 467 1750 502 anonymi
1779 474 1829 494 au-

1048 513 1132 539 ctoris
1144 511 1395 546 interpretationem
1406 511 1522 539 dicentis
1532 511 1707 545 Elisabetam,
1718 520 1752 540 ex
1766 521 1834 540 non-

1048 557 1185 584 nullorum
1214 557 1358 590 sententia,
1387 558 1549 592 appellatam
1568 558 1653 586 fuisse
1671 559 1705 586 ab
1734 560 1832 594 angelo

1048 608 1190 637 cognatam
1208 602 1339 638 Virginis,
1355 610 1408 629 non
1424 603 1487 637 quia
1503 603 1535 630 de
1549 604 1643 631 eadem
1655 609 1727 632 esset
1745 606 1830 638 tribu,

1047 647 1094 675 sed
1103 648 1165 682 quia
1176 655 1207 675 ex
1226 648 1321 675 iisdem
1332 648 1549 683 progenitoribus
1557 644 1710 684 'eodemque
1725 649 1832 678 Judzeo-

1047 701 1106 721 rum
1139 702 1238 730 genere
1253 694 1406 721 communis
1415 695 1521 729 utrique
1531 697 1607 730 origo
1626 696 1716 723 fuerit.
1730 695 1832 732 Nempe

1048 744 1076 767 ut
1084 740 1230 775 Apostolus
1238 741 1357 775 loquitur
1367 750 1373 767 :
1385 750 1394 766 ι
1410 740 1543 775 Optabam
1553 749 1603 776 ego
1616 742 1760 769 anathema
1771 751 1832 770 esse

1047 794 1097 821 pro
1107 786 1238 814 fratribus
1253 787 1330 820 meis,
1343 788 1388 822 qui
1401 792 1466 814 sunt
1475 788 1582 823 cognati
1605 789 1658 814 mei
1680 789 1830 816 secundum

1047 841 1158 860 carnem
1174 832 1205 858 ⁸¹.
1225 842 1234 858 ι
1251 832 1327 859 Multi
1342 837 1439 860 tamen
1457 833 1560 868 probati
1574 833 1734 869 interpretes
1745 835 1831 868 aiunt,

1048 887 1112 906 vera
1132 887 1245 914 prorsus
1260 879 1422 914 cognatione
1444 880 1641 907 sacerdotalem
1654 880 1755 907 tribum
1769 889 1830 908 cum

208 926 270 962 λικῇ
288 927 333 954 καὶ
350 928 405 954 ἅνω
428 929 474 954 ἐπὶ
493 928 630 960 Μωῦσέως
645 928 711 964 (54),
733 929 765 954 Ἠ
781 928 834 964 γὰρ
858 929 996 954 Ἐλεισάϐετ

1049 925 1128 960 regali
1144 924 1228 952 fuisse
1241 931 1390 952 connexam
1419 933 1434 952 a
1461 925 1588 954 Mosaicis
1605 934 1691 961 usque
1702 928 1832 962 tempori-

208 973 225 1008 ἠ
242 974 309 1008 γυνὴ
331 973 434 1009 Ἀαρὼν
451 974 551 1010 ἀδελφὴ
570 974 676 1010 ὑπῆρχε
696 974 829 1001 Ναασσὼν
849 974 907 1000 υἱοῦ
925 975 996 1009 Ἀμι-

207 1017 301 1050 ναδὰσ,
319 1018 347 1050 ὃς
365 1010 418 1044 dii-.2)
436 1019 520 1045 Ἰούδα
538 1019 584 1045 τοῦ
600 1019 657 1045 υἱοῦ
678 1019 774 1045 Ἰακὼϐ
794 1020 937 1055 κατήγετο,
950 1019 995 1053 ἀφ’

207 1060 238 1090 οὗ
252 1064 281 1089 τὸ
305 1063 439 1098 βασίλειον
461 1064 538 1099 γένος
560 1066 616 1096 τοῖς
634 1065 782 1096 Ἰουδαίοις
804 1066 851 1091 καὶ
879 1066 952 1092 κάτω
968 1065 995 1092 δὲ

207 1109 308 1144 ὁμοίως
332 1109 504 1145 Ἐλισάΰετή
527 1110 594 1146 γυνὴ
619 1111 751 1146 Ζαχαρίου
775 1111 828 1137 ἀπὺ
842 1111 890 1146 τῆς
913 1111 997 1138 Ἰούδα

208 1154 295 1188 φυλῆς
322 1151 396 1181 εἷλκε
423 1156 471 1190 τὴν
499 1155 620 1189 γένεσιν,
648 1157 769 1191 θυγάτηρ
793 1157 997 1192 χρηματίζουσα

215 1199 311 1226 Ὶακὼό
324 1200 370 1226 τοῦ
389 1201 492 1236 πατρὸς
515 1202 614 1237 Ἰωσήφ
626 1210 632 1216 “
648 1203 679 1228 ὲκ
695 1202 760 1236 γοῦν
776 1203 824 1236 τῆς
840 1204 997 1237 συγγενείας

207 1245 303 1272 τούτου
317 1245 364 1272 τοῦ
386 1245 520 1273 Ναασσὼν
536 1248 550 1273 ὁ
567 1244 667 1284 Κύριος
688 1248 758 1274 κατὰ
783 1248 870 1284 σάρκα
886 1248 997 1284 γεγένη-

208 1300 254 1318 ται
266 1300 272 1306 ·
290 1292 319 1318 οὺ
343 1291 431 1327 μάτην
449 1291 496 1320 οὖν
515 1293 565 1328 τῆς
583 1293 723 1328 βασιλικῆς
740 1294 824 1330 φυλῆς
841 1294 888 1330 τὴν
904 1295 999 1330 ἐπιμι-

210 1338 269 1370 ξίαν
284 1339 298 1364 ὀ
313 1338 383 1370 θεῖος
408 1340 549 1376 προφήτης
573 1339 701 1372 ἐδίδαξεν,
718 1340 784 1367 ἀλλὰ
806 1341 912 1372 δεικνὺς
933 1341 970 1372 ὡς
984 1343 998 1367 ὁ

208 1384 347 1418 Δεσπότης
359 1385 474 1420 Χριστὸς
488 1385 516 1418 ἐξ
531 1385 692 1421 ἀμφοτέρων
709 1385 883 1420 ἐϐλάστησεν,
901 1385 937 1416 ὡς
950 1385 998 1420 βα-

210 1430 300 1461 σιλεὺς
316 1430 362 1457 καὶ
383 1431 526 1466 ἀρχιερεὺς
543 1431 612 1458 κατὰ
633 1431 663 1458 τὸ
679 1431 847 1467 ἀνθρώπινον
864 1431 998 1467 χρηματί-

209 1482 260 1506 σας
277 1474 333 1509 (55)
343 1484 349 1490 ·
360 1475 377 1510 ἢ
394 1475 431 1506 ὡς
441 1475 469 1508 ἐξ
485 1475 543 1507 ἐνὸς
556 1477 725 1512 προπάτορος
739 1477 786 1503 τοῦ
803 1476 899 1504 ’ἰακὼὸ
916 1478 1000 1512 ὑπαρ-

209 1520 321 1555 χούσας,
340 1521 498 1555 συγγενίδας
513 1522 599 1550 καλεῖ.

1049 971 1111 997 bus.
1124 970 1246 1005 Namque
1255 970 1299 997 illa
1312 969 1448 998 Elisabeta
1462 970 1579 998 Aaronis
1589 979 1668 1004 uxor,
1683 971 1832 1000 Naassonis

1049 1025 1128 1045 soror
1141 1023 1199 1045 erat
1224 1018 1394 1045 Aminadabo
1418 1018 1513 1053 geniti,
1531 1018 1577 1053 qui
1602 1023 1692 1045 ortum
1709 1027 1724 1046 a
1739 1019 1833 1047 Jacobi

1050 1064 1105 1091 tilio
1119 1064 1243 1091 trahebat
1268 1061 1349 1096 Juda,
1379 1064 1453 1091 unde
1469 1065 1559 1100 regale
1579 1064 1734 1092 Iudaeorum
1746 1074 1832 1101 genus

1050 1113 1228 1145 propagatum
1240 1113 1291 1137 est.
1310 1103 1364 1137 Sed
1394 1115 1421 1137 et
1449 1111 1573 1144 proximo
1589 1111 1692 1145 pariter
1713 1114 1834 1146 tempore

1049 1155 1185 1183 Elisabeta
1199 1155 1340 1182 Zachariae
1368 1163 1438 1182 uxor
1452 1163 1467 1183 e
1483 1155 1558 1183 .ludze
1580 1155 1652 1182 tribu
1675 1155 1831 1189 oriebatur;

1049 1200 1105 1227 ﬁlia
1124 1201 1224 1235 quippe
1235 1199 1330 1227 Jacobi
1346 1201 1392 1236 qui
1409 1199 1519 1235 Iosephi
1534 1204 1609 1235 pater
1625 1205 1677 1228 est.
1692 1201 1734 1228 Ab
1750 1201 1833 1236 hujus

1044 1245 1132 1280 igitur
1147 1245 1294 1273 Naassonis
1306 1246 1391 1280 stirpe
1415 1245 1547 1273 Dominus
1561 1245 1710 1273 secundum
1723 1253 1832 1273 carnem

1052 1295 1129 1318 ortus
1145 1295 1196 1318 est.
1216 1289 1285 1326 Ergo
1294 1290 1367 1317 haud
1381 1294 1484 1317 temere
1495 1291 1697 1325 permistionem
1713 1299 1773 1318 eum
1791 1298 1834 1318 re—

1050 1337 1093 1372 gia
1107 1337 1180 1363 tribu
1195 1337 1275 1364 divus
1304 1337 1437 1371 propheta
1457 1336 1569 1369 docuit;
1586 1337 1633 1364 sed
1649 1341 1677 1363 ut
1694 1330 1832 1364 Christum

1050 1382 1194 1410 Dominum
1207 1391 1240 1410 ex
1263 1386 1379 1417 utraque
1394 1387 1573 1418 propagatum
1594 1382 1758 1415 ostenderet,
1786 1383 1832 1417 qui

1049 1429 1122 1464 regis
1133 1429 1262 1455 nimirum
1277 1436 1422 1464 personam
1449 1432 1531 1463 atque
1544 1429 1681 1463 pontiﬁcis
1697 1429 1767 1455 inter
1781 1428 1832 1455 ho—

1050 1476 1139 1503 mines
1149 1479 1277 1510 gesturus
1303 1478 1372 1502 erat.
1389 1474 1438 1501 Vel
1461 1475 1578 1509 denique
1594 1475 1634 1502 lia:
1650 1478 1772 1509 cognata:
1786 1482 1834 1509 ap-

1052 1522 1200 1557 pellantur,
1213 1521 1279 1556 quia
1295 1521 1329 1549 de
1347 1521 1440 1550 eodem
1448 1520 1832 1557 μυθουὶωγωοωωοιιιω.

685 1578 726 1607 Ex
743 1580 850 1608 Possim‘
867 1585 960 1608 catena
976 1580 1003 1607 in
1022 1579 1118 1607 Manli.
1133 1587 1197 1606 tom.
1215 1579 1234 1611 I,
1246 1587 1273 1614 ρ.
1285 1579 1312 1606 8.

248 1637 286 1660 ιε’.
298 1633 353 1669 (56)
368 1634 562 1671 Upoc‘r‘xévrmg
576 1636 704 1672 ἐζήτηται
721 1638 737 1672 ἡ
756 1637 828 1664 αἰτία
843 1638 876 1664 δι’
891 1639 922 1673 ἢν
939 1638 1004 1665 ἄνω-

1091 1637 1135 1664 15.
1147 1635 1265 1664 Eusebii.
1277 1635 1373 1663 Merito
1389 1637 1503 1670 quaestio
1516 1640 1575 1664 orta
1600 1641 1642 1665 est
1657 1638 1834 1672 quamobrem

211 1678 257 1706 θεν
272 1680 285 1705 ό
301 1679 438 1711 Ματοαῖος
465 1682 610 1716 ἐποιήσατο
626 1682 674 1718 τὴν
693 1682 740 1709 τοῦ
765 1683 881 1717 Χριστοῦ
903 1691 998 1717 γενεα-

210 1724 312 1758 λογίαν,
329 1726 343 1751 ὁ
356 1726 384 1752 δέ
401 1734 432 1760 γε
445 1727 550 1759 Λουκᾶς
560 1728 680 1755 κάτωθεν
695 1729 741 1755 καὶ
756 1729 785 1760 ἐξ
801 1729 923 1760 ἐναντίας
934 1737 940 1743 ·
953 1729 998 1755 καὶ

211 1771 317 1805 ῥητέον,
336 1772 373 1803 ὡς
397 1773 445 1799 οὐκ
463 1773 561 1800 ἄτοπον
582 1774 684 1800 ἄνωθέν
699 1783 728 1801 τε
751 1775 798 1801 καὶ
813 1774 934 1801 κάτωθεν
949 1775 998 1809 τὴν

209 1817 295 1852 αὐτὴν
313 1817 430 1852 βαδίζειν
449 1819 522 1846 ὁδόν’
537 1818 570 1854 ἦν
583 1816 637 1854 γᾶρ
647 1821 693 1846 καὶ
708 1820 786 1847 τοῦτο
799 1820 881 1847 πάλαι
894 1821 926 1855 τῇ
940 1820 999 1856 θείᾳ

210 1862 306 1898 Γραφῇ
333 1863 459 1899 σύνηθες·
475 1864 547 1891 οὕτω
566 1865 619 1900 γὰρ
637 1866 684 1892 καὶ
712 1866 794 1892 Δαδὶδ
819 1867 848 1892 ὲν
866 1867 899 1901 τῇ
919 1865 996 1891 Ῥοὺθ

210 1907 313 1934 ἄνωθεν
326 1909 535 1944 γενεαλογεῖται,
554 1909 644 1942 καθὼς
664 1911 710 1937 καὶ
730 1911 804 1946 παρὰ
818 1910 856 1946 τῷ
867 1911 998 1945 Ματθαίῳ

210 1954 224 1979 ὁ
237 1953 353 1988 Χριστός
363 1963 369 1970 ·
384 1956 430 1982 καὶ
445 1956 473 1982 ὲν
486 1957 517 1991 τῇ
528 1956 581 1982 τῶν
597 1956 742 1983 Βασιλειῶν
758 1957 786 1983 δὲ
806 1956 901 1993 πρώτῃ
915 1956 998 1992 βίϐλῳ

209 1997 225 2023 ὀ
237 1996 283 2022 τοῦ
298 1998 422 2035 Σαμουὴλ
440 2000 531 2035 πατὴρ
546 2000 666 2028 κάτωθεν
682 2001 891 2036 γενεαλογείται,
912 2010 999 2037 παρα-

211 2042 334 2078 πλησίως
351 2044 389 2080 τῷ
405 2046 507 2081 Λουκᾷ.

1052 1682 1195 1709 Mattliaeus
1222 1689 1339 1716 superne
1367 1682 1485 1709 texuerit
1510 1681 1611 1709 Christi
1639 1683 1834 1717 genealogiam,

1051 1728 1140 1756 Lucas
1154 1732 1244 1755 autem
1262 1727 1368 1755 inferne
1385 1731 1466 1762 atque
1491 1735 1524 1754 ex
1550 1727 1673 1755 adverso.
1694 1728 1778 1756 Porro
1793 1729 1835 1755 di-

1051 1775 1166 1802 cendum
1198 1778 1250 1806 est,
1275 1774 1344 1801 nihil
1357 1773 1413 1801 ﬁeri
1442 1774 1601 1805 absurdum.
1618 1774 1642 1802 si
1669 1775 1763 1802 eadem
1790 1775 1833 1802 via

1053 1827 1163 1847 sursum
1191 1819 1373 1853 deorsumque
1396 1823 1535 1852 pergatur.
1565 1818 1632 1845 Nam
1656 1822 1683 1846 et
1710 1818 1754 1845 hic
1769 1819 1835 1846 olim

1053 1865 1200 1900 Seripturm
1213 1865 1311 1892 divinae
1341 1871 1401 1892 mos
1426 1864 1494 1891 fuit:
1511 1864 1612 1899 quippe
1627 1865 1665 1891 ita
1682 1864 1792 1891 Davidis
1807 1865 1834 1891 in

1052 1910 1150 1938 Ruthae
1171 1911 1240 1937 libro
1265 1918 1382 1945 superne
1406 1909 1539 1937 evolvitur
1563 1909 1731 1945 genealogia,
1759 1909 1834 1936 haud

1053 1964 1133 1984 secus
1159 1963 1240 1991 quam
1270 1955 1373 1983 Christi
1396 1955 1467 1991 apud
1497 1955 1660 1982 Mattlneum.
1689 1955 1791 1982 Contra
1807 1955 1836 1982 in

1052 2002 1122 2029 libro
1135 2002 1238 2036 Regum
1253 2002 1353 2036 primo,
1375 2001 1509 2029 Samuelis
1523 2004 1600 2036 pater
1612 2008 1722 2029 sursum
1738 2008 1835 2028 versus

1051 2048 1085 2075 ad
1099 2048 1263 2083 genealogite
1283 2048 1384 2075 fontem
1405 2047 1581 2083 perducitur,
1604 2047 1684 2075 sicuti
1709 2046 1738 2073 [it
1762 2046 1834 2082 apud

1050 2094 1161 2122 Lucam.

754 2150 777 2177 E
792 2156 885 2178 catena
898 2151 996 2178 inedita
1008 2152 1034 2179 in
1048 2151 1137 2179 codice
1152 2151 1290 2178 Vaticano.

248 2201 296 2235 ις’.
314 2203 380 2240 Περὶ
403 2205 498 2232 τούτου
514 2206 528 2232 ὁ
550 2205 679 2238 Εὐσέϐιος
695 2208 724 2233 ὲν
749 2207 788 2243 τῷ
808 2209 860 2240 Εἰς
871 2208 904 2235 τὸ
926 2209 1002 2236 κατὰ

1089 2209 1134 2236 16.
1151 2207 1268 2236 Eusebii.
1296 2207 1334 2235 De
1365 2207 1418 2234 hoc
1449 2207 1582 2235 Eusebius
1604 2207 1632 2234 in
1661 2215 1742 2242 opere
1755 2216 1834 2242 super

209 2249 362 2277 Ματθαῖον
379 2250 434 2286 (57)
454 2251 539 2283 οὕτως
549 2260 555 2266 ·
570 2253 638 2287 Φησὶ
659 2253 688 2279 δὲ
701 2253 745 2280 τὸν
761 2253 854 2281 Νάθαν
869 2255 915 2281 καὶ
933 2263 999 2289 προ-

1053 2255 1210 2283 Matt/tamin
1234 2255 1275 2282 sie
1296 2254 1417 2288 loquitur
1434 2263 1440 2281 :
1455 2254 1537 2281 Aiunt
1560 2253 1710 2281 Nathanem
1729 2262 1838 2289 quoque

211 2295 344 2331 φητεῦσαι
358 2297 427 2323 κατὰ
440 2297 474 2323 τὰ
490 2298 518 2324 ὲν
529 2299 588 2329 ταῖς
601 2298 752 2332 Βασιλείαις
766 2300 910 2336 φερόμενα.
930 2300 999 2335 Ἐγὼ

1052 2301 1268 2337 prophetavisse,
1286 2304 1367 2336 prout
1379 2305 1489 2335 apparet
1516 2300 1598 2327 exiis
1614 2307 1674 2335 quae
1687 2299 1714 2326 in
1732 2299 1835 2334 Regum

210 2342 250 2375 δὲ,
269 2343 334 2378 φησί
351 2351 402 2374 τις,
413 2343 460 2369 καὶ.
473 2343 522 2379 τὴν
536 2344 625 2371 αἰτίαν
639 2345 777 2381 ἐπυθόμην
795 2346 842 2382 τὴν
853 2347 897 2373 τὸν
911 2347 998 2383 μακά-

1052 2348 1131 2375 libris
1143 2348 1279 2375 feruntur.
1307 2346 1364 2382 Ego
1380 2354 1453 2378 vere,
1469 2345 1559 2381 inquit
1578 2345 1701 2380 quidam,
1724 2352 1836 2372 causam

212 2396 271 2424 ριον
287 2389 393 2415 Λουκᾶν
410 2389 553 2416 ὰποκλίναι
568 2390 616 2425 τῆς
633 2390 765 2425 βασιλείου
781 2392 914 2428 φρατρίας
930 2394 999 2420 ὑπα-

1052 2401 1161 2429 quoque
1180 2393 1264 2420 didici
1287 2400 1347 2427 quae
1364 2391 1465 2419 Lucam
1494 2399 1509 2418 a
1536 2391 1609 2426 regia
1623 2391 1694 2418 linea
1720 2391 1836 2423 avertit;

210 2433 360 2468 γαγοῦσαν,
372 2434 411 2469 τῷ
423 2436 460 2471 μὴ
472 2436 534 2468 τοὺς
549 2436 667 2470 βασιλεῖς
677 2437 723 2463 ἀπ’
736 2438 818 2464 αὑτοῦ
829 2439 1003 2474 Σολομῶντος»

1051 2439 1115 2474 quia
1132 2439 1238 2466 scilicet
1252 2445 1340 2473 reges,
1352 2438 1436 2465 ducto
1457 2445 1471 2464 a
1494 2436 1643 2465 Salomone
1655 2436 1744 2468 initio,
1756 2444 1834 2464 exce-

210 2480 433 2517 εἰδωλολατρείας
454 2481 626 2517 καθαρεύειν,
649 2482 717 2518 πλὴν
737 2484 894 2518 ἐλαχίστων,
916 2485 997 2520 ταύττ

1049 2484 1106 2519 ptis
1118 2483 1304 2518 paucissimis,
1321 2482 1482 2510 idololatriae
1498 2482 1612 2509 crimine
1627 2482 1759 2516 inquinati
1775 2482 1832 2509 fue-

211 2527 432 2562 παραιτήσασθαι
447 2527 495 2562 τὴν
511 2528 543 2554 δι’
561 2528 650 2555 αὐτῶν
661 2529 844 2563 γενεαλογίαν.

1049 2525 1126 2556 l'unt.
1143 2528 1247 2556 Idcirco
1258 2527 1347 2556 Lucas
1362 2535 1378 2554 a
1393 2526 1549 2564 genealogia
1564 2534 1610 2561 per
1624 2526 1674 2554 hos
1689 2525 1837 2553 derivanda

1053 2574 1196 2603 abstinuit.

721 2629 762 2656 Ex
775 2629 881 2657 Possini
896 2634 989 2657 catena
1003 2631 1031 2657 in
1047 2630 1157 2663 Matt/1.,
1175 2635 1196 2659 ι.
1210 2631 1231 2663 l,
1244 2639 1271 2666 ρ.
1287 2632 1304 2659 8

249 2686 293 2719 ιζ’.
313 2686 369 2723 (58)
386 2688 548 2716 Εὐσεϐίου.-
562 2687 617 2723 Τὴν
637 2687 684 2715 τοῦ
703 2689 784 2716 Δαϐὶδ
798 2690 941 2724 μετάνοιαν
956 2690 1002 2717 ἐπὶ

1093 2691 1136 2718 Π.
1154 2690 1272 2718 Eusebii.
1289 2689 1400 2717 Davidis
1423 2688 1611 2724 paenitentiam
1626 2687 1714 2724 palam
1729 2688 1840 2716 ediccne

249 2765 271 2782 "
290 2765 372 2793 Rom.
393 2774 437 2799 rx,
458 2767 502 2794 l5.

260 2823 305 2856 53)
325 2824 427 2857 Quaest.
443 2832 463 2855 ι,
479 2824 506 2852 8.

260 2859 304 2892 54)
326 2859 425 2893 Supra.
441 2859 493 2887 col.
506 2858 568 2887 968.

257 2894 304 2929 55)
325 2894 436 2921 Refutat
451 2895 508 2922 hae:
527 2894 667 2923 \fricanus
680 2901 773 2929 supra.

247 2928 304 2964 (56)
324 2929 426 2962 Qumst.
442 2936 473 2957 ιι.

1087 2822 1265 2860 (βηρηφει.
1284 2831 1324 2850 in.
1348 2840 1383 2845 —-
1405 2824 1434 2852 ln
1459 2824 1575 2854 diversis
1597 2824 1726 2860 operibus
1744 2823 1837 2852 eadem

1053 2859 1122 2887 dixit
1138 2858 1282 2886 Eusebius.

1092 2894 1147 2929 '58)
1167 2894 1269 2927 Quaest.
1287 2901 1345 2922 vm.
