2065 3216
161 177 216 206 985

595 172 848 201 SUPPLEMENTA
868 170 1110 206 QUJESTIONUM
1130 170 1175 198 AD
1195 168 1369 197 MARINUM.

1737 171 1790 200 986

162 234 270 270 Σωτὴρ,
291 232 351 260 καθ’
364 233 398 269 ἢν
413 233 487 269 ὦραν
505 225 688 265 οὐδεὶθέγνω,
703 233 846 268 ἐγήγερτο,
861 232 950 258 λαθὼν

1002 231 1132 260 rectionis
1146 230 1283 258 inchoatio
1296 228 1436 261 Servator,
1449 229 1516 257 hora
1528 236 1610 264 quam
1618 237 1698 257 nemo
1709 231 1792 259 scivit

161 280 226 311 τοὺς
243 279 377 312 ἅπαντας,
394 279 441 306 καὶ
460 279 592 313 ἐγήγερτο
612 277 659 304 τοῦ
674 277 748 303 λίθου
769 277 952 313 μεμενηκότος

163 326 210 352 ὲπί
221 326 371 361 σχήματος.
388 324 509 358 Ἀγαθῶν
520 323 549 350 δὲ
559 323 684 358 ἄγγελος,
693 323 847 358 ἀνθρώποις
860 323 952 359 παρῆν

162 371 178 396 ὁ
194 370 319 404 ἄγγελος,
347 370 422 397 οὐδὲν
447 369 495 404 μὲν
515 370 549 405 τῇ
576 369 722 396 ἀναστάσει
745 368 788 395 διὰ
806 369 856 404 τῆς
870 367 952 395 αὐτοῦ

164 417 317 451 παρουσίας
337 415 566 452 συμϐαλλόμενος,
578 414 614 442 τὰ
635 414 741 450 μεγάλα
754 414 782 441 δὲ
795 416 828 449 τῇ
844 414 897 440 τῶν
908 414 953 440 ἀν-

164 460 179 487 θ
183 460 281 497 ρώπων
296 460 502 496 διακονούμενος
517 460 652 496 σωτηρίᾳ·
666 460 706 487 διὸ
720 460 766 486 καὶ
783 460 953 495 ἐξήστραπτε

164 507 214 542 τὴν
241 506 357 542 μορφὴν,
374 506 534 542 λευχείμονα
545 506 650 538 δεικνὺς
663 506 769 538 ἑαυτὸν,
784 505 830 532 καὶ
846 505 953 540 πρῶτος

164 553 215 588 τῆς
228 552 364 587 σωτηρίου
384 553 559 584 ἀναστάσεως
580 552 780 588 ἀπαρχόμενος.
792 551 846 578 Καὶ
859 552 952 588 ὥσπερ

165 597 241 632 ἡλίου
266 597 398 629 ἀνατολὰς
426 597 528 633 ἑρπετὰ
552 598 600 633 μὲν
619 598 708 625 ἰοὸόλα
729 598 775 625 καὶ
790 597 891 633 Θηρίων
903 598 953 624 ὅσα

165 642 262 674 νυκτὸς
275 643 323 669 καὶ
342 643 454 675 σκότους
467 643 520 670 εἰσὶ
539 643 602 678 φίλα
624 644 729 678 φεύγει,
745 644 840 680 ἄνδρες
852 644 880 670 δὲ
891 643 954 670 ταύ-

165 697 215 720 τας
224 686 268 715 οἶα
281 688 369 723 φωτὸς
390 690 529 723 συγγενεῖς
544 689 749 725 μεταδιώκουσι,
766 689 834 716 κατᾶ
848 690 893 716 τὸν
905 689 954 716 αὺ-

163 734 212 757 τὸν
238 732 270 768 δὴ
292 732 394 768 τρόπον
423 734 487 765 τοὺς
512 734 561 769 μὲν
585 734 633 770 τῆς
659 734 788 769 ἀληθείας
809 736 856 761 καὶ
881 735 954 770 ζωῆς

165 777 290 813 ἐχθροὺς,
321 778 436 806 θανάτου
463 779 491 806 δὲ
507 780 625 812 οἰκείους
639 781 686 807 καὶ
708 780 810 815 φίλους,
830 782 888 812 ταῖς
905 780 952 807 τοῦ

165 824 254 858 φωτὸς
269 824 352 851 αὐτοῦ
372 827 566 860 μαρμαρυγαῖς
591 827 822 861 καταστράπιων,
840 827 954 862 ήλαυνεν

164 870 179 896 ὁ
195 869 323 904 ἄγγελος·
339 872 395 903 τοῖς
408 871 436 897 δὲ
452 871 563 898 ποθοῦσι
581 872 630 908 τὴν
649 874 781 909 σωτήριον
796 873 952 904 ἀνάστασιν,

163 915 268 952 ταύτην
282 917 481 952 εὐηγγελίζετο,
497 918 593 954 σχολὴν
609 906 700 951 αὐτοῖς
715 906 833 954 εὐτρεπῆ
848 918 890 945 διὰ
904 918 954 954 τῆς
970 906 990 932 Β

162 962 220 988 τῶν
235 962 359 999 φρουρῶν
385 963 543 996 ἀπελάσεως
565 965 708 1001 παρέχων·
732 965 778 992 δύο
798 965 863 1000 γοῦν
882 973 953 1000 γνω-

164 1009 287 1045 ρίσματα
301 1011 356 1042 τοῖς
370 1010 479 1042 οἰκείοις
495 1013 625 1047 παρεῖχεν
638 1013 714 1047 όρᾷν,
730 1012 780 1047 τὴν
793 1012 954 1047 ἀποκίνησιν

162 1055 212 1082 τοῦ
227 1055 311 1088 λίθου,
330 1057 378 1083 καὶ
394 1057 443 1092 τῆς
463 1057 547 1093 θύρας
567 1057 615 1084 τοῦ
632 1059 771 1094 μνήματος
785 1059 835 1095 τὴν
850 1059 952 1091 ἄνεσιν,

163 1102 220 1129 τῶν
226 1111 256 1129 τε
268 1101 395 1137 φυλάκων
403 1103 451 1138 τὴν
462 1103 551 1136 δίωξιν
560 1112 566 1119 ·
579 1104 597 1131 ἃ
608 1104 639 1140 δὴ
654 1104 804 1140 τεθεαμένη
817 1105 832 1140 ἡ
843 1104 954 1139 Μαγδα-

162 1147 232 1183 ληνη
248 1149 304 1180 τοῖς
327 1148 460 1183 μαθηταῖς
484 1149 662 1184 ἐπήγγειλεν·
686 1150 711 1175 οἱ
730 1149 862 1176 δὲταῦτα
889 1150 954 1185 παρ’

162 1195 251 1229 αὐτῆς
272 1194 471 1230 μεμαθηκότες,
489 1195 646 1231 θαρσαλέως
666 1196 793 1231 ἀπήντων
812 1196 952 1232 δρομαίοι,

164 1239 279 1276 μηδενὸς
290 1241 381 1272 αὐτοῖς
397 1240 522 1276 ἐμποδὼν
534 1241 716 1273 καθεστῶτος.

542 1295 580 1323 Β¹.

201 1339 256 1376 (69.)
273 1341 328 1367 Καὶ
342 1340 400 1372 πῶς
417 1340 526 1373 σκοτίας
550 1340 643 1377 οὔσης,
661 1341 732 1368 κατά
755 1341 800 1368 τὸν
813 1343 955 1377 εὐαγγελι-

163 1386 231 1422 στὴν
252 1387 388 1423 Ἰωάννην,
399 1387 433 1414 τὰ
446 1387 512 1414 εἴσω
528 1387 574 1414 τοῦ
600 1388 738 1424 μνήματος
753 1387 846 1423 ἑώρων
866 1390 890 1415 οἰ
908 1389 954 1415 δύο

165 1431 303 1468 μαθηταί;
320 1433 349 1459 ὐ
372 1433 426 1469 γὰρ
444 1433 523 1464 αὐτὸς
549 1433 596 1460 καὶ
608 1433 657 1468 τὴν
676 1432 750 1469 ὤραν
763 1434 954 1470 ἐπεσημήνατο

162 1478 261 1504 εἰπών·
284 1487 293 1504 ι
312 1478 388 1514 Πρωῒ
418 1478 458 1505 ἔτι
487 1478 594 1510 σκοτίας
613 1478 705 1514 οὔσης,
728 1489 737 1505 ι
753 1479 800 1506 καὶ
826 1480 888 1511 τοὺς
908 1479 953 1506 δύο

164 1522 291 1558 μαθητὰς
304 1523 338 1550 τὰ
352 1523 416 1550 εἵσω
427 1524 455 1550 ὲν
468 1523 507 1559 τῷ
519 1523 639 1559 μνήματι
657 1523 852 1559 τεθεαμένους·
867 1535 875 1550 ι
891 1525 954 1551 Εἰσ-

161 1568 246 1604 ῆλθον
264 1568 329 1604 γὰρ,
345 1569 423 1604 φησὶ,
442 1569 488 1596 καὶ
502 1569 673 1597 ἐπίστευσαν.
689 1579 698 1596 ι

207 1659 374 1695 Ἀρχομένης
396 1660 445 1695 μὲν
468 1661 528 1687 κατ’
548 1659 635 1696 ἀρχὰς
659 1660 709 1696 τῆς
724 1661 839 1697 ἡμέρας,
858 1661 905 1688 ἐπὶ
922 1661 953 1688 τὺ

164 1706 262 1741 μνῆμα
276 1705 467 1742 ἐμαρτύρησεν
482 1706 498 1741 ἡ
512 1705 606 1742 Γραφὴ
624 1705 663 1732 ἑτι
679 1705 740 1732 τότε
753 1707 859 1733 σκοτία-ν
872 1705 950 1734 εἶναι·

161 1751 235 1787 πλὴν
245 1751 301 1778 ἀλλ’
320 1752 370 1788 ’ήδη
394 1753 484 1788 πρωῒα
503 1749 536 1787 ἦν
548 1760 554 1767 ·
569 1751 648 1778 τοῦτο
661 1752 688 1779 δὲ
707 1752 737 1779 τὸ
751 1753 821 1788 πρωῒ
836 1753 875 1780 ἔτι
891 1762 953 1781 σκο-

160 1798 225 1830 τίας
236 1797 319 1834 οὔσης
335 1798 402 1834 αὐτὴ
420 1798 479 1825 καθ’
492 1798 590 1834 ἑαυτὴν
613 1798 703 1825 ἰδοῦσα
721 1798 814 1834 Μαρία
829 1800 952 1826 ἐπάνεισι

161 1843 234 1879 πρὸς
243 1845 306 1876 τοὺς
322 1844 445 1879 μαθητάς
455 1853 461 1860 ·
480 1842 528 1871 εἶτ’
538 1845 653 1880 ἅγγελος
662 1845 751 1877 αὐτοῖς
763 1846 950 1882 παραγίνεται.

167 1891 215 1917 Ἐν
232 1890 264 1926 δὴ
276 1888 322 1917 οὖν
336 1891 375 1926 τῷ
393 1891 494 1926 μεταξὺ
507 1891 595 1926 χρόνῳ
622 1892 692 1927 μετὰ
707 1892 756 1928 τὴν
768 1892 879 1929 πρώτην
889 1893 952 1927 ἄφι-

161 1937 206 1970 ξιν
233 1937 366 1972 ἀπιούσης
383 1937 468 1972 αὐτῆς
494 1937 562 1973 πρὸς
578 1938 641 1969 τοὺς
657 1938 823 1970 ἀποστόλους
837 1939 884 1966 καὶ
903 1939 952 1975 τὴν

160 1981 240 2017 ὤραν
268 1981 404 2017 προκόψαι
431 1981 504 2013 εἰκὸς
520 1979 553 2018 ἦν
566 1990 572 1997 ·
588 1982 722 2009 κάκείνων
738 1983 817 2010 πάλιν
838 1985 884 2011 ἐπὶ
908 1985 953 2011 τὸν

159 2027 251 2062 τάφον
263 2027 478 2063 ἀφικνουμένων,
493 2027 533 2055 ἔτι
550 2028 649 2064 μᾶλλον
664 2029 778 2064 αὐξῆσαι
791 2030 836 2057 τὸν
847 2031 951 2066 χρόνον,

160 2073 203 2104 ὼς
216 2073 313 2108 μηκέτι
327 2075 436 2100 σκοτίαν
451 2072 530 2106 εἶναι,
547 2075 604 2101 ἀλλ’
619 2075 667 2112 ’ήδη
685 2075 808 2112 καθαρὰί
831 2077 951 2113 ἡμέραν,

160 2119 227 2147 καθ’
241 2120 274 2155 ἢν
285 2121 489 2156 ἀπαντήσαντες
500 2121 522 2146 οἰ
535 2121 682 2157 εἰρημένοι,
700 2122 746 2148 καὶ
761 2122 808 2149 τοῦ
821 2124 952 2159 μνημείου

161 2166 244 2198 ἐκτὸς
255 2166 380 2198 ἑστῶτες,
400 2166 492 2202 διορᾷν
506 2166 539 2193 τὰ
553 2167 617 2193 εἵσω
630 2168 743 2203 κείμενα
757 2167 848 2195 ὀθόνια
859 2166 910 2196 οἶοί
922 2178 952 2196 τε

160 2210 249 2247 ἦσαν·
272 2211 319 2238 ι·ιαί¹
335 2211 402 2238 πολὺ
419 2212 517 2247 μᾶλλον
544 2212 617 2239 ἔνδον
639 2213 791 2248 γενόμενοι,
811 2213 863 2240 ὑπὸ
884 2214 954 2249 λαμ-

1003 278 1173 309 resurrexit,
1203 279 1316 304 cunctos
1341 276 1449 307 latens,
1480 276 1684 312 resurrexitque
1703 277 1792 312 lapide

1004 327 1106 351 statqu
1134 330 1214 350 suum
1240 322 1383 350 retinente.
1413 321 1494 349 Bonae
1519 329 1583 349 vero
1614 322 1653 350 rei
1678 324 1792 351 nuntius

1003 369 1090 397 astitit
1109 368 1266 396 hominibus
1282 368 1406 403 angelus.
1421 367 1490 394 nihil
1512 367 1637 402 equidem
1663 377 1791 396 resurre-

1003 413 1087 440 ctioni
1104 413 1250 448 praesentia
1268 420 1318 441 sua
1343 412 1490 440 conferens
1503 432 1510 443 ,
1533 412 1674 440 hominum
1700 417 1792 441 tamen

1003 460 1085 487 saluti
1101 459 1249 494 plurimum
1272 460 1405 486 serviens.
1434 457 1582 493 Propterea
1602 459 1740 487 relucente
1758 459 1791 487 ti—

1003 513 1072 542 gura
1088 513 1155 533 usus
1169 508 1222 539 est,
1238 508 1266 531 et
1280 504 1399 532 albatum
1417 507 1504 531 seruet
1524 504 1655 536 ostendit,
1670 505 1792 539 primus-

1003 560 1057 588 que
1067 551 1278 580 resurrectionis
1289 550 1445 578 Scrvatoris
1461 549 1524 578 fecit
1536 551 1657 578 initium.
1668 551 1702 578 Et
1711 551 1792 579 siculi

1003 598 1129 626 venenati
1155 601 1296 633 serpentes
1315 604 1347 623 ac
1374 596 1448 628 tene,
1467 597 1555 625 noctis
1572 602 1599 625 et
1616 598 1791 625 tenebrarum

1004 647 1137 675 amantes,
1152 643 1219 670 solis
1238 645 1328 670 ortum
1355 641 1474 677 fugiunt,
1492 642 1617 671 homines
1632 648 1728 671 contra
1743 651 1792 671 ceu

1004 689 1074 717 lucis
1088 689 1203 717 studiosi
1221 688 1337 716 libenter
1353 689 1514 724 excipiunt;
1537 689 1632 716 eodem
1648 690 1729 716 modo
1747 697 1793 717 ve-

1003 735 1095 763 ritatis
1115 735 1232 770 vita-que
1260 735 1364 767 hostes,
1382 735 1480 762 mortis
1495 738 1585 762 autem
1600 734 1751 762 familiares
1766 740 1794 762 et

1004 783 1118 815 amicos,
1134 782 1204 809 lucis
1216 781 1407 817 splendorihus
1427 781 1563 808 irradians
1574 781 1688 816 angelus
1699 781 1794 816 dispu—

1005 828 1034 855 lit
1047 836 1054 854 :
1074 827 1305 856 resurrectionem
1322 835 1388 855 vero
1401 827 1555 855 Salvatoris
1567 827 1791 862 exspectantibus

1004 875 1150 907 nuntiavit,
1170 875 1285 902 liberum
1304 874 1357 902 illis
1376 874 1478 902 aditum
1494 878 1557 909 post
1581 873 1726 901 custodum
1742 873 1790 901 de-A

1005 920 1158 956 pulsionem
1175 920 1311 955 praebens.
1336 919 1450 947 Gemina
1469 919 1551 955 igitur
1569 919 1666 946 amicis
1692 918 1793 947 indicia

1005 966 1152 1002 spectanda
1173 967 1290 996 obtulit.
1322 966 1420 1001 lapidis
1448 973 1545 1000 nempe
1574 965 1792 998 revolutioneiu,

1004 1012 1174 1039 monumenti
1192 1016 1270 1047 porta
1283 1011 1338 1046 jam
1349 1015 1468 1047 patente,
1484 1015 1511 1038 et
1527 1010 1673 1038 custodum
1689 1011 1792 1046 rugam.

1004 1058 1070 1091 Quae
1093 1058 1190 1086 videns
1216 1057 1375 1093 Magdaleue
1401 1057 1546 1094 discipulis
1568 1057 1727 1085 nuntiavit:
1746 1057 1793 1092 qui

1005 1104 1048 1132 his
1064 1104 1193 1139 cognitis,
1205 1105 1335 1131 audacter
1350 1112 1488 1139 cursuque
1503 1109 1612 1131 concito
1628 1104 1692 1131 illuc
1703 1123 1710 1130 .
1747 1111 1794 1130 ne—

1004 1151 1077 1179 mine
1090 1151 1264 1187 impcdientc,
1281 1155 1475 1186 properarunt.

1383 1297 1417 1325 ll.
1667 1322 1670 1325 .

1039 1343 1200 1377 Quomodo.
1223 1343 1345 1372 tenebris
1363 1343 1452 1370 adhuc
1472 1351 1502 1371 se
1520 1343 1742 1376 intendentibus,
1763 1347 1794 1371 ut

1005 1390 1043 1416 ait
1057 1390 1224 1425 evangelista
1235 1389 1364 1422 Joannes,
1380 1397 1412 1417 ea
1429 1398 1489 1424 qua:
1500 1389 1572 1416 intra
1586 1395 1794 1417 monumentum

1004 1440 1084 1464 erant
1096 1436 1224 1472 discipuli
1236 1437 1290 1464 duo
1306 1436 1452 1464 viderunt?
1464 1435 1586 1472 Namque
1610 1436 1680 1464 idem
1698 1436 1793 1463 horam

1005 1490 1114 1518 quoque
1131 1483 1295 1518 significavit
1318 1482 1430 1510 dicens:
1446 1491 1455 1508 ‹
1471 1482 1560 1514 Mane,
1571 1490 1632 1509 cum
1647 1482 1738 1510 adhuc
1750 1485 1792 1509 te-

1005 1529 1097 1556 nebra:
1108 1533 1210 1557 essent.
1231 1538 1240 1555 ›
1260 1528 1293 1555 Ει
1308 1536 1381 1561 mox,
1393 1528 1462 1556 duos
1479 1528 1631 1563 discipulos
1645 1536 1705 1564 quae
1722 1528 1794 1555 intra

967 1579 987 1607 c
1005 1579 1212 1604 monumentum
1229 1579 1307 1602 erant
1321 1574 1432 1602 vidisse.
1456 1583 1466 1600 ι
1488 1574 1675 1602 Introivcruut
1698 1574 1771 1602 enim
1785 1594 1792 1607 ,

1003 1622 1104 1657 inquit,
1117 1625 1144 1649 et
1159 1620 1343 1648 crediderunt.
1363 1630 1372 1646 ι

1038 1666 1131 1694 Primo
1153 1665 1206 1693 diei
1222 1665 1405 1700 crepusculo,
1433 1663 1504 1700 apud
1531 1664 1687 1699 sepulcrum
1717 1663 1793 1692 Scri-

1004 1716 1083 1747 ptura
1098 1711 1166 1738 dicit
1183 1710 1272 1737 adhuc
1283 1709 1412 1737 tenebras
1427 1709 1528 1742 fuisse;
1544 1709 1591 1736 sed
1604 1712 1694 1735 tamen
1711 1715 1791 1735 mane

1001 1758 1057 1794 jam
1071 1761 1145 1789 erat,
1171 1764 1226 1792 quo
1252 1755 1441 1788 subobscure,
1468 1755 1526 1782 sola
1548 1754 1628 1782 rediit
1643 1753 1727 1780 Maria
1757 1753 1792 1780 ad

1003 1803 1163 1839 discipulos.
1193 1801 1294 1829 Deinde
1312 1801 1423 1836 angelus
1441 1799 1507 1835 ipsis
1537 1799 1705 1834 supervenit.
1732 1797 1792 1825 Jam

1003 1851 1055 1878 hoc
1070 1848 1232 1877 intermedio
1246 1851 1379 1882 tempore,
1395 1851 1456 1882 post
1468 1845 1585 1881 primum
1607 1845 1667 1880 ejus
1679 1844 1713 1872 ad
1727 1852 1793 1879 apo-

1003 1897 1088 1924 stolos
1103 1894 1247 1922 adventum
1260 1913 1267 1925 ,
1289 1893 1384 1920 horam
1416 1892 1501 1919 ferme
1516 1891 1670 1923 transiisse,
1689 1890 1791 1918 verisi~

1003 1943 1069 1970 mile
1084 1946 1127 1970 est
1144 1951 1151 1969 :
1169 1945 1226 1969 tum
1238 1940 1292 1968 illis
1309 1939 1344 1967 ad
1365 1938 1521 1974 sepulcrum
1536 1936 1666 1964 euntibus
1677 1956 1685 1969 ,
1702 1936 1792 1971 majus

1003 1989 1093 2016 adhuc
1103 1989 1225 2023 elapsum
1240 1991 1358 2022 tempus,
1379 1986 1416 2013 ita
1428 1988 1458 2012 ut
1470 1984 1526 2019 jam
1541 1983 1661 2011 tenebrae
1680 1989 1734 2010 non
1747 1989 1792 2009 est

1004 2039 1074 2066 sent,
1089 2033 1136 2061 sed
1147 2041 1213 2068 pura
1224 2033 1299 2065 dies;
1311 2039 1365 2067 quo
1377 2035 1497 2066 tempore
1510 2029 1625 2066 profecti
1644 2027 1709 2055 illuc
1723 2035 1794 2063 pra:-

1003 2081 1068 2108 dicti
1089 2079 1228 2114 discipuli,
1240 2082 1373 2113 extraque
1391 2081 1598 2104 monumentum
1626 2077 1769 2102 manentes
1782 2094 1790 2106 ,

1003 2126 1093 2162 posita
1123 2124 1283 2152 linteamina
1311 2128 1435 2159 spectare
1467 2127 1630 2159 potuerunt;
1651 2121 1792 2156 multoque

1003 2170 1090 2204 magis
1110 2168 1174 2195 illuc
1195 2167 1322 2202 ingressi,
1337 2167 1479 2203 splendida
1492 2167 1549 2202 jam
1566 2166 1610 2194 die
1623 2166 1714 2194 locum
1726 2165 1788 2193 illu-

1003 2216 1136 2243 minante.
1152 2215 1215 2242 Mihi
1240 2223 1306 2243 vero
1329 2215 1457 2242 videntur
1479 2213 1638 2241 linteamina
1654 2213 1728 2240 intus
1742 2219 1792 2247 po-

162 2259 239 2295 πρᾶς
259 2258 365 2294 ἡμέρας
382 2258 431 2294 ήδη
451 2257 498 2285 τοῦ
521 2258 603 2285 τόπου
623 2259 857 2295 κατηυγασμένου.
876 2261 953 2287 Δοκεῖ

1004 2262 1056 2289 sita
1083 2261 1343 2289 demonstrationem
1367 2260 1448 2288 simul
1472 2259 1607 2295 przebere,
1634 2265 1735 2294 corpus
1757 2257 1793 2285 ab

160 2304 194 2331 δέ
205 2313 250 2340 μοι
268 2304 302 2331 τὰ
317 2304 407 2331 ὀθόνια
425 2304 498 2331 ἔνδον
517 2304 630 2340 κείμενα
644 2306 711 2341 ὁμοῦ
726 2307 774 2341 μὲν
789 2307 836 2333 καί
853 2307 952 2343 δεῖγμα

161 2349 295 2385 παρέχειν
309 2349 355 2376 τοῦ
369 2349 405 2385 μὴ
419 2349 470 2375 ὑπὸ
484 2349 634 2385 ἀνθρώπων
646 2348 728 2386 ᾖρθαι
740 2350 769 2377 τὸ
785 2351 873 2386 σῶμα,
884 2352 952 2387 ὅπερ

161 2396 258 2433 Μαρία
274 2396 406 2423 ὑπέλαϐεν
416 2405 422 2411 '
436 2396 465 2423 οὐ
482 2396 536 2431 γὰρ
551 2396 583 2424 ἄν
597 2405 668 2428 τινες
678 2397 709 2423 τὸ
724 2397 803 2433 σῶμα
819 2398 951 2434 ὑφαιρού-

163 2451 242 2478 μενοι
255 2442 456 2477 κατελίμπανον
469 2442 504 2468 τὰ
521 2441 624 2468 όθόνια·
638 2442 697 2469 οὐδὲ
713 2444 727 2469 ὁ
746 2443 868 2471 κλέπτων
887 2444 951 2471 ποτὲ

162 2487 337 2524 περιέμεινεν
358 2488 410 2520 ἕως
422 2488 466 2514 ὅτε
481 2487 600 2524 ἀναλύσῃ
612 2488 645 2514 τὰ
656 2488 747 2515 ὀθόνια
766 2489 812 2516 καὶ
832 2490 951 2517 καταλά-

163 2534 249 2568 εηται
260 2542 267 2548 ·
285 2533 353 2569 ὁμοῦ
372 2533 400 2560 δὲ
418 2534 529 2569 καὶτῆς
544 2535 576 2559 ὲκ
594 2533 699 2569 νεκρῶν
718 2535 892 2567 ἀναστάσεως
903 2536 950 2563 τοῦ

164 2579 292 2615 σώματος
308 2577 588 2614 εἷναιπαραστατικά.
602 2581 631 2607 ⁸0
638 2581 692 2617 γὰρ
707 2582 950 2618 μετασχηματίζων

161 2626 199 2653 τὰ
216 2625 329 2661 σώματα
345 2625 394 2661 τῆς
407 2625 597 2658 ταπεινώσεως
610 2626 689 2662 ἡμῶν
697 2627 764 2659 Θεὸς
774 2629 813 2660 εἰς
829 2628 860 2655 τὸ
880 2627 950 2656 εἶναι

162 2672 315 2707 σύμμορφα
329 2670 368 2705 τῷ
378 2671 484 2706 σώματι
499 2672 548 2707 τῆς
557 2671 636 2708 δόξης
647 2673 693 2700 τοῦ
710 2674 839 2710 Χριστοῦ,
857 2674 887 2701 τὺ
900 2675 949 2710 μὲν

161 2717 246 2752 σῶμα
269 2717 306 2749 ὠς
326 2718 440 2754 ὄργανον
458 2718 508 2753 τῆς
523 2719 552 2745 ὲν
564 2719 638 2754 αὺτῷ
656 2721 857 2757 κατοικησάσης
871 2721 950 2748 δυνά-

163 2771 239 2798 μεως
253 2763 370 2797 muco,
399 2763 571 2799 μεταῦάλλων
599 2765 645 2792 ἐπὶ
663 2766 693 2792 τὸ
711 2765 857 2808 θειότερονἶ
874 2767 907 2795 τὰ
921 2767 949 2795 δὲ

200 2843 224 2859 ⁸⁸
245 2842 361 2879 Philipp.
381 2851 430 2876 ιιι,
448 2844 494 2872 2i.

204 2901 258 2937 (δε)
278 2901 345 2930 Cod.
362 2902 394 2937 A,
409 2902 427 2931 ι.
443 2902 504 2937 5n,
518 2883 556 2932 δέ

1003 2307 1161 2335 hominibus
1178 2315 1233 2335 non
1251 2307 1335 2335 fuisse
1356 2307 1494 2335 sublatum
1508 2326 1516 2339 ,
1544 2313 1625 2334 secus
1653 2312 1685 2332 ac
1707 2303 1791 2331 Maria

1003 2353 1212 2389 suspicabatur:
1237 2361 1326 2388 neque
1350 2353 1422 2380 enim
1445 2353 1492 2388 qui
1516 2359 1618 2387 corpus
1647 2350 1792 2378 subtrahe-

1002 2405 1079 2432 rent,
1095 2400 1253 2428 linteamina
1269 2400 1473 2434 relinquerent;
1496 2406 1584 2434 neque
1596 2397 1638 2425 fur
1653 2395 1789 2432 quispiam

1001 2450 1183 2482 exspectaret,
1199 2447 1285 2474 donec
1300 2445 1409 2473 indusia
1425 2445 1591 2477 resolveret,
1611 2448 1692 2479 atque
1707 2443 1744 2470 ita
1759 2443 1788 2470 in

1001 2493 1126 2528 ﬂagranti
1153 2497 1233 2528 raptu
1262 2491 1521 2528 deprehenderetur.
1548 2491 1722 2526 Caeteroquin
1742 2489 1789 2517 illa

1002 2539 1127 2566 suscitati
1142 2547 1175 2566 ex
1190 2543 1276 2566 morte
1295 2539 1421 2574 corporis
1439 2537 1540 2565 indicia
1555 2542 1644 2564 erant.
1659 2535 1727 2563 Nam
1742 2536 1788 2571 qui

1002 2585 1162 2613 reformabit
1180 2593 1295 2621 corpora
1318 2585 1479 2612 humilitatis
1487 2587 1588 2611 nostra:
1598 2582 1681 2614 Deus,
1692 2586 1722 2610 ut
1733 2582 1789 2610 sint

1001 2631 1151 2660 conformia
1165 2631 1272 2667 corpori
1283 2632 1375 2668 gloria:
1386 2631 1499 2663 Christi,
1512 2634 1578 2657 tunc
1589 2629 1670 2658 etiam
1686 2636 1787 2664 corpus

1002 2678 1111 2714 quidem
1126 2685 1259 2713 organum
1274 2678 1452 2706 inhabitantis
1475 2677 1504 2704 in
1523 2677 1584 2711 ipso
1605 2675 1717 2703 virtutis
1741 2675 1791 2702 imr

1002 2724 1127 2757 mutavit,
1142 2723 1176 2750 ad
1195 2723 1364 2761 _diviniorem
1381 2727 1482 2750 statum
1500 2721 1653 2750 reformans
1669 2721 1692 2737 ⁸⁸
1706 2729 1713 2754 ;
1737 2720 1789 2748 lin-

1000 2770 1120 2799 teamina
1135 2774 1237 2805 autem,
1250 2778 1298 2799 ceu
1321 2770 1430 2798 inutilia
1446 2774 1472 2797 et
1487 2769 1610 2804 corporis
1627 2767 1790 2797 substantia
