2037 3215
297 183 348 213 981

638 178 1029 210 EUSEBH‘CXESARIENSIS
1046 179 1122 207 OPP.
1142 177 1233 206 PARS
1252 177 1297 205 Ill.
1317 193 1352 198 —
1370 177 1574 206 EXEGETICA.

1866 178 1917 206 988

297 241 397 274 aliena,
411 241 494 269 missa
508 239 752 274 fecit.0pportune
765 239 877 274 insuper
893 238 1001 265 videtur
1015 237 1078 264 mihi

1133 237 1224 263 ὀθόνια
1238 236 1275 268 ὡς
1287 235 1402 271 περιττά
1414 221 1600 270 καὶῖλλότρια
1614 234 1663 269 τῆς
1678 234 1723 260 τοῦ
1735 242 1860 269 σωματος
1872 235 1917 261 οὒ-

297 287 428 314 accidisse
447 289 476 313 ut
494 285 591 313 Petrus
613 293 645 312 ac
670 284 789 312 Joannes
813 284 846 312 ad
873 287 1081 311 monumentum

295 334 419 361 venirem
439 331 512 358 clara
526 331 582 365 jam
603 331 647 358 die
670 330 866 365 splendidaque
891 330 968 362 luce;
998 337 1031 356 ne
1058 330 1081 356 si

295 377 364 406 forte
382 377 409 404 in
422 381 501 404 nocte
513 384 545 404 ac
560 377 681 404 tenebris
696 376 889 407 accessissent,
904 376 964 411 ejus
980 377 1018 404 rei
1035 384 1081 404 su-

295 424 443 458 spicionem
457 423 618 457 praeberent,
634 429 715 456 quam
733 422 789 456 jam
808 421 952 457 pontifices
967 422 1081 449 mentie-

294 469 412 501 bantur,
441 477 538 504 nempe
564 468 636 503 qttod
664 472 746 495 noctu
773 468 912 495 venientes
937 467 1080 494 Dominum

295 515 480 543 sustulissent.
513 514 606 549 itaque
638 521 726 549 neque
751 519 832 541 noctu
850 517 1027 541 accesserunt
1052 513 1080 540 hi

294 560 356 591 viri,
372 560 414 586 vel
425 560 545 587 tenebris
558 559 646 586 adhuc
663 567 692 586 se
705 559 925 589 intendentibus,
943 559 990 586 sed
1007 559 1080 586 clara

292 605 347 639 jam
364 606 517 632 lucescente
533 604 587 632 die.
604 604 681 638 Quod
702 605 726 632 si
743 605 851 632 dicente
866 604 1023 639 Evangelia,
1038 605 1080 632 di-

293 651 413 685 scipulos
428 658 492 683 una,
505 650 568 685 quia
583 650 691 677 Judreos
706 650 849 682 tinniebant,
866 650 950 678 fuisse
966 658 1080 685 congre-

293 701 380 732 gatos,
396 696 557 724 adversetur
571 697 670 732 aliqttis
678 697 771 724 dicens
785 706 792 723 :
805 696 947 729 Quomodo
958 704 1023 731 ergo
1034 697 1079 731 qui

292 750 321 770 se
342 743 556 775 concluserant,
583 742 615 769 ad
635 747 840 770 monumentum
869 743 1013 769 veniebant
1036 743 1080 770 die

292 788 451 823 splendida?
465 789 679 824 respondemus,
707 790 768 817 illos
785 797 851 816 sane
876 790 922 824 qui
943 789 1030 816 media
1052 789 1079 815 in

293 834 360 861 urbe
386 833 542 860 Judaeorum
557 833 735 866 habitabant,
754 841 803 869 par
817 834 901 861 fuisse
921 838 950 860 ιιι
973 841 1028 860 una
1051 833 1079 860 in

292 880 373 906 domo
387 879 510 906 conclusi
534 887 629 907 omnes
651 880 732 907 simul
750 884 909 907 manerent:
926 879 972 914 qui
988 883 1077 907 autem

293 926 326 952 ad
338 925 493 960 sepulcrum
505 925 623 959 iverunt,
635 925 698 960 quia
711 929 788 952 extra
800 926 894 953 urbem
908 929 998 957 erant,
1009 925 1079 952 mul—
1095 910 1115 938 Β

292 973 349 996 tum
364 971 457 997 aberat
472 974 501 997 ut
516 970 623 998 Judzeos
637 971 764 998 timerent
777 991 785 1004 ,
812 971 940 1006 quoniam
963 971 996 998 ad
1014 971 1079 999 soli-

292 1016 392 1043 tarium
419 1016 507 1044 locum
533 1020 559 1044 et
583 1017 740 1044 hominibus
762 1024 877 1044 vacuum
904 1016 1077 1045 devenerant.

291 1061 421 1089 Fortasse
434 1062 514 1089 etiam
531 1066 624 1097 spreto
647 1066 807 1090 caeterorum
823 1063 1021 1097 discipulorum
1046 1063 1080 1090 ti-

291 1116 367 1136 more
388 1108 484 1136 Petrus
507 1116 539 1136 ac
562 1108 681 1137 Jbannes
695 1130 702 1141 ,
731 1110 790 1137 ausi
819 1114 882 1137 sunt
910 1109 1079 1138 confidenter

291 1153 373 1181 domo
391 1154 509 1188 prodire,
530 1154 594 1182 dum
611 1155 703 1182 czeteri
719 1155 745 1182 id
759 1155 871 1182 minime
891 1155 981 1183 facere
995 1155 1079 1183 aude-

291 1205 361 1231 rent.
375 1204 473 1235 prater
500 1200 550 1228 hos
576 1200 645 1229 duos
667 1201 761 1233 solos,
788 1202 887 1236 quibus
910 1202 991 1229 etiam
1015 1201 1088 1242 alibi_

291 1247 379 1282 major
395 1249 481 1274 honor
490 1255 545 1282 pne
559 1248 664 1275 caeteris
681 1248 811 1283 apostolis
825 1249 992 1276 attribuitur.

665 1349 710 1378 Ili.

327 1405 380 1432 Sed
395 1405 530 1439 quomodo
541 1406 613 1442 apud
630 1406 776 1440 Joannem,
792 1410 883 1434 auotta
895 1407 979 1434 Maria
995 1407 1079 1436 disci-

292 1450 359 1484 puli,
375 1451 471 1478 deinde
496 1452 529 1478 ad
555 1456 762 1479 [nonumentum
790 1453 929 1488 progressi
956 1453 1079 1482 credide-

292 1501 379 1530 runt;
396 1497 467 1531 apud
497 1497 597 1524 Lucam
623 1502 713 1525 autem
739 1497 848 1530 dicitur,
862 1499 918 1526 visa
939 1507 1001 1526 esse
1025 1499 1078 1527 illis

292 1540 363 1567 sicut
392 1541 568 1569 deliramenta
584 1543 666 1570 verba
697 1543 771 1576 ista,
803 1551 892 1578 neque
917 1544 1077 1572 mulieribus

291 1585 460 1613 credidisse?

326 1640 372 1668 Illa
386 1642 456 1676 apud
471 1641 603 1670 Joannem
618 1642 703 1670 Maria
717 1645 862 1679 praeeipuis
879 1645 1009 1679 apostolis
1023 1645 1076 1673 Pe-

289 1690 333 1713 tro
353 1694 385 1713 ac
397 1686 493 1714 Joanni
511 1688 577 1715 solis
590 1692 696 1716 secreto
713 1689 796 1716 veluti
813 1697 870 1717 rem
892 1690 978 1718 visam
1003 1697 1076 1719 retu-

290 1732 331 1759 lit.
349 1730 436 1767 Hique
453 1734 555 1768 pariter
567 1734 637 1761 clam
653 1735 766 1770 reliquis
790 1735 931 1770 discipulis
948 1737 998 1764 soli
1013 1745 1075 1764 cur-

290 1777 341 1805 sim
358 1778 392 1805 ad
408 1784 612 1806 monumentum
633 1780 774 1813 abierunt,
797 1781 973 1817 videntesque
989 1784 1076 1811 credi-

290 1824 411 1852 derunt:
430 1825 552 1860 nihilque
577 1826 676 1853 mirum
698 1830 739 1854 est
760 1827 829 1855 duos
852 1828 902 1856 hos
925 1830 1076 1864 praecipuos

291 1871 428 1905 apostolos
441 1872 480 1899 rei
493 1871 559 1899 visae
578 1872 745 1906 credidisse;
764 1874 884 1909 reliquos
899 1879 1000 1907 autem,
1016 1876 1077 1910 qui-

289 1916 342 1944 bus
361 1917 462 1944 nuntia:
485 1917 592 1945 fuerant
613 1918 760 1952 mulieres,
777 1928 827 1947 nec
852 1921 941 1948 oculis
959 1922 1077 1957 propriis

290 1962 425 1994 viderant,
438 1963 511 1990 haud
528 1964 572 1991 his
586 1963 664 1991 fidem
680 1964 849 1993 adhibuisse.
862 1965 933 1994 Ecce
956 1967 1028 1994 enim
1050 1972 1078 1996 et

290 2007 357 2042 ipsis
371 2016 425 2035 una
441 2009 613 2044 congregatis
629 2009 772 2045 discipulis
791 2019 854 2038 cum
881 2012 1009 2039 Servator
1030 2021 1078 2048 apo

289 2054 437 2088 paruisset,
454 2059 482 2083 ut
497 2054 616 2083 Joannes
641 2060 750 2089 narrat,
773 2057 801 2084 hi
831 2058 941 2092 quidem
960 2065 992 2086 eo
1018 2060 1077 2087 viso

290 2099 376 2133 gavisi
394 2104 475 2133 sunt;
490 2099 609 2129 Thomas
623 2107 714 2129 autem
738 2103 784 2138 qui
808 2110 859 2130 nec
886 2103 1011 2131 interfuit
1028 2112 1078 2132 nec

289 2144 366 2176 vidit,
382 2152 439 2173 rem
454 2145 505 2172 sibi
521 2146 678 2180 persuaderi
699 2156 754 2174 non
775 2153 817 2175 est
837 2156 945 2183 passus.
962 2150 1038 2184 Quod
1055 2150 1078 2177 si

290 2189 334 2216 hic
347 2189 477 2224 apostolis
495 2198 548 2218 non
568 2192 693 2224 credidit,
711 2192 814 2220 frustra
825 2194 881 2228 jam
894 2195 1078 2229 reprehende-

290 2243 352 2262 mus
375 2241 503 2268 caateros,
529 2237 574 2271 qui
600 2238 663 2272 quia
678 2246 732 2265 non
749 2238 892 2272 viderant,
910 2240 1071 2269 mulieribus
1088 2247 1110 2274 ι)

289 2280 517 2309 discredidcrunt.
544 2283 669 2311 Profecto
690 2290 779 2311 autem
804 2284 944 2320 Scriptura
961 2287 1074 2314 multam

287 2327 456 2354 demonstrat
470 2327 689 2363 disquisitionem
706 2337 738 2357 ac
755 2331 927 2358 sedulitatem
952 2331 1075 2367 discipu-

288 2371 386 2405 lorum,
402 2373 448 2407 qui
466 2373 537 2400 haud
553 2373 631 2401 facile
647 2375 742 2403 alienis
766 2376 942 2405 sermonibus
956 2385 1073 2405 consen-

287 2422 394 2450 serunt,
408 2418 455 2445 sed
469 2418 556 2453 primo
571 2419 675 2454 judicia
695 2421 905 2456 suspenderunt,
917 2423 1005 2457 quoad
1017 2424 1074 2459 ple-

287 2463 400 2490 nissime
418 2468 498 2498 atque
523 2465 666 2500 perspicue
690 2467 802 2495 veritate
825 2469 932 2504 cognita
947 2490 955 2502 ,
979 2476 1073 2504 postea

287 2507 379 2536 dicere
392 2513 504 2544 possent
518 2519 524 2537 ε
543 2520 552 2536 ‹
573 2510 649 2543 Quod
675 2511 726 2538 fuit
740 2513 774 2540 ab
796 2514 873 2541 initio
884 2534 891 2547 ,
908 2514 981 2549 quod
998 2514 1073 2541 audi-

287 2553 388 2586 vimus,
407 2555 480 2589 quod
497 2555 616 2583 vidimus
631 2557 718 2584 oculis
734 2559 853 2592 nostris,
877 2559 949 2594 quod
965 2567 1073 2594 perspe-

288 2598 388 2630 ximus,
405 2603 432 2626 et
447 2607 544 2627 manus
558 2605 659 2628 nostra:
678 2606 916 2630 contrectaverunt
931 2603 965 2630 de
981 2603 1071 2630 Verbo

288 2643 350 2670 vita:
364 2644 397 2671 ³⁷.
427 2654 436 2670 ι
459 2643 512 2672 Sed
528 2646 601 2673 enim
617 2647 700 2674 alium
714 2655 822 2683 quoque
844 2656 955 2676 sensum
973 2656 1071 2684 capere

288 2688 333 2717 hic
348 2690 422 2718 locus
440 2695 539 2726 potest.
556 2692 631 2720 Dicet
645 2694 717 2720 enim
744 2693 862 2722 fortasse
883 2694 992 2730 aliquis,
1010 2702 1071 2721 mu-

288 2735 401 2764 lieribus
429 2739 658 2768 resurrectionem
685 2739 847 2780 Servatoris.
864 2741 1070 2776 nuntiantibus,

327 2810 351 2828 ⁸¹
367 2814 376 2839 ι
393 2813 472 2842 Joan.
492 2824 517 2849 ι,
537 2817 560 2843 t.

329 2889 380 2926 (65)
400 2891 439 2919 Ita
450 2892 511 2920 cod.

1133 281 1193 313 σίας
1207 282 1292 316 ἠφίει.
1304 281 1416 308 Δοκοῦσι
1434 281 1462 307 δέ
1477 289 1519 316 μοι
1535 280 1605 307 κατά
1625 280 1717 314 καιρὸν
1728 281 1742 306 ὁ
1754 280 1857 315 Πέτρος
1871 281 1918 306 καὶ

1130 328 1145 354 ὁ
1167 327 1291 362 Ἰωάννης
1308 327 1354 353 ἐπὶ
1368 327 1399 353 τὸ
1421 327 1548 362 μνημεῖον
1568 326 1690 360 ἀπαντᾷν
1702 326 1729 352 ὲν
1747 325 1795 361 ἤδη
1810 326 1918 361 καθαρᾷ

1131 372 1222 408 ἡμέρᾳ
1236 372 1282 399 καὶ
1297 373 1365 406 φωτὶ
1383 372 1511 407 λαμπρῷ,
1523 371 1559 403 ὡς
1578 371 1610 398 ἂν
1623 371 1660 406 μὴ
1681 371 1778 402 νυκτὸς
1794 371 1841 397 καὶ
1859 379 1920 396 σκο-

1130 418 1190 450 τίας
1212 418 1334 449 ἐλθόντες
1349 417 1428 444 τοῦτο
1450 416 1632 452 ὑπονοηθεῖεν,
1649 417 1663 442 ὃ
1677 416 1709 452 δὴ
1728 417 1774 442 καὶ
1785 416 1919 450 κατεψεύ-

1132 473 1212 490 σαντο
1225 463 1313 490 αὐτῶν
1331 464 1355 490 οἱ
1376 464 1522 499 ἀρχιερεῖς,
1537 463 1577 489 ὅτι
1589 462 1687 494 νυκτὸς
1701 462 1825 493 ἐλθόντες
1842 461 1920 488 ἐκλε-

1130 509 1192 545 ψαν.
1209 510 1307 545 Διόπερ
1321 510 1351 536 οὐ
1365 509 1461 540 νυκτὸς
1476 509 1601 544 ἀπήντων
1620 509 1644 534 οἱ
1665 508 1770 543 ἄνδρες,
1784 507 1843 533 ἀλλ’
1858 507 1919 533 οὐδὲ

1131 555 1240 587 σκοτίας
1251 555 1291 581 ἔτι
1305 555 1397 590 οὓσης,
1412 554 1468 581 ἀλλ’
1482 554 1531 590 ἤδη
1547 553 1770 589 καταυγαζοὺσης
1787 553 1919 589 λαμπρᾶς

1131 602 1246 638 ἡμέρας.
1262 602 1293 628 Εἰ
1308 602 1335 628 δὲ
1348 602 1422 635 λέγοι
1436 602 1466 628 τὸ
1477 601 1640 634 Εὑαγγέλιον
1657 600 1694 632 ὡς
1706 601 1759 636 ἄρα
1770 599 1842 636 ἦσαν
1850 600 1918 635 ὁμοῦ

1132 648 1292 683 συνηγμένοι
1307 649 1329 673 οἱ
1346 647 1464 682 μαθηταὶ
1479 647 1522 673 διὰ
1540 647 1584 673 τὸν
1602 646 1681 681 φόϐον
1698 646 1751 672 τῶν
1770 646 1918 677 Ἰουδαίων,

1130 691 1190 721 εἶτα
1213 694 1280 730 πρὸς
1297 693 1376 720 τοῦτο
1397 693 1578 728 ἀνθυποφέροι
1591 701 1633 724 τις
1645 693 1742 727 λέγων,
1755 693 1817 724 Πῶς
1833 690 1881 719 οὖν
1895 693 1920 718 οἱ

1132 739 1368 774 συγκεκλεισμένοι
1391 739 1504 773 ἐφοίτων
1526 738 1571 765 ἐπὶ
1593 738 1624 764 τὸ
1639 739 1768 773 μνημεῖον
1786 739 1815 764 ὲν
1827 737 1922 773 ἡμέρᾳ

1129 785 1246 820 διαυγεῖς
1276 785 1392 821 ἐροῦμεν
1411 785 1452 811 ὅτι
1472 785 1536 816 τοὺς
1553 784 1601 819 μὲν
1621 785 1648 810 ἐν
1671 785 1704 818 τῇ
1726 783 1800 809 πόλει
1820 783 1920 818 μέσους

1129 831 1269 862 οἰκοῦντας
1294 830 1348 857 τῶν
1379 829 1528 860 Ἰουδαίων,
1555 829 1627 861 εἰκὸς
1655 826 1688 863 ἦν
1709 827 1921 855 ἀποκεκλεῖσθαι

1129 877 1196 912 ὁμοῦ
1223 877 1285 908 τοὺς
1313 876 1416 907 πάντας
1443 877 1471 902 ὲν
1491 875 1558 910 οἴκῳ
1573 875 1612 901 ἐνὶ
1635 874 1837 910 συνηγμένους-
1855 874 1881 899 οἱ
1893 873 1922 900 δὲ

1130 925 1175 951 ἐπὶ
1196 924 1226 950 τὸ
1250 925 1345 959 μνῆμα
1369 922 1561 957 ἀφικνούμενοι
1580 923 1629 956 τῆς
1647 921 1749 952 πόλεως
1774 920 1855 951 ἐκτὸς
1876 920 1921 945 δν-

1129 979 1174 1001 τες
1192 969 1257 1004 (65),
1286 969 1394 1004 μακρὰν
1418 967 1565 1002 ἐτύγχανον
1586 967 1632 993 καὶ
1647 965 1694 992 τοῦ
1712 966 1764 992 τῶν
1782 965 1922 992 Ἰουδαίων

1130 1014 1223 1048 φόϐου,
1251 1013 1288 1045 ὡς
1305 1014 1350 1039 ἐπὶ
1377 1013 1541 1048 έρημίζοντα
1555 1011 1634 1037 τόπον
1653 1011 1701 1037 καὶ
1717 1010 1823 1046 ἀνδρῶν
1844 1011 1920 1045 ἐσχο-

1129 1059 1229 1094 ληκότα
1241 1058 1393 1094 παριόντες.
1407 1058 1484 1093 Τάχα
1491 1058 1518 1084 δὲ
1533 1058 1579 1084 καὶ
1592 1057 1732 1092 κρείττους
1748 1056 1833 1091 φόϐου
1845 1057 1922 1090 γενό-

1132 1113 1206 1140 μενοι
1218 1105 1272 1131 τῶν
1289 1103 1416 1140 μαθητῶν
1435 1104 1449 1129 ὃ
1472 1112 1502 1129 τε
1526 1103 1628 1138 Πέτρος
1647 1102 1694 1129 καὶ
1720 1102 1849 1137 Ἰωάννης
1862 1101 1922 1128 τολ-

1132 1152 1280 1187 μηρότερον
1308 1150 1440 1186 ἐθάρρουν
1454 1149 1575 1186 προϊέναι
1598 1149 1644 1175 τοῦ
1656 1149 1742 1180 οἷκον,
1759 1148 1815 1175 τῶν
1832 1149 1922 1175 ἄλλων

1131 1197 1168 1234 μὴ
1178 1197 1256 1224 τοῦτο
1268 1196 1398 1232 πράττειν
1416 1195 1588 1230 τολμώντων,
1607 1195 1623 1229 ἢ
1645 1195 1732 1230 μόνων
1752 1194 1785 1230 δὴ
1803 1194 1919 1225 τούτων,

1129 1245 1154 1271 οἳ
1167 1244 1213 1270 καὶ
1229 1244 1256 1269 ὲν
1271 1245 1327 1274 τοῖς
1343 1242 1431 1273 ἄλλοις
1449 1241 1569 1272 πλείονος
1583 1240 1728 1275 ἠξιωμένοι
1745 1240 1828 1276 τιμῆς

1129 1290 1192 1321 τοὺς
1206 1289 1314 1320 λοιποὺς
1329 1287 1492 1319 ἀποστόλους
1510 1286 1744 1322 μεμαρτύρηνται.

1502 1344 1540 1371 1".

1165 1402 1220 1438 (ϐό)
1253 1401 1325 1429 Αλλὰ
1343 1401 1402 1433 πῶς
1421 1400 1497 1436 παρὰ
1512 1400 1561 1435 μὲν
1572 1399 1610 1434 τῷ
1629 1398 1738 1436 Ἰωάννῃ
1745 1399 1795 1434 τῆς
1806 1399 1920 1435 Μαρίας

1129 1449 1293 1480 ἀκούσαντες
1304 1449 1328 1474 oi
1339 1447 1467 1484 μαθηταὶ,
1484 1447 1602 1473 κᾶπειτα
1617 1446 1740 1477 ἐλθόντες
1754 1447 1795 1477 εἰς
1810 1446 1843 1472 τὸ
1857 1454 1920 1481 μνη-

1132 1495 1205 1530 μεῖον
1231 1493 1406 1519 ἐπίστευσαν·
1426 1492 1500 1528 παρά
1528 1491 1556 1518 δὲ
1577 1490 1616 1525 τῷ
1635 1491 1727 1526 Λουκᾷ
1748 1491 1859 1526 εἴρηται
1878 1491 1918 1517 ὅτι

1130 1540 1267 1575 ἐφάνησαν
1294 1538 1407 1565 ἐνώπιον
1432 1538 1521 1565 αὐτῶν
1545 1537 1611 1563 ὡσεὶ
1636 1537 1720 1572 λῆρος
1746 1536 1782 1564 τὰ
1806 1537 1919 1572 ῥήματα

1091 1576 1111 1604 c
1127 1585 1224 1617 ταῦτα,
1235 1586 1282 1612 καὶ
1297 1585 1427 1620 ἠπίστουν
1442 1584 1552 1616 aurai“

1164 1643 1197 1669 Ἦ
1222 1642 1270 1677 μὲν
1290 1641 1365 1676 παρά
1389 1641 1427 1676 τῷ
1449 1641 1559 1678 Ἰωάννῃ
1579 1640 1672 1676 Μαρία
1690 1641 1746 1672 τοῖς
1777 1641 1917 1676 ὲκκρίτοις

1124 1688 1177 1714 τῶν
1190 1687 1344 1714 ἀποστόλων
1357 1687 1452 1722 Πέτρῳ
1472 1687 1518 1713 καὶ
1545 1686 1655 1724 Ἰωάννῃ
1669 1687 1759 1722 μόνοις
1780 1687 1820 1719 ὼς
1837 1687 1919 1722 ἀπόρ-

1127 1736 1207 1769 ρητον
1223 1733 1387 1768 ἐκφαίνουσα
1403 1733 1492 1765 ἐξεῖπε
1509 1734 1539 1759 τὸ
1558 1733 1734 1768 τεθεαμένον·
1751 1734 1776 1760 οἰ
1791 1733 1821 1760 δὲ
1833 1734 1914 1760 πάλιν

1125 1781 1250 1813 λαθόντες
1266 1782 1328 1812 τοὺς
1352 1780 1461 1812 λοιποὺς
1481 1780 1603 1816 μαθητὰς
1624 1780 1698 1816 μόνοι
1718 1780 1851 1816 ἀπήντων
1873 1780 1919 1807 ἐπὶ

1125 1828 1156 1854 τὸ
1167 1829 1298 1863 μνημεῖον
1326 1828 1460 1863 δρομαίοι,
1487 1827 1533 1853 καὶ
1551 1827 1649 1859 ἰδόντες
1667 1828 1835 1854 ἐπίστευσαν
1846 1836 1853 1842 '
1871 1828 1919 1854 καὶ

1125 1875 1199 1900 οὐδέν
1215 1883 1246 1908 γε
1260 1872 1294 1909 ἦν
1310 1873 1464 1909 θαυμαστὸν
1480 1874 1542 1905 τοὺς
1558 1873 1605 1908 μὲν
1622 1873 1764 1908 ἐκκρίτους
1777 1873 1833 1900 τῶν
1852 1874 1921 1901 ἀπο-

1127 1920 1226 1946 στόλων
1245 1919 1346 1951 ἰδόντας
1375 1918 1593 1949 πεπιστευκέναι.
1615 1919 1678 1950 τοὺς
1699 1918 1728 1944 δὲ
1745 1918 1860 1951 λοιποὺς
1880 1917 1920 1951 οἷς

1126 1967 1153 1992 αἱ
1167 1966 1294 1999 γυναῖκες
1307 1964 1485 2000 ἀπήγγελλον,
1502 1964 1549 1991 ἅτε
1567 1963 1603 1999 μὴ
1624 1964 1682 1998 ὄψει
1695 1964 1918 1999 παραλαϐόντας,

1129 2013 1165 2048 μὴ
1183 2011 1325 2038 πιστεῦσαι
1345 2011 1449 2042 αὑταῖς.
1469 2010 1574 2038 Αὐτίκα
1600 2010 1664 2044 γοῦν
1679 2011 1726 2036 καὶ
1739 2011 1834 2042 αὐτοῖς
1849 2011 1919 2046 ὁμοῦ

1128 2057 1305 2093 συνηγμένοις
1328 2058 1383 2088 τοῖς
1410 2056 1542 2092 μαθηταῖς
1569 2056 1697 2090 ὀφθέντος
1719 2056 1766 2082 τοῦ
1789 2057 1920 2091 Σωτῆρος

1128 2103 1198 2130 κατά
1208 2104 1252 2130 τὸν
1265 2102 1402 2137 Ἰωάννην,
1419 2102 1444 2128 οἱ
1463 2102 1511 2136 μὲν
1531 2101 1629 2133 ἰδόντες
1639 2100 1779 2136 ἐχάρησαν
1789 2110 1795 2116 ·
1814 2102 1920 2137 Θωμᾶς

1127 2150 1165 2180 δὲ,
1181 2149 1242 2176 ἐπεὶ
1262 2147 1299 2183 μὴ
1319 2148 1407 2183 παρῆν
1428 2147 1495 2183 μηδὲ
1516 2145 1596 2178 εἶδεν,
1615 2147 1665 2173 οὐκ
1680 2147 1816 2173 ἐπείθετο.
1835 2149 1866 2174 ΕΞ
1891 2148 1920 2174 δὲ

1128 2193 1204 2227 οὗτος
1218 2195 1326 2229 ἠπίστει
1336 2195 1392 2224 τοῖς
1406 2193 1574 2224 ἀποστόλοις,
1587 2192 1667 2228 σχολῇ
1682 2194 1707 2227 γ’
1722 2193 1755 2219 ἂν
1777 2194 1919 2229 μέμψαιτό

1124 2251 1164 2273 τις
1178 2242 1232 2271 τοῖς
1243 2240 1344 2270 λοιποῖς
1358 2239 1399 2265 ὃτι
1417 2239 1528 2274 μηδέπω
1537 2239 1704 2273 τεθεαμένοι,
1722 2241 1779 2271 ταῖς
1792 2240 1920 2273 γυναιξὶν

1127 2286 1268 2321 ἠπίστουν.
1284 2283 1387 2318 Πολλὴν
1402 2283 1431 2309 δὲ
1448 2283 1562 2318 βάσανον
1579 2284 1624 2310 καὶ
1639 2283 1781 2318 ἀκρίϐειαν
1792 2284 1847 2310 τῶν
1865 2293 1919 2319 μα-

1128 2330 1216 2366 θητῶν
1243 2329 1406 2365 παρίστησιν
1421 2329 1438 2364 ή
1451 2329 1556 2364 Γραφὴ⁷
1573 2330 1622 2356 οὐκ
1646 2329 1766 2365 εὐχερῶς
1780 2331 1840 2361 τοῖς
1854 2331 1918 2357 τοὺ-

1126 2386 1180 2404 των
1192 2376 1279 2410 λόγοις
1288 2375 1432 2410 συγκατιοε
1436 2375 1533 2410 μένων,
1541 2376 1597 2402 ἀλλ’
1606 2376 1756 2410 ἐπεχόντων
1764 2376 1798 2403 τά
1807 2377 1915 2411 πρῶτα,

1127 2423 1213 2449 εἰσότε
1237 2421 1411 2457 πληρέστατα
1426 2421 1472 2447 καὶ
1490 2421 1612 2456 ἐναργῶς
1626 2420 1740 2456 τάληθὲς
1757 2421 1919 2455 ἐπιγνόντες

1126 2469 1211 2495 εἰπεῖν
1226 2467 1362 2502 δυνηθεῖεν
1374 2467 1497 2502 ὕστερον·
1517 2476 1525 2492 ‹
1546 2467 1578 2492 ‘0
1592 2464 1624 2501 ἧν
1641 2466 1688 2493 ἀπ’
1700 2467 1800 2502 ἀρχῆς,
1819 2468 1833 2494 ὂ
1844 2468 1916 2504 ἀκη-

1126 2515 1241 2549 κόαμεν,
1265 2514 1279 2540 ὃ
1300 2513 1462 2549 ἑωράκαμεν
1475 2514 1531 2544 τοῖς
1543 2512 1689 2547 ὀφθαλμοῖς
1703 2513 1792 2548 ἡμῶν,
1809 2513 1824 2540 δ
1836 2514 1917 2542 ἐθεα-

1126 2559 1242 2595 σάμεθα,
1266 2559 1312 2586 καὶ
1334 2560 1361 2585 αἱ
1383 2559 1473 2594 χεῖρες
1493 2558 1570 2593 ἡμῶν
1585 2557 1763 2593 ἐψηλάφησαν
1786 2559 1915 2594 περὶτοῦ

1125 2605 1211 2639 Λόγου
1227 2606 1276 2640 τῆς
1290 2603 1370 2639 ζωῆς.
1389 2613 1397 2629 ι
1418 2604 1494 2639 Ἐχοι
1508 2603 1529 2629 δ’
1542 2603 1575 2630 ἂν
1595 2604 1641 2630 καὶ
1657 2603 1752 2638 ἑτέραν
1770 2603 1916 2632 διάνοιανὸ

1123 2651 1214 2682 τόπος.
1225 2651 1303 2677 Εἴποι
1316 2650 1369 2686 γὰρ
1386 2650 1419 2676 ἄν
1432 2658 1474 2681 τις
1483 2650 1524 2676 ὄτι
1537 2651 1596 2681 ταῖς
1613 2649 1849 2684 ἀπαγγελλούσαις
1865 2659 1916 2684 ru-

1124 2696 1195 2728 ναιξὶ
1206 2696 1255 2731 τὴν
1269 2696 1414 2722 ἀνάστασιν
1438 2695 1486 2721 τοῦ
1504 2695 1638 2730 Σωτῆρος,
1654 2695 1692 2727 ὡς
1711 2695 1741 2728 ἐξ
1759 2696 1843 2732 ἀκοῆς
1857 2697 1915 2722 τῶν

1124 2742 1261 2777 ὀφθέντων
1274 2742 1367 2773 αὑταῖς
1383 2741 1430 2768 δύο
1443 2740 1546 2778 ἀνδρῶν
1561 2740 1633 2768 κατά
1648 2740 1693 2767 τὸν
1717 2741 1832 2776 Λουκᾶνι
1860 2749 1922 2772 ουν.

1157 2894 1213 2931 (οι)
1233 2895 1300 2926 Cod.
1318 2897 1350 2931 Α,
1365 2896 1385 2924 r.
1401 2896 1464 2931 διε,
1479 2896 1507 2925 b.
