2037 3215
92 2734 105 2743 4-

139 182 193 211 989

573 180 828 210 SUPPLEMENTA
847 180 1087 216 QUESTIONUM
1107 180 1153 208 AD
1172 178 1344 208 MARINUM.

1719 179 1772 208 990

140 239 304 267 ἐπίστευσαν
320 238 344 265 οἱ
356 237 461 269 ἕνδεκα,
475 238 503 265 ὲν
518 234 558 270 οἷς
572 236 641 274 ἦσαν
652 239 698 266 καὶ
711 240 733 265 6-
741 239 843 274 Πέτρος
858 241 904 267 καὶ
917 241 931 266 6

985 243 1112 274 tanquam
1124 245 1157 265 ex
1174 237 1269 264 auditu
1283 237 1401 264 duorum
1426 239 1600 264 ostensurum
1615 236 1685 272 ipsis
1701 236 1773 264 viro-

146 285 284 321 Ἰωάννης,
303 284 370 320 μηδὲ
400 284 476 311 αὐτοὶ
500 285 722 316 πεπιστευκότες.
740 285 779 321 Τῇ
793 285 821 312 δὲ
836 286 930 322 Μαρίᾳ

140 331 212 359 κατὰ
225 330 270 357 τὸν
291 329 417 365 Ἰωάννην
437 329 550 366 είπούσῃ
561 330 613 363 ὅτι,
629 339 638 355 ‹
654 328 746 366 Ἦραν
767 330 930 367 τδνΚύριόν

141 386 193 414 μου
211 378 244 404 ὲκ
262 375 309 403 τοῦ
333 377 482 412 μνήματος,
504 386 513 402 ι
529 377 560 404 οὐ
584 377 716 413 πρότερον
735 377 896 404 ἐπίστευσαν
907 378 930 404 oi

139 423 188 451 δύο
204 422 325 460 μαθηταὶ
335 422 414 449 τοῦτο
430 422 506 455 αὐτὸ,
520 423 550 449 τὸ
565 421 649 459 ἦρθαι
665 424 711 450 τὸν
728 425 852 460 Σωτῆρα,
867 425 931 460 πρὶν

139 470 229 496 ἐλθεῖν
254 471 294 501 εἰς
313 468 359 495 τὴν
382 469 464 495 τόπον
487 469 534 495 καὶ
559 469 632 505 ἔργῳ
652 470 731 496 τοῦτο
754 470 929 505 παραλαδεῖν.

141 516 207 542 Ὅτε
219 514 283 550 γοῦν
292 513 415 549 εἰσῆλθον
428 512 500 540 οὗτοι
516 514 557 545 εἰς
573 514 602 540 τὸ
619 515 724 550 μνῆμα,
741 515 787 541 καὶ
797 515 831 541 τὰ
840 515 931 542 ὀθόνια

139 559 211 591 εἶδον
226 561 303 596 μόνα,
326 561 357 587 τὺ
383 560 411 587 δὲ
436 561 514 595 σῶμα
525 561 653 596 οὐδαμοῦ,
671 562 730 588 τότε
747 562 910 588 ἐπίστευσαν
923 571 929 577 ’

139 607 194 637 τίνι
209 607 236 633 δὲ
259 606 431 639 ἐπίστευσαν,
453 607 510 633 ἀλλ’
527 606 543 642 ἢ
557 607 594 642 τῷ
608 607 656 643 τῆς
673 608 782 643 Μαρίας
797 607 867 643 λόγῳ
880 609 932 644 φή-

142 663 232 686 σαντι,
251 651 357 689 «Ἦραν
373 654 419 680 τὸν
431 653 533 690 Κύριὸν
550 662 600 689 μου
614 662 621 686 ;
633 664 642 679 ι
655 654 702 681 Διὸ
717 655 836 688 ἐπιλέγει
853 655 929 690 ἑξῆς·

144 710 154 726 ι
168 700 252 727 Οὔπω
275 701 329 736 γὰρ
350 700 461 736 ᾔδεισαν
482 701 530 737 τὴν
549 700 670 737 Γραφὴν,
683 701 724 728 ὅτι
737 701 778 728 δεῖ
802 701 882 728 αὐτὸν
900 703 932 729 ὲκ

139 745 248 781 νεκρῶν
258 746 417 781 ἀναστῆναι.
437 755 447 772 ›

521 888 558 914 Δ’.

981 293 1055 317 rum,
1070 289 1100 312 ut
1124 284 1162 311 ait
1178 283 1282 322 Lucas,
1300 291 1355 311 non
1379 282 1531 311 credidisse
1555 283 1706 318 discipulos
1722 291 1775 310 un-

981 332 1080 363 decim,
1090 339 1158 366 quos
1170 331 1242 358 inter
1252 335 1332 357 erant
1343 330 1424 357 etiam
1434 329 1532 358 Petrus
1541 337 1572 357 ac
1582 328 1713 361 Joannes.
1726 331 1774 365 qui

981 379 1083 414 pariter
1112 377 1342 405 diserediderunt.
1383 375 1577 404 Verumtamen
1607 376 1716 410 Maria,
1745 381 1776 404 ut

981 424 1100 452 Joannes
1116 428 1221 455 narrat.
1236 423 1357 450 dicenti:
1380 433 1388 448 ι
1406 422 1548 450 Dominum
1568 430 1657 450 meum
1680 423 1714 450 de
1732 430 1776 450 se-

982 470 1076 506 pulcro
1092 469 1277 502 abstulerunt;
1311 479 1319 495 ι
1341 469 1413 496 haud
1436 473 1499 496 ante
1523 469 1700 496 crediderunt
1721 469 1776 495 duo

981 516 1108 550 discipuli
1122 515 1244 550 rapinam
1261 514 1416 542 Servatoris
1429 514 1513 542 fuisse
1523 519 1672 549 peractam,
1682 521 1774 548 quam,

983 563 1015 589 ad
1027 562 1117 589 locum
1136 561 1260 596 profecti,
1275 569 1332 588 rem
1348 561 1435 588 oculis
1446 561 1504 588 suis
1520 564 1696 595 usurparunt.
1708 559 1777 587 Cum

982 608 1009 635 hi
1027 616 1092 643 ergo
1107 614 1314 635 monumentum
1330 608 1445 641 ingressi
1468 607 1627 634 linteamina
1653 607 1710 634 sola
1736 607 1777 633 vi-

982 652 1092 684 derunt,
1110 657 1176 680 tunc
1199 653 1386 680 crediderunt.
1404 653 1519 679 Cuinam
1536 652 1574 679 rei
1592 660 1672 687 porro
1688 651 1777 679 credi-

983 698 1099 729 derunt,
1121 698 1173 725 nisi
1195 697 1284 725 Maria:
1307 698 1418 725 verbis:
1442 707 1450 722 ι
1469 697 1603 724 Tulerunt
1630 697 1776 725 Dominum

983 743 1091 770 meum?
1109 753 1117 768 ι
1129 742 1274 778 Propterea
1302 751 1364 770 mox
1380 743 1602 771 additJoanm-s:
1621 753 1630 769 Ι
1650 742 1776 771 Nondum

984 788 1056 814 enim
1073 788 1198 814 sciebant
1216 786 1403 822 Scripturam,
1431 788 1503 823 quod
1527 792 1666 823 oporteret
1681 796 1743 816 eum
1762 796 1778 816 a

984 832 1102 859 mortuis
1118 839 1270 867 resurgere.
1291 842 1300 858 ι

1359 889 1404 916 ιν.

179 944 235 980 (65)
250 944 286 971 Τὸ
301 944 331 971 δὲ
347 943 406 975 πῶς
426 944 472 971 δύο
495 943 569 980 παρά
588 943 632 970 τὸν
653 943 779 980 Ἰωάννην
805 944 934 981 μαθητῶν

1023 947 1164 981 Quomodo
1187 952 1277 975 autem
1301 947 1356 974 duo
1380 947 1510 974 dicantur
1531 954 1546 974 a
1568 946 1673 975 Joanne
1694 947 1779 974 disci-

138 991 274 1019 ἐλθόντων
286 992 325 1023 εἰς
339 991 369 1018 τὺ
394 992 540 1026 μνημεῖον1
565 990 668 1026 Πέτρου
695 991 742 1017 καὶ
769 992 903 1023 Ἰωάννου,
919 993 933 1018 6

138 1038 249 1069 Λουκᾶς
263 1037 311 1064 ἕνα
326 1037 405 1072 μόνον
422 1037 504 1073 φησὶν
518 1035 714 1072 ἀπηντηκέναι,
736 1036 823 1070 οὕτως
839 1037 872 1064 ἂν
887 1038 934 1064 λυ-

138 1083 214 1118 θείη.

177 1129 264 1162 Πολὺς
289 1127 323 1166 ἦν
339 1129 354 1155 ὁ
381 1130 482 1165 Πέτρος
504 1131 548 1158 ἀεὶ
564 1133 596 1167 τῇ
618 1131 772 1168 προθυμίᾳ,
794 1130 831 1163 ὡς
853 1131 934 1165 μόνον

139 1175 219 1212 παρά
230 1177 293 1208 τοὺς
310 1177 474 1209 ἀποστόλους
486 1178 572 1204 εἰπεῖν
585 1178 622 1213 τῷ
637 1178 741 1214 Σωτῆρι
756 1187 763 1193 ·
784 1188 793 1204 ι
814 1178 872 1216 Κᾶν
886 1178 932 1214 δὲῃ

139 1229 178 1257 με
194 1222 242 1248 σὺν
259 1222 299 1248 σο),
312 1222 466 1254 ἀποθανεῖν,
479 1223 508 1249 οὐ
529 1223 565 1258 μή
584 1231 613 1249 σε
628 1223 835 1258 ἀπαρνήσομαι·
855 1233 863 1248 ι
886 1223 933 1249 καὶ

141 1268 224 1303 μόνον
236 1268 318 1295 πάλιν
329 1268 456 1304 ἐπιϐῆναι
471 1271 527 1300 τοῖς
542 1269 660 1305 κύμασιν
675 1269 807 1301 ἀξιῶσαι·
823 1270 870 1296 καὶ
887 1270 934 1305 μό-

139 1321 188 1340 νον
211 1314 410 1350 ἁποκρίνασθαι
426 1315 473 1342 καὶ
488 1316 576 1342 εἰπεῖν
595 1315 670 1350 αὐτῷ
685 1325 692 1331 ·
715 1326 723 1341 ι
741 1317 778 1342 Σὺ
794 1314 819 1342 εἶ
833 1316 848 1342 6
865 1317 933 1352 Χρι-

140 1359 205 1392 στδς
214 1361 228 1386 6
240 1360 303 1391 Υἱὸς
315 1360 362 1387 τοῦ
375 1360 442 1387 Θεοῦ
454 1361 500 1387 τοῦ
516 1361 616 1394 ζῶντος
627 1370 633 1376 ·
653 1372 661 1387 ι
676 1361 715 1389 διδ
731 1363 777 1389 καὶ
790 1362 868 1397 μόνος
879 1362 933 1388 τῶν

140 1407 272 1442 μαθητῶν
284 1407 393 1433 ἀκούει·
413 1418 421 1432 ι
432 1408 574 1443 Μακάριος
589 1406 624 1442 εἴ,
639 1409 730 1444 Σίμων
744 1409 800 1444 Βὰρ
819 1409 904 1436 Ἰωνᾶ.
921 1419 930 1435 υ

139 1452 188 1478 Διὺ
201 1453 248 1478 καὶ
263 1453 370 1487 πρῶτος
384 1452 471 1488 τολμᾷ
491 1453 604 1479 εἰσιέναι
624 1454 664 1485 είς
682 1454 713 1480 τὸ
731 1455 871 1489 μνημεῖον,
886 1454 933 1481 σὺν

136 1497 181 1533 τῷ
196 1499 288 1534 ἑτέρω
300 1498 406 1534 μαθητῇ
431 1499 460 1525 ὃν
477 1499 562 1533 ἐφίλει
589 1500 603 1525 ὁ
626 1499 729 1535 Ἰησοῦς
751 1499 847 1532 ἐλθὼν,
864 1499 934 1527 κατὰ

138 1544 187 1570 τδν
209 1544 336 1580 Ἰωάννην
346 1553 352 1559 “
368 1544 436 1571 ἀλλὰ
450 1545 510 1571 τότε
527 1545 576 1580 μὲν
589 1545 664 1581 παρὰ
682 1546 731 1581 τῆς
752 1546 934 1582 Μαγδαληνῆς

137 1586 225 1624 ἦροαι
239 1589 269 1615 τὸ
285 1589 364 1625 σῶμα
376 1589 422 1616 τοῦ
436 1590 540 1626 Κυρίου
557 1591 610 1617 ἀπὸ
622 1590 669 1617 τοῦ
696 1590 828 1626 μνημείου
844 1600 934 1627 μεμα-

988 994 1043 1029 puli
1061 994 1095 1021 ad
1112 998 1318 1022 monumentum
1337 993 1456 1025 venisse,
1476 992 1574 1021 Petrus
1591 997 1673 1028 atque
1693 992 1778 1021 Joan-

986 1047 1052 1072 nes,
1069 1039 1157 1067 Lucas
1174 1047 1240 1067 vero
1262 1048 1345 1067 unum
1364 1040 1429 1067 illuc
1452 1047 1628 1074 progressum
1644 1039 1777 1074 atlirmet,

987 1086 1101 1121 quaestio
1119 1086 1155 1113 ita
1171 1086 1343 1114 dissolvitur.

1023 1132 1121 1167 Magno
1138 1139 1245 1167 semper
1265 1135 1325 1160 erat
1351 1131 1457 1159 fervore
1475 1131 1589 1165 Petrus;
1609 1132 1710 1166 quippe
1729 1132 1778 1167 qui

988 1179 1064 1206 solus
1079 1179 1264 1213 apostolorum
1280 1177 1380 1205 dixerit
1394 1176 1533 1204 Servatori
1551 1187 1557 1204 :
1576 1186 1585 1202 ι
1606 1177 1720 1204 Etiamsi
1735 1185 1780 1204 me

986 1226 1138 1261 oportuerit
1156 1225 1223 1252 mori
1238 1229 1340 1254 tecum,
1360 1231 1413 1250 non
1437 1228 1462 1250 te
1484 1223 1588 1258 negabo
1604 1223 1644 1256 ‘5;
1665 1233 1674 1249 ι
1704 1223 1779 1251 soluo

987 1273 1050 1300 item
1062 1272 1180 1299 voluerit
1189 1279 1271 1305 supra
1285 1270 1386 1297 [luctus
1397 1270 1537 1297 ambulare
1551 1279 1558 1302 ;
1573 1269 1649 1297 solus
1663 1277 1780 1305 respon-

986 1318 1067 1348 derit,
1083 1317 1236 1350 dixeritque
1251 1315 1314 1342 Jesu
1332 1325 1338 1342 ε
1358 1324 1366 1340 ι
1386 1314 1426 1341 Tu
1442 1323 1470 1342 es
1485 1314 1611 1342 Christus
1628 1315 1712 1341 Filius
1731 1314 1779 1342 Dei

985 1364 1041 1391 vivi
1055 1364 1076 1380 ⁸³
1096 1371 1102 1389 :
1125 1373 1134 1389 ι
1153 1362 1269 1396 ideoque
1295 1365 1322 1389 et
1346 1361 1421 1388 solus
1446 1361 1643 1394 discipulorum
1661 1360 1749 1387 audiit
1770 1370 1777 1388 :

990 1419 999 1436 ι
1015 1410 1115 1437 Beatus
1141 1417 1182 1441 es,
1213 1408 1308 1435 Simon
1329 1407 1382 1434 Bar
1400 1407 1514 1434 Jona".
1551 1416 1560 1432 ι
1591 1406 1776 1439 Quamobrem

987 1455 1092 1492 primus
1108 1462 1217 1490 quoque
1240 1453 1322 1480 aunlet
1353 1453 1379 1480 in
1410 1456 1619 1480 monumentum
1651 1453 1777 1485 introire,

988 1509 1050 1529 cum
1065 1503 1151 1529 altero
1162 1500 1298 1535 discipulo
1317 1500 1380 1526 illuc
1397 1499 1537 1534 profectus
1553 1507 1634 1534 quem
1651 1499 1781 1534 diligebat

987 1548 1082 1579 Jesus,
1093 1551 1123 1574 ut
1136 1547 1173 1574 ait
1189 1546 1319 1574 Joannes.
1341 1545 1394 1573 Sed
1412 1549 1478 1572 tunc
1497 1545 1607 1580 quidem
1633 1549 1778 1580 postquam

988 1593 1112 1620 audierat
1128 1599 1159 1619 ex
1189 1591 1347 1625 Magdalene
1378 1590 1516 1618 sublatum
1535 1590 1570 1617 de
1602 1595 1780 1617 monumento

138 1634 245 1670 θηκὼς,
263 1635 370 1671 ἀπήντα
387 1637 444 1671 ἅμα
456 1636 495 1671 τῷ
512 1637 598 1673 ἑτέρῳ
617 1637 743 1672 μαθητῇ·
759 1635 818 1664 εἶτα
833 1637 935 1672 ἀνεχώ-

989 1646 1090 1673 corpus
1107 1637 1224 1669 Domini,
1241 1638 1328 1664 iverat
1348 1644 1411 1663 cum
1433 1636 1519 1663 altero
1544 1636 1690 1671 discipulo.
1717 1636 1780 1663 Mox

140 1688 186 1716 ρει
201 1681 248 1707 σὺν
263 1681 347 1716 αὐτῷ,
365 1681 399 1707 τά
411 1681 500 1708 ὀθόνια
515 1682 580 1708 εἴσω
595 1681 642 1708 τοῦ
657 1683 797 1717 μνήματος
808 1682 936 1717 τεθεαμέ-

137 1735 188 1758 νος
203 1727 250 1753 καὶ
261 1727 418 1759 πιστεύσας.
433 1727 512 1754 Κατὰ
524 1728 552 1754 δὲ
570 1729 687 1758 Λουκᾶν.
701 1727 755 1754 τῶν
771 1727 857 1754 ἄλλων
872 1728 935 1754 ἁπι-

138 1772 278 1799 στούντων
296 1773 433 1809 μαθητῶν,
453 1774 533 1809 μόνος
548 1773 629 1805 αὐτὸς
644 1773 724 1800 πάλιν
742 1772 863 1800 πιστεύει
875 1774 935 1804 ταῖς

137 1817 285 1852 λεγούσαις
298 1821 359 1851 ταῖς
372 1819 494 1854 γυναιξὶν
508 1819 659 1855 ἑωρακέναι
672 1819 735 1850 τοὺς
743 1818 874 1853 ἀερθέντας
885 1819 935 1852 ἀγ-

137 1864 255 1900 γέλους·
278 1865 309 1891 ού
338 1865 392 1901 γὰρ
410 1866 564 1901 ἀπιστήσας
590 1865 618 1892 δὲ
643 1867 703 1897 ταῖς
717 1865 771 1892 τῶν
798 1863 934 1899 γυναικῶν

138 1910 320 1947 μαρτυρίαις,
348 1911 560 1948 παλινδρομαῖος
578 1912 624 1938 ἐπὶ
651 1911 681 1938 τὺ
710 1912 842 1946 μνημεῖον
856 1910 935 1946 μόνος

137 1957 325 1992 παραγίνεται
335 1966 341 1972 ·
357 1958 403 1984 καὶ
419 1956 497 1989 αὖθις
509 1957 675 1994 παρακύψας
689 1957 782 1993 βλέπει
795 1957 828 1983 τὰ
845 1956 936 1983 ὀθόνια

140 2003 214 2039 μόνα
231 2003 269 2035 ὡς
285 2004 333 2030 καὶ
347 2004 377 2030 τὸ
395 2004 541 2040 πρότερον·
559 2002 619 2031 εἶτα
635 2004 718 2040 ἀπῄει
729 2026 735 2037 ,
753 2004 821 2039 πρὸς
841 2003 936 2030 ἑαυτὸν

139 2048 292 2084 Θαυμάζων
307 2049 336 2076 τὸ
350 2050 461 2084 γεγονός
471 2058 477 2063 ·
495 2050 542 2077 καὶ
559 2049 607 2076 νῦν
622 2051 671 2086 μὲν
683 2050 766 2085 ἀπῄει
789 2049 936 2085 θαυμάζων

138 2093 175 2122 τὸ
187 2095 307 2129 γεγονὸς,
322 2096 382 2122 ἐπεὶ
391 2096 418 2122 δὲ
431 2096 513 2128 πολὺς
523 2095 556 2132 ἦν
567 2098 600 2132 τῇ
614 2096 753 2132 προθυμίᾳ
765 2096 811 2122 καὶ
826 2096 936 2122 πλείονα

140 2141 263 2176 σπουδὴν
279 2141 355 2177 παρά
370 2142 473 2173 πάντας
485 2142 669 2173 ἐπεδείκνυτο,
683 2142 806 2169 σπεύδων
823 2142 870 2168 καὶ
887 2150 936 2168 πε-

140 2187 286 2223 ριτρέχων,
299 2189 346 2214 καὶ
356 2188 443 2224 πάντη
457 2194 501 2215 τον
513 2188 628 2224 Σωτῆρα
640 2187 795 2224 περιαθρῶν
806 2188 936 2222 ἀνεωγόσι

138 2233 201 2264 τοῖς
217 2232 267 2267 τῆς
281 2232 370 2268 ψυχῆς
386 2233 502 2268 ὄμμασι,
519 2234 656 2269 πανταχοῦ
671 2234 700 2260 δὲ
717 2233 806 2269 ζητῶν
829 2235 875 2261 καὶ
888 2242 936 2260 πε-

141 2277 350 2314 ριϐλεπόμενος,
365 2279 415 2305 οὐκ
426 2279 546 2315 ἠτύχησε
559 2280 608 2315 τῆς
622 2279 738 2312 ἐλπίδος,
752 2279 819 2306 ἀλλά
834 2280 880 2306 καὶ
892 2281 936 2306 αὺ-

139 2325 190 2356 τὸς
202 2324 322 2357 ἀξιοῦται
339 2325 390 2360 τῆς
407 2326 488 2352 αὐτοῦ
504 2326 663 2361 θεοφανείας
673 2333 680 2340 '
695 2327 790 2353 τούτου
807 2327 911 2362 μάρτυς
922 2327 935 2353 6

139 2370 224 2402 αὐτὸς
239 2371 434 2406 εὐαγγελιστὴς
451 2372 558 2403 Λουκᾶς
573 2369 624 2398 ὧδέ
642 2381 678 2408 πη
698 2371 799 2408 προῖὼν
813 2372 875 2407 ἑξῆς
889 2373 936 2399 καὶ

140 2417 232 2451 λέγων
245 2418 286 2444 ὅτι
299 2417 385 2449 ὅντως
399 2418 502 2454 ἠγέρθη
516 2419 530 2444 6
546 2418 647 2454 Κύριος
661 2419 708 2445 καὶ
719 2419 796 2454 ὤφθη
821 2419 934 2453 Σίμωνι.

140 2463 338 2499 Συμμαρτυρεί
349 2464 377 2490 δὲ
390 2464 464 2499 αὐτῷ
477 2464 525 2491 καὶ
536 2465 551 2491 6
567 2465 637 2499 ἱερὸς
645 2465 804 2495 Ἀπόστολος
816 2461 867 2491 ὦδε
879 2465 935 2491 Κο-

140 2509 256 2545 ρινθίοις
265 2511 388 2545 γράφων,
401 2511 441 2537 ὅτι
456 2510 560 2546 «Ὤφθη
573 2511 662 2546 Κεφᾷ,
677 2509 735 2537 εἶτα
743 2512 799 2542 τοῖς
811 2510 932 2538 ἕνδεκα.»

141 2550 240 2591 Κεερἆς
255 2555 283 2583 δὲ
297 2557 377 2589 αὐτος
391 2555 425 2592 ἦν
442 2556 532 2592 Σίμων
547 2558 561 2583 6
578 2557 625 2583 καὶ
642 2557 755 2592 Πέτρος,
771 2553 793 2590 ᾧ
813 2557 858 2583 καὶ
882 2557 935 2592 πρὸ

141 2601 200 2627 τῶν
218 2601 314 2629 ἕνδεκα
336 2603 416 2637 μόνος
439 2603 513 2638 μόνῳ
538 2602 614 2638 ὤφθη
630 2603 645 2629 6
668 2603 774 2637 Σωτὴρ,
790 2602 841 2637 τῆς
860 2603 935 2638 παρὰ

141 2647 249 2678 πάντας
261 2647 484 2684 ὑπερϐαλλούσης
498 2647 581 2675 αὐτοῦ
594 2649 674 2684 χάριν
695 2649 821 2684 σπουδῆς.

526 2705 565 2732 Ε’.

180 2747 248 2786 (65’)
260 2748 320 2775 Ἔτι
331 2749 473 2785 ζητήσειεν
483 2750 515 2777 ἄν
529 2758 571 2782 τις
584 2750 642 2782 πῶς
656 2750 732 2786 παρὰ
745 2752 794 2787 μὲν
808 2751 847 2786 τῷ
861 2753 924 2779 Ματ

987 1691 1049 1711 cum
1066 1683 1161 1710 eodem
1178 1682 1311 1715 recessit,
1328 1681 1394 1708 visis
1415 1681 1487 1708 intra
1505 1686 1711 1709 monumentum
1727 1682 1780 1709 lin-

985 1729 1162 1760 teaminibus,
1187 1728 1282 1762 reique
1306 1734 1377 1753 verae
1395 1728 1498 1754 certior
1524 1726 1623 1754 factus.
1644 1726 1679 1753 At
1697 1734 1774 1760 vero,

987 1775 1136 1803 secundum
1149 1773 1263 1805 Lucam,
1281 1772 1343 1799 aliis
1359 1772 1501 1807 discipulis
1518 1780 1574 1800 non
1590 1773 1777 1807 credentibus,

987 1820 1061 1847 solus
1084 1819 1142 1853 ipse
1162 1818 1250 1845 credit
1266 1817 1412 1845 mulierum
1429 1817 1600 1844 aﬂirmationi
1629 1816 1778 1844 dicentium

987 1873 1016 1893 se
1035 1866 1146 1900 angelos
1170 1864 1282 1892 vidisse.
1309 1863 1415 1890 Etenim
1447 1863 1592 1890 mulierum
1621 1863 1779 1890 testimonio

986 1919 1042 1939 non
1057 1911 1226 1943 diseredens,
1243 1918 1342 1938 rursus
1358 1909 1390 1936 ad
1408 1912 1616 1936 monumentum
1639 1909 1715 1936 solus
1729 1917 1778 1937 ve-

987 1958 1028 1985 nit
1040 1968 1047 1985 :
1057 1964 1208 1992 rursusque
1223 1955 1431 1991 introspiciens,
1443 1954 1502 1982 sola
1517 1954 1675 1982 linteamina
1687 1959 1717 1982 ut
1729 1962 1780 1983 an-

987 2009 1028 2031 tea
1044 2003 1121 2030 vidit.
1139 2002 1242 2030 Deinde
1256 2002 1333 2033 abiit,
1351 2008 1445 2028 secum
1470 2000 1529 2035 ipse
1545 2007 1602 2027 rem
1626 2000 1776 2029 demirans.

988 2049 1099 2076 Scilicet
1114 2056 1171 2076 rem
1185 2051 1289 2083 gestam
1305 2048 1405 2075 tacitus
1423 2046 1621 2079 admirabatur,
1641 2047 1706 2083 quia
1722 2048 1785 2075 fera

986 2095 1050 2122 vida
1066 2098 1156 2121 mente
1168 2097 1236 2126 erat,
1257 2093 1463 2129 plurimumque
1478 2092 1599 2120 studium
1617 2100 1673 2128 prae
1689 2093 1779 2121 omni-

987 2142 1040 2169 bus
1057 2140 1274 2172 demonstrabat,
1297 2143 1425 2176 satagens
1451 2144 1533 2176 atque
1554 2142 1732 2175 discurrens;
1752 2145 1780 2169 et

988 2188 1088 2222 ubique
1108 2187 1281 2213 Servatorem
1303 2187 1405 2221 apertis
1429 2187 1538 2214 intuens
1564 2187 1662 2214 anima:
1675 2187 1776 2220 oculis.

988 2240 1194 2269 quaqueversus
1230 2232 1364 2267 indagans
1398 2237 1425 2261 et
1461 2234 1704 2269 circumspiciens,
1732 2242 1780 2270 spe

952 2300 973 2327 Β
988 2289 1037 2309 sua
1060 2288 1113 2307 non
1128 2280 1239 2312 excidit,
1258 2280 1305 2307 sed
1322 2285 1348 2308 et
1365 2281 1424 2316 ipse
1447 2280 1540 2308 divina
1557 2281 1780 2310 manifestatione

988 2327 1088 2361 dignus
1105 2326 1164 2353 fuit.
1180 2326 1230 2354 Rei
1246 2327 1324 2354 testis
1340 2326 1411 2354 idem
1427 2327 1593 2362 evangelista
1611 2327 1711 2359 Lucas.
1733 2328 1780 2363 qui

987 2373 1014 2400 in
1032 2373 1262 2407 subsequentibus
1281 2373 1359 2405 dicit,
1383 2381 1479 2400 revera
1504 2374 1660 2402 surrexisse
1684 2373 1780 2401 Domi-

987 2427 1064 2450 num,
1082 2422 1109 2446 et
1129 2419 1290 2454 apparuisse
1313 2418 1430 2446 Simoni.
1453 2419 1594 2447 Consonat
1622 2420 1686 2447 huic
1707 2421 1780 2448 sacri

989 2465 1114 2500 Apostoli
1140 2466 1329 2492 testimonium
1344 2466 1378 2493 ad
1407 2466 1565 2494 Corinthios
1599 2467 1746 2495 scribentis
1771 2477 1779 2496 ε

993 2522 1002 2539 ι
1025 2512 1104 2540 Visus
1120 2516 1161 2540 est
1175 2512 1284 2548 Cephze,
1302 2517 1330 2540 et
1346 2513 1444 2542 deinde
1458 2514 1584 2541 undecim
1599 2514 1633 2542 οι.
1650 2524 1659 2540 ι
1673 2514 1780 2549 Cephas

989 2563 1081 2587 autem
1096 2559 1156 2594 ipse
1171 2558 1266 2586 Simon
1284 2564 1326 2588 est
1346 2568 1378 2588 ac
1402 2559 1517 2594 Petrus;
1544 2560 1590 2588 cui
1619 2560 1700 2588 etiam
1716 2565 1780 2589 ante

988 2605 1057 2633 alios
1073 2603 1200 2633 undecim
1216 2605 1291 2633 solus
1305 2606 1356 2634 soli
1370 2606 1497 2642 apparuit
1512 2605 1651 2639 Servator,
1667 2610 1779 2642 propter

987 2657 1124 2676 summam
1140 2651 1199 2685 ejus
1214 2651 1397 2686 praeomnibas
1408 2652 1588 2681 scculitatem.

1368 2706 1400 2735 V.

1026 2753 1139 2788 Insuper
1158 2753 1257 2788 aliquis
1270 2753 1455 2782 sciscitabitur
1467 2753 1604 2789 quomodo
1618 2753 1691 2790 apud
1707 2752 1776 2782 Mat-

180 2827 205 2843 ⁸⁸
225 2826 320 2855 Matth.
338 2836 400 2855 1va
413 2849 420 2862 ,
438 2828 482 2857 35.
521 2829 544 2845 "
565 2829 658 2858 Matth.
677 2838 740 2865 va,
761 2830 804 2860 16.
843 2831 866 2848 ³⁸
887 2831 941 2860 ibid

990 2831 1015 2858 7.
1054 2831 1075 2847 "
1098 2830 1180 2858 lCor.
1202 2839 1248 2865 xv,
1266 2831 1292 2858 5.

176 2904 238 2943 K65)
257 2904 324 2934 Cod.
338 2906 373 2947 A,
388 2904 407 2934 ι.
421 2906 482 2941 312,
498 2907 525 2935 b.

1021 2908 1089 2947 (65‘)
1108 2909 1164 2938 Cod
1185 2910 1217 2943 A,
1235 2909 1252 2936 r.
1270 2909 1331 2938 an.
