2037 3215
292 193 340 222 991

625 191 760 219 EUSEBll
780 190 1026 219 CrESARIENSlS
1041 190 1120 219 OPP.
1135 191 1225 219 PARS
1244 190 1289 219 Ill.
1309 205 1343 211 —
1362 188 1568 218 EXEGETICA.

1859 185 1911 214 992

290 254 390 282 thaaum
411 251 494 279 Maria
511 249 670 285 Magdalene
686 244 887 285 eum'ejusdem
902 249 1020 277 nominis
1034 249 1073 276 al-

1127 250 1194 286 θαίῳ
1205 251 1221 285 ὴ
1237 248 1401 284 Μαγδαληνὴ
1414 247 1506 283 Μαρία
1521 245 1590 282 μετὰ
1603 246 1652 282 τῆς
1664 244 1807 281 ὁμωνύμου
1823 245 1912 280 ἑωρα-

290 304 348 328 tera
362 299 462 326 vidisse
478 301 555 324 extra
582 298 788 322 monumentum
813 294 976 322 insidentem
992 295 1075 330 lapidi

290 352 374 373 unum
401 341 591 369 tantummodo
616 340 743 376 angelum
770 339 901 367 dicatur:
926 339 1075 367 secundum

288 389 420 418 Joannem
437 392 526 415 autem
553 387 625 413 intra
642 389 847 412 monumentum
869 385 981 420 angelos
1003 385 1074 414 duos

289 435 415 464 sedentes
431 433 566 469 aspexerit
583 435 631 460 :at
652 439 718 459 vero
736 431 888 459 secundum
905 431 1007 459 Lucam
1022 431 1076 459 duo

288 481 338 508 viri
362 479 524 507 mulieribus
549 477 721 505 occurrerint
748 486 754 504 :
782 476 900 511 denique
924 476 1075 504 secundum

289 525 412 553 Marcum
428 524 538 559 juvenis
554 524 588 550 ab
609 522 676 558 ipsis
690 526 854 557 conspectus
871 521 972 549 fuerit?

324 571 466 598 Dictorum
494 570 565 605 apud
588 569 720 597 Joannem
740 573 822 604 atque
841 567 996 595 Mattheum
1019 567 1076 595 haec

289 623 349 645 esto
364 617 473 645 solutio.
499 616 626 642 Arbitror
647 615 718 642 enim
748 614 922 649 praecessisse
945 621 987 645 ea.
1016 621 1077 649 quze

289 666 383 689 narrat
396 661 528 694 Joannes,
545 660 578 688 iis
592 667 653 695 qua:
671 659 830 692 Matthazus;
846 662 874 685 et
889 658 1075 694 Magdalenam

287 709 316 736 in
332 708 421 742 primo
441 707 558 734 adventu
574 706 684 741 angelos
699 705 769 732 duos
786 704 856 732 intra
871 709 1076 732 monumentum

289 753 417 780 sedentes
431 752 542 779 vidisse.
563 751 661 778 Postea
681 750 715 777 ad
726 749 851 778 eumdem
867 750 956 776 locum
980 757 1076 778 rursus

287 806 459 834 progressam
474 806 535 826 cum
548 798 602 824 alia
615 797 708 828 Maria,
723 795 884 823 insidentem
900 795 982 830 lapidi
995 803 1076 830 ange-

289 844 344 871 lum
357 844 544 879 spectavisse;
561 843 603 870 vel
619 842 701 870 etiam
718 841 834 869 fortasse
857 841 927 868 alius
949 845 990 868 est
1005 839 1076 875 apud

289 889 446 917 Mattlneum
477 889 601 924 angelus,
626 888 700 915 aliud
726 892 832 922 tempus
859 887 991 921 locusque
1022 893 1076 921 quo

1127 294 1202 321 κέναι
1217 293 1294 325 ἐκτὸς
1307 293 1353 320 τοῦ
1371 293 1510 328 μνήματος
1521 290 1719 326 ἐπικαθήμενον
1730 289 1768 325 τῷ
1783 289 1850 324 λίθῳ
1861 290 1912 316 ἕνα

1128 341 1207 376 μόνον
1218 339 1330 375 ἄγγελον
1347 340 1472 375 εἴρηται·
1485 337 1555 365 κατὰ
1574 337 1602 364 δὲ
1624 337 1669 364 τὸν
1698 336 1822 372 Ἰωάννην
1845 336 1912 363 εἴσω

1126 387 1171 414 τοῦ
1186 388 1325 423 μνήματος
1336 386 1466 420 ἀγγέλους
1478 384 1524 412 δύο
1535 384 1630 419 θεωρεῖ
1639 383 1809 419 καθημένους
1819 390 1826 397 “
1839 383 1912 409 κατὰ

1125 433 1154 461 δὲ
1167 433 1212 460 τὸν
1229 434 1335 460 Λουκᾶν
1361 432 1408 459 δύο
1431 432 1525 468 ἄνδρες
1550 431 1679 465 ἀπήντων
1701 431 1760 461 ταῖς
1786 429 1911 464 γυναιξίι

1126 479 1195 507 κατὰ
1209 480 1237 506 δὲ
1250 479 1296 506 τὸν
1307 479 1419 515 Μάρκον
1432 477 1570 509 νεανίσκος
1583 475 1616 512 ἦν
1630 477 1720 508 αὐτοῖς
1733 475 1882 511 ὁρώμενος.

1160 573 1201 600 Τὰ
1219 572 1268 608 μὲν
1282 571 1357 607 παρὰ
1369 571 1408 607 τῷ
1428 571 1538 607 Ἰωάννῃ
1554 570 1601 597 καὶ
1613 569 1742 604 Ματθαίῳ
1759 569 1865 600 λύσεως
1880 568 1914 595 ἄν

1125 619 1200 654 τύχοι
1213 618 1340 654 τοιαύτης
1351 624 1358 632 ’
1376 617 1493 652 ήγοῦμαι
1515 617 1568 652 γὰρ
1592 615 1770 652 προηγεῖσθαι
1799 615 1849 650 μὲν
1863 615 1914 649 τὴν

1128 663 1203 698 παρὰ
1214 662 1252 698 τῷ
1269 663 1377 697 Ἰωάννῃ
1396 660 1526 696 ἱστορίαν,
1542 661 1592 694 τῆς
1607 659 1681 695 παρὰ
1700 659 1739 694 τῷ
1766 658 1912 693 Ματθαῇρ,

1126 707 1173 734 καὶ
1188 707 1236 742 τὴν
1251 706 1429 742 Μαγδαληνὴν
1453 706 1482 732 τὸ
1504 705 1611 741 πρῶτον
1629 705 1756 732 ἐλθοῦσαν
1777 705 1843 736 τοὺς
1866 704 1916 730 δύο

1125 753 1257 788 ἀγγέλους
1282 753 1347 780 εῐσω
1370 752 1417 779 τοῦ
1445 753 1584 788 μνήματος
1608 751 1804 787 καθεζομένους
1832 751 1914 777 ἰδεῖν·

1127 799 1195 834 μετά
1214 799 1242 826 δὲ
1262 798 1348 826 ταῦτα
1370 797 1494 834 δεύτερον
1515 798 1663 825 ἐπιστᾶσαν
1683 796 1723 832 τῷ
1742 796 1817 831 αὐτῷ
1837 796 1916 832 τόπῳ

1128 844 1195 881 μετὰ
1215 845 1264 880 τῆς
1284 844 1366 880 ἄλλης
1379 844 1488 879 Μαρίας
1500 843 1545 870 τὸν
1565 843 1763 878 ἐπικαθήμενον
1788 841 1828 877 τῷ
1847 842 1916 876 λίθῳ

1126 890 1238 925 ἄγγελον
1251 889 1410 925 ἑωρακέναι.
1424 889 1458 915 Ἢ
1473 889 1543 924 τάχα
1556 888 1599 914 ἓτε
1604 897 1648 924 ρος
1663 887 1711 924 μὲν
1726 888 1740 914 ό
1755 887 1833 922 παρὰ
1844 887 1917 914 Ματ-

288 936 400 971 angelus
416 936 492 964 visus
508 935 560 962 fuit
576 944 583 962 :
599 934 644 962 alii
659 935 723 962 item
739 933 828 969 angeli
850 932 921 968 apud
934 939 997 959 cum
1014 939 1073 958 mu-

1125 937 1192 972 θαίῳ
1201 936 1324 972 ἄγγελος⁷
1341 936 1434 972 ἕτερος
1447 936 1476 962 δὲ
1490 936 1536 962 καὶ
1548 937 1561 962 ό
1577 935 1670 970 χρόνος
1684 934 1731 961 καὶ
1742 936 1755 961 ὑ
1769 934 1854 965 τόπος
1864 935 1914 969 τῆς

288 983 402 1010 lieribus
418 982 503 1010 oblati
520 992 527 1010 :
547 982 704 1017 pariterque
724 981 779 1008 duo
797 979 868 1016 apud
884 979 1015 1007 Joannem
1029 986 1075 1006 an-

288 1029 340 1065 geli
356 1031 426 1056 intra
447 1032 654 1056 monumentum
673 1027 810 1059 sedentes,
826 1025 927 1054 diversi
943 1025 1074 1053 credendi

289 1079 353 1102 sunt
367 1076 401 1102 ab
413 1075 459 1101 illo
478 1074 524 1110 qui
538 1079 615 1101 extra
635 1077 842 1101 monumentum
860 1071 943 1107 lapidi
971 1072 1074 1099 inside-

288 1121 344 1152 bat,
370 1125 399 1147 ut
414 1125 508 1148 narrat
525 1120 678 1147 Matthzeus.
695 1118 762 1146 Nam
779 1118 816 1150 si,
839 1126 902 1146 cum
931 1118 1074 1146 Matthaeus

287 1168 361 1195 dicat
376 1175 438 1195 sero
451 1167 644 1198 Sabbatorum,
661 1173 801 1201 unumque
819 1169 881 1193 ante
902 1165 1000 1194 ostium
1015 1172 1075 1192 mo-

287 1215 410 1241 numenti
425 1214 563 1242 sedentem
577 1214 604 1240 in
617 1212 717 1248 lapide,
727 1212 848 1240 Joannes
859 1211 952 1239 eodem
969 1214 1074 1239 retento

287 1265 410 1295 tempore
431 1268 461 1286 ac
477 1260 549 1291 loco,
566 1259 691 1290 dixisset,
722 1266 784 1285 sero
803 1257 997 1291 Sabbatorum,
1012 1260 1075 1284 ante

287 1307 388 1334 ostium
409 1305 578 1332 monumenti
602 1305 671 1332 duos
689 1304 771 1339 lapidi
793 1303 945 1331 insidentes
957 1310 1074 1338 conspe-

287 1357 358 1384 ctos,
373 1359 437 1379 vere
458 1355 596 1386 oporteret
614 1351 813 1378 dissonantiam
835 1350 953 1377 causari.
969 1349 1034 1377 llem
1052 1349 1074 1378 si

287 1398 431 1424 Matthmus
445 1405 522 1432 aeque
535 1404 567 1424 ac
584 1395 704 1424 Joannes
723 1396 883 1423 matutinam
896 1395 989 1422 horam
1002 1395 1075 1422 afﬁr-

288 1450 378 1474 mans,
395 1443 467 1469 intra
494 1445 701 1469 monumentum
723 1441 781 1476 ipse
801 1449 909 1476 quoque
930 1448 985 1468 non
1006 1441 1075 1468 duos

288 1488 400 1522 angelos
416 1487 464 1515 sed
485 1495 569 1514 unum
592 1487 681 1514 visum
699 1487 855 1518 afﬁrmaret,
878 1486 1015 1514 contraria
1032 1486 1075 1513 vi-

288 1533 398 1560 deretur
419 1533 516 1560 merito
543 1533 674 1560 scribere.
704 1531 946 1560 Verumenimvero
978 1532 1001 1559 si
1023 1531 1077 1559 dis-

288 1579 426 1614 tinxerunt
444 1578 617 1613 evangelista:
631 1582 764 1613 tempora,
782 1581 809 1605 et
821 1577 928 1610 modos,
944 1581 970 1605 et
981 1584 1076 1612 perso-

1125 983 1172 1010 τοῦ
1189 983 1303 1018 ἀγγέλου
1317 982 1380 1014 θέας
1394 990 1400 997 ·
1425 982 1513 1018 ἕτεροι
1533 982 1562 1008 δὲ
1585 982 1631 1008 καὶ
1647 980 1756 1015 ἄγγελοι
1781 979 1866 1007 αὑτοῦ
1890 982 1915 1006 οἱ

1126 1029 1194 1064 πρὸς
1218 1029 1267 1060 τὰς
1295 1027 1584 1063 γυναῖκας-ὡσαύτως
1609 1027 1696 1054 δὲκαὶ
1718 1027 1743 1053 οἱ
1770 1026 1850 1062 παρὰ
1875 1025 1915 1060 τῷ

1131 1074 1241 1111 Ἰωάννῃ
1255 1074 1300 1101 δύο
1317 1074 1425 1109 ἄγγελοι
1439 1075 1462 1100 οἱ
1479 1074 1544 1100 εἵσω
1557 1072 1602 1100 τοῦ
1622 1074 1761 1109 μνήματος
1784 1073 1916 1107 ὀφθέντες

1124 1122 1212 1157 ἕτεροί
1228 1123 1281 1148 εἰσι
1291 1121 1364 1158 παρὰ
1375 1121 1420 1148 τὸν
1432 1120 1484 1154 ἔξω
1497 1121 1549 1156 πρὸ
1567 1120 1704 1156 μνήματος
1725 1119 1772 1146 ἐπὶ
1784 1119 1825 1155 τῷ
1849 1119 1915 1155 λίθῳ

1125 1167 1304 1204 καθεζόμενον
1315 1168 1390 1203 παρά
1399 1167 1437 1203 τῷ
1450 1166 1591 1202 Ματθαίῳ.
1604 1167 1634 1193 Εἰ
1647 1166 1695 1202 μὲν
1709 1166 1763 1202 γὰρ
1778 1165 1827 1192 τοῦ
1840 1166 1916 1192 Ματ-

1125 1214 1200 1241 θαίου
1216 1214 1263 1250 ὀψὲ
1278 1214 1422 1241 Σαὸδάτων
1439 1213 1588 1249 εἰρηκότος,
1609 1212 1656 1239 καὶ¹
1667 1212 1714 1239 ἕνα
1731 1212 1786 1247 πρὸ
1801 1211 1854 1246 τῆς
1870 1211 1916 1237 8L2-

1127 1269 1176 1296 ρας
1191 1261 1237 1287 τοῦ
1252 1260 1382 1296 μνημείου
1397 1259 1547 1294 καθήμενον
1567 1259 1612 1285 ὲπί
1631 1258 1670 1294 τῷ
1687 1258 1754 1293 λίθῳ
1771 1259 1915 1294 ἱστορηκό-

1124 1316 1180 1339 τος,
1201 1307 1320 1342 φυλάξας
1339 1307 1353 1334 ὁ
1375 1306 1499 1341 Ἰωάννης
1522 1306 1567 1332 τὸν
1581 1305 1661 1332 αὐτὸν
1687 1305 1783 1341 καιρὸν
1800 1305 1850 1331 καὶ
1867 1305 1915 1331 τὸν

1125 1353 1205 1380 αὑτὸν
1231 1353 1312 1380 τόπον
1327 1353 1433 1388 εἰρήκει
1455 1352 1504 1387 ὀψὲ
1520 1352 1664 1379 Σαεὸἀτων
1675 1372 1682 1384 ,
1700 1351 1752 1387 πρὸ
1765 1352 1815 1386 τῆς
1829 1351 1914 1387 θύρας

1125 1399 1172 1426 τοῦ
1190 1399 1329 1435 μνήματος
1352 1398 1398 1425 ἐπὶ
1412 1398 1451 1434 τῷ
1474 1398 1540 1433 λίθῳ
1560 1397 1606 1424 δύο
1631 1397 1832 1433 καθεζομένους
1851 1398 1915 1433 ὁρᾶ-

1126 1445 1198 1477 σθαι,
1208 1443 1242 1480 ἦν
1252 1445 1359 1480 ἀληθῶς
1370 1445 1516 1480 διαφωνίαν
1528 1444 1673 1471 αἰτιᾶσθαι.
1685 1444 1740 1471 Kal.
1749 1445 1764 1470 ὁ
1774 1443 1915 1475 Ματθαῖος

1125 1492 1254 1524 ὡσαύτως
1273 1493 1296 1519 εἰ
1311 1492 1410 1528 ὁμοίως
1431 1491 1541 1528 Ἰωάννῃ
1561 1491 1610 1526 τὴν
1632 1491 1754 1526 πρωϊνὴν
1771 1490 1850 1525 ὤραν
1865 1499 1914 1525 τη-

1127 1536 1221 1572 ρήσας,
1233 1537 1297 1562 εἵσω
1312 1536 1357 1562 τοῦ
1375 1536 1512 1572 μνήματος
1524 1535 1570 1562 καὶ
1583 1535 1663 1566 αὐτὸς
1676 1536 1706 1561 οὑ
1722 1535 1768 1561 δύο
1781 1535 1914 1569 ἀγγέλους

1125 1582 1182 1609 ἀλλ’
1199 1582 1247 1609 ἕνα
1263 1582 1347 1617 ἔφησε
1362 1581 1557 1617 τεθεωρήσθαι,
1573 1582 1703 1609 τάναντία
1716 1582 1806 1614 ἔδοξεν
1824 1582 1858 1608 ἂν
1879 1582 1916 1608 εξ-

288 1630 338 1650 nas
362 1622 556 1658 spectantium,
595 1630 703 1650 necnon
740 1623 896 1658 angelorum
923 1630 1073 1654 sermones,

1127 1629 1213 1660 κότως
1240 1628 1416 1664 συγγράφειν.
1435 1629 1465 1654 Εἰ
1481 1628 1504 1655 δ’
1518 1627 1658 1663 ἀφώρισαν
1672 1628 1697 1654 οἱ
1722 1628 1915 1662 εὐαγγελισταὶ

288 1677 368 1697 nemo
383 1668 583 1696 rationabiliter
599 1669 799 1697 dissonantiam
821 1668 970 1704 Scriptura:
992 1676 1074 1696 accu-

288 1715 369 1745 sabit,
383 1722 446 1741 cum
463 1714 578 1750 singulae
599 1714 770 1741 narrationes
793 1721 844 1741 suo
863 1721 978 1748 quaeque
993 1713 1074 1740 modo

287 1767 359 1788 vera:
371 1760 437 1792 sint,
451 1763 478 1788 et
494 1761 665 1788 diversarum
683 1767 774 1787 rerum
800 1759 902 1786 faciant
925 1759 1074 1794 expositio-

288 1814 361 1833 nem.
379 1805 430 1833 Sed
443 1806 514 1841 apud
528 1806 595 1834 istos
607 1806 789 1841 evangelistas
802 1806 810 1841 (
823 1805 916 1832 Matth.
933 1809 960 1833 et
975 1805 1072 1840 Joan.)

288 1852 386 1885 angeli,
409 1857 436 1879 et
459 1851 613 1879 Servatoris
635 1855 696 1886 post
721 1852 950 1879 resurrectionem
967 1851 1073 1886 appari-

289 1898 387 1926 tiones,
400 1897 471 1931 apud
486 1897 536 1925 bos
551 1897 662 1932 inquam
675 1898 759 1927 solos.
774 1889 847 1924 velut
857 1896 926 1931 apud
943 1897 1072 1931 potiores,

289 1946 316 1970 et
333 1942 421 1976 ipsius
437 1942 592 1970 Servatoris
616 1946 785 1978 spectatores
804 1946 831 1970 et
847 1942 988 1970 auditores
1003 1942 1073 1970 rela-

291 1993 334 2020 tae.
355 1989 428 2016 hunc
442 1988 566 2016 ordinem
582 1993 702 2018 teneant.
725 1989 783 2017 Duo
804 1997 869 2016 vero
885 1989 956 2024 apud
972 1989 1073 2016 Lucam

290 2035 340 2062 viri
368 2035 394 2062 in
410 2039 484 2062 veste
511 2034 632 2069 fulgente
660 2034 723 2066 visi,
750 2034 933 2063 solemnitatis
952 2034 1073 2070 symbola

290 2083 344 2109 sint
363 2091 368 2109 :
387 2083 505 2116 itemque
517 2082 626 2116 juvenis
641 2082 712 2116 apud
728 2081 849 2109 Marcum
871 2081 940 2109 stola
957 2080 1073 2108 candida

289 2129 316 2152 et
336 2126 394 2161 ipse
409 2131 570 2161 coopertus,
594 2127 621 2154 in
650 2127 743 2154 dextra
765 2134 820 2154 non
845 2131 934 2154 autem
961 2126 1073 2154 sinistra

291 2175 367 2206 parte
388 2176 561 2206 conspectus,
578 2172 639 2199 laeta
655 2176 681 2199 et
695 2173 791 2200 dextra
819 2172 979 2199 mulieribus
1003 2180 1074 2201 nun-

290 2218 380 2250 tians;
396 2221 423 2244 ct
450 2217 487 2250 hi,
509 2218 631 2252 inquam,
648 2218 748 2246 diversi
772 2218 923 2245 habeantur
940 2222 997 2245 tum
1013 2225 1028 2244 a
1044 2225 1074 2245 se

286 2263 414 2296 invicem,
426 2268 481 2290 tum
497 2270 511 2290 a
526 2263 629 2298 primis.
646 2263 828 2297 Quamobrem
844 2271 877 2291 ne
890 2263 1000 2298 angelus
1013 2264 1073 2298 qui-

1126 1673 1172 1700 καὶ
1188 1673 1250 1705 τοὺς
1266 1673 1376 1708 χρόνους
1390 1673 1437 1700 καὶ
1449 1674 1511 1704 τοὺς
1525 1673 1651 1708 τρόπους,
1665 1674 1712 1700 καὶ
1730 1674 1765 1700 τὰ
1780 1673 1916 1709 πρόσωπα

1125 1719 1180 1746 τῶν
1191 1719 1344 1754 θεωμένων,
1357 1719 1404 1746 καὶ
1417 1720 1480 1751 τοὺς
1497 1719 1550 1745 τῶν
1558 1719 1680 1753 ἀγγέλων
1695 1719 1800 1752 λόγους,
1816 1719 1870 1745 οὐκ
1885 1720 1916 1746 ἄν

1126 1774 1167 1797 τις
1181 1765 1299 1800 εὐλόγως
1323 1765 1459 1801 μέμψαιτο
1480 1765 1626 1800 διαφωνίαν
1640 1765 1689 1801 τῆς
1710 1765 1832 1800 Γραφῆς,
1849 1765 1918 1800 ἀληυ

1127 1812 1257 1848 Θευούσης
1275 1811 1392 1847 ἑκάστης
1406 1811 1476 1838 κατὰ
1491 1812 1535 1838 τὸν
1552 1811 1653 1843 οἰκείας
1679 1811 1800 1846 ἱστορίας
1825 1811 1916 1845 λόγον,

1126 1857 1261 1894 διαφόρων
1274 1866 1303 1884 τε
1318 1857 1487 1893 πραγμάτων
1499 1858 1635 1892 ὑφήγησιν
1645 1857 1788 1893 ὃηλούσης.
1808 1857 1881 1883 Ἀλλ’
1892 1858 1917 1884 o".

1128 1903 1177 1938 μὲν
1194 1903 1268 1938 παρὰ
1283 1904 1370 1930 τοῖσδε
1381 1905 1437 1935 τοῖς
1453 1903 1657 1938 εὐαγγελισταῖς
1671 1903 1795 1937 ἄγγελοι,
1810 1903 1860 1931 καὶ
1871 1902 1917 1929 τοῦ

1126 1949 1251 1985 Σωτῆρος
1265 1950 1291 1976 αἱ
1305 1949 1373 1985 μετὰ
1381 1949 1431 1985 τὴν
1441 1950 1588 1976 ἀνάστασιν
1600 1949 1764 1983 θεοφάνειαι,
1778 1950 1858 1985 παρὰ
1870 1950 1916 1985 μό-

1126 2003 1181 2025 νοις
1206 1994 1310 2026 τούτοις
1335 1995 1373 2026 ὼς
1398 1995 1430 2022 ἂν
1446 1994 1521 2030 παρὰ
1547 1994 1684 2030 κρείττοσι
1707 1995 1752 2021 καὶ
1768 1994 1855 2020 αὐτοῦ
1870 1994 1916 2021 τοῦ

1127 2040 1251 2075 Σωτῆρος
1264 2039 1411 2071 αὑτόπταις
1424 2049 1453 2066 τε
1462 2041 1508 2066 καὶ
1522 2040 1664 2074 αὐτηκόοις
1680 2040 1843 2075 φερόμεναι,
1853 2040 1918 2067 ταὺ-

1126 2094 1175 2121 την
1190 2085 1300 2117 σῴζοιεν
1314 2085 1347 2111 ἂν
1358 2085 1406 2120 τὴν
1417 2085 1587 2112 ἀκολουθίαν.
1599 2086 1630 2112 Οἱ
1643 2085 1671 2112 δὲ
1686 2085 1761 2120 παρά
1771 2084 1812 2120 τῷ
1824 2085 1919 2120 Aetne;

1126 2132 1172 2158 δύο
1188 2131 1282 2167 ἄνδρες
1298 2132 1326 2157 ὲν
1340 2131 1432 2166 ἐσθῆτι
1449 2130 1640 2167 ἀστραπτούσῃ
1655 2130 1784 2164 ὀφθέντες
1794 2151 1801 2162 ,
1821 2131 1868 2157 διὰ
1884 2131 1918 2158 τὰ

1126 2179 1175 2212 τῆς
1192 2178 1288 2212 ἑορτῆς
1309 2176 1446 2212 σύμϐολα·
1467 2177 1513 2203 καὶ
1529 2178 1543 2204 ό
1557 2177 1632 2212 παρὰ
1647 2176 1685 2212 τῷ
1704 2176 1812 2212 Μάρκῳ
1828 2176 1919 2203 νεανί-

1127 2229 1191 2252 σκος
1203 2220 1301 2256 λευκὴν
1317 2220 1546 2256 περιϐεόλημένος
1564 2221 1610 2248 καὶ
1633 2221 1713 2252 αὐτὸς
1737 2221 1854 2257 στολὴν,
1874 2222 1917 2247 δε-

1127 2265 1182 2297 ξιός
1196 2273 1226 2291 τε
1238 2265 1295 2292 ἀλλ’
1310 2266 1360 2292 οὐκ
1373 2265 1515 2301 ἀριστερὸς
1531 2266 1696 2302 ἑωραμένος,
1707 2266 1746 2301 τῷ
1767 2275 1799 2292 τε
1815 2266 1919 2302 φαιδρὰ

290 2309 350 2336 :lcm
368 2309 418 2336 hos
439 2309 659 2341 nominaverunt,
676 2318 765 2344 neque
785 2309 938 2336 Servaturis
955 2309 1073 2337 visiones

1126 2311 1173 2338 καὶ
1186 2310 1259 2344 δεξιὰ
1276 2312 1336 2342 ταῖς
1349 2311 1469 2345 γυναιξὶν
1489 2311 1719 2346 εὐαγγελίζεσθαι,
1731 2312 1814 2339 πάλιν
1829 2313 1920 2348 ἕτεροι

289 2359 495 2387 memorarunt,
530 2355 577 2382 sed
610 2355 764 2390 potioribus
812 2363 842 2382 se
882 2355 1008 2382 Matthaao
1041 2362 1073 2382 ac

287 2400 384 2429 Joanni
408 2402 514 2436 potiora
540 2401 662 2429 scribere
681 2405 708 2429 et
737 2401 857 2429 historiae
881 2401 1073 2429 commendare

287 2450 470 2482 permiserunt
489 2457 495 2475 :
512 2448 563 2482 ipsi
579 2455 645 2475 vero
665 2448 785 2476 secunda
800 2453 956 2480 narrarunt,
970 2451 998 2475 et
1013 2456 1073 2483 qua:

288 2498 348 2528 post
362 2494 454 2529 priora
471 2497 580 2521 narrata
594 2497 742 2521 evenerant
758 2503 763 2520 :
778 2493 888 2521 omissis
906 2497 995 2520 autem
1011 2501 1073 2528 quae

288 2543 371 2567 testes
393 2540 510 2567 visuales
526 2539 582 2574 jam
604 2539 740 2571 dixerant,
770 2539 821 2574 ipsi
837 2539 872 2566 ab
897 2539 939 2566 his
963 2539 1072 2566 silentio

287 2587 422 2620 praeterita
436 2586 646 2621 suppleverunt;
660 2593 719 2620 qua:
728 2585 837 2619 quidem
848 2584 968 2612 secunda
981 2589 1070 2617 erant,

288 2632 429 2668 multoque
451 2633 542 2667 priore
565 2632 678 2660 historia
704 2631 834 2659 inferiora
857 2641 863 2658 :
882 2631 922 2659 sic
943 2630 1070 2658 nimirum

288 2682 382 2705 sancto
404 2678 507 2713 Spiritu
528 2687 663 2713 congruas
689 2678 805 2714 singulis
826 2682 988 2712 suggerente
1012 2685 1072 2704 nar-

289 2724 417 2750 rationes.

1124 2357 1157 2384 ἂν
1175 2355 1228 2383 εἷεν
1253 2358 1300 2384 καὶ
1327 2357 1414 2389 αὐτοὶ,
1432 2357 1554 2392 ἀλλήλων
1577 2366 1606 2384 τε
1627 2359 1673 2384 καὶ
1693 2357 1747 2384 τῶν
1766 2359 1846 2394 παρὰ
1861 2359 1918 2390 rei;

1124 2401 1248 2437 πρώτοις.
1274 2402 1318 2428 Διὸ
1341 2402 1401 2429 οὐδὲ
1423 2402 1554 2436 ἀγγέλους
1577 2402 1675 2434 αὐτοὺς
1687 2403 1740 2429 οἵδε
1755 2402 1915 2438 ὠνόμασαν,

1123 2447 1183 2474 ἐπεὶ
1197 2448 1264 2482 μηδὲ
1278 2449 1332 2475 τῶν
1344 2448 1389 2475 τοῦ
1407 2449 1532 2484 Σωτῆρος
1553 2449 1689 2475 όπτασιῶν
1704 2449 1915 2484 ἐμνημόνευσαν

1123 2494 1178 2524 τοῖς
1192 2494 1341 2528 κρείττοσιν
1354 2493 1370 2529 ἢ
1388 2494 1448 2520 καθ’
1461 2494 1575 2526 ἑαυτοὺς
1592 2494 1724 2530 Ματθαίῳ
1738 2495 1786 2522 καὶ
1803 2496 1916 2532 Ἰωάννῃ

1124 2539 1158 2566 τὰ
1173 2540 1313 2575 κρείττονα
1324 2540 1440 2575 γράφειν
1455 2541 1502 2567 καὶ
1512 2541 1626 2576 ἱστορεῖν
1636 2542 1915 2577 παρακεχωρηκότες·

1125 2586 1201 2612 αὐτοὶ
1215 2586 1244 2612 δὲ
1259 2586 1293 2612 τὰ
1312 2586 1426 2622 δεύτερα
1441 2586 1626 2622 διηγούμενοι,
1646 2587 1693 2614 καὶ
1707 2587 1746 2622 τῷ
1767 2587 1858 2622 χρόνῳ
1883 2587 1916 2613 τὰ

1127 2631 1195 2666 μετὰ
1207 2631 1256 2667 τὴν
1267 2631 1320 2658 τῶν
1339 2632 1453 2667 πρώτων
1470 2633 1578 2668 μνήμην
1590 2632 1702 2668 ὕστερον
1718 2632 1915 2667 πεπραγμένα,

1127 2677 1266 2712 παρῄεσαν
1293 2678 1342 2713 μὲν
1358 2677 1391 2704 τὰ
1409 2677 1484 2713 παρὰ
1509 2679 1564 2709 τοῖς
1593 2677 1743 2709 αὑτόπταις
1769 2677 1915 2712 εἰρημένα,

1125 2723 1343 2759 ἁντανεπλήρουν
1355 2723 1382 2750 δὲ
1395 2724 1429 2750 τὰ
1446 2725 1509 2759 παρ’
1521 2724 1634 2755 ἐκείνοις
1651 2724 1833 2758 σεσιγημένα·
1848 2723 1866 2749 ἃ
1884 2723 1916 2757 δὴ

288 2767 400 2804 δεύτερα
427 2767 460 2805 ἧν
476 2770 522 2796 καὶ
537 2769 634 2806 μακρῷ
661 2770 809 2805 λειπόμενα
830 2770 879 2804 τῆς
895 2768 947 2795 τῶν
967 2768 1107 2804 προτέρων
1127 2770 1262 2806 ίστορίαῑ”
1280 2770 1350 2797 οὕτω
1367 2771 1413 2797 τοῦ
1441 2771 1518 2805 ἁγίου
1545 2770 1703 2805 Πνεύματος
1726 2769 1915 2805 διανείμαντας

1038 2789 1058 2804 Ἴ

289 2815 338 2848 τὰς
355 2817 510 2850 πρεπούσας
526 2818 631 2853 ἑκάστῳ
648 2819 694 2845 καὶ
708 2817 890 2853 καταλλήλους
903 2816 1054 2852 διηγήσεις.

658 2875 699 2903 Vl.

327 2921 391 2954 Qua:
416 2921 496 2956 igitur
520 2923 589 2958 apud
613 2922 712 2950 Luem]
732 2922 807 2950 valde
831 2930 910 2950 mane
930 2921 963 2949 ad
977 2929 1073 2950 monu-

1499 2872 1540 2907 (τ.

1161 2919 1193 2946 A'.
1203 2919 1266 2954 γοῦν
1282 2918 1355 2955 παρὰ
1368 2918 1404 2955 τῷ
1415 2919 1506 2955 Λουκᾷ
1517 2918 1771 2955 δρθρολλβαθέοςέπὶ
1780 2919 1808 2946 τὸ
1820 2919 1914 2955 alia:
