2037 3215
135 182 187 208 995

564 181 819 210 SUPPLEMENTA
839 183 1082 217 QUIESTIONUM
1103 185 1147 212 AB
1167 185 1340 215 MARlNUM.

1709 191 1767 219 594'

133 235 260 262 ἐλθοῦσαι
287 236 412 270 γυναῖκες
428 237 475 264 καὶ
503 237 633 273 φέρουσαι
646 238 664 265 ἆ
676 239 829 274 ἡτοίμασαν
849 239 920 275 ἀρώ-

971 245 1092 268 mentum
1118 247 1251 270 venerunt
1272 243 1419 277 mulieres,
1443 248 1537 279 parata
1565 245 1683 274 ferentes
1698 254 1761 274 ιιι-οη

135 289 222 316 ματα,
255 281 347 317 ’ἐτεραι
369 281 402 308 ἂν
434 280 489 309 εἷεν
507 283 560 310 τῶν
583 284 657 320 παρά
673 284 711 319 τῷ
727 284 858 320 Ματθαίῳ
874 285 921 312 καὶ

139 328 258 364 Ἰωάννῃ.
283 329 319 355 οὐ
340 329 394 365 γὰρ
413 329 446 356 ἂν
461 329 517 365 ἔχοι
535 330 612 364 λόγον
623 330 672 362 τὰς
693 331 810 358 τοσαῦτα
824 340 922 368 προτε-

133 373 268 409 θεαμένας
286 374 394 410 Μαρίας
415 374 478 411 ἀρτι
494 375 600 411 πρῶτον
615 375 750 412 ἀρώματα
764 377 867 413 φέρειν,
884 377 922 409 ὡς

133 419 217 454 μήπω
237 419 286 455 τὴν
303 420 448 447 ἀνάστασιν
468 421 725 457 προμεμαθηχυίας.
752 423 849 458 Σαφῶς
867 424 921 459 γὰρ

131 465 165 492 δι’
178 462 215 491 ὧν
228 473 293 500 φησι
309 465 426 492 δείκνυσι
438 466 479 493 ὅτι
494 468 540 493 καὶ
553 468 577 494 οἱ
587 467 725 502 ὀφθέντες,
742 469 829 504 ἕτεροι
846 469 921 505 παρὰ

131 511 195 542 τοὺς
219 511 372 547 ἔμπροσθεν
397 511 615 548 δεδηλωμένους·
633 514 681 540 καὶ
709 515 726 541 ὰ
750 515 830 546 τόπος
856 514 921 542 ἔνθα

131 555 261 592 ὤφθησαν
277 557 379 592 ἕτερος·
397 556 458 584 οὗτε
469 558 524 594 γὰρ
539 559 605 586 εἴσω
620 559 667 586 τοῦ
683 560 823 595 μνήματος
839 558 919 596 ἦσαν,

130 602 169 634 ὡς
187 603 202 629 ὁ
222 603 347 637 Ἰωάννης
361 602 488 635 ἐδίδαξεν,
506 603 568 630 οὔτε
587 605 634 631 ἐπὶ
649 604 694 631 τὸν
712 604 785 631 λίθον
805 604 919 637 καθεζό-

133 657 219 684 μενοι,
233 648 271 680 ὡς
294 649 308 675 ὁ
324 649 400 685 παρά
412 649 450 685 τῷ
475 650 606 686 Ματθαίῳ
633 650 748 685 ἄγγελος
758 659 765 666 ·
789 651 846 678 ἀλλ’
858 651 919 678 οὐδὲ

130 695 200 727 ὅλως
216 695 356 731 ὠνόμασεν
369 696 502 730 ἀγγέλους
519 697 533 723 ὁ
553 697 660 729 Λουκᾶς
672 717 679 730 ,
704 697 750 724 δύο
766 698 794 724 δὲ
810 698 917 734 ἄνδρας,

132 741 201 777 πλὴν
214 741 282 768 ἀλλὰ
297 743 344 769 καὶ
356 742 455 774 αὐτοὺς
466 743 494 769 ἐν
507 743 600 779 ἐσθῆτι
613 743 815 780 ἀστραπτούσῃ,
832 743 877 770 διὰ
885 743 919 770 τὰ

129 788 182 823 τῆς
202 788 297 825 ἑορτῆς
315 788 451 824 σύμϐολα·
468 790 514 817 καὶ
529 790 553 816 οἱ
572 790 645 824 λόγοι
661 790 688 817 δὲ
705 790 794 817 αὐτῶν
810 791 834 817 οί
851 791 918 826 πρὸς

129 833 180 865 τὰς
194 835 323 867 γυναῖκας
339 835 467 867 ἱδιάζουσι
479 843 486 850 °
504 836 551 862 καὶ
573 837 600 862 αἱ
621 837 747 870 γυναῖκες
764 836 792 863 δὲ
810 836 918 869 πλείους

128 875 211 913 ἦσαν,
226 878 283 904 ἀλλ’
299 879 348 914 οὐχ
364 879 380 915 ἡ
394 879 470 915 παρὰ
485 879 523 915 τῷ
535 880 666 916 Ματθαίῳ
678 881 724 908 δύο
736 882 851 917 Μαρίαι,
861 882 917 908 ἀλλ’

972 291 1056 319 mata,
1073 287 1186 315 diversa:
1200 289 1234 316 ab
1249 289 1282 316 iis
1296 295 1377 317 erunt
1391 298 1452 326 qum
1468 291 1539 326 apud
1557 291 1711 320 llattlneum
1728 301 1760 320 ac

970 331 1103 360 Joannem
1119 339 1317 363 memorantur.
1332 335 1426 372 Neque
1441 337 1514 364 enim
1530 338 1692 366 rationabile
1706 343 1759 372 est,

971 378 1072 407 Marias
1087 388 1148 415 quae
1162 381 1226 408 talia
1243 385 1306 409 ante
1321 382 1458 415 viderant,
1475 385 1680 419 uunc,primum
1696 393 1759 413 aro-

971 429 1044 452 mata
1058 425 1176 458 defcrre,
1193 428 1405 462 quasinondum
1420 430 1649 457 resurrectionem
1666 432 1760 460 novis-

971 475 1042 498 sent.
1080 470 1225 500 Manifeste
1249 472 1376 500 videlicet
1401 473 1443 501 his
1465 482 1524 509 quae
1547 475 1613 502 dicit
1637 475 1759 509 denotat,

970 516 1044 551 quod
1060 520 1087 544 et
1103 517 1154 544 visi
1169 518 1257 553 angeli
1269 519 1371 546 diversi
1389 519 1491 547 fuerint
1506 520 1540 547 ab
1556 524 1635 548 antea
1651 526 1758 556 specta-

969 562 1025 594 tis;
1052 566 1078 589 et
1093 562 1170 603 locus
1184 563 1229 590 ubi
1254 569 1318 591 sunt
1334 565 1396 598 \isi,
1421 566 1486 593 item
1508 565 1651 601 diversus;
1672 574 1759 603 neque

969 607 1042 634 enim
1059 598 1132 634 intra
1144 614 1351 637 monumentum
1368 616 1458 644 erant,
1477 615 1505 638 ut
1517 612 1637 640 Joannes
1650 613 1756 647 docuit;

969 661 1058 688 neque
1074 653 1157 689 lapidi
1172 654 1335 688 insidentes,
1352 660 1380 683 ut
1395 656 1439 683 ille
1456 658 1527 692 apud
1539 657 1694 686 Mattliazum
1707 668 1757 686 an-

969 701 1065 736 gelus:
1083 708 1171 736 neque
1185 702 1297 737 angelos
1315 702 1416 731 diserte
1428 704 1574 739 appellavit
1595 713 1642 733 eos
1658 704 1757 739 Lucas,

969 747 1017 774 sed
1033 746 1102 774 duos
1127 747 1212 779 viros,
1236 756 1394 783 quanquam
1412 750 1486 784 ipsos
1510 752 1660 786 quoquein
1684 757 1758 780 veste

969 790 1100 826 fulgente,
1122 792 1158 820 ob
1183 792 1366 821 solemnitatis
1393 794 1524 822 indicium
1547 806 1554 824 :
1581 797 1643 824 item
1660 798 1756 825 borum

968 844 1110 866 sermones
1126 835 1161 865 ad
1174 839 1304 867 mulieres
1319 844 1383 867 sunt
1398 842 1549 875 peculiares
1567 852 1574 870 :
1592 848 1619 870 et
1629 845 1757 872 mulieres

968 882 1059 917 plures
1076 891 1191 911 numero
1212 890 1295 918 sunt,
1318 893 1399 920 quam
1421 887 1481 914 duae
1503 889 1574 923 apud
1601 889 1757 918 Mattlizeum

127 923 297 956 ἁπαξαπλῶς
318 926 346 951 αἱ
363 926 538 953 συνελθοῦσαι
552 926 627 962 αὑτῷ
643 928 675 954 ἐκ
691 928 739 963 τῆς
759 927 912 960 Γαλιλαίας·

966 928 1067 960 Marize,
1092 929 1139 957 sed
1156 930 1209 957 illae
1231 932 1344 959 omnino
1360 940 1420 967 quae
1436 932 1529 960 Jesum
1544 935 1680 963 comitata:
1696 936 1756 964 fue«

127 969 256 1006 ὀλίγωροι
273 969 301 996 δὲ
325 970 372 997 καὶ
400 968 490 1003 αὗται,
504 971 564 998 οὐδὲ
578 974 711 1008 τοσαύτην
733 972 916 1009 ὲνδειξάμεναι

128 1015 246 1052 σπουδὴν
262 1016 327 1052 ὅσην
343 1017 370 1042 al
387 1017 431 1044 διὰ
443 1017 537 1050 νυκτὸς
551 1019 753 1054 καρτερήσασαι
765 1020 812 1046 καὶ
831 1028 918 1055 παρα-

129 1061 256 1096 μείνασαι
270 1062 308 1098 τῷ
323 1063 456 1099 μνημείῳ.
472 1064 614 1100 Μαρτυρεῖ
627 1066 692 1099 γοῦν
707 1066 721 1092 ὁ
734 1065 871 1098 Ματθαῖος
882 1068 915 1102 τῇ

126 1108 294 1145 Μαγδαληνῇ
312 1110 357 1137 καὶ
371 1111 404 1146 τῇ
419 1110 486 1147 ἄλλῃ
505 1111 599 1147 Μαρεᾳ
609 1112 730 1139 εὐτονίαν
744 1113 844 1148 πολλὴν
871 1114 918 1140 καὶ

126 1155 300 1191 παραμονὴν,
326 1156 412 1191 λέγων
442 1157 509 1192 μετὰ
537 1157 568 1184 τὸ
595 1158 680 1190 πάθος
711 1159 794 1186 αὑτοῦ
812 1160 915 1187 ταῦτα’

129 1211 138 1226 ι
158 1199 213 1228 Ἦν
227 1201 254 1228 δὲ
270 1203 328 1229 ἐκεῖ
344 1202 437 1238 Μαρία
453 1204 468 1238 ἡ
487 1203 652 1239 Μαγδαληνὴ
664 1204 711 1231 καὶ
724 1205 791 1241 ἄλλη
812 1206 915 1240 Μαρία,

126 1247 280 1284 καθήμεναι
291 1248 420 1276 ἀπέναντι
437 1249 483 1276 τοῦ
495 1249 581 1283 τάφου
593 1258 599 1264 ·
617 1259 625 1275 ι
642 1250 699 1277 ἀλλ’
722 1248 801 1278 αὗται
821 1252 869 1287 μὲν
883 1254 915 1288 τῇ

126 1294 220 1329 ἡμέρα
240 1294 290 1329 τῆς
314 1295 494 1331 Παρασκευῆς
516 1296 707 1332 παρεκάθηντο
731 1297 844 1333 ἀντικρὺ
869 1299 915 1324 τοῦ

127 1341 269 1375 μνήματος
280 1349 287 1356 ⁸
301 1341 340 1368 διὸ
355 1342 400 1368 καὶ
414 1341 510 1368 θᾶττον
525 1342 608 1378 ὁρῶσι
621 1342 729 1378 πρῶτον
745 1343 793 1378 μὲν
806 1344 850 1370 τὸν
861 1343 916 1370 τῶν

125 1381 236 1421 ἀγαθῶν
250 1387 374 1421 ἄγγελον,
392 1385 450 1414 εἶτα
467 1389 513 1415 καὶ
524 1388 604 1415 αὐτὸν
616 1389 661 1415 τὸν
674 1389 722 1424 τῆς
745 1389 818 1424 ζωῆς
834 1391 916 1425 ἀρχη-

124 1434 186 1467 γόν.
207 1433 239 1460 Ἡ
250 1433 278 1460 δὲ
294 1434 367 1469 παρὰ
378 1433 416 1470 τῷ
435 1435 543 1471 Ἰωάννῃ
556 1454 563 1467 ,
581 1435 627 1461 καὶ
643 1435 713 1470 αὕτη
727 1435 757 1462 τὸ
771 1436 820 1471 μὲν
837 1436 915 1472 πρῶ-

123 1489 172 1507 τον
193 1481 255 1512 τοὺς
280 1480 421 1516 ἀγγέλους,
447 1481 516 1516 μετὰ
531 1481 559 1508 δὲ
578 1481 688 1514 τούτους
715 1483 761 1509 καὶ
777 1483 857 1509 αὑτὸν
869 1483 916 1510 τὸν

124 1526 242 1563 Σωτῆρα
256 1526 367 1562 θεωρείι
385 1527 414 1553 οὐ
432 1526 483 1562 μὴν
498 1527 632 1563 ἀρώματα
643 1527 738 1564 ἔφερον
752 1524 914 1561 αὖται,οὺδὲ

123 1572 191 1608 περὶ
203 1572 303 1607 ταύτην
317 1571 488 1606 κατεγίνοντο
499 1572 548 1608 τὴν
565 1572 692 1608 σπουδήν.
709 1573 742 1598 Αἱ
755 1573 782 1599 δὲ
799 1573 853 1599 ἀπὸ
864 1573 914 1608 τῆς

123 1618 269 1650 Γαλιλαίας
279 1618 493 1653 ἀκολουθήσασαι
505 1617 578 1653 αὺτῷ
585 1620 723 1652 γυναῖκες,
733 1618 827 1646 πολλαὶ
836 1617 914 1646 οὖσαι

123 1664 197 1691 κατά
211 1663 256 1691 τὸν
267 1665 383 1695 Λουκᾶν,
398 1665 430 1700 τῇ
445 1664 493 1699 μὲν
509 1664 673 1700 Παρασκευῇ
698 1664 913 1700 ὑποστρέψασαι,

123 1709 277 1744 ἡτοίμασαν
290 1709 323 1736 τὰ
335 1708 479 1745 ἀρώματα,
495 1709 542 1735 ἅτε
562 1708 593 1744 δὴ
617 1709 698 1744 μηδὲν
718 1709 830 1745 μηδέπω
852 1719 915 1746 προ-

125 1755 260 1792 μαθοῦσαι
275 1755 338 1791 περὶ
351 1764 400 1791 της
419 1755 602 1787 ἀναστάσεως.
614 1755 660 1781 Διὸ
675 1755 787 1787 ταύταις
808 1755 858 1791 μὲν
868 1755 914 1782 δύο

122 1802 222 1838 ἄνδρες
232 1803 261 1828 ὲν
273 1801 365 1837 ἐσθῆτι
380 1801 571 1837 ἀστραπτούσῃ
582 1801 775 1836 φαίνονταικαὶ
789 1801 838 1837 τὴν
854 1801 915 1828 ἀνά-

123 1856 221 1875 ο-τασιν
246 1847 475 1882 εὐαγγελίζονται.
500 1847 608 1874 Οὐκέτι·
624 1846 652 1873 δὲ
668 1847 762 1879 αὑταῖς
783 1847 798 1873 ὁ
820 1847 914 1882 Σωτὴρ

122 1894 214 1929 ὤφθη,
230 1894 323 1930 ὥσπερ
335 1891 381 1920 οὖν
392 1895 425 1929 τῇ
438 1893 513 1929 παρὰ
525 1892 564 1928 τῷ
581 1893 691 1930 Ἰωάννῃ
702 1894 748 1920 καὶ
764 1894 822 1924 ταῖς
840 1893 913 1928 παρὰ

185 1940 333 1976 Ματθαίῳ·
363 1940 432 1967 ὥστε
455 1940 606 1972 ἰδιάζουσαν
632 1939 756 1975 ἡγεῖσθαι
781 1940 913 1975 προσήκει

121 1987 173 2023 τὴν
191 1987 318 2023 ἱστορίαν.
337 1985 415 2013 Κατά
425 1986 453 2012 δὲ
466 1986 512 2012 τὸν
527 1986 639 2021 Μάρκον
654 1985 713 2012 λίαν
730 1985 801 2021 πρωῒ
814 1987 846 2021 τῇ
865 1986 914 2021 μιᾷ

120 2033 180 2060 τῶν
192 2033 337 2060 Σαῧὸἀτων
351 2032 474 2068 ἔρχονται
489 2031 535 2058 ἐπὶ
545 2032 576 2058 τὸ
585 2033 715 2068 μνημεῖον
726 2031 913 2063 ἀνατείλαντος

120 2080 173 2108 τοῦ
197 2080 272 2116 ἡλίου
295 2079 373 2107 ἄλλαι
400 2079 480 2106 πάλιν
497 2076 587 2111 αὗται,
614 2080 659 2106 καὶ
675 2080 703 2106 ἐν
723 2079 809 2114 ἑτέρῳ
825 2078 913 2114 καιρῷ

121 2127 218 2160 πάλιν,
237 2128 266 2154 αῖ
285 2128 331 2154 καὶ
351 2127 441 2162 ἔλεγον
457 2126 524 2162 πρὸς
538 2126 647 2157 ἑαυτὰς,
666 2135 675 2151 ι
696 2125 742 2157 Τίς
755 2125 912 2152 ἀποκυλίσει

121 2174 191 2209 ἡμῖν
207 2173 251 2200 τὸν
261 2173 349 2205 λίθον;
370 2183 379 2198 ›
390 2173 436 2199 καὶ
450 2173 584 2208 ἔρχονται,
600 2172 646 2198 καὶ
662 2171 835 2206 εὑρίσκουσιν
849 2170 913 2196 ἀπο-

120 2217 327 2253 κεκυλισμένον,
344 2218 392 2244 καὶ
403 2217 570 2244 εἰσελθοῦσαι
584 2215 652 2243 εἶδον
675 2216 814 2243 νεανίσκον
826 2225 832 2232 υ
849 2216 912 2243 ἔνθα

119 2264 204 2291 πάλιν
217 2264 263 2290 ἐπὶ
283 2263 330 2289 τοῦ
349 2262 441 2289 Λουκᾶ
454 2261 548 2295 ἄνδρες
564 2261 620 2288 ἀλλ’
634 2261 684 2288 οὐκ
703 2261 828 2295 ἄγγελοι,
843 2261 913 2288 οὕτω
928 2279 950 2306 D

117 2311 159 2342 ὠς
178 2309 225 2336 καὶ
235 2309 282 2335 νῦν
297 2309 346 2335 οὐκ
357 2308 471 2343 ἄγγελος
483 2308 649 2343 ὠνόμασται,
667 2307 734 2333 ἀλλὰ
756 2307 910 2339 νεανίσκος-

117 2356 193 2382 Eme
217 2355 263 2380 καὶ
280 2353 383 2389 ταύτην
404 2353 598 2389 ἀφωρισμένην
621 2351 753 2387 εἶναιτὴν
776 2352 910 2387 διήγησιν,

118 2401 170 2428 καὶ
185 2401 232 2426 τὸν
245 2399 361 2434 ὀφθέντα
373 2399 465 2434 ἕτερον
475 2418 482 2429 ,
498 2398 544 2424 καὶ
561 2397 609 2428 τὰς
631 2396 798 2432 ἀφικομένας
818 2396 911 2428 ἄλλας,

118 2447 169 2474 καὶ
185 2446 231 2472 τὸν
244 2445 339 2481 καιρὸν
353 2445 452 2480 ὁμοίως
468 2443 514 2470 τὸν
537 2442 606 2478 μετὰ
620 2442 696 2478 ἡλίου
714 2441 860 2474 ἀνατολάς·
883 2442 912 2474 ὃς

117 2494 146 2519 εί
160 2493 209 2528 μὲν
227 2492 272 2518 καὶ
289 2491 364 2527 παρὰ
377 2489 415 2526 τῷ
432 2490 523 2525 Λουκᾷ
537 2489 678 2524 τερήτητο,
692 2487 808 2522 εὐλόγως
822 2487 853 2514 ἄν
869 2497 911 2520 τις

116 2540 185 2571 τοὺς
200 2538 265 2574 παρ’
280 2537 355 2572 αὐτῷ
367 2536 412 2563 δύο
428 2536 527 2571 ἄνδρας
544 2535 652 2570 ἀπῄτει.
669 2534 716 2560 καὶ
735 2533 798 2565 τοὺς
813 2534 911 2566 αὐτοὺς

116 2588 227 2623 λόγους.
239 2587 271 2614 Εἰ
284 2586 306 2613 δ’
317 2587 331 2613 ὁ
342 2586 450 2617 Λουκᾶς
463 2584 510 2611 τὸν
528 2583 580 2619 πρὸ
604 2583 679 2618 ἡλίου
697 2581 829 2617 ἀνατολῆς
853 2583 947 2618 καιρὸν

117 2638 198 2674 δρας,
215 2635 272 2663 ἀλλ’
289 2635 318 2662 οὐ
334 2635 378 2662 τὸν
394 2633 532 2661 νεανίσκον
545 2633 653 2668 ἱστορεῖ.

502 2691 539 2717 Ζ’.

157 2739 214 2775 (66)
225 2739 369 2774 Τεττάρων
384 2737 413 2765 δὲ
425 2737 509 2764 ὄντων
518 2735 573 2763 τῶν
583 2734 780 2769 amoma»;
789 2755 797 2767 ,
821 2735 908 2771 ἰσάρι-

119 2786 185 2821 θμοι
199 2784 302 2811 τούτων
313 2784 361 2811 καὶ
371 2785 399 2811 αἰ
412 2783 479 2819 πρὸς
491 2782 580 2809 αὐτῶν
590 2782 788 2818 ἀναγραφείσαι
803 2781 911 2816 φαίνον-

118 2840 167 2859 ται
191 2830 336 2858 ὀπτασίαν
354 2830 381 2857 οῖ
407 2838 437 2856 τε
454 2829 545 2866 καιροὶ
557 2829 706 2866 τέσσαρες,
730 2828 778 2856 καὶ
799 2828 824 2855 οι
848 2828 908 2856 καθ’

163 2911 219 2950 (66)
240 2911 308 2939 Cod.
325 2911 359 2945 Α,
374 2910 393 2940 f.
404 2910 466 2939 313.

967 978 1030 1001 rant
1054 984 1086 1002 ex
1108 975 1229 1004 Galilara.
1245 976 1278 1003 Et
1294 977 1334 1004 lue
1370 979 1478 1013 quidem
1502 981 1652 1015 segniores,
1670 989 1757 1017 neque

968 1028 1016 1055 par
1029 1021 1148 1049 studium
1167 1030 1222 1057 pra:
1235 1030 1265 1050 se
1282 1022 1401 1052 ferentes
1417 1024 1471 1052 illis
1486 1033 1547 1060 qua:
1562 1030 1645 1053 noetu
1663 1035 1756 1061 persc-

968 1070 1129 1093 veraverant
1150 1067 1222 1102 apud
1249 1068 1406 1103 sepulcrum
1432 1070 1560 1098 assiduae.
1580 1071 1757 1100 Contestatur

967 1118 1033 1137 vero
1047 1110 1189 1139 MMHIK‘US
1209 1112 1375 1148 Magdalenae
1388 1118 1415 1142 et
1427 1115 1505 1142 alteri
1530 1115 1620 1144 Maria:
1636 1118 1755 1153 vigorem

968 1156 1084 1184 ntultum
1098 1163 1179 1193 atque
1193 1160 1388 1192 constantiam,
1406 1160 1500 1189 dicens
1517 1166 1580 1197 post
1601 1163 1756 1192 Servatoris

968 1203 1122 1238 passionem
1137 1203 1177 1230 sic
1193 1212 1199 1230 :
1219 1213 1228 1229 ‹
1248 1203 1312 1231 Erat
1327 1209 1417 1232 autem
1434 1205 1470 1232 ibi
1482 1205 1566 1234 Maria
1584 1207 1753 1244 Magdalcne,

966 1250 993 1272 et
1007 1247 1091 1274 altera
1117 1248 1212 1281 Maria,
1231 1249 1356 1277 sedentes
1373 1254 1468 1277 contra
1492 1252 1657 1286 sepulcrum.
1674 1263 1682 1280 ι
1702 1254 1754 1282 Sed

967 1293 1007 1320 hae
1021 1293 1132 1328 quidem
1146 1295 1204 1330 ipsa
1223 1295 1266 1324 die
1280 1295 1447 1325 Parasceves
1459 1298 1590 1326 sedebant
1603 1307 1694 1327 coram
1712 1309 1756 1329 sc-

966 1339 1062 1373 pulcro
1083 1349 1090 1367 :
1116 1341 1231 1375 ideoque
1255 1346 1282 1368 et
1305 1342 1422 1370 celerius
1444 1343 1536 1371 vident
1555 1345 1620 1372 boni
1642 1350 1756 1374 eventus

965 1385 1105 1416 nuntium.
1124 1386 1222 1414 deinde
1243 1395 1333 1422 ipsum
1360 1388 1422 1415 vita:
1450 1394 1600 1418 auctorem.
1632 1391 1677 1418 Illa
1691 1399 1756 1419 vero

965 1431 1037 1466 apud
1063 1431 1208 1465 Joannem,
1224 1437 1251 1460 et
1268 1433 1326 1468 ipsa
1348 1442 1457 1470 quoque
1477 1437 1566 1471 primo
1580 1436 1654 1464 videt
1673 1444 1757 1473 ange-

966 1476 1016 1509 los,
1033 1481 1060 1504 et
1072 1482 1167 1512 postea
1183 1477 1356 1507 Servatorem
1377 1481 1466 1515 ipsum
1485 1491 1491 1509 :
1510 1489 1597 1517 neque
1609 1483 1650 1510 liae
1663 1486 1756 1511 tamen

965 1528 1088 1550 aromata
1103 1524 1238 1557 ferebant,
1253 1533 1340 1561 neque
1352 1525 1386 1554 ob
1401 1535 1460 1554 eam
1475 1535 1531 1555 rem
1541 1529 1688 1556 curandam
1702 1529 1757 1558 ive-

965 1573 1036 1597 rant.
1054 1569 1107 1597 Sed
1123 1571 1174 1598 illa:
1189 1571 1298 1598 demum
1310 1579 1370 1606 quae
1383 1579 1414 1599 ex
1427 1571 1535 1600 Galilzea
1549 1572 1642 1600 Jesum
1659 1575 1756 1604 subsc-

967 1619 1037 1642 cutzn
1053 1615 1171 1649 fuerant,
1188 1617 1334 1652 multaeque
1348 1618 1418 1652 apud
1431 1618 1533 1645 Lucam
1548 1619 1684 1654 feruntur,
1707 1622 1751 1650 die

967 1660 1134 1689 Paraseeves
1149 1661 1183 1689 de
1204 1662 1264 1689 low
1286 1670 1412 1695 reversae,
1438 1669 1603 1699 paraverunt
1619 1670 1753 1700 aromata,

964 1707 1065 1742 quippe
1080 1715 1140 1742 quae
1160 1708 1265 1736 nullum
1290 1711 1502 1738 resurrectionis
1513 1711 1643 1739 indicium
1653 1720 1755 1748 cogno-

964 1757 1070 1780 verant.
1088 1752 1194 1780 Idcirco
1206 1754 1249 1781 his
1260 1754 1315 1782 duo
1323 1755 1373 1782 viri
1389 1755 1418 1782 in
1433 1760 1510 1783 veste
1520 1756 1639 1791 fulgente
1651 1762 1753 1789 astant.

964 1799 1146 1834 nuntiantque
1173 1801 1415 1828 resurrectionem.
1445 1801 1572 1829 Nondum
1594 1803 1638 1830 his
1661 1807 1752 1832 tamen

965 1843 1096 1872 Servator
1110 1846 1249 1880 apparuit,
1265 1846 1337 1874 sicut
1355 1847 1393 1874 illi
1410 1853 1572 1882 apparuerat
1584 1848 1654 1884 apud
1670 1848 1754 1876 Joan-

964 1898 1038 1923 nem,
1061 1895 1088 1918 et
1110 1891 1164 1919 illis
1190 1892 1261 1928 apud
1283 1892 1456 1927 Matthaaum;
1480 1894 1517 1921 ita
1538 1898 1568 1921 ut
1587 1895 1752 1929 peculiarem

963 1935 1035 1963 hanc
1062 1940 1185 1971 oporteat
1209 1937 1352 1965 historiam
1369 1938 1537 1966 existimare.
1562 1939 1686 1975 Denique
1708 1948 1753 1968 se-

965 1982 1085 2009 cundum
1106 1982 1227 2011 Marcum
1245 1983 1324 2012 valde
1337 1992 1417 2012 mane
1439 1993 1492 2012 una
1509 1985 1690 2013 Sabbatorum
1705 1995 1753 2014 ve--

963 2028 1042 2054 niunt
1057 2028 1090 2055 ad
1105 2032 1312 2056 monumentum
1328 2034 1389 2056 orto
1401 2029 1457 2064 jam
1475 2030 1541 2057 sole.
1569 2030 1634 2058 Alia:
1652 2032 1753 2067 pariter

963 2074 1005 2101 lia).
1019 2079 1100 2107 sunt,
1116 2075 1224 2110 alioque
1240 2076 1341 2110 pariter
1354 2081 1493 2112 tempore;
1511 2085 1571 2111 quae
1584 2082 1611 2104 et
1625 2077 1753 2106 dicebant
1790 2092 1793 2096 -

963 2122 996 2148 ad
1010 2121 1126 2149 invicem
1144 2132 1152 2149 :
1176 2131 1184 2147 ι
1204 2122 1271 2155 Quis
1287 2123 1406 2150 revolvet
1419 2123 1499 2150 nobis
1524 2123 1659 2158 lapidem?
1679 2133 1688 2149 ι
1706 2133 1753 2152 ve-

963 2167 1108 2203 niuntque,
1126 2171 1153 2195 et
1169 2170 1320 2196 revolutum
1333 2170 1515 2205 comperiunt,
1531 2173 1557 2197 et
1570 2170 1753 2205 ingressaeju-

963 2222 1060 2242 venem
1073 2215 1184 2247 vident;
1204 2217 1240 2242 ita
1254 2219 1283 2242 ut
1305 2216 1362 2243 haec
1376 2217 1459 2243 etiam
1474 2216 1588 2243 diversa:
1602 2217 1640 2244 rei
1657 2224 1753 2243 narra-

964 2261 1002 2288 tio
1019 2261 1064 2292 sit,
1083 2265 1110 2289 ct
1127 2261 1198 2289 alius
1211 2262 1257 2296 qui
1274 2262 1350 2290 visus
1363 2266 1416 2293 est.
1427 2266 1454 2289 et
1465 2263 1524 2289 alia:
1534 2270 1594 2297 qum
1607 2266 1750 2294 venerunt.

964 2311 991 2335 ct
1008 2308 1133 2335 similiter
1149 2308 1201 2336 diei
1214 2313 1322 2343 tempus
1333 2312 1394 2343 post
1405 2309 1471 2336 solis
1484 2313 1573 2336 ortum
1591 2318 1598 2336 :
1614 2317 1674 2344 qua:
1684 2313 1751 2336 tem—

963 2353 1038 2387 poris
1050 2353 1154 2380 notatio
1171 2353 1193 2380 si
1211 2353 1304 2381 eadem
1317 2353 1388 2389 apud
1402 2353 1503 2380 Lucam
1519 2355 1609 2385 fieret,
1623 2358 1695 2381 recte
1712 2353 1750 2381 le-

962 2403 1023 2426 ctor
1040 2406 1054 2425 a
1073 2399 1165 2426 Marco
1181 2400 1334 2434 requireret
1355 2404 1384 2427 et
1405 2400 1480 2427 viros
1494 2400 1581 2431 duos,
1599 2403 1625 2426 et
1640 2399 1749 2426 eosdem

963 2452 1112 2472 sermones.
1142 2444 1219 2472 Nunc
1241 2453 1302 2472 cum
1318 2445 1407 2473 Lucas
1419 2445 1472 2473 diei
1488 2446 1581 2472 horam
1596 2449 1659 2472 ante
1684 2445 1750 2472 solis

963 2494 1052 2517 ortum
1076 2492 1282 2526 pratoceuparit,
1300 2492 1397 2519 merito
1421 2496 1448 2518 et
1472 2492 1533 2518 illos
1557 2491 1604 2526 qui
1619 2491 1669 2518 visi
1687 2493 1751 2517 sunt

964 2535 1034 2563 duos
1050 2536 1122 2564 viros
1135 2537 1202 2564 dicit
1213 2557 1220 2568 ,
1238 2545 1292 2565 non
1306 2541 1397 2564 autent
1411 2544 1493 2564 unum
1507 2537 1633 2571 juvenem
1647 2540 1749 2562 narrat.

966 2583 1127 2620 προῦλαϐεν,
1148 2585 1259 2617 εἰκότως
1279 2585 1325 2612 καὶ
1341 2585 1403 2616 τοὺς
1415 2584 1474 2611 τότε
1488 2583 1618 2618 ὀφθέντας
1641 2583 1687 2610 δύο
1705 2583 1751 2610 ἄν-

1331 2688 1386 2716 Vll.

997 2737 1057 2765 Jam
1075 2737 1139 2773 quia
1156 2740 1275 2772 quatuor
1289 2735 1462 2771 evangelista:
1477 2738 1551 2766 sunt,
1563 2741 1621 2768 pari
1637 2738 1751 2760 numero

961 2783 1145 2817 comperimus
1162 2782 1232 2818 apud
1249 2782 1324 2816 ipsos
1338 2780 1456 2816 scriptas
1472 2779 1610 2811 visiones;
1627 2781 1750 2812 tempora

961 2829 1026 2857 item
1041 2833 1176 2863 quatuor;
1199 2831 1226 2855 et
1249 2827 1287 2854 illi
1304 2827 1368 2855 item
1386 2825 1434 2861 qui
1449 2824 1566 2860 singulis
1581 2823 1751 2859 temporibus
