2037 3215
266 196 319 226 995

619 188 753 220 EUSEBII
771 185 1010 218 CESARIENSIS
1025 186 1101 215 OPP.
1121 186 1210 214 PARS
1228 185 1274 214 ill.
1294 200 1328 206 —
1352 183 1560 212 EXEGETICA.

1845 181 1893 211 996

266 257 469 292 apparuerunt,
488 251 642 288 singulares
657 255 721 278 sunt
737 260 744 278 :
763 249 879 277 diversae
893 255 1002 283 quoque
1014 247 1058 274 vi-

1118 247 1224 274 ἱκαστον
1241 245 1335 281 καιρὸν
1342 244 1484 279 ὀφθέντες,
1501 243 1646 275 ἰδιάζοντες
1657 250 1664 257 °
1684 241 1786 278 ὁμοίως
1807 241 1836 268 δὲ
1850 242 1894 269 καὶ

265 303 362 331 dentes
377 301 516 331 mulieres,
529 303 556 326 et
568 297 757 333 apparentium
777 296 844 331 ipsis
858 302 999 324 sermones
1010 301 1058 321 va-

265 350 349 376 riant.
370 347 493 374 P’imum
512 345 563 372 fuit
584 351 692 379 tempus
706 343 779 378 quod
795 342 891 370 scribit
905 341 1057 371 Matthazus,

266 402 329 422 sero
345 393 527 420 Sabbatorum
540 391 647 418 dicens.
660 389 794 422 Quartum
805 392 832 415 et
846 387 972 418 ultimum
987 385 1058 421 apud

267 440 387 467 Marcum
403 443 463 465 orto
479 437 534 472 jam
553 437 610 464 sole
627 436 787 463 decurrens.
811 433 899 461 Media
912 436 976 460 sunt
991 436 1060 459 tem-

266 493 334 521 pora
347 485 417 520 apud
434 483 568 511 Joannem
585 487 666 517 alque
678 481 790 508 Lucam.
805 481 953 515 Propterea
967 482 994 506 et
1008 478 1060 505 visi

267 531 358 566 angeli
376 530 530 565 peculiares
545 533 619 556 sunt.
640 527 707 554 Nam
721 535 783 554 sero
799 525 993 557 Sabbatorum,
1012 531 1061 550 an-

267 577 345 612 gelus
358 583 429 603 unus
446 583 479 602 ex
495 577 682 606 monumento,
700 576 761 608 post
786 579 865 607 quem
880 576 913 598 et.
923 570 981 605 ipse
997 569 1062 596 Ser-

270 627 356 649 vator.
382 621 461 648 Mane
473 623 564 648 autem
577 620 642 647 dum
658 619 777 646 tenebrze
792 618 882 645 adhuc
898 619 1002 648 essent,
1020 616 1062 642 in-

270 672 312 695 tra
327 670 534 695 monumentum
549 667 637 701 angeli
652 665 721 698 duo;
741 669 800 701 post
813 672 882 700 quos
893 664 983 691 denuo
999 663 1063 690 Ser-

269 720 361 743 vator.
381 714 466 742 Valde
482 721 563 741 mane
581 721 646 741 vero
661 713 706 740 alii
726 713 877 744 secundum
889 711 990 739 Lucam
1008 711 1063 738 duo

270 761 322 788 viri
337 760 487 792 nominati,
506 759 579 786 haud
600 759 674 786 intra
688 762 895 786 monumentum
911 757 1061 792 conspecti.

270 807 385 835 Demum
401 810 557 842 postremus
572 805 695 833 omnium
709 805 820 840 juvenis
831 805 877 840 qui
891 803 1064 832 venientibus

271 857 334 881 orto
349 853 406 880 sole
421 852 583 880 mulieribus
600 860 629 880 se
642 851 752 879 obtulit.
774 851 802 878 Si
818 859 884 886 ergo
897 858 982 878 unum
997 858 1064 877 cun--

273 900 310 939 eti
324 899 451 933 idemque
467 902 576 934 tempus
592 898 780 933 scripsissent,
796 897 978 932 eumdemque
992 895 1060 924 desi-

274 948 406 981 gnassent
418 945 509 971 locum
519 964 527 976 ,
542 952 630 979 neque
644 948 734 971 tamen
750 943 859 971 easdem
880 942 1065 978 apparitiones

273 991 476 1026 exposuissent,
484 991 582 1018 merito
595 989 712 1017 fortasse
724 989 824 1024 aliquis
832 997 977 1016 censuram
987 996 1066 1016 exer-

274 1041 358 1064 ceret.
385 1035 438 1062 Sed
453 1043 515 1062 cum
528 1040 651 1070 tempora
664 1035 841 1063 distinxerim
852 1056 860 1068 ,
877 1039 904 1062 et
919 1034 1066 1069 unicuique

275 1082 390 1118 tempori
401 1082 491 1108 locum
504 1082 645 1117 proprium
658 1081 935 1112 accommodaverint.
943 1081 1067 1116 sequitur

274 1131 306 1154 ut
334 1127 456 1154 diversas
491 1133 601 1162 quoque
633 1126 822 1161 apparitiones
853 1124 1065 1160 deseripserint.

275 1173 353 1200 Sicut
365 1177 473 1204 contra,
489 1172 512 1199 si
531 1180 612 1199 unam
628 1172 721 1199 cuncti
734 1171 933 1207 apparitionem
950 1178 1068 1198 comme-

275 1222 440 1251 morassent,
466 1226 608 1252 unumque
631 1217 768 1245 dixissent
791 1217 934 1252 angelum,
952 1220 998 1242 aut
1013 1215 1067 1243 duo

275 1262 451 1290 concorditer
467 1262 590 1296 angelos,
607 1262 650 1289 vel
665 1262 728 1289 item
745 1261 815 1289 duos
832 1262 916 1292 viros.
931 1261 1067 1296 autjuve-

275 1315 338 1335 nem
364 1314 469 1337 unum;
488 1310 545 1333 tum
566 1306 665 1334 deinde
687 1311 811 1341 tempora
828 1306 996 1337 variassent,
1016 1313 1067 1333 nec

276 1360 362 1380 unum
389 1352 568 1379 denotasscnt
595 1352 705 1384 locum,
722 1352 759 1379 ita
783 1359 893 1386 quoque
917 1350 1068 1386 reprehen—

277 1398 348 1427 sioni
365 1399 442 1426 locus
463 1402 546 1426 esset.
561 1397 639 1424 Nunc
652 1405 743 1425 sermo
761 1397 916 1432 praecipuus
941 1401 968 1424 et
992 1397 1065 1423 inva-

277 1443 384 1471 riabilis
405 1447 508 1474 manet,
529 1443 648 1471 diversis
681 1442 854 1478 temporibus
877 1442 1000 1476 locisque
1021 1449 1068 1468 va-

277 1490 382 1516 riantes
407 1489 528 1516 visiones
555 1488 667 1520 sistens,
695 1491 722 1515 et
746 1488 843 1514 barum
868 1487 1066 1522 spectatrices,

278 1535 346 1562 item
371 1535 508 1568 diversas,
524 1535 593 1562 duas
621 1535 683 1562 illas
711 1535 817 1569 priores
842 1533 967 1561 diversas
984 1541 999 1560 a
1023 1541 1066 1561 se-

279 1580 381 1612 cunda,
397 1581 546 1615 tertiasque
571 1580 700 1608 similiter
726 1588 741 1607 a
765 1580 873 1615 quartis
899 1579 1066 1607 dill‘erentes.

278 1626 414 1654 Nimirum
441 1630 502 1662 post
525 1626 636 1661 juvenis
658 1633 721 1653 cum
742 1626 889 1661 postremis
907 1625 1068 1653 mulieribus

279 1673 457 1708 colloquium,
473 1680 589 1708 quarum
608 1672 719 1699 nomina
735 1680 790 1700 non
808 1677 958 1707 ponuntur,
981 1671 1069 1707 pergit

279 1717 371 1746 dicere
384 1718 493 1746 Marcus
510 1728 517 1746 ;
538 1728 546 1743 ι
562 1717 622 1751 Quo
643 1717 738 1745 audito
760 1718 899 1753 fugerunt,
915 1723 942 1746 et
966 1719 1068 1746 netnini

279 1763 429 1798 quidquam
450 1763 590 1795 dixerunt,
608 1763 743 1791 timebant
770 1764 854 1790 enim.
873 1773 882 1788 ›
900 1762 946 1790 llze
970 1771 1069 1798 nempe

280 1810 391 1837 fuerunt
414 1809 560 1844 ejusmodi,
578 1809 683 1844 pavida:
706 1817 738 1836 ac
762 1810 845 1837 nimis
874 1809 1067 1841 formidolosae,

280 1855 309 1882 in
319 1858 426 1881 tantum
443 1859 472 1881 ut
490 1862 523 1881 ne
536 1855 631 1889 juveni
646 1854 756 1890 quidem
774 1855 958 1883 auscultarint
968 1855 1069 1882 dicenti

280 1901 321 1929 eis
340 1910 346 1928 τ
366 1910 376 1927 ι
392 1901 430 1928 lte
444 1905 472 1928 et
489 1900 573 1928 dicite
594 1901 739 1936 discipulis
757 1901 816 1935 ejus
832 1905 858 1929 et
878 1901 959 1929 Petro
974 1911 981 1929 :
998 1901 1070 1930 Ecce

281 1947 412 1982 praecedit
426 1954 475 1974 vos
490 1947 518 1973 in
534 1946 683 1974 Galilaeam.
701 1957 710 1972 ι
733 1947 781 1974 llis
803 1947 875 1974 enim
892 1947 993 1975 auditis
1013 1956 1070 1976 ser-

281 1991 421 2022 monibus,
447 1991 616 2017 contrarium
632 1991 767 2019 fecerunt.
793 1991 827 2018 At
850 1992 901 2019 illa:
921 1993 992 2028 apud
1013 1993 1069 2020 Lu-

282 2043 354 2068 cam,
369 2037 404 2064 de
425 2041 604 2063 monumento
627 2044 759 2070 reversae,
789 2039 986 2066 nuntiaverunt
1012 2039 1070 2066 hac

283 2083 375 2110 omnia
394 2083 531 2110 undecim.
551 2083 682 2111 Similiter
694 2088 721 2111 et
736 2085 807 2120 apud
821 2084 955 2112 Joannem
972 2086 1070 2113 mulier

283 2129 357 2156 venit
380 2129 413 2156 ad
432 2129 594 2164 discipulos,
622 2137 714 2157 rerum
732 2138 799 2165 quas
827 2130 932 2158 viderat
960 2131 1068 2158 nuntia.

284 2173 356 2202 Sola:
370 2175 422 2202 illa;
442 2175 514 2210 apud
538 2175 660 2202 Mar-tum
675 2181 818 2211 postrema:
833 2177 1068 2211 supervenientes,

283 2228 403 2255 vereque
419 2221 557 2255 serotinm,
580 2222 616 2248 ita
632 2226 662 2248 ut
677 2228 740 2257 post
754 2226 844 2249 ortum
859 2222 923 2249 illuc
940 2230 1070 2257 pervene-

284 2266 341 2293 rint
357 2286 365 2299 ,
381 2273 470 2301 neque
485 2266 657 2294 Servatorem
673 2263 870 2303 videre'digme
885 2267 1006 2300 fuerunt,
1021 2277 1070 2297 ne-

283 2318 338 2346 que
360 2319 446 2338 unum
466 2311 616 2347 fulgentem
635 2313 773 2347 angelum,
797 2321 884 2348 neque
906 2313 975 2341 duos
999 2314 1071 2341 intra

283 2362 504 2390 monumentum,
526 2367 615 2394 neque
636 2359 698 2387 illos
715 2367 784 2394 quos
804 2360 878 2388 viros
888 2360 953 2388 dicit
965 2361 1070 2390 Lucas:

284 2404 430 2439 quemdam
455 2405 647 2441 tantummodo
668 2405 795 2439 juvenem
817 2411 983 2441 aspexerunt
1005 2415 1072 2435 cau-

283 2449 348 2477 dida
362 2451 434 2477 stola
449 2456 610 2486 coopertum
625 2471 632 2483 ,
647 2458 798 2486 congruam
824 2452 929 2487 exiguae
951 2453 1071 2487 ipsarum

284 2497 369 2524 menti
383 2497 516 2524 visionem
533 2500 687 2524 consecutae
704 2506 711 2524 :
731 2502 758 2525 et
781 2497 855 2525 bunc
867 2499 988 2526 albatum
1010 2499 1072 2527 festi

283 2550 368 2570 causa
383 2546 541 2578 spectantes
552 2563 560 2575 ,
578 2546 670 2570 tamen
687 2543 829 2572 admiratae
847 2545 980 2579 sunt;sic
998 2545 1071 2573 enim

283 2588 317 2616 de
346 2588 389 2616 bis
413 2588 522 2617 Marcus
549 2593 686 2624 testatur;
702 2598 858 2625 quanquam
882 2591 909 2618 in
932 2592 1072 2626 prioribus

283 2635 359 2662 nulla
374 2635 495 2669 stuporis
513 2636 615 2663 mentio
631 2640 683 2664 est.
701 2637 758 2672 Age
779 2645 855 2670 vero,
883 2636 1071 2672 Magdalenam

283 2685 444 2708 constanter
457 2682 484 2708 in
496 2682 557 2709 loco
571 2686 805 2718 perseverantem,
819 2682 950 2710 credibile
963 2688 1005 2711 est
1017 2691 1072 2710 non

283 2726 390 2760 priores
406 2730 514 2754 tantum
532 2728 717 2763 apparitiones
731 2728 834 2756 vidisse
853 2729 1012 2764 angelorum
1024 2729 1071 2764 qui

285 2772 338 2799 sibi
360 2773 408 2799 uni
422 2777 612 2806 occurrerant,
629 2775 676 2802 sed
699 2778 726 2802 et
752 2775 827 2802 illum
853 2775 925 2810 apud
949 2774 1071 2802 Marcum

285 2818 400 2854 reliquis
423 2820 587 2848 mulieribus
612 2825 791 2855 conspectum
823 2822 962 2857 juvenem.
996 2822 1071 2849 idem

284 2864 363 2893 dicas
390 2865 454 2893 licet
475 2867 558 2894 etiam
580 2867 614 2895 de
637 2868 754 2896 historia
782 2868 854 2904 apud
884 2866 996 2902 Lucam,
1024 2869 1071 2904 qui

287 2915 349 2947 post
365 2912 511 2947 multarum
534 2914 679 2951 mulierum
705 2915 862 2946 adventum.
879 2919 980 2952 etpost
1003 2915 1072 2944 duo-

1109 293 1136 319 al
1161 292 1307 328 θεώμεναι,
1322 291 1458 327 διάφορογ
1472 291 1518 317 καὶ
1542 290 1567 316 οἱ
1581 289 1635 315 τῶν
1651 288 1787 323 ὀφθέντων
1806 288 1895 320 αὐτοῖς

1108 339 1193 373 λόγοι,
1205 338 1416 368 διαλλάττοντες.
1439 336 1550 372 Πρῶτος
1566 335 1615 371 μὲν
1630 334 1684 371 γὰρ
1707 332 1741 370 ἦν
1766 334 1862 369 καιρὸς
1881 334 1895 360 ό

1109 386 1185 421 παρὰ
1202 386 1241 420 τῷ
1256 384 1388 419 Ματθαίῳ
1402 383 1450 418 ὀψὲ
1465 383 1610 409 Σαόϐἁτων
1626 381 1770 416 λεγόμενος
1780 389 1787 396 ο
1801 381 1895 416 τέταρ-

1109 440 1156 463 τος
1169 431 1196 457 δὲ
1211 431 1259 457 καὶ
1269 429 1423 460 τελευταῖος
1439 429 1453 454 ὁ
1467 427 1543 464 παρὰ
1555 427 1595 462 τῷ
1613 428 1720 462 Μάρκῳ
1740 426 1816 462 ἡλίου
1834 426 1896 452 ἀνι-

1110 478 1247 508 τείλαντος
1261 475 1412 514 ἱστορηθείς
1421 484 1427 490 ·
1446 475 1522 510 μέσοι
1539 474 1566 500 δὲ
1581 474 1594 500 ὅ
1605 482 1633 499 τε
1644 473 1720 509 παρὰ
1730 472 1769 508 τῷ
1788 472 1895 508 Ἰωάννῃ

1111 525 1159 551 καὶ
1173 524 1187 551 6
1198 523 1272 560 παρὰ
1281 523 1320 558 τῷ
1335 523 1441 557 Λουκᾷ·
1457 521 1496 548 διὸ
1512 521 1558 547 καὶ
1571 521 1595 546 οἱ
1606 519 1733 554 ὀφθέντες
1754 519 1825 546 κατὰ
1840 527 1896 545 και-

1113 571 1158 607 ρὸν
1173 570 1327 602 ἰδιάζοντες.
1349 568 1412 603 Ὀψὲ
1428 568 1476 604 μὲν
1491 566 1545 602 γὰρ
1561 566 1706 592 Σαΰόάτων
1722 565 1836 599 ἄγγελος
1860 562 1897 596 εἷς

1113 618 1144 643 ὲκ
1158 615 1204 642 τού
1221 616 1376 651 μνήματος*
1391 615 1450 650 μεθ’
1463 615 1492 641 ὃν
1509 614 1556 640 καὶ
1571 612 1650 644 αὐτὸς
1664 613 1677 639 6
1697 612 1809 647 Σωτήρ’
1829 610 1897 646 πρωϊ

1113 662 1140 689 δὲ
1153 662 1191 689 ἔτι
1205 662 1314 693 σκοτίας
1327 661 1420 696 οὔσης,
1436 661 1501 687 εἵσω
1514 659 1559 686 τοῦ
1573 660 1712 695 μνήματος
1723 657 1834 692 ἄγγελοι
1845 657 1897 683 δύο·

1116 708 1174 744 μεθ’
1183 707 1230 740 οὓς
1246 708 1325 735 πάλιν
1339 709 1353 734 6
1363 707 1444 739 αὐτὸς
1452 707 1557 742 Σωτήρ.
1569 705 1635 741 Ὄρθ
1641 713 1686 740 ρου
1697 705 1725 730 δὲ
1738 704 1833 739 βαθέος
1845 704 1899 730 ἕτε-

1116 762 1156 790 ροι
1174 755 1244 781 κατὰ
1258 754 1303 781 τὸν
1326 754 1432 780 Λουκᾶν
1451 752 1497 779 δύο
1515 752 1610 788 ἄνδρες
1634 750 1824 786 ὠνομασμένοι
1853 750 1901 776 οὐκ

1115 801 1180 829 εἵσω
1193 800 1240 827 τοῦ
1259 801 1398 836 μνήματος
1411 798 1548 833 ὀφθέντες.
1566 795 1622 824 Εἶθ’
1646 796 1759 832 ὕστερον
1776 796 1900 823 ἁπάντων

1115 848 1129 873 ὁ
1143 846 1283 877 νεανίσκος
1295 865 1302 876 ,
1321 846 1335 871 6
1353 845 1412 874 ταῖς
1424 843 1501 878 ἡλίου
1515 841 1701 872 ἀνατείλαντος
1725 839 1902 875 ἁφικομέναις

1115 892 1287 927 τεθεαμένος.
1320 891 1351 917 Εἰ
1385 889 1435 926 μὲν
1457 887 1504 916 οὖν
1533 889 1581 915 ἕνα
1610 887 1705 923 καιρὸν
1728 887 1868 922 εἰρηκότες
1880 887 1903 913 οἱ

1080 935 1102 963 Β
1117 939 1217 970 πάντες
1246 937 1292 964 καὶ
1315 937 1361 964 τὸν
1395 936 1476 963 αὐτὸν
1499 934 1705 971 ἀναγράψαντες
1741 933 1845 965 τόπον,
1874 932 1903 958 οὑ

1115 984 1166 1017 τὰς
1197 984 1282 1016 αὑτὰς
1312 983 1472 1018 ἐπιφανείας
1493 981 1623 1018 ἐδήλουν,
1647 980 1699 1007 κᾶν
1728 980 1848 1014 εὐλόγως
1874 979 1905 1006 ἄν

1116 1039 1158 1062 τις
1179 1029 1333 1066 ἐμέμψατο.
1353 1029 1384 1055 Εἰ
1400 1028 1423 1054 δ’
1440 1027 1581 1063 ἀφώρισαν
1603 1027 1666 1058 τοὺς
1683 1026 1813 1061 χρόνους,
1839 1024 1905 1051 ἔνει-

1119 1076 1172 1111 μάν
1206 1084 1236 1102 τε
1273 1074 1334 1102 καθ’
1365 1074 1480 1101 ἕκαστον
1509 1073 1606 1108 χρόνον
1637 1073 1684 1098 καὶ
1723 1071 1805 1098 τόπον
1842 1071 1905 1098 ἰδιά-

1117 1122 1216 1154 ζοντα,
1233 1120 1388 1152 ἀκολούθως
1413 1119 1442 1146 δὲ
1465 1119 1607 1155 διαφόρους
1633 1118 1680 1145 καὶ
1706 1119 1755 1150 τὰς
1774 1118 1907 1149 ὀπτασίας

1116 1167 1284 1204 ἀνέγραψαν.
1307 1167 1350 1199 Ὠς
1367 1167 1446 1202 εἴπερ
1460 1164 1529 1202 ἦσαν
1547 1166 1610 1201 μιᾶς
1627 1165 1675 1200 μὲν
1695 1165 1719 1191 οἱ
1731 1165 1831 1196 πάντες
1848 1159 1906 1190 επι-

1117 1214 1230 1249 φανείας
1254 1213 1501 1250 μνημονεύσαντες,
1518 1213 1565 1239 καὶ
1590 1212 1638 1239 ἕνα
1668 1212 1768 1246 φάντες
1793 1211 1907 1245 ἄγγελον

1118 1258 1238 1296 ὦφθαιῆ
1258 1261 1304 1287 δύο
1328 1260 1480 1295 συμφώνως
1501 1259 1634 1294 ἀγγέλους
1659 1259 1816 1294 εἰρηκότες,
1839 1258 1854 1293 ἢ
1873 1255 1905 1284 αὖ

1119 1306 1199 1333 πάλιν
1214 1306 1260 1333 δύο
1274 1306 1373 1342 ἄνδρας
1385 1306 1401 1341 ἦ
1417 1306 1556 1332 νεανίσκον
1570 1305 1634 1330 ἓνα-
1649 1302 1708 1330 εἷτα
1719 1304 1781 1335 τοὺς
1796 1304 1908 1338 καιροὺς

1117 1353 1290 1389 διήλλαττον,
1311 1352 1326 1388 ἦ
1350 1353 1387 1388 μὴ
1403 1353 1467 1383 τοὺς
1492 1352 1588 1383 αὐτοὺς
1608 1350 1717 1385 ἐδήλουν
1742 1350 1859 1382 τόπους,
1872 1347 1908 1385 ἦν

1118 1398 1151 1425 ἂν
1166 1398 1213 1424 καὶ
1234 1397 1304 1424 οὕτω
1334 1396 1502 1432 μέμψασθαι.
1527 1395 1584 1421 Νῦν
1601 1395 1622 1420 δ’
1647 1396 1661 1421 6
1687 1393 1765 1428 λόγος
1790 1392 1909 1428 ἀκριϐὴς

1120 1444 1194 1480 μένει
1222 1443 1268 1470 καὶ
1298 1442 1456 1478 ἀδιάϐλητος
1488 1442 1534 1468 ἐπὶ
1564 1441 1669 1476 καιροῖς
1693 1439 1832 1475 διαφόροις
1861 1440 1909 1465 καὶ

1118 1490 1211 1522 τόποις
1225 1488 1436 1520 ὲναλλαττούσας
1451 1487 1498 1519 τὰς
1513 1487 1644 1518 ὀπτασίας
1657 1486 1784 1520 εἰσάγων,
1798 1485 1846 1512 καὶ
1860 1484 1911 1516 τὰς

1118 1536 1220 1563 τούτων
1237 1535 1356 1571 θεωροὺς
1380 1535 1461 1561 πάλιν
1475 1534 1635 1569 διαφόρους,
1662 1532 1756 1568 ἐτέρας
1787 1531 1836 1567 μὲν
1862 1531 1911 1562 τὰς

1119 1582 1166 1608 δύο
1183 1581 1304 1618 πρώτας,
1327 1581 1401 1617 παρὰ
1415 1581 1465 1616 τὴν
1479 1579 1623 1615 δευτέραν·
1643 1579 1691 1605 καὶ
1707 1578 1756 1610 τὰς
1771 1578 1867 1614 τρίτας
1884 1577 1913 1604 δὲ

1122 1628 1251 1659 ὡσαύτως
1265 1627 1362 1663 ἐτέρας
1376 1627 1430 1652 τῶν
1449 1626 1595 1662 τετάρτων.
1621 1625 1724 1651 Αὐτίκα
1736 1624 1757 1651 δ’
1775 1623 1822 1651 οὖν
1843 1625 1913 1660 μετᾶ

1123 1675 1172 1710 τὴν
1182 1674 1228 1701 τοῦ
1238 1673 1378 1700 νεανίσκου
1394 1672 1462 1709 πρὸς
1475 1672 1524 1704 τὰς
1537 1671 1693 1703 τελευταίας
1703 1672 1836 1705 γυναῖκας
1854 1672 1913 1706 ὁμι-

1122 1721 1192 1752 λίαν,
1203 1717 1240 1747 ὧν
1251 1720 1285 1747 τὰ
1298 1719 1416 1754 ὀνόματα
1431 1719 1481 1745 οὐκ
1490 1718 1665 1754 ἐμφέρονται.
1676 1717 1795 1751 ἐπιλέγει
1803 1718 1817 1743 6
1834 1717 1913 1752 Μάρ-

1123 1774 1181 1798 κος³
1196 1776 1205 1791 ί
1218 1766 1273 1792 Καὶ
1290 1765 1438 1792 ἀκούσασαι
1456 1764 1566 1798 ἔφυγον,
1584 1764 1630 1790 καὶ
1638 1763 1724 1790 οὐδενὶ
1738 1763 1814 1789 οὐδὲν
1825 1759 1912 1793 εἷπον,

1123 1811 1269 1848 ἐφοϐοῦντο
1287 1811 1356 1846 γὰρ’
1374 1821 1382 1836 ιι
1401 1809 1480 1837 αὗται
1491 1810 1540 1845 μὲν
1548 1808 1593 1836 οὖν
1601 1809 1779 1836 τοιαῦταικαὶ
1787 1810 1915 1844 ἔμφοϐοι,

1123 1859 1170 1886 καὶ
1187 1859 1246 1884 λίαν
1256 1857 1352 1889 δειλαὶ,
1359 1857 1397 1889 ὡς
1407 1857 1473 1892 μηδὲ
1486 1856 1630 1892 πεισθῆναι
1639 1855 1677 1891 τῷ
1686 1856 1822 1891 νεανίσκῳ
1832 1857 1913 1890 φάντι

1123 1903 1191 1939 πρὸς
1209 1902 1309 1934 αὑτάς·
1332 1911 1341 1927 ι
1362 1902 1494 1936 Ὑπάγετε
1519 1902 1566 1928 καὶ
1588 1901 1683 1927 εἴπατε
1702 1901 1759 1932 τοῖς
1778 1901 1913 1936 μαθηταῖς

1122 1949 1204 1976 αὐτοῦ
1221 1949 1268 1975 καὶ
1290 1947 1328 1983 τῷ
1356 1947 1468 1982 Πέτρῳ,
1488 1947 1552 1973 Ἰδοὺ
1574 1946 1689 1982 προάγει
1705 1946 1778 1981 ὑμᾶς
1804 1947 1844 1977 εἰς
1867 1946 1917 1980 τὴν

1123 1994 1283 2021 Γαλιλαίαν·
1307 2002 1316 2018 ι
1340 1992 1441 2019 τούτων
1466 1991 1521 2027 γὰρ
1548 1991 1699 2018 ἀκούσασαι
1730 1991 1785 2017 τῶν
1814 1990 1914 2025 λόγων,

1123 2039 1277 2067 τούναντίον
1293 2038 1472 2074 διεπράξαντο
1483 2047 1490 2053 ·
1509 2039 1536 2064 αἱ
1550 2037 1578 2064 δὲ
1595 2037 1670 2072 παρὰ
1683 2037 1722 2072 τῷ
1733 2038 1827 2072 Λουκᾷ
1847 2038 1917 2063 ἁπο-

1125 2086 1274 2122 στρέψασαι
1306 2085 1359 2112 ἀπὸ
1387 2084 1434 2111 τοῦ
1463 2085 1602 2120 μνήματος
1629 2084 1801 2120 ἀπήγγειλαν
1828 2084 1917 2110 ταῦτα

1123 2133 1211 2160 πάντα
1222 2134 1277 2164 τοίς
1291 2131 1397 2158 ἕνδεκα.
1411 2130 1525 2166 Ὁμοίως
1537 2130 1565 2157 δὲ
1577 2131 1624 2158 καὶ
1636 2131 1652 2166 ἠ
1664 2130 1740 2166 παρὰ
1750 2130 1789 2166 τῷ
1803 2131 1916 2168 Ἰωάννῃ

1123 2180 1232 2215 ἔρχεται
1249 2178 1316 2214 πρὸς
1329 2177 1392 2209 τοὺς
1408 2177 1531 2213 μαθητὰς
1542 2176 1750 2211 ἀπαγγέλλουσα
1763 2176 1781 2203 ἃ
1793 2176 1916 2214 ἑώρακε.

1123 2226 1210 2253 Μόναι
1227 2225 1255 2251 δὲ
1270 2225 1298 2251 αἱ
1318 2224 1392 2260 παρὰ
1405 2224 1443 2260 τῷ
1458 2224 1565 2260 Μάρκῳ
1582 2223 1677 2250 πασῶν
1692 2222 1805 2250 ὕσταται
1822 2223 1918 2250 ἐλθοῦ-

1125 2277 1179 2301 σαι,
1199 2269 1246 2295 καὶ
1260 2268 1366 2303 ἀληθῶς
1380 2268 1542 2303 ὀψισθεῖσαι,
1556 2268 1594 2299 ὡς
1607 2266 1676 2303 μετά
1692 2268 1825 2303 ἀνατολὴν
1838 2269 1917 2304 ἡλίου

1124 2317 1277 2350 ἐπιστῆναι,
1288 2314 1350 2341 οὔτε
1364 2315 1410 2341 τὸν
1425 2315 1538 2351 Σωτῆρα
1550 2314 1697 2341 θεάσασθαι
1710 2315 1916 2348 καταξιοῦνται,

1124 2360 1185 2388 οὔτε
1196 2361 1243 2387 τὸν
1259 2361 1373 2394 ἄγγελον
1389 2360 1435 2387 τὸν
1451 2359 1681 2396 ἐξαστράπτοντα,
1698 2360 1760 2387 οὒτε
1783 2362 1848 2393 τοὺς
1871 2361 1919 2388 δύο

1123 2406 1186 2438 τοὺς
1199 2406 1265 2433 εἴσω
1289 2406 1336 2433 τοῦ
1355 2407 1503 2442 μνήματος,
1529 2406 1590 2432 οὔτε
1606 2407 1668 2438 τοὺς
1687 2405 1734 2433 δύο
1756 2407 1822 2438 τοὺς
1840 2406 1918 2442 παρὰ

1123 2453 1162 2488 τῷ
1184 2453 1275 2488 Λουκᾷ
1299 2453 1416 2488 ἄνδρας
1438 2452 1515 2487 ψιλὸν
1540 2452 1567 2478 δέ
1593 2461 1654 2479 τινα
1679 2452 1822 2479 νεανίσκον
1845 2451 1917 2479 εἶδον

1123 2499 1353 2535 περιϐεϐλημένον
1380 2499 1474 2535 στολὴν
1502 2499 1618 2535 λευκὴν,
1638 2499 1778 2533 ἀναλόγως
1801 2501 1834 2535 τῇ
1866 2499 1917 2534 τῆς

1122 2545 1240 2577 διανοίας
1265 2546 1355 2572 αὐτῶν
1382 2546 1545 2582 σμικρότητι
1571 2547 1620 2582 τὴν
1642 2545 1774 2572 ὀπτασίαν
1792 2546 1915 2572 ἰδοῦσαν

1123 2591 1170 2618 καὶ
1184 2591 1278 2618 τοῦτον
1293 2591 1321 2617 δὲ
1345 2591 1504 2627 λευχείμονα
1520 2592 1570 2627 τῆς
1597 2591 1693 2627 ἑορτῆς
1709 2591 1789 2626 χάριν
1812 2591 1917 2618 θεασά-

1125 2646 1215 2672 μεναι,
1231 2637 1305 2673 ὅμως
1322 2637 1546 2674 ἐθαυμάσθησαν·
1561 2637 1639 2664 τοῦτο
1655 2638 1709 2673 γὰρ
1721 2637 1916 2674 ἐμαρτύρησεν

1123 2683 1218 2715 αὐταῖς
1231 2685 1246 2710 6
1267 2684 1394 2719 Μάρκος’
1423 2683 1544 2718 καίτοιγε
1564 2684 1610 2710 ἐπὶ
1626 2683 1680 2710 τῶν
1700 2684 1841 2719 προτέρων
1861 2692 1916 2719 μη-

1122 2728 1208 2764 δαμοῦ
1223 2729 1269 2755 τοῦ
1291 2729 1412 2764 θάμϐους
1435 2729 1639 2764 ὼνομασμένου.
1653 2728 1709 2764 Τὴν
1731 2728 1916 2764 Μαγδαληνὴν

1123 2775 1151 2802 δὲ
1167 2775 1349 2811 σχολάζουσαν
1360 2776 1407 2802 καὶ
1421 2775 1687 2811 προσκαρτεροῦσαν,
1701 2775 1774 2806 είκδς
1789 2775 1819 2801 οὐ
1835 2775 1918 2810 μόνον

1123 2822 1172 2854 τὰς
1189 2822 1300 2857 πρώτας
1318 2821 1394 2857 ὄψεις
1412 2821 1556 2848 τεθεᾶσθαι
1572 2821 1626 2848 τῶν
1649 2822 1718 2857 αὐτῇ
1737 2822 1804 2857 μόνῃ
1819 2821 1918 2856 ὀφθέν-

1123 2877 1194 2902 των,
1216 2869 1285 2896 me
1300 2869 1346 2895 καὶ
1369 2868 1416 2896 τὸν
1442 2868 1517 2904 παρὰ
1539 2868 1578 2904 τῷ
1593 2868 1698 2903 Μάρκῳ
1722 2869 1783 2900 ταῖς
1807 2867 1917 2899 λοιπαξ

1124 2915 1246 2951 γυναιξὶν
1266 2915 1422 2952 ἑωραμένον
1438 2915 1587 2943 νεανίσκον.
1602 2914 1706 2941 Ταὺτὸν
1727 2914 1749 2942 δ’
1769 2914 1803 2942 ἂν
1829 2915 1917 2945 εἴποις
