2037 3215
138 193 194 221 997

575 180 829 219 δυῇῖΕΜΕΝΤΑ
848 188 1088 224 ΩυᾹΞΞΤΙΟΝυΜ
1108 190 1154 217 AD
1174 190 1349 219 MARINUM.

1713 191 1765 219 998

138 252 188 279 καὶ
205 250 250 277 ἐπὶ
264 251 313 282 τῆς
330 249 402 276 κατὰ
420 249 464 276 τὸν
479 250 587 276 Λουκᾶν
604 250 734 285 ἱστορίας,
748 249 776 281 ὃς
798 248 865 284 μετὰ
880 248 928 284 τὴν

981 255 1041 274 rum
1057 248 1180 275 virorum
1195 249 1261 283 ipsis
1277 249 1431 276 oblatorum
1456 247 1589 276 visionem
1600 267 1608 280 ,
1624 248 1711 283 pergit
1723 249 1765 276 di—

138 295 230 332 ἄφιξιν
244 295 298 322 τῶν
313 295 417 322 πολλῶν
434 295 580 330 γυναικῶν,
592 295 640 322 καὶ
655 296 723 330 μετὰ
735 294 784 330 τὴν
798 295 862 322 θέαν
874 294 928 321 τῶν

138 341 276 376 ὀφθέν;ων
291 341 386 371 αὑταῖς
410 339 456 366 δύο
470 339 573 374 ἀνδρῶν
586 339 718 374 διηγεῖται
735 339 831 372 λέγων·
847 348 856 364 ι
874 339 928 365 Καὶ

139 385 346 421 ἁποστρέψασαι
369 385 422 412 ἀπὸ
441 385 487 411 τοῦ
509 385 641 421 μνημείου
658 385 828 420 ἀπήγγειλαν
844 385 928 412 ταῦτα

139 433 229 460 πάντα
239 433 294 462 τοῖς
309 431 412 457 ἓνδεκα⁸
424 441 432 457 ι
444 430 485 462 οἷς
498 429 743 466 ἐπιςέρειμἯσαν
756 431 783 457 δὲ
792 432 808 466 ἡ
816 431 927 465 Μαγδα-

137 478 206 514 ληνὴ
219 477 323 513 Μαρία,
337 487 346 503 ›
360 478 407 504 καί
420 477 454 504 τὰ
466 477 538 512 ἑξῆς.
555 478 611 504 Οὐκ
625 478 739 509 ἀπεικὸς
754 478 801 512 μὲν
813 477 867 512 γὰρ
882 475 925 512 ἦν,

138 521 187 547 καὶ
200 520 246 547 νῦν
263 521 343 548 πάλιν
355 522 403 556 τὴν
418 522 600 558 Μαγδαληνὴν
614 522 697 549 πάλαι
719 523 927 558 προαφιγμένην

137 566 187 593 καὶ
204 567 413 602 παραμείνασαν
427 568 543 599 εὐτόνως
561 568 634 603 παρὰ
653 568 692 603 τῷ
710 569 830 604 μνήματι
844 568 927 603 εὑρῆ-

139 611 221 644 σθαι,
248 613 292 638 ὅτε
318 612 413 639 πολλαὶ
437 613 491 639 ἀπὸ
515 615 564 649 τῆς
586 613 728 645 Γαλιλαίας
753 613 926 640 συνελθοῦσαι

138 660 267 692 γυναῖκες
289 658 415 694 ἀπήντων
433 659 478 685 ἐπὶ
492 659 537 686 τὸν
552 659 636 694 τάφον
656 659 785 695 φέρουσαι
803 659 837 686 τὰ
854 659 925 695 ἀρώ-

139 710 224 737 ματα,
243 702 312 730 ὥστε
334 705 380 730 καὶ
403 704 485 738 αὐτὴν
503 705 561 739 ἃμα
586 707 646 736 ταῖς
665 705 771 737 λοιπαῖς
797 705 859 737 τοὺς
880 705 926 732 δύο

137 748 237 784 ἄνδρας
254 748 406 780 τεθεᾶσθαι,
423 750 536 776 καὶτῶν
548 749 635 783 λόγων
652 749 740 776 αὐτῶν
760 750 922 784 ἀκηκοέναι·

136 792 197 821 εἶτα
214 795 261 821 σὺν
276 796 336 826 ταῖς
347 796 457 827 πολλαῖς
469 794 625 822 ἐπανελθεῖν
642 796 689 823 καὶ
705 796 857 831 διηγεῖσθαι
870 797 925 828 τοῖς

136 841 244 868 ἕνδεκα.
256 842 371 868 Δύναται
383 842 411 868 δὲ
428 843 475 869 καὶ
489 843 575 874 ἄλλως
587 843 601 868 ὁ
613 843 701 878 λόγος,
718 843 751 870 τὰ
767 843 816 878 μὲν
830 842 924 878 πρῶτα

135 889 197 920 ταῖς
221 888 274 915 ἀπὸ
291 889 340 924 τῆς
359 889 503 920 Γαλιλαίας
526 889 648 924 γυναιξὶν
667 891 831 924 ἀπονεῖμαι,
852 889 925 923 λέγω

135 934 168 970 δὴ
182 935 231 969 τὴν
250 936 289 966 είς
303 935 333 961 τὸ
352 935 447 971 μνῆμα
463 935 563 970 ἄφιξιν,
579 936 625 962 καὶ
638 936 686 971 τὴν
702 936 756 962 τῶν
773 935 924 971 ἀρωμάτων

135 981 261 1016 κομιδὴν,
278 982 327 1017 τήν
349 991 378 1008 τε
400 982 548 1017 γενομένην
571 983 665 1014 αὑταῖς
679 982 732 1008 τῶν
752 982 798 1009 δύο
820 981 925 1018 ἀνδρῶν

135 1026 306 1061 ἐπιφάνειαν,
318 1027 365 1054 καὶ
379 1028 441 1059 τοὺς
453 1027 555 1054 τούτων
569 1028 636 1063 πρὸς
653 1027 737 1059 αὑτὰς
752 1027 847 1062 λόγους
858 1036 864 1042 '
876 1027 925 1063 τὴν

137 1072 188 1107 μὲν
214 1069 260 1099 οὖν
279 1073 449 1107 ἀπαγγελίαν
470 1073 518 1109 τὴν
534 1073 602 1109 πρδς
628 1074 690 1103 τοὺς
711 1073 806 1099 ἕνδεκα
827 1073 925 1108 μηκέτι

135 1119 204 1154 παρ’
220 1118 309 1145 αὐτῶν
327 1119 405 1154 μόνον
421 1119 595 1154 γεγενῆσθαι,
614 1118 670 1145 ἀλλ’
687 1118 755 1154 ὁμοῦ
772 1118 847 1153 παρὰ
870 1127 924 1144 πα·-

135 1164 201 1196 σῶν,
216 1164 334 1199 ἑκάστης
356 1164 374 1192 ἃ
396 1165 507 1191 τεθέατο
529 1159 711 1200 διηγημένης·
733 1165 761 1191 ὲν
785 1162 827 1196 αἷς
845 1164 923 1191 πάλιν

132 1210 184 1246 τὴν
204 1210 387 1245 Μαγδαληνὴν
403 1208 471 1236 εἶναι
490 1210 559 1245 μετὰ
575 1210 629 1236 τῶν
651 1209 751 1236 λοιπῶν
777 1210 824 1236 καὶ
841 1211 923 1246 αὐτὴν

132 1258 191 1288 τοῖς
217 1256 349 1292 μαθηταῖς
371 1257 596 1291 ἀπαγγέλλουσαν
617 1257 651 1283 τὰ
677 1257 749 1288 ἰδίως
766 1257 832 1292 μόνῃ
853 1258 921 1292 αὐτῇ

134 1302 289 1338 ἑωραμένα.

506 1373 547 1398 li'.

169 1426 225 1463 (67)
247 1427 318 1461 Ἐγὼ
332 1427 361 1453 δὲ
387 1428 497 1454 κάκεῖνο
517 1426 605 1462 ζητῶ,
629 1426 687 1458 πῶς
711 1425 786 1462 παρὰ
810 1427 858 1461 μὲν
883 1426 921 1462 τῷ

132 1474 240 1510 Μάρκῳ
260 1475 379 1509 εἴρηται,
394 1474 432 1505 ὡς
447 1474 500 1510 ἄρα
515 1473 703 1509 διαγενομένου
720 1472 766 1499 τοῦ
782 1473 920 1500 Σαὸϐἀτου

131 1521 282 1556 ἡτοίμασαν
300 1520 451 1556 ἀρώματα,
476 1521 550 1556 παρὰ
575 1520 602 1547 δὲ
617 1520 656 1555 τῷ
678 1521 769 1555 Δουκᾷ
794 1521 847 1555 πρὸ
872 1519 919 1546 τοῦ

131 1566 271 1592 Σαϐϐάτου
287 1566 359 1593 τοῦτ’
375 1566 495 1602 ἔπραξαν
511 1567 540 1593 ἐν
556 1567 624 1602 αὐτῇ
641 1568 673 1601 τῇ
690 1567 864 1602 Παρασκευῇ.

941 949 960 976 Β

979 301 1052 325 cere,
1067 293 1140 328 quod
1163 301 1296 328 regressa:
1322 294 1356 321 de
1380 298 1567 325 monumento,
1592 293 1649 320 haec
1673 294 1765 321 omnia

979 339 1198 367 renuntiaverint
1222 339 1367 374 discipulis
1394 339 1531 367 undecim.
1547 339 1612 366 Post
1625 347 1685 374 qua:
1702 340 1739 366 ait
1756 349 1762 366 :

981 393 990 410 ι
1013 385 1097 411 Erant
1134 389 1225 412 autem
1267 385 1351 412 Maria
1379 385 1546 420 Magdalene,
1566 395 1574 410 ι
1594 388 1621 412 et
1648 385 1763 420 reliqua.

978 429 1085 465 Quippe
1100 430 1173 458 haud
1186 435 1228 458 est
1247 431 1437 463 inverisimile,
1455 438 1528 458 nunc
1545 431 1642 458 iterum
1655 430 1765 465 Magda-

978 477 1067 504 lenam
1083 478 1154 512 (quat
1179 480 1259 504 antea
1283 478 1371 512 prima
1394 477 1481 504 iverat
1496 496 1503 508 ,
1530 476 1691 511 fortiterque
1710 477 1766 504 illic

978 522 1213 557 perseveraverat)
1229 523 1299 557 apud
1314 527 1520 550 monumentum
1540 522 1626 550 fuisse
1640 530 1766 557 comper-

977 572 1044 600 tam,
1061 575 1123 595 cum
1139 568 1192 595 illa;
1211 569 1304 602 plures
1319 576 1350 595 ex
1366 568 1477 595 Galilaea
1491 569 1684 596 convenientes
1708 576 1766 595 mu-

977 614 1057 641 lieres
1072 613 1106 640 ad
1121 615 1276 648 sepulcrum
1293 618 1425 641 venerunt
1441 618 1564 641 aromata
1577 615 1708 648 ferentes,
1723 615 1762 642 ita

977 664 1007 686 ut
1033 660 1092 694 ipsa
1115 665 1223 695 quoque
1244 667 1306 686 cum
1329 660 1436 687 czeteris
1462 661 1531 687 duos
1554 661 1628 688 viros
1652 660 1762 693 viderit,

976 712 1126 740 eorumque
1136 705 1219 732 verba
1237 705 1372 732 audiverit
1386 713 1393 737 ;
1411 709 1437 732 et
1453 705 1551 732 deinde
1565 713 1626 732 cum
1644 706 1697 733 illis
1720 714 1763 734 re-

976 759 1069 786 gressa
1095 759 1152 778 rem
1175 751 1303 779 undecim
1318 752 1496 778 enarraverit.
1524 751 1716 780 Verumtamen
1735 757 1762 780 et

977 798 1054 825 aliter
1075 798 1189 833 proponi
1217 798 1373 832 explanatio
1410 801 1519 833 potest:
1536 805 1633 833 nempe
1657 802 1687 825 ut
1718 806 1762 826 res

977 844 1080 878 priores
1095 843 1255 871 mulieribus
1280 843 1399 870 Galikeis
1425 843 1591 876 tribuamus,
1613 843 1761 871 adventum

976 890 1038 917 dico
1056 890 1088 917 ad
1106 890 1274 924 sepulcrum,
1299 893 1326 916 et
1350 893 1500 916 aromatum
1519 888 1717 921 advectionem,
1734 893 1762 916 et

975 936 1093 962 oblatam
1109 935 1175 970 ipsis
1191 936 1307 963 duorum
1322 935 1444 962 virorum
1459 934 1603 967 visionem,
1619 939 1646 962 et
1662 935 1760 962 horum

977 981 1009 1007 ad
1024 981 1098 1016 ipsas
1115 988 1267 1008 sermones.
1283 979 1318 1007 At
1331 981 1457 1007 nuntium
1470 980 1613 1015 discipulis
1632 979 1760 1007 undecim

975 1025 1094 1052 delatum
1111 1033 1282 1060 nequaquam
1301 1026 1335 1053 ab
1349 1025 1392 1052 his
1406 1024 1514 1052 feminis
1524 1025 1591 1053 solis
1603 1024 1698 1057 fuisse,
1712 1026 1761 1053 sed

975 1079 990 1098 a
1007 1071 1113 1098 cunctis
1137 1071 1229 1103 simul,
1256 1071 1319 1098 dum
1345 1079 1514 1106 unaquazque
1528 1079 1560 1098 ea
1575 1079 1636 1106 qua:
1651 1071 1761 1099 viderat

975 1117 1108 1150 referret;
1123 1125 1192 1152 quas
1219 1119 1300 1150 inter,
1324 1117 1488 1145 credendum
1502 1121 1544 1145 est
1570 1117 1758 1152 Magdalenam

975 1163 1071 1196 fuisse,
1090 1171 1152 1190 cum
1177 1164 1290 1199 reliquis
1305 1168 1335 1195 et
1350 1164 1437 1198 ipsam
1462 1163 1606 1198 discipulis
1627 1164 1758 1190 nuntian—

974 1213 1028 1236 tem
1044 1216 1076 1236 ea
1096 1217 1156 1244 quae
1172 1209 1300 1238 solitatim
1315 1213 1341 1237 et
1352 1209 1528 1244 singulariter
1542 1209 1658 1236 viderat.

1325 1364 1393 1392 Vill.

1006 1421 1063 1457 Ego
1079 1430 1144 1450 vero
1158 1426 1185 1450 et
1197 1423 1263 1450 illud
1279 1430 1381 1458 quaero,
1398 1421 1536 1457 quomodo
1549 1421 1621 1456 apud
1637 1421 1758 1448 Marcum

970 1467 1074 1495 dictum
1097 1469 1143 1501 sit,
1169 1468 1241 1503 quod
1261 1476 1324 1495 cum
1341 1467 1678 1498 Sabbatuin‘transiisset,
1694 1474 1758 1494 aro-

971 1520 1043 1542 mata
1057 1515 1236 1549 paraverint;
1258 1515 1328 1549 apud
1353 1513 1453 1541 Lucam
1478 1521 1543 1541 vero
1568 1518 1630 1541 ante
1655 1512 1759 1540 Sabha-

971 1564 1028 1598 tnui
1046 1560 1073 1586 id
1089 1564 1181 1595 agant,
1196 1560 1256 1595 ipsa
1270 1560 1435 1587 Parasceves
1451 1559 1504 1587 die.

167 1622 224 1648 Καὶ
240 1622 318 1648 τοῦτο
331 1622 358 1648 δὲ
378 1623 435 1654 τοῖς
453 1622 595 1657 προτέροις
613 1621 855 1657 συμπεπλεγμένον
871 1620 919 1656 ζη-

1005 1617 1068 1644 lith
1079 1607 1188 1651 quoque
1199 1616 1388 1651 superioribus
1400 1615 1531 1650 implicita
1544 1615 1756 1650 quaestionibus,

129 1668 252 1703 τήμασι,
278 1667 326 1702 τῆς
349 1667 445 1702 ὁμοίας
464 1666 578 1696 ἐκείνοις
605 1666 680 1700 τύχοι
706 1666 738 1691 ἂν
755 1665 920 1701 ἑρμηνείας·

131 1713 347 1740 ἀποδεικνύντων
361 1713 388 1740 δὲ
400 1713 478 1748 ἡμῶν
488 1712 524 1748 μὴ
541 1710 608 1738 εἶναι
621 1712 668 1743 τὰς
683 1711 777 1743 αὑτὰς,
792 1711 848 1738 ἀλλ’
862 1711 920 1738 ἑτέ-

131 1767 183 1795 ρας
201 1759 250 1793 μὲν
270 1759 319 1790 τὰς
334 1759 387 1794 πρὸ
405 1759 451 1784 τοῦ
474 1758 613 1784 Σαϐϐάτου
642 1759 670 1784 ἐν
685 1758 754 1793 αὐτῇ
778 1758 811 1792 τῇ
830 1758 921 1792 Παρα-

131 1807 228 1841 σκευῇ,
247 1805 307 1831 καθ’
323 1806 356 1840 ἥν
369 1805 500 1832 πέπονθεν
517 1806 530 1831 ό
547 1804 651 1840 Σωτὴρ,
667 1805 730 1840 περὶ
745 1804 793 1839 τὴν
810 1803 920 1838 κηδείαν

128 1851 334 1887 ἀσχοληθείσας,
354 1852 448 1888 ἑτέρας
461 1851 490 1877 δὲ
508 1851 557 1883 τὰς
575 1851 644 1886 μετᾶ
660 1851 689 1877 τὸ
705 1850 856 1877 Σάϐϐατον·
873 1858 920 1876 σα-

129 1898 188 1933 φῶς
204 1898 258 1934 γὰρ
283 1898 384 1930 ταύτας
408 1898 514 1929 Λουκᾶς
538 1897 733 1932 μεμαρτύρηκε
758 1897 818 1923 κατ’
834 1896 919 1932 αὐτὴν

129 1945 181 1981 τὴν
198 1945 304 1981 ἡμέραν
315 1945 361 1971 τοῦ
377 1944 479 1975 πάθους
494 1943 580 1970 ταῦτα
594 1943 782 1978 πεποιηκέναι,
794 1941 918 1977 οὐδαμῶς

128 1992 260 2027 ὀνόματος
272 1992 409 2026 γυναικῶν
427 1990 625 2026 μνημονεύσας,
639 1990 694 2016 ἀλλ’
709 1984 801 2021 ἁπλῶς
824 1991 917 2023 γυναῖ-

127 2047 181 2071 κας
193 2037 278 2065 εἰπὼν
292 2038 342 2070 τὰς
353 2037 531 2069 συνελθούσας
543 2036 617 2071 αὐτῷ
632 2036 686 2062 ἀπὸ
697 2035 748 2070 τῆς
758 2035 915 2066 Γαλιλαίας⁸

126 2086 141 2111 ὁ
155 2084 185 2111 δὲ
209 2084 322 2120 Μάρκος
345 2084 475 2119 ὀνομαστὶ
498 2083 572 2118 τρεῖς
596 2082 677 2117 μόνας
698 2080 834 2115 ἀνέγραψε
856 2079 916 2106 καθ’

126 2131 228 2162 ἑαυτὰς
244 2131 370 2166 πρόνοιαν
386 2130 573 2164 πεποιημένας
590 2128 642 2154 τῶν
659 2127 822 2163 ἀρωμάτων,
840 2126 870 2152 οὺ
882 2127 914 2162 τῇ

125 2177 309 2212 Παρασκευῇ,
336 2176 403 2202 ἀλλὰ
429 2175 500 2211 μετὰ
516 2174 684 2208 διαγενέσθαι
700 2173 730 2199 τὺ
756 2172 894 2199 Σάϐϐατον
907 2180 913 2188 ι

124 2223 224 2260 ἑτέρας
243 2222 270 2248 δὲ
294 2220 362 2248 εἶναι
377 2221 477 2252 ταύτας
492 2220 567 2256 παρὰ
589 2220 638 2251 τὰς
663 2218 738 2254 παρὰ
757 2217 796 2252 τῷ
811 2217 913 2252 Λουκᾷ,

123 2269 174 2295 καὶ
197 2267 231 2294 τὰ
258 2267 320 2302 ἑξῆς
341 2266 498 2301 ὲπαγόμενα
518 2265 662 2292 δείκνυσιν.
681 2261 766 2291 Αὗται
793 2263 842 2298 μὲν
867 2261 913 2289 οὖν

975 1671 1066 1698 parem
1093 1663 1147 1689 illis
1171 1662 1390 1697 explanationem
1417 1662 1556 1689 sortictur.
1578 1662 1682 1688 Etenim
1707 1669 1758 1689 nos

971 1710 1231 1740 demonstravimus,
1248 1708 1320 1735 haud
1335 1707 1443 1734 easdem
1453 1714 1524 1738 esse,
1542 1707 1588 1734 sed
1601 1707 1679 1740 alias,
1696 1714 1758 1742 quae

971 1760 1034 1783 ante
1052 1755 1200 1782 Sabbatum
1216 1753 1274 1789 ip'sa
1299 1753 1464 1780 Paraseeves
1481 1753 1535 1784 die;
1556 1760 1609 1787 qua
1624 1751 1756 1779 Dominus

971 1808 1069 1836 passus
1085 1805 1138 1832 est,
1156 1801 1188 1826 ad
1201 1807 1261 1827 eam
1275 1806 1367 1825 curam
1379 1799 1580 1831 iucubuerunt;
1596 1797 1664 1825 alias
1678 1805 1753 1829 vero,

969 1854 1029 1881 quae
1058 1850 1118 1880 post
1142 1845 1290 1872 Sahhatum
1307 1854 1314 1872 :
1333 1844 1477 1879 perspicue
1498 1843 1570 1870 enim
1596 1843 1645 1870 has
1667 1841 1756 1870 Lucas

969 1895 1087 1918 testatur
1109 1891 1167 1925 ipsa
1190 1890 1234 1917 die
1252 1889 1392 1917 Passionis
1414 1889 1440 1916 id
1459 1889 1557 1923 egisse,
1571 1889 1672 1915 nullius
1695 1896 1756 1915 mu-

969 1937 1043 1963 lieris
1058 1939 1209 1963 memorato
1225 1935 1346 1966 nomine,
1360 1934 1408 1962 sed
1421 1934 1582 1969 simpliciter
1593 1932 1755 1960 mulieribus

968 1983 1137 2014 memoratis,
1163 1989 1223 2016 qua:
1244 1989 1307 2008 cum
1331 1980 1395 2008 Jesu
1421 1983 1552 2011 venerant
1573 1979 1607 2006 de
1632 1978 1753 2006 Galilaea.

968 2028 1077 2056 Marcus
1100 2033 1190 2056 autem
1211 2032 1268 2055 tres
1289 2028 1362 2055 solas
1377 2026 1538 2054 nominatim
1555 2025 1677 2061 scripsit,
1691 2032 1754 2052 aro-

968 2079 1070 2101 matum
1084 2074 1165 2102 simul
1177 2081 1270 2101 euram
1288 2077 1424 2108 gerentes,
1437 2071 1509 2099 haud
1521 2071 1565 2098 die
1577 2071 1752 2101 Parascercs,

967 2120 1013 2148 sed
1028 2120 1083 2155 jam
1106 2120 1225 2159 Sabbato
1243 2120 1428 2154 praiterlapso.
1448 2117 1504 2145 Has
1528 2125 1610 2153 porro
1630 2117 1753 2144 diversas

966 2172 1028 2194 esse
1042 2166 1142 2194 abillis
1162 2165 1252 2197 Lucae,
1266 2165 1409 2200 sequentia
1427 2171 1536 2199 quoque
1550 2163 1751 2190 demonstrant.

966 2212 1012 2240 lite
1032 2213 1161 2239 nimirum
1181 2211 1253 2247 apud
1279 2212 1399 2238 Marcum
1419 2210 1548 2237 mulieres
1567 2210 1693 2244 juvenem
1709 2208 1752 2235 vi-

965 2260 1030 2287 dent
1054 2259 1081 2286 in
1106 2258 1202 2285 dextra
1227 2262 1303 2292 parte
1326 2257 1478 2288 sedentem.
1494 2255 1542 2291 qui
1568 2259 1594 2283 et
1617 2255 1672 2282 illis
1689 2254 1750 2281 ait:

123 2315 255 2349 γυναῖκες
273 2300 349 2348 παρὰ
364 2312 404 2347 τῷ
417 2300 522 2347 Μάρκῳ
535 2311 581 2337 τὸν
596 2310 735 2337 νεανίσκον
751 2308 835 2344 ὁρῶσι
848 2307 913 2334 καθ-

971 2316 976 2332 ι
995 2306 1085 2333 Nolite
1102 2305 1212 2338 timere;
1229 2303 1321 2332 Jesum
1341 2303 1463 2338 quaeritis
1486 2302 1675 2333 Nazarenum;
1690 2307 1751 2327 sur-

124 2361 228 2396 ήμενον
246 2360 275 2384 ὲν
291 2359 346 2389 τοῖς
374 2358 479 2390 δεξιοῖς,
495 2357 524 2388 ὃς
539 2356 585 2382 καί
607 2364 689 2391 φησιν
712 2355 821 2385 αὺταῖς’
841 2363 850 2379 ι
865 2353 910 2389 Μὴ

123 2402 268 2441 φοϐεῖσθε·
290 2404 394 2440 Ἰησοῦν
415 2403 521 2438 ζητεῖτε
535 2402 579 2428 τὸν
601 2401 775 2436 Ναζαρηνόν·
795 2399 909 2435 ἠγέρθη,

120 2452 173 2478 οὐκ
193 2450 266 2476 ἐστιν
281 2446 341 2476 ὧδε.
353 2458 362 2474 ι
379 2449 445 2479 Ταῖς
462 2447 490 2473 δὲ
506 2446 580 2482 παρὰ
596 2446 634 2481 τῷ
653 2446 744 2480 Λουκᾷ
757 2444 803 2470 δύο
816 2444 911 2479 ἄνδρες

120 2497 278 2531 ἐπέστησαν
295 2496 324 2521 ὲν
339 2494 432 2529 ἐσθῆτι
448 2492 651 2529 ἀστραπτούσῃ.
669 2492 715 2518 καὶ
729 2491 824 2526 ἐτέρας
845 2499 912 2525 προ-

120 2544 252 2580 φέρονται
275 2541 366 2576 φωνὰς
392 2541 515 2574 λέγοντες
527 2547 533 2553 ·
549 2548 559 2564 ‹
574 2539 606 2565 Τί
624 2538 731 2573 ζητεῖτε
756 2536 802 2562 τὸν
826 2535 913 2568 ζῶντα

121 2589 194 2624 μετὰ
205 2588 260 2614 τῶν
270 2587 391 2622 νεκρῶν;
407 2595 415 2611 ι
434 2586 481 2612 καὶ
495 2584 529 2611 τὰ
551 2584 613 2619 ἑξῆς
626 2593 632 2599 ·
651 2584 697 2610 καὶ
718 2584 746 2609 αἱ
763 2583 811 2618 μὲν
836 2583 911 2618 παρὰ

117 2636 160 2671 τῷ
176 2636 282 2671 Μάρκῳ
303 2634 452 2661 ἀκούσασαι
469 2633 524 2663 τοῖς
547 2631 681 2666 μαθηταῖς
703 2629 862 2663 ὲπαγγεῖλαι
876 2628 910 2654 τὰ

118 2680 337 2718 παρηγγελμένα
348 2689 356 2696 ·
379 2679 466 2706 οὐδενὶ
482 2677 558 2704 οὐδὲν
581 2675 656 2703 εἷπον
666 2684 674 2691 ⁶
688 2676 715 2702 αι
731 2675 759 2701 δὲ
781 2674 855 2709 παρὰ
870 2673 909 2709 τῷ

117 2727 212 2762 Δουκᾷ
232 2725 405 2761 πορευθεῖσαι
419 2721 588 2758 ἀπήγγειλαν
604 2723 660 2753 τοῖς
675 2721 779 2747 ἐνδεκαε
807 2720 844 2751 ὡς
864 2719 908 2746 διὰ

966 2352 1047 2384 rexit,
1063 2359 1118 2378 non
1133 2355 1176 2378 est
1191 2351 1243 2378 hic.
1266 2360 1275 2376 ι
1294 2350 1350 2377 lilis
1365 2353 1455 2377 autem
1476 2348 1546 2383 apud
1572 2347 1672 2373 Lucam
1695 2345 1750 2372 duo

965 2400 1017 2427 viri
1038 2400 1182 2425 astiterunt
1196 2398 1223 2425 in
1238 2401 1315 2425 veste
1331 2397 1451 2431 fulgente
1464 2416 1471 2428 ,
1494 2400 1521 2422 et
1542 2395 1595 2424 alia
1614 2393 1695 2420 verba
1708 2392 1750 2418 di-

965 2447 1052 2471 cunt:
1073 2453 1082 2469 (
1102 2444 1157 2470 Cur
1182 2443 1305 2478 quzerilis
1330 2443 1468 2469 viventem
1491 2441 1562 2467 inter
1575 2437 1719 2466 mortuos?
1737 2446 1746 2462 ι

965 2495 993 2518 et
1007 2490 1122 2524 reliqua.
1144 2489 1178 2516 Et
1195 2489 1247 2516 illa:
1261 2488 1331 2523 apud
1347 2487 1467 2514 Marcum
1491 2484 1600 2512 monita!
1621 2482 1748 2509 mandata

966 2538 1094 2565 nuntiare
1116 2535 1269 2570 discipulis,
1285 2534 1387 2561 nemini
1400 2532 1548 2568 quidquam
1562 2530 1698 2556 dixerunt.
1713 2526 1748 2554 At

963 2584 1017 2611 illa:
1036 2583 1117 2610 Lacte
1137 2583 1265 2618 profectae
1282 2580 1480 2607 nuntiaverunt
1497 2575 1640 2610 discipulis
1662 2573 1749 2600 unde-

963 2629 1028 2656 cim.
1044 2629 1134 2661 Quare
1148 2635 1181 2654 ex
1194 2627 1238 2654 his
1249 2626 1377 2653 omnibus
1392 2622 1541 2658 colligitur,
1553 2619 1625 2647 haud
1637 2617 1747 2646 easdem

963 2675 1048 2702 fuisse
1060 2674 1199 2705 mulieres,
1215 2673 1331 2707 ideoque
1349 2679 1400 2698 nec
1416 2677 1473 2697 uno
1492 2673 1614 2702 tempore
1632 2673 1664 2692 ea
1687 2670 1748 2699 qua:

962 2720 990 2747 in
1002 2720 1112 2754 scriptis
1128 2723 1281 2752 suut,.esse
1295 2721 1415 2753 peracta.

116 2759 223 2801 τούτων
245 2759 371 2800 ἁπάντων
395 2769 568 2804 συνάγεσθαι,
586 2769 623 2804 μὴ
646 2768 695 2800 τὰς
712 2767 796 2799 αὑτὰς
818 2764 902 2794 εἶναι·
923 2766 962 2793 διὸ
994 2767 1061 2803 μηδὲ
1087 2767 1131 2802 ὑφ’
1144 2767 1192 2794 ἕνα
1211 2765 1305 2801 καιρὸν
1322 2761 1500 2798 πεπκηςὲιιι
1523 2759 1558 2787 τὰ
1573 2759 1748 2792 ἀναγεγραμ-

121 2819 200 2855 μένα.

156 2908 213 2945 (67)
233 2907 301 2937 Cod.
314 2907 348 2941 A,
365 2906 383 2934 r.
401 2906 462 2938 διδ,
474 2906 502 2933 b.
