  <div class='ocr_page' id='page_1' title='image "/cluster/home/n/w/nwhite01/storage/ocr_20150623/22/njp.32101077772497/565.png"; bbox 0 0 2037 3215; ppageno 0'>
   <div class='ocr_carea' id='block_1_1' title="bbox 270 176 324 205">
    <p class='ocr_par' dir='ltr' id='par_1_1' title="bbox 270 176 324 205">
     <span class='ocr_line' id='line_1_1' title="bbox 270 176 324 205; baseline 0 -1"><span class='ocrx_word' id='word_1_1' title='bbox 270 176 324 205; x_wconf 81' lang='lat'><strong>999</strong></span> 
     </span>
    </p>
   </div>
   <div class='ocr_carea' id='block_1_2' title="bbox 621 241 684 276">
    <p class='ocr_par' dir='ltr' id='par_1_2' title="bbox 621 241 684 276">
     <span class='ocr_line' id='line_1_2' title="bbox 621 241 684 276; baseline 0.032 -8"><span class='ocrx_word' id='word_1_2' title='bbox 621 241 684 276; x_wconf 76' lang='lat' dir='ltr'><strong>11X.</strong></span> 
     </span>
    </p>
   </div>
   <div class='ocr_carea' id='block_1_3' title="bbox 615 170 1560 203">
    <p class='ocr_par' dir='ltr' id='par_1_3' title="bbox 615 170 1560 203">
     <span class='ocr_line' id='line_1_3' title="bbox 615 170 1560 203; baseline -0.002 0"><span class='ocrx_word' id='word_1_3' title='bbox 615 173 751 203; x_wconf 80' lang='lat' dir='ltr'><strong>EUSEBII</strong></span> <span class='ocrx_word' id='word_1_4' title='bbox 765 172 1006 202; x_wconf 60' lang='lat' dir='ltr'><strong>CIESARlENSIS</strong></span> <span class='ocrx_word' id='word_1_5' title='bbox 1024 172 1100 201; x_wconf 86' lang='lat' dir='ltr'><strong>OPP.</strong></span> <span class='ocrx_word' id='word_1_6' title='bbox 1120 171 1211 201; x_wconf 81' lang='lat' dir='ltr'><strong>PARS</strong></span> <span class='ocrx_word' id='word_1_7' title='bbox 1231 170 1275 199; x_wconf 87' lang='lat' dir='ltr'><strong>lll.</strong></span> <span class='ocrx_word' id='word_1_8' title='bbox 1294 187 1330 193; x_wconf 91' lang='lat'><strong>-—</strong></span> <span class='ocrx_word' id='word_1_9' title='bbox 1352 171 1560 201; x_wconf 76' lang='lat' dir='ltr'><strong>EXEGETICA.</strong></span> 
     </span>
    </p>
   </div>
   <div class='ocr_carea' id='block_1_4' title="bbox 306 310 1099 346">
    <p class='ocr_par' dir='ltr' id='par_1_4' title="bbox 306 310 1099 346">
     <span class='ocr_line' id='line_1_4' title="bbox 306 310 1099 346; baseline -0.003 -6"><span class='ocrx_word' id='word_1_10' title='bbox 306 311 368 340; x_wconf 47' lang='lat' dir='ltr'><strong>Haec</strong></span> <span class='ocrx_word' id='word_1_11' title='bbox 380 311 434 338; x_wconf 88' lang='lat' dir='ltr'><strong>illis</strong></span> <span class='ocrx_word' id='word_1_12' title='bbox 446 310 624 346; x_wconf 88' lang='lat' dir='ltr'><strong>loquentibus</strong></span> <span class='ocrx_word' id='word_1_13' title='bbox 636 310 710 338; x_wconf 88' lang='lat' dir='ltr'><strong>stetit</strong></span> <span class='ocrx_word' id='word_1_14' title='bbox 720 310 801 339; x_wconf 79' lang='lat' dir='ltr'><strong>.iesus</strong></span> <span class='ocrx_word' id='word_1_15' title='bbox 813 310 839 338; x_wconf 93' lang='lat' dir='ltr'><strong>in</strong></span> <span class='ocrx_word' id='word_1_16' title='bbox 851 311 942 339; x_wconf 89' lang='lat' dir='ltr'><strong>medio</strong></span> <span class='ocrx_word' id='word_1_17' title='bbox 953 319 1060 344; x_wconf 90' lang='lat' dir='ltr'><strong>eortnn,</strong></span> <span class='ocrx_word' id='word_1_18' title='bbox 1077 314 1099 343; x_wconf 77' lang='grc' dir='ltr'><strong>Α</strong></span> 
     </span>
    </p>
   </div>
   <div class='ocr_carea' id='block_1_5' title="bbox 269 357 1061 393">
    <p class='ocr_par' dir='ltr' id='par_1_5' title="bbox 269 357 1061 393">
     <span class='ocr_line' id='line_1_5' title="bbox 269 357 1061 393; baseline 0 -7"><span class='ocrx_word' id='word_1_19' title='bbox 269 358 394 393; x_wconf 77' lang='lat' dir='ltr'><strong>dixitque</strong></span> <span class='ocrx_word' id='word_1_20' title='bbox 406 357 447 385; x_wconf 82' lang='lat' dir='ltr'><strong>eis</strong></span> <span class='ocrx_word' id='word_1_21' title='bbox 463 367 470 385; x_wconf 86' lang='lat'><strong>:</strong></span> <span class='ocrx_word' id='word_1_22' title='bbox 490 367 499 383; x_wconf 77' lang='grc' dir='ltr'><strong>ι</strong></span> <span class='ocrx_word' id='word_1_23' title='bbox 519 357 575 385; x_wconf 84' lang='lat' dir='ltr'><strong>Pax</strong></span> <span class='ocrx_word' id='word_1_24' title='bbox 592 358 680 385; x_wconf 88' lang='lat' dir='ltr'><strong>vobis.</strong></span> <span class='ocrx_word' id='word_1_25' title='bbox 697 367 707 383; x_wconf 76' lang='grc' dir='ltr'><strong>ι</strong></span> <span class='ocrx_word' id='word_1_26' title='bbox 727 357 797 386; x_wconf 90' lang='lat' dir='ltr'><strong>llinc</strong></span> <span class='ocrx_word' id='word_1_27' title='bbox 811 358 931 393; x_wconf 83' lang='lat' dir='ltr'><strong>ambiget</strong></span> <span class='ocrx_word' id='word_1_28' title='bbox 949 358 1061 393; x_wconf 77' lang='lat' dir='ltr'><strong>aliquis.</strong></span> 
     </span>
    </p>
   </div>
   <div class='ocr_carea' id='block_1_6' title="bbox 269 402 1062 440">
    <p class='ocr_par' dir='ltr' id='par_1_6' title="bbox 269 402 1062 440">
     <span class='ocr_line' id='line_1_6' title="bbox 269 402 1062 440; baseline 0 -9"><span class='ocrx_word' id='word_1_29' title='bbox 269 403 408 439; x_wconf 92' lang='lat' dir='ltr'><strong>quomodo</strong></span> <span class='ocrx_word' id='word_1_30' title='bbox 434 402 562 430; x_wconf 75' lang='lat' dir='ltr'><strong>undecim</strong></span> <span class='ocrx_word' id='word_1_31' title='bbox 590 403 735 440; x_wconf 86' lang='lat' dir='ltr'><strong>discipulis</strong></span> <span class='ocrx_word' id='word_1_32' title='bbox 762 403 844 431; x_wconf 86' lang='lat' dir='ltr'><strong>simul</strong></span> <span class='ocrx_word' id='word_1_33' title='bbox 875 404 1062 439; x_wconf 75' lang='lat' dir='ltr'><strong>congregatis,</strong></span> 
     </span>
    </p>
   </div>
   <div class='ocr_carea' id='block_1_7' title="bbox 269 449 1063 487">
    <p class='ocr_par' dir='ltr' id='par_1_7' title="bbox 269 449 1063 487">
     <span class='ocr_line' id='line_1_7' title="bbox 269 449 1063 487; baseline 0.003 -10"><span class='ocrx_word' id='word_1_34' title='bbox 269 450 457 478; x_wconf 77' lang='lat' dir='ltr'><strong>interveniens</strong></span> <span class='ocrx_word' id='word_1_35' title='bbox 490 449 644 482; x_wconf 85' lang='lat' dir='ltr'><strong>Dominus,</strong></span> <span class='ocrx_word' id='word_1_36' title='bbox 672 450 823 478; x_wconf 86' lang='lat' dir='ltr'><strong>secundum</strong></span> <span class='ocrx_word' id='word_1_37' title='bbox 851 450 952 478; x_wconf 77' lang='lat' dir='ltr'><strong>Lucani</strong></span> <span class='ocrx_word' id='word_1_38' title='bbox 981 455 1063 487; x_wconf 87' lang='lat' dir='ltr'><strong>atque</strong></span> 
     </span>
    </p>
   </div>
   <div class='ocr_carea' id='block_1_8' title="bbox 266 496 1063 532">
    <p class='ocr_par' dir='ltr' id='par_1_8' title="bbox 266 496 1063 532">
     <span class='ocr_line' id='line_1_8' title="bbox 266 496 1063 532; baseline 0.001 -8"><span class='ocrx_word' id='word_1_39' title='bbox 266 496 400 524; x_wconf 82' lang='lat' dir='ltr'><strong>Joannem</strong></span> <span class='ocrx_word' id='word_1_40' title='bbox 413 497 440 524; x_wconf 93' lang='lat' dir='ltr'><strong>id</strong></span> <span class='ocrx_word' id='word_1_41' title='bbox 457 496 632 524; x_wconf 89' lang='lat' dir='ltr'><strong>concorditer</strong></span> <span class='ocrx_word' id='word_1_42' title='bbox 648 496 824 529; x_wconf 72' lang='lat' dir='ltr'><strong>afﬁrmantes,</strong></span> <span class='ocrx_word' id='word_1_43' title='bbox 840 505 1013 532; x_wconf 85' lang='lat' dir='ltr'><strong>nequaquam</strong></span> <span class='ocrx_word' id='word_1_44' title='bbox 1028 498 1063 526; x_wconf 88' lang='lat' dir='ltr'><strong>ab</strong></span> 
     </span>
    </p>
   </div>
   <div class='ocr_carea' id='block_1_9' title="bbox 267 543 986 580">
    <p class='ocr_par' dir='ltr' id='par_1_9' title="bbox 267 543 986 580">
     <span class='ocr_line' id='line_1_9' title="bbox 267 543 986 580; baseline 0.001 -8"><span class='ocrx_word' id='word_1_45' title='bbox 267 548 385 579; x_wconf 89' lang='lat' dir='ltr'><strong>utroque</strong></span> <span class='ocrx_word' id='word_1_46' title='bbox 402 543 478 579; x_wconf 86' lang='lat' dir='ltr'><strong>paria</strong></span> <span class='ocrx_word' id='word_1_47' title='bbox 488 543 579 571; x_wconf 78' lang='lat' dir='ltr'><strong>facere</strong></span> <span class='ocrx_word' id='word_1_48' title='bbox 593 547 621 570; x_wconf 87' lang='lat' dir='ltr'><strong>et</strong></span> <span class='ocrx_word' id='word_1_49' title='bbox 636 543 727 572; x_wconf 82' lang='lat' dir='ltr'><strong>dicere</strong></span> <span class='ocrx_word' id='word_1_50' title='bbox 744 544 876 580; x_wconf 85' lang='lat' dir='ltr'><strong>scriptum</strong></span> <span class='ocrx_word' id='word_1_51' title='bbox 894 546 986 573; x_wconf 87' lang='lat' dir='ltr'><strong>tuerit.</strong></span> 
     </span>
    </p>
   </div>
   <div class='ocr_carea' id='block_1_10' title="bbox 303 635 1062 673">
    <p class='ocr_par' dir='ltr' id='par_1_10' title="bbox 303 635 1062 673">
     <span class='ocr_line' id='line_1_10' title="bbox 303 635 1062 673; baseline 0.004 -10"><span class='ocrx_word' id='word_1_52' title='bbox 303 635 381 669; x_wconf 87' lang='lat' dir='ltr'><strong>Quod</strong></span> <span class='ocrx_word' id='word_1_53' title='bbox 403 635 528 664; x_wconf 89' lang='lat' dir='ltr'><strong>eamdem</strong></span> <span class='ocrx_word' id='word_1_54' title='bbox 544 636 679 664; x_wconf 79' lang='lat' dir='ltr'><strong>visionem</strong></span> <span class='ocrx_word' id='word_1_55' title='bbox 702 637 784 664; x_wconf 90' lang='lat' dir='ltr'><strong>ambo</strong></span> <span class='ocrx_word' id='word_1_56' title='bbox 800 637 975 673; x_wconf 56' lang='lat' dir='ltr'><strong>evangelista!</strong></span> <span class='ocrx_word' id='word_1_57' title='bbox 988 638 1062 666; x_wconf 75' lang='lat' dir='ltr'><strong>scri~</strong></span> 
     </span>
    </p>
   </div>
   <div class='ocr_carea' id='block_1_11' title="bbox 268 681 1062 719">
    <p class='ocr_par' dir='ltr' id='par_1_11' title="bbox 268 681 1062 719">
     <span class='ocr_line' id='line_1_11' title="bbox 268 681 1062 719; baseline 0.004 -11"><span class='ocrx_word' id='word_1_58' title='bbox 268 681 335 708; x_wconf 89' lang='lat' dir='ltr'><strong>bant</strong></span> <span class='ocrx_word' id='word_1_59' title='bbox 350 689 404 709; x_wconf 85' lang='lat' dir='ltr'><strong>una</strong></span> <span class='ocrx_word' id='word_1_60' title='bbox 421 682 572 718; x_wconf 90' lang='lat' dir='ltr'><strong>eademque</strong></span> <span class='ocrx_word' id='word_1_61' title='bbox 588 686 614 710; x_wconf 91' lang='lat' dir='ltr'><strong>et</strong></span> <span class='ocrx_word' id='word_1_62' title='bbox 627 683 693 710; x_wconf 83' lang='lat' dir='ltr'><strong>hora</strong></span> <span class='ocrx_word' id='word_1_63' title='bbox 709 687 737 710; x_wconf 87' lang='lat' dir='ltr'><strong>et</strong></span> <span class='ocrx_word' id='word_1_64' title='bbox 753 683 797 710; x_wconf 92' lang='lat' dir='ltr'><strong>die</strong></span> <span class='ocrx_word' id='word_1_65' title='bbox 813 683 945 716; x_wconf 85' lang='lat' dir='ltr'><strong>oblatam,</strong></span> <span class='ocrx_word' id='word_1_66' title='bbox 963 684 990 711; x_wconf 91' lang='lat' dir='ltr'><strong>in</strong></span> <span class='ocrx_word' id='word_1_67' title='bbox 1005 685 1062 719; x_wconf 89' lang='lat' dir='ltr'><strong>pri-</strong></span> 
     </span>
    </p>
   </div>
   <div class='ocr_carea' id='block_1_12' title="bbox 267 729 1060 766">
    <p class='ocr_par' dir='ltr' id='par_1_12' title="bbox 267 729 1060 766">
     <span class='ocr_line' id='line_1_12' title="bbox 267 729 1060 766; baseline 0.005 -11"><span class='ocrx_word' id='word_1_68' title='bbox 267 729 321 756; x_wconf 87' lang='lat' dir='ltr'><strong>mis</strong></span> <span class='ocrx_word' id='word_1_69' title='bbox 336 729 572 764; x_wconf 77' lang='lat' dir='ltr'><strong>comprobandum</strong></span> <span class='ocrx_word' id='word_1_70' title='bbox 584 733 637 757; x_wconf 78' lang='lat' dir='ltr'><strong>est.</strong></span> <span class='ocrx_word' id='word_1_71' title='bbox 653 729 732 762; x_wconf 88' lang='lat' dir='ltr'><strong>Quod</strong></span> <span class='ocrx_word' id='word_1_72' title='bbox 752 729 802 757; x_wconf 87' lang='lat' dir='ltr'><strong>tibi</strong></span> <span class='ocrx_word' id='word_1_73' title='bbox 816 730 988 766; x_wconf 86' lang='lat' dir='ltr'><strong>exploratum</strong></span> <span class='ocrx_word' id='word_1_74' title='bbox 1004 731 1060 764; x_wconf 85' lang='lat' dir='ltr'><strong>ﬁet,</strong></span> 
     </span>
    </p>
   </div>
   <div class='ocr_carea' id='block_1_13' title="bbox 268 774 1060 810">
    <p class='ocr_par' dir='ltr' id='par_1_13' title="bbox 268 774 1060 810">
     <span class='ocr_line' id='line_1_13' title="bbox 268 774 1060 810; baseline 0.004 -8"><span class='ocrx_word' id='word_1_75' title='bbox 268 774 450 810; x_wconf 76' lang='lat' dir='ltr'><strong>si-diligenter</strong></span> <span class='ocrx_word' id='word_1_76' title='bbox 467 775 646 810; x_wconf 87' lang='lat' dir='ltr'><strong>Scripturam&#39;</strong></span> <span class='ocrx_word' id='word_1_77' title='bbox 658 775 888 804; x_wconf 84' lang='lat' dir='ltr'><strong>consideravcris.</strong></span> <span class='ocrx_word' id='word_1_78' title='bbox 910 776 978 804; x_wconf 83' lang='lat' dir='ltr'><strong>Nam</strong></span> <span class='ocrx_word' id='word_1_79' title='bbox 997 785 1060 805; x_wconf 93' lang='lat' dir='ltr'><strong>cum</strong></span> 
     </span>
    </p>
   </div>
   <div class='ocr_carea' id='block_1_14' title="bbox 267 819 1061 850">
    <p class='ocr_par' dir='ltr' id='par_1_14' title="bbox 267 819 1061 850">
     <span class='ocr_line' id='line_1_14' title="bbox 267 819 1061 850; baseline 0.005 -4"><span class='ocrx_word' id='word_1_80' title='bbox 267 819 389 847; x_wconf 80' lang='lat' dir='ltr'><strong>Joannes</strong></span> <span class='ocrx_word' id='word_1_81' title='bbox 400 824 479 848; x_wconf 85' lang='lat' dir='ltr'><strong>antea</strong></span> <span class='ocrx_word' id='word_1_82' title='bbox 491 820 607 848; x_wconf 83' lang='lat' dir='ltr'><strong>dixisset</strong></span> <span class='ocrx_word' id='word_1_83' title='bbox 619 820 708 848; x_wconf 70' lang='lat' dir='ltr'><strong>:iUna</strong></span> <span class='ocrx_word' id='word_1_84' title='bbox 720 829 785 848; x_wconf 85' lang='lat' dir='ltr'><strong>vero</strong></span> <span class='ocrx_word' id='word_1_85' title='bbox 793 821 977 850; x_wconf 85' lang='lat' dir='ltr'><strong>Sabbatorum</strong></span> <span class='ocrx_word' id='word_1_86' title='bbox 987 823 1061 850; x_wconf 79' lang='lat' dir='ltr'><strong>venit</strong></span> 
     </span>
    </p>
   </div>
   <div class='ocr_carea' id='block_1_15' title="bbox 269 865 1061 902">
    <p class='ocr_par' dir='ltr' id='par_1_15' title="bbox 269 865 1061 902">
     <span class='ocr_line' id='line_1_15' title="bbox 269 865 1061 902; baseline 0.006 -10"><span class='ocrx_word' id='word_1_87' title='bbox 269 865 354 893; x_wconf 85' lang='lat' dir='ltr'><strong>Maria</strong></span> <span class='ocrx_word' id='word_1_88' title='bbox 369 865 529 901; x_wconf 78' lang='lat' dir='ltr'><strong>Magdalena</strong></span> <span class='ocrx_word' id='word_1_89' title='bbox 549 866 718 894; x_wconf 77' lang='lat' dir='ltr'><strong>annuntians</strong></span> <span class='ocrx_word' id='word_1_90' title='bbox 737 867 892 902; x_wconf 88' lang='lat' dir='ltr'><strong>discipulis,</strong></span> <span class='ocrx_word' id='word_1_91' title='bbox 914 876 943 896; x_wconf 90' lang='lat' dir='ltr'><strong>se</strong></span> <span class='ocrx_word' id='word_1_92' title='bbox 959 869 1061 897; x_wconf 83' lang='lat' dir='ltr'><strong>vidisse</strong></span> 
     </span>
    </p>
   </div>
   <div class='ocr_carea' id='block_1_16' title="bbox 269 911 1061 946">
    <p class='ocr_par' dir='ltr' id='par_1_16' title="bbox 269 911 1061 946">
     <span class='ocr_line' id='line_1_16' title="bbox 269 911 1061 946; baseline 0.008 -9"><span class='ocrx_word' id='word_1_93' title='bbox 269 911 426 944; x_wconf 88' lang='lat' dir='ltr'><strong>Domimtm,</strong></span> <span class='ocrx_word' id='word_1_94' title='bbox 443 916 470 940; x_wconf 85' lang='lat' dir='ltr'><strong>et</strong></span> <span class='ocrx_word' id='word_1_95' title='bbox 486 913 543 940; x_wconf 63' lang='lat' dir='ltr'><strong>haec</strong></span> <span class='ocrx_word' id='word_1_96' title='bbox 564 913 616 940; x_wconf 87' lang='lat' dir='ltr'><strong>sibi</strong></span> <span class='ocrx_word' id='word_1_97' title='bbox 636 913 756 946; x_wconf 78' lang='lat' dir='ltr'><strong>dixisse;</strong></span> <span class='ocrx_word' id='word_1_98' title='bbox 778 923 787 939; x_wconf 74' lang='grc' dir='ltr'><strong>ι</strong></span> <span class='ocrx_word' id='word_1_99' title='bbox 801 914 899 942; x_wconf 90' lang='lat' dir='ltr'><strong>deinde</strong></span> <span class='ocrx_word' id='word_1_100' title='bbox 923 916 1061 943; x_wconf 84' lang='lat' dir='ltr'><strong>subnectit</strong></span> 
     </span>
    </p>
   </div>
   <div class='ocr_carea' id='block_1_17' title="bbox 269 958 1062 997">
    <p class='ocr_par' dir='ltr' id='par_1_17' title="bbox 269 958 1062 997">
     <span class='ocr_line' id='line_1_17' title="bbox 269 958 1062 997; baseline 0.005 -13"><span class='ocrx_word' id='word_1_101' title='bbox 269 958 365 986; x_wconf 89' lang='lat' dir='ltr'><strong>dicens</strong></span> <span class='ocrx_word' id='word_1_102' title='bbox 383 968 390 986; x_wconf 92' lang='lat'>:</span> <span class='ocrx_word' id='word_1_103' title='bbox 410 968 418 984; x_wconf 76' lang='grc' dir='ltr'><strong>ι</strong></span> <span class='ocrx_word' id='word_1_104' title='bbox 434 958 501 986; x_wconf 90' lang='lat' dir='ltr'><strong>Cum</strong></span> <span class='ocrx_word' id='word_1_105' title='bbox 518 967 580 987; x_wconf 88' lang='lat' dir='ltr'><strong>scro</strong></span> <span class='ocrx_word' id='word_1_106' title='bbox 601 963 675 987; x_wconf 84' lang='lat' dir='ltr'><strong>esset</strong></span> <span class='ocrx_word' id='word_1_107' title='bbox 690 959 734 986; x_wconf 87' lang='lat' dir='ltr'><strong>die</strong></span> <span class='ocrx_word' id='word_1_108' title='bbox 751 960 807 992; x_wconf 88' lang='lat' dir='ltr'><strong>illa,</strong></span> <span class='ocrx_word' id='word_1_109' title='bbox 829 961 1004 997; x_wconf 80' lang='lat' dir='ltr'><strong>congregatis</strong></span> <span class='ocrx_word' id='word_1_110' title='bbox 1020 961 1062 988; x_wconf 84' lang='lat' dir='ltr'><strong>di-</strong></span> 
     </span>
    </p>
   </div>
   <div class='ocr_carea' id='block_1_18' title="bbox 269 1004 1062 1041">
    <p class='ocr_par' dir='ltr' id='par_1_18' title="bbox 269 1004 1062 1041">
     <span class='ocr_line' id='line_1_18' title="bbox 269 1004 1062 1041; baseline 0.003 -9"><span class='ocrx_word' id='word_1_111' title='bbox 269 1004 395 1039; x_wconf 89' lang='lat' dir='ltr'><strong>scipulis,</strong></span> <span class='ocrx_word' id='word_1_112' title='bbox 413 1005 488 1032; x_wconf 89' lang='lat' dir='ltr'><strong>venit</strong></span> <span class='ocrx_word' id='word_1_113' title='bbox 511 1004 603 1037; x_wconf 83' lang='lat' dir='ltr'><strong>Jesus,</strong></span> <span class='ocrx_word' id='word_1_114' title='bbox 622 1006 753 1041; x_wconf 87' lang='lat' dir='ltr'><strong>stetitque</strong></span> <span class='ocrx_word' id='word_1_115' title='bbox 775 1007 802 1034; x_wconf 92' lang='lat' dir='ltr'><strong>in</strong></span> <span class='ocrx_word' id='word_1_116' title='bbox 827 1007 928 1040; x_wconf 84' lang='lat' dir='ltr'><strong>medio,</strong></span> <span class='ocrx_word' id='word_1_117' title='bbox 949 1011 976 1035; x_wconf 87' lang='lat' dir='ltr'><strong>et</strong></span> <span class='ocrx_word' id='word_1_118' title='bbox 992 1008 1062 1035; x_wconf 90' lang='lat' dir='ltr'><strong>dixit</strong></span> 
     </span>
    </p>
   </div>
   <div class='ocr_carea' id='block_1_19' title="bbox 269 1050 1062 1085">
    <p class='ocr_par' dir='ltr' id='par_1_19' title="bbox 269 1050 1062 1085">
     <span class='ocr_line' id='line_1_19' title="bbox 269 1050 1062 1085; baseline 0.005 -8"><span class='ocrx_word' id='word_1_119' title='bbox 269 1051 309 1078; x_wconf 87' lang='lat' dir='ltr'><strong>eis</strong></span> <span class='ocrx_word' id='word_1_120' title='bbox 326 1060 332 1077; x_wconf 83' lang='lat'><strong>:</strong></span> <span class='ocrx_word' id='word_1_121' title='bbox 352 1050 406 1078; x_wconf 83' lang='lat' dir='ltr'><strong>Pax</strong></span> <span class='ocrx_word' id='word_1_122' title='bbox 429 1052 518 1079; x_wconf 89' lang='lat' dir='ltr'><strong>vobis.</strong></span> <span class='ocrx_word' id='word_1_123' title='bbox 537 1062 546 1078; x_wconf 82' lang='grc' dir='ltr'><strong>ι</strong></span> <span class='ocrx_word' id='word_1_124' title='bbox 572 1052 756 1085; x_wconf 86' lang='lat' dir='ltr'><strong>Quamobrem</strong></span> <span class='ocrx_word' id='word_1_125' title='bbox 786 1061 820 1080; x_wconf 86' lang='lat' dir='ltr'><strong>ex</strong></span> <span class='ocrx_word' id='word_1_126' title='bbox 846 1053 890 1081; x_wconf 88' lang='lat' dir='ltr'><strong>his</strong></span> <span class='ocrx_word' id='word_1_127' title='bbox 917 1054 1062 1081; x_wconf 77' lang='lat' dir='ltr'><strong>manifeste</strong></span> 
     </span>
    </p>
   </div>
   <div class='ocr_carea' id='block_1_20' title="bbox 269 1097 1063 1135">
    <p class='ocr_par' dir='ltr' id='par_1_20' title="bbox 269 1097 1063 1135">
     <span class='ocr_line' id='line_1_20' title="bbox 269 1097 1063 1135; baseline 0.005 -11"><span class='ocrx_word' id='word_1_128' title='bbox 269 1102 388 1130; x_wconf 86' lang='lat' dir='ltr'><strong>constat,</strong></span> <span class='ocrx_word' id='word_1_129' title='bbox 400 1097 494 1125; x_wconf 84' lang='lat' dir='ltr'><strong>eadem</strong></span> <span class='ocrx_word' id='word_1_130' title='bbox 507 1098 648 1126; x_wconf 89' lang='lat' dir='ltr'><strong>Dominica</strong></span> <span class='ocrx_word' id='word_1_131' title='bbox 661 1099 873 1127; x_wconf 77' lang='lat' dir='ltr'><strong>resurrectionis</strong></span> <span class='ocrx_word' id='word_1_132' title='bbox 882 1099 936 1131; x_wconf 85' lang='lat' dir='ltr'><strong>die,</strong></span> <span class='ocrx_word' id='word_1_133' title='bbox 950 1108 1063 1135; x_wconf 68' lang='lat' dir='ltr'><strong>vesper-</strong></span> 
     </span>
    </p>
   </div>
   <div class='ocr_carea' id='block_1_21' title="bbox 270 1143 1061 1179">
    <p class='ocr_par' dir='ltr' id='par_1_21' title="bbox 270 1143 1061 1179">
     <span class='ocr_line' id='line_1_21' title="bbox 270 1143 1061 1179; baseline 0.005 -10"><span class='ocrx_word' id='word_1_134' title='bbox 270 1143 328 1170; x_wconf 93' lang='lat' dir='ltr'><strong>tino</strong></span> <span class='ocrx_word' id='word_1_135' title='bbox 344 1147 467 1178; x_wconf 84' lang='lat' dir='ltr'><strong>tempore</strong></span> <span class='ocrx_word' id='word_1_136' title='bbox 485 1147 544 1171; x_wconf 89' lang='lat' dir='ltr'><strong>acta</strong></span> <span class='ocrx_word' id='word_1_137' title='bbox 567 1151 629 1172; x_wconf 85' lang='lat' dir='ltr'><strong>esse</strong></span> <span class='ocrx_word' id='word_1_138' title='bbox 651 1152 712 1179; x_wconf 60' lang='lat' dir='ltr'><strong>quae</strong></span> <span class='ocrx_word' id='word_1_139' title='bbox 730 1144 851 1173; x_wconf 80' lang='lat' dir='ltr'><strong>Joannes</strong></span> <span class='ocrx_word' id='word_1_140' title='bbox 872 1145 977 1173; x_wconf 83' lang='lat' dir='ltr'><strong>scribit.</strong></span> <span class='ocrx_word' id='word_1_141' title='bbox 995 1146 1061 1173; x_wconf 88' lang='lat' dir='ltr'><strong>Item</strong></span> 
     </span>
    </p>
   </div>
   <div class='ocr_carea' id='block_1_22' title="bbox 270 1188 1061 1224">
    <p class='ocr_par' dir='ltr' id='par_1_22' title="bbox 270 1188 1061 1224">
     <span class='ocr_line' id='line_1_22' title="bbox 270 1188 1061 1224; baseline 0.005 -9"><span class='ocrx_word' id='word_1_142' title='bbox 270 1189 342 1224; x_wconf 88' lang='lat' dir='ltr'><strong>apud</strong></span> <span class='ocrx_word' id='word_1_143' title='bbox 354 1188 454 1216; x_wconf 86' lang='lat' dir='ltr'><strong>Lucam</strong></span> <span class='ocrx_word' id='word_1_144' title='bbox 466 1189 537 1218; x_wconf 92' lang='lat' dir='ltr'><strong>idem</strong></span> <span class='ocrx_word' id='word_1_145' title='bbox 550 1190 609 1218; x_wconf 89' lang='lat' dir='ltr'><strong>dies</strong></span> <span class='ocrx_word' id='word_1_146' title='bbox 624 1195 652 1218; x_wconf 89' lang='lat' dir='ltr'><strong>et</strong></span> <span class='ocrx_word' id='word_1_147' title='bbox 667 1191 736 1218; x_wconf 89' lang='lat' dir='ltr'><strong>hora</strong></span> <span class='ocrx_word' id='word_1_148' title='bbox 752 1191 915 1219; x_wconf 87' lang='lat' dir='ltr'><strong>invenietur.</strong></span> <span class='ocrx_word' id='word_1_149' title='bbox 932 1191 977 1219; x_wconf 92' lang='lat' dir='ltr'><strong>Ait</strong></span> <span class='ocrx_word' id='word_1_150' title='bbox 988 1192 1061 1220; x_wconf 92' lang='lat' dir='ltr'><strong>enim</strong></span> 
     </span>
    </p>
   </div>
   <div class='ocr_carea' id='block_1_23' title="bbox 269 1233 1063 1268">
    <p class='ocr_par' dir='ltr' id='par_1_23' title="bbox 269 1233 1063 1268">
     <span class='ocr_line' id='line_1_23' title="bbox 269 1233 1063 1268; baseline 0.008 -9"><span class='ocrx_word' id='word_1_151' title='bbox 269 1233 328 1268; x_wconf 89' lang='lat' dir='ltr'><strong>ipse</strong></span> <span class='ocrx_word' id='word_1_152' title='bbox 344 1243 349 1260; x_wconf 97' lang='lat'>:</span> <span class='ocrx_word' id='word_1_153' title='bbox 368 1243 376 1258; x_wconf 77' lang='grc' dir='ltr'><strong>ε</strong></span> <span class='ocrx_word' id='word_1_154' title='bbox 393 1233 451 1261; x_wconf 91' lang='lat' dir='ltr'><strong>Una</strong></span> <span class='ocrx_word' id='word_1_155' title='bbox 469 1239 560 1262; x_wconf 81' lang='lat' dir='ltr'><strong>autem</strong></span> <span class='ocrx_word' id='word_1_156' title='bbox 575 1234 688 1262; x_wconf 87' lang='lat' dir='ltr'><strong>Sabbati</strong></span> <span class='ocrx_word' id='word_1_157' title='bbox 700 1235 778 1263; x_wconf 85' lang='lat' dir='ltr'><strong>valde</strong></span> <span class='ocrx_word' id='word_1_158' title='bbox 792 1236 914 1264; x_wconf 88' lang='lat' dir='ltr'><strong>diluculo</strong></span> <span class='ocrx_word' id='word_1_159' title='bbox 929 1242 1063 1265; x_wconf 81' lang='lat' dir='ltr'><strong>venerunt</strong></span> 
     </span>
    </p>
   </div>
   <div class='ocr_carea' id='block_1_24' title="bbox 269 1277 1059 1314">
    <p class='ocr_par' dir='ltr' id='par_1_24' title="bbox 269 1277 1059 1314">
     <span class='ocr_line' id='line_1_24' title="bbox 269 1277 1059 1314; baseline 0.005 -10"><span class='ocrx_word' id='word_1_160' title='bbox 269 1277 304 1305; x_wconf 87' lang='lat' dir='ltr'><strong>ad</strong></span> <span class='ocrx_word' id='word_1_161' title='bbox 319 1283 526 1306; x_wconf 82' lang='lat' dir='ltr'><strong>monumentum</strong></span> <span class='ocrx_word' id='word_1_162' title='bbox 539 1279 678 1308; x_wconf 88' lang='lat' dir='ltr'><strong>mulieres.</strong></span> <span class='ocrx_word' id='word_1_163' title='bbox 697 1290 706 1305; x_wconf 77' lang='grc'><strong>&gt;</strong></span> <span class='ocrx_word' id='word_1_164' title='bbox 721 1279 823 1308; x_wconf 88' lang='lat' dir='ltr'><strong>Deinde</strong></span> <span class='ocrx_word' id='word_1_165' title='bbox 842 1281 915 1314; x_wconf 90' lang='lat' dir='ltr'><strong>quod</strong></span> <span class='ocrx_word' id='word_1_166' title='bbox 930 1281 997 1309; x_wconf 88' lang='lat' dir='ltr'><strong>visis</strong></span> <span class='ocrx_word' id='word_1_167' title='bbox 1013 1290 1059 1308; x_wconf 87' lang='lat' dir='ltr'><strong>an-</strong></span> 
     </span>
    </p>
   </div>
   <div class='ocr_carea' id='block_1_25' title="bbox 269 1323 1060 1361">
    <p class='ocr_par' dir='ltr' id='par_1_25' title="bbox 269 1323 1060 1361">
     <span class='ocr_line' id='line_1_25' title="bbox 269 1323 1060 1361; baseline 0.005 -11"><span class='ocrx_word' id='word_1_168' title='bbox 269 1323 337 1358; x_wconf 80' lang='lat' dir='ltr'><strong>gelis</strong></span> <span class='ocrx_word' id='word_1_169' title='bbox 349 1331 466 1352; x_wconf 72' lang='lat' dir='ltr'><strong>reversa:</strong></span> <span class='ocrx_word' id='word_1_170' title='bbox 482 1325 671 1352; x_wconf 87' lang='lat' dir='ltr'><strong>nuntiaverint</strong></span> <span class='ocrx_word' id='word_1_171' title='bbox 689 1325 835 1361; x_wconf 84' lang='lat' dir='ltr'><strong>discipulis</strong></span> <span class='ocrx_word' id='word_1_172' title='bbox 853 1334 913 1361; x_wconf 71' lang='lat' dir='ltr'><strong>qua:</strong></span> <span class='ocrx_word' id='word_1_173' title='bbox 923 1327 1060 1354; x_wconf 87' lang='lat' dir='ltr'><strong>viderant.</strong></span> 
     </span>
    </p>
   </div>
   <div class='ocr_carea' id='block_1_26' title="bbox 269 1367 1060 1404">
    <p class='ocr_par' dir='ltr' id='par_1_26' title="bbox 269 1367 1060 1404">
     <span class='ocr_line' id='line_1_26' title="bbox 269 1367 1060 1404; baseline 0.005 -9"><span class='ocrx_word' id='word_1_174' title='bbox 269 1367 367 1396; x_wconf 81' lang='lat' dir='ltr'><strong>Petrus</strong></span> <span class='ocrx_word' id='word_1_175' title='bbox 383 1373 472 1397; x_wconf 87' lang='lat' dir='ltr'><strong>autem</strong></span> <span class='ocrx_word' id='word_1_176' title='bbox 489 1369 653 1397; x_wconf 83' lang='lat' dir='ltr'><strong>festinanter</strong></span> <span class='ocrx_word' id='word_1_177' title='bbox 664 1371 697 1397; x_wconf 89' lang='lat' dir='ltr'><strong>ad</strong></span> <span class='ocrx_word' id='word_1_178' title='bbox 710 1376 916 1398; x_wconf 89' lang='lat' dir='ltr'><strong>monumentum</strong></span> <span class='ocrx_word' id='word_1_179' title='bbox 929 1373 1060 1404; x_wconf 81' lang='lat' dir='ltr'><strong>occurrit,</strong></span> 
     </span>
    </p>
   </div>
   <div class='ocr_carea' id='block_1_27' title="bbox 269 1415 1062 1450">
    <p class='ocr_par' dir='ltr' id='par_1_27' title="bbox 269 1415 1062 1450">
     <span class='ocr_line' id='line_1_27' title="bbox 269 1415 1062 1450; baseline 0.004 -8"><span class='ocrx_word' id='word_1_180' title='bbox 269 1418 296 1442; x_wconf 85' lang='lat' dir='ltr'><strong>et</strong></span> <span class='ocrx_word' id='word_1_181' title='bbox 312 1415 471 1442; x_wconf 87' lang='lat' dir='ltr'><strong>linteamina</strong></span> <span class='ocrx_word' id='word_1_182' title='bbox 486 1416 571 1443; x_wconf 81' lang='lat' dir='ltr'><strong>videt.</strong></span> <span class='ocrx_word' id='word_1_183' title='bbox 588 1415 678 1450; x_wconf 86' lang='lat' dir='ltr'><strong>Atque</strong></span> <span class='ocrx_word' id='word_1_184' title='bbox 698 1416 756 1443; x_wconf 70' lang='lat' dir='ltr'><strong>haec</strong></span> <span class='ocrx_word' id='word_1_185' title='bbox 770 1417 849 1444; x_wconf 82' lang='lat' dir='ltr'><strong>valde</strong></span> <span class='ocrx_word' id='word_1_186' title='bbox 861 1416 982 1445; x_wconf 89' lang='lat' dir='ltr'><strong>diluculo</strong></span> <span class='ocrx_word' id='word_1_187' title='bbox 996 1425 1062 1445; x_wconf 84' lang='lat' dir='ltr'><strong>con-</strong></span> 
     </span>
    </p>
   </div>
   <div class='ocr_carea' id='block_1_28' title="bbox 268 1461 1062 1496">
    <p class='ocr_par' dir='ltr' id='par_1_28' title="bbox 268 1461 1062 1496">
     <span class='ocr_line' id='line_1_28' title="bbox 268 1461 1062 1496; baseline 0.008 -9"><span class='ocrx_word' id='word_1_188' title='bbox 268 1461 400 1496; x_wconf 76' lang='lat' dir='ltr'><strong>tigerunt,</strong></span> <span class='ocrx_word' id='word_1_189' title='bbox 417 1462 629 1490; x_wconf 85' lang='lat' dir='ltr'><strong>resurrectionis</strong></span> <span class='ocrx_word' id='word_1_190' title='bbox 647 1463 701 1490; x_wconf 89' lang='lat' dir='ltr'><strong>die.</strong></span> <span class='ocrx_word' id='word_1_191' title='bbox 722 1462 794 1490; x_wconf 88' lang='lat' dir='ltr'><strong>Dicit</strong></span> <span class='ocrx_word' id='word_1_192' title='bbox 807 1472 869 1491; x_wconf 75' lang='lat' dir='ltr'><strong>mox</strong></span> <span class='ocrx_word' id='word_1_193' title='bbox 889 1465 1062 1493; x_wconf 86' lang='lat' dir='ltr'><strong>continenter</strong></span> 
     </span>
    </p>
   </div>
   <div class='ocr_carea' id='block_1_29' title="bbox 269 1505 1060 1545">
    <p class='ocr_par' dir='ltr' id='par_1_29' title="bbox 269 1505 1060 1545">
     <span class='ocr_line' id='line_1_29' title="bbox 269 1505 1060 1545; baseline 0.005 -11"><span class='ocrx_word' id='word_1_194' title='bbox 269 1505 414 1539; x_wconf 84' lang='lat' dir='ltr'><strong>Scriptura</strong></span> <span class='ocrx_word' id='word_1_195' title='bbox 429 1516 437 1534; x_wconf 88' lang='lat'><strong>:</strong></span> <span class='ocrx_word' id='word_1_196' title='bbox 452 1516 462 1532; x_wconf 86' lang='grc'><strong><em>‹</em></strong></span> <span class='ocrx_word' id='word_1_197' title='bbox 478 1507 509 1534; x_wconf 86' lang='lat' dir='ltr'><strong>Et</strong></span> <span class='ocrx_word' id='word_1_198' title='bbox 525 1515 588 1535; x_wconf 89' lang='lat' dir='ltr'><strong>ecce</strong></span> <span class='ocrx_word' id='word_1_199' title='bbox 602 1508 657 1535; x_wconf 92' lang='lat' dir='ltr'><strong>duo</strong></span> <span class='ocrx_word' id='word_1_200' title='bbox 672 1516 706 1535; x_wconf 83' lang='lat' dir='ltr'><strong>ex</strong></span> <span class='ocrx_word' id='word_1_201' title='bbox 721 1509 790 1544; x_wconf 84' lang='lat' dir='ltr'><strong>ipsis</strong></span> <span class='ocrx_word' id='word_1_202' title='bbox 806 1510 883 1537; x_wconf 81' lang='lat' dir='ltr'><strong>ibant</strong></span> <span class='ocrx_word' id='word_1_203' title='bbox 899 1511 956 1545; x_wconf 89' lang='lat' dir='ltr'><strong>ipsa</strong></span> <span class='ocrx_word' id='word_1_204' title='bbox 973 1511 1017 1539; x_wconf 92' lang='lat' dir='ltr'><strong>die</strong></span> <span class='ocrx_word' id='word_1_205' title='bbox 1033 1512 1060 1538; x_wconf 90' lang='lat' dir='ltr'><strong>in</strong></span> 
     </span>
    </p>
   </div>
   <div class='ocr_carea' id='block_1_30' title="bbox 268 1553 1061 1594">
    <p class='ocr_par' dir='ltr' id='par_1_30' title="bbox 268 1553 1061 1594">
     <span class='ocr_line' id='line_1_30' title="bbox 268 1553 1061 1594; baseline 0.008 -15"><span class='ocrx_word' id='word_1_206' title='bbox 268 1553 424 1580; x_wconf 87' lang='lat' dir='ltr'><strong>castellum.</strong></span> <span class='ocrx_word' id='word_1_207' title='bbox 444 1562 453 1579; x_wconf 77' lang='grc' dir='ltr'><strong>ι</strong></span> <span class='ocrx_word' id='word_1_208' title='bbox 471 1553 555 1581; x_wconf 85' lang='lat' dir='ltr'><strong>Erant</strong></span> <span class='ocrx_word' id='word_1_209' title='bbox 566 1558 657 1581; x_wconf 88' lang='lat' dir='ltr'><strong>autem</strong></span> <span class='ocrx_word' id='word_1_210' title='bbox 668 1554 784 1590; x_wconf 86' lang='lat' dir='ltr'><strong>Cleopas</strong></span> <span class='ocrx_word' id='word_1_211' title='bbox 802 1563 864 1583; x_wconf 93' lang='lat' dir='ltr'><strong>cum</strong></span> <span class='ocrx_word' id='word_1_212' title='bbox 883 1557 959 1585; x_wconf 90' lang='lat' dir='ltr'><strong>socio</strong></span> <span class='ocrx_word' id='word_1_213' title='bbox 978 1565 984 1583; x_wconf 93' lang='lat'><strong>:</strong></span> <span class='ocrx_word' id='word_1_214' title='bbox 999 1558 1061 1594; x_wconf 88' lang='lat' dir='ltr'><strong>qui-</strong></span> 
     </span>
    </p>
   </div>
   <div class='ocr_carea' id='block_1_31' title="bbox 268 1599 1060 1639">
    <p class='ocr_par' dir='ltr' id='par_1_31' title="bbox 268 1599 1060 1639">
     <span class='ocr_line' id='line_1_31' title="bbox 268 1599 1060 1639; baseline 0.005 -12"><span class='ocrx_word' id='word_1_215' title='bbox 268 1599 385 1628; x_wconf 88' lang='lat' dir='ltr'><strong>buscum</strong></span> <span class='ocrx_word' id='word_1_216' title='bbox 411 1599 492 1629; x_wconf 82' lang='lat' dir='ltr'><strong>Jesus</strong></span> <span class='ocrx_word' id='word_1_217' title='bbox 517 1601 707 1628; x_wconf 89' lang='lat' dir='ltr'><strong>Emmauntem</strong></span> <span class='ocrx_word' id='word_1_218' title='bbox 729 1602 889 1637; x_wconf 75' lang='lat' dir='ltr'><strong>ingressus,</strong></span> <span class='ocrx_word' id='word_1_219' title='bbox 923 1604 1060 1639; x_wconf 88' lang='lat' dir='ltr'><strong>accipiens</strong></span> 
     </span>
    </p>
   </div>
   <div class='ocr_carea' id='block_1_32' title="bbox 268 1646 1055 1684">
    <p class='ocr_par' dir='ltr' id='par_1_32' title="bbox 268 1646 1055 1684">
     <span class='ocr_line' id='line_1_32' title="bbox 268 1646 1055 1684; baseline 0.004 -11"><span class='ocrx_word' id='word_1_220' title='bbox 268 1653 367 1681; x_wconf 81' lang='lat' dir='ltr'><strong>panem</strong></span> <span class='ocrx_word' id='word_1_221' title='bbox 396 1646 552 1680; x_wconf 77' lang='lat' dir='ltr'><strong>benedixit;</strong></span> <span class='ocrx_word' id='word_1_222' title='bbox 578 1654 632 1682; x_wconf 88' lang='lat' dir='ltr'><strong>qtto</strong></span> <span class='ocrx_word' id='word_1_223' title='bbox 651 1647 704 1675; x_wconf 87' lang='lat' dir='ltr'><strong>illis</strong></span> <span class='ocrx_word' id='word_1_224' title='bbox 725 1652 861 1682; x_wconf 76' lang='lat' dir='ltr'><strong>porrecto,</strong></span> <span class='ocrx_word' id='word_1_225' title='bbox 882 1648 1027 1684; x_wconf 84' lang='lat' dir='ltr'><strong>disparuit.</strong></span> <span class='ocrx_word' id='word_1_226' title='bbox 1046 1660 1055 1676; x_wconf 75' lang='grc' dir='ltr'><strong>ι</strong></span> 
     </span>
    </p>
   </div>
   <div class='ocr_carea' id='block_1_33' title="bbox 267 1694 1059 1732">
    <p class='ocr_par' dir='ltr' id='par_1_33' title="bbox 267 1694 1059 1732">
     <span class='ocr_line' id='line_1_33' title="bbox 267 1694 1059 1732; baseline 0.004 -10"><span class='ocrx_word' id='word_1_227' title='bbox 267 1695 371 1723; x_wconf 87' lang='lat' dir='ltr'><strong>Deinde</strong></span> <span class='ocrx_word' id='word_1_228' title='bbox 380 1695 474 1724; x_wconf 87' lang='lat' dir='ltr'><strong>subdit</strong></span> <span class='ocrx_word' id='word_1_229' title='bbox 488 1703 494 1721; x_wconf 90' lang='lat'><strong>:</strong></span> <span class='ocrx_word' id='word_1_230' title='bbox 514 1705 523 1720; x_wconf 82' lang='grc' dir='ltr'><strong>ι</strong></span> <span class='ocrx_word' id='word_1_231' title='bbox 543 1694 577 1721; x_wconf 81' lang='lat' dir='ltr'><strong>Et</strong></span> <span class='ocrx_word' id='word_1_232' title='bbox 591 1698 734 1730; x_wconf 79' lang='lat' dir='ltr'><strong>surgentes</strong></span> <span class='ocrx_word' id='word_1_233' title='bbox 748 1695 843 1723; x_wconf 88' lang='lat' dir='ltr'><strong>eadem</strong></span> <span class='ocrx_word' id='word_1_234' title='bbox 858 1696 926 1723; x_wconf 76' lang='lat' dir='ltr'><strong>liora</strong></span> <span class='ocrx_word' id='word_1_235' title='bbox 942 1698 1059 1732; x_wconf 86' lang='lat' dir='ltr'><strong>regressi</strong></span> 
     </span>
    </p>
   </div>
   <div class='ocr_carea' id='block_1_34' title="bbox 268 1741 1062 1777">
    <p class='ocr_par' dir='ltr' id='par_1_34' title="bbox 268 1741 1062 1777">
     <span class='ocr_line' id='line_1_34' title="bbox 268 1741 1062 1777; baseline 0.001 -8"><span class='ocrx_word' id='word_1_236' title='bbox 268 1746 333 1770; x_wconf 87' lang='lat' dir='ltr'><strong>sunt</strong></span> <span class='ocrx_word' id='word_1_237' title='bbox 347 1742 375 1769; x_wconf 94' lang='lat' dir='ltr'><strong>in</strong></span> <span class='ocrx_word' id='word_1_238' title='bbox 395 1741 578 1773; x_wconf 83' lang='lat' dir='ltr'><strong>Hierusalem,</strong></span> <span class='ocrx_word' id='word_1_239' title='bbox 593 1745 621 1768; x_wconf 87' lang='lat' dir='ltr'><strong>et</strong></span> <span class='ocrx_word' id='word_1_240' title='bbox 635 1741 800 1768; x_wconf 86' lang='lat' dir='ltr'><strong>invenerunt</strong></span> <span class='ocrx_word' id='word_1_241' title='bbox 816 1746 996 1777; x_wconf 77' lang='lat' dir='ltr'><strong>congregatos</strong></span> <span class='ocrx_word' id='word_1_242' title='bbox 1011 1751 1062 1770; x_wconf 70' lang='lat' dir='ltr'><strong>un-</strong></span> 
     </span>
    </p>
   </div>
   <div class='ocr_carea' id='block_1_35' title="bbox 268 1787 1059 1822">
    <p class='ocr_par' dir='ltr' id='par_1_35' title="bbox 268 1787 1059 1822">
     <span class='ocr_line' id='line_1_35' title="bbox 268 1787 1059 1822; baseline 0.001 -7"><span class='ocrx_word' id='word_1_243' title='bbox 268 1788 370 1816; x_wconf 87' lang='lat' dir='ltr'><strong>decim.</strong></span> <span class='ocrx_word' id='word_1_244' title='bbox 391 1797 399 1814; x_wconf 83' lang='lat' dir='ltr'><strong>I</strong></span> <span class='ocrx_word' id='word_1_245' title='bbox 417 1787 516 1815; x_wconf 86' lang='lat' dir='ltr'><strong>Postea</strong></span> <span class='ocrx_word' id='word_1_246' title='bbox 531 1787 751 1822; x_wconf 84' lang='lat' dir='ltr'><strong>colloquentibus</strong></span> <span class='ocrx_word' id='word_1_247' title='bbox 769 1787 834 1819; x_wconf 83' lang='lat' dir='ltr'><strong>illis,</strong></span> <span class='ocrx_word' id='word_1_248' title='bbox 849 1788 924 1815; x_wconf 87' lang='lat' dir='ltr'><strong>stetit</strong></span> <span class='ocrx_word' id='word_1_249' title='bbox 935 1788 1015 1816; x_wconf 82' lang='lat' dir='ltr'><strong>.lcsus</strong></span> <span class='ocrx_word' id='word_1_250' title='bbox 1033 1789 1059 1816; x_wconf 92' lang='lat' dir='ltr'><strong>in</strong></span> 
     </span>
    </p>
   </div>
   <div class='ocr_carea' id='block_1_36' title="bbox 268 1832 1061 1866">
    <p class='ocr_par' dir='ltr' id='par_1_36' title="bbox 268 1832 1061 1866">
     <span class='ocr_line' id='line_1_36' title="bbox 268 1832 1061 1866; baseline 0.001 -6"><span class='ocrx_word' id='word_1_251' title='bbox 268 1834 359 1862; x_wconf 87' lang='lat' dir='ltr'><strong>medio</strong></span> <span class='ocrx_word' id='word_1_252' title='bbox 375 1841 481 1866; x_wconf 90' lang='lat' dir='ltr'><strong>eorum,</strong></span> <span class='ocrx_word' id='word_1_253' title='bbox 495 1837 522 1860; x_wconf 82' lang='lat' dir='ltr'><strong>et</strong></span> <span class='ocrx_word' id='word_1_254' title='bbox 540 1833 610 1860; x_wconf 76' lang='lat' dir='ltr'><strong>dixit</strong></span> <span class='ocrx_word' id='word_1_255' title='bbox 628 1833 667 1860; x_wconf 90' lang='lat' dir='ltr'><strong>cis</strong></span> <span class='ocrx_word' id='word_1_256' title='bbox 683 1842 690 1859; x_wconf 88' lang='lat'><strong><em>:</em></strong></span> <span class='ocrx_word' id='word_1_257' title='bbox 707 1842 716 1857; x_wconf 72' lang='grc' dir='ltr'><strong>ε</strong></span> <span class='ocrx_word' id='word_1_258' title='bbox 735 1832 790 1860; x_wconf 85' lang='lat' dir='ltr'><strong>Pax</strong></span> <span class='ocrx_word' id='word_1_259' title='bbox 808 1833 894 1864; x_wconf 87' lang='lat' dir='ltr'><strong>vobis,</strong></span> <span class='ocrx_word' id='word_1_260' title='bbox 920 1843 929 1860; x_wconf 71' lang='grc' dir='ltr'><strong>ι</strong></span> <span class='ocrx_word' id='word_1_261' title='bbox 951 1838 978 1861; x_wconf 90' lang='lat' dir='ltr'><strong>et</strong></span> <span class='ocrx_word' id='word_1_262' title='bbox 996 1835 1061 1861; x_wconf 87' lang='lat' dir='ltr'><strong>reli-</strong></span> 
     </span>
    </p>
   </div>
   <div class='ocr_carea' id='block_1_37' title="bbox 267 1878 1061 1914">
    <p class='ocr_par' dir='ltr' id='par_1_37' title="bbox 267 1878 1061 1914">
     <span class='ocr_line' id='line_1_37' title="bbox 267 1878 1061 1914; baseline 0.001 -8"><span class='ocrx_word' id='word_1_263' title='bbox 267 1887 332 1914; x_wconf 89' lang='lat' dir='ltr'><strong>qua.</strong></span> <span class='ocrx_word' id='word_1_264' title='bbox 349 1879 572 1906; x_wconf 85' lang='lat' dir='ltr'><strong>Demonstratum</strong></span> <span class='ocrx_word' id='word_1_265' title='bbox 589 1884 630 1906; x_wconf 89' lang='lat' dir='ltr'><strong>cst</strong></span> <span class='ocrx_word' id='word_1_266' title='bbox 644 1879 737 1913; x_wconf 82' lang='lat' dir='ltr'><strong>itaque</strong></span> <span class='ocrx_word' id='word_1_267' title='bbox 753 1879 835 1906; x_wconf 85' lang='lat' dir='ltr'><strong>etiam</strong></span> <span class='ocrx_word' id='word_1_268' title='bbox 852 1886 866 1905; x_wconf 85' lang='lat' dir='ltr'><strong>a</strong></span> <span class='ocrx_word' id='word_1_269' title='bbox 885 1878 970 1911; x_wconf 88' lang='lat' dir='ltr'><strong>Luca,</strong></span> <span class='ocrx_word' id='word_1_270' title='bbox 986 1887 1061 1907; x_wconf 86' lang='lat' dir='ltr'><strong>eam-</strong></span> 
     </span>
    </p>
   </div>
   <div class='ocr_carea' id='block_1_38' title="bbox 267 1925 1060 1960">
    <p class='ocr_par' dir='ltr' id='par_1_38' title="bbox 267 1925 1060 1960">
     <span class='ocr_line' id='line_1_38' title="bbox 267 1925 1060 1960; baseline 0.001 -7"><span class='ocrx_word' id='word_1_271' title='bbox 267 1927 329 1954; x_wconf 85' lang='lat' dir='ltr'><strong>dem</strong></span> <span class='ocrx_word' id='word_1_272' title='bbox 349 1926 434 1954; x_wconf 76' lang='lat' dir='ltr'><strong>fuisse</strong></span> <span class='ocrx_word' id='word_1_273' title='bbox 457 1925 742 1960; x_wconf 84' lang='lat' dir='ltr'><strong>diem;eamdemque</strong></span> <span class='ocrx_word' id='word_1_274' title='bbox 770 1925 834 1952; x_wconf 86' lang='lat' dir='ltr'><strong>item</strong></span> <span class='ocrx_word' id='word_1_275' title='bbox 861 1925 954 1952; x_wconf 87' lang='lat' dir='ltr'><strong>horam</strong></span> <span class='ocrx_word' id='word_1_276' title='bbox 975 1926 1060 1954; x_wconf 82' lang='lat' dir='ltr'><strong>fuisse</strong></span> 
     </span>
    </p>
   </div>
   <div class='ocr_carea' id='block_1_39' title="bbox 267 1971 1058 2007">
    <p class='ocr_par' dir='ltr' id='par_1_39' title="bbox 267 1971 1058 2007">
     <span class='ocr_line' id='line_1_39' title="bbox 267 1971 1058 2007; baseline -0.001 -7"><span class='ocrx_word' id='word_1_277' title='bbox 267 1972 332 2000; x_wconf 85' lang='lat' dir='ltr'><strong>inde</strong></span> <span class='ocrx_word' id='word_1_278' title='bbox 351 1972 559 2007; x_wconf 89' lang='lat' dir='ltr'><strong>comprobatur,</strong></span> <span class='ocrx_word' id='word_1_279' title='bbox 585 1972 658 2006; x_wconf 88' lang='lat' dir='ltr'><strong>quod</strong></span> <span class='ocrx_word' id='word_1_280' title='bbox 683 1971 800 2006; x_wconf 85' lang='lat' dir='ltr'><strong>Cleopas</strong></span> <span class='ocrx_word' id='word_1_281' title='bbox 824 1979 886 1998; x_wconf 92' lang='lat' dir='ltr'><strong>cum</strong></span> <span class='ocrx_word' id='word_1_282' title='bbox 909 1972 985 1999; x_wconf 86' lang='lat' dir='ltr'><strong>socio</strong></span> <span class='ocrx_word' id='word_1_283' title='bbox 1005 1981 1058 1999; x_wconf 89' lang='lat' dir='ltr'><strong>una</strong></span> 
     </span>
    </p>
   </div>
   <div class='ocr_carea' id='block_1_40' title="bbox 266 2016 1058 2053">
    <p class='ocr_par' dir='ltr' id='par_1_40' title="bbox 266 2016 1058 2053">
     <span class='ocr_line' id='line_1_40' title="bbox 266 2016 1058 2053; baseline -0.001 -8"><span class='ocrx_word' id='word_1_284' title='bbox 266 2018 311 2045; x_wconf 86' lang='lat' dir='ltr'><strong>die</strong></span> <span class='ocrx_word' id='word_1_285' title='bbox 330 2021 358 2045; x_wconf 87' lang='lat' dir='ltr'><strong>et</strong></span> <span class='ocrx_word' id='word_1_286' title='bbox 379 2017 543 2044; x_wconf 86' lang='lat' dir='ltr'><strong>Emmaunte</strong></span> <span class='ocrx_word' id='word_1_287' title='bbox 562 2016 660 2049; x_wconf 85' lang='lat' dir='ltr'><strong>fuerit,</strong></span> <span class='ocrx_word' id='word_1_288' title='bbox 681 2021 708 2044; x_wconf 88' lang='lat' dir='ltr'><strong>et</strong></span> <span class='ocrx_word' id='word_1_289' title='bbox 728 2016 848 2044; x_wconf 91' lang='lat' dir='ltr'><strong>indidem</strong></span> <span class='ocrx_word' id='word_1_290' title='bbox 872 2016 1058 2053; x_wconf 78' lang='lat' dir='ltr'><strong>Hierosolyma</strong></span> 
     </span>
    </p>
   </div>
   <div class='ocr_carea' id='block_1_41' title="bbox 266 2062 1058 2098">
    <p class='ocr_par' dir='ltr' id='par_1_41' title="bbox 266 2062 1058 2098">
     <span class='ocr_line' id='line_1_41' title="bbox 266 2062 1058 2098; baseline -0.001 -8"><span class='ocrx_word' id='word_1_291' title='bbox 266 2063 392 2094; x_wconf 88' lang='lat' dir='ltr'><strong>redierit,</strong></span> <span class='ocrx_word' id='word_1_292' title='bbox 405 2063 526 2090; x_wconf 84' lang='lat' dir='ltr'><strong>serotino</strong></span> <span class='ocrx_word' id='word_1_293' title='bbox 539 2070 653 2098; x_wconf 89' lang='lat' dir='ltr'><strong>prorsus</strong></span> <span class='ocrx_word' id='word_1_294' title='bbox 665 2066 795 2097; x_wconf 86' lang='lat' dir='ltr'><strong>tempore.</strong></span> <span class='ocrx_word' id='word_1_295' title='bbox 812 2062 880 2090; x_wconf 83' lang='lat' dir='ltr'><strong>Exin</strong></span> <span class='ocrx_word' id='word_1_296' title='bbox 895 2063 994 2090; x_wconf 78' lang='lat' dir='ltr'><strong>lactant</strong></span> <span class='ocrx_word' id='word_1_297' title='bbox 1010 2071 1058 2098; x_wconf 85' lang='lat' dir='ltr'><strong>ap-</strong></span> 
     </span>
    </p>
   </div>
   <div class='ocr_carea' id='block_1_42' title="bbox 266 2110 443 2147">
    <p class='ocr_par' dir='ltr' id='par_1_42' title="bbox 266 2110 443 2147">
     <span class='ocr_line' id='line_1_42' title="bbox 266 2110 443 2147; baseline -0.006 -10"><span class='ocrx_word' id='word_1_298' title='bbox 266 2110 443 2147; x_wconf 75' lang='lat' dir='ltr'><strong>paritionem.</strong></span> 
     </span>
    </p>
   </div>
   <div class='ocr_carea' id='block_1_43' title="bbox 1078 943 1098 970">
    <p class='ocr_par' dir='ltr' id='par_1_43' title="bbox 1078 943 1098 970">
     <span class='ocr_line' id='line_1_43' title="bbox 1078 943 1098 970; baseline 0 0"><span class='ocrx_word' id='word_1_299' title='bbox 1078 943 1098 970; x_wconf 87' lang='lat' dir='ltr'><strong>B</strong></span> 
     </span>
    </p>
   </div>
   <div class='ocr_carea' id='block_1_44' title="bbox 300 2202 1093 2238">
    <p class='ocr_par' dir='ltr' id='par_1_44' title="bbox 300 2202 1093 2238">
     <span class='ocr_line' id='line_1_44' title="bbox 300 2202 1093 2238; baseline 0.001 -9"><span class='ocrx_word' id='word_1_300' title='bbox 300 2202 436 2235; x_wconf 90' lang='lat' dir='ltr'><strong>Quoniam</strong></span> <span class='ocrx_word' id='word_1_301' title='bbox 451 2202 544 2237; x_wconf 87' lang='lat' dir='ltr'><strong>itaque</strong></span> <span class='ocrx_word' id='word_1_302' title='bbox 555 2202 650 2230; x_wconf 87' lang='lat' dir='ltr'><strong>eadem</strong></span> <span class='ocrx_word' id='word_1_303' title='bbox 666 2203 736 2238; x_wconf 87' lang='lat' dir='ltr'><strong>apud</strong></span> <span class='ocrx_word' id='word_1_304' title='bbox 755 2206 903 2237; x_wconf 88' lang='lat' dir='ltr'><strong>utrumque</strong></span> <span class='ocrx_word' id='word_1_305' title='bbox 919 2203 1051 2238; x_wconf 79' lang='lat' dir='ltr'><strong>evangeli-</strong></span> <span class='ocrx_word' id='word_1_306' title='bbox 1073 2210 1093 2237; x_wconf 81' lang='grc' dir='ltr'>ι)</span> 
     </span>
    </p>
   </div>
   <div class='ocr_carea' id='block_1_45' title="bbox 265 2248 1056 2284">
    <p class='ocr_par' dir='ltr' id='par_1_45' title="bbox 265 2248 1056 2284">
     <span class='ocr_line' id='line_1_45' title="bbox 265 2248 1056 2284; baseline 0 -8"><span class='ocrx_word' id='word_1_307' title='bbox 265 2251 336 2277; x_wconf 79' lang='lat' dir='ltr'><strong>stam</strong></span> <span class='ocrx_word' id='word_1_308' title='bbox 352 2248 381 2275; x_wconf 82' lang='lat' dir='ltr'><strong>tit</strong></span> <span class='ocrx_word' id='word_1_309' title='bbox 397 2248 543 2283; x_wconf 78' lang='lat' dir='ltr'><strong>apparitio,</strong></span> <span class='ocrx_word' id='word_1_310' title='bbox 561 2256 611 2284; x_wconf 76' lang='lat' dir='ltr'><strong>age</strong></span> <span class='ocrx_word' id='word_1_311' title='bbox 633 2249 776 2276; x_wconf 83' lang='lat' dir='ltr'><strong>videamus</strong></span> <span class='ocrx_word' id='word_1_312' title='bbox 790 2248 927 2284; x_wconf 85' lang='lat' dir='ltr'><strong>quomodo</strong></span> <span class='ocrx_word' id='word_1_313' title='bbox 944 2249 996 2275; x_wconf 87' lang='lat' dir='ltr'><strong>alia</strong></span> <span class='ocrx_word' id='word_1_314' title='bbox 1013 2250 1056 2276; x_wconf 89' lang='lat' dir='ltr'><strong>di-</strong></span> 
     </span>
    </p>
   </div>
   <div class='ocr_carea' id='block_1_46' title="bbox 264 2294 1055 2331">
    <p class='ocr_par' dir='ltr' id='par_1_46' title="bbox 264 2294 1055 2331">
     <span class='ocr_line' id='line_1_46' title="bbox 264 2294 1055 2331; baseline 0.003 -10"><span class='ocrx_word' id='word_1_315' title='bbox 264 2299 344 2322; x_wconf 81' lang='lat' dir='ltr'><strong>catur</strong></span> <span class='ocrx_word' id='word_1_316' title='bbox 355 2294 429 2330; x_wconf 90' lang='lat' dir='ltr'><strong>loqui</strong></span> <span class='ocrx_word' id='word_1_317' title='bbox 441 2295 571 2322; x_wconf 86' lang='lat' dir='ltr'><strong>Servalor</strong></span> <span class='ocrx_word' id='word_1_318' title='bbox 581 2299 608 2323; x_wconf 89' lang='lat' dir='ltr'><strong>et</strong></span> <span class='ocrx_word' id='word_1_319' title='bbox 621 2303 702 2330; x_wconf 83' lang='lat' dir='ltr'><strong>agere</strong></span> <span class='ocrx_word' id='word_1_320' title='bbox 714 2295 784 2331; x_wconf 88' lang='lat' dir='ltr'><strong>apud</strong></span> <span class='ocrx_word' id='word_1_321' title='bbox 796 2295 908 2329; x_wconf 85' lang='lat' dir='ltr'><strong>Lucam,</strong></span> <span class='ocrx_word' id='word_1_322' title='bbox 920 2295 971 2323; x_wconf 84' lang='lat' dir='ltr'><strong>alia</strong></span> <span class='ocrx_word' id='word_1_323' title='bbox 983 2296 1055 2331; x_wconf 88' lang='lat' dir='ltr'><strong>apud</strong></span> 
     </span>
    </p>
   </div>
   <div class='ocr_carea' id='block_1_47' title="bbox 263 2338 1055 2376">
    <p class='ocr_par' dir='ltr' id='par_1_47' title="bbox 263 2338 1055 2376">
     <span class='ocr_line' id='line_1_47' title="bbox 263 2338 1055 2376; baseline 0.001 -9"><span class='ocrx_word' id='word_1_324' title='bbox 263 2338 406 2368; x_wconf 80' lang='lat' dir='ltr'><strong>Joannem.</strong></span> <span class='ocrx_word' id='word_1_325' title='bbox 423 2340 512 2375; x_wconf 67' lang='lat' dir='ltr'><strong>Eque</strong></span> <span class='ocrx_word' id='word_1_326' title='bbox 526 2341 608 2375; x_wconf 81' lang='lat' dir='ltr'><strong>igitur</strong></span> <span class='ocrx_word' id='word_1_327' title='bbox 624 2341 695 2376; x_wconf 87' lang='lat' dir='ltr'><strong>apud</strong></span> <span class='ocrx_word' id='word_1_328' title='bbox 708 2341 803 2368; x_wconf 78' lang='lat' dir='ltr'><strong>ambas</strong></span> <span class='ocrx_word' id='word_1_329' title='bbox 817 2341 920 2368; x_wconf 88' lang='lat' dir='ltr'><strong>dictum</strong></span> <span class='ocrx_word' id='word_1_330' title='bbox 933 2346 985 2373; x_wconf 87' lang='lat' dir='ltr'><strong>est,</strong></span> <span class='ocrx_word' id='word_1_331' title='bbox 998 2349 1055 2368; x_wconf 79' lang='lat' dir='ltr'><strong>me-</strong></span> 
     </span>
    </p>
   </div>
   <div class='ocr_carea' id='block_1_48' title="bbox 264 2385 1055 2415">
    <p class='ocr_par' dir='ltr' id='par_1_48' title="bbox 264 2385 1055 2415">
     <span class='ocr_line' id='line_1_48' title="bbox 264 2385 1055 2415; baseline 0.003 -3"><span class='ocrx_word' id='word_1_332' title='bbox 264 2386 340 2413; x_wconf 91' lang='lat' dir='ltr'><strong>dium</strong></span> <span class='ocrx_word' id='word_1_333' title='bbox 357 2390 475 2413; x_wconf 79' lang='lat' dir='ltr'><strong>stantem</strong></span> <span class='ocrx_word' id='word_1_334' title='bbox 493 2386 566 2413; x_wconf 88' lang='lat' dir='ltr'><strong>inter</strong></span> <span class='ocrx_word' id='word_1_335' title='bbox 584 2393 632 2413; x_wconf 86' lang='lat' dir='ltr'><strong>eos</strong></span> <span class='ocrx_word' id='word_1_336' title='bbox 645 2385 738 2413; x_wconf 86' lang='lat' dir='ltr'><strong>Jesum</strong></span> <span class='ocrx_word' id='word_1_337' title='bbox 753 2386 856 2414; x_wconf 80' lang='lat' dir='ltr'><strong>dixisse</strong></span> <span class='ocrx_word' id='word_1_338' title='bbox 877 2395 884 2412; x_wconf 94' lang='lat'><strong>:</strong></span> <span class='ocrx_word' id='word_1_339' title='bbox 905 2396 915 2412; x_wconf 76' lang='grc' dir='ltr'><strong>ι</strong></span> <span class='ocrx_word' id='word_1_340' title='bbox 933 2386 989 2414; x_wconf 82' lang='lat' dir='ltr'><strong>Pax</strong></span> <span class='ocrx_word' id='word_1_341' title='bbox 1008 2395 1055 2415; x_wconf 73' lang='grc' dir='ltr'>νο-</span> 
     </span>
    </p>
   </div>
   <div class='ocr_carea' id='block_1_49' title="bbox 264 2432 1055 2468">
    <p class='ocr_par' dir='ltr' id='par_1_49' title="bbox 264 2432 1055 2468">
     <span class='ocr_line' id='line_1_49' title="bbox 264 2432 1055 2468; baseline 0 -8"><span class='ocrx_word' id='word_1_342' title='bbox 264 2432 319 2461; x_wconf 86' lang='lat' dir='ltr'><strong>bis.</strong></span> <span class='ocrx_word' id='word_1_343' title='bbox 335 2442 345 2458; x_wconf 80' lang='grc' dir='ltr'><strong>ι</strong></span> <span class='ocrx_word' id='word_1_344' title='bbox 365 2432 530 2468; x_wconf 79' lang='lat' dir='ltr'><strong>Singulatim</strong></span> <span class='ocrx_word' id='word_1_345' title='bbox 547 2440 612 2460; x_wconf 90' lang='lat' dir='ltr'><strong>vero</strong></span> <span class='ocrx_word' id='word_1_346' title='bbox 629 2432 700 2467; x_wconf 86' lang='lat' dir='ltr'><strong>apud</strong></span> <span class='ocrx_word' id='word_1_347' title='bbox 716 2432 817 2460; x_wconf 87' lang='lat' dir='ltr'><strong>Lucam</strong></span> <span class='ocrx_word' id='word_1_348' title='bbox 838 2433 948 2461; x_wconf 83' lang='lat' dir='ltr'><strong>additur</strong></span> <span class='ocrx_word' id='word_1_349' title='bbox 959 2434 1055 2461; x_wconf 84' lang='lat' dir='ltr'><strong>existi-</strong></span> 
     </span>
    </p>
   </div>
   <div class='ocr_carea' id='block_1_50' title="bbox 263 2478 1054 2513">
    <p class='ocr_par' dir='ltr' id='par_1_50' title="bbox 263 2478 1054 2513">
     <span class='ocr_line' id='line_1_50' title="bbox 263 2478 1054 2513; baseline 0 -8"><span class='ocrx_word' id='word_1_350' title='bbox 263 2485 355 2505; x_wconf 86' lang='lat' dir='ltr'><strong>masse</strong></span> <span class='ocrx_word' id='word_1_351' title='bbox 374 2485 423 2505; x_wconf 87' lang='lat' dir='ltr'><strong>eos</strong></span> <span class='ocrx_word' id='word_1_352' title='bbox 440 2478 568 2513; x_wconf 84' lang='lat' dir='ltr'><strong>spiritum</strong></span> <span class='ocrx_word' id='word_1_353' title='bbox 591 2486 620 2505; x_wconf 88' lang='lat' dir='ltr'><strong>se</strong></span> <span class='ocrx_word' id='word_1_354' title='bbox 640 2478 743 2511; x_wconf 86' lang='lat' dir='ltr'><strong>videre,</strong></span> <span class='ocrx_word' id='word_1_355' title='bbox 760 2482 787 2505; x_wconf 90' lang='lat' dir='ltr'><strong>et</strong></span> <span class='ocrx_word' id='word_1_356' title='bbox 804 2478 919 2513; x_wconf 88' lang='lat' dir='ltr'><strong>reliqua.</strong></span> <span class='ocrx_word' id='word_1_357' title='bbox 942 2478 1054 2506; x_wconf 78' lang='lat' dir='ltr'><strong>Etiamsi</strong></span> 
     </span>
    </p>
   </div>
   <div class='ocr_carea' id='block_1_51' title="bbox 262 2523 1055 2560">
    <p class='ocr_par' dir='ltr' id='par_1_51' title="bbox 262 2523 1055 2560">
     <span class='ocr_line' id='line_1_51' title="bbox 262 2523 1055 2560; baseline 0 -8"><span class='ocrx_word' id='word_1_358' title='bbox 262 2532 328 2552; x_wconf 88' lang='lat' dir='ltr'><strong>vero</strong></span> <span class='ocrx_word' id='word_1_359' title='bbox 345 2523 404 2552; x_wconf 64' lang='lat' dir='ltr'><strong>haec</strong></span> <span class='ocrx_word' id='word_1_360' title='bbox 418 2524 490 2560; x_wconf 83' lang='lat' dir='ltr'><strong>apud</strong></span> <span class='ocrx_word' id='word_1_361' title='bbox 497 2524 629 2551; x_wconf 86' lang='lat' dir='ltr'><strong>Joannem</strong></span> <span class='ocrx_word' id='word_1_362' title='bbox 640 2525 845 2559; x_wconf 78' lang='lat' dir='ltr'><strong>non_dicuntur,</strong></span> <span class='ocrx_word' id='word_1_363' title='bbox 858 2533 954 2553; x_wconf 87' lang='lat' dir='ltr'><strong>rursus</strong></span> <span class='ocrx_word' id='word_1_364' title='bbox 963 2529 1055 2552; x_wconf 85' lang='lat' dir='ltr'><strong>tamen</strong></span> 
     </span>
    </p>
   </div>
   <div class='ocr_carea' id='block_1_52' title="bbox 262 2571 1055 2606">
    <p class='ocr_par' dir='ltr' id='par_1_52' title="bbox 262 2571 1055 2606">
     <span class='ocr_line' id='line_1_52' title="bbox 262 2571 1055 2606; baseline 0 -7"><span class='ocrx_word' id='word_1_365' title='bbox 262 2572 406 2606; x_wconf 83' lang='lat' dir='ltr'><strong>sequentia</strong></span> <span class='ocrx_word' id='word_1_366' title='bbox 426 2571 498 2606; x_wconf 85' lang='lat' dir='ltr'><strong>apud</strong></span> <span class='ocrx_word' id='word_1_367' title='bbox 521 2576 668 2606; x_wconf 88' lang='lat' dir='ltr'><strong>utrutnque</strong></span> <span class='ocrx_word' id='word_1_368' title='bbox 689 2576 852 2598; x_wconf 85' lang='lat' dir='ltr'><strong>consonant.</strong></span> <span class='ocrx_word' id='word_1_369' title='bbox 870 2572 950 2606; x_wconf 87' lang='lat' dir='ltr'><strong>Apud</strong></span> <span class='ocrx_word' id='word_1_370' title='bbox 972 2572 1055 2599; x_wconf 82' lang='lat' dir='ltr'><strong>Joan-</strong></span> 
     </span>
    </p>
   </div>
   <div class='ocr_carea' id='block_1_53' title="bbox 263 2617 1055 2653">
    <p class='ocr_par' dir='ltr' id='par_1_53' title="bbox 263 2617 1055 2653">
     <span class='ocr_line' id='line_1_53' title="bbox 263 2617 1055 2653; baseline 0.001 -9"><span class='ocrx_word' id='word_1_371' title='bbox 263 2625 325 2645; x_wconf 86' lang='lat' dir='ltr'><strong>nem</strong></span> <span class='ocrx_word' id='word_1_372' title='bbox 338 2617 449 2653; x_wconf 88' lang='lat' dir='ltr'><strong>quidem</strong></span> <span class='ocrx_word' id='word_1_373' title='bbox 464 2621 526 2652; x_wconf 88' lang='lat' dir='ltr'><strong>post</strong></span> <span class='ocrx_word' id='word_1_374' title='bbox 534 2618 618 2645; x_wconf 87' lang='lat' dir='ltr'><strong>verba</strong></span> <span class='ocrx_word' id='word_1_375' title='bbox 629 2627 637 2643; x_wconf 78' lang='grc' dir='ltr'><strong>ι</strong></span> <span class='ocrx_word' id='word_1_376' title='bbox 653 2617 708 2644; x_wconf 89' lang='lat' dir='ltr'><strong>Pax</strong></span> <span class='ocrx_word' id='word_1_377' title='bbox 722 2618 811 2650; x_wconf 88' lang='lat' dir='ltr'><strong>vobis,</strong></span> <span class='ocrx_word' id='word_1_378' title='bbox 828 2628 837 2643; x_wconf 84' lang='grc'><strong>›</strong></span> <span class='ocrx_word' id='word_1_379' title='bbox 850 2618 960 2645; x_wconf 86' lang='lat' dir='ltr'><strong>additur</strong></span> <span class='ocrx_word' id='word_1_380' title='bbox 973 2627 979 2645; x_wconf 88' lang='lat'>:</span> <span class='ocrx_word' id='word_1_381' title='bbox 996 2627 1004 2644; x_wconf 77' lang='grc' dir='ltr'><strong>ε</strong></span> <span class='ocrx_word' id='word_1_382' title='bbox 1023 2618 1055 2645; x_wconf 85' lang='lat' dir='ltr'><strong>Et</strong></span> 
     </span>
    </p>
   </div>
   <div class='ocr_carea' id='block_1_54' title="bbox 262 2664 1054 2696">
    <p class='ocr_par' dir='ltr' id='par_1_54' title="bbox 262 2664 1054 2696">
     <span class='ocr_line' id='line_1_54' title="bbox 262 2664 1054 2696; baseline 0.001 -5"><span class='ocrx_word' id='word_1_383' title='bbox 262 2664 315 2691; x_wconf 88' lang='lat' dir='ltr'><strong>hoc</strong></span> <span class='ocrx_word' id='word_1_384' title='bbox 329 2664 414 2696; x_wconf 85' lang='lat' dir='ltr'><strong>dicto,</strong></span> <span class='ocrx_word' id='word_1_385' title='bbox 430 2664 550 2692; x_wconf 86' lang='lat' dir='ltr'><strong>ostendit</strong></span> <span class='ocrx_word' id='word_1_386' title='bbox 564 2665 604 2692; x_wconf 90' lang='lat' dir='ltr'><strong>eis</strong></span> <span class='ocrx_word' id='word_1_387' title='bbox 622 2672 720 2691; x_wconf 84' lang='lat' dir='ltr'><strong>manus</strong></span> <span class='ocrx_word' id='word_1_388' title='bbox 733 2672 765 2691; x_wconf 88' lang='lat' dir='ltr'><strong>ac</strong></span> <span class='ocrx_word' id='word_1_389' title='bbox 776 2665 848 2691; x_wconf 87' lang='lat' dir='ltr'><strong>latus</strong></span> <span class='ocrx_word' id='word_1_390' title='bbox 856 2672 948 2692; x_wconf 85' lang='lat' dir='ltr'><strong>suum.</strong></span> <span class='ocrx_word' id='word_1_391' title='bbox 969 2674 979 2690; x_wconf 71' lang='grc' dir='ltr'><strong>ι</strong></span> <span class='ocrx_word' id='word_1_392' title='bbox 994 2664 1054 2692; x_wconf 87' lang='grc' dir='ltr'><strong>Νοη</strong></span> 
     </span>
    </p>
   </div>
   <div class='ocr_carea' id='block_1_55' title="bbox 263 2709 1055 2746">
    <p class='ocr_par' dir='ltr' id='par_1_55' title="bbox 263 2709 1055 2746">
     <span class='ocr_line' id='line_1_55' title="bbox 263 2709 1055 2746; baseline 0.004 -11"><span class='ocrx_word' id='word_1_393' title='bbox 263 2713 353 2738; x_wconf 88' lang='lat' dir='ltr'><strong>tamen</strong></span> <span class='ocrx_word' id='word_1_394' title='bbox 363 2709 474 2744; x_wconf 88' lang='lat' dir='ltr'><strong>ponitur</strong></span> <span class='ocrx_word' id='word_1_395' title='bbox 486 2710 556 2744; x_wconf 87' lang='lat' dir='ltr'><strong>apud</strong></span> <span class='ocrx_word' id='word_1_396' title='bbox 567 2709 700 2738; x_wconf 78' lang='lat' dir='ltr'><strong>Joannem</strong></span> <span class='ocrx_word' id='word_1_397' title='bbox 710 2718 803 2743; x_wconf 85' lang='lat' dir='ltr'><strong>causa,</strong></span> <span class='ocrx_word' id='word_1_398' title='bbox 814 2718 876 2746; x_wconf 66' lang='lat' dir='ltr'><strong>quae</strong></span> <span class='ocrx_word' id='word_1_399' title='bbox 885 2710 943 2745; x_wconf 82' lang='lat' dir='ltr'><strong>jam</strong></span> <span class='ocrx_word' id='word_1_400' title='bbox 954 2718 970 2737; x_wconf 89' lang='lat' dir='ltr'><strong>a</strong></span> <span class='ocrx_word' id='word_1_401' title='bbox 980 2710 1055 2738; x_wconf 87' lang='lat' dir='ltr'><strong>Luca</strong></span> 
     </span>
    </p>
   </div>
   <div class='ocr_carea' id='block_1_56' title="bbox 261 2756 1055 2792">
    <p class='ocr_par' dir='ltr' id='par_1_56' title="bbox 261 2756 1055 2792">
     <span class='ocr_line' id='line_1_56' title="bbox 261 2756 1055 2792; baseline 0.001 -9"><span class='ocrx_word' id='word_1_402' title='bbox 261 2756 335 2783; x_wconf 66' lang='lat' dir='ltr'><strong>dit-ta</strong></span> <span class='ocrx_word' id='word_1_403' title='bbox 355 2757 453 2784; x_wconf 83' lang='lat' dir='ltr'><strong>fuerat.</strong></span> <span class='ocrx_word' id='word_1_404' title='bbox 472 2756 537 2783; x_wconf 83' lang='lat' dir='ltr'><strong>Erat</strong></span> <span class='ocrx_word' id='word_1_405' title='bbox 555 2762 646 2784; x_wconf 84' lang='lat' dir='ltr'><strong>autem</strong></span> <span class='ocrx_word' id='word_1_406' title='bbox 668 2757 736 2790; x_wconf 67' lang='lat' dir='ltr'><strong>haec,</strong></span> <span class='ocrx_word' id='word_1_407' title='bbox 752 2757 826 2792; x_wconf 91' lang='lat' dir='ltr'><strong>quod</strong></span> <span class='ocrx_word' id='word_1_408' title='bbox 848 2756 900 2791; x_wconf 88' lang='lat' dir='ltr'><strong>ipsi</strong></span> <span class='ocrx_word' id='word_1_409' title='bbox 914 2756 1055 2784; x_wconf 83' lang='lat' dir='ltr'><strong>existima-</strong></span> 
     </span>
    </p>
   </div>
   <div class='ocr_carea' id='block_1_57' title="bbox 262 2803 1055 2839">
    <p class='ocr_par' dir='ltr' id='par_1_57' title="bbox 262 2803 1055 2839">
     <span class='ocr_line' id='line_1_57' title="bbox 262 2803 1055 2839; baseline 0 -9"><span class='ocrx_word' id='word_1_410' title='bbox 262 2806 323 2830; x_wconf 87' lang='lat' dir='ltr'><strong>rent</strong></span> <span class='ocrx_word' id='word_1_411' title='bbox 335 2811 364 2831; x_wconf 92' lang='lat' dir='ltr'><strong>se</strong></span> <span class='ocrx_word' id='word_1_412' title='bbox 379 2804 504 2838; x_wconf 87' lang='lat' dir='ltr'><strong>spiritum</strong></span> <span class='ocrx_word' id='word_1_413' title='bbox 521 2803 624 2831; x_wconf 86' lang='lat' dir='ltr'><strong>videre.</strong></span> <span class='ocrx_word' id='word_1_414' title='bbox 636 2804 718 2839; x_wconf 79' lang='lat' dir='ltr'><strong>Atqui</strong></span> <span class='ocrx_word' id='word_1_415' title='bbox 734 2803 798 2831; x_wconf 91' lang='lat' dir='ltr'><strong>dum</strong></span> <span class='ocrx_word' id='word_1_416' title='bbox 813 2810 912 2831; x_wconf 89' lang='lat' dir='ltr'><strong>manus</strong></span> <span class='ocrx_word' id='word_1_417' title='bbox 928 2803 1055 2838; x_wconf 87' lang='lat' dir='ltr'><strong>latusque</strong></span> 
     </span>
    </p>
   </div>
   <div class='ocr_carea' id='block_1_58' title="bbox 298 2913 656 2951">
    <p class='ocr_par' dir='ltr' id='par_1_58' title="bbox 298 2913 656 2951">
     <span class='ocr_line' id='line_1_58' title="bbox 298 2913 656 2951; baseline 0.008 -12"><span class='ocrx_word' id='word_1_418' title='bbox 298 2913 354 2951; x_wconf 82' lang='lat'><strong>(68)</strong></span> <span class='ocrx_word' id='word_1_419' title='bbox 374 2913 442 2941; x_wconf 81' lang='lat' dir='ltr'><strong>Cod.</strong></span> <span class='ocrx_word' id='word_1_420' title='bbox 461 2913 493 2948; x_wconf 77' lang='grc' dir='ltr'><strong>Α,</strong></span> <span class='ocrx_word' id='word_1_421' title='bbox 511 2914 530 2943; x_wconf 83' lang='lat' dir='ltr'><strong>r.</strong></span> <span class='ocrx_word' id='word_1_422' title='bbox 547 2914 610 2948; x_wconf 69' lang='grc' dir='ltr'><strong>δια,</strong></span> <span class='ocrx_word' id='word_1_423' title='bbox 629 2915 656 2942; x_wconf 92' lang='lat' dir='ltr'><strong>b.</strong></span> 
     </span>
    </p>
   </div>
   <div class='ocr_carea' id='block_1_59' title="bbox 1839 173 1912 202">
    <p class='ocr_par' dir='ltr' id='par_1_59' title="bbox 1839 173 1912 202">
     <span class='ocr_line' id='line_1_59' title="bbox 1839 173 1912 202; baseline 0 0"><span class='ocrx_word' id='word_1_424' title='bbox 1839 173 1912 202; x_wconf 67' lang='lat'><strong>{000</strong></span> 
     </span>
    </p>
   </div>
   <div class='ocr_carea' id='block_1_60' title="bbox 1492 241 1530 268">
    <p class='ocr_par' dir='ltr' id='par_1_60' title="bbox 1492 241 1530 268">
     <span class='ocr_line' id='line_1_60' title="bbox 1492 241 1530 268; baseline 0 0"><span class='ocrx_word' id='word_1_425' title='bbox 1492 241 1530 268; x_wconf 74' lang='lat'><strong>6&#39;.</strong></span> 
     </span>
    </p>
   </div>
   <div class='ocr_carea' id='block_1_61' title="bbox 1149 305 1913 344">
    <p class='ocr_par' dir='ltr' id='par_1_61' title="bbox 1149 305 1913 344">
     <span class='ocr_line' id='line_1_61' title="bbox 1149 305 1913 344; baseline 0.003 -10"><span class='ocrx_word' id='word_1_426' title='bbox 1149 308 1204 344; x_wconf 85' lang='lat'><strong>(68)</strong></span> <span class='ocrx_word' id='word_1_427' title='bbox 1228 317 1237 333; x_wconf 88' lang='grc'><strong>‹</strong></span> <span class='ocrx_word' id='word_1_428' title='bbox 1254 307 1347 334; x_wconf 77' lang='grc' dir='ltr'>Ταῦτα</span> <span class='ocrx_word' id='word_1_429' title='bbox 1361 307 1390 334; x_wconf 71' lang='grc' dir='ltr'>δὲ</span> <span class='ocrx_word' id='word_1_430' title='bbox 1402 305 1490 334; x_wconf 73' lang='grc' dir='ltr'>αὐτῶν</span> <span class='ocrx_word' id='word_1_431' title='bbox 1507 307 1659 334; x_wconf 77' lang='grc' dir='ltr'><strong>λαλούντων</strong></span> <span class='ocrx_word' id='word_1_432' title='bbox 1675 306 1754 339; x_wconf 71' lang='grc' dir='ltr'>αὐτὸς</span> <span class='ocrx_word' id='word_1_433' title='bbox 1773 309 1787 335; x_wconf 87' lang='grc' dir='ltr'><strong>ὀ</strong></span> <span class='ocrx_word' id='word_1_434' title='bbox 1804 308 1913 344; x_wconf 74' lang='grc' dir='ltr'>Ἰησοῦς</span> 
     </span>
    </p>
   </div>
   <div class='ocr_carea' id='block_1_62' title="bbox 1112 354 1910 391">
    <p class='ocr_par' dir='ltr' id='par_1_62' title="bbox 1112 354 1910 391">
     <span class='ocr_line' id='line_1_62' title="bbox 1112 354 1910 391; baseline -0.001 -9"><span class='ocrx_word' id='word_1_435' title='bbox 1112 355 1178 390; x_wconf 78' lang='grc' dir='ltr'>ἔστη</span> <span class='ocrx_word' id='word_1_436' title='bbox 1189 356 1218 381; x_wconf 83' lang='grc' dir='ltr'>ὲν</span> <span class='ocrx_word' id='word_1_437' title='bbox 1235 355 1310 390; x_wconf 80' lang='grc' dir='ltr'>μέσῳ</span> <span class='ocrx_word' id='word_1_438' title='bbox 1324 354 1424 387; x_wconf 77' lang='grc' dir='ltr'>αὐτῶν,</span> <span class='ocrx_word' id='word_1_439' title='bbox 1438 355 1484 381; x_wconf 71' lang='grc' dir='ltr'>καὶ</span> <span class='ocrx_word' id='word_1_440' title='bbox 1494 354 1564 389; x_wconf 82' lang='grc' dir='ltr'>λέγει</span> <span class='ocrx_word' id='word_1_441' title='bbox 1579 354 1681 386; x_wconf 67' lang='grc' dir='ltr'>αὐτοῖς.</span> <span class='ocrx_word' id='word_1_442' title='bbox 1694 355 1797 390; x_wconf 80' lang='grc' dir='ltr'><strong>Εἰρήνη</strong></span> <span class='ocrx_word' id='word_1_443' title='bbox 1809 355 1883 391; x_wconf 81' lang='grc' dir='ltr'>ὑμῖν.</span> <span class='ocrx_word' id='word_1_444' title='bbox 1899 366 1910 381; x_wconf 74' lang='grc' dir='ltr'><strong>ι</strong></span> 
     </span>
    </p>
   </div>
   <div class='ocr_carea' id='block_1_63' title="bbox 1118 400 1913 436">
    <p class='ocr_par' dir='ltr' id='par_1_63' title="bbox 1118 400 1913 436">
     <span class='ocr_line' id='line_1_63' title="bbox 1118 400 1913 436; baseline 0.001 -9"><span class='ocrx_word' id='word_1_445' title='bbox 1118 400 1251 427; x_wconf 79' lang='grc' dir='ltr'>Ἐνταῦθα</span> <span class='ocrx_word' id='word_1_446' title='bbox 1258 409 1299 432; x_wconf 87' lang='grc' dir='ltr'><strong>τις</strong></span> <span class='ocrx_word' id='word_1_447' title='bbox 1305 401 1454 435; x_wconf 81' lang='grc' dir='ltr'>ἀπορήσειε</span> <span class='ocrx_word' id='word_1_448' title='bbox 1464 400 1521 432; x_wconf 79' lang='grc' dir='ltr'>πῶς</span> <span class='ocrx_word' id='word_1_449' title='bbox 1530 401 1585 432; x_wconf 85' lang='grc' dir='ltr'>τοῖς</span> <span class='ocrx_word' id='word_1_450' title='bbox 1593 400 1689 427; x_wconf 77' lang='grc' dir='ltr'>ἕνδεκα</span> <span class='ocrx_word' id='word_1_451' title='bbox 1698 400 1832 436; x_wconf 82' lang='grc' dir='ltr'><strong>μαθηταῖς</strong></span> <span class='ocrx_word' id='word_1_452' title='bbox 1840 401 1913 436; x_wconf 65' lang='grc' dir='ltr'><strong>ἐιμοῦ</strong></span> 
     </span>
    </p>
   </div>
   <div class='ocr_carea' id='block_1_64' title="bbox 1113 446 1914 484">
    <p class='ocr_par' dir='ltr' id='par_1_64' title="bbox 1113 446 1914 484">
     <span class='ocr_line' id='line_1_64' title="bbox 1113 446 1914 484; baseline 0.001 -11"><span class='ocrx_word' id='word_1_453' title='bbox 1113 446 1293 482; x_wconf 71' lang='grc' dir='ltr'><strong>συνηγμένοις</strong></span> <span class='ocrx_word' id='word_1_454' title='bbox 1311 446 1381 482; x_wconf 82' lang='grc' dir='ltr'><strong>μετά</strong></span> <span class='ocrx_word' id='word_1_455' title='bbox 1400 446 1450 482; x_wconf 80' lang='grc' dir='ltr'>τὴν</span> <span class='ocrx_word' id='word_1_456' title='bbox 1473 446 1621 473; x_wconf 80' lang='grc' dir='ltr'>ἀνάστασιν</span> <span class='ocrx_word' id='word_1_457' title='bbox 1646 447 1761 479; x_wconf 76' lang='grc' dir='ltr'>ἐπιστὰς</span> <span class='ocrx_word' id='word_1_458' title='bbox 1776 448 1791 474; x_wconf 79' lang='grc' dir='ltr'>ὁ</span> <span class='ocrx_word' id='word_1_459' title='bbox 1807 447 1914 484; x_wconf 69' lang='grc' dir='ltr'>Κύριος</span> 
     </span>
    </p>
   </div>
   <div class='ocr_carea' id='block_1_65' title="bbox 1112 493 1914 530">
    <p class='ocr_par' dir='ltr' id='par_1_65' title="bbox 1112 493 1914 530">
     <span class='ocr_line' id='line_1_65' title="bbox 1112 493 1914 530; baseline 0.001 -9"><span class='ocrx_word' id='word_1_460' title='bbox 1112 495 1182 522; x_wconf 79' lang='grc' dir='ltr'>κατὰ</span> <span class='ocrx_word' id='word_1_461' title='bbox 1195 494 1240 521; x_wconf 76' lang='grc' dir='ltr'><strong>τὸν</strong></span> <span class='ocrx_word' id='word_1_462' title='bbox 1252 495 1359 521; x_wconf 77' lang='grc' dir='ltr'>Λουκᾶν</span> <span class='ocrx_word' id='word_1_463' title='bbox 1376 493 1422 521; x_wconf 79' lang='grc' dir='ltr'><strong>καὶ</strong></span> <span class='ocrx_word' id='word_1_464' title='bbox 1437 493 1507 521; x_wconf 79' lang='grc' dir='ltr'>κατὰ</span> <span class='ocrx_word' id='word_1_465' title='bbox 1519 494 1645 529; x_wconf 81' lang='grc' dir='ltr'>Ἰωάννην</span> <span class='ocrx_word' id='word_1_466' title='bbox 1659 494 1813 530; x_wconf 78' lang='grc' dir='ltr'><strong>συμφώνως</strong></span> <span class='ocrx_word' id='word_1_467' title='bbox 1822 496 1914 522; x_wconf 79' lang='grc' dir='ltr'>ταῦτα</span> 
     </span>
    </p>
   </div>
   <div class='ocr_carea' id='block_1_66' title="bbox 1115 541 1914 578">
    <p class='ocr_par' dir='ltr' id='par_1_66' title="bbox 1115 541 1914 578">
     <span class='ocr_line' id='line_1_66' title="bbox 1115 541 1914 578; baseline 0.004 -11"><span class='ocrx_word' id='word_1_468' title='bbox 1115 541 1423 576; x_wconf 81' lang='grc' dir='ltr'><strong>ἀπομνημονεύσαντας,</strong></span> <span class='ocrx_word' id='word_1_469' title='bbox 1441 541 1533 567; x_wconf 81' lang='grc' dir='ltr'>οὐκέτι</span> <span class='ocrx_word' id='word_1_470' title='bbox 1558 541 1622 577; x_wconf 67' lang='grc' dir='ltr'>παρ’</span> <span class='ocrx_word' id='word_1_471' title='bbox 1638 541 1802 578; x_wconf 76' lang='grc' dir='ltr'>ἀμφοτέροις</span> <span class='ocrx_word' id='word_1_472' title='bbox 1823 542 1914 570; x_wconf 72' lang='grc' dir='ltr'>ταῦτὰ</span> 
     </span>
    </p>
   </div>
   <div class='ocr_carea' id='block_1_67' title="bbox 1116 587 1680 622">
    <p class='ocr_par' dir='ltr' id='par_1_67' title="bbox 1116 587 1680 622">
     <span class='ocr_line' id='line_1_67' title="bbox 1116 587 1680 622; baseline 0.002 -9"><span class='ocrx_word' id='word_1_473' title='bbox 1116 587 1244 622; x_wconf 76' lang='grc' dir='ltr'><strong>πράττων</strong></span> <span class='ocrx_word' id='word_1_474' title='bbox 1259 587 1321 613; x_wconf 73' lang='grc' dir='ltr'><strong>οὐδὲ</strong></span> <span class='ocrx_word' id='word_1_475' title='bbox 1335 587 1448 622; x_wconf 77' lang='grc' dir='ltr'>φάσκων</span> <span class='ocrx_word' id='word_1_476' title='bbox 1462 587 1680 622; x_wconf 81' lang='grc' dir='ltr'>ἀναγέγραπται.</span> 
     </span>
    </p>
   </div>
   <div class='ocr_carea' id='block_1_68' title="bbox 1152 623 1914 670">
    <p class='ocr_par' dir='ltr' id='par_1_68' title="bbox 1152 632 1914 670">
     <span class='ocr_line' id='line_1_68' title="bbox 1152 632 1914 670; baseline 0.003 -11"><span class='ocrx_word' id='word_1_477' title='bbox 1152 633 1212 659; x_wconf 83' lang='grc' dir='ltr'>Ὂτι</span> <span class='ocrx_word' id='word_1_478' title='bbox 1226 632 1274 668; x_wconf 82' lang='grc' dir='ltr'>τὴν</span> <span class='ocrx_word' id='word_1_479' title='bbox 1289 632 1375 668; x_wconf 80' lang='grc' dir='ltr'>αὐτὴν</span> <span class='ocrx_word' id='word_1_480' title='bbox 1388 632 1521 659; x_wconf 76' lang='grc' dir='ltr'><strong>ὀπτασίαν</strong></span> <span class='ocrx_word' id='word_1_481' title='bbox 1537 634 1561 659; x_wconf 76' lang='grc' dir='ltr'>οἱ</span> <span class='ocrx_word' id='word_1_482' title='bbox 1575 633 1622 659; x_wconf 86' lang='grc' dir='ltr'>δύο</span> <span class='ocrx_word' id='word_1_483' title='bbox 1638 633 1811 670; x_wconf 74' lang='grc' dir='ltr'>συνέγραψαν</span> <span class='ocrx_word' id='word_1_484' title='bbox 1824 635 1914 669; x_wconf 79' lang='grc' dir='ltr'>εὐαγ-</span> 
     </span>
    </p>
   </div>
   <div class='ocr_carea' id='block_1_69' title="bbox 1115 676 1915 715">
    <p class='ocr_par' dir='ltr' id='par_1_69' title="bbox 1115 676 1915 715">
     <span class='ocr_line' id='line_1_69' title="bbox 1115 676 1915 715; baseline 0.004 -12"><span class='ocrx_word' id='word_1_485' title='bbox 1115 676 1238 710; x_wconf 77' lang='grc' dir='ltr'>γελισταὶ</span> <span class='ocrx_word' id='word_1_486' title='bbox 1254 677 1324 703; x_wconf 80' lang='grc' dir='ltr'><strong>κατά</strong></span> <span class='ocrx_word' id='word_1_487' title='bbox 1341 676 1404 712; x_wconf 83' lang='grc' dir='ltr'>μίαν</span> <span class='ocrx_word' id='word_1_488' title='bbox 1415 677 1462 703; x_wconf 79' lang='grc' dir='ltr'>καὶ</span> <span class='ocrx_word' id='word_1_489' title='bbox 1474 677 1524 713; x_wconf 80' lang='grc' dir='ltr'>τὴν</span> <span class='ocrx_word' id='word_1_490' title='bbox 1541 677 1626 713; x_wconf 79' lang='grc' dir='ltr'>αὐτὴν</span> <span class='ocrx_word' id='word_1_491' title='bbox 1639 678 1713 713; x_wconf 83' lang='grc' dir='ltr'>ὤραν</span> <span class='ocrx_word' id='word_1_492' title='bbox 1730 688 1759 705; x_wconf 86' lang='grc' dir='ltr'><strong>τε</strong></span> <span class='ocrx_word' id='word_1_493' title='bbox 1775 679 1822 706; x_wconf 78' lang='grc' dir='ltr'>καὶ</span> <span class='ocrx_word' id='word_1_494' title='bbox 1844 681 1915 715; x_wconf 81' lang='grc' dir='ltr'>ἡμέ-</span> 
     </span>
    </p>
   </div>
   <div class='ocr_carea' id='block_1_70' title="bbox 1115 723 1913 760">
    <p class='ocr_par' dir='ltr' id='par_1_70' title="bbox 1115 723 1913 760">
     <span class='ocr_line' id='line_1_70' title="bbox 1115 723 1913 760; baseline 0.005 -12"><span class='ocrx_word' id='word_1_495' title='bbox 1115 731 1166 759; x_wconf 84' lang='grc' dir='ltr'><strong>ραν</strong></span> <span class='ocrx_word' id='word_1_496' title='bbox 1186 723 1345 759; x_wconf 78' lang='grc' dir='ltr'>γενομένην,</span> <span class='ocrx_word' id='word_1_497' title='bbox 1360 723 1536 759; x_wconf 78' lang='grc' dir='ltr'>παραστῆσαι</span> <span class='ocrx_word' id='word_1_498' title='bbox 1560 723 1600 750; x_wconf 81' lang='grc' dir='ltr'>δεῖ</span> <span class='ocrx_word' id='word_1_499' title='bbox 1623 725 1770 760; x_wconf 82' lang='grc' dir='ltr'>πρότερον·</span> <span class='ocrx_word' id='word_1_500' title='bbox 1791 726 1873 752; x_wconf 79' lang='grc' dir='ltr'>τοῦτο</span> <span class='ocrx_word' id='word_1_501' title='bbox 1888 726 1913 752; x_wconf 78' lang='grc' dir='ltr'><strong>δ’</strong></span> 
     </span>
    </p>
   </div>
   <div class='ocr_carea' id='block_1_71' title="bbox 1115 769 1916 807">
    <p class='ocr_par' dir='ltr' id='par_1_71' title="bbox 1115 769 1916 807">
     <span class='ocr_line' id='line_1_71' title="bbox 1115 769 1916 807; baseline 0.004 -11"><span class='ocrx_word' id='word_1_502' title='bbox 1115 769 1148 796; x_wconf 86' lang='grc' dir='ltr'>ἂν</span> <span class='ocrx_word' id='word_1_503' title='bbox 1171 770 1277 803; x_wconf 86' lang='grc' dir='ltr'>γένοιτο</span> <span class='ocrx_word' id='word_1_504' title='bbox 1299 770 1415 805; x_wconf 74' lang='grc' dir='ltr'>φανερὸν</span> <span class='ocrx_word' id='word_1_505' title='bbox 1438 771 1634 806; x_wconf 80' lang='grc' dir='ltr'>ὲπιτηρήσαντί</span> <span class='ocrx_word' id='word_1_506' title='bbox 1657 780 1698 798; x_wconf 89' lang='grc' dir='ltr'><strong>σοι</strong></span> <span class='ocrx_word' id='word_1_507' title='bbox 1715 772 1835 807; x_wconf 72' lang='grc' dir='ltr'>ἀκριϐῶς</span> <span class='ocrx_word' id='word_1_508' title='bbox 1860 773 1916 807; x_wconf 69' lang='grc' dir='ltr'>τὴν</span> 
     </span>
    </p>
   </div>
   <div class='ocr_carea' id='block_1_72' title="bbox 1114 811 1916 854">
    <p class='ocr_par' dir='ltr' id='par_1_72' title="bbox 1114 811 1916 854">
     <span class='ocr_line' id='line_1_72' title="bbox 1114 811 1916 854; baseline 0.004 -13"><span class='ocrx_word' id='word_1_509' title='bbox 1114 815 1274 851; x_wconf 74' lang='grc' dir='ltr'>Γραφήν.⁹0</span> <span class='ocrx_word' id='word_1_510' title='bbox 1293 816 1341 851; x_wconf 81' lang='grc' dir='ltr'>μὲν</span> <span class='ocrx_word' id='word_1_511' title='bbox 1357 816 1412 852; x_wconf 79' lang='grc' dir='ltr'><strong>γὰρ</strong></span> <span class='ocrx_word' id='word_1_512' title='bbox 1427 816 1553 852; x_wconf 82' lang='grc' dir='ltr'>Ἰωάννης</span> <span class='ocrx_word' id='word_1_513' title='bbox 1568 817 1716 853; x_wconf 72' lang='grc' dir='ltr'>προειπὼν,</span> <span class='ocrx_word' id='word_1_514' title='bbox 1731 811 1739 843; x_wconf 60' lang='grc' dir='ltr'><em>ἐ</em></span> <span class='ocrx_word' id='word_1_515' title='bbox 1759 817 1797 853; x_wconf 78' lang='grc' dir='ltr'>Τῇ</span> <span class='ocrx_word' id='word_1_516' title='bbox 1814 818 1843 844; x_wconf 75' lang='grc' dir='ltr'><strong>δὲ</strong></span> <span class='ocrx_word' id='word_1_517' title='bbox 1860 820 1916 854; x_wconf 70' lang='grc' dir='ltr'><strong>μιᾷ</strong></span> 
     </span>
    </p>
   </div>
   <div class='ocr_carea' id='block_1_73' title="bbox 1112 862 1915 900">
    <p class='ocr_par' dir='ltr' id='par_1_73' title="bbox 1112 862 1915 900">
     <span class='ocr_line' id='line_1_73' title="bbox 1112 862 1915 900; baseline 0.005 -12"><span class='ocrx_word' id='word_1_518' title='bbox 1112 862 1166 888; x_wconf 79' lang='grc' dir='ltr'>τῶν</span> <span class='ocrx_word' id='word_1_519' title='bbox 1189 862 1336 889; x_wconf 77' lang='grc' dir='ltr'>Σαὸὃὰτων</span> <span class='ocrx_word' id='word_1_520' title='bbox 1355 862 1464 897; x_wconf 78' lang='grc' dir='ltr'>ἔρχεται</span> <span class='ocrx_word' id='word_1_521' title='bbox 1484 863 1578 898; x_wconf 84' lang='grc' dir='ltr'>Μαρία</span> <span class='ocrx_word' id='word_1_522' title='bbox 1596 864 1612 899; x_wconf 78' lang='grc' dir='ltr'>ἡ</span> <span class='ocrx_word' id='word_1_523' title='bbox 1627 864 1793 900; x_wconf 79' lang='grc' dir='ltr'>Μαγδαληνὴ</span> <span class='ocrx_word' id='word_1_524' title='bbox 1817 866 1915 899; x_wconf 67' lang='grc' dir='ltr'>ἀπαγ-</span> 
     </span>
    </p>
   </div>
   <div class='ocr_carea' id='block_1_74' title="bbox 1113 908 1914 947">
    <p class='ocr_par' dir='ltr' id='par_1_74' title="bbox 1113 908 1914 947">
     <span class='ocr_line' id='line_1_74' title="bbox 1113 908 1914 947; baseline 0.005 -13"><span class='ocrx_word' id='word_1_525' title='bbox 1113 908 1247 942; x_wconf 85' lang='grc' dir='ltr'>γέλλουσα</span> <span class='ocrx_word' id='word_1_526' title='bbox 1263 909 1318 940; x_wconf 84' lang='grc' dir='ltr'>τοῖς</span> <span class='ocrx_word' id='word_1_527' title='bbox 1343 908 1478 944; x_wconf 74' lang='grc' dir='ltr'>μαθηταῖς</span> <span class='ocrx_word' id='word_1_528' title='bbox 1496 909 1537 935; x_wconf 78' lang='grc' dir='ltr'>ὅτι</span> <span class='ocrx_word' id='word_1_529' title='bbox 1560 909 1666 945; x_wconf 81' lang='grc' dir='ltr'>ἑώρακε</span> <span class='ocrx_word' id='word_1_530' title='bbox 1683 910 1728 937; x_wconf 76' lang='grc' dir='ltr'>τὸν</span> <span class='ocrx_word' id='word_1_531' title='bbox 1742 910 1843 947; x_wconf 79' lang='grc' dir='ltr'>Κύριον</span> <span class='ocrx_word' id='word_1_532' title='bbox 1861 913 1914 939; x_wconf 64' lang='grc' dir='ltr'>καὶ</span> 
     </span>
    </p>
   </div>
   <div class='ocr_carea' id='block_1_75' title="bbox 1112 953 1915 994">
    <p class='ocr_par' dir='ltr' id='par_1_75' title="bbox 1112 953 1915 994">
     <span class='ocr_line' id='line_1_75' title="bbox 1112 953 1915 994; baseline 0.006 -14"><span class='ocrx_word' id='word_1_533' title='bbox 1112 954 1198 980; x_wconf 77' lang='grc' dir='ltr'>ταῦτα</span> <span class='ocrx_word' id='word_1_534' title='bbox 1211 953 1286 981; x_wconf 77' lang='grc' dir='ltr'>εἶπεν</span> <span class='ocrx_word' id='word_1_535' title='bbox 1301 955 1381 991; x_wconf 77' lang='grc' dir='ltr'>αὐτῇ,</span> <span class='ocrx_word' id='word_1_536' title='bbox 1398 965 1406 980; x_wconf 87' lang='grc'><strong>›</strong></span> <span class='ocrx_word' id='word_1_537' title='bbox 1419 956 1482 990; x_wconf 74' lang='grc' dir='ltr'><strong>ἑξῆς</strong></span> <span class='ocrx_word' id='word_1_538' title='bbox 1495 956 1673 982; x_wconf 79' lang='grc' dir='ltr'>ἐπισυνάπτει</span> <span class='ocrx_word' id='word_1_539' title='bbox 1682 956 1778 992; x_wconf 77' lang='grc' dir='ltr'>λέγων·</span> <span class='ocrx_word' id='word_1_540' title='bbox 1796 967 1805 982; x_wconf 86' lang='grc'><strong>‹</strong></span> <span class='ocrx_word' id='word_1_541' title='bbox 1817 958 1915 994; x_wconf 60' lang='grc' dir='ltr'>Οἶδα-ης</span> 
     </span>
    </p>
   </div>
   <div class='ocr_carea' id='block_1_76' title="bbox 1113 1001 1913 1039">
    <p class='ocr_par' dir='ltr' id='par_1_76' title="bbox 1113 1001 1913 1039">
     <span class='ocr_line' id='line_1_76' title="bbox 1113 1001 1913 1039; baseline 0.004 -12"><span class='ocrx_word' id='word_1_542' title='bbox 1113 1001 1193 1035; x_wconf 63' lang='grc' dir='ltr'>ὀψίας</span> <span class='ocrx_word' id='word_1_543' title='bbox 1208 1002 1236 1027; x_wconf 77' lang='grc' dir='ltr'>ἐν</span> <span class='ocrx_word' id='word_1_544' title='bbox 1251 1001 1342 1037; x_wconf 73' lang='grc' dir='ltr'>ἐκείνῃ</span> <span class='ocrx_word' id='word_1_545' title='bbox 1355 1003 1387 1038; x_wconf 86' lang='grc' dir='ltr'>τῇ</span> <span class='ocrx_word' id='word_1_546' title='bbox 1403 1002 1495 1038; x_wconf 71' lang='grc' dir='ltr'>ἡμέρᾳ</span> <span class='ocrx_word' id='word_1_547' title='bbox 1508 1002 1686 1038; x_wconf 66' lang='grc' dir='ltr'>συνηγμένων</span> <span class='ocrx_word' id='word_1_548' title='bbox 1699 1003 1753 1030; x_wconf 81' lang='grc' dir='ltr'>τῶν</span> <span class='ocrx_word' id='word_1_549' title='bbox 1767 1003 1913 1039; x_wconf 75' lang='grc' dir='ltr'>μαθητῶν,</span> 
     </span>
    </p>
   </div>
   <div class='ocr_carea' id='block_1_77' title="bbox 1112 1047 1911 1086">
    <p class='ocr_par' dir='ltr' id='par_1_77' title="bbox 1112 1047 1911 1086">
     <span class='ocr_line' id='line_1_77' title="bbox 1112 1047 1911 1086; baseline 0.004 -12"><span class='ocrx_word' id='word_1_550' title='bbox 1112 1047 1194 1084; x_wconf 82' lang='grc' dir='ltr'>ἦλθεν</span> <span class='ocrx_word' id='word_1_551' title='bbox 1207 1049 1221 1074; x_wconf 85' lang='grc' dir='ltr'>ὁ</span> <span class='ocrx_word' id='word_1_552' title='bbox 1241 1048 1355 1084; x_wconf 79' lang='grc' dir='ltr'>Ἰησοῦς,</span> <span class='ocrx_word' id='word_1_553' title='bbox 1376 1050 1423 1075; x_wconf 80' lang='grc' dir='ltr'>καὶ</span> <span class='ocrx_word' id='word_1_554' title='bbox 1445 1048 1509 1085; x_wconf 74' lang='grc' dir='ltr'>ἔστη</span> <span class='ocrx_word' id='word_1_555' title='bbox 1535 1050 1574 1081; x_wconf 80' lang='grc' dir='ltr'><strong>εἰς</strong></span> <span class='ocrx_word' id='word_1_556' title='bbox 1596 1049 1627 1076; x_wconf 85' lang='grc' dir='ltr'>τὸ</span> <span class='ocrx_word' id='word_1_557' title='bbox 1650 1049 1732 1086; x_wconf 81' lang='grc' dir='ltr'>μέσον</span> <span class='ocrx_word' id='word_1_558' title='bbox 1752 1051 1798 1077; x_wconf 76' lang='grc' dir='ltr'><strong>καὶ</strong></span> <span class='ocrx_word' id='word_1_559' title='bbox 1817 1049 1911 1081; x_wconf 80' lang='grc' dir='ltr'>εἶπεν,</span> 
     </span>
    </p>
   </div>
   <div class='ocr_carea' id='block_1_78' title="bbox 1114 1092 1912 1131">
    <p class='ocr_par' dir='ltr' id='par_1_78' title="bbox 1114 1092 1912 1131">
     <span class='ocr_line' id='line_1_78' title="bbox 1114 1092 1912 1131; baseline 0.005 -11"><span class='ocrx_word' id='word_1_560' title='bbox 1114 1095 1218 1130; x_wconf 80' lang='grc' dir='ltr'>Εἰρήνη</span> <span class='ocrx_word' id='word_1_561' title='bbox 1235 1094 1310 1130; x_wconf 82' lang='grc' dir='ltr'>ὑμῖν.</span> <span class='ocrx_word' id='word_1_562' title='bbox 1330 1105 1339 1120; x_wconf 79' lang='grc' dir='ltr'><strong>ι</strong></span> <span class='ocrx_word' id='word_1_563' title='bbox 1350 1095 1425 1121; x_wconf 81' lang='grc' dir='ltr'>”Ωστ’</span> <span class='ocrx_word' id='word_1_564' title='bbox 1444 1092 1515 1122; x_wconf 80' lang='grc' dir='ltr'>εἶναι</span> <span class='ocrx_word' id='word_1_565' title='bbox 1529 1096 1613 1131; x_wconf 74' lang='grc' dir='ltr'>σαφὲς</span> <span class='ocrx_word' id='word_1_566' title='bbox 1627 1097 1659 1122; x_wconf 78' lang='grc' dir='ltr'>ἐκ</span> <span class='ocrx_word' id='word_1_567' title='bbox 1670 1096 1774 1123; x_wconf 82' lang='grc' dir='ltr'>τούτων</span> <span class='ocrx_word' id='word_1_568' title='bbox 1789 1098 1829 1123; x_wconf 80' lang='grc' dir='ltr'>ὃτι</span> <span class='ocrx_word' id='word_1_569' title='bbox 1847 1099 1912 1124; x_wconf 83' lang='grc' dir='ltr'>κατ’</span> 
     </span>
    </p>
   </div>
   <div class='ocr_carea' id='block_1_79' title="bbox 1102 1141 1914 1178">
    <p class='ocr_par' dir='ltr' id='par_1_79' title="bbox 1102 1141 1914 1178">
     <span class='ocr_line' id='line_1_79' title="bbox 1102 1141 1914 1178; baseline 0.002 -11"><span class='ocrx_word' id='word_1_570' title='bbox 1102 1141 1198 1177; x_wconf 58' lang='grc' dir='ltr'>,αὐτὴν</span> <span class='ocrx_word' id='word_1_571' title='bbox 1223 1141 1271 1176; x_wconf 83' lang='grc' dir='ltr'>τὴν</span> <span class='ocrx_word' id='word_1_572' title='bbox 1296 1141 1440 1177; x_wconf 81' lang='grc' dir='ltr'>Κυριακὴν</span> <span class='ocrx_word' id='word_1_573' title='bbox 1456 1141 1563 1178; x_wconf 80' lang='grc' dir='ltr'>ἡμέραν</span> <span class='ocrx_word' id='word_1_574' title='bbox 1576 1141 1626 1177; x_wconf 71' lang='grc' dir='ltr'>τῆς</span> <span class='ocrx_word' id='word_1_575' title='bbox 1640 1142 1812 1174; x_wconf 69' lang='grc' dir='ltr'>ἀναστάσεως</span> <span class='ocrx_word' id='word_1_576' title='bbox 1829 1143 1914 1177; x_wconf 63' lang='grc' dir='ltr'>ὀψίας</span> 
     </span>
    </p>
   </div>
   <div class='ocr_carea' id='block_1_80' title="bbox 1112 1185 1912 1225">
    <p class='ocr_par' dir='ltr' id='par_1_80' title="bbox 1112 1185 1912 1225">
     <span class='ocr_line' id='line_1_80' title="bbox 1112 1185 1912 1225; baseline 0.003 -12"><span class='ocrx_word' id='word_1_577' title='bbox 1112 1185 1146 1222; x_wconf 75' lang='grc' dir='ltr'>ἦν</span> <span class='ocrx_word' id='word_1_578' title='bbox 1160 1187 1342 1222; x_wconf 80' lang='grc' dir='ltr'>πεπραγμένα</span> <span class='ocrx_word' id='word_1_579' title='bbox 1361 1187 1395 1214; x_wconf 76' lang='grc' dir='ltr'><strong>τὰ</strong></span> <span class='ocrx_word' id='word_1_580' title='bbox 1412 1188 1486 1224; x_wconf 76' lang='grc' dir='ltr'>παρὰ</span> <span class='ocrx_word' id='word_1_581' title='bbox 1507 1187 1546 1223; x_wconf 81' lang='grc' dir='ltr'>τῷ</span> <span class='ocrx_word' id='word_1_582' title='bbox 1565 1188 1675 1225; x_wconf 73' lang='grc' dir='ltr'>Ἰωάννῃ</span> <span class='ocrx_word' id='word_1_583' title='bbox 1687 1195 1694 1202; x_wconf 76' lang='grc'><em>’</em></span> <span class='ocrx_word' id='word_1_584' title='bbox 1708 1189 1754 1215; x_wconf 74' lang='grc' dir='ltr'>καὶ</span> <span class='ocrx_word' id='word_1_585' title='bbox 1771 1189 1843 1215; x_wconf 85' lang='grc' dir='ltr'><strong>κατά</strong></span> <span class='ocrx_word' id='word_1_586' title='bbox 1862 1189 1912 1216; x_wconf 75' lang='grc' dir='ltr'>τὸν</span> 
     </span>
    </p>
   </div>
   <div class='ocr_carea' id='block_1_81' title="bbox 1113 1232 1912 1269">
    <p class='ocr_par' dir='ltr' id='par_1_81' title="bbox 1113 1232 1912 1269">
     <span class='ocr_line' id='line_1_81' title="bbox 1113 1232 1912 1269; baseline 0.001 -11"><span class='ocrx_word' id='word_1_587' title='bbox 1113 1232 1221 1259; x_wconf 73' lang='grc' dir='ltr'>Λουκᾶν</span> <span class='ocrx_word' id='word_1_588' title='bbox 1243 1233 1259 1268; x_wconf 88' lang='grc' dir='ltr'><strong>ἡ</strong></span> <span class='ocrx_word' id='word_1_589' title='bbox 1280 1233 1349 1268; x_wconf 78' lang='grc' dir='ltr'>αὑτὴ</span> <span class='ocrx_word' id='word_1_590' title='bbox 1372 1232 1463 1269; x_wconf 85' lang='grc' dir='ltr'>ἡμέρα</span> <span class='ocrx_word' id='word_1_591' title='bbox 1481 1233 1528 1259; x_wconf 73' lang='grc' dir='ltr'><strong>καὶ</strong></span> <span class='ocrx_word' id='word_1_592' title='bbox 1545 1232 1603 1268; x_wconf 79' lang='grc' dir='ltr'>ὥρα</span> <span class='ocrx_word' id='word_1_593' title='bbox 1621 1233 1815 1269; x_wconf 72' lang='grc' dir='ltr'>εὑρεθήσεται’</span> <span class='ocrx_word' id='word_1_594' title='bbox 1832 1233 1912 1267; x_wconf 79' lang='grc' dir='ltr'>λέγει</span> 
     </span>
    </p>
   </div>
   <div class='ocr_carea' id='block_1_82' title="bbox 1113 1278 1912 1316">
    <p class='ocr_par' dir='ltr' id='par_1_82' title="bbox 1113 1278 1912 1316">
     <span class='ocr_line' id='line_1_82' title="bbox 1113 1278 1912 1316; baseline 0.003 -12"><span class='ocrx_word' id='word_1_595' title='bbox 1113 1278 1177 1312; x_wconf 76' lang='grc' dir='ltr'>γοῦν</span> <span class='ocrx_word' id='word_1_596' title='bbox 1204 1279 1251 1306; x_wconf 80' lang='grc' dir='ltr'>καὶ</span> <span class='ocrx_word' id='word_1_597' title='bbox 1273 1279 1353 1311; x_wconf 79' lang='grc' dir='ltr'>αὐτός</span> <span class='ocrx_word' id='word_1_598' title='bbox 1365 1287 1372 1294; x_wconf 86' lang='grc'><strong>·</strong></span> <span class='ocrx_word' id='word_1_599' title='bbox 1389 1288 1398 1304; x_wconf 86' lang='grc'><em>‹</em></span> <span class='ocrx_word' id='word_1_600' title='bbox 1415 1280 1453 1315; x_wconf 87' lang='grc' dir='ltr'><strong>Τῇ</strong></span> <span class='ocrx_word' id='word_1_601' title='bbox 1471 1279 1499 1306; x_wconf 80' lang='grc' dir='ltr'>δὲ</span> <span class='ocrx_word' id='word_1_602' title='bbox 1518 1280 1567 1315; x_wconf 75' lang='grc' dir='ltr'><strong>μιᾷ</strong></span> <span class='ocrx_word' id='word_1_603' title='bbox 1581 1279 1635 1306; x_wconf 82' lang='grc' dir='ltr'>τῶν</span> <span class='ocrx_word' id='word_1_604' title='bbox 1649 1279 1912 1316; x_wconf 66' lang='grc' dir='ltr'>Σαϐὅὰτωνὸρῦρου</span> 
     </span>
    </p>
   </div>
   <div class='ocr_carea' id='block_1_83' title="bbox 1114 1322 1909 1361">
    <p class='ocr_par' dir='ltr' id='par_1_83' title="bbox 1114 1322 1909 1361">
     <span class='ocr_line' id='line_1_83' title="bbox 1114 1322 1909 1361; baseline 0.001 -11"><span class='ocrx_word' id='word_1_605' title='bbox 1114 1323 1220 1359; x_wconf 82' lang='grc' dir='ltr'>βαθέος,</span> <span class='ocrx_word' id='word_1_606' title='bbox 1238 1325 1285 1351; x_wconf 78' lang='grc' dir='ltr'>ἐπὶ</span> <span class='ocrx_word' id='word_1_607' title='bbox 1298 1324 1328 1351; x_wconf 84' lang='grc' dir='ltr'>τὸ</span> <span class='ocrx_word' id='word_1_608' title='bbox 1341 1325 1434 1360; x_wconf 82' lang='grc' dir='ltr'>μνῆμα</span> <span class='ocrx_word' id='word_1_609' title='bbox 1445 1322 1526 1361; x_wconf 78' lang='grc' dir='ltr'>ἦλθον</span> <span class='ocrx_word' id='word_1_610' title='bbox 1538 1325 1712 1359; x_wconf 80' lang='grc' dir='ltr'>αἰγυναῖκες.</span> <span class='ocrx_word' id='word_1_611' title='bbox 1728 1334 1737 1350; x_wconf 69' lang='grc' dir='ltr'><strong>ι</strong></span> <span class='ocrx_word' id='word_1_612' title='bbox 1752 1323 1807 1351; x_wconf 77' lang='grc' dir='ltr'>Εἴθ’</span> <span class='ocrx_word' id='word_1_613' title='bbox 1827 1325 1909 1360; x_wconf 76' lang='grc' dir='ltr'><strong>ἑξῆς,</strong></span> 
     </span>
    </p>
   </div>
   <div class='ocr_carea' id='block_1_84' title="bbox 1112 1370 1913 1406">
    <p class='ocr_par' dir='ltr' id='par_1_84' title="bbox 1112 1370 1913 1406">
     <span class='ocr_line' id='line_1_84' title="bbox 1112 1370 1913 1406; baseline 0.002 -10"><span class='ocrx_word' id='word_1_614' title='bbox 1112 1370 1153 1396; x_wconf 73' lang='grc' dir='ltr'><strong>ὅτι</strong></span> <span class='ocrx_word' id='word_1_615' title='bbox 1170 1370 1272 1397; x_wconf 73' lang='grc' dir='ltr'>ἰδοῦσαι</span> <span class='ocrx_word' id='word_1_616' title='bbox 1290 1370 1433 1405; x_wconf 79' lang='grc' dir='ltr'>ἀγγέλους,</span> <span class='ocrx_word' id='word_1_617' title='bbox 1448 1371 1598 1406; x_wconf 76' lang='grc' dir='ltr'>ἐπανῆλθον</span> <span class='ocrx_word' id='word_1_618' title='bbox 1611 1371 1656 1397; x_wconf 70' lang='grc' dir='ltr'>καὶ</span> <span class='ocrx_word' id='word_1_619' title='bbox 1667 1371 1913 1406; x_wconf 28' lang='grc' dir='ltr'>ἀπήγγειλανλτοίς</span> 
     </span>
    </p>
   </div>
   <div class='ocr_carea' id='block_1_85' title="bbox 1114 1415 1913 1454">
    <p class='ocr_par' dir='ltr' id='par_1_85' title="bbox 1114 1415 1913 1454">
     <span class='ocr_line' id='line_1_85' title="bbox 1114 1415 1913 1454; baseline 0.005 -13"><span class='ocrx_word' id='word_1_620' title='bbox 1114 1415 1248 1451; x_wconf 83' lang='grc' dir='ltr'>μαθηταῖς</span> <span class='ocrx_word' id='word_1_621' title='bbox 1257 1415 1274 1443; x_wconf 78' lang='grc' dir='ltr'><strong>ἃ.</strong></span> <span class='ocrx_word' id='word_1_622' title='bbox 1285 1416 1421 1444; x_wconf 81' lang='grc' dir='ltr'>τεθέαντο.</span> <span class='ocrx_word' id='word_1_623' title='bbox 1432 1417 1536 1454; x_wconf 78' lang='grc' dir='ltr'>Πέτρος</span> <span class='ocrx_word' id='word_1_624' title='bbox 1545 1417 1572 1444; x_wconf 80' lang='grc' dir='ltr'><strong>δὲ</strong></span> <span class='ocrx_word' id='word_1_625' title='bbox 1582 1417 1704 1450; x_wconf 71' lang='grc' dir='ltr'>σπεύσας</span> <span class='ocrx_word' id='word_1_626' title='bbox 1714 1419 1759 1444; x_wconf 81' lang='grc' dir='ltr'>ἐπὶ</span> <span class='ocrx_word' id='word_1_627' title='bbox 1770 1419 1799 1445; x_wconf 73' lang='grc' dir='ltr'><strong>τὸ</strong></span> <span class='ocrx_word' id='word_1_628' title='bbox 1809 1419 1913 1454; x_wconf 75' lang='grc' dir='ltr'>μνῆμα</span> 
     </span>
    </p>
   </div>
   <div class='ocr_carea' id='block_1_86' title="bbox 1112 1462 1913 1500">
    <p class='ocr_par' dir='ltr' id='par_1_86' title="bbox 1112 1462 1913 1500">
     <span class='ocr_line' id='line_1_86' title="bbox 1112 1462 1913 1500; baseline 0.005 -12"><span class='ocrx_word' id='word_1_629' title='bbox 1112 1462 1229 1498; x_wconf 80' lang='grc' dir='ltr'>ἀπαντᾷ,</span> <span class='ocrx_word' id='word_1_630' title='bbox 1244 1463 1290 1489; x_wconf 76' lang='grc' dir='ltr'><strong>καὶ</strong></span> <span class='ocrx_word' id='word_1_631' title='bbox 1302 1463 1336 1490; x_wconf 84' lang='grc' dir='ltr'><strong>τὰ</strong></span> <span class='ocrx_word' id='word_1_632' title='bbox 1351 1463 1442 1490; x_wconf 79' lang='grc' dir='ltr'>ὀθόνια</span> <span class='ocrx_word' id='word_1_633' title='bbox 1457 1463 1568 1499; x_wconf 77' lang='grc' dir='ltr'>θεωρεῖ’</span> <span class='ocrx_word' id='word_1_634' title='bbox 1587 1464 1729 1491; x_wconf 79' lang='grc' dir='ltr'>καὶταῦτα</span> <span class='ocrx_word' id='word_1_635' title='bbox 1743 1465 1791 1500; x_wconf 87' lang='grc' dir='ltr'>μὲν</span> <span class='ocrx_word' id='word_1_636' title='bbox 1805 1465 1913 1500; x_wconf 75' lang='grc' dir='ltr'>ὄρθρου</span> 
     </span>
    </p>
   </div>
   <div class='ocr_carea' id='block_1_87' title="bbox 1113 1507 1914 1547">
    <p class='ocr_par' dir='ltr' id='par_1_87' title="bbox 1113 1507 1914 1547">
     <span class='ocr_line' id='line_1_87' title="bbox 1113 1507 1914 1547; baseline 0.004 -13"><span class='ocrx_word' id='word_1_637' title='bbox 1113 1507 1208 1543; x_wconf 80' lang='grc' dir='ltr'>βαθέος</span> <span class='ocrx_word' id='word_1_638' title='bbox 1222 1509 1340 1543; x_wconf 81' lang='grc' dir='ltr'>ἐγένετο,</span> <span class='ocrx_word' id='word_1_639' title='bbox 1352 1511 1385 1544; x_wconf 85' lang='grc' dir='ltr'><strong>τῇ</strong></span> <span class='ocrx_word' id='word_1_640' title='bbox 1399 1510 1577 1546; x_wconf 80' lang='grc' dir='ltr'>ἀναστασίμῳ</span> <span class='ocrx_word' id='word_1_641' title='bbox 1592 1510 1694 1546; x_wconf 78' lang='grc' dir='ltr'>ἡμέρᾳ.</span> <span class='ocrx_word' id='word_1_642' title='bbox 1708 1511 1787 1545; x_wconf 86' lang='grc' dir='ltr'>Λέγει</span> <span class='ocrx_word' id='word_1_643' title='bbox 1799 1510 1829 1537; x_wconf 79' lang='grc' dir='ltr'><strong>δὲ</strong></span> <span class='ocrx_word' id='word_1_644' title='bbox 1842 1510 1914 1547; x_wconf 71' lang='grc' dir='ltr'><strong>ἑξῆς</strong></span> 
     </span>
    </p>
   </div>
   <div class='ocr_carea' id='block_1_88' title="bbox 1112 1554 1913 1593">
    <p class='ocr_par' dir='ltr' id='par_1_88' title="bbox 1112 1554 1913 1593">
     <span class='ocr_line' id='line_1_88' title="bbox 1112 1554 1913 1593; baseline 0.004 -13"><span class='ocrx_word' id='word_1_645' title='bbox 1112 1554 1335 1582; x_wconf 77' lang='grc' dir='ltr'>ἐπισυνάπτουσα</span> <span class='ocrx_word' id='word_1_646' title='bbox 1363 1557 1380 1591; x_wconf 86' lang='grc' dir='ltr'>ἡ</span> <span class='ocrx_word' id='word_1_647' title='bbox 1403 1556 1517 1593; x_wconf 76' lang='grc' dir='ltr'>Γραφή·</span> <span class='ocrx_word' id='word_1_648' title='bbox 1538 1565 1547 1582; x_wconf 70' lang='grc' dir='ltr'><strong>ι</strong></span> <span class='ocrx_word' id='word_1_649' title='bbox 1568 1557 1622 1583; x_wconf 77' lang='grc' dir='ltr'><strong>Καὶ</strong></span> <span class='ocrx_word' id='word_1_650' title='bbox 1643 1557 1697 1584; x_wconf 73' lang='grc' dir='ltr'>ἰδοὺ</span> <span class='ocrx_word' id='word_1_651' title='bbox 1712 1557 1758 1583; x_wconf 73' lang='grc' dir='ltr'><strong>δύο</strong></span> <span class='ocrx_word' id='word_1_652' title='bbox 1771 1557 1801 1589; x_wconf 80' lang='grc' dir='ltr'>ἐξ</span> <span class='ocrx_word' id='word_1_653' title='bbox 1815 1557 1913 1584; x_wconf 76' lang='grc' dir='ltr'>αὐτῶν</span> 
     </span>
    </p>
   </div>
   <div class='ocr_carea' id='block_1_89' title="bbox 1112 1600 1913 1640">
    <p class='ocr_par' dir='ltr' id='par_1_89' title="bbox 1112 1600 1913 1640">
     <span class='ocr_line' id='line_1_89' title="bbox 1112 1600 1913 1640; baseline 0.005 -12"><span class='ocrx_word' id='word_1_654' title='bbox 1112 1601 1142 1628; x_wconf 79' lang='grc' dir='ltr'>ἐν</span> <span class='ocrx_word' id='word_1_655' title='bbox 1158 1602 1226 1638; x_wconf 77' lang='grc' dir='ltr'>αὐτῇ</span> <span class='ocrx_word' id='word_1_656' title='bbox 1243 1602 1336 1638; x_wconf 72' lang='grc' dir='ltr'>ἡμέρᾳ</span> <span class='ocrx_word' id='word_1_657' title='bbox 1351 1600 1420 1639; x_wconf 79' lang='grc' dir='ltr'>ἦσαν</span> <span class='ocrx_word' id='word_1_658' title='bbox 1438 1604 1616 1639; x_wconf 78' lang='grc' dir='ltr'>πορευόμενοι</span> <span class='ocrx_word' id='word_1_659' title='bbox 1641 1605 1680 1636; x_wconf 73' lang='grc' dir='ltr'><strong>εἰς</strong></span> <span class='ocrx_word' id='word_1_660' title='bbox 1703 1604 1808 1640; x_wconf 82' lang='grc' dir='ltr'>κώμην.</span> <span class='ocrx_word' id='word_1_661' title='bbox 1827 1614 1837 1629; x_wconf 72' lang='grc' dir='ltr'><strong>ι</strong></span> <span class='ocrx_word' id='word_1_662' title='bbox 1856 1603 1913 1632; x_wconf 68' lang='grc' dir='ltr'>Οἶσ-</span> 
     </span>
    </p>
   </div>
   <div class='ocr_carea' id='block_1_90' title="bbox 1113 1646 1912 1685">
    <p class='ocr_par' dir='ltr' id='par_1_90' title="bbox 1113 1646 1912 1685">
     <span class='ocr_line' id='line_1_90' title="bbox 1113 1646 1912 1685; baseline 0.005 -11"><span class='ocrx_word' id='word_1_663' title='bbox 1113 1657 1154 1674; x_wconf 80' lang='grc' dir='ltr'><strong>τοι</strong></span> <span class='ocrx_word' id='word_1_664' title='bbox 1170 1648 1199 1675; x_wconf 81' lang='grc' dir='ltr'><strong>δὲ</strong></span> <span class='ocrx_word' id='word_1_665' title='bbox 1213 1646 1283 1684; x_wconf 82' lang='grc' dir='ltr'>ἦσαν</span> <span class='ocrx_word' id='word_1_666' title='bbox 1296 1649 1320 1675; x_wconf 88' lang='grc' dir='ltr'>οἰ</span> <span class='ocrx_word' id='word_1_667' title='bbox 1334 1650 1398 1685; x_wconf 79' lang='grc' dir='ltr'>περὶ</span> <span class='ocrx_word' id='word_1_668' title='bbox 1410 1650 1455 1676; x_wconf 85' lang='grc' dir='ltr'>τὸν</span> <span class='ocrx_word' id='word_1_669' title='bbox 1467 1649 1593 1677; x_wconf 76' lang='grc' dir='ltr'>Κλεόπαν</span> <span class='ocrx_word' id='word_1_670' title='bbox 1602 1658 1608 1664; x_wconf 93' lang='grc'>·</span> <span class='ocrx_word' id='word_1_671' title='bbox 1623 1647 1663 1682; x_wconf 78' lang='grc' dir='ltr'>οἷς</span> <span class='ocrx_word' id='word_1_672' title='bbox 1679 1650 1857 1677; x_wconf 72' lang='grc' dir='ltr'>συνεισελθὼν</span> <span class='ocrx_word' id='word_1_673' title='bbox 1867 1652 1912 1684; x_wconf 68' lang='grc' dir='ltr'>εἰς</span> 
     </span>
    </p>
   </div>
   <div class='ocr_carea' id='block_1_91' title="bbox 1112 1695 1912 1732">
    <p class='ocr_par' dir='ltr' id='par_1_91' title="bbox 1112 1695 1912 1732">
     <span class='ocr_line' id='line_1_91' title="bbox 1112 1695 1912 1732; baseline 0.004 -11"><span class='ocrx_word' id='word_1_674' title='bbox 1112 1695 1163 1732; x_wconf 83' lang='grc' dir='ltr'>τὴν</span> <span class='ocrx_word' id='word_1_675' title='bbox 1183 1696 1332 1731; x_wconf 75' lang='grc' dir='ltr'>Ἐμμαοῦν,</span> <span class='ocrx_word' id='word_1_676' title='bbox 1352 1695 1442 1723; x_wconf 74' lang='grc' dir='ltr'>λαϐὼν</span> <span class='ocrx_word' id='word_1_677' title='bbox 1459 1695 1540 1732; x_wconf 80' lang='grc' dir='ltr'>ἄρτον</span> <span class='ocrx_word' id='word_1_678' title='bbox 1557 1696 1698 1732; x_wconf 70' lang='grc' dir='ltr'>εὐλόγησε,</span> <span class='ocrx_word' id='word_1_679' title='bbox 1711 1697 1757 1723; x_wconf 73' lang='grc' dir='ltr'>καὶ</span> <span class='ocrx_word' id='word_1_680' title='bbox 1770 1697 1912 1729; x_wconf 70' lang='grc' dir='ltr'>ἐπιδιδοὺς</span> 
     </span>
    </p>
   </div>
   <div class='ocr_carea' id='block_1_92' title="bbox 1114 1741 1912 1778">
    <p class='ocr_par' dir='ltr' id='par_1_92' title="bbox 1114 1741 1912 1778">
     <span class='ocr_line' id='line_1_92' title="bbox 1114 1741 1912 1778; baseline 0.003 -10"><span class='ocrx_word' id='word_1_681' title='bbox 1114 1742 1215 1774; x_wconf 77' lang='grc' dir='ltr'>αὐτοῖς,</span> <span class='ocrx_word' id='word_1_682' title='bbox 1225 1743 1330 1778; x_wconf 80' lang='grc' dir='ltr'>ἀφανὴς</span> <span class='ocrx_word' id='word_1_683' title='bbox 1344 1743 1460 1777; x_wconf 80' lang='grc' dir='ltr'>ἐγένετο.</span> <span class='ocrx_word' id='word_1_684' title='bbox 1473 1741 1529 1770; x_wconf 72' lang='grc' dir='ltr'>Εἶτ’</span> <span class='ocrx_word' id='word_1_685' title='bbox 1541 1743 1660 1777; x_wconf 70' lang='grc' dir='ltr'>ἐπιλέγει</span> <span class='ocrx_word' id='word_1_686' title='bbox 1670 1751 1676 1757; x_wconf 91' lang='grc'><strong>·</strong></span> <span class='ocrx_word' id='word_1_687' title='bbox 1691 1753 1699 1768; x_wconf 78' lang='grc' dir='ltr'><strong>ι</strong></span> <span class='ocrx_word' id='word_1_688' title='bbox 1712 1744 1766 1770; x_wconf 70' lang='grc' dir='ltr'><strong>Καὶ</strong></span> <span class='ocrx_word' id='word_1_689' title='bbox 1773 1743 1912 1770; x_wconf 70' lang='grc' dir='ltr'>ἁναστὰνο</span> 
     </span>
    </p>
   </div>
   <div class='ocr_carea' id='block_1_93' title="bbox 1113 1788 1912 1825">
    <p class='ocr_par' dir='ltr' id='par_1_93' title="bbox 1113 1788 1912 1825">
     <span class='ocr_line' id='line_1_93' title="bbox 1113 1788 1912 1825; baseline 0.004 -12"><span class='ocrx_word' id='word_1_690' title='bbox 1113 1796 1158 1820; x_wconf 85' lang='grc' dir='ltr'><strong>τες</strong></span> <span class='ocrx_word' id='word_1_691' title='bbox 1172 1788 1343 1824; x_wconf 73' lang='grc' dir='ltr'>ὑπέστρεψαν</span> <span class='ocrx_word' id='word_1_692' title='bbox 1366 1789 1434 1824; x_wconf 73' lang='grc' dir='ltr'>αὐτῇ</span> <span class='ocrx_word' id='word_1_693' title='bbox 1455 1790 1489 1824; x_wconf 82' lang='grc' dir='ltr'><strong>τῇ</strong></span> <span class='ocrx_word' id='word_1_694' title='bbox 1507 1788 1566 1825; x_wconf 70' lang='grc' dir='ltr'>ὥρᾳ</span> <span class='ocrx_word' id='word_1_695' title='bbox 1591 1790 1632 1821; x_wconf 78' lang='grc' dir='ltr'><strong>εἰς</strong></span> <span class='ocrx_word' id='word_1_696' title='bbox 1653 1790 1843 1825; x_wconf 81' lang='grc' dir='ltr'>Ἰερουσαλὴμ.</span> <span class='ocrx_word' id='word_1_697' title='bbox 1861 1791 1912 1816; x_wconf 68' lang='grc' dir='ltr'>καὶ</span> 
     </span>
    </p>
   </div>
   <div class='ocr_carea' id='block_1_94' title="bbox 1113 1833 1912 1872">
    <p class='ocr_par' dir='ltr' id='par_1_94' title="bbox 1113 1833 1912 1872">
     <span class='ocr_line' id='line_1_94' title="bbox 1113 1833 1912 1872; baseline 0.003 -11"><span class='ocrx_word' id='word_1_698' title='bbox 1113 1833 1191 1870; x_wconf 69' lang='grc' dir='ltr'>εὗρον</span> <span class='ocrx_word' id='word_1_699' title='bbox 1208 1834 1404 1870; x_wconf 75' lang='grc' dir='ltr'>ἡθροισμένους</span> <span class='ocrx_word' id='word_1_700' title='bbox 1419 1836 1481 1867; x_wconf 75' lang='grc' dir='ltr'>τοὺς</span> <span class='ocrx_word' id='word_1_701' title='bbox 1495 1835 1601 1862; x_wconf 72' lang='grc' dir='ltr'>ἕνδεκα.</span> <span class='ocrx_word' id='word_1_702' title='bbox 1617 1845 1626 1862; x_wconf 71' lang='grc' dir='ltr'><strong>ι</strong></span> <span class='ocrx_word' id='word_1_703' title='bbox 1649 1833 1717 1862; x_wconf 75' lang='grc' dir='ltr'>Εἶτα</span> <span class='ocrx_word' id='word_1_704' title='bbox 1739 1836 1912 1872; x_wconf 72' lang='grc' dir='ltr'>ὁμιλούντων</span> 
     </span>
    </p>
   </div>
   <div class='ocr_carea' id='block_1_95' title="bbox 1112 1880 1912 1919">
    <p class='ocr_par' dir='ltr' id='par_1_95' title="bbox 1112 1880 1912 1919">
     <span class='ocr_line' id='line_1_95' title="bbox 1112 1880 1912 1919; baseline 0.004 -13"><span class='ocrx_word' id='word_1_705' title='bbox 1112 1880 1202 1907; x_wconf 78' lang='grc' dir='ltr'>αὐτῶν</span> <span class='ocrx_word' id='word_1_706' title='bbox 1223 1880 1287 1917; x_wconf 77' lang='grc' dir='ltr'>ἔστη</span> <span class='ocrx_word' id='word_1_707' title='bbox 1312 1882 1327 1907; x_wconf 82' lang='grc' dir='ltr'>ὁ</span> <span class='ocrx_word' id='word_1_708' title='bbox 1349 1881 1452 1916; x_wconf 82' lang='grc' dir='ltr'>Ἰησοῦς</span> <span class='ocrx_word' id='word_1_709' title='bbox 1476 1883 1505 1908; x_wconf 82' lang='grc' dir='ltr'>ἐν</span> <span class='ocrx_word' id='word_1_710' title='bbox 1529 1882 1612 1917; x_wconf 84' lang='grc' dir='ltr'>μέσῳ,</span> <span class='ocrx_word' id='word_1_711' title='bbox 1633 1882 1681 1908; x_wconf 69' lang='grc' dir='ltr'><strong>καὶ</strong></span> <span class='ocrx_word' id='word_1_712' title='bbox 1709 1882 1782 1919; x_wconf 70' lang='grc' dir='ltr'>λέγει</span> <span class='ocrx_word' id='word_1_713' title='bbox 1802 1883 1912 1916; x_wconf 75' lang='grc' dir='ltr'>αὐτοῖς,</span> 
     </span>
    </p>
   </div>
   <div class='ocr_carea' id='block_1_96' title="bbox 1115 1927 1912 1962">
    <p class='ocr_par' dir='ltr' id='par_1_96' title="bbox 1115 1927 1912 1962">
     <span class='ocr_line' id='line_1_96' title="bbox 1115 1927 1912 1962; baseline 0.005 -10"><span class='ocrx_word' id='word_1_714' title='bbox 1115 1935 1125 1952; x_wconf 82' lang='grc'><em>‹</em></span> <span class='ocrx_word' id='word_1_715' title='bbox 1144 1927 1247 1962; x_wconf 81' lang='grc' dir='ltr'>Εἰρήνη</span> <span class='ocrx_word' id='word_1_716' title='bbox 1266 1927 1340 1961; x_wconf 79' lang='grc' dir='ltr'>ὑμῖν,</span> <span class='ocrx_word' id='word_1_717' title='bbox 1358 1937 1367 1953; x_wconf 62' lang='grc' dir='ltr'><strong>ι</strong></span> <span class='ocrx_word' id='word_1_718' title='bbox 1387 1927 1434 1954; x_wconf 69' lang='grc' dir='ltr'>καὶ</span> <span class='ocrx_word' id='word_1_719' title='bbox 1457 1927 1490 1954; x_wconf 84' lang='grc' dir='ltr'>τὰ</span> <span class='ocrx_word' id='word_1_720' title='bbox 1511 1928 1584 1961; x_wconf 74' lang='grc' dir='ltr'><strong>ἑξῆς.</strong></span> <span class='ocrx_word' id='word_1_721' title='bbox 1603 1928 1740 1955; x_wconf 75' lang='grc' dir='ltr'>Δέδεικται</span> <span class='ocrx_word' id='word_1_722' title='bbox 1753 1929 1845 1955; x_wconf 76' lang='grc' dir='ltr'>τοίνυν</span> <span class='ocrx_word' id='word_1_723' title='bbox 1859 1931 1912 1957; x_wconf 70' lang='grc' dir='ltr'>καὶ</span> 
     </span>
    </p>
   </div>
   <div class='ocr_carea' id='block_1_97' title="bbox 1111 1973 1911 2012">
    <p class='ocr_par' dir='ltr' id='par_1_97' title="bbox 1111 1973 1911 2012">
     <span class='ocr_line' id='line_1_97' title="bbox 1111 1973 1911 2012; baseline 0.004 -13"><span class='ocrx_word' id='word_1_724' title='bbox 1111 1973 1165 2000; x_wconf 76' lang='grc' dir='ltr'>ἀπὸ</span> <span class='ocrx_word' id='word_1_725' title='bbox 1185 1973 1352 2007; x_wconf 74' lang='grc' dir='ltr'><strong>τοῦἊουκᾶ,</strong></span> <span class='ocrx_word' id='word_1_726' title='bbox 1367 1974 1405 2005; x_wconf 78' lang='grc' dir='ltr'>ὡς</span> <span class='ocrx_word' id='word_1_727' title='bbox 1422 1974 1438 2010; x_wconf 85' lang='grc' dir='ltr'><strong>ἡ</strong></span> <span class='ocrx_word' id='word_1_728' title='bbox 1454 1974 1522 2010; x_wconf 81' lang='grc' dir='ltr'>αὐτὴ</span> <span class='ocrx_word' id='word_1_729' title='bbox 1539 1974 1685 2010; x_wconf 72' lang='grc' dir='ltr'>ἐτύγχανεν</span> <span class='ocrx_word' id='word_1_730' title='bbox 1703 1975 1803 2011; x_wconf 77' lang='grc' dir='ltr'>ἡμέρα,</span> <span class='ocrx_word' id='word_1_731' title='bbox 1823 1976 1871 2002; x_wconf 71' lang='grc' dir='ltr'><strong>καὶ</strong></span> <span class='ocrx_word' id='word_1_732' title='bbox 1890 1977 1911 2012; x_wconf 79' lang='grc' dir='ltr'>ἡ</span> 
     </span>
    </p>
   </div>
   <div class='ocr_carea' id='block_1_98' title="bbox 1110 2018 1910 2057">
    <p class='ocr_par' dir='ltr' id='par_1_98' title="bbox 1110 2018 1910 2057">
     <span class='ocr_line' id='line_1_98' title="bbox 1110 2018 1910 2057; baseline -0.001 -12"><span class='ocrx_word' id='word_1_733' title='bbox 1110 2019 1179 2054; x_wconf 78' lang='grc' dir='ltr'>αὑτὴ</span> <span class='ocrx_word' id='word_1_734' title='bbox 1186 2019 1213 2045; x_wconf 80' lang='grc' dir='ltr'><strong>δὲ</strong></span> <span class='ocrx_word' id='word_1_735' title='bbox 1223 2018 1280 2055; x_wconf 82' lang='grc' dir='ltr'><strong>ὥρα</strong></span> <span class='ocrx_word' id='word_1_736' title='bbox 1292 2019 1449 2046; x_wconf 84' lang='grc' dir='ltr'>συνίσταται</span> <span class='ocrx_word' id='word_1_737' title='bbox 1456 2020 1509 2046; x_wconf 78' lang='grc' dir='ltr'>ἀπὸ</span> <span class='ocrx_word' id='word_1_738' title='bbox 1517 2019 1562 2046; x_wconf 79' lang='grc' dir='ltr'>τοῦ</span> <span class='ocrx_word' id='word_1_739' title='bbox 1572 2021 1600 2047; x_wconf 75' lang='grc' dir='ltr'>ἐν</span> <span class='ocrx_word' id='word_1_740' title='bbox 1610 2021 1658 2056; x_wconf 79' lang='grc' dir='ltr'><strong>μιᾷ</strong></span> <span class='ocrx_word' id='word_1_741' title='bbox 1669 2021 1759 2056; x_wconf 72' lang='grc' dir='ltr'>ἡμέρα</span> <span class='ocrx_word' id='word_1_742' title='bbox 1766 2021 1831 2053; x_wconf 66' lang='grc' dir='ltr'>τοὺς</span> <span class='ocrx_word' id='word_1_743' title='bbox 1840 2030 1910 2057; x_wconf 57' lang='grc' dir='ltr'>περι</span> 
     </span>
    </p>
   </div>
   <div class='ocr_carea' id='block_1_99' title="bbox 1110 2063 1911 2100">
    <p class='ocr_par' dir='ltr' id='par_1_99' title="bbox 1110 2063 1911 2100">
     <span class='ocr_line' id='line_1_99' title="bbox 1110 2063 1911 2100; baseline 0.004 -10"><span class='ocrx_word' id='word_1_744' title='bbox 1110 2063 1236 2090; x_wconf 81' lang='grc' dir='ltr'>Κλεόπαν</span> <span class='ocrx_word' id='word_1_745' title='bbox 1252 2065 1292 2096; x_wconf 81' lang='grc' dir='ltr'><strong>εἰς</strong></span> <span class='ocrx_word' id='word_1_746' title='bbox 1309 2064 1358 2099; x_wconf 82' lang='grc' dir='ltr'>τὴν</span> <span class='ocrx_word' id='word_1_747' title='bbox 1371 2065 1509 2100; x_wconf 80' lang='grc' dir='ltr'>Ἐμμαοῦν</span> <span class='ocrx_word' id='word_1_748' title='bbox 1522 2065 1659 2099; x_wconf 83' lang='grc' dir='ltr'>γενέσθαι,</span> <span class='ocrx_word' id='word_1_749' title='bbox 1677 2065 1804 2092; x_wconf 76' lang='grc' dir='ltr'>κάκεῖθεν</span> <span class='ocrx_word' id='word_1_750' title='bbox 1820 2067 1911 2093; x_wconf 59' lang='lat' dir='ltr'><strong>itav-</strong></span> 
     </span>
    </p>
   </div>
   <div class='ocr_carea' id='block_1_100' title="bbox 1109 2110 1911 2147">
    <p class='ocr_par' dir='ltr' id='par_1_100' title="bbox 1109 2110 1911 2147">
     <span class='ocr_line' id='line_1_100' title="bbox 1109 2110 1911 2147; baseline 0.002 -10"><span class='ocrx_word' id='word_1_751' title='bbox 1109 2110 1268 2145; x_wconf 82' lang='grc' dir='ltr'>εληλυθέναι</span> <span class='ocrx_word' id='word_1_752' title='bbox 1279 2113 1317 2143; x_wconf 82' lang='grc' dir='ltr'>εἰς</span> <span class='ocrx_word' id='word_1_753' title='bbox 1326 2111 1374 2147; x_wconf 84' lang='grc' dir='ltr'>τὴν</span> <span class='ocrx_word' id='word_1_754' title='bbox 1381 2111 1623 2147; x_wconf 78' lang='grc' dir='ltr'>Ἰερουσαλὴμ,ἡδη</span> <span class='ocrx_word' id='word_1_755' title='bbox 1647 2120 1698 2138; x_wconf 79' lang='grc' dir='ltr'><strong>που</strong></span> <span class='ocrx_word' id='word_1_756' title='bbox 1708 2112 1814 2144; x_wconf 75' lang='grc' dir='ltr'>πάντως</span> <span class='ocrx_word' id='word_1_757' title='bbox 1823 2113 1911 2139; x_wconf 72' lang='grc' dir='ltr'>ἑσπέ-</span> 
     </span>
    </p>
   </div>
   <div class='ocr_carea' id='block_1_101' title="bbox 1106 2155 1876 2193">
    <p class='ocr_par' dir='ltr' id='par_1_101' title="bbox 1106 2155 1876 2193">
     <span class='ocr_line' id='line_1_101' title="bbox 1106 2155 1876 2193; baseline 0.003 -10"><span class='ocrx_word' id='word_1_758' title='bbox 1106 2165 1156 2189; x_wconf 81' lang='grc' dir='ltr'><strong>ρας</strong></span> <span class='ocrx_word' id='word_1_759' title='bbox 1169 2157 1376 2193; x_wconf 77' lang='grc' dir='ltr'>καταλαϐούσης</span> <span class='ocrx_word' id='word_1_760' title='bbox 1386 2166 1392 2172; x_wconf 92' lang='grc'><strong>·</strong></span> <span class='ocrx_word' id='word_1_761' title='bbox 1408 2155 1467 2184; x_wconf 81' lang='grc' dir='ltr'>εἶτα</span> <span class='ocrx_word' id='word_1_762' title='bbox 1483 2157 1531 2193; x_wconf 75' lang='grc' dir='ltr'>τὴν</span> <span class='ocrx_word' id='word_1_763' title='bbox 1546 2158 1706 2192; x_wconf 78' lang='grc' dir='ltr'>ἐπιφάνειαν</span> <span class='ocrx_word' id='word_1_764' title='bbox 1721 2159 1876 2192; x_wconf 81' lang='grc' dir='ltr'>γεγονέναι.</span> 
     </span>
    </p>
   </div>
   <div class='ocr_carea' id='block_1_102' title="bbox 1150 2205 1909 2242">
    <p class='ocr_par' dir='ltr' id='par_1_102' title="bbox 1150 2205 1909 2242">
     <span class='ocr_line' id='line_1_102' title="bbox 1150 2205 1909 2242; baseline 0.003 -11"><span class='ocrx_word' id='word_1_765' title='bbox 1150 2205 1258 2241; x_wconf 77' lang='grc' dir='ltr'>Ἐπειδὴ</span> <span class='ocrx_word' id='word_1_766' title='bbox 1276 2205 1365 2233; x_wconf 80' lang='grc' dir='ltr'>τοίνυν</span> <span class='ocrx_word' id='word_1_767' title='bbox 1391 2206 1408 2241; x_wconf 86' lang='grc' dir='ltr'>ἡ</span> <span class='ocrx_word' id='word_1_768' title='bbox 1432 2205 1500 2240; x_wconf 79' lang='grc' dir='ltr'>αὑτὴ</span> <span class='ocrx_word' id='word_1_769' title='bbox 1516 2207 1580 2241; x_wconf 82' lang='grc' dir='ltr'>παρ’</span> <span class='ocrx_word' id='word_1_770' title='bbox 1594 2205 1758 2242; x_wconf 62' lang='grc' dir='ltr'>ἀμφοτέροις</span> <span class='ocrx_word' id='word_1_771' title='bbox 1781 2206 1909 2242; x_wconf 64' lang='grc' dir='ltr'>πέφηνεν</span> 
     </span>
    </p>
   </div>
   <div class='ocr_carea' id='block_1_103' title="bbox 1108 2250 1907 2287">
    <p class='ocr_par' dir='ltr' id='par_1_103' title="bbox 1108 2250 1907 2287">
     <span class='ocr_line' id='line_1_103' title="bbox 1108 2250 1907 2287; baseline 0.003 -11"><span class='ocrx_word' id='word_1_772' title='bbox 1108 2250 1236 2282; x_wconf 74' lang='grc' dir='ltr'>ὀπτασία,</span> <span class='ocrx_word' id='word_1_773' title='bbox 1251 2251 1316 2287; x_wconf 74' lang='grc' dir='ltr'>φέρε</span> <span class='ocrx_word' id='word_1_774' title='bbox 1336 2251 1433 2286; x_wconf 84' lang='grc' dir='ltr'>ἴδωμεν</span> <span class='ocrx_word' id='word_1_775' title='bbox 1447 2252 1521 2283; x_wconf 85' lang='grc' dir='ltr'>ὅπως</span> <span class='ocrx_word' id='word_1_776' title='bbox 1533 2251 1613 2286; x_wconf 74' lang='grc' dir='ltr'>ἕτερα</span> <span class='ocrx_word' id='word_1_777' title='bbox 1628 2252 1677 2286; x_wconf 82' lang='grc' dir='ltr'>μὲν</span> <span class='ocrx_word' id='word_1_778' title='bbox 1692 2251 1768 2287; x_wconf 77' lang='grc' dir='ltr'><strong>παρά</strong></span> <span class='ocrx_word' id='word_1_779' title='bbox 1783 2251 1822 2287; x_wconf 81' lang='grc' dir='ltr'>τῷ</span> <span class='ocrx_word' id='word_1_780' title='bbox 1836 2253 1907 2279; x_wconf 72' lang='grc' dir='ltr'><strong>Λου-</strong></span> 
     </span>
    </p>
   </div>
   <div class='ocr_carea' id='block_1_104' title="bbox 1107 2297 1909 2333">
    <p class='ocr_par' dir='ltr' id='par_1_104' title="bbox 1107 2297 1909 2333">
     <span class='ocr_line' id='line_1_104' title="bbox 1107 2297 1909 2333; baseline 0.002 -10"><span class='ocrx_word' id='word_1_781' title='bbox 1107 2297 1143 2331; x_wconf 78' lang='grc' dir='ltr'>κᾷ</span> <span class='ocrx_word' id='word_1_782' title='bbox 1167 2297 1274 2333; x_wconf 78' lang='grc' dir='ltr'>εἴρηται</span> <span class='ocrx_word' id='word_1_783' title='bbox 1296 2297 1403 2333; x_wconf 80' lang='grc' dir='ltr'>πράξας</span> <span class='ocrx_word' id='word_1_784' title='bbox 1425 2298 1473 2324; x_wconf 75' lang='grc' dir='ltr'><strong>καὶ</strong></span> <span class='ocrx_word' id='word_1_785' title='bbox 1494 2298 1614 2333; x_wconf 79' lang='grc' dir='ltr'>λαλήσας</span> <span class='ocrx_word' id='word_1_786' title='bbox 1628 2299 1642 2324; x_wconf 79' lang='grc' dir='ltr'><strong>ο</strong></span> <span class='ocrx_word' id='word_1_787' title='bbox 1656 2298 1761 2333; x_wconf 82' lang='grc' dir='ltr'>Σωτὴρ,</span> <span class='ocrx_word' id='word_1_788' title='bbox 1777 2298 1861 2333; x_wconf 84' lang='grc' dir='ltr'>Ξτερα</span> <span class='ocrx_word' id='word_1_789' title='bbox 1877 2299 1909 2325; x_wconf 69' lang='grc' dir='ltr'><strong>δὲ</strong></span> 
     </span>
    </p>
   </div>
   <div class='ocr_carea' id='block_1_105' title="bbox 1107 2337 1907 2379">
    <p class='ocr_par' dir='ltr' id='par_1_105' title="bbox 1107 2337 1907 2379">
     <span class='ocr_line' id='line_1_105' title="bbox 1107 2337 1907 2379; baseline 0.001 -11"><span class='ocrx_word' id='word_1_790' title='bbox 1107 2342 1183 2378; x_wconf 78' lang='grc' dir='ltr'>παρά</span> <span class='ocrx_word' id='word_1_791' title='bbox 1197 2342 1236 2378; x_wconf 84' lang='grc' dir='ltr'>τῷ</span> <span class='ocrx_word' id='word_1_792' title='bbox 1258 2343 1502 2379; x_wconf 83' lang='grc' dir='ltr'>Ίωάννῃ.’ομοίως</span> <span class='ocrx_word' id='word_1_793' title='bbox 1522 2344 1571 2378; x_wconf 81' lang='grc' dir='ltr'>μὲν</span> <span class='ocrx_word' id='word_1_794' title='bbox 1587 2337 1639 2370; x_wconf 80' lang='grc' dir='ltr'>οὖν</span> <span class='ocrx_word' id='word_1_795' title='bbox 1656 2343 1721 2378; x_wconf 70' lang='grc' dir='ltr'>παρ’</span> <span class='ocrx_word' id='word_1_796' title='bbox 1738 2343 1907 2379; x_wconf 60' lang='grc' dir='ltr'>ἀμφοτέροις</span> 
     </span>
    </p>
   </div>
   <div class='ocr_carea' id='block_1_106' title="bbox 1106 2388 1906 2426">
    <p class='ocr_par' dir='ltr' id='par_1_106' title="bbox 1106 2388 1906 2426">
     <span class='ocr_line' id='line_1_106' title="bbox 1106 2388 1906 2426; baseline 0.001 -11"><span class='ocrx_word' id='word_1_797' title='bbox 1106 2389 1240 2422; x_wconf 88' lang='grc' dir='ltr'>λέλεκται,</span> <span class='ocrx_word' id='word_1_798' title='bbox 1256 2390 1295 2422; x_wconf 81' lang='grc' dir='ltr'>ὡς</span> <span class='ocrx_word' id='word_1_799' title='bbox 1317 2391 1370 2426; x_wconf 79' lang='grc' dir='ltr'>ἄρα</span> <span class='ocrx_word' id='word_1_800' title='bbox 1395 2391 1477 2426; x_wconf 87' lang='grc' dir='ltr'>μέσος</span> <span class='ocrx_word' id='word_1_801' title='bbox 1506 2390 1596 2417; x_wconf 79' lang='grc' dir='ltr'>αὐτῶν</span> <span class='ocrx_word' id='word_1_802' title='bbox 1620 2391 1685 2422; x_wconf 80' lang='grc' dir='ltr'>στὰς</span> <span class='ocrx_word' id='word_1_803' title='bbox 1707 2388 1783 2416; x_wconf 80' lang='grc' dir='ltr'>εἶπεν</span> <span class='ocrx_word' id='word_1_804' title='bbox 1798 2391 1906 2422; x_wconf 72' lang='grc' dir='ltr'>αὐτοῖς,</span> 
     </span>
    </p>
   </div>
   <div class='ocr_carea' id='block_1_107' title="bbox 1109 2437 1909 2473">
    <p class='ocr_par' dir='ltr' id='par_1_107' title="bbox 1109 2437 1909 2473">
     <span class='ocr_line' id='line_1_107' title="bbox 1109 2437 1909 2473; baseline 0.001 -11"><span class='ocrx_word' id='word_1_805' title='bbox 1109 2447 1118 2460; x_wconf 85' lang='grc' dir='ltr'><strong>ι</strong></span> <span class='ocrx_word' id='word_1_806' title='bbox 1137 2437 1239 2472; x_wconf 81' lang='grc' dir='ltr'>Εἰρήνη</span> <span class='ocrx_word' id='word_1_807' title='bbox 1255 2437 1330 2472; x_wconf 84' lang='grc' dir='ltr'>ὑμῖν.</span> <span class='ocrx_word' id='word_1_808' title='bbox 1349 2437 1578 2473; x_wconf 73' lang='grc' dir='ltr'>»Ἀφωρισμένως</span> <span class='ocrx_word' id='word_1_809' title='bbox 1602 2437 1630 2463; x_wconf 83' lang='grc' dir='ltr'><strong>δὲ</strong></span> <span class='ocrx_word' id='word_1_810' title='bbox 1652 2437 1728 2472; x_wconf 79' lang='grc' dir='ltr'>παρὰ</span> <span class='ocrx_word' id='word_1_811' title='bbox 1750 2437 1790 2472; x_wconf 84' lang='grc' dir='ltr'>τῷ</span> <span class='ocrx_word' id='word_1_812' title='bbox 1809 2438 1909 2472; x_wconf 66' lang='lat' dir='ltr'><strong>Aoum].</strong></span> 
     </span>
    </p>
   </div>
   <div class='ocr_carea' id='block_1_108' title="bbox 1107 2482 1906 2518">
    <p class='ocr_par' dir='ltr' id='par_1_108' title="bbox 1107 2482 1906 2518">
     <span class='ocr_line' id='line_1_108' title="bbox 1107 2482 1906 2518; baseline 0.003 -10"><span class='ocrx_word' id='word_1_813' title='bbox 1107 2482 1268 2517; x_wconf 81' lang='grc' dir='ltr'>πρόσκειται</span> <span class='ocrx_word' id='word_1_814' title='bbox 1281 2483 1321 2509; x_wconf 83' lang='grc' dir='ltr'>ὃτι</span> <span class='ocrx_word' id='word_1_815' title='bbox 1336 2482 1445 2509; x_wconf 80' lang='grc' dir='ltr'>ἐδόκουν</span> <span class='ocrx_word' id='word_1_816' title='bbox 1459 2482 1569 2518; x_wconf 83' lang='grc' dir='ltr'>πνεῦμα</span> <span class='ocrx_word' id='word_1_817' title='bbox 1583 2482 1705 2518; x_wconf 82' lang='grc' dir='ltr'>θεωρεῖν,</span> <span class='ocrx_word' id='word_1_818' title='bbox 1719 2482 1766 2508; x_wconf 72' lang='grc' dir='ltr'><strong>καὶ</strong></span> <span class='ocrx_word' id='word_1_819' title='bbox 1779 2483 1814 2509; x_wconf 73' lang='grc' dir='ltr'>τὰ</span> <span class='ocrx_word' id='word_1_820' title='bbox 1827 2483 1906 2517; x_wconf 77' lang='grc' dir='ltr'><strong>ἑξῆς.</strong></span> 
     </span>
    </p>
   </div>
   <div class='ocr_carea' id='block_1_109' title="bbox 1112 2527 1905 2564">
    <p class='ocr_par' dir='ltr' id='par_1_109' title="bbox 1112 2527 1905 2564">
     <span class='ocr_line' id='line_1_109' title="bbox 1112 2527 1905 2564; baseline 0.001 -11"><span class='ocrx_word' id='word_1_821' title='bbox 1112 2527 1181 2553; x_wconf 83' lang='grc' dir='ltr'>Ἀλλ’</span> <span class='ocrx_word' id='word_1_822' title='bbox 1197 2528 1220 2553; x_wconf 74' lang='grc' dir='ltr'>εἰ</span> <span class='ocrx_word' id='word_1_823' title='bbox 1246 2528 1293 2554; x_wconf 83' lang='grc' dir='ltr'>καὶ</span> <span class='ocrx_word' id='word_1_824' title='bbox 1319 2528 1356 2564; x_wconf 84' lang='grc' dir='ltr'>μὴ</span> <span class='ocrx_word' id='word_1_825' title='bbox 1376 2527 1495 2554; x_wconf 80' lang='grc' dir='ltr'>τοσαῦτα</span> <span class='ocrx_word' id='word_1_826' title='bbox 1508 2528 1614 2564; x_wconf 79' lang='grc' dir='ltr'>εἴρηται</span> <span class='ocrx_word' id='word_1_827' title='bbox 1627 2529 1702 2563; x_wconf 73' lang='grc' dir='ltr'>παρὰ</span> <span class='ocrx_word' id='word_1_828' title='bbox 1715 2528 1754 2563; x_wconf 84' lang='grc' dir='ltr'>τῷ</span> <span class='ocrx_word' id='word_1_829' title='bbox 1778 2528 1905 2564; x_wconf 78' lang='grc' dir='ltr'>Ἰωάννη,</span> 
     </span>
    </p>
   </div>
   <div class='ocr_carea' id='block_1_110' title="bbox 1107 2572 1907 2610">
    <p class='ocr_par' dir='ltr' id='par_1_110' title="bbox 1107 2572 1907 2610">
     <span class='ocr_line' id='line_1_110' title="bbox 1107 2572 1907 2610; baseline 0.003 -11"><span class='ocrx_word' id='word_1_830' title='bbox 1107 2572 1176 2600; x_wconf 88' lang='grc' dir='ltr'><strong>ἀλλά</strong></span> <span class='ocrx_word' id='word_1_831' title='bbox 1188 2573 1223 2600; x_wconf 78' lang='grc' dir='ltr'><strong>τὰ</strong></span> <span class='ocrx_word' id='word_1_832' title='bbox 1237 2573 1300 2609; x_wconf 79' lang='grc' dir='ltr'><strong>ἑξῆς</strong></span> <span class='ocrx_word' id='word_1_833' title='bbox 1317 2573 1397 2601; x_wconf 84' lang='grc' dir='ltr'>πάλιν</span> <span class='ocrx_word' id='word_1_834' title='bbox 1417 2575 1482 2609; x_wconf 77' lang='grc' dir='ltr'>παρ’</span> <span class='ocrx_word' id='word_1_835' title='bbox 1501 2574 1666 2609; x_wconf 76' lang='grc' dir='ltr'>ἀμφοτέροις</span> <span class='ocrx_word' id='word_1_836' title='bbox 1688 2573 1807 2610; x_wconf 63' lang='grc' dir='ltr'>συνᾴδει.</span> <span class='ocrx_word' id='word_1_837' title='bbox 1824 2574 1907 2609; x_wconf 64' lang='lat' dir='ltr'><strong>napi</strong></span> 
     </span>
    </p>
   </div>
   <div class='ocr_carea' id='block_1_111' title="bbox 1107 2619 1908 2657">
    <p class='ocr_par' dir='ltr' id='par_1_111' title="bbox 1107 2619 1908 2657">
     <span class='ocr_line' id='line_1_111' title="bbox 1107 2619 1908 2657; baseline 0 -11"><span class='ocrx_word' id='word_1_838' title='bbox 1107 2619 1156 2654; x_wconf 81' lang='grc' dir='ltr'>μὲν</span> <span class='ocrx_word' id='word_1_839' title='bbox 1180 2619 1284 2655; x_wconf 79' lang='grc' dir='ltr'>γὰρτῷ</span> <span class='ocrx_word' id='word_1_840' title='bbox 1303 2621 1412 2657; x_wconf 69' lang='grc' dir='ltr'>Ἰωάννῃ</span> <span class='ocrx_word' id='word_1_841' title='bbox 1431 2620 1500 2655; x_wconf 85' lang='grc' dir='ltr'>μετὰ</span> <span class='ocrx_word' id='word_1_842' title='bbox 1513 2621 1553 2651; x_wconf 81' lang='grc' dir='ltr'><strong>τὸ,</strong></span> <span class='ocrx_word' id='word_1_843' title='bbox 1574 2629 1583 2646; x_wconf 70' lang='lat'><strong>1</strong></span> <span class='ocrx_word' id='word_1_844' title='bbox 1600 2621 1703 2656; x_wconf 84' lang='grc' dir='ltr'>Εἰρήνη</span> <span class='ocrx_word' id='word_1_845' title='bbox 1718 2621 1795 2656; x_wconf 79' lang='grc' dir='ltr'>ὑμῖν,</span> <span class='ocrx_word' id='word_1_846' title='bbox 1811 2630 1821 2646; x_wconf 72' lang='grc' dir='ltr'><strong>ι</strong></span> <span class='ocrx_word' id='word_1_847' title='bbox 1843 2622 1908 2646; x_wconf 78' lang='grc' dir='ltr'><strong>ἐπι-</strong></span> 
     </span>
    </p>
   </div>
   <div class='ocr_carea' id='block_1_112' title="bbox 1105 2664 1906 2702">
    <p class='ocr_par' dir='ltr' id='par_1_112' title="bbox 1105 2664 1906 2702">
     <span class='ocr_line' id='line_1_112' title="bbox 1105 2664 1906 2702; baseline 0.001 -10"><span class='ocrx_word' id='word_1_848' title='bbox 1105 2664 1224 2700; x_wconf 83' lang='grc' dir='ltr'>λέγεται,</span> <span class='ocrx_word' id='word_1_849' title='bbox 1238 2676 1247 2692; x_wconf 71' lang='grc' dir='ltr'><strong>ι</strong></span> <span class='ocrx_word' id='word_1_850' title='bbox 1263 2667 1316 2693; x_wconf 80' lang='grc' dir='ltr'>Καὶ</span> <span class='ocrx_word' id='word_1_851' title='bbox 1333 2667 1412 2693; x_wconf 78' lang='grc' dir='ltr'>τοῦτο</span> <span class='ocrx_word' id='word_1_852' title='bbox 1420 2666 1505 2693; x_wconf 79' lang='grc' dir='ltr'>εἰπὼν</span> <span class='ocrx_word' id='word_1_853' title='bbox 1522 2667 1622 2699; x_wconf 74' lang='grc' dir='ltr'>ἔδειξεν</span> <span class='ocrx_word' id='word_1_854' title='bbox 1635 2667 1727 2698; x_wconf 75' lang='grc' dir='ltr'>αὐτοῖς</span> <span class='ocrx_word' id='word_1_855' title='bbox 1744 2666 1794 2698; x_wconf 80' lang='grc' dir='ltr'>τὰς</span> <span class='ocrx_word' id='word_1_856' title='bbox 1807 2668 1906 2702; x_wconf 80' lang='grc' dir='ltr'>χεῖρας</span> 
     </span>
    </p>
   </div>
   <div class='ocr_carea' id='block_1_113' title="bbox 1105 2712 1905 2749">
    <p class='ocr_par' dir='ltr' id='par_1_113' title="bbox 1105 2712 1905 2749">
     <span class='ocr_line' id='line_1_113' title="bbox 1105 2712 1905 2749; baseline -0.001 -9"><span class='ocrx_word' id='word_1_857' title='bbox 1105 2713 1153 2740; x_wconf 79' lang='grc' dir='ltr'><strong>καὶ</strong></span> <span class='ocrx_word' id='word_1_858' title='bbox 1172 2713 1222 2748; x_wconf 88' lang='grc' dir='ltr'>τὴν</span> <span class='ocrx_word' id='word_1_859' title='bbox 1237 2713 1356 2749; x_wconf 83' lang='grc' dir='ltr'>πλευρὰν</span> <span class='ocrx_word' id='word_1_860' title='bbox 1363 2712 1454 2740; x_wconf 80' lang='grc' dir='ltr'>αὐτοῦ.</span> <span class='ocrx_word' id='word_1_861' title='bbox 1469 2723 1478 2739; x_wconf 77' lang='grc' dir='ltr'><strong>ι</strong></span> <span class='ocrx_word' id='word_1_862' title='bbox 1488 2714 1525 2740; x_wconf 87' lang='grc' dir='ltr'><strong>Οὺ</strong></span> <span class='ocrx_word' id='word_1_863' title='bbox 1541 2712 1688 2749; x_wconf 78' lang='grc' dir='ltr'>φέρεταιδὲ</span> <span class='ocrx_word' id='word_1_864' title='bbox 1701 2713 1718 2748; x_wconf 83' lang='grc' dir='ltr'><strong>ἡ</strong></span> <span class='ocrx_word' id='word_1_865' title='bbox 1735 2713 1810 2739; x_wconf 76' lang='grc' dir='ltr'>αἰτία</span> <span class='ocrx_word' id='word_1_866' title='bbox 1827 2712 1905 2748; x_wconf 75' lang='grc' dir='ltr'>παρὰ</span> 
     </span>
    </p>
   </div>
   <div class='ocr_carea' id='block_1_114' title="bbox 1104 2758 1902 2795">
    <p class='ocr_par' dir='ltr' id='par_1_114' title="bbox 1104 2758 1902 2795">
     <span class='ocr_line' id='line_1_114' title="bbox 1104 2758 1902 2795; baseline -0.001 -9"><span class='ocrx_word' id='word_1_867' title='bbox 1104 2759 1144 2795; x_wconf 87' lang='grc' dir='ltr'>τῷ</span> <span class='ocrx_word' id='word_1_868' title='bbox 1162 2759 1283 2795; x_wconf 82' lang='grc' dir='ltr'>Ἰωάννῃ,</span> <span class='ocrx_word' id='word_1_869' title='bbox 1300 2760 1338 2791; x_wconf 84' lang='grc' dir='ltr'>ὡς</span> <span class='ocrx_word' id='word_1_870' title='bbox 1355 2760 1388 2786; x_wconf 83' lang='grc' dir='ltr'>ἂν</span> <span class='ocrx_word' id='word_1_871' title='bbox 1408 2759 1457 2795; x_wconf 71' lang='grc' dir='ltr'><strong>ἤδη</strong></span> <span class='ocrx_word' id='word_1_872' title='bbox 1473 2759 1621 2795; x_wconf 74' lang='grc' dir='ltr'>λελεγμένῃ</span> <span class='ocrx_word' id='word_1_873' title='bbox 1638 2759 1715 2795; x_wconf 82' lang='grc' dir='ltr'><strong>παρά</strong></span> <span class='ocrx_word' id='word_1_874' title='bbox 1730 2758 1770 2794; x_wconf 88' lang='grc' dir='ltr'>τῷ</span> <span class='ocrx_word' id='word_1_875' title='bbox 1789 2759 1882 2795; x_wconf 81' lang='grc' dir='ltr'>Δουκᾷ</span> <span class='ocrx_word' id='word_1_876' title='bbox 1895 2767 1902 2773; x_wconf 91' lang='grc'><strong>·</strong></span> 
     </span>
    </p>
   </div>
   <div class='ocr_carea' id='block_1_115' title="bbox 1104 2803 1903 2842">
    <p class='ocr_par' dir='ltr' id='par_1_115' title="bbox 1104 2803 1903 2842">
     <span class='ocr_line' id='line_1_115' title="bbox 1104 2803 1903 2842; baseline -0.001 -10"><span class='ocrx_word' id='word_1_877' title='bbox 1104 2803 1138 2842; x_wconf 81' lang='grc' dir='ltr'>ἦν</span> <span class='ocrx_word' id='word_1_878' title='bbox 1153 2806 1181 2832; x_wconf 79' lang='grc' dir='ltr'><strong>δὲ</strong></span> <span class='ocrx_word' id='word_1_879' title='bbox 1201 2806 1270 2842; x_wconf 78' lang='grc' dir='ltr'>αὓτη</span> <span class='ocrx_word' id='word_1_880' title='bbox 1285 2806 1315 2833; x_wconf 75' lang='grc' dir='ltr'><strong>τὺ</strong></span> <span class='ocrx_word' id='word_1_881' title='bbox 1330 2804 1450 2841; x_wconf 74' lang='grc' dir='ltr'>νομίζειν</span> <span class='ocrx_word' id='word_1_882' title='bbox 1465 2806 1564 2837; x_wconf 75' lang='grc' dir='ltr'>αὐτοὺς</span> <span class='ocrx_word' id='word_1_883' title='bbox 1583 2805 1691 2840; x_wconf 67' lang='grc' dir='ltr'>πνεῦμα</span> <span class='ocrx_word' id='word_1_884' title='bbox 1712 2805 1824 2841; x_wconf 80' lang='grc' dir='ltr'>θεωρεῖν</span> <span class='ocrx_word' id='word_1_885' title='bbox 1834 2812 1841 2819; x_wconf 92' lang='grc'><strong>·</strong></span> <span class='ocrx_word' id='word_1_886' title='bbox 1857 2804 1903 2832; x_wconf 67' lang='grc' dir='ltr'>ὅτι</span> 
     </span>
    </p>
   </div>
  </div>
