2037 3215
189 187 253 215 1061

609 189 862 219 SUPPLEMENTA
881 191 1121 226 QUIESTIONUM
1139 192 1184 219 AD
1203 191 1376 220 MARINUM.

1733 195 1804 222 £002

185 251 218 278 γε
241 243 293 279 μὴν
316 244 416 277 ἔδειξεν
439 245 530 277 αὐτοῖς
546 245 595 277 τὰς
612 247 704 282 χεῖρας
720 247 767 273 καὶ
781 247 830 283 τὴν
847 246 966 283 πλευρὰν

1018 254 1096 274 suum
1111 247 1265 275 ostendisse
1280 247 1374 276 Jesum
1393 250 1510 276 testatur
1526 247 1656 280 Joannes.
1672 257 1804 279 consonat

184 289 266 318 αὑτοῦ
282 292 458 327 μαρτυρήσας
480 292 495 318 ὁ
512 292 646 327 Ἰωάννης,
665 292 807 328 σύμφωνος
824 294 856 320 ἂν
871 293 913 328 εἴη
931 293 970 328 τῷ

184 336 231 363 κᾶιὶ
259 336 309 372 τὴν
335 337 423 363 αἰτίαν
448 337 637 373 παραθεμένῳ.
656 338 765 370 Τούτοις
792 339 865 374 ἑξῆς.
881 341 895 366 ὁ
922 339 969 375 μὲν

183 383 289 413 Λουκᾶς
307 391 398 416 φησιν,
413 393 423 408 ι
442 383 500 410 Ἔτι
515 383 541 409 δὲ
553 383 736 410 ἀπιστούντων
751 385 837 411 αὐτῶν
849 386 902 411 ἀπὸ
921 386 969 421 τῆς

183 429 271 465 χαρᾶς
294 429 341 455 καὶ
361 429 561 464 θαυμαζόντων,
584 429 660 458 εἶπεν
683 431 791 462 αὐτοῖς,
825 432 919 467 Ἔχετέ
944 441 969 458 τι

184 474 321 510 βρώσιμον
350 475 462 508 ὲνθάδε;
495 477 525 503 Οἱ
550 477 578 503 δὲ
604 477 746 504 ἀπέδωκαν
768 477 842 512 αὐτῷ
880 478 969 513 ἰχθύος

182 521 266 548 ὀπτοῦ
293 521 384 558 μέρος.
406 531 416 548 ›
434 522 526 550 Ταῦτα
548 523 576 549 δὲ
595 523 719 558 Ἰωάννης
735 524 765 550 οὐ
790 524 967 560 συνέγραψεν.

185 568 269 595 Ἔνθα
293 568 449 603 γενομένοις
474 569 617 604 ἐπιστῆσαι
634 571 766 605 προσήκει
783 570 828 596 τὸν
844 570 916 603 νοῦν,
931 571 968 602 ὡς

183 615 231 642 καὶ
249 616 278 640 ὲν
301 616 356 645 τοῖς
377 615 492 646 λοιποῖς,
506 614 555 646 τὰς
577 615 741 651 σεμνοτέρας
763 616 810 642 καὶ
833 616 968 651 θειοτέρας

183 660 298 696 πράξεις
319 668 348 686 τε
370 660 418 686 καὶ
433 659 605 691 διδασκαλίας
620 660 667 686 τοῦ
684 661 808 696 Σωτῆρος
831 661 908 696 ἡμῶν
925 661 968 688 διὰ

181 706 228 733 τοῦ
247 706 368 734 Ἰωάννου
386 706 416 733 τὸ
428 706 538 742 Πνεῦμα
549 707 579 733 τὸ
595 706 671 741 ἆγιον
686 708 920 743 ἀπεμνημόνευσε,
934 709 967 735 τὰ

180 752 210 778 δὲ
230 751 458 787 ἀνθρωπινώτεροι
472 752 515 779 διὰ
528 752 582 780 τῶν
598 752 698 780 λοιπῶν
712 753 889 790 συνέγραψεν,
907 755 921 780 ὃ
936 754 968 790 δὴ

182 797 230 824 καὶ
241 796 288 823 νῦν
305 797 463 833 πεποίηκεν.
472 798 516 829 Ὠς
527 797 581 834 γὰρ
596 798 723 834 ἐνόμισαν
735 800 760 825 οἱ
774 799 893 835 μαθηταὶ
906 800 969 826 ἰδόν-

181 852 228 875 τες
241 843 286 871 τὸν
302 844 425 880 Σωτῆρα,
439 844 475 879 μὴ
492 844 572 871 αὑτὸν
589 844 700 881 Θεωρεῖν
712 845 779 872 ἀλλὰ
795 845 911 880 πνεῦμα,
921 845 968 872 καὶ

181 890 220 922 ὡς
231 890 361 926 ἠπίστουν
374 890 459 926 αὐτῷ,
469 891 514 918 καὶ
529 890 598 926 μετὰ
611 891 641 918 τὸ
652 892 736 925 δεῖξαι
749 893 840 924 αὐτοῖς
853 892 902 924 τὰς
915 894 968 928 χεῖ-

1021 294 1115 329 utique
1130 294 1168 320 illi
1180 293 1225 328 qui
1242 293 1281 321 rei
1295 302 1406 321 causam
1425 295 1526 321 attulit.
1543 295 1607 322 Post
1630 296 1697 327 h:ec,
1716 297 1805 326 Lucas

1020 340 1130 375 quidem
1145 340 1193 373 ait,
1209 340 1298 368 adhuc
1312 348 1366 367 non
1382 340 1555 368 credentibus
1571 341 1624 368 illis
1637 349 1692 376 prm
1705 344 1804 377 gaudio

1020 390 1047 413 et
1063 385 1237 418 mirantibus,
1255 386 1357 414 dixisse
1374 386 1427 414 illis
1443 395 1449 413 :
1469 397 1478 413 ι
1498 386 1608 416 Habetis
1633 388 1677 415 hic
1702 390 1804 425 aliquid

1020 432 1092 467 quod
1106 432 1301 460 manducetur?
1313 443 1321 458 ›
1338 433 1397 461 illos
1409 438 1499 462 autem
1512 439 1616 469 partem
1625 436 1678 463 assi
1689 437 1771 470 piscis
1779 438 1805 465 ei

1019 479 1161 507 obtulisse.
1189 478 1252 506 [hec
1285 478 1403 508 Joannes
1433 481 1534 509 omisit.
1559 481 1600 508 Ad
1623 481 1697 509 hunc
1715 483 1806 511 locum

1020 524 1156 560 progressi
1169 528 1285 552 mentem
1295 524 1424 552 debemus
1435 525 1584 558 intendere,
1597 530 1627 553 ut
1636 527 1717 554 etiam
1729 528 1804 560 alibi,

1020 569 1191 604 augustiores
1217 576 1249 595 ac
1273 569 1423 597 diviniorcs
1448 575 1525 598 actus
1549 570 1703 599 Servatoris
1717 573 1805 600 nostri

1020 617 1100 648 atque
1126 614 1267 642 doctrinas
1288 614 1418 649 Spiritum
1451 620 1575 643 sanctum
1602 625 1650 652 per
1673 617 1805 645 Joannem

1020 668 1171 688 memorare
1188 661 1289 694 solere;
1308 661 1484 689 humaniores
1507 667 1596 690 autem
1615 671 1663 697 per
1685 664 1805 699 reliquos

1019 708 1200 741 cvangelistas
1222 707 1386 742 scripsisse;
1405 708 1477 743 quod
1501 712 1528 736 et
1550 709 1602 736 hoc
1624 710 1684 736 loco
1709 718 1805 745 reapse

1020 752 1092 779 fecit.
1108 752 1175 785 Quia
1190 753 1261 780 enim
1270 752 1408 788 discipuli,
1423 758 1569 789 conspecto
1584 754 1738 787 Servatore,
1756 763 1806 790 pu-

1020 798 1113 825 tabant
1132 806 1185 825 non
1209 799 1298 834 ipsum
1315 799 1362 827 sed
1383 800 1507 836 spiritum
1525 809 1554 828 se
1580 801 1681 834 videre,
1698 806 1725 829 et
1740 802 1806 837 quia

1019 844 1139 870 nondum
1169 844 1193 871 ei
1223 843 1387 877 credebant,
1411 846 1517 873 etiarnsi
1548 853 1645 874 manus
1669 848 1805 883 pedesque

1019 889 1185 921 ostenderat,
1214 891 1368 918 necessario
1391 895 1501 926 propter
1516 899 1610 918 eorum
1635 883 1804 927 pervicacem

182 946 235 972 ρας
249 937 294 964 καὶ
311 938 373 969 τοὺς
386 937 468 969 πόδας
486 937 651 973 ἀναγκαίως,
667 938 706 965 ἔτι
722 938 907 966 ἀπιστούντων
921 939 968 965 αὐ-

1020 934 1248 968 incredulitatcm,
1265 936 1428 969 postulatam
1448 944 1538 964 escam
1553 945 1645 964 coram
1663 938 1716 966 illis
1733 947 1806 966 man-

180 983 246 1014 τῶν,
263 984 376 1018 αἰτήσας
399 992 425 1010 τι
451 983 598 1019 βρώσιμον,
615 984 715 1019 ἔφαγεν
738 985 852 1012 ἐνώπιον
868 985 968 1013 αὐτῶν.

181 1028 274 1055 Ταῦτα
288 1028 317 1055 δὲ
334 1028 548 1064 σωματικώτερα
568 1028 642 1061 ὄντα,
660 1029 707 1056 καὶ
730 1029 828 1065 πολλὴν
842 1030 969 1056 ἀπιστίαν

178 1074 235 1101 τῶν
248 1074 404 1102 ἀποστόλων
417 1075 631 1112 κατηγοροῦντα,
645 1076 726 1102 αὺτοῦ
741 1085 771 1102 τε
787 1076 833 1102 τοῦ
845 1076 967 1112 Σωτῆρος

182 1121 401 1156 συμπεριφορὰν,
429 1121 568 1152 πείθοντος
589 1122 686 1153 αὐτοὺς
710 1122 757 1148 καὶ
778 1121 871 1156 σαφῶς
896 1130 968 1157 παρ-

180 1166 309 1198 ιστῶντος
325 1166 362 1198 ὠς
383 1166 437 1202 ἄρα
453 1166 532 1198 αὐτὸς
543 1167 596 1202 εἴη,
612 1167 650 1201 τῷ
663 1168 754 1203 Λουκᾷ
772 1168 809 1199 ὡς
824 1167 856 1194 ἂν
878 1168 970 1194 ὑποδε-

178 1212 282 1248 εστέρῳ
297 1212 352 1247 (69)
366 1213 479 1249 γράφειν
490 1213 520 1239 τὸ
531 1213 641 1248 Πνεῦμα
653 1213 769 1240 ὑπέϐαλε
780 1222 786 1228 ·
801 1213 834 1239 τὰ
845 1214 873 1240 δὲ
883 1214 970 1249 κρείτ-

179 1267 245 1285 τονα
270 1259 318 1285 καὶ
342 1259 483 1293 δυνάμεως
515 1259 606 1285 ἐνθέου
636 1259 828 1295 παραστατικὰ
855 1260 899 1286 διὰ
921 1259 968 1286 τοῦ

185 1299 308 1331 Ἶωάννου
326 1305 456 1341 παρίστη,
474 1305 625 1341 γράφοντος
636 1305 683 1331 καὶ
693 1305 774 1332 αὐτοῦ
791 1305 853 1340 ἑξῆς
873 1306 968 1337 ταῦτα,

182 1359 193 1374 1
205 1350 356 1385 Ἐχάρησαν
372 1347 418 1376 οὖν
430 1350 455 1375 οἱ
471 1349 590 1385 μαθηταὶ
606 1349 705 1381 ἰδόντες
715 1350 760 1376 τὸν
771 1350 872 1386 Κύριον
884 1359 890 1365 ·
907 1360 916 1376 ›
930 1348 968 1376 εἷ-

182 1404 234 1422 πεν
257 1394 304 1423 οὖν
326 1396 418 1428 αὐτοῖς
442 1396 540 1428 πάλιν,
558 1405 567 1421 ‹
582 1396 684 1431 Εἰρήνη
701 1396 780 1431 ὑμῖν·
806 1396 895 1428 καθὼς
916 1398 969 1424 ἁπ-

179 1442 295 1470 ἐσταλκέ
316 1451 350 1478 με
364 1443 378 1469 ὁ
398 1442 502 1478 Πατὴρ,
522 1442 599 1476 κάγὼ
611 1442 711 1477 πέμπω
725 1443 796 1478 ὑμᾶς
806 1449 813 1455 ”
831 1443 876 1469 καὶ
892 1443 970 1470 τοῦτο

178 1489 265 1516 εἰπὼν
281 1489 443 1525 ἀνεφύσησε,
459 1499 468 1515 ι
487 1489 533 1516 καὶ
550 1490 583 1516 τὰ
598 1489 669 1524 ἑξῆς.
680 1489 755 1524 Ἐχοι
772 1489 794 1515 δ’
811 1489 843 1515 ἂν
857 1489 968 1515 ἀκολου-

178 1536 241 1562 Θίαν
257 1537 271 1562 ὁ
286 1536 350 1571 παρ’
364 1536 527 1570 ἀμφοτέροις
540 1536 627 1570 λόγος,
641 1537 664 1562 εί
678 1535 711 1562 τὰ
724 1536 798 1570 παρὰ
819 1535 857 1570 τῷ
878 1535 968 1571 Λουκᾷ

180 1582 278 1618 πρῶτα
294 1582 449 1618 πεπρᾶχθαι
468 1581 657 1617 λογισαίμεθα,
670 1580 719 1608 εἷθ’
732 1581 817 1613 οὕτως
832 1581 890 1616 μετ’
900 1583 967 1608 εκεῖ-

178 1616 211 1654 νά
229 1616 426 1662 συνάψομεν
439 1626 514 1662 παρᾶ
525 1627 563 1662 τῷ
583 1627 768 1662 Ἰωάννῃ.’”Ετι
783 1627 831 1661 μὲν
842 1626 895 1661 γὰρ
907 1626 967 1652 ἁπι-
981 1616 1002 1645 C

178 1673 314 1699 στούντων
336 1673 425 1699 αὐτῶν
442 1673 487 1699 καὶ
502 1673 604 1708 τροφὴν
618 1673 687 1707 ᾔτει,
703 1673 748 1698 καὶ
771 1672 807 1707 μὴ
823 1672 967 1708 ἀρκεσθεὶς

176 1720 212 1754 τῇ
240 1718 337 1754 βρώσει
352 1719 399 1745 τοῦ
420 1718 519 1754 ἰχθύος,
537 1719 583 1745 καὶ
607 1718 700 1752 λόγους
716 1719 813 1749 αὐτοὺς
835 1719 966 1754 στηρίξει,

177 1765 229 1800 τῆς
239 1766 373 1801 προτέρας
381 1766 478 1796 αὐτοὺς
490 1765 704 1801 ὑπομιμνήσκων
713 1764 885 1796 διδασκαλίας
897 1765 967 1791 κατὰ

176 1811 225 1838 τὸν
236 1812 419 1838 Λουκᾶν.”οτε
434 1811 462 1837 δὲ
474 1811 565 1837 λοιπὸν
579 1810 734 1842 πεισθέντες
744 1810 967 1846 ἑπληροιρορήϐη-

177 1866 231 1884 σαν
246 1858 325 1884 αὑτὸν
337 1856 405 1884 εἶναι
423 1857 539 1894 ἀληθῶς,
557 1858 604 1884 καὶ
621 1857 712 1884 λοιπὸν
729 1858 813 1893 χαρᾶς
832 1855 902 1892 ἦσαν
919 1866 967 1892 με·

178 1903 250 1935 στοὶ,
264 1903 324 1929 τότε
336 1903 464 1939 δευτέραν
481 1904 572 1934 αὐτοῖς
589 1904 700 1939 εἰρήνην
714 1903 810 1939 ἑτέραν
821 1903 868 1929 καὶ
881 1903 967 1938 κρείτ-

176 1956 245 1976 τονα
262 1949 336 1984 παρὰ
356 1950 404 1986 τὴν
427 1950 562 1986 προτέραν
578 1950 677 1982 δίδωσι,
692 1950 738 1976 καὶ
751 1949 965 1984 παρακελεύεται

176 1996 305 2031 ἑτοίμους
319 1993 386 2022 εἴναι
406 1997 445 2027 εἰς
461 1997 510 2031 τὴν
526 1995 686 2031 ἀποστολὴν,
702 1995 841 2030 μονονουχὶ
859 1994 966 2030 ὁμοίους

176 2042 254 2077 αὐτῷ
268 2043 314 2068 καὶ
326 2043 424 2074 αὐτοὺς
440 2041 548 2068 ἔσεσθαι
564 2041 607 2068 διὰ
623 2041 669 2068 τοῦ
682 2041 773 2076 ὁμοίου
785 2041 864 2076 ἔργου
879 2042 966 2074 ἐπαγ-

176 2087 348 2123 γειλάμενος.
366 2086 420 2114 Εἶθ’
437 2087 499 2122 ἑξῆς
521 2087 567 2114 καὶ
592 2086 745 2118 ἀκολούθως
765 2087 864 2121 ἐμπνεῖ
875 2086 965 2117 αὐτοῖς

175 2133 226 2160 τοῦ
239 2134 316 2168 ἁγίου
331 2133 497 2169 Πνεύματος,
513 2133 550 2165 ὼς
568 2133 600 2160 ἂν
614 2132 748 2168 δεομένοις
759 2132 852 2158 τούτου
867 2132 906 2163 εἰς
917 2131 965 2166 τὴν

176 2178 245 2213 ἑξῆς
261 2179 460 2214 ἐπιφερομένην
474 2178 638 2212 ἐπαγγελίαν
648 2186 654 2192 ⁸
671 2177 740 2213 αὕτη
754 2177 781 2204 δὲ
794 2175 827 2213 ἦν
840 2177 870 2203 τὸ
887 2177 965 2203 δύνα-

134 2248 139 2253 ,
177 2223 242 2250 σθαι
257 2224 364 2258 ἀφιέναι
381 2224 516 2260 ἁμαρτίας
529 2224 572 2250 διὰ
586 2223 636 2258 τῆς
655 2223 702 2250 τοῦ
715 2223 792 2257 ἁγίου
808 2222 964 2257 Πνεύματος

1020 979 1140 1008 ducavlt.
1154 980 1216 1008 [iam
1227 981 1313 1017 magis
1325 983 1479 1017 corporalia
1490 990 1550 1010 cum
1564 984 1627 1016 sint,
1641 992 1806 1018 gravemque

1020 1027 1204 1061 apostolorum
1220 1028 1436 1056 incredulitatem
1448 1034 1588 1062 accusent,
1600 1034 1626 1057 et
1641 1031 1726 1065 ipsius
1738 1032 1804 1058 Scr-

1021 1073 1121 1099 vatoris
1140 1073 1334 1108 indulgentiam
1358 1080 1481 1110 arguant,
1498 1077 1687 1110 persuadentis
1710 1077 1751 1105 eis
1773 1085 1806 1105 ac

1020 1118 1233 1147 demonstrantis
1248 1128 1277 1147 se
1292 1128 1363 1153 esse,
1385 1121 1464 1148 Luca:
1483 1127 1574 1156 utpote
1595 1122 1708 1150 secundi
1729 1123 1804 1150 ordi-

1019 1165 1063 1192 nis
1080 1164 1182 1192 homini
1201 1166 1347 1193 seribenda
1362 1167 1480 1201 Spiritus
1491 1169 1629 1196 commisit
1644 1178 1652 1197 :
1665 1169 1711 1196 sed
1727 1170 1805 1198 nobi-

1019 1209 1088 1237 liora
1105 1215 1132 1238 et
1149 1211 1269 1238 divinam
1281 1213 1409 1240 virtutem
1428 1214 1643 1248 comprobantia,
1659 1223 1706 1250 per
1720 1215 1804 1243 Joan-

1021 1263 1081 1282 nem
1091 1257 1224 1289 exhibuit,
1235 1258 1315 1292 quiet
1328 1259 1384 1293 ipse
1398 1266 1460 1285 mox
1474 1260 1568 1286 scribit
1585 1269 1591 1287 :
1610 1269 1619 1285 ι
1637 1260 1728 1288 Gavisi
1741 1266 1805 1289 sunt

1019 1309 1084 1337 ergo
1101 1302 1239 1338 discipuli,
1257 1303 1316 1331 viso
1341 1303 1466 1331 Domino.
1487 1314 1495 1329 ι
1514 1305 1587 1332 Dixit
1605 1313 1670 1340 ergo
1692 1307 1731 1334 eis
1755 1307 1806 1334 ite-

1020 1356 1101 1375 rum:
1121 1358 1130 1374 ‹
1152 1348 1206 1376 Pax
1223 1349 1309 1377 vobis.
1329 1349 1405 1377 Sicut
1426 1351 1501 1378 misit
1528 1359 1570 1378 inc
1591 1351 1680 1384 Pater,
1706 1357 1733 1380 et
1756 1359 1806 1388 ego

1019 1394 1097 1420 mitto
1111 1403 1171 1422 vos.
1186 1395 1219 1422 Et
1234 1403 1294 1422 cum
1307 1396 1362 1422 hzec
1374 1396 1497 1428 dmisset,
1513 1397 1669 1430 insuﬂlavit,
1682 1407 1691 1423 ι
1705 1403 1731 1425 et
1742 1399 1807 1426 reli-

1019 1448 1083 1474 qua.
1100 1440 1216 1468 Habebit
1238 1446 1328 1469 autem
1353 1449 1452 1469 nexum
1468 1443 1611 1478 utriusque
1632 1445 1805 1479 evangelista:

1019 1487 1117 1518 oratio,
1137 1487 1159 1514 si
1175 1495 1235 1522 qua:
1250 1488 1317 1514 dicit
1338 1487 1435 1520 Lucas,
1451 1489 1527 1524 prius
1548 1495 1608 1515 acta
1624 1493 1782 1524 reputemus
1796 1500 1804 1520 ;

1020 1540 1082 1560 mox
1097 1538 1209 1560 narrata
1235 1534 1284 1561 abs
1299 1534 1405 1563 Joanne
1430 1536 1598 1570 copulemus.
1622 1535 1718 1563 Adhuc
1732 1537 1804 1563 enim

1020 1581 1073 1608 illis
1088 1588 1142 1607 non
1160 1580 1345 1613 credentibus,
1362 1589 1453 1608 escam
1479 1582 1644 1617 postulavit;
1663 1590 1750 1617 neque
1763 1584 1806 1617 pi-

1019 1628 1074 1655 scis
1088 1636 1137 1654 esti
1153 1632 1310 1659 contentus,
1325 1636 1466 1655 sermones
1479 1635 1544 1655 suos
1557 1628 1711 1660 conlirmat,
1730 1629 1805 1663 prio-

1018 1680 1075 1699 rem
1088 1673 1127 1700 eis
1142 1681 1202 1708 quae
1217 1677 1260 1701 est
1280 1674 1351 1708 apud
1366 1673 1466 1700 Lucam
1484 1674 1635 1701 doctrinam
1659 1673 1802 1701 refricans.

1018 1717 1166 1753 Postquam
1178 1726 1241 1746 vero
1252 1719 1405 1751 credentes,
1418 1720 1507 1753 ipsum
1523 1726 1587 1746 vere
1603 1726 1665 1747 esse
1679 1719 1730 1746 sibi
1744 1727 1806 1752 per—

1018 1769 1173 1796 suaserant,
1184 1765 1294 1800 jamque
1307 1764 1407 1800 gaudio
1419 1764 1582 1795 dimuerent,
1600 1770 1666 1791 tunc
1682 1764 1804 1792 secundo

1017 1810 1057 1838 eis
1074 1818 1179 1846 pacem,
1201 1811 1338 1838 meliorem
1357 1811 1460 1838 scilicet
1477 1811 1562 1845 prima
1578 1810 1729 1844 impertitus
1743 1815 1802 1843 est,

1019 1860 1099 1891 atque
1112 1860 1142 1882 ut
1156 1855 1316 1891 apostolatui
1331 1857 1417 1890 parati
1432 1860 1524 1883 essent
1538 1855 1687 1888 mandavit,
1700 1855 1804 1882 similes

1017 1902 1212 1938 propemodum
1241 1901 1282 1929 sui
1306 1901 1412 1928 futuros
1431 1902 1465 1929 ob
1482 1902 1573 1937 operis
1596 1901 1802 1929 similitudinem

1018 1949 1164 1984 spondens.
1183 1949 1242 1976 Mox
1267 1951 1449 1975 consentanee
1471 1947 1601 1982 Spiritum
1624 1952 1749 1975 sanctum
1774 1949 1802 1975 in

1016 2002 1063 2022 eos
1079 1995 1232 2029 inspiravit,
1249 1998 1343 2029 utpote
1357 1994 1429 2021 illius
1446 1994 1554 2029 indiges
1572 1993 1605 2020 ad
1629 2002 1692 2021 mox
1707 1995 1802 2021 dicen-

1016 2041 1078 2068 dam
1095 2041 1337 2068 denuntiationem.
1358 2040 1421 2068 “$0
1445 2044 1534 2067 autem
1552 2043 1621 2071 erat,
1639 2047 1720 2075 posse
1741 2040 1802 2067 illos

1016 2091 1128 2122 peccata
1147 2087 1283 2114 dimittere
1297 2094 1345 2122 per
1359 2087 1445 2113 sancti
1462 2086 1580 2120 Spiritus
1597 2086 1736 2113 virtutem.
1754 2087 1803 2112 At-

1015 2141 1068 2168 que
1090 2133 1128 2160 ita
1155 2141 1188 2160 ex
1214 2133 1346 2160 ambobus
1362 2132 1535 2167 evangelistis
1558 2139 1629 2158 unus
1647 2132 1801 2160 communis

1016 2179 1171 2214 perﬁcietur
1188 2187 1295 2212 sermo;
1316 2179 1379 2206 dum
1395 2179 1468 2206 dicta
1483 2178 1553 2213 apud
1574 2177 1687 2211 Lucam,
1706 2182 1800 2205 tacen-

1016 2230 1060 2252 tur
1081 2225 1152 2260 apud
1178 2224 1328 2257 Joannem;
1346 2225 1523 2260 vicissimque
1545 2225 1572 2250 in
1596 2223 1709 2251 Joannis
1732 2224 1802 2251 scri-

173 2270 326 2305 ὁυνάμεως.
343 2271 398 2297 Καὶ
417 2270 502 2302 οὕτως
526 2270 556 2302 ἐξ
578 2270 738 2305 ἀμφοτέρων
753 2269 808 2295 τῶν
824 2268 963 2303 εὐαγγελι-

1018 2277 1095 2306 plura
1131 2271 1285 2302 traduntur,
1319 2278 1379 2305 qua:
1409 2270 1518 2297 silentio
1551 2269 1638 2297 Lucas
1670 2271 1799 2304 premit:

174 2316 250 2343 στῶν
273 2315 312 2347 εἷς
335 2315 462 2347 κοινωνὸς
483 2316 714 2351 ἀπαρτισθήσεται
734 2315 822 2349 λόγος,
838 2314 892 2340 τῶν
914 2314 962 2349 μὲν

175 2363 255 2399 παρὰ
278 2362 317 2398 τῷ
336 2363 427 2398 Λουκᾷ
440 2362 617 2398 λελεγμένων,
632 2361 820 2397 σιωπηθέντων
834 2361 909 2396 παρὰ
925 2359 963 2394 τῷ

181 2408 312 2444 Ίωάννςγ
327 2409 380 2434 τῶν
390 2408 419 2434 δὲ
432 2408 483 2434 ὑπὸ
498 2407 544 2434 τοῦ
558 2408 680 2434 Ἰωάννου
691 2408 782 2443 γραφῇ
799 2406 964 2442 παραδοθέν-

173 2463 242 2486 των,
258 2456 319 2491 σιγῇ
341 2454 540 2489 ταμιευθέντων
560 2453 636 2489 παρὰ
647 2452 686 2488 τῷ
702 2454 806 2488 Λουκᾷ’
825 2453 871 2479 καί
889 2451 962 2487 πρὼη

1017 2316 1104 2351 primo
1120 2316 1191 2348 loco,
1208 2322 1237 2342 ut
1248 2317 1378 2348 diximus,
1395 2324 1456 2351 quae
1469 2321 1533 2344 sunt
1547 2315 1626 2343 Lucae
1643 2317 1799 2348 collocatis;

1017 2359 1115 2386 deinde
1131 2367 1191 2393 qum
1207 2358 1326 2386 Joannes
1341 2360 1389 2392 ait,
1411 2359 1541 2386 subnexis
1555 2367 1562 2392 ;
1584 2358 1705 2385 eamdem
1724 2365 1801 2384 men-

1018 2409 1071 2432 tem
1086 2411 1260 2440 sensumque.
1277 2413 1336 2440 quaa
1353 2409 1417 2432 sunt
1433 2404 1503 2439 apud
1515 2409 1671 2438 utrumque,
1689 2403 1801 2430 scrvanJ

1018 2451 1101 2479 tibus.
1115 2451 1203 2485 Atque
1218 2451 1274 2477 haec
1289 2451 1325 2477 ita
1341 2459 1370 2478 se
1386 2451 1496 2477 habent.

172 2512 232 2530 των
258 2502 307 2537 μὲν
330 2501 383 2528 τῶν
408 2501 482 2536 παρὰ
503 2501 541 2536 τῷ
564 2502 653 2536 Λουκᾷ
668 2500 846 2535 λελεγμένων,
859 2499 922 2534 ἑξῆς
939 2499 966 2525 δὲ
980 2498 1094 2529 ἐκεινοις
1124 2498 1333 2533 συναπτομένων
1353 2497 1406 2524 τῶν
1427 2496 1502 2531 παρὰ
1519 2495 1557 2530 τῷ
1581 2495 1705 2530 Ἰωάννῃ·
1730 2494 1801 2521 οὕτω

173 2560 207 2578 τε
222 2551 269 2577 ἕνα
284 2550 346 2577 νοῦν
359 2539 415 2576 ’καὶ
438 2550 502 2585 μίαν
525 2549 643 2576 διάνοιαν
661 2548 798 2580 σωζόντων
821 2546 874 2573 τῶν
897 2548 960 2582 παρ’
979 2545 1153 2581 ἀμφοτέροις.
1167 2545 1257 2572 Ταῦτα
1275 2546 1324 2581 μὲν
1338 2545 1433 2581 ταύτῃ.
1777 2546 1780 2548 “

214 2668 270 2704 (70)
291 2668 352 2700 Πῶς
376 2667 404 2694 δὲ
427 2666 502 2702 παρὰ
518 2666 565 2702 μὲν
580 2665 617 2701 τῷ
632 2665 763 2700 Ματθαίῳ
778 2664 892 2700 ἅγγελος
917 2665 964 2699 ὀφ-

173 2715 234 2746 θεὶς
249 2716 307 2746 ταῖς
320 2712 430 2748 γυναιξδς
439 2711 618 2748 παρήγγειλεν
631 2710 794 2744 ἀπαγγεῖλαι
806 2711 861 2741 τοίς
875 2709 962 2745 μαθη-

173 2763 236 2793 ταῖς
246 2759 339 2793 αὐτοῦ,
348 2760 399 2791 ὃτι,
409 2758 527 2795 Ἠγέρθη
538 2757 592 2785 ἀπὸ
600 2757 654 2783 τῶν
664 2756 777 2792 νεκρῶν,
790 2756 835 2782 καὶ
847 2755 962 2792 προάγει

174 2807 250 2843 ὑμᾶς
275 2807 315 2838 εις
335 2805 384 2842 τὴν
399 2805 554 2836 Γαλιλαίαν,
571 2805 628 2830 ἐκεῖ
641 2803 720 2829 αὐτὸν
731 2802 843 2837 ὄψεσθε,
863 2801 962 2837 ὁμοίως

215 2895 270 2929 (69)
291 2893 405 2922 Minoris
422 2892 629 2929 ordinisiLucss
646 2896 673 2919 et
690 2891 807 2923 Marcus,
824 2894 959 2929 quatenus

176 2932 206 2959 hi
216 2925 271 2959 non
284 2929 393 2957 fuerunt
404 2929 510 2956 Domini
521 2928 584 2956 Jesu
595 2931 761 2962 spectatores
772 2930 799 2954 et
810 2925 958 2953 auditores.

300 2979 435 3010 Pnaou
460 2977 520 3009 Gn.
563 2976 667 3008 XXII.

1393 2603 1427 2630 Χ.

1053 2661 1194 2695 Quomodo
1214 2661 1286 2696 apud
1301 2660 1457 2687 Matthmum
1472 2659 1581 2694 quidem
1596 2659 1709 2693 angelus
1723 2658 1800 2686 visus

1015 2709 1178 2737 mulieribus
1212 2707 1352 2735 mandavit
1379 2707 1508 2734 nuntiare
1533 2705 1676 2740 discipulis
1704 2704 1797 2732 Jesum

1015 2755 1216 2787 resurrexisse,
1238 2754 1354 2789 illosque
1373 2759 1570 2788 praecessurum
1593 2751 1619 2778 in
1640 2750 1797 2782 Galilaeam,

1015 2801 1108 2836 ibique
1134 2800 1192 2828 fore
1214 2800 1412 2836 conspicuum,
1437 2798 1562 2826 similiter
1584 2797 1655 2832 apud
1677 2796 1799 2824 Marcum

1049 2889 1105 2926 (70)
1125 2888 1191 2918 Cod.
1210 2889 1241 2922 A,
1258 2889 1277 2916 Γ.
1293 2888 1355 2923 516,
1370 2889 1396 2916 b.
