2037 3215
288 189 357 218 1005

638 190 770 219 Ευεεῐιιι
790 192 1026 222 C.£SARIENSIS
1044 193 1118 222 OPP.
1141 196 1227 224 PARS
1247 197 1290 225 lll.
1312 214 1337 218 -—
1365 198 1566 228 EXEGETICA.

1781 191 1783 193 ’
1834 203 1905 230 ιοοι

285 255 395 283 quoque
410 255 425 275 a
438 249 551 282 juvene,
571 257 651 284 quem
675 250 703 276 in
723 250 818 278 dextra
838 257 915 287 parte
935 253 1052 281 sedente:

1102 263 1109 285 ι
1124 256 1151 282 δὲ
1177 258 1222 284 καὶ
1248 259 1323 294 παρά
1338 259 1376 295 τῷ
1391 260 1495 295 Μάρκῳ
1507 261 1521 286 ὁ
1536 260 1684 293 νεανίσκος,
1699 260 1728 287 ὃν
1743 259 1810 289 εἶδον
1825 263 1910 299 καθή-

284 293 426 327 viderunt,
439 294 495 322 hinc
510 296 670 324 mulieribus
685 296 757 324 dicta
774 297 859 326 fuere.
874 298 953 335 Apud
966 299 1068 327 Lucam

282 348 348 368 vero
362 341 388 368 in
405 341 463 375 ipsa
479 341 546 368 urbe
559 340 710 370 Jerusalem
727 345 901 379 congregatis
924 345 1069 381 discipulis

282 387 424 418 undecim,
441 391 467 414 et
482 387 516 415 de
532 389 743 417 resurrectionis
760 391 870 425 ncgmio
893 392 1008 419 invicem
1025 401 1068 420 re-

281 431 448 464 ferentibus,
465 434 540 461 stetit
554 432 634 462 Jesus
651 435 677 462 in
695 435 785 464 medio
800 444 895 464 eorum
906 458 913 469 ,
940 438 1068 466 eosdem-

278 487 332 514 que
350 480 487 508 allocutus
510 485 573 514 est,
598 482 709 517 assique
732 482 816 518 piscis
842 487 946 518 partem
971 492 1065 512 coram

277 526 346 561 ipsis
361 527 490 556 comedit.
506 529 583 564 Apud
598 529 732 557 Joannem
749 531 868 566 denique
884 532 910 558 in
928 533 986 567 ipsa
1001 533 1064 560 item

277 571 439 607 Jerusalem,
456 582 510 602 non
532 575 626 608 semel,
646 576 693 603 sed
711 577 792 604 etiam
818 577 915 605 iterum
940 579 1065 614 apparuit

276 619 402 647 undecim
417 640 424 652 ,
441 621 530 656 primo
551 621 660 656 quidem
683 623 742 658 ipsa
767 624 978 652 resurrectionis
998 625 1042 653 die
1055 645 1062 658 ,

276 674 354 700 sero;
369 666 468 694 deinde
483 672 543 703 post
559 668 619 696 dies
634 673 707 697 octo.
725 669 869 703 Quomodo
882 679 947 706 ergo
965 680 1064 700 secun—

275 712 339 740 dum
356 713 457 740 Lucam
473 717 554 749 atque
568 713 701 743 Joannem
717 716 798 744 toties
819 724 851 745 eo
875 725 890 744 a
915 717 1062 753 discipulis

276 759 304 787 in
319 760 377 795 ipsa
399 760 549 788 Jerusalem
565 761 642 793 viso,
661 763 812 790 secundum
836 763 956 791 Marcum
981 769 1062 800 atque

273 805 430 834 Manlianum
447 807 605 834 mandatum
622 806 718 836 iisdem
731 817 780 843 per
800 809 929 838 mulieres
951 809 1011 843 fuit.
1032 815 1062 838 ut

273 853 301 880 in
317 852 454 880 Galilaeam
477 853 600 885 abirent,
615 857 708 889 utpote
721 854 777 882 illic
791 862 853 882 eum
870 855 970 883 visuris
981 875 988 888 ,
1004 863 1059 883 non

273 903 363 928 autem
380 900 407 927 in
424 900 490 928 urbe
504 899 654 929 Jerusalem
669 902 834 936 spectaturis
847 901 859 928 ?

307 987 441 1017 Praeterea
453 1009 460 1021 ,
475 990 497 1017 si
511 990 637 1018 undecim
651 992 726 1020 solos
741 990 896 1021 Servatoris
909 993 1060 1029 discipulos

270 1033 479 1070 Evangeliorum
500 1037 636 1072 scriptura
650 1042 810 1074 agnosceret
820 1059 828 1071 .
845 1039 885 1067 sic
898 1048 1006 1075 quoque
1019 1040 1061 1068 di~

270 1085 343 1110 ceret
367 1083 443 1109 nulla
459 1091 487 1111 re
503 1083 576 1111 hunc
590 1092 744 1112 sermonem
759 1084 891 1120 deﬁcere,
907 1086 930 1113 si
946 1090 1059 1116 eatenus

268 1127 414 1156 mulierum
428 1130 601 1158 sermonibus
613 1138 668 1158 non
679 1130 821 1159 credentes
832 1131 982 1167 discipulos
993 1140 1058 1160 suos

268 1173 454 1208 conﬁrmans,
473 1175 557 1203 semel
574 1181 600 1203 et
614 1176 712 1204 iterum
730 1176 799 1212 ipsis
816 1177 843 1204 in
859 1178 928 1205 urbe
945 1174 1058 1206 Jerusa-

268 1219 322 1247 lem
341 1220 491 1249 latentibus
508 1222 634 1256 apparuit
648 1231 654 1249 :
671 1227 698 1250 at
714 1222 742 1249 in
758 1222 868 1250 Galilzea
885 1231 1055 1259 nequaquam

266 1266 384 1297 occulte,
401 1274 490 1301 neque
506 1267 590 1294 semel
603 1271 650 1294 aut
666 1268 765 1296 iterum
778 1288 785 1299 .
799 1277 889 1304 neque
904 1269 940 1296 ob
953 1273 1054 1296 metum

266 1319 281 1338 λ
296 1311 400 1339 Judteis
415 1313 578 1346 conclusos,
595 1314 679 1341 multa
693 1322 755 1341 cum
771 1314 870 1342 ﬁducia
885 1315 1054 1350 apparitione

265 1366 316 1387 sua
342 1359 507 1395 deitatisque
521 1360 678 1388 ostensione
692 1360 822 1396 dignatus
836 1364 894 1392 est,
913 1364 999 1388 semet
1014 1360 1054 1387 vi-

263 1410 372 1433 ventem
382 1405 530 1434 ostendens
537 1406 769 1442 postpassionem,
782 1406 875 1433 multis
883 1414 946 1433 cum
955 1407 1052 1442 signis,

263 1459 313 1486 per
326 1452 509 1487 quadraginta
530 1452 589 1480 dies
610 1453 777 1488 conspicuus
789 1457 816 1480 et
833 1453 949 1488 loquens
960 1454 994 1481 de
1009 1461 1052 1481 re-

261 1505 317 1534 gno
333 1498 379 1526 Dei
396 1503 477 1534 atque
492 1506 680 1532 convcrsans;
698 1503 727 1526 ut
743 1499 769 1526 in
785 1499 898 1527 Actibus
913 1500 1052 1535 apostolo-

259 1551 323 1572 rum
338 1544 429 1572 Lucas
443 1546 491 1572 ait.
505 1545 595 1581 Atque
607 1546 665 1574 haec
679 1546 767 1581 prima
781 1550 840 1574 esto
853 1546 964 1574 solutio.
978 1546 1050 1579 Quo-

254 1591 334 1618 .ninm
347 1599 414 1619 vero
428 1592 617 1626 apostolorum
633 1591 726 1620 selecti
738 1592 847 1628 quidem
860 1596 886 1619 et
899 1597 1049 1620 summates
1063 1609 1087 1641 ο

259 1645 404 1665 numerum
420 1637 564 1666 duodecim
580 1638 745 1674 explebant;
761 1638 831 1666 alius
846 1643 935 1666 autem
950 1643 1050 1673 praeter

258 1683 310 1712 bos
325 1684 392 1711 ordo
407 1688 465 1712 erat
481 1684 678 1719 discipulorum
693 1685 865 1720 septuaginta
875 1706 883 1717 .
899 1685 933 1713 de
948 1685 1048 1720 quibus

257 1728 420 1757 dicitLucas
428 1729 455 1756 in
461 1729 609 1764 Evangelio
619 1738 625 1756 :
637 1739 646 1754 ί
654 1728 720 1757 Post
729 1729 785 1756 haec
794 1729 875 1764 elegit
884 1729 1014 1759 Dominus
1021 1736 1048 1760 et

250 1775 327 1804 alios
335 1775 509 1811 septuaginta
519 1775 594 1809 "-93;
611 1785 619 1802 ι
634 1779 711 1803 extra
721 1783 802 1811 quem
812 1784 957 1804 numerum
968 1782 1047 1805 erant

254 1820 304 1848 alii
318 1822 476 1857 complures
496 1821 635 1849 Servatori
659 1821 849 1854 adhmrcntes,
865 1830 936 1857 quos
957 1823 1047 1850 innuit

252 1867 338 1895 aiam
356 1875 433 1895 sacer
448 1867 597 1902 Apostolus
609 1887 617 1900 ,
633 1867 748 1895 dicens:
766 1876 776 1893 ‹
795 1865 899 1894 Deinde
914 1868 990 1895 visus
1004 1874 1046 1896 est

255 1912 318 1947 plus
331 1919 412 1948 quam
428 1913 585 1948 quingentis
604 1912 736 1941 fratribus
751 1914 784 1946 ",
801 1923 810 1940 ι
827 1913 873 1947 qui
895 1917 921 1940 et
942 1913 993 1949 ipsi
1005 1914 1045 1940 di-

255 1959 424 1994 scipulorum
438 1959 547 1987 nomine
561 1959 697 1988 honestati
723 1960 847 1992 fuerant.
864 1959 965 1994 quibus
986 1960 1043 1988 ﬁeri

254 2013 308 2032 non
323 2009 446 2040 poterat,
461 2010 491 2033 ut
506 2006 589 2033 simul
611 2006 740 2034 omnibus
759 2006 935 2042 congregatis
957 2010 1043 2034 semet

253 2051 281 2077 in
300 2051 368 2078 urbe
381 2050 532 2079 Jerusalem
547 2051 703 2079 ostenderet
720 2051 853 2079 Dominus
869 2055 932 2087 post
948 2059 1043 2079 resur-

252 2096 426 2123 rectionem:
451 2095 512 2124 ideo
534 2100 610 2124 recte
631 2097 806 2132 evangelista;
828 2097 885 2125 duo
906 2096 995 2124 Lucas
1015 2102 1043 2124 et

250 2141 371 2170 Joannes
390 2142 457 2170 solis
478 2142 606 2170 undecim
629 2144 790 2178 apparuisse
812 2144 900 2180 ipsum
924 2143 952 2170 in
973 2144 1041 2172 urbe

249 2187 402 2215 Jerusalem
420 2187 554 2215 scribunt.
575 2187 685 2223 Reliqui
705 2196 770 2216 vero
790 2188 860 2221 duo,
875 2197 936 2216 non.
954 2188 1039 2216 unde-

248 2233 304 2260 cim
318 2233 455 2269 proﬁcisci
468 2234 496 2261 in
508 2233 646 2262 Galilaeam
657 2255 664 2267 .
679 2234 727 2262 sed
739 2235 852 2262 omnino
865 2237 972 2263 cunctis
985 2235 1040 2262 fra-

1122 311 1202 338 μενον
1218 306 1246 331 ὲν
1260 307 1313 338 τοῖς
1327 306 1432 338 δεξιοῐς,
1445 307 1530 334 ταῦτα
1544 305 1603 333 εἷπε
1621 308 1680 340 ταῖς
1695 309 1811 342 γυναιξί.
1830 310 1910 347 Παρά

1120 348 1147 374 δὲ
1173 350 1212 385 τῷ
1228 351 1320 387 Λουκᾷ
1333 352 1362 378 ἐν
1376 352 1444 387 αὐτῇ
1468 354 1500 387 τῇ
1521 353 1708 388 Ἰερουσαλὴμ,
1722 354 1909 390 ἠθροισμένων

1121 395 1189 421 κατά
1200 395 1230 422 τὸ
1246 397 1312 422 αὐτὸ
1326 396 1379 422 τῶν
1398 396 1526 432 μαθητῶν
1542 396 1595 422 τῶν
1608 397 1712 429 ἕνδεκα,
1731 398 1778 424 καὶ
1792 398 1825 425 τὰ
1844 400 1911 436 περὶ

1120 441 1169 476 τῆς
1182 442 1354 474 ἀναστάσεως
1372 442 1454 469 αὐτοῦ
1481 442 1604 478 ἀλλήλοις
1619 443 1825 479 ὑφηγουμένων,
1842 446 1908 483 ἔστη

1120 487 1204 521 μέσος
1228 487 1318 520 αὐτὸς,
1334 488 1381 514 καὶ
1406 488 1637 524 προσ-διαλέγεται,
1655 490 1702 516 καὶ
1720 490 1810 525 ἰχθύος
1823 492 1907 520 ὀπτοῦ

1119 531 1201 566 μέρος
1216 532 1330 559 ἐνώπιον
1344 533 1434 560 αὐτῶν
1448 533 1543 567 ἔφαγε.
1555 535 1609 561 Καὶ
1629 536 1700 562 κατά
1721 536 1767 562 τὸν
1781 537 1907 573 Ἰωάννην

1115 576 1143 603 δὲ
1156 578 1184 604 ὲν
1198 578 1264 614 αὐτῇ
1274 580 1306 614 τῇ
1321 579 1496 615 Ἰερουσαλὴμ
1508 580 1596 611 πάλιν,
1613 581 1661 616 οὺχ
1677 581 1760 614 ἅπαξ,
1775 583 1843 610 ἀλλά
1858 584 1908 611 καὶ

1114 621 1238 658 δεύτερον
1262 623 1339 660 ὥψθη
1365 625 1421 656 τοῖς
1446 625 1550 657 ἕνδεκα,
1565 626 1672 662 πρῶτον
1692 628 1740 662 μὲν
1757 629 1802 655 καὶ
1819 630 1907 665 αὐτὴν

1113 667 1162 704 τὴν
1175 669 1279 704 ἡμέραν
1293 670 1342 705 τῆς
1353 671 1537 702 ἀναστάσεως.
1549 671 1628 706 ὀψίας
1637 681 1643 687 ·
1657 670 1715 699 εἶτα
1727 674 1786 708 μεθ’
1799 675 1906 711 ἡμέρας

1112 713 1193 741 ὀκτώ.
1210 714 1270 747 Πῶς
1295 713 1340 742 οὖν
1367 716 1438 742 κατά
1459 716 1505 742 τὸν
1525 717 1632 743 Λουκᾶν
1648 718 1694 744 καὶ
1711 719 1756 745 τὸν
1777 720 1905 757 Ἰωάννην

1111 760 1273 791 τοσαυτάκις
1286 761 1414 795 ὀφθέντος
1430 762 1512 789 αὐτοῦ
1523 763 1580 794 τοῖς
1596 763 1729 799 μαθηταῖς
1743 765 1772 791 ὲν
1787 766 1855 802 αὐτῇ
1870 768 1903 802 τῇ

1117 805 1301 842 Ἰερουσαλὴμ,
1317 808 1387 834 κατὰ
1400 808 1444 834 τὴν
1457 808 1570 844 Μάρκον
1583 810 1628 835 καὶ
1644 810 1689 836 τὸν
1702 810 1840 838 Ματθαῖον
1855 821 1902 839 κε-

1110 850 1232 879 λεύονται
1244 853 1268 879 οί
1283 853 1359 879 αὐτοὶ
1372 853 1416 880 διὰ
1426 853 1481 880 τῶν
1493 854 1629 888 γυναικῶν
1643 855 1683 887 είς
1695 855 1743 890 τὴν
1757 856 1903 884 Γαλιλαίαν

1109 897 1246 931 ἀπελθεῖν,
1262 899 1300 931 ὡς
1314 900 1371 926 ἐκεῖ
1382 899 1463 926 αὑτὸν
1480 900 1617 936 ὀψόμενοι,
1636 901 1694 927 ἀλλ⁸
1707 902 1738 928 οὐ
1758 902 1903 937 μέλλοντες

1076 940 1098 970 Β
1111 943 1192 970 αὑτὸν
1207 944 1318 971 θεᾶσθαι
1333 946 1361 972 ὲν
1377 946 1409 981 τῇ
1426 946 1616 982 Ὶερουσαλήμ;

1147 990 1202 1027 (71)
1224 992 1284 1018 Ἔτι
1300 993 1323 1019 εί
1340 993 1388 1028 μὲν
1403 993 1466 1025 τοὺς
1480 993 1576 1019 ἕνδεκα
1591 993 1687 1028 μόνους
1705 994 1828 1029 μαθητὰς
1852 995 1901 1022 τοῦ

1111 1037 1236 1072 Σωτῆρος
1253 1039 1269 1073 ή
1282 1038 1336 1065 τῶν
1348 1039 1521 1073 Εὐαγγελίων
1534 1031 1666 1074 ἠπίστατο
1681 1041 1782 1077 γραφὴ.
1798 1042 1845 1068 καὶ
1859 1041 1902 1068 οὗ·

1110 1092 1162 1115 τως
1185 1081 1260 1111 εἶπεν
1283 1085 1316 1112 ἄν
1334 1094 1376 1117 τις
1401 1086 1483 1122 μηδὲν
1499 1085 1636 1121 τὸνλόγον
1658 1086 1769 1121 λείπειν,
1783 1089 1807 1115 εί
1829 1089 1901 1120 τέως

1111 1129 1160 1164 μὲν
1175 1131 1354 1164 ἀπιστοῦντας
1364 1134 1424 1164 ταῖς
1436 1133 1491 1159 τῶν
1502 1133 1638 1168 γυναικῶν
1649 1134 1825 1168 ἐπαγγελίαις
1835 1136 1900 1167 τοὺς

1108 1176 1191 1203 αὐτοῦ
1207 1177 1330 1213 μαθητὰς
1345 1178 1512 1214 θεραπεύων,
1528 1179 1599 1211 ἅπαξ
1610 1180 1656 1205 καὶ
1672 1179 1796 1215 δεύτερον
1806 1180 1899 1212 αὐτοῖς

1107 1221 1243 1258 λαθραίως
1259 1223 1492 1260 κρυπταζομένοις
1512 1226 1540 1251 ὲν
1558 1225 1733 1262 Ἰερουσαλὴμ
1749 1227 1852 1262 ἐφάνη·
1869 1227 1899 1254 ἓν

1106 1277 1137 1304 γε
1163 1269 1214 1305 μὴν
1240 1271 1273 1304 τῇ
1296 1269 1424 1306 Γαλιλαία
1441 1270 1528 1296 οὐκέτ’
1551 1271 1808 1306 ὲπικεκρυμμὲνως,
1834 1273 1896 1300 οὐδὲ

1106 1316 1179 1349 ἅπαξ
1195 1315 1255 1342 οὐδὲ
1271 1315 1406 1351 δεύτερον,
1419 1316 1475 1342 ἀλλ’
1487 1317 1540 1342 οὐδ’
1552 1317 1786 1352 ἐγκεκλεισμένοις
1796 1319 1841 1345 διὰ
1850 1319 1896 1346 τὸν

1105 1362 1184 1396 φόϐον
1201 1362 1254 1388 τῶν
1274 1362 1417 1393 Ἰουδαίων,
1434 1363 1482 1389 σὺν
1502 1363 1584 1399 πολλῇ
1602 1364 1629 1390 δὲ
1644 1365 1676 1399 τῇ
1691 1365 1833 1400 παρρησίᾳ
1845 1365 1895 1401 τὴν

1105 1407 1260 1442 θεοφάνειαν
1287 1407 1386 1439 αὐτοῦ,
1415 1408 1462 1435 καὶ
1483 1408 1533 1444 τῆς
1558 1409 1684 1445 θεότητος
1708 1411 1758 1446 τὴν
1782 1411 1895 1444 ἔνδειξιν

1103 1454 1229 1486 ἐποιεῖτο,
1248 1454 1386 1490 παριστῶν
1403 1454 1493 1486 αὐτοῖς
1506 1455 1600 1481 ἑαυτὸν
1613 1455 1701 1487 ζῶντα
1715 1456 1783 1491 μετά
1797 1457 1827 1484 τὸ
1841 1466 1896 1484 παι

1103 1501 1168 1533 θεῖν,
1180 1502 1207 1526 ὲν
1222 1500 1327 1531 πολλοῖς
1339 1500 1507 1535 τεκμηρίοις,
1521 1500 1554 1526 δι’
1563 1501 1674 1537 ἡμερῶν
1689 1502 1893 1537 τεσσαράκοντα

1101 1545 1282 1580 ὀπτανόμενος
1298 1553 1327 1571 τε
1342 1545 1388 1570 καὶ
1400 1544 1486 1578 λέγων
1502 1544 1536 1571 τὰ
1550 1546 1613 1580 περὶ
1626 1545 1677 1580 τῆς
1692 1545 1832 1580 βασιλείας
1844 1547 1891 1574 τοῦ

1101 1592 1179 1623 Θεοῦ,
1197 1592 1244 1618 καὶ
1268 1590 1501 1626 συναυλιζόμενος,
1522 1591 1559 1622 ὣς
1584 1600 1666 1627 φησιν
1689 1593 1704 1618 ὸ
1729 1593 1837 1624 Λουκᾶς
1861 1594 1891 1620 ὲν

1100 1640 1160 1670 ταῖς
1177 1637 1310 1673 Πράξεσι’
1335 1637 1381 1664 καὶ
1406 1636 1474 1672 αὕτη
1498 1637 1547 1672 μὲν
1569 1637 1663 1673 πρώτη
1677 1637 1850 1670 λύσις.Ἐπεὶ
1863 1639 1891 1666 δὲ

1098 1683 1152 1709 τῶν
1177 1682 1304 1718 μαθητῶν
1327 1683 1352 1708 οἱ
1378 1682 1427 1717 μὲν
1452 1681 1573 1717 ἔκκριτοι
1589 1682 1636 1708 καὶ
1656 1682 1759 1717 πρῶτοι
1773 1683 1820 1709 τὸν
1836 1683 1890 1710 τῶν

1097 1728 1202 1756 δώδεκα.
1220 1728 1404 1764 συνεπλήρουν
1417 1727 1505 1764 χορὸν,
1518 1728 1642 1763 δεύτερον
1655 1728 1682 1754 δὲ
1694 1729 1768 1765 παρά
1776 1729 1890 1762 τούτους

1097 1774 1227 1810 ἐτύγχανε
1239 1775 1332 1810 τάγμα
1349 1774 1379 1800 τὸ
1398 1774 1452 1801 τῶν
1473 1774 1667 1809 ἐϐδομήκοντα,
1688 1775 1751 1810 περὶ
1767 1772 1805 1802 ὧν
1821 1784 1889 1811 φησι

1097 1822 1204 1852 Λουκᾶς
1218 1822 1246 1847 ὲν
1259 1821 1298 1856 τῷ
1310 1820 1468 1855 Εὑαγγελίῳ
1477 1829 1484 1835 ·
1497 1829 1506 1845 ι
1518 1820 1595 1847 Μετά
1607 1820 1635 1847 δὲ
1648 1820 1734 1847 ταῦτα
1751 1821 1889 1854 ἀνέδειξεν

1096 1866 1110 1891 ό
1119 1865 1220 1900 Κύριος
1234 1865 1280 1892 καὶ
1295 1865 1402 1900 ἑτέρους
1414 1864 1610 1900 ἑϐδομήκοντα·
1622 1875 1631 1890 ι
1642 1866 1744 1892 τούτων
1756 1865 1785 1892 δὲ
1798 1866 1888 1898 ἐκτὸς,

1096 1911 1217 1947 ὑπῆρχον
1237 1911 1282 1938 καὶ
1305 1911 1393 1947 ἕτεροι
1415 1910 1523 1943 πλείους
1539 1911 1671 1947 γνώριμοι
1685 1912 1732 1939 τοῦ
1747 1913 1886 1949 Σωτῆρος,

1094 1957 1141 1988 οὒς
1154 1957 1201 1984 καὶ
1217 1957 1316 1992 ἔφησεν
1328 1957 1342 1983 ὀ
1357 1956 1428 1992 ἱερὸς
1448 1956 1607 1988 Ἀπόστολος
1622 1957 1708 1992 λέγων
1718 1966 1724 1972 ·
1750 1959 1887 1985 (Ἔπειτα

1093 2003 1172 2038 ὤφθη
1189 2003 1281 2030 ἐπάνω
1297 2003 1484 2034 πεντακοσίοις
1501 2002 1634 2036 ἀδελφοῖς,
1649 2013 1659 2029 ›
1684 2004 1730 2030 καὶ
1751 2004 1832 2031 αὐτοὶ
1855 2004 1887 2032 δὲ

1093 2048 1165 2077 οὗτοι
1191 2049 1237 2076 τοῦ
1258 2049 1312 2076 τῶν
1336 2048 1463 2084 μαθητῶν
1485 2049 1614 2084 ὀνόματος
1640 2049 1786 2085 ἠξιωμένοι
1800 2048 1883 2086 ἦσαν,

1093 2093 1133 2127 οἷς
1146 2096 1194 2130 οὐχ
1222 2093 1276 2122 οἷόν
1290 2103 1319 2121 τε
1334 2093 1367 2130 ἦν
1380 2095 1447 2130 ὁμοῦ
1468 2096 1534 2122 πᾶσι
1550 2095 1619 2122 κατά
1639 2095 1721 2122 ταυτδ
1741 2097 1885 2133 συνηθροι-

1093 2142 1201 2174 σμένοις
1218 2143 1246 2168 ὲν
1268 2143 1301 2177 τῇ
1322 2141 1493 2177 Ἰερουσαλὴμ
1516 2142 1630 2177 ὀφθῆναι
1647 2143 1728 2169 αὐτὸν
1747 2143 1819 2178 μετά
1833 2143 1884 2180 τὴν

1092 2188 1248 2221 ἀνάστασιν,
1265 2188 1378 2220 εἰκότως
1393 2188 1438 2215 δύο
1453 2188 1501 2224 μὲν
1524 2188 1577 2214 τῶν
1592 2188 1805 2223 asumma-:5»,
1820 2190 1835 2216 ὅ
1850 2198 1882 2217 τι

1090 2235 1195 2266 Λουκᾶς
1215 2235 1261 2261 καὶ
1273 2235 1288 2260 ὁ
1306 2234 1443 2269 Ἰωάννης.
1457 2233 1547 2269 μόνοις
1556 2236 1612 2266 τοῖς
1623 2234 1717 2261 ἕνδεκα
1729 2231 1820 2269 ὦφθαι
1833 2236 1882 2262 αὐ-

248 2280 339 2309 tribus
350 2280 426 2308 aiunt
436 2280 522 2309 fuisse
532 2281 689 2308 mandatum
710 2281 745 2308 ab
766 2281 825 2316 ipso
845 2281 991 2309 Servatore
1011 2286 1039 2308 et

1102 2280 1136 2307 τὸν
1149 2280 1352 2315 ἀναγράφουσιν
1369 2281 1397 2306 ἐν
1412 2281 1444 2315 τῇ
1466 2279 1651 2315 Ἰερουσαλήμ.
1667 2279 1719 2307 Δύο
1731 2280 1759 2306 δὲ
1775 2280 1882 2308 τούτων

244 2327 283 2353 ab
294 2326 391 2362 angelo
402 2329 483 2354 antea
497 2326 566 2358 viso,
578 2325 728 2359 indeﬁnite,
743 2325 866 2361 inquam,
875 2331 902 2354 et
911 2327 1039 2355 absolute

1102 2327 1116 2352 il
1127 2326 1216 2353 λοιποὶ
1230 2326 1260 2352 οὗ
1275 2327 1330 2356 τοῖς
1343 2326 1438 2353 ἕνδεκα
1454 2326 1532 2361 μόνον
1546 2325 1670 2352 σπεύδειν
1684 2326 1724 2357 είς
1739 2326 1788 2361 τὴν
1800 2326 1867 2353 Γαλι

244 2372 407 2401 mandatum
431 2372 560 2401 omnibus
581 2372 669 2400 aiunt.
692 2372 846 2408 Caeteroqui
872 2373 969 2400 melior
989 2381 1036 2400 ve-

245 2418 358 2455 riorque
371 2423 414 2448 est
424 2420 501 2455 prior
514 2419 626 2447 solutio.
641 2418 781 2447 Multoties
796 2419 881 2454 igitur
895 2425 928 2446 ac
941 2418 1035 2446 multi-

245 2465 335 2494 modis
354 2466 482 2501 apparuit
501 2465 644 2502 discipulis
667 2464 749 2493 Jesus
771 2469 834 2501 post
849 2465 1033 2493 resurrectio-

243 2518 316 2540 nem.
330 2511 419 2547 Atque
437 2511 482 2539 alii
496 2512 575 2539 aiunt
590 2510 732 2539 Christum
750 2510 913 2546 promisisse
927 2510 978 2539 bas
993 2511 1033 2538 vi-

243 2557 354 2588 siones.
369 2557 416 2584 alii
429 2564 496 2584 vero
509 2560 536 2584 et
558 2556 729 2592 prastitisse.
754 2554 928 2590 Quandoque
949 2555 1032 2583 etiam

243 2602 272 2629 in
287 2603 326 2629 rei
341 2602 459 2638 alicujus
475 2603 634 2630 narratione
644 2622 652 2634 ,
669 2602 692 2630 si
707 2601 773 2637 quid
788 2601 867 2636 prior
882 2601 1030 2629 historicus

243 2648 438 2682 praetermisit,
454 2649 481 2676 id
497 2649 566 2676 alter
578 2648 700 2684 supplet.

1090 2372 1180 2405 λαίαν,
1195 2371 1252 2398 ἀλλ’
1267 2371 1360 2403 ἁπλῶς
1372 2373 1427 2404 τοῖς
1441 2371 1574 2406 μαθηταῖς
1587 2372 1671 2398 ἀπασι
1692 2372 1740 2398 καὶ
1754 2371 1878 2406 ἀδελφοῖς

1089 2419 1193 2454 ἔφασαν
1217 2417 1473 2454 παρακελεύσασθαι
1486 2418 1566 2444 αὐτόν
1581 2425 1610 2444 τε
1626 2417 1672 2444 τὸν
1687 2418 1803 2454 Σωτῆρα
1831 2419 1874 2445 ml

1087 2466 1133 2492 τὸν
1146 2465 1319 2502 προφανέντα
1332 2464 1413 2492 αὑτοῦ
1429 2464 1552 2498 ἄγγελον,
1566 2465 1700 2501 ἀορίστως
1714 2465 1762 2490 καὶ
1776 2464 1877 2491 ἀπολύ-

1084 2521 1140 2544 τως
1163 2512 1225 2543 τοὺς
1252 2511 1355 2542 πάντας
1367 2509 1542 2546 δηλώσαντες.
1553 2510 1682 2546 Ἀμείνων
1695 2509 1723 2536 δὲ
1740 2510 1789 2536 καὶ
1807 2510 1874 2544 ἁλη-

1083 2556 1200 2593 θεστέρα
1219 2557 1236 2593 ἡ
1259 2555 1356 2592 πρώτη
1374 2555 1450 2587 λύσις
1460 2563 1467 2570 ·
1481 2555 1590 2586 πλείους
1601 2555 1690 2583 τοίνυν
1703 2555 1732 2582 αι
1744 2555 1874 2582 ὀπτασίαι

1084 2604 1130 2630 καὶ
1145 2603 1268 2638 διάφοροι
1283 2601 1444 2638 γεγένηνται
1455 2602 1511 2634 τοῖς
1524 2601 1656 2638 μαθηταῖς
1668 2600 1735 2637 μετά
1746 2601 1797 2637 τὴν
1810 2600 1868 2628 ἀνά

1083 2659 1188 2679 στάσιν.
1206 2650 1261 2677 Καὶ
1280 2649 1305 2676 οἱ
1324 2649 1373 2685 μὲν
1387 2645 1467 2675 τάσδε
1486 2648 1625 2684 εἰρηκέναι
1640 2648 1721 2675 αὐτόν
1741 2655 1835 2683 φασιν,
1848 2648 1871 2674 οι

240 2694 269 2721 δὲ
281 2695 360 2722 τάσδε
380 2697 427 2722 καὶ
441 2697 623 2731 πεπραχέναι·
646 2697 703 2724 ἐστι
719 2696 747 2723 δὲ
761 2697 803 2726 ὅτε
829 2696 877 2724 καὶ
900 2696 963 2732 περὶ
982 2696 1028 2723 τοῦ
1049 2697 1194 2733 κεφαλαίου
1227 2697 1363 2731 λέγοντες,
1396 2696 1547 2731 ἀναπληροῖ
1559 2695 1592 2723 τὰ
1609 2696 1661 2724 ὑπὸ
1675 2696 1722 2722 τοῦ
1739 2695 1869 2731 προτέρω

239 2741 413 2776 ἱλλειφθέντα
425 2744 440 2769 ὁ
454 2744 588 2780 δεύτερος.

272 2834 335 2853 ⁹²-⁹³
355 2834 420 2861 Luc.
440 2843 466 2866 κ,
487 2836 510 2861 ί.
548 2836 570 2851 "
592 2836 601 2862 l
618 2836 681 2863 Cor.
702 2844 746 2868 xv,
764 2836 788 2865 6,

288 2927 319 2955 τι
357 2926 425 2954 Cod.
441 2925 472 2958 Α,
490 2926 509 2953 r.
526 2925 588 2962 δη.
