2037 3215
189 178 259 207 1005

552 238 592 265 lA'
597 259 603 266 .

222 282 278 317 (72)
298 283 364 319 Φαίη
381 283 403 309 δ’
414 284 446 310 ἄν
453 292 511 316 τις,
525 284 582 315 πῶς
598 286 612 311 6
625 285 673 320 μὲν
681 286 818 318 Ματθαῖος
831 288 975 324 πορευθέν-

184 337 234 360 τας
247 329 310 361 tab;
323 329 417 356 ἕνδεκα
431 330 470 362 είς
484 330 514 356 τὸ
528 330 590 366 ὅρος
602 333 652 367 τῆς
666 331 809 365 Γαλιλαίας
823 334 974 369 ἑωρακέναι

186 375 253 410 φησὶ
267 375 312 402 τὸν
332 375 443 411 Ἰησοῦν,
460 377 473 403 6
497 376 525 402 δὲ
545 378 669 413 Ἰωάννης
689 379 756 414 μετὰ
770 379 820 411 τὰς
832 380 877 406 δύο
891 380 975 407 ὀπτα-

172 422 247 452 ·σίας
267 422 315 454 τὰς
330 423 358 448 ἐν
373 423 406 458 τῇ
426 423 601 459 Ἰερουσαλὴμ
623 424 652 451 τὸ
673 425 764 461 τρίτον
779 423 868 460 ὦφθαι
893 428 974 454 αὑτὸν

185 469 235 495 οὐκ
250 469 277 494 ἐν
294 468 332 504 τῷ
345 467 401 504 ὄρει
416 469 465 504 τῆς
477 470 631 502 Γαλιλαίας,
643 471 710 498 ἀλλὰ
725 472 799 507 παρά
812 472 860 508 τὴν
875 473 974 508 θάλασ-
998 513 1001 516 Δ

185 521 235 540 σαν
245 513 296 548 τῆς
308 514 452 546 Γαλιλαίας
468 515 585 551 ίστορεῖ;

219 559 317 595 Τρίτον
335 561 382 595 μὲν
408 561 516 597 ἀληθῶς
530 562 608 590 τοῦτο
623 563 750 600 σύμφημι
765 565 812 591 καὶ
827 565 907 597 αὐτὸς
927 566 972 592 τὸν

184 604 300 641 Σωτῆρα
324 602 413 640 ὦφθαι
436 609 493 638 τοῖς
511 608 654 643 μαθηταῖς,
672 610 702 636 τὸ
724 610 773 646 μὲν
790 611 897 646 πρῶτον
912 614 971 639 κατ’

183 651 268 687 αὐτὴν
283 651 332 687 τὴν
344 653 450 688 ἡμέραν
461 654 510 689 τῆς
525 655 709 688 ἀναστάσεως,
723 657 783 684 καθ’
799 658 831 693 ἢν
846 659 939 694 Μαρία
954 660 970 694 ή

183 697 348 734 Μαγδαληνὴ
374 700 481 735 πρωῖας
510 701 590 728 αὐτὸν
620 701 742 738 ἑώρακε·
756 704 856 740 ταύτην
877 705 906 731 δὲ
922 707 970 741 τὴν

184 742 295 779 πρώτην
325 744 457 772 ὀπτασίαν
484 746 531 773 καὶ
562 747 669 779 Λουκᾶς
703 749 812 785 ἱστορεῖ.
829 750 970 787 -Δεύτερον

182 789 212 816 δὲ
227 790 287 825 μεθ’
300 791 405 826 ἡμέρας
414 791 495 824 ὀκτὼ,
505 793 603 829 δηλαδὴ
616 795 649 829 τῇ
669 794 748 831 ἐτὲρᾳ
763 796 899 832 κυριακῇ,
909 797 969 824 καθ’

182 835 216 870 ἥν
226 833 303 867 αὖθις
315 836 456 871 ἐπιφανεὶς
468 838 481 864 6
496 838 591 874 Σωτὴρ
605 839 650 866 τὸν
666 840 766 876 Θωμᾶν
778 841 829 876 τῆς
842 843 969 875 ἀπιστίας

182 880 338 917 θεραπεύει,
355 883 444 916 δείξας
460 885 534 920 αὐτῷ
544 886 593 920 τὴν
606 885 725 922 πλευρὰν
740 887 787 913 καὶ
800 887 849 919 τὰς
863 890 966 924 χεῖρας.

187 928 263 954 Ἐπεὶ
277 928 304 954 δὲ
320 929 527 965 κεκελευσμένοι
537 928 607 966 ἦσαν
619 932 664 958 ἐπὶ
672 924 724 968 ¹τὴν
741 933 883 960 Γαλιλαίαν
899 934 966 970 ὁμοῦ

180 973 313 1010 ἁπαντᾷν,
328 974 461 1010 ἔπραττον
482 985 510 1002 τε
526 976 593 1011 μετά
609 977 663 1004 τῶν
673 977 774 1005 λοιπῶν
789 979 812 1006 οἱ
829 979 924 1006 ἕνδεκα
936 980 966 1007 τὸ

179 1019 333 1052 κελευσθὲν,
348 1021 395 1048 καὶ
410 1022 424 1047 6
449 1021 541 1054 καθεῖς
561 1023 650 1050 αὐτῶν
677 1025 863 1060 ἑπισυνήγετο,
884 1026 966 1061 μήπω

178 1066 234 1093 τῶν
249 1066 345 1093 ἕνδεκα
358 1067 554 1103 ἡθροισμένων,
564 1069 621 1096 ἀλλ’
632 1069 671 1096 ἔτι
690 1070 850 1105 μελλόντων,
864 1072 894 1098 τὸ
907 1072 965 1108 τρί-

177 1122 223 1140 τον
238 1113 312 1148 παρὰ
328 1114 377 1149 τὴν
394 1113 530 1141 θάλασσαν
545 1115 594 1150 τῆς
611 1116 765 1148 Γαλιλαίας,
779 1117 810 1143 οὐ
824 1119 879 1148 τοῖς
892 1117 965 1144 ἕνδε-

178 1166 214 1185 κα
238 1158 373 1192 φαίνεται,
391 1158 459 1185 ἀλλὰ
486 1159 576 1194 μόνοις
603 1161 672 1187 ὲπτά
688 1162 744 1193 τοῖς
763 1161 815 1188 ὑπὸ
841 1162 963 1190 Ἰωάννου

176 1204 371 1240 δεδηλωμένοις
381 1214 388 1221 ⁸
401 1202 473 1231 οὗτοι
493 1206 521 1232 δέ
539 1204 608 1241 ἦσαν
627 1207 729 1243 Πέτρος
743 1209 789 1234 καὶ
804 1208 904 1244 Θωμᾶς
916 1209 963 1236 καὶ

178 1250 333 1286 Ναθαναὴλ,
347 1251 393 1277 δύο
407 1260 436 1278 τε
449 1253 473 1278 οἱ
492 1253 544 1279 υἱοὶ
554 1252 707 1284 Ζεϐεδαίου,
721 1254 767 1279 καὶ
777 1254 851 1281 ἄλλοι
864 1256 895 1281 ἐκ
909 1255 963 1281 τῶν

178 1297 305 1333 μαθητῶν
321 1298 403 1325 αὐτοῦ
417 1298 476 1325 δύο·
487 1297 566 1325 τοῦτο
579 1299 610 1334 δὴ
625 1297 671 1326 οὖν
684 1300 773 1335 τρίτον
786 1300 891 1332 τούτοις
901 1301 963 1336 ἀλη-

176 1342 230 1375 θῶς
240 1342 327 1380 ὤφθη,
337 1343 412 1371 οὔπω
426 1343 521 1371 ἕνδεκα
537 1346 722 1381 συνηγμένων.
731 1347 831 1383 Διόπερ
842 1348 962 1383 ἀκριϐῶς

173 1390 226 1417 οὐκ
237 1391 388 1418 ἀποκλείων
403 1392 450 1418 καὶ
463 1392 527 1422 τοὺς
542 1392 651 1424 λοιποὺς
666 1393 681 1418 6
705 1393 831 1429 Ἰωάννης
846 1395 897 1430 τῆς
913 1395 960 1421 τοῦ

173 1435 301 1471 Σωτῆρος
316 1437 457 1469 ὀπτασίας,
479 1438 680 1473 ἐπεσημήνατο,
699 1439 766 1474 μετὰ
781 1439 828 1475 τὴν
850 1440 961 1476 πρώτην

173 1481 221 1507 καὶ
238 1481 366 1516 δευτέραν
380 1483 521 1515 ὀπτασίαν,
538 1483 586 1518 τὴν
601 1484 696 1520 τρίτην
710 1485 799 1519 μόνοις
818 1487 871 1517 τοῖς
894 1494 960 1512 κατ-

171 1527 376 1562 ωνομασμένοις
396 1528 560 1563 πεποιῆσθαι
582 1530 662 1556 αὐτὸν
686 1530 731 1557 ἐπὶ
750 1531 797 1566 τῆς
823 1531 960 1567 θαλάσσης

171 1573 223 1608 τῆς
239 1573 391 1606 Γαλιλαίας.
410 1575 466 1601 Οὐκ
482 1575 595 1607 ἀπεικὸς
610 1576 638 1602 δὲ
661 1576 729 1611 μετά
742 1576 828 1604 ταῦτα
850 1579 897 1604 καὶ
916 1579 960 1604 τέ-
973 1589 994 1618 c

171 1627 271 1654 ταρτον
283 1620 330 1646 καὶ
344 1620 479 1655 πέμπτον,
495 1621 542 1647 καὶ
558 1621 651 1648 ἄλλοτε
669 1623 715 1648 καὶ
731 1621 857 1655 πολλάκις
871 1620 959 1657 ὦφθαι

172 1665 272 1691 αὐτόν·
297 1665 337 1692 διὸ
360 1666 419 1692 οὐδὲ
445 1667 608 1702 περιγράφει
631 1667 645 1692 6
667 1668 792 1704 Ἰωάννης
809 1669 898 1701 πάσας
912 1671 959 1697 τοῦ

170 1710 298 1745 Σωτῆρος
310 1711 359 1741 τὰς
371 1710 494 1746 πράξεις’
511 1711 612 1747 προῖὼν
624 1712 652 1739 δὲ
665 1713 727 1749 ἑξῆς
740 1722 815 1748 φησι,
826 1715 880 1741 Καὶ
893 1714 959 1743 ἄλλα

170 1756 258 1783 πολλὰ
272 1757 420 1792 ἐποίησενδ
437 1757 539 1793 Ἰησοῦς
549 1766 556 1773 ·
570 1759 639 1794 μετὰ
649 1759 714 1793 γοῦν
729 1759 760 1786 τὸ
777 1757 866 1794 ὦφθαι
879 1761 958 1789 αὐτὸν

168 1802 249 1829 τοῦτο
271 1803 361 1838 τρίτον
377 1805 431 1835 τοῖς
454 1805 609 1840 εἰρημένοις
625 1805 704 1837 ἑπτὰ,
727 1807 859 1843 τετάρτην
874 1809 958 1835 ὀπτα-

169 1848 233 1875 σίαν
246 1849 295 1875 οὐκ
312 1849 345 1876 ἂν
359 1850 492 1885 ἁμάρτοις
509 1851 557 1886 τὴν
572 1851 647 1887 παρά
663 1851 700 1886 τῷ
715 1852 846 1888 Ματθαίῳ
869 1854 958 1889 φήσας

168 1891 250 1925 εἶναι,
265 1895 298 1930 ἢν
313 1896 341 1921 ὲν
355 1895 394 1930 τῷ
404 1895 462 1931 ὄρει
475 1898 531 1927 τοῖς
551 1896 645 1923 ἕνδεκα
665 1898 827 1933 πεποιῆσθαι
840 1900 957 1936 ἀνέγρα-

167 1939 215 1974 ψε.
239 1941 294 1967 Καὶ
319 1942 387 1976 μετά
406 1942 516 1974 τούτους
536 1944 586 1970 οὐκ
605 1943 638 1970 ἂν
658 1945 787 1980 σφαλείης
804 1946 872 1981 ὁμοῦ
887 1947 958 1973 κατά

166 1987 267 2013 ταυτὸν
283 1988 462 2024 συνηγμένοις
484 1990 540 2025 ἅμα
557 1992 613 2022 τοῖς
629 1990 724 2017 ἕνδεκα
743 1992 790 2019 καὶ
809 1994 865 2024 τοῖς
881 1993 956 2019 ἐϐδο-

169 2033 294 2068 μήκοντα
321 2035 400 2061 αὑτὸν
427 2033 516 2069 ὦφθαι
530 2035 622 2062 εἰπών.
641 2037 670 2062 '0
689 2036 717 2063 δὲ
733 2037 838 2069 Παῦλος
854 2038 900 2064 καὶ
917 2038 956 2064 ἔτι

165 2079 271 2105 τούτων
282 2080 401 2106 πλείοσιν
415 2081 551 2116 ἑωρᾶσθαι
566 2082 610 2108 τὸν
619 2082 734 2118 Σωτῆρα
749 2083 818 2117 μετά
828 2084 878 2120 τὴν
894 2084 956 2111 ἀνά-

168 2132 263 2151 στασιν
286 2126 395 2160 ἱστορεῖ,
417 2126 495 2153 τοῦτο
511 2128 576 2162 παρ’
599 2127 699 2164 ἐτέρων
716 2127 823 2163 μαθών·
841 2138 850 2153 ι
867 2129 954 2165 Ὤιρθη

165 2170 233 2206 γὰρ,
248 2171 325 2206 φησὶ,
336 2171 425 2207 Κεφᾷ,
442 2170 501 2198 εἶτα
517 2174 572 2204 τοῖς
588 2173 690 2200 δώδεκα
707 2173 772 2208 (75),
784 2173 879 2200 ἔπειτα
890 2183 954 2200 πεν-

165 2216 313 2248 τακοσίοις,
335 2216 429 2244 ἔπειτα
456 2217 585 2254 Ἰακώϐῳ,
607 2218 702 2245 ἔπειτα
724 2220 779 2250 τοῖς
798 2219 954 2251 ἀποστόλοις

166 2262 261 2293 πᾶσιν,
271 2262 382 2297 ἔσχατον
395 2262 423 2289 δὲ
439 2263 557 2293 πάντων,
571 2264 646 2299 φησὶ,
665 2264 756 2299 κάμοί.
771 2274 780 2289 ι
796 2264 876 2300 Ὁρᾷς
892 2264 955 2290 ὁεά-
970 2257 993 2284 Ῐ)

166 2316 211 2339 κις
227 2308 272 2334 καὶ
294 2308 367 2339 ὅσοις
383 2308 460 2344 ὤφθη
484 2309 552 2344 μετὰ
566 2309 615 2345 τὴν
631 2310 797 2341 avde-tactv;
813 2309 891 2336 Οὕτω
907 2310 954 2337 καὶ

164 2355 223 2386 τοῖς
244 2354 273 2380 ἐν
301 2353 477 2390 Ἰερουσαλὴμ
501 2355 698 2389 χρυπτομένοις
721 2354 816 2389 ὤφθη·
838 2355 885 2381 καὶ
902 2355 954 2390 πρὸ

166 2398 258 2426 αὐτῶν
283 2401 339 2431 τοῖς
360 2400 424 2435 περὶ
447 2399 571 2426 Κλεόπαν
587 2400 712 2427 ἀπιοῦσιν
728 2401 774 2427 ἐπὶ
797 2400 950 2436 Ἐμμαοῦν-

165 2444 215 2470 aut
227 2444 281 2480 πρό
293 2453 325 2478 γε
337 2445 453 2477 πάντων,
465 2445 567 2480 ἀνδρῶν
585 2445 634 2480 μὲν
648 2445 759 2480 Σίμωνι,
775 2446 911 2479 γυναικῶν
924 2445 952 2472 δέ

164 2492 200 2525 τῇ
221 2491 396 2526 Μαγδαληνῇ.
413 2491 508 2517 Ἔνθεν
527 2491 541 2517 6
562 2491 668 2522 Λουκᾶς
684 2492 713 2517 ὲν
729 2493 789 2523 ταῖς
807 2491 951 2526 Πράξεσιν,

164 2536 230 2563 ἐπεὶ
246 2536 374 2568 πολλάκις
384 2536 478 2563 ἑαυτὸν
493 2536 595 2563 ἐδείκνυ
609 2538 664 2568 τοῖς
675 2537 819 2572 μαθηταῖς,
828 2538 953 2572 ἐπιτηρεῖ

164 2581 264 2616 λέγων,
273 2582 310 2614 ὡς
322 2581 376 2618 ἄρα
392 2582 425 2608 δι’
438 2581 548 2617 ἡμερῶν
558 2582 761 2617 τεσσαράκοντα
770 2582 950 2616 ὀπτανόμενος

163 2629 256 2660 abaci;
273 2629 319 2655 καὶ
341 2628 576 2663 συναυλιζόμενος,
597 2628 631 2655 τὰ
656 2628 719 2662 περὶ
738 2627 787 2662 τῆς
813 2627 950 2662 βασιλείας

161 2674 211 2701 τοῦ
229 2675 297 2702 Θεοῦ
313 2675 452 2711 παρεδίδου
469 2674 628 2710 μαθήματα,
637 2667 753 2709 παρῄνει
766 2683 796 2700 τε
807 2675 895 2710 ὁρμᾷν
909 2676 950 2706 είς

159 2723 212 2758 τὴν
230 2722 416 2758 Ἰερουσαλὴμ,
429 2722 509 2748 κάκεῖ
521 2720 663 2756 κηρύττειν
685 2720 818 2752 Ἰουδαίοις
832 2720 949 2755 πρώτοις

598 182 850 211 SUPPLEMENTA
870 182 1108 216 QUK‘ISTIONUM
1127 187 1173 214 AD
1193 188 1368 218 MARINUM.

1742 197 1810 224 l006

1396 246 1441 274 XI.

1063 287 1138 315 Dicet
1160 290 1240 316 etiam
1263 291 1379 326 aliquis,
1397 293 1534 327 quomodo
1556 294 1698 324 Mattheus
1720 298 1810 332 profc~

1025 335 1084 359 ctos
1100 334 1224 361 undecim
1241 335 1268 361 in
1284 334 1400 364 Galilaea:
1420 342 1540 365 montem
1563 339 1637 367 dicat
1653 341 1753 369 vidisse
1765 341 1811 369 Je-

1027 385 1107 410 sum,
1131 378 1251 407 Joannes
1276 385 1366 409 autem
1392 387 1454 418 post
1479 383 1547 412 duas
1566 384 1638 412 intra
1659 385 1809 414 Jerusalem

1025 425 1209 458 apparitiones
1219 447 1226 459 ,
1243 428 1324 455 tertio
1337 429 1425 456 visunt
1440 436 1501 457 esse
1516 429 1608 457 Jcsum
1630 439 1685 458 non
1708 433 1734 459 in
1756 432 1810 459 Ga-

1025 468 1101 497 lilteae
1114 476 1215 504 monte,
1231 473 1278 500 sed
1294 474 1364 509 apud
1379 482 1455 503 mare
1468 474 1584 503 Galilicaa
1597 477 1708 504 narret?

1058 559 1151 588 Tertio
1162 561 1334 590 Servatorem
1348 565 1507 599 apparuisse
1518 573 1580 592 vere
1591 565 1742 600 discipulis,
1760 575 1808 600 cro

1023 613 1128 640 quoque
1145 606 1311 640 confitebor;
1336 609 1434 643 primo,
1451 609 1509 644 ipsa
1524 611 1734 638 resurrectionis
1751 611 1806 642 die.

1022 657 1083 677 cum
1102 658 1181 679 mane
1196 652 1270 678 illum
1283 652 1365 679 Maria
1380 653 1535 688 Magilalcne
1550 655 1626 682 vidit.
1638 656 1806 691 Atquehanc

1022 697 1136 731 primatu
1154 697 1286 726 visionem
1308 698 1396 726 Lucas
1419 707 1527 734 quoque
1544 707 1646 727 narrat.
1662 701 1806 734 Secundo,

1022 747 1083 778 post
1097 743 1153 771 dies
1171 748 1243 774 octo,
1255 745 1384 772 nimirum
1403 746 1487 772 altera
1509 746 1553 774 die
1572 745 1711 775 Dominica
1729 769 1736 780 ,
1753 757 1806 784 qua

1022 790 1119 816 iterum
1137 796 1270 824 apparens
1298 790 1426 818 Servator
1452 793 1670 821 incredulitatem
1695 794 1806 823 Thoinze

1021 835 1144 867 sanavit,
1171 840 1281 863 ostenso
1306 836 1330 864 ei
1348 836 1432 864 latere
1452 845 1484 864 ac
1501 838 1636 865 manibus.
1650 838 1719 871 Quia
1742 847 1807 867 vero

1018 882 1088 917 jussi
1104 883 1211 911 fuerant
1226 884 1252 912 in
1265 883 1401 911 Galilaeam
1416 884 1496 912 simul
1508 885 1657 920 proficisci,
1673 886 1806 914 fecerant-

983 921 1071 964 Bque
1086 929 1213 964 discipuli
1241 930 1366 958 undecim
1393 931 1552 958 mandatum
1577 938 1640 958 cum
1670 932 1804 967 reliquis:

1017 975 1081 1002 dum
1104 976 1204 1011 singuli
1221 977 1398 1013 colliguntur,
1414 977 1535 1005 nondum
1550 977 1675 1005 undecim
1691 986 1805 1014 congre-

1016 1022 1097 1057 gatis,
1117 1023 1163 1050 sed
1194 1023 1283 1050 adhuc
1308 1023 1492 1058 exspectatis,
1523 1024 1604 1052 tertio
1630 1024 1708 1052 Jesus
1734 1025 1804 1060 apud

1016 1075 1092 1095 mare
1106 1066 1232 1098 Galilaxc.
1249 1068 1322 1096 haud
1347 1070 1454 1097 cunctis
1478 1069 1602 1097 undecim
1617 1091 1625 1103 ,
1644 1071 1690 1098 sed
1708 1071 1741 1098 iis
1761 1078 1804 1098 se-

1015 1117 1087 1148 ptem
1104 1115 1293 1142 tantummodo
1308 1116 1434 1150 apparuit
1454 1123 1524 1150 quos
1547 1115 1667 1144 Joannes
1684 1125 1803 1145 comme-

1015 1164 1103 1186 morat
1115 1169 1121 1186 :
1132 1159 1212 1193 hique
1226 1165 1304 1187 erant
1320 1159 1417 1188 Petrus
1433 1168 1465 1188 ac
1480 1161 1609 1194 Thomas,
1623 1166 1649 1189 et
1663 1161 1802 1189 Nathana—

1014 1205 1057 1237 el,
1084 1210 1110 1233 et
1125 1206 1172 1232 ﬁlii
1187 1206 1241 1233 duo
1259 1205 1392 1238 Zebcdazi,
1410 1207 1509 1242 aliique
1524 1213 1655 1242 praeterea
1675 1208 1802 1243 discipuli

1014 1250 1079 1278 duo.
1103 1250 1195 1278 Tertio
1216 1252 1308 1286 itaque
1327 1252 1370 1280 his
1393 1260 1487 1279 revera
1511 1254 1655 1288 apparuit,
1679 1253 1799 1281 nondum

1015 1297 1141 1324 undecim
1169 1298 1350 1333 congregatis.
1383 1298 1555 1334 Quapropter
1586 1299 1658 1326 haud
1691 1300 1802 1326 omnino

1013 1344 1160 1371 excludens
1182 1344 1301 1379 reliquos
1324 1351 1339 1371 a
1365 1344 1516 1373 Servatoris
1533 1346 1638 1373 visione
1661 1344 1800 1376 Joannes,

1013 1395 1073 1424 post
1089 1391 1204 1425 primam
1227 1391 1395 1425 alteramque
1420 1391 1564 1422 visionem,
1583 1392 1690 1419 tertiam
1716 1392 1802 1418 adnm

1012 1436 1079 1462 tavit
1109 1436 1246 1470 prtedictis
1274 1437 1462 1464 tantummodo
1486 1438 1605 1464 oblatam
1620 1438 1699 1472 juxta
1725 1445 1801 1465 mare

1012 1481 1138 1510 Galilmte.
1149 1482 1277 1518 Nihilque
1288 1483 1379 1510 obstat
1390 1483 1536 1518 quominus
1551 1484 1689 1518 posthinc,
1704 1488 1801 1518 quatlo

1011 1527 1092 1554 etiam
1102 1531 1129 1555 et
1140 1528 1244 1563 quinto,
1263 1532 1290 1556 et
1306 1529 1406 1564 saepius
1428 1532 1513 1556 semet
1527 1529 1704 1564 spectandum
1716 1529 1800 1556 dede-

1012 1573 1046 1600 rit
1059 1583 1065 1600 :
1079 1573 1194 1608 ideoque
1207 1573 1327 1602 Joannes
1340 1575 1414 1601 nullo
1429 1576 1544 1602 termino
1554 1574 1710 1602 Servatoris
1721 1580 1799 1602 actus

1013 1619 1212 1647 .tircumscriblt
1227 1629 1233 1646 :
1250 1621 1304 1648 itno
1326 1628 1442 1656 pergens
1465 1629 1546 1656 porro
1561 1621 1598 1647 ait
1623 1621 1675 1648 alia
1690 1629 1798 1656 quoque

1011 1668 1094 1694 multa
1104 1667 1196 1695 Jesum
1215 1668 1323 1696 fecisse.
1339 1667 1406 1696 Post
1420 1669 1491 1696 hanc
1509 1677 1574 1704 ergo
1600 1669 1739 1705 praedictis
1753 1677 1796 1697 se-

1010 1718 1082 1749 ptem
1102 1715 1243 1749 discipulis
1253 1715 1361 1742 tertiam
1376 1716 1585 1750 apparitionem,
1604 1715 1677 1742 haud
1695 1723 1710 1742 a
1725 1716 1797 1743 veri-

1010 1764 1063 1788 tate
1076 1761 1188 1788 abludes
1203 1761 1226 1788 si
1242 1766 1365 1795 quartam
1388 1762 1463 1789 dicas
1484 1761 1555 1788 illam
1571 1769 1652 1796 quam
1667 1761 1793 1789 undecim

1009 1806 1037 1833 in
1062 1812 1154 1834 monte
1180 1807 1321 1842 praebitam
1345 1804 1486 1834 Malthteus
1514 1807 1644 1841 scriptum
1673 1807 1793 1842 reliquit.

1008 1852 1073 1880 Post
1085 1853 1135 1880 hos
1147 1861 1220 1884 vero.
1230 1853 1333 1888 absque
1340 1860 1432 1880 errore
1442 1852 1588 1879 allirmabis
1599 1859 1614 1878 a
1623 1852 1728 1880 cunctis
1740 1861 1793 1879 una

1008 1898 1191 1932 congregatis,
1207 1897 1332 1925 undecim
1347 1896 1471 1925 videlicet
1490 1901 1516 1924 et
1532 1897 1593 1924 aliis
1623 1897 1793 1932 septuaginta

1007 1941 1099 1970 Jesum
1114 1943 1198 1971 fuisse
1213 1947 1398 1978 conspectum.
1414 1943 1471 1970 Imo
1485 1941 1586 1970 Paulus
1603 1949 1617 1969 a
1635 1942 1721 1969 multo
1732 1943 1794 1977 ρΙιια

1007 1989 1084 2016 ribus
1099 1989 1187 2016 visum
1204 1987 1376 2017 Servatorem
1405 1992 1466 2024 post
1483 1987 1712 2016 resurrectionem
1728 1995 1792 2014 nar-

1007 2039 1066 2066 rat,
1091 2043 1173 2070 quam
1187 2044 1242 2063 rem
1266 2035 1300 2062 ab
1318 2035 1378 2063 aliis
1398 2035 1492 2062 auditu
1509 2038 1659 2069 acceperat.
1680 2043 1690 2059 ‹
1712 2033 1792 2060 Visus

1006 2086 1057 2113 est,
1073 2082 1173 2117 inquit,
1189 2081 1296 2117 Cephaz,
1312 2081 1410 2109 deinde
1425 2080 1579 2111 duodecim,
1596 2084 1690 2116 postea
1715 2081 1792 2116 quin-

1006 2127 1105 2162 gentis,
1122 2131 1178 2154 tum
1194 2127 1307 2161 Jacobo,
1322 2128 1384 2155 exin
1408 2126 1537 2160 apostolis
1553 2127 1675 2157 cunctis,
1703 2127 1793 2154 novis-

1006 2172 1075 2199 sime
1096 2177 1184 2199 autem
1212 2172 1332 2200 omnium
1351 2173 1432 2199 etiam
1451 2171 1515 2198 mihi
1531 2171 1564 2199 ".
1586 2181 1595 2197 I
1613 2171 1710 2206 Viden,
1726 2177 1793 2207 quot

1005 2217 1160 2246 hominibus
1178 2224 1205 2246 et
1220 2219 1326 2253 quoties
1340 2222 1400 2253 post
1416 2218 1644 2245 resurrectionem
1659 2225 1792 2253 apparue-

1007 2263 1062 2290 rit?
1078 2263 1123 2291 Sic
1139 2265 1221 2292 ctiam
1237 2264 1383 2292 latentibus
1398 2265 1469 2291 intra
1488 2263 1638 2291 Jerusalem
1651 2265 1790 2298 apparuit;

1007 2315 1033 2337 et
1045 2314 1108 2337 ante
1126 2310 1176 2337 hos
1187 2311 1295 2345 Cleopaa
1310 2311 1438 2344 socioque
1450 2310 1637 2337 Emmauntem
1652 2310 1789 2343 euntibus;

1006 2360 1032 2383 et
1047 2356 1135 2390 primo
1147 2356 1265 2382 virorum
1276 2356 1384 2390 quidem
1396 2354 1510 2387 Simoni,
1520 2354 1683 2383 feminarum
1699 2359 1787 2382 autem

1006 2402 1179 2437 Magdalenae.
1192 2401 1261 2429 Hinc
1275 2401 1363 2429 Lucas
1376 2402 1403 2428 in
1423 2401 1548 2433 Actibus,
1574 2400 1701 2434 quoniam
1719 2407 1790 2434 saepe

1005 2446 1086 2474 Jesus
1106 2454 1136 2474 se
1151 2446 1294 2480 discipulis
1309 2444 1541 2477 manifestaverat,
1555 2443 1726 2472 considerate
1746 2442 1789 2470 di-

1005 2493 1063 2520 cit:
1082 2501 1091 2516 t
1111 2492 1161 2519 Per
1186 2492 1245 2519 dies
1269 2492 1446 2526 quadraginta
1472 2498 1607 2526 apparens
1638 2490 1679 2518 eis
1707 2497 1788 2525 atque

1005 2547 1180 2568 conversaris.
1196 2539 1271 2574 regni
1293 2537 1338 2566 Dei
1368 2537 1538 2572 disciplinam
1557 2536 1699 2569 tradebat;
1727 2543 1789 2563 mo-

1005 2585 1117 2620 nuitque
1130 2589 1159 2611 ut
1173 2583 1323 2611 Jerusalem
1337 2587 1487 2618 pergerent,
1502 2582 1594 2618 ibique
1607 2582 1788 2618 praedicarent

1001 2629 1102 2658 Judaeis
1126 2634 1188 2657 ante
1203 2637 1299 2657 omnes
1319 2629 1487 2660 doctrinam;
1505 2636 1592 2662 neque
1609 2628 1677 2655 urbe
1691 2628 1788 2655 absce‘

1000 2675 1106 2708 derent,
1123 2676 1170 2704 sed
1186 2679 1376 2710 exspectarent
1391 2674 1598 2709 promissionem
1611 2673 1711 2705 Patris,
1723 2682 1734 2699 ι
1753 2673 1786 2700 de

1000 2729 1052 2756 qua
1072 2729 1120 2748 nos
1136 2721 1217 2756 paulo
1237 2724 1297 2754 post
1312 2719 1488 2746 disseremus.

157 2770 207 2796 τὸν
230 2769 322 2802 λόγον’
346 2768 412 2804 μηδὲ
436 2767 565 2803 πρότερον
591 2767 740 2802 ἀναχωρεῖν
760 2766 810 2800 τῆς
834 2766 946 2798 πόλεως,
967 2766 1035 2794 ἀλλά
1052 2768 1207 2803 περιμένειν
1227 2765 1275 2802 τὴν
1295 2764 1458 2799 ἐπαγγελίαν
1472 2764 1518 2791 τοῦ
1538 2765 1653 2800 Πατρὺς,
1670 2764 1734 2800 περὶ
1752 2761 1786 2800 ἧς

162 2816 262 2852 μικρὸν
276 2815 387 2852 ὕστερον
402 2813 586 2849 διαληψόμεθα
601 2812 665 2848 (74).

200 2861 224 2877 ’⁵
244 2860 254 2887 Ι
271 2862 334 2888 Cor.
354 2869 398 2893 xv,
414 2860 473 2887 5—8.

197 2909 254 2942 (τε)
273 2909 340 2937 Cod.
358 2909 391 2936 A.
409 2907 427 2934 τ.
444 2907 505 2934 διτ.

195 2944 253 2980 (75)
274 2945 310 2971 lla
328 2945 388 2971 cod.

1034 2901 1090 2937 (τι)
1109 2900 1210 2936 Nempe
1228 2900 1343 2929 inferius
1361 2908 1387 2927 n.
1409 2901 1436 2933 9,
1459 2901 1503 2932 10.
1527 2900 1572 2929 ubi
1599 2899 1700 2929 Christi
1725 2905 1785 2927 scn-

999 2945 1094 2964 mones
1110 2941 1136 2964 ct
1149 2937 1220 2963 dona
1235 2940 1297 2963 ante
1313 2938 1508 2964 ascensionem.
