2037 3215
181 181 252 211 1009

625 182 875 210 SUPPLEMENTA
893 182 1131 216 QUAESTIONUM
1148 181 1194 209 AD
1213 181 1382 210 MARINUM.

1736 184 1804 214 1010

356 252 400 281 Ill.
418 253 459 280 Ea:
472 253 579 280 Possini
593 253 694 281 Catena
709 253 735 280 in
751 253 885 287 Marcum,
899 263 925 289 p.
937 255 999 286 543,
1010 254 1054 281 ubi
1064 254 1095 282 de
1110 255 1235 290 Cyrenaeo
1251 262 1352 281 crucem
1364 253 1471 280 Domini
1483 253 1626 289 bojulanle.

212 326 246 358 γ’.
268 321 306 350 Οὐ
322 322 375 358 γὰρ
390 320 424 358 ἧν
439 321 512 354 ἄξιός
529 330 570 353 τις
583 323 612 347 ὲν
623 323 655 357 τῇ
674 322 748 349 πόλει
770 322 913 355 Ἰουδαίων,
928 322 956 349 ὦ(

1053 323 1080 350 5.
1092 319 1184 357 Neque
1197 324 1268 350 enim
1284 321 1439 350 Judaaomm
1456 323 1599 357 quisquam
1627 323 1654 350 in
1682 323 1749 351 urbe
1762 325 1804 352 di-

177 377 259 404 φησιν
272 367 400 398 Εὐσέϐιος
417 366 554 402 κεφαλαίῳ
569 370 601 400 ιγ’
618 367 673 401 (78)
686 367 761 400 Πρι¹ς
774 367 916 401 Μαρῖνον,
931 368 961 393 τὸ

178 415 250 442 κατὰ
263 414 311 441 τοῦ
323 413 444 440 διαϐόλου
461 414 654 450 τρόπαιονιτὸν
674 415 789 448 σταυρὸν
809 414 942 449 βαστάσαι
954 423 961 429 ι

175 461 232 487 ἀλλ’
249 462 263 488 ὁ
282 460 311 494 ἐξ
335 460 431 496 ἀγροῦ,
451 460 480 492 ὃς
501 460 582 495 μηδὲν
598 460 825 496 ἐπικεκοινώνηκε
842 463 873 496 τῇ
893 461 964 488 κατὰ

174 506 293 543 Χριστοῦ
311 506 452 542 μιαιφονίᾳ
467 506 535 541 (79).

1012 377 1081 403 guns
1093 373 1161 400 erat,
1177 372 1206 394 ut
1222 368 1260 394 ait
1284 368 1417 395 Eusebius
1434 369 1523 403 capite
1550 369 1582 395 13
1598 368 1631 395 ad
1651 368 1799 402 Marinum,

1012 416 1058 450 qui
1075 415 1224 449 trophaequ
1254 415 1286 441 de
1311 415 1427 444 diabolo.
1444 422 1553 441 crucem
1579 415 1692 447 scilicet,
1710 416 1800 444 ferret.

1015 461 1104 494 Quare
1115 461 1237 487 delectus
1254 461 1298 487 ille
1318 464 1359 487 est
1375 461 1421 495 qui
1435 469 1468 488 ex
1483 469 1547 495 agro
1565 462 1700 495 veniebat,
1714 470 1802 498 neque

1017 506 1072 533 ullo
1088 505 1168 534 modo
1187 506 1214 532 in
1229 505 1331 533 Christi
1347 514 1441 533 necem
1454 506 1671 542 conspiraverat.

619 574 661 601 IV.
681 575 720 602 Ex
738 563 857 604 torderii
873 575 973 603 Catena
987 576 1014 602 in
1028 574 1172 607 Joannem,
1186 583 1245 610 pag.
1258 574 1321 602 456.

209 644 241 670 δ’.
262 643 390 675 Εὐσέϐιος
404 645 418 670 ὁ
441 644 605 678 Καισαρεὺς,
629 645 643 670 ὁ
667 644 808 679 Παμφίλου
831 653 965 679 προσαγο-

176 689 331 725 ρευόμενος,
345 690 373 716 ὲν
386 689 449 721 ταῖς
458 689 532 723 πρὸς
545 689 676 723 Μαρῖνον
683 690 729 716 ἐπὶ
741 690 787 715 τοῦ
804 690 858 725 (80)
873 691 966 724 Σωτη-

175 736 234 769 ρίου
251 734 306 770 (81)
323 733 424 766 ’πάθους
435 734 480 760 καὶ
495 734 544 769 τῆς
561 735 734 766 ἀναστάσεως
751 735 902 768 Ζητήσεσι
917 737 964 762 κα)¹

174 779 323 812 ὲπιλύσεσι,
337 781 382 807 καὶ
401 780 486 807 ταῦτα
501 780 653 816 προῦθηκεν
666 782 705 813 είς
725 781 856 813 ἐξέτασιν,
869 782 899 809 τὸ
918 782 964 809 τὸν

175 826 226 862 μὲν
249 826 320 853 θεῖον
343 827 539 862 εὐαγγελιστὴν
562 827 675 862 Μάρκον
701 829 788 854 εἰπεῖν
803 828 877 864 ὥραν
893 827 963 855 εἶναι

172 873 267 909 τρίτην
280 873 340 900 καθ’
356 873 388 908 ἣν
399 872 558 908 ἐσταυρώθη
572 874 687 909 Χριστὸς
700 874 714 900 ὁ
729 873 794 906 Θεὸς
808 875 854 901 καὶ
867 874 962 911 Σωτὴρ

172 918 269 954 ἡμῶν·
296 919 342 945 τὸν
367 918 396 945 δὲ
420 917 645 952 θεολογικώτατον
666 918 790 954 Ἰωάννην
816 919 886 946 κατὰ
912 920 962 954 τὴν

172 965 255 1000 ἕκτην
269 965 343 1000 ὥραν
361 964 416 1000 (82)
431 965 533 1000 γράψαι
555 965 772 1000 προκαθεσθῆναι
788 965 834 992 τὸν
846 965 961 993 Πιλάτου

1051 647 1077 674 4.
1095 646 1227 673 Eusebius
1237 646 1424 676 Caesariensis,
1434 646 1478 681 qui
1492 645 1624 680 Pamphili
1640 644 1798 680 appellatur,

1020 691 1048 718 in
1065 690 1262 723 Quaestiouibus
1273 690 1305 716 ad
1315 689 1449 716 Marinum
1460 689 1493 716 de
1506 689 1658 716 Servatoris
1673 688 1801 723 passione

1016 744 1048 763 ac
1062 736 1274 767 resurrectione,
1289 736 1339 762 hoe
1356 743 1463 770 quoque
1484 733 1702 770 expendit,quod
1719 733 1800 760 divus

1016 782 1119 809 scilicet
1130 782 1294 817 evangelista
1303 780 1410 808 Marcus
1424 781 1472 811 ait.
1487 780 1553 807 hora
1567 780 1646 806 tertia
1659 779 1798 806 Christum

1015 827 1099 857 Deum
1112 836 1143 856 ac
1158 829 1330 856 Servatorem
1348 828 1422 855 cruci
1437 827 1522 854 fuisse
1536 826 1678 859 sullixum;
1695 825 1799 852 theolo-

1013 882 1064 910 gus
1078 878 1167 902 autem
1182 882 1305 902 summus
1320 873 1438 902 Joannes
1452 873 1517 900 hora
1533 876 1608 900 sexta
1626 872 1663 898 ait
1681 871 1798 898 Pilatum

1014 921 1118 948 sedisse
1133 928 1181 956 pro
1202 921 1330 948 tribunali
1355 921 1381 947 in
1400 920 1459 947 loco
1490 919 1537 953 qui
1565 918 1751 953 appellabatur
1765 917 1799 944 li-

1013 968 1162 996 thostrotos
1173 967 1206 994 ad
1222 967 1363 995 dicendam
1377 967 1507 994 adversus
1517 964 1609 993 Jesum
1624 964 1798 993 sententiam.

171 1011 219 1037 ἐπὶ
232 1010 280 1037 τοῦ
296 1010 417 1047 βήματος
434 1012 462 1038 ἐν
484 1011 522 1046 τῷ
536 1010 707 1047 λιθοστρώτῳ
726 1011 765 1047 τῷ
788 1011 956 1047 καλουμένῳ,

1008 1014 1095 1042 Porro
1117 1013 1251 1041 Eusebius
1272 1013 1420 1045 contendit,
1439 1011 1614 1039 amanuensis
1631 1011 1657 1038 id
1676 1018 1737 1038 esse
1754 1018 1799 1038 er-

170 1057 218 1084 καὶ
228 1057 383 1093 ἀνακρίνειν
399 1057 444 1083 τὸν
467 1056 569 1092 Ἰησοῦν
579 1066 585 1072 ·
600 1057 646 1084 καί
661 1066 727 1092 φησι
741 1058 875 1094 γραφικὸν
889 1057 958 1085 εἶναι

168 1103 249 1131 τοῦτο
269 1103 389 1138 σφάλμα,
408 1103 562 1139 παροραοὲν
579 1103 654 1139 παρὰ
668 1103 722 1130 τῶν
741 1104 769 1137 ἐξ
791 1104 877 1140 ἀρχῆς
889 1105 959 1131 ἀπο-

169 1148 352 1186 γραψαμένων
366 1148 401 1175 τὲι
414 1149 574 1183 Εὐαγγέλια·
587 1148 634 1175 τοῦ
649 1149 698 1185 μὲν
708 1149 762 1185 γὰρ
774 1149 873 1184 γάμμα
885 1158 957 1176 στοι-

167 1195 241 1231 χείου
258 1195 306 1231 τὴν
318 1195 413 1231 τρίτην
428 1194 502 1230 ὥραν
518 1195 705 1230 σημαίνοντος,
718 1195 765 1221 τοῦ
779 1195 806 1221 δὲ
822 1196 957 1230 ἐπισήμου

166 1241 218 1277 τὴν
236 1241 328 1277 ἕκτην,
345 1241 391 1268 καὶ
416 1241 515 1276 πολλὴν
534 1240 681 1276 ἐμφέρειαν
698 1241 812 1275 ἑχόντων
831 1240 898 1275 πρὸς
914 1241 958 1267 ἀλ.

167 1287 264 1322 ληλους
283 1286 385 1314 τούτων
410 1286 462 1313 τῶν
485 1287 684 1322 χαρακτήρων,
713 1286 783 1312 κατὰ
804 1286 906 1321 πλάνην
928 1287 958 1313 τὸ

167 1333 268 1368 γάμμα
282 1334 410 1368 στοιχεῖον
423 1332 454 1358 τδ
470 1333 519 1367 τῆς
532 1332 627 1367 τρίτης
639 1331 713 1368 ὧρας
727 1331 884 1366 δηλωτικὸν,
894 1341 959 1367 κυρ-

166 1378 302 1414 τωϐείσης
315 1379 364 1414 τῆς
380 1379 607 1414 ἀποτεταμμένης
627 1379 666 1409 είς
689 1379 774 1413 μῆκος
787 1377 903 1410 εὐθείας,
918 1379 958 1409 είς

166 1424 217 1459 τὴν
233 1423 279 1450 τοῦ
292 1424 430 1459 ἐπισήμου
453 1423 645 1459 μεταχωρῆσαι
668 1422 814 1458 σημασίαν,
836 1422 883 1449 τοῦ
907 1423 958 1458 τῆς

166 1470 251 1506 ἕκτης
261 1470 334 1505 ὧρας
344 1470 492 1505 δηλωτικοῦ
503 1478 509 1484 '
523 1469 577 1496 τῶν
588 1470 642 1505 γὰρ
652 1469 734 1505 τριῶν
746 1469 956 1503 εὐαγγελιστῶν,

166 1517 215 1543 τοῦ
231 1525 260 1543 τε
274 1515 414 1543 Ματθαίου
432 1516 478 1543 καὶ
493 1516 617 1552 Μάρκου,
628 1516 673 1542 καὶ
687 1515 733 1542 τοῦ
746 1515 837 1542 Λουκᾶ
849 1514 958 1550 συμφώ-

166 1572 221 1595 νως
233 1563 375 1597 λεγόντων,
384 1563 421 1594 ὡς
431 1563 485 1590 ἀπὸ
496 1563 579 1598 ’ἑκτης
593 1562 667 1598 ὥρας
683 1563 777 1594 σκότος
791 1562 898 1597 ἐγένετο
909 1561 958 1597 ἐφ’

167 1609 233 1646 ὅλην
248 1610 298 1644 τὴν
322 1610 374 1644 γῆν
389 1609 442 1641 ἕως
459 1609 533 1645 ὥρας
549 1610 646 1644 ἐνάτης
668 1609 735 1644 (85),
753 1609 883 1645 πρόδηλον
896 1609 957 1640 dico

166 1655 269 1692 Κίριος
291 1655 337 1682 καὶ
358 1655 425 1687 Θεὸς
445 1655 547 1690 Ἰησοῦς
563 1655 615 1691 πρὸ
632 1655 681 1690 τῆς
702 1655 783 1690 ἕκτης
795 1654 869 1691 ὧρας
889 1654 954 1690 (84),

166 1701 221 1737 πρὸ
235 1701 281 1728 τοῦ
294 1701 419 1736 γενέσθαι
440 1701 470 1728 τὺ
487 1701 591 1733 σκότος,
608 1701 773 1736 ὲσταύριιπο,
790 1700 889 1736 δηλαδὴ
904 1709 956 1727 κα-

165 1749 202 1773 τὰ
215 1746 263 1782 τὴν
279 1746 372 1783 τρίτην
383 1746 468 1783 ὤραν,
483 1746 520 1779 ὡς
532 1747 546 1772 ὁ
559 1747 671 1782 Μάρκος
689 1747 815 1782 ἱστόρησε
824 1755 830 1762 ·
848 1746 895 1773 καὶ
909 1745 956 1773 τοῦ

173 1792 296 1820 Ἰωάννου
318 1793 364 1820 τὸν
389 1793 482 1828 ὅμοιον
505 1792 604 1828 τρόπον
624 1793 673 1829 τὴν
694 1793 766 1829 ὤραν
781 1793 876 1828 τρίτην
887 1790 956 1818 εἶναι

167 1839 421 1875 ὲπισημηναμένου,
437 1840 483 1866 καὶ
496 1839 550 1865 τῶν
565 1838 801 1875 ἀπογραψαμένων
815 1839 845 1864 τὸ
857 1838 956 1874 γάμμα

168 1884 338 1920 μεταθέντων
351 1886 390 1917 είς
405 1885 435 1911 τὺ
451 1884 597 1920 ἐπίσημον.

1009 1064 1108 1092 ratum,
1121 1055 1225 1094 quod’ii
1252 1059 1298 1091 qui
1321 1058 1456 1094 principio
1485 1057 1629 1092 Evangelia
1645 1057 1798 1092 exscripse-

1009 1109 1073 1133 runt
1088 1105 1160 1132 haud
1176 1105 1322 1133 senserint.
1338 1104 1405 1131 Nam
1421 1113 1484 1132 cum
1499 1105 1587 1131 littera
1618 1110 1724 1138 gamma
1754 1102 1796 1138 (Γ)

1009 1153 1115 1179 tertiam
1125 1152 1260 1187 signiﬁcet
1278 1152 1391 1184 horam;
1405 1151 1546 1186 episemon
1561 1148 1612 1185 (ς)
1628 1153 1719 1176 autem
1734 1155 1797 1175 sea:-

1010 1203 1085 1231 tam;
1114 1206 1230 1232 eumque
1261 1197 1287 1224 Ιιί
1304 1197 1476 1224 characteres
1503 1196 1664 1230 permultam
1680 1195 1797 1222 habeant

1010 1245 1079 1272 inler
1094 1253 1124 1272 se
1138 1244 1358 1277 similitudinem,
1371 1243 1499 1270 mendose
1507 1243 1796 1277 elementumgamma,

1008 1297 1062 1324 quo
1077 1289 1282 1317 demonstratur
1292 1289 1358 1316 bora
1369 1289 1450 1316 tertia
1475 1289 1610 1324 (curvata,
1626 1294 1686 1322 quae.
1708 1286 1796 1321 porri-

1008 1336 1122 1370 gebatur
1143 1336 1169 1362 in
1190 1340 1343 1366 extensum,
1369 1334 1464 1369 recta,)
1482 1335 1516 1361 ad
1541 1333 1655 1369 episemi
1682 1332 1796 1368 ﬁguram

1008 1382 1148 1408 redactum
1164 1381 1315 1416 I'uit,quod
1343 1385 1446 1408 sextam
1475 1380 1577 1407 indicat
1591 1380 1699 1407 horam.
1724 1377 1797 1406 Sane

1008 1435 1091 1463 quum
1113 1427 1285 1462 evangelista:
1312 1431 1378 1458 tres,
1409 1426 1563 1457 Matthams,
1585 1425 1694 1452 Marcus
1714 1428 1797 1459 atque

1007 1473 1096 1500 Lucas
1110 1472 1281 1500 concorditer
1292 1472 1435 1504 alﬁrinent,
1452 1471 1487 1499 ab
1501 1471 1566 1498 hora
1580 1474 1658 1498 sexta
1670 1470 1796 1498 tenebras

1008 1519 1094 1546 factas
1104 1526 1165 1546 esse
1178 1518 1205 1545 in
1223 1518 1351 1545 universa
1366 1522 1439 1545 terra
1465 1525 1551 1552 usque
1569 1516 1602 1544 ad
1614 1523 1730 1550 nonam,
1746 1524 1792 1551 ρει-

1007 1570 1045 1593 tet
1056 1566 1176 1597 omnino,
1193 1564 1336 1592 Dominum
1358 1571 1390 1591 ac
1410 1564 1493 1590 Deum
1513 1562 1605 1590 Jesutn
1623 1566 1686 1590 ante
1700 1562 1794 1590 horam

1008 1616 1128 1645 sextam,
1143 1611 1303 1646 priusquam
1319 1610 1424 1637 scilicet
1440 1609 1534 1636 ﬁerent
1550 1608 1679 1642 tenebrae,
1692 1608 1719 1635 in
1733 1615 1796 1636 cru-

1008 1665 1066 1686 cem
1079 1666 1140 1685 esse
1149 1657 1298 1690 sublatum,
1310 1664 1407 1692 nempe
1420 1656 1493 1683 circa
1514 1655 1610 1682 horam
1628 1655 1747 1687 tertiam,
1765 1658 1795 1682 ut

1007 1703 1114 1732 Marcus
1123 1707 1225 1731 narrat.
1235 1702 1325 1736 Quare
1335 1706 1362 1729 et
1371 1701 1490 1729 Joannes
1498 1709 1573 1736 atque
1584 1701 1690 1729 tertiam
1698 1701 1793 1728 horam

1007 1749 1144 1786 prodidit;
1159 1756 1314 1784 quanquam
1335 1752 1429 1783 postea
1445 1754 1626 1775 amanuenses
1643 1753 1750 1781 gamma
1764 1746 1794 1774 in

1009 1796 1148 1831 episemon
1156 1797 1405 1823 commutaveruut.

662 1954 695 1982 V.
709 1954 751 1982 Ex
764 1955 869 1983 Possini
879 1955 981 1983 Catena
999 1954 1026 1982 in
1041 1938 1174 1987 hiarcum,
1187 1961 1213 1988 ρ.
1231 1952 1292 1980 564.

201 2026 232 2050 ε’.
251 2024 352 2059 Ἐφάνη
374 2023 481 2059 πρῶτον
502 2024 595 2061 Μαρίᾳ
607 2025 640 2060 τῇ
656 2025 834 2060 Μαγδαληνῇ·
851 2024 952 2060 ταύτην

162 2068 295 2100 Εὖσέσιος
306 2070 334 2096 ὲν
349 2071 405 2100 τοῖς
417 2069 494 2103 Πρὸς
507 2069 637 2104 Μαρῖνον
651 2070 746 2105 ἑτέραν
756 2070 829 2104 λέγει
846 2071 952 2106 Μαρίαν

163 2115 242 2151 παρὰ
257 2115 306 2151 τὴν
323 2115 494 2151 θεασαμένην
507 2116 551 2142 τὸν
568 2116 723 2143 νεανίσκον·
739 2116 756 2151 ἢ
775 2116 821 2142 καὶ
832 2116 952 2151 ἀμφότε-

165 2169 212 2197 ραι
226 2162 258 2188 ὲκ
271 2161 319 2196 τῆς
333 2161 511 2197 Μαγδαληνῆς
524 2159 603 2197 ἦσαν.

1041 2025 1068 2051 5.
1080 2023 1211 2059 Apparuit
1236 2023 1324 2058 primo
1340 2022 1432 2049 Maria
1456 2021 1629 2057 Magdalenze.
1646 2020 1721 2048 Hauc
1737 2019 1792 2047 Eu-

1006 2071 1098 2098 sebius
1117 2072 1142 2097 in
1155 2078 1236 2105 opere
1251 2069 1290 2097 Ad
1301 2068 1436 2096 Marinum
1451 2069 1586 2096 diversam
1602 2076 1662 2096 esse
1686 2068 1723 2094 ait
1736 2067 1792 2094 Ma-

1006 2117 1074 2144 riam
1084 2118 1117 2144 ab
1148 2117 1193 2144 illa
1210 2124 1270 2151 qua:
1294 2116 1423 2151 juvenem
1436 2115 1512 2143 vidit.
1536 2114 1585 2142 Vel
1599 2114 1680 2142 etiam
1707 2112 1794 2141 ambis

1007 2162 1130 2198 Magdalo
1141 2161 1263 2190 oriundaa
1280 2166 1367 2189 erant.

202 2251 257 2288 (78)
276 2251 418 2279 Nolandus
429 2256 471 2279 est
483 2252 628 2287 vigilanter
641 2253 736 2280 lectori
751 2253 796 2280 hic
812 2260 951 2285 numerus,
969 2255 991 2282 D
1043 2252 1097 2288 (79)
1117 2251 1226 2288 Eusebii
1244 2252 1316 2288 hunc
1337 2251 1431 2288 locum
1443 2251 1571 2288 exprimit
1586 2251 1746 2288 Ambrosius
1764 2252 1791 2279 in

163 2294 220 2320 quo
229 2287 360 2316 docemur
370 2288 570 2323 quodammodo
586 2288 649 2321 (nisi
660 2293 701 2315 est
714 2289 840 2316 mendum
857 2288 952 2323 κεφαλ.

165 2325 200 2358 ες
215 2330 263 2356 pro
277 2321 442 2358 Καισαρεύς)
457 2327 557 2357 quanta
576 2331 639 2357 pars
655 2324 745 2358 operis
762 2321 905 2351 Ensebiani
918 2323 952 2350 ad

164 2356 303 2384 Marinum
319 2356 397 2385 nobis
415 2356 485 2385 desit
500 2363 562 2386 ante
573 2356 632 2386 illas
647 2356 799 2393 postremas
814 2359 847 2386 de
861 2367 952 2386 resur-

165 2393 288 2427 rectione
299 2393 474 2427 quaestiones.
497 2393 577 2421 Certe
602 2393 750 2421 Eusebium
768 2395 819 2422 hoc
834 2394 904 2421 libro
917 2394 952 2421 ad

164 2426 488 2468 Ilarinum’complexum
509 2428 592 2459 fuisse
609 2430 774 2468 quaestiones
791 2437 845 2456 non
862 2430 951 2468 solum

163 2464 239 2490 circa
262 2464 502 2494 resurrectionem,
526 2471 620 2491 verum
644 2465 725 2491 etiam
749 2466 823 2492 circa
849 2465 952 2498 passio-

163 2505 238 2529 mm,
254 2499 396 2533 perspicue
409 2499 603 2532 cognoscimus
616 2506 650 2526 ex
665 2504 795 2534 sequente
808 2500 952 2527 Corderia-

163 2541 207 2569 ne
219 2534 327 2561 Catena
342 2534 412 2561 loco.
428 2533 485 2561 Nisi
499 2534 567 2561 forte
580 2533 715 2568 suspicari
728 2535 826 2569 placet,
844 2534 951 2563 Eusebii

163 2568 238 2596 istud
251 2569 285 2596 de
295 2569 425 2605 Cyrenaeo
440 2568 542 2596 dictum
556 2570 643 2605 obiter
653 2568 744 2604 potius
757 2569 911 2597 occurrisse
924 2571 951 2597 in

202 2608 302 2631 strenua
318 2605 414 2639 quavis
427 2604 592 2640 quastione.
605 2604 697 2639 Neque
717 2613 782 2632 sane
802 2605 952 2640 intelligere

176 2640 229 2667 ieet
244 2647 276 2666 eo
290 2647 405 2667 numero
427 2639 510 2666 Marci
535 2639 695 2674 capitulum.
712 2641 783 2675 quod
799 2639 907 2675 quidem
924 2641 951 2667 in

163 2679 256 2702 vetere
271 2675 460 2702 stichomelria
473 2678 515 2702 est
526 2681 618 2706 ccvlu,
637 2675 663 2701 in
677 2682 746 2702 nova
762 2675 896 2702 divisione
910 2678 952 2702 est

163 2717 210 2737 xv.
227 2709 308 2737 Certe
323 2710 368 2737 ubi
388 2710 415 2737 in
429 2715 523 2737 nostra
542 2710 593 2736 hac
606 2709 724 2738 editione
735 2710 802 2737 dicit
820 2710 952 2738 Eusebius

165 2744 192 2771 in
215 2745 276 2771 libri
296 2745 409 2772 exordio
424 2745 534 2780 ἠρώτας
550 2744 578 2770 δὲ
596 2745 713 2780 πρῶτον.
736 2746 843 2772 cavebit
861 2746 952 2772 admo-

163 2779 230 2815 dum
245 2780 369 2815 eruditus
385 2779 470 2808 lector
489 2788 523 2807 ne
539 2779 672 2814 intelligat
688 2780 802 2815 primam
821 2780 906 2808 fuisse
916 2781 951 2806 li-

165 2814 209 2842 bri
224 2813 259 2850 at!
273 2813 407 2842 Marinum
424 2815 600 2850 quzestionem
615 2813 763 2850 illam—qua:
777 2817 900 2850 sequitur
913 2815 951 2842 De

165 2857 225 2876 sero
234 2849 422 2878 Sabbatarum.
437 2849 577 2878 Breviator
592 2849 851 2885 quippe,’resecat’a,
870 2855 899 2877 ut
911 2851 951 2877 vi-

166 2885 259 2925 detur,
277 2885 378 2926 ingenti
393 2886 482 2920 priore
495 2889 581 2922 parte,
598 2885 631 2914 ad
650 2889 787 2921 postrema
802 2885 892 2922 operis
909 2894 951 2914 ca-

167 2923 225 2946 mta
241 2925 402 2946 nroneravit.

167 2925 225 2955 pila
241 2925 402 2955 properavit.

1004 2285 1107 2317 Canini.
1125 2287 1160 2314 ad
1176 2287 1240 2313 Luc.
1263 2287 1311 2314 lib.
1335 2294 1361 2318 Χ,
1382 2286 1431 2313 107
1449 2295 1454 2313 ;
1474 2285 1535 2313 Non
1553 2285 1666 2314 Judmus
1686 2292 1724 2314 est
1747 2289 1790 2322 qui

1005 2331 1107 2352 crucem
1123 2327 1221 2356 portat,
1239 2322 1283 2348 sed
1296 2322 1443 2356 alienigena
1458 2326 1534 2356 atque
1548 2323 1710 2356 peregrinus.

1040 2359 1096 2393 (80)
1113 2356 1184 2397 :l‘am
1208 2357 1302 2389 editio,
1326 2364 1408 2392 quam
1433 2357 1518 2383 codex
1539 2356 1598 2383 Vat.
1626 2357 1724 2384 habent
1744 2357 1791 2383 ἐπὶ

1003 2397 1062 2425 ταῖς
1079 2402 1136 2420 του.

1041 2430 1096 2464 (8|)
1119 2427 1285 2464 Vocabulum
1311 2427 1448 2464 Σῳτήριος
1474 2427 1545 2464 apud
1571 2427 1718 2464 Eusebium
1740 2435 1790 2464 no-

1003 2462 1089 2493 strum
1106 2471 1159 2490 non
1172 2467 1226 2489 tam
1239 2463 1374 2496 adjective
1385 2470 1466 2490 sensu
1479 2462 1617 2494 salutaris,
1630 2470 1710 2497 quam
1726 2463 1790 2489 sub-

1003 2499 1123 2528 stantive
1136 2498 1246 2532 obliquo
1263 2498 1423 2530 Servatoris,
1439 2498 1597 2532 plerumque
1610 2505 1671 2524 esse
1686 2498 1788 2524 intelli-

1003 2535 1131 2571 gendum,
1148 2531 1275 2571 plurimis
1288 2533 1399 2571 in_locis
1411 2536 1494 2571 patet.
1510 2531 1538 2571 Ιρ
1555 2531 1621 2571 facit
1631 2532 1712 2571 etiam
1728 2533 1790 2571 Ain-

1002 2567 1112 2598 brosius
1126 2567 1201 2604 apud
1213 2576 1263 2596 nos
1279 2577 1304 2603 p.
1320 2568 1382 2600 504,
1398 2568 1445 2603 qui
1460 2569 1498 2594 ait
1515 2567 1622 2595 Domini
1642 2568 1787 2600 Salutaris,

1002 2613 1052 2641 pro
1068 2605 1175 2641 Domini
1190 2603 1348 2641 Saluatoris.

1038 2640 1094 2677 (82)
1114 2639 1304 2677 Qua-stionem
1314 2640 1383 2666 hanc
1398 2637 1430 2677 de
1443 2638 1522 2677 tertia
1534 2641 1563 2677 et
1577 2638 1733 2677 sextauhora
1749 2638 1788 2677 le-

1002 2672 1097 2709 gebam
1113 2675 1194 2702 etiam
1208 2675 1235 2702 in
1246 2675 1340 2702 codice
1351 2673 1469 2708 quodam
1478 2672 1622 2709 Vaticano,
1634 2674 1698 2700 olim
1710 2673 1785 2700 card.

1004 2708 1111 2744 Sirleti;
1139 2709 1210 2737 unde
1242 2710 1361 2744 aliquant
1389 2708 1606 2736 emendationem
1636 2709 1786 2742 accersivi;

1002 2753 1158 2781 quanquam
1174 2754 1206 2773 ne
1219 2745 1264 2772 hic
1277 2746 1334 2780 ipse
1349 2744 1458 2781 quidem
1473 2744 1633 2781 codlix'sine
1642 2745 1700 2781 ullo
1715 2751 1788 2771 men-

1002 2779 1037 2808 do
1049 2779 1100 2808 est.
1118 2780 1217 2807 Eadem
1234 2779 1348 2815 quaistio
1365 2780 1462 2815 legitur
1478 2780 1504 2815 in
1518 2779 1664 2806 Parisiacis
1677 2787 1787 2814 quoque

1002 2814 1252 2878 podvilclibus,‘6;ste
1277 2814 1402 2843 Harlesio
1428 2815 1456 2841 in
1478 2814 1595 2842 Fabricii
1613 2814 1786 2847 Bibliotheca,

1016 2872 1022 2878 .
1088 2871 1095 2878 .
1113 2859 1140 2878 υ.
1213 2871 1221 2878 .

1002 2856 1022 2878 ι.
1040 2852 1095 2882 VII,
1113 2859 1140 2882 p.
1157 2852 1221 2878 402.

1043 2859 1095 2882 vn,
1113 2859 1140 2886 p.
1157 2859 1221 2878 qua.

1038 2887 1094 2922 (85)
1113 2887 1181 2913 Male
1196 2886 1270 2919 cod.,
1287 2886 1462 2922 ἀναστάσεως
1478 2893 1528 2922 pro
1542 2885 1649 2922 ἐνάτης.

1039 2917 1094 2957 (84)
1117 2922 1195 2949 Deest
1206 2922 1232 2950 in
1250 2917 1311 2950 cod.
1328 2921 1412 2958 ὥρας.
