2037 3215
236 179 301 207 1011

612 179 746 207 EUSEBII
767 179 1004 208 CESARIENSIS
1015 180 1091 209 OPP.
1112 181 1201 208 PARS
1216 180 1260 208 III.
1273 196 1306 202 —
1325 156 1529 209 EXEGETICIA.

1793 182 1863 209 ίοεε

239 251 282 279 V'I.
302 252 344 279 Es
360 253 422 278 Joh.
439 250 574 285 .Xiphilino
586 250 752 284 patriarcha,
766 251 793 277 in
810 251 919 312 hom‘iIZa
931 251 1032 313 inEdiéa

880 294 887 312 ι
907 295 947 314 us.
986 295 1000 312 ο
1022 306 1028 312 .

1086 260 1122 278 πη
1136 252 1227 314 Λαρέὂι
1243 252 1268 278 in
1280 250 1414 278 dominica
1426 249 1457 277 de
1468 249 1623 277 mulieribus
1637 254 1759 276 aromata
1775 249 1846 284 ferul

1089 293 1108 314 ι.
1128 295 1152 314 ν.
1224 307 1232 314 .

880 293 947 315 inus.
963 293 1028 313 ιιοα.
1050 293 1108 317 vat.
1127 295 1152 322 ρ.
1172 293 1232 314 που.

273 346 300 373 6.
320 345 453 372 Eusebius
461 352 524 371 vero
535 343 713 371 Caesariensis
725 344 772 375 ait,
791 344 904 371 Mariam
915 345 1024 379 quidem

1115 347 1151 378 ς’.
1171 345 1302 378 Εὐσέϐιος
1319 354 1401 380 φησιν
1417 346 1431 371 ὁ
1449 343 1627 379 Καισαρείας,
1644 344 1682 375 ὡς
1698 343 1791 379 Μαρία
1813 344 1863 379 μὲν

237 391 432 426 Magdalenem,
448 394 475 417 et
488 389 599 417 Mariam
614 388 708 417 Jacobi
724 394 860 425 unguenta
870 391 1025 424 paravisse;

238 446 326 473 neque
338 443 427 463 tamen
440 436 549 463 easdem
560 443 622 463 esse
636 443 696 470 quae
714 443 794 463 mane
818 431 951 464 venerunt
966 441 1026 464 orto

236 484 291 519 jam
301 484 368 514 sole,
376 483 423 510 sed
433 490 582 517 anonymas
594 482 679 509 alias:
694 483 785 509 multa:
794 483 865 510 enim
875 491 908 510 ex
917 482 1026 511 Galilzea

238 538 300 558 cum
315 529 459 557 Servatore
473 529 664 556 ascenderant.
681 528 863 561 Quamobrem
881 530 923 557 lue
938 538 1026 565 neque

240 580 322 603 noctu
341 576 404 602 illuc
419 575 576 606 adfuerunt,
592 574 638 601 sed
655 582 751 608 mane;
768 575 925 610 eademque
950 584 1028 603 man-

240 623 304 649 dato
316 621 409 648 audito
424 625 454 647 ut
466 621 610 655 discipulis
624 620 759 654 Petroque
783 629 839 648 rem
855 622 1024 654 nuntiarent,

241 668 368 702 fugerunt
383 667 482 694 nemini
501 667 650 702 quidquam
664 667 788 698 dictum,
804 667 867 701 quia
890 668 1026 695 extimue-

241 718 312 741 rant.
326 713 444 741 Proinde
459 713 540 740 etiam
568 713 632 747 quia
653 713 790 747 postsolis
806 717 899 739 ortum
913 714 1029 740 advene-

241 763 312 790 rant,
325 759 415 786 videre
427 758 597 786 Servatorem
614 758 685 785 haud
700 759 788 793 digna:
804 758 922 786 fuerunt.
936 759 1028 795 Neque

241 806 349 832 demum
364 804 421 832 ﬁeri
436 805 534 839 potuit,
545 808 575 831 ut
590 804 747 839 Magdalene
762 809 824 839 post
834 809 873 832 tot
885 809 1030 840 tantasque

242 853 381 883 visiones,
411 851 469 880 sole
498 856 578 883 orto,
606 851 696 878 adhuc
723 851 873 884 dubitaret,
903 852 1030 880 nesciens

241 899 368 933 quisnam
380 897 497 932 lapidem
511 896 580 924 foret
590 897 774 925 revoluturus.

1078 393 1094 426 ἡ
1120 391 1284 426 Μαγδαληνὴ
1309 391 1356 417 καὶ
1395 389 1488 425 Μαρία
1518 390 1534 425 ὴ
1557 387 1683 415 Ἰακώϐου
1711 388 1864 424 ἡτοίμασαν

1077 436 1226 473 ἀρώματα⁸
1245 437 1294 464 οὐκ
1307 435 1386 463 αὑταὶ
1399 435 1427 461 δέ
1441 436 1508 461 εἰσιν
1523 435 1550 461 αί
1568 434 1639 470 πρωῒ
1658 434 1783 462 ἐλθοῦσαι
1798 435 1866 461 ἀναο-

1077 484 1215 515 τείλαντος
1237 483 1283 509 τοῦ
1309 483 1396 518 ⁴ἡλίου,
1419 482 1475 509 ἀλλ’
1489 482 1566 509 ἄλλαι
1593 481 1743 516 ἀνώνυμοι·
1767 481 1865 508 πολλαὶ

1077 530 1131 566 γὰρ
1143 528 1212 566 ἦσαν
1228 530 1256 556 αἱ
1275 530 1458 556 συναναϐᾶσαι
1474 528 1512 564 τῷ
1526 528 1632 563 Σωτῆρι
1652 529 1706 554 ἀπὸ
1721 529 1770 563 τῆς
1786 527 1866 554 Γαλι-

1078 576 1172 608 λαίας·
1189 576 1249 602 ὅθεν
1273 576 1333 602 οὐδὲ
1349 575 1434 602 νύκτα
1458 575 1663 610 παραγίνονται,
1678 573 1745 601 ἀλλὰ
1772 573 1846 609 πρωῒ
1857 582 1865 590 ·

1080 623 1127 649 καὶ
1141 622 1293 650 ἀκούσασαι
1304 622 1470 656 ἀπαγγεῖλαι
1485 623 1540 653 τοῖς
1556 621 1687 656 μαθηταῖς
1701 621 1748 647 καὶ
1761 620 1800 655 τῷ
1814 619 1868 647 Πέ-

1078 677 1144 704 τρῳ,
1161 668 1268 703 ἔφυγον,
1283 668 1330 695 καὶ
1344 668 1428 694 οὐδενὶ
1444 667 1520 694 οὐδὲν
1537 664 1621 693 εἶπον·
1638 666 1782 701 ἐφοϐοῦντο
1795 666 1866 702 γάρ·

1079 715 1116 746 ὡς
1141 714 1194 750 γὰρ
1220 714 1288 750 μετά
1312 714 1442 749 ἀνατολὴν
1463 713 1539 749 ἡλίου
1565 714 1709 740 ἐπιστᾶσαι
1739 713 1799 740 οὑδὲ
1821 712 1868 740 τὸν

1081 761 1196 797 Σωτῆρα
1211 760 1358 788 Θεάσασθαι
1371 760 1574 793 καταξιοῦνται·
1589 760 1650 786 οὐδὲ
1664 757 1719 786 οἶόν
1733 767 1762 786 τε
1773 757 1808 794 ἦν
1817 759 1868 794 τὴν

1081 802 1263 843 Μαγδαληνὴν
1281 806 1350 842 μετὰ
1372 806 1506 838 τοσαύτας
1529 805 1602 837 θέας,
1619 805 1693 840 ἡλίου
1712 805 1870 833 ἀνατείλαν-

1080 862 1136 886 τος,
1150 854 1262 888 απορεῖν
1275 853 1322 880 καὶ
1333 853 1440 887 ἀγνοεῖν
1456 852 1498 884 τίς
1514 851 1672 879 ἀποκυλίσει
1688 851 1733 878 τὸν
1749 851 1821 878 λίθον

756 954 812 983 VII.
829 955 871 982 Ea:
881 956 1024 984 Anastasio
1038 957 1154 988 Sinaita,
1168 961 1262 992 quwst.
1273 964 1348 984 cun.

281 1015 305 1042 7.
319 1014 427 1041 Eusebii
441 1023 473 1042 ea:
486 1023 561 1049 opere
572 1015 605 1041 ad
619 1014 766 1041 Marinum.
780 1014 856 1043 Tres.
874 1015 954 1051 igitur
973 1024 1028 1044 om-

1115 1016 1147 1048 ζ’.
1169 1016 1316 1043 Εὐσεϐίου
1336 1016 1371 1042 ἐκ
1392 1014 1450 1042 τῶν
1471 1015 1547 1049 πρὸς
1559 1015 1692 1049 Μαρῖνον
1707 1015 1771 1050 (85).
1789 1016 1872 1052 Τρεῖς

245 1062 309 1089 nino
330 1058 429 1089 Marias
445 1061 566 1096 passioni
582 1061 685 1088 Christi
699 1069 761 1089 cum
777 1061 885 1090 feminis
896 1063 956 1090 aliis
967 1071 1033 1098 pra:-

245 1112 337 1135 seutes
351 1108 602 1143 deprehendimus;
625 1107 740 1142 primam
756 1107 910 1143 Deiparam,
936 1117 1034 1137 secun-

244 1153 306 1181 dam
323 1154 404 1189 hujus
417 1161 538 1181 sororem
551 1153 662 1180 Mariam
674 1152 791 1188 Cleopae,
804 1155 912 1181 tertiam
925 1154 1034 1191 Magda.

246 1200 343 1227 lenem.
360 1200 474 1233 Quidam
500 1209 565 1228 vero
592 1202 754 1237 interpretes
784 1203 859 1228 aiunt
881 1202 949 1229 duas
973 1210 1034 1229 esse

246 1245 419 1282 Magdalenas
438 1267 445 1278 ,
468 1254 550 1274 unam
572 1255 632 1282 quae
661 1255 723 1275 sero
747 1248 927 1275 Sabbatorum
962 1248 1033 1283 apud

248 1292 540 1324 IIatthamm.alteram
569 1303 629 1329 qua:
658 1295 728 1331 apud
742 1294 875 1322 Joannem
892 1302 972 1323 mane
1000 1295 1034 1322 ad

246 1343 451 1366 monumentum
466 1340 556 1373 venit;
580 1341 702 1367 eamdem
722 1341 791 1368 hanc
803 1348 874 1371 esse,
890 1341 924 1368 de
937 1349 989 1375 qua
1007 1344 1034 1368 et

247 1384 353 1411 Marcus
365 1385 495 1419 loquitur,
506 1389 534 1412 et
545 1385 579 1412 de
596 1394 648 1421 qua
667 1386 799 1413 dmmonia
825 1391 928 1422 septem
948 1387 1034 1421 ejecta

247 1429 364 1457 fixerant.
378 1429 500 1465 Namun
516 1432 606 1462 aliam,
623 1431 711 1466 inquit
727 1431 870 1463 Eusebius,
886 1441 939 1460 non
953 1433 1033 1464 hanc,

249 1474 433 1510 Magdalenem
449 1485 504 1512 prie
525 1477 612 1505 oculis
626 1478 730 1505 habens
744 1478 851 1507 Marcus
865 1479 901 1505 ait
915 1489 921 1506 :
942 1488 950 1502 ι
965 1478 1033 1506 Cum

247 1526 337 1548 autem
351 1523 524 1555 surrexisset,
539 1531 617 1551 mane
635 1532 687 1551 una
703 1525 883 1552 Sabhatorum
908 1527 1034 1561 apparuit

248 1568 336 1601 primo
348 1567 438 1595 Maria:
459 1568 635 1603 Magdaleme,
660 1571 694 1598 de
719 1579 772 1607 qua
787 1576 888 1606 septem
901 1571 1034 1599 dtemonia

247 1615 374 1650 eiecerat.
389 1624 398 1639 ι
415 1615 501 1650 Atque
524 1615 581 1643 haec
611 1617 718 1644 videtur
732 1625 792 1654 qua!
817 1617 913 1649 audiit,
929 1617 967 1645 Ne
992 1626 1035 1646 me

247 1666 353 1696 tangas,
371 1668 424 1687 non
441 1669 500 1695 qua:
515 1662 584 1701 apud
600 1661 766 1691 Matthzeum.
780 1662 846 1690 Nam
867 1667 895 1690 ut
924 1665 1034 1692 verissi-

1082 1063 1147 1096 γοῦν
1160 1062 1208 1093 τὰς
1222 1063 1313 1093 πάσας
1328 1061 1436 1097 Μαρίας
1454 1062 1493 1097 τῷ
1507 1061 1586 1089 πάθει
1601 1062 1648 1088 τοῦ
1660 1062 1776 1098 Χριστοῦ
1802 1063 1873 1098 μετὰ

1081 1108 1136 1135 τῶν
1152 1101 1238 1136 ἄλλων
1261 1108 1396 1143 γυναικῶν
1418 1108 1597 1144 εὑρίσκομεν
1614 1107 1724 1144 πρώτην
1741 1108 1789 1143 μὲν
1803 1109 1871 1135 Θεο-

1083 1154 1172 1185 τόκον,
1185 1154 1316 1190 δευτέραν
1338 1154 1366 1180 δὲ
1389 1154 1437 1189 τὴν
1457 1153 1572 1189 ἀδελφὴν
1592 1154 1676 1188 αὐτῆς
1699 1154 1807 1190 Μαρίαν
1821 1153 1872 1190 τὴν

1082 1200 1129 1227 τοῦ
1144 1200 1273 1232 Κλεωπᾶ,
1293 1200 1338 1227 καὶ
1359 1200 1452 1237 τρίτην
1476 1200 1525 1235 τὴν
1544 1199 1725 1235 Μαγδαληνήν
1736 1209 1742 1214 ·
1756 1201 1829 1231 τινὲς
1842 1200 1871 1226 δέ

1084 1254 1165 1281 φασιν
1188 1246 1216 1278 ἐξ
1238 1245 1327 1272 αὑτῶν
1350 1244 1396 1271 δύο
1419 1243 1488 1271 εἶναι
1511 1244 1706 1279 Μαγδαληνάς·
1727 1244 1791 1279 μίαν
1809 1243 1871 1279 μὲν,

1083 1293 1132 1328 τὴν
1149 1292 1198 1327 ὀψὲ
1215 1292 1358 1320 Σαὸὒάτων
1369 1291 1445 1327 παρὰ
1458 1291 1497 1327 τῷ
1508 1291 1638 1326 Ματθαίῳ
1650 1312 1656 1323 ,
1671 1291 1769 1327 ἑτέραν
1781 1291 1809 1318 δὲ
1821 1291 1871 1326 τὴν

1084 1338 1159 1374 παρὰ
1176 1338 1215 1373 τῷ
1229 1338 1337 1374 Ἰωάννῃ
1352 1338 1458 1373 πρωῗας
1476 1338 1521 1364 ἐπὶ
1535 1338 1563 1364 τὸ
1582 1339 1711 1372 μνημεῖον
1729 1337 1870 1369 ἐλθοῦσαν,

1083 1384 1185 1420 ταύτην
1203 1384 1232 1410 δὲ
1254 1382 1322 1411 εἶναι
1341 1384 1388 1419 τὴν
1408 1385 1454 1410 καὶ
1468 1384 1573 1420 Μάρκῳ
1589 1383 1765 1418 δηλουμένην,
1779 1383 1825 1418 ἀφ’
1837 1381 1871 1420 ἧς

1085 1431 1244 1466 ὲκὸεόλήκει
1260 1430 1330 1456 ἑπτὰ
1343 1430 1468 1465 δαιμόνια
1478 1438 1484 1445 ·
1499 1430 1536 1461 ὡς
1547 1430 1599 1465 γὰρ
1613 1429 1695 1465 οὔσης
1706 1430 1752 1456 καὶ
1765 1430 1871 1465 ἑτέρας,

1086 1477 1177 1512 φησὶν,
1194 1477 1224 1503 οὺ
1241 1476 1368 1511 τοιαύτης
1385 1476 1575 1511 Μαγδαληνῆς,
1593 1476 1724 1512 ἐτήρησεν
1735 1477 1749 1502 ὸ
1760 1476 1873 1511 Μάρκος

1084 1521 1162 1548 τοῦτο
1175 1521 1271 1548 εἰπών·
1289 1531 1298 1546 ‹
1310 1521 1440 1553 Ἀναστὰς
1455 1521 1482 1547 δὲ
1501 1521 1571 1556 πρωῒ
1582 1522 1614 1556 τῇ
1635 1521 1686 1556 μιᾷ
1697 1520 1750 1547 τῶν
1764 1519 1872 1546 Σαϐϐά-

1084 1577 1138 1595 των
1153 1568 1240 1602 ἐφάνη
1254 1568 1349 1604 Μαρίᾳ
1366 1568 1474 1603 πρῶτον
1485 1569 1516 1603 τῇ
1532 1567 1708 1602 Μαγδαληνῇ,
1726 1564 1815 1602 ἀφ’ἦς
1832 1568 1875 1593 ἐχ-

1086 1614 1211 1650 6ε6λήκει
1226 1614 1294 1641 ἑπτὰ
1307 1614 1442 1653 δαιμόνια.
1457 1624 1466 1640 ν
1477 1615 1532 1640 Καὶ
1546 1613 1648 1650 ταύτην
1660 1614 1724 1646 ἴσως
1739 1612 1809 1640 εἶναι
1823 1613 1874 1648 τὴν

1086 1662 1250 1694 ἀκούσασαν,
1264 1663 1308 1698 Μή
1324 1671 1374 1698 μου
1387 1663 1482 1694 ἅπτου,
1491 1662 1546 1689 ἀλλ’
1556 1662 1587 1689 οὐ
1601 1662 1650 1698 τὴν
1663 1662 1738 1700 παρὰ
1752 1662 1791 1697 τῷ
1801 1662 1878 1688 Ma.-

249 1714 320 1732 mum
336 1707 371 1733 sit
389 1707 461 1733 illam
490 1699 598 1742 quoque
620 1707 743 1743 Magdalo
771 1709 856 1737 fuisse
878 1710 1032 1743 oriundam,

1086 1709 1161 1745 θαίῳ.
1175 1710 1206 1736 Et
1216 1709 1270 1745 γὰρ
1281 1697 1330 1736 xit
1337 1709 1369 1736 τὰ
1381 1709 1496 1744 μάλιστα
1510 1709 1623 1744 κάκείνη
1636 1709 1690 1736 ἀπὸ
1702 1697 1876 1744 τῆςΜαγδα-

249 1751 321 1778 haud
336 1756 427 1779 tamen
447 1753 522 1787 paria
546 1753 644 1788 probra
664 1753 697 1781 de
723 1762 754 1781 ea
781 1754 1033 1790 narratSeriptura.

249 1797 326 1830 Quod
337 1797 359 1825 si
380 1806 461 1825 unam
477 1799 654 1834 eamdemque
666 1796 853 1834 Magdalenen]
873 1801 935 1836 quis
950 1801 1034 1834 dicat,

249 1844 338 1872 adhuc
351 1849 440 1872 tamen
452 1844 571 1872 veridica
592 1850 656 1873 sunt
673 1853 751 1874 sacra
776 1845 933 1882 Evangelia,
949 1855 1037 1882 neque

251 1890 306 1916 ullo
322 1890 402 1917 modo
418 1891 489 1917 inter
504 1898 533 1918 se
558 1891 734 1926 discrepant;
761 1892 896 1928 siquidem
912 1893 1036 1921 eamdem

249 1937 378 1964 exhibent
396 1936 509 1965 Mariam
537 1937 722 1973 Magdalenem
749 1943 776 1966 et
809 1947 863 1966 non
882 1943 1036 1975 tangentem

251 1983 338 2018 primo
353 1981 446 2010 Jesum
459 1991 520 2010 cum
529 1988 587 2012 erat
604 1984 755 2015 incredula,
767 1989 793 2012 et
809 1985 908 2013 deinde
923 1990 1039 2021 tangen-

251 2033 304 2056 tem
321 2029 413 2056 statim
428 2037 460 2057 ac
486 2030 564 2065 jussa
586 2034 629 2058 est
651 2031 770 2066 gaudere
784 2039 846 2058 cum
871 2031 924 2059 alia
943 2030 1037 2060 Maria.

251 2074 439 2110 Quippeillum
459 2079 598 2110 postremo
617 2081 646 2103 ut
661 2076 746 2104 Deum
761 2076 894 2108 adoravit.
917 2085 973 2104 non
988 2077 1038 2106 ho-

252 2121 332 2149 minis
346 2119 433 2149 instar
445 2122 550 2155 habuit,
570 2122 645 2153 velut
658 2123 734 2150 initio
758 2131 820 2150 cum
835 2123 914 2156 ﬂebat
925 2127 1039 2158 eratque

251 2167 399 2194 incredula.

1088 1754 1169 1790 ληνῆς
1194 1754 1316 1790 ὡρμᾶτο,
1331 1753 1387 1780 ἀλλ’
1401 1754 1431 1780 οὐ
1455 1753 1489 1780 τὰ
1505 1754 1584 1789 ὅμοια
1602 1754 1647 1784 καὶ
1665 1753 1750 1788 αὐτῆς
1776 1754 1793 1788 ἡ
1815 1752 1877 1779 θεία

1089 1802 1236 1836 κατηγορεῖ
1252 1800 1345 1835 Γραφή
1356 1809 1363 1814 ·
1379 1801 1404 1826 εἰ
1420 1799 1448 1826 δὲ
1465 1800 1529 1835 μίαν
1544 1800 1591 1826 καὶ
1606 1799 1654 1834 τὴν
1665 1800 1749 1835 αὐτὴν
1763 1799 1877 1833 Μαγδα-

1090 1846 1172 1882 ληνὴν
1182 1846 1236 1881 (86)
1249 1845 1360 1881 φήσειέν
1374 1855 1426 1878 τις,
1438 1846 1484 1872 καὶ
1497 1845 1583 1878 οὕτως
1591 1845 1717 1881 ἁληθεὺοι
1727 1845 1759 1872 ἂν
1768 1845 1803 1871 τὰ
1816 1845 1878 1881 ἱερὰ

1090 1893 1253 1927 Εὑαγγέλια,
1268 1894 1327 1920 κατ’
1342 1893 1435 1919 οὐδένα
1454 1892 1531 1926 λόγον
1545 1891 1729 1926 διαφωνοῦντα
1739 1900 1746 1907 ·
1763 1892 1813 1927 τὴν
1830 1891 1879 1917 αὑ-

1090 1939 1139 1974 τὴν
1153 1939 1181 1965 δὲ
1197 1939 1306 1975 Μαρίαν
1318 1939 1366 1974 τὴν
1380 1938 1562 1974 Μαγδαληνὴν
1578 1938 1732 1972 εἰσάγονται
1747 1937 1786 1973 μὴ
1799 1938 1871 1963 ἁτττο

1091 1985 1173 2019 μένην
1191 1985 1319 2021 πρότερον
1335 1984 1381 2011 τοῦ
1399 1985 1510 2020 Κυρίου,
1528 1984 1572 2010 ὅτε
1583 1984 1674 2010 ἔκλαιε
1691 1983 1738 2010 καὶ
1749 1982 1878 2017 ἠπίστευ

1090 2030 1138 2056 καὶ
1161 2030 1317 2066 ἁπτομένην
1340 2030 1433 2062 αὑτοῦ,
1448 2031 1492 2057 ὅτε
1516 2030 1621 2066 χαίρειν
1647 2029 1713 2064 μετὰ
1733 2029 1783 2063 τῆς
1795 2028 1880 2064 ἄλλης

1090 2076 1199 2113 Μαρίας
1224 2076 1270 2102 ὑπ’
1284 2076 1367 2103 αὑτοῦ
1394 2076 1550 2103 κελεύεται·
1574 2076 1667 2110 ἐπειδὴ
1684 2074 1738 2111 γὰρ
1759 2075 1797 2106 ὡς
1812 2073 1880 2100 Θεὸν

1090 2122 1170 2148 αὐτὴν
1187 2122 1389 2159 προσεκύνησεν
1406 2122 1528 2158 ἔσχατον,
1546 2122 1593 2148 καὶ
1603 2121 1651 2157 οὑχ
1675 2121 1713 2152 ὼς
1724 2119 1879 2154 ἄνθρωπον,

1091 2169 1128 2200 ὡς
1141 2169 1271 2204 πρότερον
1287 2169 1330 2196 ὅτε
1345 2168 1434 2196 ἔκλαιε
1448 2168 1494 2194 καὶ
1511 2168 1630 2202 ἠπίστει.

879 2226 945 2254 VIII.
959 2227 1000 2253 Ea:
1013 2227 1104 2254 eodem
1116 2227 1272 2255 Anastasio.

286 2285 314 2312 8.
330 2284 436 2312 Eusebii
452 2293 485 2312 ea:
505 2293 580 2318 opere
595 2285 628 2312 ad
645 2285 792 2314 Marinum.
815 2286 874 2313 Jam
890 2286 963 2320 quod
976 2294 1036 2313 am-

251 2329 361 2365 bigitur,
377 2331 514 2365 quomodo
526 2331 667 2363 Mattbzeus
681 2331 770 2358 visum
789 2336 882 2358 narret
894 2331 1038 2366 discipulis

1127 2285 1162 2321 η’.
1184 2286 1332 2313 Εὑσεϐίου
1343 2286 1376 2312 ἐκ
1390 2284 1449 2315 τῶν
1461 2284 1535 2319 πρὸς
1545 2284 1692 2318 Μαρῖνον.
1713 2283 1781 2318 Περὶ
1793 2283 1822 2309 δὲ
1834 2283 1882 2310 τεῦ

1093 2333 1241 2368 ὲπαπορεῖν
1256 2331 1346 2363 πάλιν,
1355 2331 1414 2365 πῶς
1425 2330 1498 2367 παρὰ
1513 2329 1552 2365 τῷ
1564 2329 1694 2364 Ματθαίῳ
1708 2330 1747 2360 είς
1763 2330 1814 2365 τὴν
1827 2329 1882 2357 Γα-

251 2374 395 2403 Dominum
413 2376 440 2402 in
458 2376 574 2404 Galilaeam:
589 2376 829 2410 monte,.Ioanncs
848 2381 939 2404 autem
965 2377 1034 2404 circa

1094 2377 1198 2405 λιλαίαν
1213 2374 1301 2412 ὦφθαι
1317 2377 1362 2404 τὸν
1376 2377 1478 2413 Κύριον
1493 2377 1549 2408 τοῖς
1566 2375 1698 2411 μαθηταῖς
1710 2376 1739 2401 ὲν
1753 2374 1794 2410 τῷ
1811 2375 1882 2410 ὄρει,

251 2429 327 2449 mare
339 2422 508 2456 Tiberiadis,
526 2424 569 2450 aio
585 2416 711 2459 equidem
726 2444 732 2455 ,
750 2424 822 2451 haud
841 2424 922 2451 semel
940 2427 966 2451 et
991 2424 1040 2451 ile—

251 2475 323 2499 rum,
341 2468 388 2496 sed
405 2469 543 2497 multoties
557 2468 651 2499 Jesum
671 2477 732 2497 esse
746 2474 935 2505 conspectum.
950 2469 1042 2503 Quare

253 2514 364 2541 minime
388 2515 494 2542 errabis
521 2516 545 2542 si
569 2520 696 2550 quartam
724 2516 857 2543 visionem
881 2522 942 2542 esse
966 2515 1039 2541 illam

252 2561 402 2594 putaveris,
429 2568 489 2595 quas
509 2561 581 2595 apud
604 2561 759 2588 Matthazum
775 2562 813 2589 tit.
841 2560 917 2588 Hanc
940 2561 1042 2596 quippe

252 2606 323 2633 haud
334 2607 406 2634 circa
422 2615 496 2635 mare
516 2607 634 2635 Galilaeae
657 2609 843 2643 spectantibus
858 2615 931 2639 eum,
943 2607 990 2634 sed
1013 2607 1041 2634 in

253 2656 345 2678 uionle
365 2652 510 2688 discipulis
534 2654 660 2681 undecim
687 2654 838 2688 contigisse
859 2653 956 2681 scribit
973 2652 1041 2679 Mat-

253 2697 340 2725 thzeus
358 2707 363 2724 :
379 2707 389 2723 ι
410 2698 541 2726 Undecim
562 2704 653 2727 autem
672 2699 799 2738 discipuli
819 2703 998 2734 perrexerunt
1011 2699 1039 2726 in

253 2747 384 2775 montem,
406 2750 485 2779 prout
508 2746 671 2774 condixerat
700 2747 754 2774 illis
769 2745 864 2778 .Iesus,
893 2753 973 2782 quem
1003 2745 1040 2773 ibi

253 2794 430 2824 conspectum
446 2791 640 2822 adoraverunt.
660 2802 669 2819 ›
687 2792 753 2820 Post
779 2793 837 2820 haec
862 2793 922 2820 sine
946 2800 1040 2820 errore

281 2866 345 2930 ‘85)
366 2865 440 2909 Hanc
469 2877 578 2906 quoque
604 2871 832 2906 quaestiunculam
856 2878 918 2898 cum
943 2870 1038 2900 codice

281 2910 294 2930 ι)
306 2910 442 2930 umnensi.
458 2913 530 2930 nunc
546 2905 686 2930 Vaticano.
708 2906 810 2930 utiliter
825 2907 939 2930 contuli.

254 2905 442 2937 Lolumnensi,
458 2905 687 2940 nuncii/alienae,
708 2906 810 2934 utiliter
825 2907 939 2934 contuli.

1094 2423 1169 2460 παρὰ
1177 2423 1205 2450 δὲ
1219 2423 1258 2458 τῷ
1270 2424 1380 2459 Ἰωάννῃ
1394 2423 1468 2459 παρὰ
1481 2423 1530 2458 τὴν
1545 2422 1680 2463 θάλασσαν
1695 2420 1745 2456 τῆς
1753 2420 1882 2456 Τιῦεριά-

1092 2470 1146 2502 δος,
1160 2469 1274 2506 ἐροῦμεν
1288 2470 1328 2496 ὅτι
1342 2470 1372 2496 οὐ
1386 2470 1464 2505 μόνον
1481 2469 1553 2502 ἅπαξ
1565 2468 1611 2496 καὶ
1620 2468 1671 2500 δὶς,
1682 2467 1749 2494 ἀλλὰ
1763 2467 1811 2493 καὶ
1822 2467 1884 2493 πολι.

1092 2516 1171 2548 λάκις
1190 2513 1278 2551 ὦφθαι
1293 2515 1384 2542 αὐτόν.
1394 2516 1439 2542 Διὸ
1450 2515 1582 2550 τετάρτην
1592 2513 1723 2540 ὀπτασίαν
1733 2513 1782 2548 οὐχ
1793 2513 1883 2548 ἀμάρ-

1093 2571 1149 2595 τοις
1168 2563 1216 2599 τὴν
1234 2563 1309 2598 παρὰ
1327 2561 1364 2597 τῷ
1373 2562 1503 2597 Ματθαίῳ
1519 2563 1608 2597 φήσας
1624 2559 1703 2592 εἶναι,
1713 2561 1746 2595 ἣν
1761 2560 1792 2586 οὐ
1806 2560 1883 2595 παρὰ

1094 2608 1142 2644 τὴν
1160 2608 1296 2635 θάλασσαν
1309 2607 1357 2643 τῆς
1371 2607 1524 2639 Γαλιλαίας,
1536 2606 1596 2633 οὐδὲ
1605 2607 1661 2637 τοῖς
1674 2605 1880 2640 ὀπτανομένοις,

1095 2654 1151 2680 ἀλλ’
1169 2654 1197 2681 ἐν
1209 2653 1248 2688 τῷ
1264 2654 1321 2688 ὄρει
1337 2654 1392 2684 τοῖς
1406 2653 1502 2679 ἕνδεκα
1518 2651 1680 2687 πεποιῆσθαι
1697 2650 1852 2686 ἀνέγραψεν
1867 2650 1882 2676 ό

1094 2699 1242 2731 Ματθαῖος,
1259 2698 1342 2725 εἰπών
1352 2707 1359 2714 ·
1376 2709 1385 2724 ι
1401 2699 1433 2725 Οἱ
1446 2698 1474 2724 δὲ
1489 2698 1585 2725 ἕνδεκα
1597 2698 1714 2733 μαθηταὶ
1730 2694 1882 2731 ἐπορεύθη-

1094 2755 1143 2772 σαν
1169 2747 1208 2777 είς
1231 2746 1262 2772 τὺ
1286 2746 1358 2782 ὅρος,
1375 2743 1405 2772 οὗ
1423 2745 1535 2779 ἐτάξατο
1551 2745 1641 2776 αὐτοῖς
1660 2745 1674 2770 ό
1693 2743 1816 2778 Ἰησοῦς·
1834 2743 1881 2768 καὶ

1095 2791 1193 2823 [δόντες
1209 2792 1289 2818 αὐτὸν
1305 2791 1519 2828 προσεκύνησαν.
1540 2800 1549 2817 ι
1568 2790 1622 2816 Καὶ
1646 2789 1713 2824 μετὰ
1735 2787 1815 2815 τοῦτο
1831 2787 1881 2815 οὐκ

1128 2871 1184 2908 (86)
1205 2871 1284 2900 Deest
1304 2873 1332 2900 in
1348 2871 1442 2900 codice
1457 2868 1632 2904 Calumnensi
1649 2867 1842 2903 Μαγδαληνήν.
