2037 3215
186 174 255 202 1015

608 171 869 203 ευΡΡιΕΜΕΝτι
878 175 1130 214 ΩΠΑΖΞΤΙΟΜΞΜ,
1138 177 1184 206 AD
1203 177 1374 207 MABINUM.

1739 184 1808 211 MM

181 232 217 260 ἂν
228 232 358 269 σφαλείης
373 233 457 260 είπὼν
481 233 548 269 ὁμοῦ
569 235 628 261 κατ’
643 235 708 261 αὑτὸ
729 236 911 272 συνηγμένοις
923 238 970 263 αὺ-

1022 237 1108 272 dices,
1129 238 1226 267 iisdem
1242 239 1368 267 undecim
1385 240 1527 276 discipulis
1544 241 1727 277 congregatis,
1743 251 1808 272 nec-

179 278 236 309 τοῖς
252 279 308 310 τοῖς
324 277 419 305 ἓνδεκα
431 278 564 314 μαθηταῖς
580 279 637 313 ἅμα
649 280 696 306 καὶ
712 281 769 312 τοῖς
786 280 972 316 ἐϐδομήκοντα

180 322 270 360 ὦφθαι
286 326 376 352 αὐτόν.
386 326 414 352 '0
428 325 456 352 δὶ
477 325 636 357 Ἀπόστολος
650 326 696 352 καὶ
707 325 746 352 ἔτι
762 326 863 354 τούτων
880 327 970 354 πλείο-

180 379 223 398 σιν
238 371 374 406 ἑωρᾶσθαι
387 371 432 398 τὸν
444 370 546 406 Κύριον
556 372 624 407 μετὰ
636 373 684 408 τὴν
692 372 839 401 ἀνάστασιν
853 373 967 409 ἱστορεῖ,

178 416 281 452 λέγων·
301 418 377 444 (Ὅτι
394 418 541 454 ἐγήγερται
564 419 596 454 τῇ
619 419 698 455 τρίτῃ
719 418 810 455 ἡμέρᾳ
830 419 901 447 κατὰ
921 419 970 452 τὰς

178 462 300 499 Γραφὰς,
315 464 362 490 καὶ
373 464 449 500 ὤφθη
467 465 559 500 Κηφᾷ,
572 465 666 492 ἔπειτα
675 467 731 497 τοῖς
747 464 858 497 δώδεκα,
871 466 965 493 ἔπειτα

178 508 256 545 ὤφθη
272 509 364 536 ἐπάνω
379 511 566 542 πεντακοσίοις
590 511 714 545 ἀδελφοῖς
733 511 850 546 ἐφάπαξ.
865 522 874 538 ι
884 512 965 548 Ὁρᾷς

176 555 271 587 ὁσάκις
294 557 340 582 καὶ
366 556 437 587 ὅσοις
450 556 527 593 ὤφθη
547 557 616 592 μετὰ
636 557 684 593 τὴν
706 558 870 591 ἀνάστασιν;
886 558 964 585 Οὖτω

176 601 290 633 καὶτοῖς
312 603 339 629 ὲν
361 602 534 638 Ἰερουσαλὴμ
549 603 782 639 κρυπταζομένοις
793 603 837 630 διὰ
853 604 899 630 τὸν
914 603 962 638 φό-

176 647 223 674 ϐον
235 647 288 675 τῶν
301 648 446 680 Ἰουδαίων,
457 649 504 675 καὶ
516 649 568 684 πρό
581 658 613 683 γε
624 649 732 677 πάντων
745 649 849 686 ἀνδρῶν
862 649 963 684 Σίμωνι

175 693 215 728 τῷ
232 693 337 729 Πέτρῳ.
355 693 490 728 γυναικῶν
502 694 529 721 δὲ
542 695 604 726 ταῖς
619 695 690 730 ἀμφὶ
705 695 754 731 τὴν
769 694 961 730 Μαγδαληνήνε

174 738 235 766 ὃθεν
251 739 296 766 καὶ
312 740 326 766 ό
341 740 446 772 Λουκᾶς
461 749 526 775 φησι
536 749 542 755 ·
562 750 571 765 ι
585 741 623 767 Δι’
638 741 749 777 ἡμερῶν
760 741 962 777 τεσσαράκοντα

174 785 357 822 ὀπτανόμενος
378 787 425 813 καὶ
441 786 664 822 σνναυλιζόμενος
680 788 780 821 αὐτοῖς,
797 788 831 816 τὰ
848 788 898 824 τῆς
912 788 961 824 βα-

177 830 278 864 σιλείας
294 831 341 858 τοῦ
358 831 424 859 Θεοῦ
438 832 578 868 παρεδίδου
596 833 753 870 μαθήματα.
769 844 788 870 ι.

1021 291 1076 311 non
1087 284 1146 312 aliis
1165 285 1348 320 septuaginta,
1364 285 1456 314 Iesum
1473 289 1641 322 apparuisse.
1661 289 1717 317 lmo
1732 289 1806 325 Apo-

1019 331 1108 358 stolus
1118 331 1206 359 multo
1223 331 1312 360 adhuc
1328 332 1454 367 pluribus
1473 335 1561 361 visunt
1586 342 1647 363 esse
1661 335 1806 364 Dominum

1021 381 1082 413 post
1096 378 1324 412 resurrectionem
1343 379 1386 407 his
1401 380 1492 408 verbis
1507 385 1619 408 narrat:
1634 391 1643 407 ι
1663 381 1732 415 Quia
1744 391 1806 411 sur-

1018 424 1088 451 rexit
1105 425 1184 452 tertia
1195 424 1239 452 die
1251 425 1402 455 secundum
1417 425 1585 461 Scripturas,
1603 427 1732 463 visusque
1754 427 1804 456 Pe-

1020 473 1064 498 tro
1080 474 1133 503 est,
1151 474 1208 498 tum
1224 471 1379 504 duodecim,
1395 471 1495 500 deinde
1507 473 1569 508 plus
1583 473 1740 508 quingentis
1751 473 1806 502 fra-

1019 516 1108 545 tribus
1125 517 1248 545 simul".
1269 527 1278 544 ι
1294 517 1507 552 Viden,quoties
1521 522 1548 546 et
1563 523 1630 554 quot
1646 519 1804 549 hominibus

1018 567 1082 599 post.-
1100 564 1330 592 resurrectionem
1355 569 1520 600 conspectus
1541 565 1642 594 fuerit?
1657 566 1703 594 Sic
1729 568 1803 596 enim

1018 608 1144 643 apparuit
1169 609 1341 637 latitantibus
1365 609 1435 636 intra
1464 608 1678 645 Hierosolymam
1693 614 1804 646 propter

1017 659 1119 682 metum
1136 663 1150 682 ιι
1163 654 1280 689 ludatis;
1299 659 1326 683 et
1341 656 1430 691 primo
1445 656 1566 683 virorum
1587 655 1693 684 Simoni
1709 657 1801 690 Petro,

1016 701 1178 728 feminarum
1191 705 1281 730 autem
1298 701 1472 737 Magdalene.
1491 701 1580 735 Quare
1596 706 1624 730 et
1638 702 1725 730 Lucas
1739 703 1776 730 ait
1792 713 1798 730 ε

1018 757 1028 774 ε
1044 747 1094 775 Per
1115 748 1174 776 dies
1199 743 1379 784 quadraginta
1405 756 1539 784 apparens
1555 750 1607 782 eis,
1625 758 1688 778 cum
1711 751 1800 787 iisque

1015 801 1183 823 conversaris
1199 794 1352 823 doctrinam
1366 794 1400 823 de
1414 803 1499 831 regno
1516 795 1562 824 Dei
1575 796 1697 824 tradidit.
1723 806 1733 823 ι

695 906 741 934 IX.
760 906 802 935 Ex
816 908 906 936 eodem
922 908 1078 943 Anastasio,
1091 914 1186 946 qumt.
1199 910 1258 939 148.

208 964 239 992 θ’.
261 966 408 994 Εὐσεὸιου
417 967 451 994 ὲκ
467 966 519 995 τοῦ
533 967 608 1002 πρὸς
627 967 760 1003 Μαρῖνον
773 968 840 1004 (87).
860 969 916 996 Kal.
929 969 959 995 τὺ

1011 963 1013 966 ⁴
1045 970 1072 997 9.
1092 969 1200 997 Eusebii
1216 978 1248 997 ex
1260 978 1335 1005 opere
1345 965 1383 998 ‘ad
1396 969 1542 998 Marinum.
1554 969 1672 1006 Spiritus
1684 974 1796 999 sanctus

173 1011 224 1047 μὲν
240 1012 291 1039 ὑπὸ
304 1012 422 1048 Χριστοῦ
436 1013 604 1049 ἐμπνευσθὲν
615 1014 726 1049 Πνεῦμα
736 1014 812 1049 ἅγιον
825 1016 881 1046 τοῖς
894 1015 960 1041 ἀπο-

172 1056 285 1089 στόλοις,
299 1057 407 1085 λυτικὸν
430 1059 476 1085 καὶ
503 1059 706 1095 συγχωρητικδν
731 1057 765 1095 ἦν
784 1059 838 1096 (88)
868 1061 959 1096 πάσης

170 1102 322 1139 ἁμαρτίας·
344 1105 374 1132 τὺ
399 1105 427 1131 δὲ
453 1105 655 1140 ἐπηγγελμένον
676 1106 708 1132 τὸ
729 1106 958 1142 βαπτισθήσεσθαι

167 1149 268 1181 αὐτοὺς
289 1151 318 1178 ὲν
340 1151 410 1186 ἁγίῳ
427 1151 574 1186 Πνεῦμα-τι,
591 1152 638 1178 καὶ
663 1154 805 1188 μετασχεῖν
818 1152 958 1188 δυνάμεως

168 1196 371 1231 ἐνεργημάτων,
396 1197 574 1233 ἐνεργητικῆς
596 1197 645 1233 μὲν
670 1197 723 1224 τῶν
751 1198 899 1233 μελλόντων
925 1198 957 1224 δι’

167 1242 259 1269 αὐτῶν
281 1243 469 1270 ἀποτελεῖσθαι
494 1243 651 1280 θαυμάτων,
679 1244 838 1279 ὲνστατικῆς
860 1244 888 1271 δὲ
911 1245 957 1271 καὶ

167 1289 335 1324 καρτερικῆς
348 1289 402 1316 τῶν
418 1289 568 1324 μελλόντων
583 1290 676 1321 αὐτοῖς
689 1289 882 1317 ἐπανίστασθαι
900 1299 957 1317 κιν-

165 1334 263 1361 δύνων.
281 1335 338 1370 Πρὸ
353 1335 408 1371 γὰρ
421 1335 522 1372 ταύτης
536 1336 585 1371 τῆς
599 1335 739 1371 δυνάμεως
751 1335 895 1371 κηρύττειν
908 1336 957 1362 αὑ-

165 1379 230 1412 τοὺς
245 1381 301 1412 τοῖς
316 1380 420 1407 ἔθνεσιν
443 1382 493 1408 οὐκ
515 1381 650 1415 ἐϐούλετο,
668 1381 724 1409 ἁλλ’
739 1381 896 1417 ἐκδέχεσθαι
909 1382 956 1409 καὶ

169 1426 326 1462 περιμένειν
340 1427 424 1463 αὐτὴν
438 1427 466 1460 ἐξ
480 1427 561 1462 ὕψους
578 1429 731 1464 μετασχεῖν.
747 1427 832 1454 Τοῦτο
843 1428 870 1455 δὲ
885 1428 931 1454 καὶ
941 1429 956 1454 ὀ

174 1472 332 1505 Ἀπόστολος
356 1474 386 1500 τὺ
410 1474 532 1510 χάρισμα
548 1474 620 1505 ἰδίως
632 1474 768 1510 ἀφορίζων
787 1473 841 1500 τῶν
855 1474 955 1501 λοιπῶν

165 1519 311 1554 ἐνεργειῶν
322 1518 368 1546 τοῦ
379 1519 457 1553 ἁγίου
469 1520 537 1547 Πνεύ
543 1529 626 1555 ματος
637 1520 757 1547 ἐδίδασκε
768 1520 862 1555 λέγων·
875 1529 884 1545 I
893 1520 956 1546 Ἀλ-

163 1563 203 1599 λῳ
219 1564 247 1591 δὲ
263 1565 436 1601 ἐνεργήματα
452 1565 599 1601 δυνάμεων.
613 1575 622 1591 ι
636 1566 690 1592 Καὶ
704 1567 720 1601 ἡ
734 1567 887 1602 προφητεία
903 1575 955 1602 φη-

165 1610 192 1637 σί
203 1619 210 1624 ·
224 1619 233 1635 ι
245 1611 347 1646 Κύριος
360 1610 439 1637 δώσει
456 1613 530 1647 ῥῆμα
546 1613 601 1644 τοῖς
613 1612 863 1648 εὐαγγελιζομένοις
872 1613 951 1640 δυνά-

166 1664 212 1691 μει
229 1656 321 1692 πολλῇ.
338 1655 404 1688 ιἮς
417 1657 556 1693 δυνάμεως
571 1658 615 1685 ὅτε
629 1659 712 1693 μήπω
724 1660 857 1694 μετεῖχον,
869 1659 953 1694 ὴρνή-
966 1650 990 1680 c

165 1710 248 1728 σαντο
263 1702 345 1729 αὐτὸν
358 1703 381 1729 οὶ
393 1703 491 1736 πάντες
506 1705 553 1731 καὶ
566 1704 812 1741 ἐσκανδαλίσθησαν
827 1705 897 1732 κατὰ
908 1706 953 1733 τὸν

164 1748 261 1784 ⁴(σιρὸν
284 1749 330 1775 τοῦ
355 1749 471 1781 πάθους·
486 1751 530 1777 ὅτε
552 1750 580 1777 δὲ
602 1751 730 1786 μετέσχον
744 1745 837 1786 αὐτῆς,
854 1751 954 1784 πάντες

162 1795 224 1825 ταῖς
235 1794 304 1830 ὑπὲρ
317 1795 433 1830 Χριστοῦ
451 1795 613 1832 μαρτυρίαις
627 1805 657 1823 τε
677 1797 723 1823 καὶ
744 1797 897 1832 ὁμολογίαις
912 1798 954 1824 δι-

162 1839 302 1876 έπρεψαν·
319 1841 500 1873 ἀνακαινίζων
512 1842 565 1877 γὰρ
584 1842 629 1868 τὸν
648 1842 791 1878 ἄνθρωπον
807 1843 821 1869 ὀ
840 1842 952 1878 Κύριος,

161 1885 209 1912 καὶ
224 1886 257 1921 ἢν
273 1886 395 1914 ἀπώλεσε
408 1887 487 1923 χάριν
501 1889 533 1915 ὲκ
546 1888 592 1915 τοῦ
610 1888 806 1924 ὲμφυσήματος
814 1888 862 1915 τοῦ
873 1888 952 1921 Θεοῦ,

160 1929 264 1967 ταύτην
279 1932 359 1958 πάλιν
376 1932 526 1964 ἀποδιδοὺς,
543 1933 707 1968 ἐνεφύσησεν
719 1934 759 1965 είς
771 1933 805 1960 τὰ
818 1933 954 1968 πρόσωπα

1011 1022 1027 1041 a
1048 1014 1157 1043 Christo
1183 1015 1211 1043 in
1224 1016 1365 1051 apostolos
1380 1023 1428 1051 per
1445 1015 1538 1043 ﬂatum
1561 1015 1713 1048 immissus,
1729 1024 1794 1052 pec-

1009 1062 1065 1088 cati
1086 1062 1177 1091 omnis
1200 1062 1323 1090 solvendi
1349 1061 1559 1097 dimittendique
1583 1061 1636 1089 vim
1665 1062 1792 1090 habebat.

1010 1103 1069 1131 Jam
1081 1105 1239 1140 promissio,
1256 1105 1314 1134 fore
1339 1110 1368 1133 ut
1392 1106 1597 1141 baptizarentur
1620 1110 1716 1134 sancto
1731 1107 1794 1142 Spi-

1008 1156 1075 1187 ritu,
1091 1151 1262 1188 signillcabat
1282 1155 1421 1187 compotes
1443 1159 1491 1180 eos
1513 1151 1620 1180 futuros
1647 1152 1785 1181 facultatis

1008 1206 1100 1227 rerum
1117 1197 1310 1233 gerendarum,
1325 1197 1404 1232 cujus
1425 1204 1476 1232 ope
1498 1197 1633 1232 patraturi
1649 1203 1727 1225 erant
1741 1198 1794 1225 mi-

1008 1245 1112 1277 racula,
1130 1245 1241 1279 vimque
1254 1244 1336 1272 etiam
1352 1243 1490 1279 recepturi
1507 1247 1588 1279 atque
1607 1243 1791 1272 constantiam

1008 1292 1140 1319 adversus
1161 1299 1193 1319 ea
1216 1298 1277 1326 quae
1305 1290 1444 1318 instabant
1468 1290 1600 1325 pericula.
1625 1290 1694 1318 Ante
1717 1291 1791 1318 enim

1007 1338 1080 1365 hanc
1095 1340 1234 1372 acceptam
1248 1336 1376 1363 virtutem
1391 1336 1479 1363 noluit
1492 1344 1539 1364 eos
1551 1337 1677 1372 gentibus
1695 1336 1792 1371 praedi-

1007 1391 1082 1416 care,
1104 1383 1151 1412 sed
1186 1382 1339 1419 praestolari
1357 1383 1442 1418 jussit
1459 1386 1540 1418 atque
1555 1390 1683 1414 manere,
1704 1382 1792 1410 donec

1005 1438 1065 1458 eam
1080 1438 1113 1458 ex
1130 1429 1185 1457 alto
1200 1429 1363 1464 reciperent.
1379 1428 1484 1456 Donum
1503 1429 1556 1456 hoc
1568 1429 1652 1456 etiam
1674 1427 1792 1463 Aposto-

1006 1476 1050 1503 lus
1073 1476 1139 1503 satis
1162 1483 1177 1502 a
1191 1475 1305 1510 reliquis
1328 1475 1415 1502 sancti
1441 1475 1560 1510 Spiritus
1586 1474 1790 1509 operationibus

1007 1521 1164 1549 discernere
1180 1529 1210 1548 se
1225 1521 1359 1556 signiﬁcat
1374 1520 1438 1548 dum
1455 1522 1491 1548 ait
1507 1530 1513 1548 ε
1532 1529 1541 1546 ‹
1557 1521 1608 1547 Alii
1621 1521 1791 1556 opcrationes

1005 1567 1175 1595 vinctum“.
1192 1577 1201 1592 ι
1212 1566 1280 1593 Tum
1296 1566 1438 1601 prophetia
1453 1566 1518 1593 dicit
1531 1576 1536 1593 :
1553 1576 1561 1591 ι
1576 1566 1706 1593 Dominus
1716 1565 1790 1593 dabit

1005 1612 1118 1640 verbum
1145 1611 1398 1646 cvangelizantihus
1421 1611 1523 1638 virtute
1550 1611 1674 1638 multa".
1700 1620 1708 1636 ι
1731 1610 1789 1643 Qua

1006 1658 1105 1685 virtute
1119 1665 1181 1684 cum
1197 1656 1318 1684 nondum
1333 1661 1412 1684 erant
1427 1656 1517 1690 politi,
1536 1659 1703 1691 negaverunt
1725 1663 1788 1683 eum

1005 1712 1112 1736 omnes.
1132 1706 1159 1731 et
1174 1703 1304 1730 seandalo
1321 1701 1459 1737 passionis
1474 1705 1598 1736 tempore
1615 1701 1685 1736 lapsi
1705 1705 1787 1729 sunt:

1005 1750 1050 1777 illa
1070 1753 1161 1777 autem
1177 1749 1330 1784 impetrata,
1361 1748 1451 1775 cuncti
1466 1748 1592 1782 protinus
1606 1748 1789 1776 confessioni-

1005 1795 1057 1822 bus
1071 1794 1290 1829 lestimoniisque
1303 1800 1357 1828 pro.
1365 1793 1475 1821 Christo
1489 1793 1571 1820 editis
1588 1792 1786 1820 inclaruerunt.

1004 1841 1127 1869 lienovat
1156 1841 1228 1868 enim
1253 1839 1390 1867 hominem
1410 1839 1481 1866 Deus
1499 1859 1507 1871 ,
1524 1839 1561 1866 ita
1577 1843 1608 1865 ut
1627 1846 1707 1874 quam
1724 1845 1789 1874 gra-

1007 1886 1072 1914 tiam
1087 1885 1168 1913 homo
1180 1884 1320 1916 amiserat,
1343 1883 1391 1910 Dei
1413 1883 1478 1911 olim
1501 1883 1680 1917 inspiratione
1701 1882 1787 1909 colla-

1005 1936 1073 1963 tam,
1091 1930 1178 1958 eidem
1195 1929 1266 1956 hanc
1289 1936 1387 1957 rursus
1408 1927 1481 1956 Deus
1505 1927 1670 1958 attribuerit,
1698 1926 1725 1953 in
1747 1926 1795 1954 faq

1003 1977 1073 2003 ciem
1086 1974 1286 2010 discipulorum
1303 1974 1442 2010 inspirans
1458 1973 1501 2002 his
1513 1973 1603 2001 verbis
1619 1982 1626 2000 ε
1645 1982 1654 1999 ι
1665 1972 1787 2008 Accipite

1008 2020 1140 2057 Spiritum
1157 2024 1293 2048 sanctum.
1314 2028 1324 2046 ι

162 1975 218 2002 τῶν
234 1976 361 2012 μαθητῶν
378 1977 474 2012 λέγων,
495 1987 504 2004 ι
518 1978 622 2005 Λάϐετε
636 1978 749 2013 Πνεῦμα
763 1978 848 2012 ἅγιον.
867 1988 876 2004 ι

312 2085 346 2113 X.
361 2085 402 2113 Ea:
418 2086 530 2114 Macarii
543 2086 748 2123 Chrysacep/tali
764 2087 818 2124 (89)
835 2087 992 2123 Florilegio,
1006 2087 1076 2123 apud
1091 2087 1276 2119 Vitloisonum,
1288 2086 1420 2114 Anecdot.
1433 2091 1453 2114 t.
1470 2085 1512 2118 II,
1528 2095 1555 2121 ρ.
1573 2086 1615 2113 74.

199 2147 224 2170 ι’.
246 2144 373 2176 Εὐσέϐιος
390 2145 418 2171 δὲ
434 2146 447 2171 ὁ
462 2145 606 2180 Παμφίλου
627 2146 655 2171 ὲν
671 2147 705 2181 τῇ
728 2145 802 2180 πρὸς
818 2145 951 2181 Μαρῖνον

1039 2145 1082 2173 10.
1100 2145 1236 2172 Eusebius
1264 2143 1397 2180 Pamphili
1421 2144 1448 2172 in
1472 2144 1587 2179 epistola
1600 2143 1634 2171 ad
1651 2142 1787 2171 Marinum

159 2191 288 2226 ἐπιστολῇ
303 2191 359 2226 (90)
373 2190 459 2223 οὕτως
472 2192 609 2227 ἐξηγεῖται
623 2192 653 2218 τὸ
668 2191 808 2227 προτεθὲν,
825 2191 866 2218 ὅτι
882 2192 951 2219 διαι-

1009 2192 1181 2228 quaestionem
1204 2191 1244 2219 sic
1266 2191 1394 2226 explicat,
1418 2190 1491 2225 quod
1516 2197 1614 2225 nempe
1639 2189 1787 2226 divisiopes

161 2236 253 2271 ρέσεις
269 2235 444 2271 χαρισμάτων
457 2236 511 2262 εἰσὶ
530 2236 599 2262 κατὰ
620 2235 665 2262 τὸν
687 2235 856 2268 Ἀπόστολον,
872 2236 902 2263 τὸ
922 2236 950 2263 δὲ

1009 2240 1153 2275 ;ratiarnm
1169 2242 1244 2269 sunt,
1260 2241 1290 2265 ut
1305 2237 1342 2264 ait
1359 2237 1517 2272 Apostolus.
1529 2236 1600 2264 idem
1616 2240 1707 2264 autem
1725 2235 1786 2270 Spi—

159 2282 227 2309 αὐτδ
243 2281 363 2317 Πνεῦμα.
383 2282 436 2308 Καὶ
450 2281 529 2309 πάλιν
541 2291 547 2297 -
563 2282 669 2317 ἑκάστῳ
681 2281 780 2308 δίδοται
796 2282 812 2317 ὴ
828 2281 950 2318 φανέρω-
966 2287 970 2315 1

1009 2286 1083 2312 ritus.
1113 2284 1286 2318 Rursusque,
1304 2282 1378 2318 quod
1401 2282 1550 2318 unicuique
1576 2282 1682 2313 lumen,
1706 2286 1786 2317 prout

160 2337 203 2360 σις
215 2328 281 2363 πρὸς
296 2328 326 2354 τὺ
340 2328 487 2364 συμφέρονπ
506 2337 515 2354 ι
531 2325 567 2363 ⁴ᾫ
580 2328 628 2364 μὲν
643 2328 696 2363 γὰρ
708 2327 751 2354 διὰ
763 2327 811 2354 τοῦ
823 2328 948 2364 Πνεύμα-

1009 2339 1072 2367 )pus
1084 2330 1176 2362 fuerit,
1185 2329 1343 2357 attribuitur
1357 2339 1363 2357 :
1380 2338 1389 2354 ι
1400 2328 1453 2356 Alii
1467 2328 1577 2364 quidem
1593 2335 1683 2356 sermo
1696 2327 1786 2356 scien-

158 2385 206 2408 τος
219 2375 319 2402 δίδοται
331 2375 408 2410 λόγος
418 2375 523 2410 σοφίας,
535 2375 605 2411 ἄλλῳ
617 2375 644 2402 δὲ
656 2375 734 2410 λόγος
743 2374 868 2410 γνώσεως
879 2376 948 2404 κατὰ

1009 2378 1046 2405 Liae
1062 2376 1212 2404 secundum
1232 2375 1357 2403 eumdem
1374 2374 1522 2410 Spiritum;
1542 2374 1589 2401 alii
1611 2373 1678 2401 ﬁdes
1701 2374 1785 2401 ineo-

158 2423 190 2450 τὸ
205 2422 270 2450 αὐτὸ
283 2422 393 2458 Πνεῦμα
403 2431 409 2437 ⁸
425 2422 510 2459 ἑτέρῳ
526 2423 559 2449 δὲ.
571 2423 660 2454 πίστις
675 2423 704 2448 ὲν
717 2422 755 2458 τῷ
771 2422 844 2458 αὐτῷ
862 2422 948 2449 Πνεύ-

1009 2422 1062 2450 lem
1096 2421 1210 2457 Spiritu,
1239 2420 1285 2448 alii
1312 2420 1498 2455 prodigiorum
1528 2419 1626 2451 virtus,
1657 2419 1701 2446 alii
1723 2426 1787 2454 ιιι-οη

161 2478 238 2505 ματι,
253 2468 325 2504 ἄλλῳ
341 2469 368 2495 δὲ
391 2469 567 2504 ἐνεργήματα
584 2468 638 2503 (91)
661 2468 811 2503 δυνάμεων,
829 2468 901 2503 ἄλλῳ
919 2468 947 2494 δὲ

1009 2468 1108 2499 )hetiaa,
1136 2467 1181 2494 alii
1206 2466 1387 2495 discretiones
1414 2466 1572 2502 spirituum,
1602 2466 1647 2493 alii
1679 2466 1785 2501 lingua-

159 2516 334 2551 προφητεῖαι,
351 2514 423 2549 ἄλλῳ
435 2514 463 2541 δὲ
473 2514 621 2550 διακρίσεις
635 2513 807 2549 πνευμάτων,
820 2515 905 2550 ἑτέρῳ
918 2515 946 2541 δὲ

1009 2521 1061 2541 -ιιηι
1076 2512 1222 2541 multitudo
1241 2522 1247 2540 ι
1262 2521 1323 2549 qua:
1339 2517 1431 2541 tamen
1446 2512 1538 2540 omnia
1561 2517 1690 2547 operatur
1714 2519 1784 2539 unus

198 2593 222 2608 "
240 2593 250 2620 Ι
267 2592 331 2621 Cor.
349 2601 396 2626 xv,
412 2593 439 2620 4.
478 2593 500 2608 "’
521 2591 531 2618 Ι
547 2592 611 2620 Cor.
630 2599 668 2620 xu
681 2612 689 2626 ,
708 2592 752 2620 10.
787 2593 810 2609 ’⁸
830 2593 902 2620 Psal.
915 2601 987 2620 uvu
999 2613 1006 2625 ,
1026 2593 1069 2621 l2.

993 2685 1060 2712 mihi
1077 2684 1106 2712 S.
1122 2684 1215 2722 Cyrilli
1236 2683 1385 2723 fragmenta
1400 2683 1661 2723 _Con_tmer_r_t_ariqrum
1672 2681 1717 2723 _¢_rd
1733 2681 1784 2723 La:

997 2729 1056 2747 cam
1083 2718 1358 2748 non‘contemn’enda
1383 2720 1489 2746 obtulit.
1516 2719 1642 2753 Ejusdem
1672 2718 1784 2753 Macarii

997 2756 1073 2783 locos
1088 2756 1256 2791 dogmaticos
1278 2755 1378 2790 protuli
1398 2754 1544 2783 identidem
1565 2754 1593 2781 in
1609 2753 1676 2781 meis
1685 2753 1719 2780 ad
1735 2752 1783 2781 Ni-

997 2791 1145 2830 εερὲιρτιιιπ)
1162 2790 1294 2830 ξειιοιίῖεκ
1337 2825 1355 2830 -
1407 2825 1443 2830 ..
1495 2825 1525 2830 _.

1033 2822 1088 2861 '(90)
1109 2825 1265 2861 Xiphilinus
1288 2825 1315 2853 in
1337 2825 1477 2853 Dominica
1495 2825 1616 2857 Thomas.
1640 2823 1702 2852 cod.
1719 2822 1778 2852 Vat.

998 2869 1024 2897 p.
1043 2860 1212 2897 149,7rc'citat
1228 2861 1278 2888 hoc
1293 2861 1381 2897 ipsum
1399 2861 1507 2889 Eusebii
1525 2860 1717 2896 fragmentum.

1034 2897 1088 2931 (9|)
1107 2896 1201 2931 Xiph.,
1214 2896 1391 2932 ἑνεργήματι.

197 2684 256 2746 (ὃὲ
276 2683 363 2711 Verba
375 2685 411 2725 ἐκ
426 2683 478 2711 τοῦ
494 2684 567 2718 πρὸς
585 2683 718 2719 Μαρῖνον
736 2685 836 2712 desunt
851 2685 877 2712 in
893 2693 940 2712 co-

197 2727 223 2746 :e
260 2720 424 2746 olumnenst.

159 2720 223 2747 dice
236 2719 424 2747 Columnensi.

197 2755 254 2790 (88)
276 2754 354 2782 Deest
366 2753 400 2790 ἦν
417 2755 443 2782 in
457 2754 560 2782 codice.
579 2753 631 2782 Sed
646 2758 736 2782 tamen
751 2759 846 2790 caetera
857 2755 946 2790 plera-

161 2798 218 2823 que
241 2790 352 2817 meliora
379 2789 443 2817 Sunt
465 2789 494 2816 in
511 2790 604 2817 codice
620 2798 701 2824 quam
723 2790 749 2816 in
771 2789 945 2817 Gretsériana

162 2824 303 2853 Anastasii
314 2824 442 2857 editione,
459 2833 519 2861 quae
533 2825 656 2859 plurimis
671 2825 722 2852 heu
738 2825 858 2853 mendis!
869 2826 944 2854 labo-

163 2864 215 2887 l'ﬂl.

200 2894 258 2929 (89)
280 2894 326 2923 Est
341 2895 385 2922 hic
399 2895 468 2923 idem
485 2894 618 2923 Macarius
636 2895 883 2932 Chrysocephalus.
900 2896 946 2932 qui
