2037 3215
147 170 213 197 ΙἯἹ
512 170 658 200 ECLOGAE
678 171 917 202 PROPHETICE.
930 190 966 196 —
978 174 1022 202 DE
1037 174 1162 203 CODICE
1179 175 1235 203 MS.
1257 175 1391 205 VINDOB.
1686 178 1754 208 1018

167 278 1744 302 ‘W—m

429 386 856 477 EUSEBII
936 384 1467 498 PAMPHILI

710 561 887 593 EPISCOPI
919 561 1183 593 CESABIENSIS

481 667 813 731 ECLOGIE
859 669 1285 733 ΡΒΟΡΗΕΤΙ(

598 667 813 731 [λΟὓίΕ
859 669 1402 733 ΡΒΟΡΗΕΤΙΟᾸΕ.

176 797 207 827 Ε
227 796 331 841 codice
346 800 560 841 manuscijpto
575 799 768 841 bibliotheca
782 800 929 841 Caesarea:
950 800 1192 841 Vindobonfensis
1217 811 1299 832 nunc
1314 802 1452 841 primum
1467 800 1565 832 edidit
1584 802 1716 832 Thomas

238 837 410 876 GAISFORD,
425 838 458 870 S.
477 837 516 870 ΤΣ
528 839 579 878 Ρ.,
595 839 669 871 tedis
683 840 803 872 Christi
817 840 952 871 decanus
967 850 1088 871 necnon
1102 840 1217 881 linguw
1231 837 1345 872 Graece
1358 841 1521 880 professor
1535 841 1652 880 regius.

627 947 723 978 Oxonii,
738 954 753 972 e
767 948 934 980 typograpbeo
948 948 1102 979 Academico,
1114 947 1183 979 1842,
1201 949 1264 974 in-8.

428 1106 743 1139 MRTHOLOMEO
763 1108 1000 1140 KOPITARIO
1023 1109 1193 1141 THOMAS
1211 1111 1232 1141 6

652 1108 743 1139 MEO
763 1108 1000 1140 KOPITARIO
1023 1109 1193 1141 THOMAS
1211 1110 1419 1141 GAISFORD
1432 1111 1456 1142 S

174 1201 251 1229 Redit
264 1201 298 1229 ad
314 1206 348 1234 te,
365 1203 404 1230 vir
419 1203 529 1238 egregie,
546 1211 621 1237 quem
639 1208 662 1230 te
685 1209 844 1238 procurante
858 1211 890 1230 ea:
903 1205 1081 1239 manuscripto
1098 1205 1203 1240 inclyta:
1219 1205 1379 1234 bibliotheca:
1390 1206 1519 1234 Ctesarete
1538 1206 1627 1234 codice
1645 1207 1763 1242 ﬁdeliter

135 1247 297 1282 descriptum
313 1249 417 1284 accepi,
441 1249 544 1277 libellus
558 1250 724 1278 Eusebianus
737 1271 745 1283 ,
770 1251 919 1278 litterarum
945 1251 1068 1286 formulis
1081 1252 1231 1279 Academico
1247 1257 1343 1281 nostra:
1358 1252 1501 1279 luculenter
1527 1253 1679 1288 impressus.
1706 1253 1760 1286 Qui

135 1302 198 1323 cum
217 1294 249 1321 ab
265 1296 435 1331 antiquarum
458 1305 544 1324 rerum
562 1306 592 1324 ac
620 1299 767 1332 pra’sertim
792 1297 928 1334 theologiw
950 1298 1076 1326 studiosis
1096 1299 1143 1326 diu
1167 1301 1328 1335 multumque
1342 1298 1506 1326 desideratus
1524 1299 1621 1334 fuerit,
1638 1307 1689 1326 non
1706 1306 1760 1326 mo-
1778 1301 1789 1311 ’

135 1341 226 1369 diocri
241 1342 335 1370 ltetitia
349 1343 437 1377 efferri
453 1352 493 1371 me
511 1344 613 1378 fateor,
643 1344 686 1370 cui
707 1352 753 1378 per
773 1344 978 1372 benevolentiam
997 1349 1070 1371 tuam
1087 1345 1225 1381 contigerit
1237 1353 1269 1372 ea:
1284 1346 1432 1379 pluteorum
1446 1345 1557 1372 tenebris
1579 1350 1633 1372 tam
1659 1346 1761 1380 insigne

135 1389 231 1417 reteri:
245 1390 293 1416 teni
306 1395 500 1417 monumentum
512 1392 664 1425 protrahere
677 1398 762 1425 posse.
782 1390 912 1418 Ca'terum
930 1391 957 1417 in
974 1391 1071 1418 edendo
1087 1391 1155 1418 hanc
1183 1391 1246 1418 mihi
1273 1391 1353 1426 legem
1375 1392 1525 1426 prtescripsi
1536 1411 1543 1424 ,
1567 1396 1597 1418 ut
1625 1391 1761 1419 lectionem

136 1434 283 1469 apographi
296 1434 390 1470 ubique
403 1443 491 1470 presse
511 1444 641 1471 sequerer,
654 1437 705 1463 nisi
724 1436 751 1463 in
767 1437 983 1470 interpunctione,
1001 1441 1026 1463 et
1048 1437 1077 1464 in
1092 1437 1226 1472 spiritibus
1237 1443 1261 1465 et
1276 1437 1435 1469 accentibus,
1454 1437 1499 1472 qui
1520 1436 1662 1464 admodum
1674 1437 1757 1473 negli-

135 1486 229 1516 genter
242 1482 322 1515 positi
334 1486 412 1513 sunt;
429 1490 508 1517 neque
519 1488 610 1517 aperta
622 1483 744 1518 quwdam
762 1483 867 1510 librarii
883 1483 948 1510 vitia
958 1503 965 1516 ,
984 1484 1064 1510 cuivis
1080 1483 1158 1518 facile
1179 1483 1349 1519 corrigenda,
1365 1482 1494 1511 servanda
1509 1483 1594 1510 duxi:
1609 1493 1721 1520 quorum
1737 1485 1760 1512 si

135 1534 234 1561 pauca,
251 1536 331 1563 eaque
347 1528 495 1561 levissima,
513 1529 590 1557 tacite
602 1529 764 1561 sustulerint.
781 1529 807 1556 in
820 1529 951 1565 plerisque
966 1529 1135 1557 emendandis
1148 1530 1188 1556 ita
1202 1534 1319 1557 versatus
1331 1538 1404 1561 sum,
1418 1533 1446 1556 ut
1458 1537 1515 1564 qua:
1528 1531 1669 1556 resecando
1685 1537 1761 1565 eran‘

136 1575 243 1605 uncinis
257 1575 395 1610 quadratis
412 1576 613 1608 circumdarem,
628 1584 686 1610 qum
711 1576 831 1603 addenda
847 1576 885 1603 vel
911 1575 1051 1609 mutanda,
1062 1576 1172 1603 lunulis.
1202 1576 1253 1603 Sed
1279 1584 1359 1611 neque
1382 1577 1622 1611 interpretationem
1637 1576 1761 1603 Latinam

136 1630 222 1657 neque
238 1621 418 1649 adnotationis
439 1622 501 1657 quid
528 1622 619 1650 addidi
637 1624 698 1658 (a):
720 1632 771 1650 non
795 1624 864 1650 enim
888 1623 959 1650 volui
985 1623 1094 1650 nimiam
1120 1623 1204 1658 operis
1226 1631 1328 1650 moram
1343 1623 1470 1657 injicere:
1487 1624 1515 1650 in
1531 1623 1649 1659 margine
1675 1628 1762 1649 tamen

138 1669 254 1704 (prwter
275 1677 397 1696 numeros
420 1669 546 1704 foliorum
571 1669 667 1697 codicis
690 1678 740 1698 ms.
760 1670 793 1697 ad
822 1671 958 1698 sinistram
980 1669 1137 1705 collocatos)
1163 1678 1246 1696 sacrae
1267 1669 1412 1703 Scriptura:
1428 1669 1632 1705 ‘paucerumque
1646 1669 1761 1695 aliorum

136 1715 298 1750 scriptorum
312 1716 344 1742 ab
358 1715 471 1744 Eusebio
483 1718 623 1744 citatorum
637 1717 694 1743 loca
711 1717 830 1751 apposui,
849 1725 879 1745 ne
896 1717 922 1743 in
937 1716 1030 1744 iisdem
1041 1715 1170 1743 rimandis
1181 1720 1205 1743 et
1216 1715 1382 1750 conferendis
1401 1715 1482 1742 lector
1499 1716 1632 1750 ingratum
1643 1714 1760 1743 laborem

137 1767 316 1795 consumeret,
329 1767 386 1795 aut,
400 1770 445 1797 per
464 1762 592 1789 desidiam
603 1762 651 1789 hoc
666 1763 791 1798 neglecto,
810 1767 922 1790 mentem
939 1761 1055 1790 auctoris
1070 1762 1156 1788 minus
1175 1766 1243 1788 recte
1258 1760 1395 1795 aliquoties
1409 1760 1559 1794 perciperet.
1585 1759 1660 1786 Vale.

213 1839 316 1867 Dabam
328 1848 360 1868 ea:
377 1840 433 1868 wde
448 1840 549 1868 Christi
560 1841 588 1867 d.
602 1840 669 1867 Maii
685 1841 715 1868 51
743 1840 821 1868 1842.

175 1924 215 1960 (a)
235 1925 485 1961 lnterpretationem
504 1925 615 1952 latinam
632 1923 818 1952 adornandam
834 1923 1000 1954 curavimus,
1016 1921 1095 1949 Ευιτ.
1113 1921 1200 1949 Pun.

1526 2021 1743 2029 __——

193 2099 254 2132 EX
288 2099 326 2131 P.
356 2099 568 2132 LAMBECII
600 2097 997 2168 COMMEN'fARg3N%EN

906 2095 1306 2168 ’ΝὶέξγδξΙΒιΙΟΤΗΕΟΑ
1336 2093 1535 2127 σιΕΞΑΒΕΑ
1571 2092 1710 2125 γιΝυοο

710 2213 775 2246 (Lib.
790 2220 823 2242 Ill,
839 2216 856 2238 t.
868 2220 892 2244 p.
905 2213 948 2244 III,
961 2220 987 2245 ι).
997 2213 1040 2238 201
1055 2213 1096 2238 ed.
1107 2212 1212 2242 Kollar.)

177 2344 269 2374 Codex
286 2354 331 2378 LV,
346 2346 468 2380 Graecus,
485 2348 720 2381 membranaceus,
736 2348 945 2384 antiquissimus
957 2367 965 2381 ,
983 2348 1093 2383 optimm
1116 2350 1198 2379 noue,
1212 2345 1340 2377 in-l'olio,
1357 2347 1516 2378 constatque
1532 2341 1604 2369 foliis
1617 2339 1671 2367 249
1690 2341 1719 2367 et
1731 2338 1765 2365 ab

140 2392 176 2420 Α.
196 2392 348 2422 Busbeckio
361 2395 426 2422 olim
440 2395 492 2422 fuit
505 2401 678 2430 comparatus
694 2396 942 2431 Constantinopoli.
960 2395 1144 2423 Continentur
1159 2401 1192 2421 eo
1206 2393 1263 2420 hac
1279 2402 1285 2420 :

177 2439 201 2466 Α
218 2440 265 2468 fol.
281 2441 409 2482 i,_usque
424 2441 458 2469 ad
473 2441 520 2470 fol.
535 2442 580 2470 61.
596 2442 704 2471 Eusebii
718 2442 849 2478 Pamphili
864 2443 996 2471 Caesareae
1009 2443 1036 2469 in
1053 2441 1199 2469 Palaestina
1215 2439 1338 2476 episcopi
1363 2438 1438 2466 Libri
1467 2440 1581 2473 quatuor
1607 2434 1765 2469 Eclogarum

141 2486 354 2520 propheticarum
365 2486 396 2514 de
408 2487 523 2519 Christo,
536 2488 691 2516 Arianismo
706 2488 809 2521 infecti.
828 2493 854 2517 et
871 2489 1004 2517 hactenus
1026 2488 1131 2515 inediti.

181 2531 214 2561 In
231 2541 306 2568 quem
326 2533 411 2561 locum
424 2539 616 2562 commentatus
628 2539 666 2563 est
677 2535 725 2562 hoc
737 2535 813 2563 modo
829 2535 968 2563 Kallarius
983 2543 992 2563 :

179 2579 218 2607 De
231 2579 342 2607 ineditis
356 2579 489 2607 hactenus
503 2583 620 2615 quatuor
635 2580 710 2608 hisce
723 2580 831 2609 Eusebii
844 2580 978 2616 Pamphili
996 2581 1076 2608 libris
1098 2579 1237 2615 copiosius
1252 2579 1316 2606 alibi
1331 2578 1387 2614 egit
1403 2575 1581 2607 Lambecius;
1599 2581 1660 2609 quae
1673 2571 1766 2601 omnia

142 2633 216 2654 nunc
233 2625 371 2661 colligere,
388 2629 416 2653 et
429 2633 569 2654 sacrarum
580 2626 730 2654 litterarum
745 2627 831 2661 gratia
846 2627 873 2654 in
888 2635 1001 2655 examen
1014 2634 1113 2655 vocare
1125 2629 1258 2661 satagam.
1276 2623 1333 2651 Sub
1350 2622 1429 2650 linem
1447 2621 1512 2649 tomi
1528 2619 1601 2649 tertii
1615 2620 1766 2654 Apparatus

143 2672 187 2701 sui
204 2673 276 2700 sacri
290 2672 447 2708 vulgaverat
461 2673 525 2700 olim
539 2666 705 2701 Possevinus
721 2674 873 2709 catalogum
896 2675 1076 2710 quorumdam
1100 2673 1349 2708 manuscriptorum
1374 2672 1542 2701 nostrorum,
1560 2668 1639 2702 cujus
1652 2669 1765 2695 exstan-

143 2720 214 2747 tiora
228 2722 318 2747 errata
332 2720 505 2748 emendatum
519 2720 575 2748 ibat
586 2719 746 2748 Lambecius
758 2720 904 2749 Comment.
923 2721 971 2749 lib.
989 2730 1008 2754 ι,
1021 2730 1049 2757 p.
1063 2721 1126 2749 2H.
1152 2729 1162 2746 ε
1181 2719 1211 2747 1η
1223 2719 1318 2748 eodem
1334 2716 1476 2745 Possevini
1487 2715 1611 2749 catalogo
1626 2713 1715 2740 liltel‘a
1725 2711 1760 2745 ι’ἓν

144 2766 217 2794 inter
235 2769 333 2794 caetera
348 2767 476 2802 leguntur
494 2766 634 2801 sequentia
651 2775 658 2793 :
680 2765 787 2794 Graecus
810 2767 891 2794 codex
910 2767 1019 2795 mutilus
1034 2772 1104 2794 totus
1116 2766 1296 2794 enarrationes
1309 2764 1406 2791 habens
1421 2763 1449 2790 in
1460 2761 1560 2797 aliquot
1583 2760 1670 2794 capita
1685 2758 1768 2786 Gene-

144 2814 193 2841 sis.
214 2823 224 2839 ι
241 2812 310 2846 Quae
328 2812 489 2842 Lambecius
514 2814 617 2849 virgula
640 2814 765 2842 censoria
792 2813 901 2845 feriens,
917 2813 1012 2841 codice
1028 2813 1075 2841 illo
1088 2812 1200 2841 Eusebii
1221 2811 1355 2848 Pamphili
1380 2810 1540 2845 Eclogarum
1555 2807 1766 2842 propheticum»:

144 2859 231 2888 libros
247 2859 380 2887 contineri
395 2860 508 2895 pulchre
529 2861 665 2889 ostendit:
682 2861 717 2889 ob
730 2861 802 2897 quod
817 2861 946 2889 indicium
968 2861 1074 2889 laudem
1093 2861 1215 2896 profecto
1228 2860 1406 2888 commeritus
1425 2857 1522 2886 fuisset
1544 2864 1598 2884 non
1614 2855 1764 2890 vulgarem.

147 2908 182 2948 si,
199 2908 278 2950 gnavi
297 2913 324 2936 et
335 2907 434 2936 eruditi
449 2907 537 2939 critici
552 2916 664 2937 munere
683 2908 804 2943 iunctus,
822 2908 930 2946 invictis
948 2908 1115 2943 argumentis
1130 2910 1265 2936 assertum
1289 2914 1368 2935 suum
1387 2905 1550 2934 astruxlsset
1562 2923 1569 2936 ,
1587 2901 1687 2937 Quibus
1708 2905 1764 2929 lum
