2037 3215
301 185 368 212 1019
635 161 768 210 EUSEBII
785 181 1026 209 CIESARIENSIS
1044 181 1118 209 OPP.
1138 180 1228 208 PARS
1247 180 1292 208 III.
1311 195 1345 200 —
1364 178 1568 208 EXEGETICA.
1851 179 1916 206 1020

301 247 417 273 maxime
428 253 496 280 opus
509 249 560 276 est,
577 252 638 271 cum
657 244 692 271 de
705 242 898 278 anepigraphis
913 241 1080 277 perditisque
1094 243 1233 277 operibus,
1248 242 1396 278 percelebri
1417 241 1523 269 cuidam
1540 241 1666 275 scriptori
1684 239 1848 271 tribuendis,
1862 239 1918 274 agi-

300 296 354 319 tur.
376 290 474 319 Verqu
495 291 632 318 enimvero
646 289 807 316 Lambecius
823 288 908 315 librOs
923 287 1005 316 hosce
1026 287 1135 315 Eusebii
1150 287 1284 322 Pamphili
1298 295 1359 315 esse
1375 288 1412 314 ait
1428 288 1462 315 ob
1477 288 1577 323 stylum
1591 291 1619 314 et
1635 286 1791 314 methodum
1807 286 1917 313 tractati

299 338 451 373 argumenti
469 347 475 364 :
496 337 640 368 familiare,
655 339 684 362 ut
698 335 815 368 videtur,
827 334 942 362 eruditis
957 334 1048 362 saeculi
1060 334 1102 361 sui
1118 338 1320 369 argumentum,
1336 334 1408 369 quod
1425 338 1516 361 tamen
1529 333 1585 368 jam
1600 333 1704 368 pridem
1720 332 1918 360 recentioribus

299 385 400 412 nostris
416 384 500 419 cuapit
511 392 571 411 esse
585 386 753 418 suspectum,
766 390 820 417 qua
835 381 869 410 de
885 389 914 409 re
931 381 982 416 legi
999 385 1119 408 meretur
1133 380 1158 408 J.
1174 380 1204 408 C.
1229 380 1327 416 Mylius
1344 381 1371 407 in
1387 380 1550 407 Bibliotheca
1561 388 1641 407 anon.
1652 384 1675 406 et
1692 378 1830 413 νδφυάοη..
1842 383 1919 412 parte

299 431 385 466 prima
399 430 617 462 schediasmatis,
636 437 663 464 p.
682 429 716 456 30
726 433 753 456 et
768 429 812 456 58.
824 443 860 448 -
878 428 932 455 Sed
949 427 1102 462 argumenti
1117 427 1201 462 hujus
1214 427 1256 455 sui
1269 426 1453 454 inﬁrmitatem
1470 426 1603 461 persensit
1616 426 1728 461 ipsemet
1743 424 1918 454 Lambecius.

296 485 377 511 quam
389 478 471 505 etiam
487 478 522 504 ob
537 485 648 504 causam
664 477 692 503 in
709 476 825 511 append.
839 475 886 503 lib.
902 483 951 502 vlll
967 475 1192 507 additamentum,
1206 474 1365 502 melioribus
1382 474 1532 501 rationibus
1547 473 1654 503 fultum,
1666 471 1746 506 hujus
1761 471 1815 498 loci
1831 471 1919 506 gratia

297 523 418 558 scripsit.
434 522 462 549 In
477 523 559 550 hocce
576 523 762 550 additamento
777 522 884 550 duabus
905 522 983 549 novis
1002 521 1155 549 rationibus
1179 522 1341 548 sententiam
1356 528 1433 548 suam
1448 520 1627 555 comprobare
1655 519 1765 550 studet,
1789 521 1816 544 et
1832 517 1919 552 prima

297 569 406 604 quidem
424 569 462 596 Illi
478 570 511 596 ab
525 570 640 604 ipsomet
654 569 772 596 Eusebio
786 570 899 604 petitur,
914 569 987 604 quod
1003 569 1132 596 nimirum
1148 569 1172 596 is
1198 569 1283 596 libros
1297 567 1458 603 Eclogarum
1472 567 1682 602 prophetican
1696 567 1729 593 de
1743 565 1855 593 Christo
1870 571 1920 599 pro

297 622 379 649 opere
395 623 446 642 Suo
464 615 647 650 designaverit
663 614 735 642 Hist.
756 615 847 642 πεῖρε.
863 623 884 647 1,
899 623 926 643 c.
947 615 975 647 2,
993 615 1020 642 in
1036 623 1115 650 quem
1139 615 1228 642 locum
1244 615 1311 642 satis
1325 614 1440 641 feliciter
1456 613 1584 641 incidisse
1604 612 1776 639 Lambecium
1792 619 1836 638 res
1862 611 1919 644 ipsa

299 660 408 692 fatetur,
421 662 466 695 qui
484 665 573 688 tamen
591 661 800 696 haudquaquam
813 661 931 689 evicerat
949 661 1060 696 Eclogas
1079 661 1189 689 Eusebii
1204 661 1366 695 propheticus
1385 660 1416 687 de
1431 660 1535 688 Christo
1556 661 1584 687 in
1605 659 1667 692 hoc,
1688 659 1721 686 de
1737 666 1792 694 quo
1807 658 1898 693 agitur
1911 677 1918 689 ,

297 708 453 736 Czesariauo
471 708 564 735 codice
577 707 670 736 haberi
688 718 694 736 z
710 717 772 736 cum
789 709 906 736 testibus
919 716 992 736 XLVII
1006 712 1034 736 et
1049 716 1134 735 XLVIII
1147 709 1287 736 codicibus
1305 716 1358 736 non
1374 709 1461 736 solum
1479 708 1625 736 Eusebium
1647 706 1824 740 Ἀποδείξεις
1842 714 1920 732 evan-

296 753 394 788 gelicas
406 754 457 780 hac
468 754 596 781 melhodo
607 754 753 789 scripsisse
769 758 887 781 constet.
899 754 942 781 Ad
956 754 1068 781 alteram
1081 754 1213 781 rationem
1230 754 1303 789 quod
1319 755 1431 786 attinet,
1456 761 1487 781 ea
1512 753 1632 789 profecto
1645 753 1729 788 priori
1744 753 1826 780 etiam
1845 752 1920 779 inlir-

298 800 367 827 mior
384 803 425 826 est
438 808 445 832 ;
461 807 494 826 ex
505 799 559 830 illis
569 799 652 832 enim,
669 807 730 835 qua:
742 800 832 835 operis
850 800 964 835 hujusce
978 799 1104 835 producit
1115 800 1218 832 verbis,
1235 800 1301 827 nihil
1313 800 1385 827 aliud
1399 800 1539 835 conjicias,
1551 807 1631 834 quam
1641 806 1750 834 gravem
1761 798 1919 834 quampiam

298 845 418 873 auctoris
434 853 492 873 aevo
502 847 647 874 excitatam
662 848 891 882 persecutionem,
906 854 1078 882 nequaquam
1092 854 1157 874 vero
1174 846 1246 873 illam
1263 854 1322 882 quae
1341 855 1386 874 an.
1403 846 1455 874 502
1471 847 1522 874 sub
1539 847 1621 881 iinpp.
1639 846 1805 873 Diocletiano
1818 849 1847 872 ct
1864 844 1922 872 Ma-

302 892 422 919 ximiano
439 891 566 920 Herculio
582 893 608 920 in
624 893 797 922 Christianos
826 894 966 926 detonuit,
992 893 1110 921 Eusebio
1126 900 1244 920 coaevam
1259 902 1265 919 :
1283 901 1351 928 quas
1364 893 1445 921 etiam
1469 892 1590 928 aliasque
1606 892 1759 928 persimiles
1771 892 1808 919 ob
1822 899 1921 920 causas

299 948 354 967 non
369 940 513 968 defuerunt
529 941 578 968 viri
593 941 677 973 docti,
693 943 739 977 qui
762 950 831 977 opus
853 943 905 971 hoc
932 947 1057 971 nostrum
1083 941 1202 969 Eusebio
1222 940 1355 976 Pamphili
1379 941 1416 968 ob
1430 941 1547 968 nominis
1569 939 1752 967 celebritatem
1778 937 1920 966 subditum

298 987 530 1023 substitutumque
544 996 603 1016 esse
619 989 751 1016 dicereut.
764 989 890 1018 Oudinus
906 995 981 1018 certe
993 990 1182 1017 Commentarii
1198 989 1240 1016 sui
1257 993 1276 1015 t.
1290 989 1310 1022 I,
1325 989 1377 1016 col.
1389 988 1451 1021 514,
1467 988 1586 1016 scribere
1600 994 1654 1014 non
1671 986 1826 1013 dubitavit:
1846 994 1856 1011 ‹
1875 984 1920 1016 At,

299 1033 396 1068 inquit,
412 1035 503 1062 nullus
520 1034 626 1067 dubito,
642 1035 708 1070 quin
719 1043 803 1071 opera
819 1037 870 1064 ista
886 1036 1013 1068 Eusebio,
1027 1037 1061 1064 ob
1075 1036 1194 1064 nominis
1219 1036 1318 1063 famam
1342 1035 1530 1067 celeberrimo,
1549 1034 1697 1062 substituta
1715 1033 1769 1060 sint
1784 1042 1791 1059 :
1819 1039 1919 1067 neque,

297 1078 321 1105 si
336 1086 398 1106 vera
423 1079 550 1112 fuissent,
566 1079 728 1108 Lambecius
742 1082 777 1109 ab
791 1082 950 1117 evulgandis
963 1082 1152 1113 abstinuisset,
1164 1083 1210 1116 qui
1226 1081 1339 1108 minoris
1359 1081 1436 1116 longe
1453 1080 1581 1107 momenti
1607 1080 1757 1114 fragmenta
1778 1078 1838 1106 suis
1854 1086 1918 1105 cum

297 1126 425 1160 scrupulo
438 1127 563 1154 inseruit.
585 1137 595 1153 ι
613 1126 674 1154 Haec
689 1129 750 1155 ille:
768 1129 796 1155 in
811 1130 890 1164 cujus
901 1137 993 1157 errore
1012 1137 1056 1157 me
1070 1137 1179 1165 quoque
1190 1127 1383 1163 complusculis
1398 1127 1478 1155 annis
1493 1127 1604 1154 hasisse
1618 1126 1733 1162 ingenue
1746 1125 1846 1152 fateor.
1866 1123 1920 1151 Sed

296 1172 369 1201 enim
384 1173 525 1202 verissima
542 1178 584 1202 est
601 1174 646 1201 illa
659 1173 835 1210 Xenophanis
855 1177 988 1203 sententia
999 1196 1008 1209 ,

732 1231 773 1258 Οὔ
789 1240 832 1258 τοι
847 1231 896 1257 ἀπ’
913 1232 1009 1266 ἀρχῆς
1022 1232 1120 1259 πάντα
1137 1232 1194 1259 θεοὶ
1208 1231 1326 1264 θνητοῖς
1344 1230 1512 1262 ἀπέδειξαν,

743 1267 836 1293 Ἀλλὰ
850 1269 948 1301 χρόνῳ
964 1267 1120 1301 ζητοῦντες
1131 1267 1364 1301 ἑμειφίσκοινσιν
1378 1266 1508 1300 ἀμεινων.

298 1321 363 1349 Nam
376 1329 437 1349 cum
452 1323 496 1350 die
514 1323 630 1358 quadam
648 1323 770 1350 codicem
787 1323 860 1350 hunc
874 1323 955 1350 volvo
968 1324 1065 1351 iterum
1081 1324 1256 1358 revolvoque,
1272 1332 1304 1351 ex
1318 1323 1363 1350 vili
1378 1323 1487 1358 palliolo
1499 1331 1625 1358 magnum
1641 1323 1737 1358 agnovi
1753 1322 1916 1351 Eusebium.

297 1371 350 1398 Res
367 1371 404 1397 ita
418 1371 527 1397 accidit.
543 1370 634 1402 Codex
647 1370 681 1397 de
701 1378 754 1405 quo
771 1378 845 1397 nunc
858 1370 974 1405 agimus,
987 1371 1064 1398 theca
1087 1371 1151 1398 oIim
1167 1379 1274 1403 carens,
1294 1370 1366 1398 foliis
1388 1371 1516 1405 utrinque
1532 1371 1590 1399 suis
1611 1371 1760 1406 tegebatur.
1777 1370 1916 1402 Primum.

297 1417 332 1444 ab
347 1416 422 1443 edaci
438 1420 559 1450 tempore
571 1417 709 1452 multoque
721 1425 771 1444 usu
788 1418 907 1444 lacerum
923 1425 955 1444 ac
973 1426 1041 1453 pene
1057 1418 1188 1450 deletum,
1204 1425 1254 1453 pro
1265 1418 1342 1445 theca
1358 1417 1460 1445 codicis
1476 1426 1490 1444 a
1506 1417 1651 1445 Lambecio
1663 1418 1713 1445 fuit
1729 1418 1853 1446 habitum
1864 1439 1872 1451 ,
1890 1423 1918 1446 et

297 1471 356 1491 eam
371 1463 454 1489 etiam
465 1463 500 1489 ob
514 1470 623 1490 causam
643 1463 671 1489 in
693 1463 852 1491 recensione
868 1463 1000 1491 omissum
1016 1464 1243 1499 neglectumque:
1263 1463 1346 1498 igitur
1365 1470 1426 1490 cum
1457 1462 1604 1498 ἀμηχανῶν
1621 1463 1768 1492 Eusebium
1785 1465 1814 1491 in
1831 1464 1916 1492 Euse-

297 1510 341 1537 bio
356 1516 458 1543 quaero.
474 1508 677 1535 similitudinem
692 1516 799 1541 manus,
817 1517 870 1544 qua
887 1510 1009 1545 reliquus
1027 1509 1114 1537 codex
1139 1511 1258 1544 scriptus
1279 1514 1338 1541 est,
1356 1509 1383 1535 in
1400 1509 1488 1544 pritno
1501 1509 1548 1537 illo
1573 1509 1637 1537 folio
1651 1510 1857 1544 animadverto,
1876 1511 1918 1538 fu-

297 1554 424 1589 gientium
443 1554 595 1580 litterarum
612 1553 727 1588 vestigia
743 1554 814 1589 lego,
830 1562 862 1581 ac
879 1554 996 1590 denique
1011 1555 1149 1591 comperio
1164 1557 1325 1590 prommium
1351 1554 1507 1590 Eclogarum
1524 1555 1651 1588 Eusebii,
1668 1557 1807 1592 principio
1822 1562 1850 1585 et
1864 1557 1917 1586 Iino

298 1600 437 1631 mutilum,
457 1599 551 1627 eodetn
569 1598 633 1626 folio
648 1600 791 1627 contineri.
806 1600 851 1627 Sic
868 1602 941 1628 enim
957 1601 993 1628 ibi
1009 1601 1080 1629 inter
1090 1606 1186 1630 caetera
1203 1602 1316 1637 ipsemet
1328 1601 1470 1634 Eusebius,
1488 1602 1584 1628 ’ἰστέον
1594 1602 1615 1628 δ’
1631 1603 1669 1634 ὡς
1691 1603 1913 1639 πρὸ-ἡγοῦμαι.

296 1647 370 1679 (Vid.
387 1646 464 1682 hujus
476 1645 516 1673 ed.
532 1646 582 1673 col.
596 1646 675 1673 11124.
694 1646 781 1682 Pergit
799 1646 937 1675 Kollarius
950 1649 977 1684 :)
993 1647 1131 1676 Hactenus
1157 1649 1279 1684 prommii
1292 1649 1418 1684 perieope
1429 1658 1439 1675 '.
1453 1655 1486 1675 ex
1501 1649 1601 1683 quibus
1615 1657 1677 1676 cum
1694 1650 1762 1682 alia,
1788 1654 1849 1678 tum
1875 1651 1917 1679 vel

297 1694 411 1721 maxime
430 1694 485 1720 duo
502 1692 629 1719 facillime
643 1692 815 1720 deducuntur
830 1703 836 1721 :
856 1695 1002 1728 nimirum,
1017 1698 1045 1722 et
1065 1694 1212 1722 Eusebium
1227 1694 1361 1730 Pamphili
1375 1699 1513 1721 auctorem
1533 1695 1647 1731 hujusce
1661 1697 1789 1732 prooemii
1807 1705 1881 1730 esse,
1893 1704 1919 1726 et

297 1739 409 1774 Eclogas
426 1739 459 1766 de
478 1739 605 1771 Christo,
626 1739 750 1772 praisenti
768 1739 862 1767 codice
879 1744 1032 1772 contentas,
1046 1741 1146 1768 nemini
1164 1740 1209 1767 alii
1227 1748 1307 1775 quam
1321 1740 1408 1767 eidem
1424 1738 1552 1773 Eusebio,
1567 1749 1647 1776 posse
1660 1743 1754 1770 tribui.
1772 1742 1918 1772 Enimvero

295 1787 440 1814 Eusebium
455 1786 579 1821 promuiii
596 1790 733 1813 auctorem
745 1795 820 1819 esse,
842 1788 915 1815 clare
929 1788 1018 1815 elucet
1033 1795 1065 1815 ex
1083 1788 1135 1815 illis
1160 1808 1167 1820 ,
1184 1788 1284 1822 quibus
1299 1788 1411 1820 indicat,
1427 1789 1501 1823 prius
1519 1796 1549 1816 se
1561 1809 1568 1821 ,
1591 1797 1672 1823 quam
1690 1790 1723 1816 ad
1738 1790 1915 1818 scribendun

295 1841 413 1867 przcscns
430 1840 497 1867 opus
510 1833 629 1859 animum
646 1833 768 1867 appulit,
787 1834 950 1868 Χρονικοὺς
969 1834 1105 1866 Κανόνας
1121 1834 1282 1868 scripsisse,
1310 1837 1337 1861 et
1361 1841 1393 1861 ea
1410 1833 1520 1869 quidem
1535 1839 1625 1862 mente
1637 1855 1644 1868 ,
1667 1840 1695 1862 ut
1711 1835 1815 1872 Moysis
1841 1845 1918 1872 teque

293 1884 376 1914 atque
391 1880 518 1912 aliorum,
533 1881 578 1915 qui
595 1885 656 1916 post
673 1889 734 1908 eum
754 1880 840 1913 fuere,
858 1881 1051 1916 prophetarum
1065 1884 1227 1909 vetustatem
1241 1881 1402 1908 vindicaret.
1417 1881 1532 1914 Quinam
1548 1889 1612 1909 vero
1626 1882 1653 1909 hi
1667 1883 1804 1917 Χρονικοὶ
1824 1885 1918 1910 Κανό-

293 1934 346 1959 νες
359 1927 414 1954 sint
426 1947 433 1959 ,
460 1926 538 1954 facile
555 1927 734 1963 intelligitur:
755 1926 883 1954 nimirum
900 1927 938 1953 illi
955 1927 1017 1962 ipsi,
1031 1934 1101 1962 quos
1120 1927 1243 1962 Scaliger
1259 1927 1285 1953 in
1299 1926 1432 1954 Thesauro
1447 1931 1591 1962 temporum
1604 1931 1678 1955 tomo
1689 1929 1777 1963 primo
1797 1931 1918 1965 vulgavit

295 1973 489 2000 Amstelodami
508 1980 552 2000 an.
572 1973 640 1999 I658
657 1982 663 1999 :
680 1973 779 2008 quippe
796 1973 823 1999 in
839 1973 911 1999 illius
925 1973 1015 2007 operis
1037 1973 1170 2007 prommio
1189 1972 1258 1999 idem
1277 1972 1328 1998 hoc
1348 1971 1456 2000 Eusebii
1482 1973 1652 2007 propositum
1670 1974 1784 2009 legitur;
1807 1983 1842 2002 ex
1864 1984 1917 2011 quo

296 2019 405 2046 lectoris
431 2019 518 2054 gratia
547 2019 670 2054 pluscula
698 2019 751 2046 huc
773 2018 958 2046 transcribere
980 2019 1085 2054 placet,
1117 2018 1163 2046 sed
1178 2018 1274 2045 Latine
1289 2022 1404 2050 tantum,
1422 2018 1486 2053 quia
1514 2017 1679 2055 Hieronymo
1694 2021 1845 2056 interprete
1860 2031 1867 2048 :
1885 2037 1918 2044 _.

298 2075 307 2090 ε
324 2065 453 2100 Moysem,
470 2065 568 2100 inquit,
584 2065 673 2099 gentis
697 2064 831 2097 Hebraeae,
847 2065 893 2099 qui
912 2065 1018 2100 primus
1041 2065 1161 2092 omnium
1184 2064 1377 2099 prophetarum
1401 2069 1464 2092 ante
1479 2064 1625 2092 adventum
1642 2065 1747 2093 Domini
1765 2066 1918 2096 Salvatoris

294 2112 400 2139 divinas
416 2112 488 2146 leges
505 2112 603 2140 litteris
618 2113 772 2148 explicavit,
786 2111 876 2138 Inachi
895 2111 979 2138 fuisse
995 2112 1162 2146 temporibus
1175 2112 1350 2140 eruditissimi
1364 2113 1413 2140 viri
1427 2113 1607 2145 tradiderunt,
1622 2120 1655 2140 ex
1672 2114 1776 2141 nostris
1787 2114 1918 2144 Clemens

293 2161 320 2184 et
336 2157 491 2189 Africanus,
506 2161 533 2184 et
548 2157 694 2190 Tatianus;
711 2166 743 2185 ex
755 2157 856 2184 Iudaeis
872 2156 1006 2192 Josephus
1029 2162 1055 2184 ct
1071 2156 1176 2189 Justus,
1194 2159 1293 2186 veteris
1306 2159 1427 2186 historia:
1449 2164 1622 2188 monumenta
1638 2160 1813 2195 replicantes.
1831 2163 1917 2191 Porro

294 2203 410 2230 Inachus
426 2204 580 2239 quingentis
599 2205 678 2232 annis
693 2204 841 2239 Trojanum
857 2204 956 2231 bellum
981 2203 1125 2231 antecedit.
1146 2204 1184 2231 Ex
1198 2205 1314 2234 ethnicis
1334 2215 1398 2234 vero
1412 2208 1511 2242 impius
1530 2208 1574 2235 ille
1589 2207 1757 2244 Porphyrius
1771 2210 1800 2237 in
1819 2217 1916 2246 quarto

293 2251 384 2284 operis
396 2250 437 2277 sui
453 2250 531 2281 libro,
544 2250 615 2285 quod
633 2251 776 2278 adversum
793 2258 842 2277 nos
861 2257 940 2277 casso
951 2250 1044 2278 labore
1060 2251 1209 2283 contexuit,
1222 2256 1283 2286 post
1298 2248 1418 2289 llldysem
1433 2254 1604 2282 Semiramim
1618 2255 1701 2284 fuisse
1715 2257 1845 2290 alIirmat,
1856 2265 1915 2293 qua:

293 2295 364 2330 apud
385 2295 512 2330 Assyrios
527 2302 559 2321 cr.
579 2299 641 2322 ante
658 2295 788 2322 Inachum
803 2296 925 2330 regnavit
939 2303 1036 2322 annos.
1053 2295 1148 2331 Itaque
1173 2297 1250 2331 juxta
1277 2305 1337 2325 eum
1354 2306 1418 2326 nece
1431 2308 1498 2335 pene
1513 2305 1541 2328 ct
1558 2309 1573 2328 L
1601 2303 1681 2330 anuis
1706 2303 1828 2338 Trojano
1845 2305 1914 2332 bello

294 2341 398 2377 Moyses
413 2341 505 2369 senior
521 2341 666 2368 invenitur.
682 2341 750 2368 Cum
764 2341 820 2368 haec
834 2342 871 2368 ita
885 2350 914 2369 se
927 2342 1054 2375 habeant,
1066 2345 1249 2371 necessarium
1262 2344 1325 2372 duxi
1343 2347 1484 2374 veritatem
1496 2347 1652 2384 diligentius
1665 2352 1791 2386 persequi
1808 2362 1815 2379 :
1837 2357 1864 2380 et
1879 2353 1913 2380 ob

293 2388 319 2415 id
332 2388 358 2414 in
372 2388 453 2422 priori
467 2387 535 2414 libro
547 2387 623 2422 quasi
635 2387 779 2422 quamdam
795 2388 935 2415 materiam
951 2388 1044 2416 futuro
1060 2390 1137 2424 operi
1151 2390 1272 2417 omnium
1290 2399 1381 2427 regum
1406 2393 1472 2420 mihi
1490 2398 1612 2430 tempora
1639 2398 1788 2431 praznotavi
1803 2418 1812 2430 ,
1832 2399 1912 2427 Chal-

292 2436 422 2466 daaorum,
438 2433 623 2469 Assyriorum,
640 2433 791 2466 Medorum,
810 2433 967 2467 Persarum,
983 2435 1132 2471 Lydorum,
1158 2436 1344 2470 llebrzcorum,
1363 2438 1563 2475 {Egyptiorutm
1576 2441 1771 2476 Macedonum,
1801 2445 1912 2474 Latino-

293 2489 364 2514 rum,
381 2481 426 2515 qui
440 2484 533 2515 postea
544 2479 660 2507 Romani
673 2480 823 2515 nuncupati
842 2485 922 2514 sunt;
938 2482 964 2508 in
977 2483 1102 2516 praesenti
1119 2488 1220 2517 autem,
1238 2484 1308 2519 stylo
1323 2485 1417 2512 eadem
1433 2490 1554 2521 tempora
1568 2492 1663 2516 contra
1678 2497 1707 2516 se
1731 2490 1849 2520 invicem
1862 2501 1911 2528 po-

294 2534 372 2558 nens,
388 2531 415 2554 et
432 2527 601 2562 singularum
618 2526 738 2561 gentium
765 2533 852 2554 annos
873 2527 1062 2561 dinumerans,
1081 2533 1110 2555 ut
1125 2529 1189 2564 quid
1217 2534 1382 2558 cozetaneum
1405 2533 1504 2568 cuique
1527 2533 1594 2567 fuit,
1625 2536 1661 2562 ita
1678 2537 1789 2564 curioso
1815 2526 1910 2567 ordine

293 2574 425 2608 coaptavi.
443 2573 535 2608 Neque
552 2581 594 2600 me
609 2573 677 2608 fugit
698 2574 724 2600 iu
739 2573 857 2601 Hebraeis
870 2574 1012 2602 codicibus
1034 2576 1206 2604 dissouautes
1220 2582 1328 2604 attalum
1345 2586 1431 2606 annos
1456 2579 1582 2612 inveniri,
1598 2581 1713 2617 plusque
1738 2584 1781 2610 vel
1803 2585 1908 2617 minus,

293 2625 371 2656 pr0ut
390 2621 582 2656 interpretibus
597 2621 684 2648 visum
707 2625 758 2653 est,
772 2622 887 2649 lectitari
902 2631 909 2649 :
927 2624 1150 2659 sequendumque
1174 2625 1239 2652 illud
1259 2627 1358 2660 potius,
1377 2628 1449 2662 quod
1464 2629 1690 2663 exemplariorum
1710 2631 1859 2659 multitudo
1883 2632 1908 2658 in

293 2668 371 2695 ﬁdem
390 2668 480 2694 traxit.
499 2667 599 2695 Verum
615 2672 753 2704 utcunque
768 2669 830 2704 quis
846 2670 917 2697 volet
942 2674 1091 2705 computet,
1107 2676 1134 2698 et
1153 2673 1268 2707 reperiet
1286 2672 1376 2700 Inachi
1402 2675 1579 2710 temporibus,
1595 2683 1674 2710 quem
1693 2677 1813 2710 primum
1832 2678 1908 2712 Argis

293 2721 419 2748 regnasse
431 2714 516 2746 aiunt,
531 2715 713 2749 patriarcham
729 2715 902 2743 Hebraeorum
918 2715 1002 2744 fuisse
1018 2716 1143 2744 lsraelem
1160 2727 1166 2744 :
1184 2725 1199 2745 a
1213 2726 1268 2753 quo
1291 2719 1434 2746 duodecim
1456 2719 1612 2749 Iudaeorum
1632 2722 1721 2750 tribus
1738 2723 1849 2752 Israelis
1864 2732 1907 2751 ιο-

292 2759 418 2786 cabulum
439 2761 542 2787 sortita:
555 2764 639 2788 sunt:
657 2760 828 2788 Semiramim
851 2766 941 2790 autem
960 2766 987 2790 et
1008 2763 1142 2790 Abraham
1160 2766 1374 2799 contemporales
1400 2766 1483 2794 fuisse
1508 2767 1683 2795 manifestum
1704 2772 1758 2796 est.
1787 2769 1909 2805 Namque

293 2803 407 2838 Moyses,
418 2805 509 2839 junior
527 2805 589 2833 licet
605 2813 686 2841 supra
703 2806 783 2834 dictis
797 2807 842 2839 sit,
864 2807 898 2835 ab
913 2808 1040 2835 omnibus
1054 2812 1155 2840 tamen,
1171 2818 1241 2845 quos
1261 2810 1346 2838 Graeci
1361 2812 1567 2847 antiquissimos
1581 2817 1688 2848 putant,
1705 2815 1800 2842 senior
1813 2803 1908 2850 depre-

294 2849 439 2876 henditur:
459 2850 574 2878 Homero
591 2851 694 2880 scilicet
723 2856 750 2880 et
766 2853 884 2890 Hesiodo
896 2875 904 2887 ,
927 2853 1099 2890 Trojanoque
1115 2856 1196 2888 bello,
1218 2864 1249 2884 ac
1273 2858 1358 2887 multo
1382 2860 1508 2894 superius
1525 2859 1651 2892 Hercule,
1670 2860 1772 2888 Musaeo
1787 2882 1794 2893 ,
1821 2849 1905 2894 Lino,

291 2894 547 2930 Gliirone,0rplieo,
565 2897 687 2932 Castore,
703 2898 824 2935 Polluce,
838 2899 1004 2936 Alsculapio,
1020 2901 1129 2936 Libero,
1146 2902 1290 2939 Mercurio,
1304 2905 1443 2941 Apolline,
1459 2906 1618 2942 ueterisque
1634 2906 1687 2934 diis
1703 2908 1825 2943 gentium
1836 2927 1844 2939 .
1861 2914 1905 2936 sa-
