2037 3215
146 186 214 213 ιοξι
638 175 640 177 ⁷
661 181 808 227 scum/ia
827 179 934 210 morr

965 181 1069 209 ΓΠΟΛΞ.
1092 196 1124 200 —
1144 180 1208 208 LIB.
1231 178 1267 208 Ι.’
1705 177 1774 206 1022

145 243 257 276 erisque
275 243 318 270 vel
331 243 448 276 vatibus,
464 243 551 277 ipsius
566 248 675 276 quoque
689 239 764 267 Jovis
780 240 874 275 gestis,
888 247 968 273 quem
985 238 1090 266 Graecia
1106 238 1132 265 in
1147 246 1210 265 arce
1223 237 1385 273 fdiv'initalis
1398 237 1553 265 collocavit.
1568 236 1633 269 Hos,
1649 235 1774 272 inquam,

145 295 253 321 omnes,
272 297 342 324 quos
355 288 681 322 enumeravimus,,etiam
697 291 759 323 post
772 287 920 322 Cecropem
946 285 1090 322 Diphyem,
1105 287 1223 321 primum
1245 285 1341 313 Atticae
1353 293 1454 320 regem,
1469 284 1554 312 fuisse
1566 284 1773 312 convincimus;

145 327 298 369 Cecropem
311 340 400 362 autem
416 343 535 371 pnesens
550 334 665 362 historia
683 333 768 367 Moysi
789 336 956 360 coaetaneum
972 332 1114 364 ostendet,
1135 336 1162 359 et
1174 331 1334 358 antecedere
1347 331 1496 366 Trojanum
1511 331 1611 358 bellum
1628 329 1707 356 annis
1718 332 1774 356 tre-

144 380 239 407 centis
255 380 460 415 quinquaginta.
474 378 553 412 Quod
567 387 601 407 ne
615 379 659 406 cui
670 378 782 406 dubium
798 378 931 410 videatur,
944 377 1070 412 frequens
1089 377 1159 404 ratio
1171 377 1210 404 sic
1225 376 1362 411 probabit,
1381 386 1391 402 ι
1404 380 1458 404 etc.
1473 376 1610 404 Ilactenus
1620 376 1771 410 Eusebius;

143 433 179 453 ex
194 426 295 461 quibus
310 426 486 453 manifestum
502 425 602 458 evadit,
617 425 742 452 eumdem
762 424 838 451 illum
854 428 881 451 et
896 424 1023 458 prommii
1044 424 1144 456 nostri,
1163 423 1270 458 Eclogis
1282 423 1437 458 propheticis
1455 423 1568 459 przelixi,
1583 427 1610 451 et
1623 422 1773 458 Χρονικῶν

145 474 291 500 Κανόνων
306 476 444 500 auctorem
464 479 525 500 esse
538 482 544 500 :
561 472 631 508 quod
644 471 806 507 prooemium
821 478 882 498 cum
898 478 948 506 pro
963 470 1068 506 Eclogis
1082 492 1089 504 ,
1115 475 1141 498 et
1156 478 1209 498 una
1229 471 1379 506 eademque
1398 478 1491 504 manu,
1503 478 1556 506 qua
1571 471 1623 498 illae
1638 471 1665 498 in
1679 470 1773 497 codice

143 521 279 556 scriptum
292 521 338 553 sit,
351 529 406 549 non
422 521 528 554 dubito,
545 521 610 556 quin
629 521 746 548 lectores
763 519 816 546 mei
831 526 885 546 una
898 526 1005 547 meeum
1021 527 1070 555 pro
1085 526 1150 546 vero
1165 521 1360 553 compertoque
1384 518 1502 545 habituri
1518 518 1583 550 sint,
1599 517 1648 545 has
1663 525 1772 553 quoque

143 567 259 602 Eclogas
277 571 385 594 nostras
410 567 531 601 ejusdem
557 566 666 594 Eusebii
682 566 814 600 Pamphili
833 567 979 601 genuinum
1004 573 1074 601 opus
1090 573 1161 594 esse.
1183 564 1269 592 Porro
1283 570 1372 592 autem
1388 564 1582 600 κριτικὼτατος
1600 564 1720 600 Scaliger
1743 565 1771 593 in

143 613 280 649 prooemio
296 613 328 640 ad
345 612 507 640 Thesaurum
522 620 602 640 suum
616 612 686 639 ridet
699 611 998 648 Hieronymum,quod,
1012 611 1110 647 inquit,
1127 611 1221 638 Graeca
1240 610 1350 638 Eusebii
1366 618 1419 638 non
1435 616 1577 638 assecutus
1590 632 1598 644 ,
1624 610 1770 639 Eusebium

142 659 336 687 Clu'onicarum
352 665 464 686 suorum
487 659 619 693 ἐπιτομήν
637 658 835 692 conscripsisse
855 658 1005 685 arbitratus
1032 658 1077 685 sit.
1103 657 1128 684 ls
1145 657 1221 684 locus
1243 657 1343 693 legitur
1363 657 1390 684 in
1413 657 1525 692 prologo
1547 657 1673 686 Historia:
1688 659 1770 686 cccle-

141 708 261 735 siasticw
277 706 387 734 Eusebii
402 716 409 733 ε
427 706 496 742 Ἤδη
513 706 563 741 μὲν
579 704 624 733 οὖν
635 706 738 732 τούτων
754 706 801 732 καὶ
817 707 933 742 πρότερα)

975 707 1004 732 ὲν
1017 704 1057 737 οἷς
1070 705 1276 740 διετυπώσαμεν
1294 705 1448 740 Χρονικοῖς
1462 706 1611 738 Kurdmr,
1638 707 1771 744 ἐπιτομὴν

141 755 376 791 κατεστησάμην⁹
404 754 594 790 πληρεστάτην
619 753 640 780 δ’
664 751 710 781 οὖν
729 755 804 790 ὅμως
827 754 917 781 αὐτῶν
943 754 989 780 ὲπὶ
1019 753 1066 780 τοῦ
1092 753 1224 789 παρόντος
1251 752 1383 788 ὡρμήθην
1401 753 1450 788 τὴν
1467 754 1604 788 ἀφήγησιν
1624 754 1768 782 ποιεῖσθαι.

139 806 209 836 Quae
224 801 339 829 Ruﬁnus
353 801 448 829 Latine
463 801 597 828 convertit
611 801 650 828 sic
666 811 672 828 :
692 802 817 835 Quamvis
829 801 887 836 jam
899 801 930 828 de
945 802 985 828 his
1003 801 1066 835 ipsis
1082 800 1209 827 nonnulla
1221 799 1339 827 etiamin
1352 799 1496 827 Chronicis
1510 799 1547 834 (id
1561 804 1599 827 est
1613 800 1639 826 in
1652 809 1682 826 eo
1695 808 1770 835 opera

139 848 211 884 quod
225 849 257 876 de
272 854 416 883 temporum
442 849 544 875 ratione
555 849 777 883 conscripsimus)
794 847 904 875 breviter
926 848 1105 883 succinctaque
1128 847 1341 881 perstrinxerim,
1365 846 1468 880 plenius
1490 850 1576 873 tamen
1598 847 1624 873 in
1646 847 1769 881 presenti

139 903 217 929 cpere
232 894 395 930 singulorum
412 895 591 921 narrationem
607 895 709 929 aperire
728 894 898 921 tentabimus.
912 894 952 921 Ad
967 901 1027 929 qua:
1045 893 1167 928 Scaliger
1182 903 1188 920 ς
1208 902 1217 918 ε
1238 892 1338 924 Recte,
1357 892 1456 928 inquit,
1474 891 1589 920 Ruﬁnus
1606 903 1612 920 :
1630 893 1683 920 nisi
1695 893 1769 928 quod

139 941 189 967 ἐπὶ
207 939 254 967 τοῦ
274 940 406 976 παρόντος
423 941 581 967 vertendum
595 944 653 967 erat
666 941 916 975 imprmeutiarum,
937 940 977 967 vel
995 948 1074 967 nunc.
1093 949 1102 966 ι
1121 939 1183 966 llaec
1199 939 1263 966 ille:
1281 942 1308 965 at
1318 946 1378 966 mea
1388 939 1496 972 quidem
1509 939 1655 971 sententia,
1667 939 1768 967 rectius

138 985 234 1013 Graeca
251 985 360 1013 Eusebii
380 989 522 1013 assecutus
535 991 577 1015 cst
594 986 792 1023 Hieronymus,
815 995 897 1022 quam
926 987 968 1014 vel
992 986 1122 1018 Ruﬁnus,
1145 986 1188 1013 vel
1207 987 1221 1012 ὁ
1241 986 1311 1012 πάνυ
1333 985 1474 1021 Scaliger:
1502 994 1563 1013 nam
1582 986 1609 1012 in
1636 987 1768 1021 prooemio

139 1036 238 1060 nostro
252 1032 325 1060 clare
341 1032 498 1067 disertequc
515 1033 551 1059 ait
567 1031 701 1060 Eusebius
713 1054 721 1066 ,
750 1032 916 1067 Χρονικοὺς

965 1032 1117 1064 θντάξαντες
1137 1032 1272 1064 Κανόνας
1285 1052 1292 1063 ,
1313 1032 1446 1067 ἐπιτομήν
1464 1040 1494 1058 τε
1513 1032 1617 1064 τούτοις
1637 1031 1768 1059 παντοδας

137 1077 196 1113 πῆς
211 1077 329 1112 ἱστορίας
353 1077 486 1114 Ἑλλήνων
502 1087 532 1104 τε
551 1078 598 1105 καὶ
621 1078 766 1115 βαρϐάρων
782 1078 933 1115 ἀντιπαραο

967 1087 1022 1110 τες,
1045 1088 1072 1106 κ.
1093 1087 1118 1104 τ.
1134 1078 1172 1110 λη
1191 1086 1220 1106 se
1239 1077 1383 1106 Chronico;
1397 1078 1518 1106 Canoucs
1532 1079 1694 1114 scripsisse,
1711 1081 1766 1107 eis—

136 1125 258 1160 demque
272 1125 463 1160 compendium
488 1125 570 1153 variae
599 1125 721 1153 historian
745 1130 800 1152 tam
828 1125 984 1154 Grrecorum
1000 1133 1081 1161 quam
1105 1129 1132 1153 et
1148 1125 1263 1152 aliarum
1281 1125 1402 1160 gentium
1420 1133 1453 1152 ex
1470 1125 1584 1152 adverso
1612 1125 1736 1160 posuisse
1756 1134 1764 1152 :

137 1173 223 1198 trium
242 1171 315 1199 enim
333 1172 376 1199 hic
395 1172 565 1210 diversorum
585 1180 699 1207 operum
713 1180 825 1199 suorum
842 1173 932 1200 mcmii

980 1172 1114 1200 Eusebius
1131 1182 1137 1199 :
1158 1171 1250 1207 primi,
1268 1171 1468 1206 Παντοδαπῆς
1483 1172 1616 1206 ἱστορίας
1629 1180 1635 1186 ·
1652 1172 1765 1199 alterius

135 1218 293 1254 Χρονικῶν
306 1220 448 1246 Κανόνων
460 1227 466 1234 ·
487 1219 570 1251 tertii.
595 1220 753 1255 Ἐπιτομῆς
764 1213 934 1252 παντοδαπῇ

973 1222 1116 1255 ἱστορίας.
1132 1221 1253 1250 Primum
1270 1221 1415 1257 separatim
1429 1221 1515 1248 edidit
1536 1220 1686 1253 Eusebius,
1710 1221 1765 1248 duo

137 1264 243 1299 reliqua
259 1264 438 1298 conjunctim,
452 1268 481 1292 ut
494 1265 537 1292 vel
551 1265 633 1292 hodie
650 1266 738 1293 solent
756 1267 861 1301 vulgari
879 1276 884 1292 :
907 1274 987 1301 quam
1005 1267 1087 1294 etiam
1103 1267 1137 1294 ob
1152 1275 1264 1296 causam
1282 1266 1459 1294 emendanda:
1475 1267 1540 1293 mihi
1557 1267 1685 1293 videntur
1707 1266 1766 1301 epi-

134 1310 249 1344 graphaz
262 1316 276 1336 a
295 1309 433 1345 Scaligcro
448 1310 537 1344 editas,
555 1318 587 1338 ac
607 1311 723 1346 primum
741 1312 851 1346 quidem
871 1311 981 1339 Eusebii
997 1320 1067 1347 opus
1080 1312 1201 1347 titulum,
1217 1318 1247 1341 ut
1265 1314 1382 1344 videtur,
1399 1312 1470 1340 ferre
1489 1312 1619 1347 deberet,
1648 1314 1763 1339 Παντο-

133 1355 238 1390 δαπῆς
256 1356 390 1390 ἱστορίας
409 1356 515 1392 (cujus,
547 1361 594 1384 aut
617 1358 765 1392 persimilis
789 1358 951 1393 epigraphes
969 1358 1072 1386 Gellius
1095 1367 1204 1395 quoque
1226 1360 1349 1387 meminit
1374 1359 1400 1386 in
1426 1359 1584 1394 praefatione
1610 1360 1644 1387 ad
1666 1359 1763 1387 Noctes

135 1401 266 1436 Atticas.)
279 1406 335 1434 aut,
353 1406 382 1429 ut
398 1403 425 1429 in
452 1404 600 1439 exemplari
618 1412 668 1431 suo
684 1405 748 1440 legit
769 1405 932 1440 llieronymu

965 1428 966 1433 η
985 1406 1133 1433 Εὺσεϐἱου
1152 1405 1206 1433 τοῦ
1223 1407 1380 1441 Παμφίλου
1403 1406 1619 1440 Χρονογραφία.
1639 1406 1762 1433 Alterun

135 1457 218 1482 vero,
237 1449 515 1483 ΧρονικοὶΚανόνες
534 1451 595 1477 σὺν
609 1451 735 1486 ἐπιτομῇ
757 1451 933 1486 παντοδαπῆ

967 1453 1110 1487 ἱστορίας.
1133 1452 1186 1481 Sed
1207 1453 1264 1481 haec
1279 1453 1318 1480 illi
1332 1452 1503 1481 discutienda
1519 1454 1696 1489 relinquimus
1715 1453 1762 1488 qui

134 1500 171 1521 ad
185 1493 291 1522 edenda
306 1494 416 1523 Eusebii
434 1504 516 1532 opera
533 1497 654 1524 animum
672 1498 818 1533 appulerit.

526 1683 610 1740 EC
621 1683 827 1740 LOG/E
867 1681 1367 1739 PROPHETlC/E.

711 1803 892 1846 LIBER
928 1801 1172 1847 PRIMUS.

129 1975 137 1983 .
179 1974 188 1982 .
233 1974 286 1982 ..
327 1975 334 1982 .
373 1975 380 1981 .
421 1974 428 1983 .
469 1975 475 1986 ,
522 1975 529 1983 .
569 1978 575 1983 .
617 1977 623 1983 .
663 1976 670 1983 .
714 1976 721 1983 .
761 1976 767 1983 .
808 1978 815 1984 .
856 1977 863 1984 .
905 1961 1755 1990 .Λ.....,...,................

127 2001 162 2037 (⁸,
175 2002 200 2036 1)
211 2001 289 2036 λόγου
303 2009 332 2028 τε
341 2002 388 2028 καὶ
400 2001 456 2037 βίου
468 2001 662 2035 διεξοδευοεῖπα
671 2003 720 2034 τὰς
730 2003 793 2038 περὶ
803 2002 848 2029 τοῦ
864 2003 917 2029 Κυ-

128 2049 190 2084 ι-ἱου
205 2047 252 2075 καὶ
269 2048 394 2084 Σωτῆρος
414 2048 494 2084 ἡμῶν
517 2048 602 2084 Ἰησοῦ
619 2048 736 2084 Χριστοῦ
753 2048 914 2084 μαρτυρίας,

126 2093 163 2119 δι’
175 2093 298 2129 ἐναργῶν
309 2094 356 2120 καὶ
367 2094 480 2126 πιστῶν,
490 2094 536 2120 καὶ
543 2094 648 2130 ἀληθῶν
659 2093 819 2126 ἀποδείξεών
829 2103 857 2121 τε
869 2095 916 2121 καὶ

128 2139 317 2175 συλλογισμῶν
334 2139 486 2171 ὲπιστοῦτο,
502 2140 641 2176 βραχείαις
664 2141 760 2176 κομιδῇ
783 2142 842 2172 ταῖς
863 2140 916 2167 ἀπὸ

125 2186 183 2211 τῶν
197 2185 272 2222 παρά
283 2194 311 2212 τε
320 2186 455 2218 Ἰουδαίοις
469 2186 515 2213 καὶ
528 2188 592 2222 ἡμῖν
604 2186 826 2222 πεπιστευμένων
837 2186 915 2213 Θείων

127 2231 246 2267 Γραφῶν
266 2232 313 2258 ἐπὶ
330 2232 401 2259 τέλει
417 2233 575 2268 χρησαμένη
601 2233 780 2269 μαρτυρίαις·
799 2234 859 2259 ἐπεὶ
878 2233 915 2270 μὴ

125 2277 156 2304 δὲ
172 2277 251 2309 ἄλλος
272 2278 332 2314 ᾔρει
350 2278 427 2313 λόγος
442 2280 498 2310 τοῖς
519 2279 559 2305 ἐτι
572 2280 660 2314 πάντη
674 2281 733 2312 ταῖς
750 2279 835 2312 Θείαις
852 2281 915 2306 ἀπι-

128 2321 239 2349 στοῦσιν
261 2323 382 2358 Γραφαῖς
407 2323 527 2360 δαψιλεῖς
551 2324 580 2357 ἐξ
603 2325 691 2351 αὐτῶν
719 2326 915 2361 παρατίθεσθαι

125 2369 178 2401 τὰς
207 2369 361 2401 συστάσεις.
385 2370 426 2396 Τά
447 2378 478 2404 γε
499 2370 551 2406 μὴν
572 2371 599 2396 ὲν
619 2372 710 2406 χερσὶν
731 2373 786 2403 τοῖς
810 2373 842 2398 ἐκ
866 2372 915 2407 τῆς

126 2414 242 2442 ἐκείνων
262 2415 425 2449 ἀποδείξεως
439 2413 483 2442 οἷα
498 2415 530 2452 δὴ
554 2415 639 2448 Θείαις
654 2417 703 2452 ἤδη
721 2418 768 2444 καὶ
786 2417 914 2444 θεοπνεύ-

127 2469 203 2492 στοις
227 2461 364 2488 πιστεύειν
389 2462 527 2496 ὀφείλουσι
549 2463 607 2494 ταῖς
631 2463 716 2498 ἱεραῖς
741 2463 861 2498 Γραφαῖς
884 2464 914 2490 τὸ

125 2505 220 2532 λεῖπον
230 2506 348 2538 ἐκείναις
358 2505 566 2542 ἀποπληροῦντα
577 2507 738 2543 ἐπεπόνητο,
750 2508 914 2544 Συναγωγὴν

125 2551 289 2587 περιέχοντα
309 2551 458 2589 συλλήϐδην
497 2569 503 2578 .
544 2571 550 2577 .
591 2570 600 2578 .
638 2571 647 2579 .
687 2572 694 2579 .
734 2572 741 2578 .
779 2553 913 2588 περὶτοῦ

124 2596 230 2633 Κυρίου
246 2599 293 2624 καὶ
313 2598 439 2633 Σωτῆρος
463 2598 540 2633 ἡμῶν
559 2598 645 2634 Ἰησοῦ
666 2598 784 2634 Χριστοῦ
807 2608 914 2634 προφη-

122 2641 387 2673 τείαν,ἃςὰπὸπ.
428 2663 434 2669 .
473 2661 482 2669 .
521 2663 527 2669 .
568 2663 574 2669 .
611 2652 627 2669 τ
665 2664 672 2670 .
711 2652 727 2670 σ

124 2688 264 2723 Διαθήκης
278 2689 322 2723 ὑφ’
336 2689 365 2715 ἓν
383 2691 545 2724 συναγαγεῖν
559 2690 645 2723 ἔδοξεν
657 2700 663 2706 ·
677 2691 692 2718 δ
712 2711 718 2717 .
759 2712 766 2718 .
807 2714 812 2720 .
855 2713 862 2719 .
903 2713 910 2720 .

123 2742 218 2769 τέρειν’
235 2733 274 2769 πῆ
289 2734 317 2761 δὲ
333 2735 379 2762 καὶ
390 2735 423 2762 δι’
441 2736 570 2763 ὑπονοιῶν
588 2737 623 2763 τὰ
637 2738 700 2773 περὶ
716 2738 797 2764 αὑτοῦ
813 2748 910 2775 προειρ

125 2799 132 2806 .
173 2801 180 2808 .
222 2800 229 2807 .
270 2800 277 2807 .
315 2789 343 2807 ον
356 2782 436 2810 αὑτὸν
451 2783 498 2809 καὶ
512 2783 560 2814 τὰς
574 2784 633 2810 κατ’
649 2784 730 2810 αὐτὸν
744 2785 908 2820 οἰκονομίας.

124 2825 194 2859 Οὐχὶ
211 2825 298 2852 δὲκαὶ
319 2827 361 2852 sic
400 2847 406 2853 .
447 2847 452 2853 .
494 2847 501 2854 .
541 2848 546 2854 .
587 2829 687 2864 μόξομε
702 2830 720 2857 ἂ
733 2830 821 2865 πέρας
837 2831 910 2866 εἰλη-

124 2870 351 2903 φόταὸείκνυται.
375 2872 429 2903 Τὰς
442 2873 590 2901 δὲτοιαύτα
617 2895 623 2901 .
664 2896 670 2902 .
711 2895 718 2902 .
759 2898 764 2903 .
805 2896 812 2903 .
854 2897 860 2903 .
902 2897 908 2904 .

126 2934 134 2947 ο
174 2935 181 2942 ο
219 2916 354 2952 ἀρχούσας
366 2926 372 2933 '
394 2919 440 2946 καὶ
456 2920 592 2956 σποράδην
612 2922 640 2948 οὐ
660 2922 738 2958 μόνον
759 2923 909 2960 προφητεία

968 2001 1100 2030 Sermone
1124 2007 1151 2030 et
1165 2003 1219 2030 vita
1243 2007 1372 2031 accurate
1393 2003 1519 2032 discussa
1537 2003 1570 2032 de
1594 2004 1710 2033 Domino
1728 2011 1756 2035 et

967 2048 1109 2076 Salvatore
1124 2053 1220 2076 nostro
1240 2048 1304 2077 Jesu
1320 2050 1430 2078 Christo
1448 2051 1617 2084 testimonia,
1639 2060 1687 2087 per
1703 2053 1757 2080 cla-

967 2102 1022 2126 ras,
1045 2095 1194 2130 ﬁdelesque
1217 2099 1244 2122 et
1262 2103 1341 2123 veras
1358 2096 1607 2124 demonstrationes
1622 2100 1649 2124 et
1671 2099 1756 2125 ratio-

966 2141 1120 2169 cinationes
1140 2141 1364 2174 conﬁrmabatur,
1375 2142 1502 2169 brevibus
1511 2142 1654 2177 diligenter
1682 2142 1755 2171 Scri-

967 2194 1107 2224 pturarum
1123 2189 1288 2221 divinarum,
1301 2197 1361 2224 qua:
1374 2189 1444 2224 apud
1459 2188 1568 2217 Judzcos
1584 2195 1610 2217 et
1622 2189 1694 2225 apud
1704 2197 1755 2218 nos

967 2235 1126 2266 creduntur,
1152 2238 1289 2270 postremo
1315 2242 1365 2262 usa
1391 2235 1572 2269 testimoniis;
1604 2243 1666 2262 cum
1694 2237 1754 2271 qui-

967 2281 1028 2308 dem
1046 2289 1100 2308 non
1117 2281 1169 2308 alia
1197 2286 1270 2309 esset
1291 2281 1372 2313 ratio,
1403 2280 1558 2308 divinarum
1582 2282 1671 2310 adhuc
1696 2290 1754 2309 om-

967 2327 1033 2354 nino
1050 2326 1253 2362 Scripturarum
1275 2326 1424 2354 incredulis
1443 2326 1546 2361 largam
1569 2335 1602 2354 ex
1619 2328 1653 2355 iis
1669 2331 1754 2355 mate.

966 2373 1034 2400 riam
1064 2373 1232 2400 conferendi.
1262 2372 1328 2406 Quae
1357 2372 1441 2408 igitur
1464 2372 1492 2400 in
1508 2381 1590 2400 manu
1607 2378 1697 2406 erant,
1719 2374 1753 2401 iis

966 2419 1012 2455 qui
1043 2423 1154 2454 propter
1187 2419 1284 2446 horum
1318 2419 1577 2446 demonstrationem
1615 2419 1657 2447 vel
1684 2419 1754 2446 divi-

966 2465 1020 2497 nis,
1049 2465 1092 2493 vel
1115 2465 1247 2493 divinitus
1274 2465 1372 2492 aﬁlalis
1395 2465 1507 2502 credere
1529 2465 1627 2493 debent
1649 2467 1752 2494 sanctis

967 2510 1128 2546 Scripturis,
1144 2518 1204 2546 quae
1220 2511 1274 2538 illis
1297 2510 1397 2538 desunt
1417 2511 1592 2546 complentia,
1614 2512 1752 2541 elaborata

965 2561 1053 2590 erant,
1067 2556 1238 2592 Synagogam
1256 2565 1310 2584 uno
1329 2557 1414 2584 verbo
1436 2557 1692 2592 comprehcndentia
1713 2580 1721 2586 .
1744 2581 1750 2594 ι

968 2623 974 2630 .
997 2612 1004 2630 ;
1027 2623 1034 2629 .
1058 2624 1065 2630 .
1088 2624 1094 2630 .
1117 2624 1123 2630 .
1147 2622 1154 2629 .
1177 2623 1184 2629 .
1209 2624 1215 2630 .
1237 2623 1245 2630 .
1267 2624 1274 2630 .
1295 2603 1329 2630 de
1341 2602 1458 2630 Domino
1470 2607 1496 2630 et
1509 2603 1753 2633 Salvatorcnostro

765 2663 773 2671 .
811 2633 913 2672 παλαιᾶ
931 2655 934 2682 ι

965 2648 1028 2676 Jesu
1045 2633 1162 2676 Christo
1177 2649 1356 2684 prophetiam,
1378 2655 1448 2683 quas
1469 2656 1484 2675 a
1506 2670 1512 2676 .
1534 2670 1542 2677 .
1564 2669 1571 2676 .
1595 2671 1601 2678 .
1624 2671 1631 2678 .
1654 2672 1661 2678 .
1683 2672 1690 2678 .
1712 2670 1720 2678 .
1743 2672 1750 2679 .

1058 2716 1065 2723 .
1087 2701 1178 2723 vetera
1198 2695 1363 2723 Tcstamenti
1380 2695 1408 2722 in
1426 2703 1511 2722 unum
1532 2698 1695 2726 eontrahere
1711 2698 1752 2726 vi-

963 2749 1022 2769 sum
1037 2747 1097 2775 est;
1120 2762 1126 2768 .
1149 2763 1158 2771 .
1180 2763 1186 2769 .
1210 2764 1216 2770 .
1239 2762 1247 2770 .
1270 2764 1277 2770 .
1301 2765 1307 2769 .
1330 2763 1338 2770 .
1359 2744 1504 2780 allegorice
1525 2744 1558 2772 de
1575 2745 1621 2772 illo
1633 2753 1688 2780 pra:
1708 2766 1715 2772 .
1740 2768 1748 2773 .

964 2808 970 2814 .
993 2808 999 2814 .
1022 2808 1029 2816 .
1051 2808 1058 2814 .
1082 2809 1088 2816 .
1111 2808 1118 2815 .
1142 2810 1148 2817 .
1165 2810 1171 2817 .
1189 2797 1250 2816 eum
1263 2793 1467 2826 atquepereum
1477 2791 1750 2827 dispositiones.i\'rn

962 2838 1090 2862 autemet
1102 2835 1129 2862 in
1151 2856 1158 2863 .
1181 2856 1188 2863 .
1211 2855 1218 2862 .
1239 2857 1246 2864 .
1267 2856 1275 2864 .
1298 2858 1304 2864 .
1325 2845 1386 2872 quae
1396 2838 1534 2873 accepisse
1545 2845 1646 2866 exutum
1657 2844 1735 2868 osten

960 2880 1071 2909 duntur.
1085 2881 1161 2908 Talia
1178 2890 1242 2910 vero
1262 2901 1269 2909 .
1293 2904 1299 2910 .
1323 2903 1329 2910 .
1353 2904 1360 2911 .
1380 2903 1388 2911 .
1411 2905 1418 2911 .
1442 2903 1449 2910 .
1472 2905 1479 2912 .
1501 2905 1508 2912 .
1531 2906 1538 2913 .
1559 2905 1565 2910 .
1586 2884 1745 2923 dirigentes.

962 2931 1042 2962 atque
1058 2927 1110 2955 huc
1133 2931 1159 2956 ct
1181 2928 1244 2956 illuc
1266 2937 1320 2957 non
1337 2933 1440 2958 tantum
1456 2931 1599 2966 prophetia
1623 2951 1628 2962 ,
1650 2952 1657 2961 .
1679 2953 1684 2959 .
1709 2952 1716 2959 .
1736 2951 1744 2959 .
