  <div class='ocr_page' id='page_1' title='image "/cluster/home/n/w/nwhite01/storage/ocr_20150623/22/njp.32101077772497/577.png"; bbox 0 0 2037 3215; ppageno 0'>
   <div class='ocr_carea' id='block_1_1' title="bbox 303 172 1563 206">
    <p class='ocr_par' dir='ltr' id='par_1_1' title="bbox 303 172 1563 206">
     <span class='ocr_line' id='line_1_1' title="bbox 303 172 1563 206; baseline 0.004 -6"><span class='ocrx_word' id='word_1_1' title='bbox 303 172 373 201; x_wconf 68' lang='grc'><strong>1025</strong></span> <span class='ocrx_word' id='word_1_2' title='bbox 622 174 756 203; x_wconf 83' lang='lat' dir='ltr'><strong>EUSEBII</strong></span> <span class='ocrx_word' id='word_1_3' title='bbox 776 174 1019 203; x_wconf 65' lang='lat' dir='ltr'><strong>CESARIENSIS</strong></span> <span class='ocrx_word' id='word_1_4' title='bbox 1044 174 1112 206; x_wconf 75' lang='lat' dir='ltr'><strong>)PP.</strong></span> <span class='ocrx_word' id='word_1_5' title='bbox 1133 173 1223 203; x_wconf 75' lang='lat' dir='ltr'><strong>PARS</strong></span> <span class='ocrx_word' id='word_1_6' title='bbox 1241 174 1285 204; x_wconf 87' lang='lat' dir='ltr'><strong>Ill.</strong></span> <span class='ocrx_word' id='word_1_7' title='bbox 1303 190 1339 199; x_wconf 59' lang='grc' dir='ltr'>η</span> <span class='ocrx_word' id='word_1_8' title='bbox 1358 175 1563 205; x_wconf 73' lang='lat' dir='ltr'><strong>EXEGETICA.</strong></span> 
     </span>
    </p>
   </div>
   <div class='ocr_carea' id='block_1_2' title="bbox 302 235 1078 271">
    <p class='ocr_par' dir='ltr' id='par_1_2' title="bbox 302 235 1078 271">
     <span class='ocr_line' id='line_1_2' title="bbox 302 235 1078 271; baseline 0.001 -10"><span class='ocrx_word' id='word_1_9' title='bbox 302 252 313 262; x_wconf 89' lang='lat'><strong><em>.</em></strong></span> <span class='ocrx_word' id='word_1_10' title='bbox 335 254 343 261; x_wconf 91' lang='lat'><strong><em>.</em></strong></span> <span class='ocrx_word' id='word_1_11' title='bbox 365 253 372 261; x_wconf 92' lang='lat'>.</span> <span class='ocrx_word' id='word_1_12' title='bbox 395 255 402 262; x_wconf 94' lang='lat'><em>.</em></span> <span class='ocrx_word' id='word_1_13' title='bbox 425 255 433 262; x_wconf 91' lang='lat'><em>.</em></span> <span class='ocrx_word' id='word_1_14' title='bbox 455 255 460 261; x_wconf 96' lang='lat'>.</span> <span class='ocrx_word' id='word_1_15' title='bbox 480 243 540 270; x_wconf 64' lang='lat' dir='ltr'><strong>quae</strong></span> <span class='ocrx_word' id='word_1_16' title='bbox 556 235 582 262; x_wconf 91' lang='lat' dir='ltr'><strong>in</strong></span> <span class='ocrx_word' id='word_1_17' title='bbox 601 235 725 263; x_wconf 74' lang='lat' dir='ltr'><strong>historiis</strong></span> <span class='ocrx_word' id='word_1_18' title='bbox 744 236 930 263; x_wconf 71' lang='lat' dir='ltr'><strong>continentur.</strong></span> <span class='ocrx_word' id='word_1_19' title='bbox 945 235 1005 263; x_wconf 86' lang='lat' dir='ltr'><strong>Non</strong></span> <span class='ocrx_word' id='word_1_20' title='bbox 1022 243 1078 271; x_wconf 19' lang='lat' dir='ltr'><strong>paul</strong></span> 
     </span>
    </p>
   </div>
   <div class='ocr_carea' id='block_1_3' title="bbox 1131 235 1416 271">
    <p class='ocr_par' dir='ltr' id='par_1_3' title="bbox 1142 245 1416 264">
     <span class='ocr_line' id='line_1_3' title="bbox 1142 245 1416 264; baseline 0.007 -2"><span class='ocrx_word' id='word_1_21' title='bbox 1142 245 1416 264; x_wconf 85' lang='grc' dir='ltr'>....ουσα.</span> 
     </span>
    </p>
   </div>
   <div class='ocr_carea' id='block_1_4' title="bbox 303 279 1078 316">
    <p class='ocr_par' dir='ltr' id='par_1_4' title="bbox 303 279 1078 314">
     <span class='ocr_line' id='line_1_4' title="bbox 303 279 1078 314; baseline 0 -6"><span class='ocrx_word' id='word_1_22' title='bbox 303 279 344 308; x_wconf 83' lang='lat' dir='ltr'><strong>cis</strong></span> <span class='ocrx_word' id='word_1_23' title='bbox 362 301 370 308; x_wconf 90' lang='lat'>.</span> <span class='ocrx_word' id='word_1_24' title='bbox 392 301 400 308; x_wconf 89' lang='lat'><strong><em>.</em></strong></span> <span class='ocrx_word' id='word_1_25' title='bbox 420 301 426 308; x_wconf 96' lang='lat'><strong><em>.</em></strong></span> <span class='ocrx_word' id='word_1_26' title='bbox 448 301 456 308; x_wconf 90' lang='lat'><strong><em>.</em></strong></span> <span class='ocrx_word' id='word_1_27' title='bbox 476 302 482 308; x_wconf 91' lang='lat'>.</span> <span class='ocrx_word' id='word_1_28' title='bbox 504 302 511 308; x_wconf 92' lang='lat'><strong><em>.</em></strong></span> <span class='ocrx_word' id='word_1_29' title='bbox 531 303 539 310; x_wconf 89' lang='lat'><em>.</em></span> <span class='ocrx_word' id='word_1_30' title='bbox 560 286 620 309; x_wconf 89' lang='lat' dir='ltr'><strong>acta</strong></span> <span class='ocrx_word' id='word_1_31' title='bbox 643 281 702 309; x_wconf 84' lang='lat' dir='ltr'><strong>fore</strong></span> <span class='ocrx_word' id='word_1_32' title='bbox 726 281 826 314; x_wconf 82' lang='lat' dir='ltr'><strong>utiles;</strong></span> <span class='ocrx_word' id='word_1_33' title='bbox 840 289 902 309; x_wconf 90' lang='lat' dir='ltr'><strong>cum</strong></span> <span class='ocrx_word' id='word_1_34' title='bbox 925 289 980 309; x_wconf 90' lang='lat' dir='ltr'><strong>non</strong></span> <span class='ocrx_word' id='word_1_35' title='bbox 999 281 1078 308; x_wconf 77' lang='lat' dir='ltr'><strong>facile</strong></span> 
     </span>
    </p>
   </div>
   <div class='ocr_carea' id='block_1_5' title="bbox 1131 279 1330 316">
    <p class='ocr_par' dir='ltr' id='par_1_5' title="bbox 1140 281 1330 316">
     <span class='ocr_line' id='line_1_5' title="bbox 1140 281 1330 316; baseline 0.016 -9"><span class='ocrx_word' id='word_1_36' title='bbox 1140 281 1239 316; x_wconf 81' lang='grc' dir='ltr'>ὀλίγοις</span> <span class='ocrx_word' id='word_1_37' title='bbox 1277 302 1283 308; x_wconf 94' lang='grc'>.</span> <span class='ocrx_word' id='word_1_38' title='bbox 1324 303 1330 310; x_wconf 93' lang='grc'><strong><em>.</em></strong></span> 
     </span>
    </p>
   </div>
   <div class='ocr_carea' id='block_1_6' title="bbox 302 326 1089 362">
    <p class='ocr_par' dir='ltr' id='par_1_6' title="bbox 302 326 1089 362">
     <span class='ocr_line' id='line_1_6' title="bbox 302 326 1089 362; baseline -0.001 -7"><span class='ocrx_word' id='word_1_39' title='bbox 302 326 350 355; x_wconf 86' lang='lat' dir='ltr'><strong>sed</strong></span> <span class='ocrx_word' id='word_1_40' title='bbox 370 326 448 361; x_wconf 85' lang='lat' dir='ltr'><strong>quasi</strong></span> <span class='ocrx_word' id='word_1_41' title='bbox 470 335 503 354; x_wconf 81' lang='lat' dir='ltr'><strong>ex</strong></span> <span class='ocrx_word' id='word_1_42' title='bbox 525 346 533 354; x_wconf 93' lang='lat'><strong>.</strong></span> <span class='ocrx_word' id='word_1_43' title='bbox 555 346 563 354; x_wconf 95' lang='lat'>.</span> <span class='ocrx_word' id='word_1_44' title='bbox 585 346 593 354; x_wconf 95' lang='lat'><strong><em>.</em></strong></span> <span class='ocrx_word' id='word_1_45' title='bbox 615 348 622 355; x_wconf 90' lang='lat'><em>.</em></span> <span class='ocrx_word' id='word_1_46' title='bbox 645 348 651 356; x_wconf 94' lang='lat'>.</span> <span class='ocrx_word' id='word_1_47' title='bbox 675 347 682 354; x_wconf 93' lang='lat'><strong><em>.</em></strong></span> <span class='ocrx_word' id='word_1_48' title='bbox 706 347 712 353; x_wconf 91' lang='lat'>.</span> <span class='ocrx_word' id='word_1_49' title='bbox 736 348 744 355; x_wconf 95' lang='lat'><em>.</em></span> <span class='ocrx_word' id='word_1_50' title='bbox 766 326 970 362; x_wconf 87' lang='lat' dir='ltr'><strong>Scripturarum</strong></span> <span class='ocrx_word' id='word_1_51' title='bbox 997 334 1089 354; x_wconf 87' lang='lat' dir='ltr'><strong>coram</strong></span> 
     </span>
    </p>
   </div>
   <div class='ocr_carea' id='block_1_7' title="bbox 301 371 1089 408">
    <p class='ocr_par' dir='ltr' id='par_1_7' title="bbox 301 371 1089 408">
     <span class='ocr_line' id='line_1_7' title="bbox 301 371 1089 408; baseline 0.005 -10"><span class='ocrx_word' id='word_1_52' title='bbox 301 371 428 399; x_wconf 86' lang='lat' dir='ltr'><strong>omnibus</strong></span> <span class='ocrx_word' id='word_1_53' title='bbox 452 372 622 401; x_wconf 67' lang='lat' dir='ltr'><strong>recitationis</strong></span> <span class='ocrx_word' id='word_1_54' title='bbox 643 381 740 401; x_wconf 88' lang='lat' dir='ltr'><strong>omnes</strong></span> <span class='ocrx_word' id='word_1_55' title='bbox 763 373 907 408; x_wconf 86' lang='lat' dir='ltr'><strong>subjacere</strong></span> <span class='ocrx_word' id='word_1_56' title='bbox 922 373 951 401; x_wconf 88' lang='lat' dir='ltr'><strong>in</strong></span> <span class='ocrx_word' id='word_1_57' title='bbox 968 381 999 401; x_wconf 92' lang='lat' dir='ltr'><strong>os</strong></span> <span class='ocrx_word' id='word_1_58' title='bbox 1016 378 1043 401; x_wconf 87' lang='lat' dir='ltr'><strong>et</strong></span> <span class='ocrx_word' id='word_1_59' title='bbox 1062 374 1089 402; x_wconf 92' lang='lat' dir='ltr'><strong>in</strong></span> 
     </span>
    </p>
   </div>
   <div class='ocr_carea' id='block_1_8' title="bbox 300 417 727 446">
    <p class='ocr_par' dir='ltr' id='par_1_8' title="bbox 300 417 727 446">
     <span class='ocr_line' id='line_1_8' title="bbox 300 417 727 446; baseline 0.005 -2"><span class='ocrx_word' id='word_1_60' title='bbox 300 417 459 444; x_wconf 83' lang='lat' dir='ltr'><strong>memoriam</strong></span> <span class='ocrx_word' id='word_1_61' title='bbox 475 417 547 445; x_wconf 87' lang='lat' dir='ltr'><strong>ferre</strong></span> <span class='ocrx_word' id='word_1_62' title='bbox 562 419 727 446; x_wconf 87' lang='lat' dir='ltr'><strong>volentibus.</strong></span> 
     </span>
    </p>
   </div>
   <div class='ocr_carea' id='block_1_9' title="bbox 337 461 1088 501">
    <p class='ocr_par' dir='ltr' id='par_1_9' title="bbox 337 461 1088 501">
     <span class='ocr_line' id='line_1_9' title="bbox 337 461 1088 501; baseline 0.003 -11"><span class='ocrx_word' id='word_1_63' title='bbox 337 461 484 491; x_wconf 82' lang='lat' dir='ltr'><strong>Sciendum</strong></span> <span class='ocrx_word' id='word_1_64' title='bbox 508 469 551 492; x_wconf 89' lang='lat' dir='ltr'><strong>est</strong></span> <span class='ocrx_word' id='word_1_65' title='bbox 575 473 636 497; x_wconf 87' lang='lat' dir='ltr'><strong>nos,</strong></span> <span class='ocrx_word' id='word_1_66' title='bbox 656 465 816 500; x_wconf 84' lang='lat' dir='ltr'><strong>priusquam</strong></span> <span class='ocrx_word' id='word_1_67' title='bbox 844 465 896 493; x_wconf 88' lang='lat' dir='ltr'><strong>hoc</strong></span> <span class='ocrx_word' id='word_1_68' title='bbox 918 466 1088 501; x_wconf 86' lang='lat' dir='ltr'><strong>propositum</strong></span> 
     </span>
    </p>
   </div>
   <div class='ocr_carea' id='block_1_10' title="bbox 299 509 1088 547">
    <p class='ocr_par' dir='ltr' id='par_1_10' title="bbox 299 509 1088 547">
     <span class='ocr_line' id='line_1_10' title="bbox 299 509 1088 547; baseline 0.005 -12"><span class='ocrx_word' id='word_1_69' title='bbox 299 509 523 544; x_wconf 74' lang='lat' dir='ltr'><strong>aggrederemur,</strong></span> <span class='ocrx_word' id='word_1_70' title='bbox 537 510 682 539; x_wconf 70' lang='lat' dir='ltr'><strong>Chronico:</strong></span> <span class='ocrx_word' id='word_1_71' title='bbox 694 511 814 539; x_wconf 71' lang='lat' dir='ltr'><strong>(Iunones</strong></span> <span class='ocrx_word' id='word_1_72' title='bbox 826 512 982 547; x_wconf 80' lang='lat' dir='ltr'><strong>scripsisse,</strong></span> <span class='ocrx_word' id='word_1_73' title='bbox 993 512 1088 547; x_wconf 81' lang='lat' dir='ltr'><strong>eisque</strong></span> 
     </span>
    </p>
   </div>
   <div class='ocr_carea' id='block_1_11' title="bbox 300 555 1086 593">
    <p class='ocr_par' dir='ltr' id='par_1_11' title="bbox 300 555 1086 593">
     <span class='ocr_line' id='line_1_11' title="bbox 300 555 1086 593; baseline 0.005 -12"><span class='ocrx_word' id='word_1_74' title='bbox 300 555 492 589; x_wconf 88' lang='lat' dir='ltr'><strong>compendium</strong></span> <span class='ocrx_word' id='word_1_75' title='bbox 512 557 594 584; x_wconf 66' lang='lat' dir='ltr'><strong>variae</strong></span> <span class='ocrx_word' id='word_1_76' title='bbox 615 558 739 585; x_wconf 65' lang='lat' dir='ltr'><strong>historiae</strong></span> <span class='ocrx_word' id='word_1_77' title='bbox 754 562 808 585; x_wconf 89' lang='lat' dir='ltr'><strong>tam</strong></span> <span class='ocrx_word' id='word_1_78' title='bbox 830 557 988 585; x_wconf 69' lang='lat' dir='ltr'><strong>Graecorum</strong></span> <span class='ocrx_word' id='word_1_79' title='bbox 1005 565 1086 593; x_wconf 86' lang='lat' dir='ltr'><strong>quam</strong></span> 
     </span>
    </p>
   </div>
   <div class='ocr_carea' id='block_1_12' title="bbox 299 601 1087 640">
    <p class='ocr_par' dir='ltr' id='par_1_12' title="bbox 299 601 1087 640">
     <span class='ocr_line' id='line_1_12' title="bbox 299 601 1087 640; baseline 0.006 -13"><span class='ocrx_word' id='word_1_80' title='bbox 299 605 326 628; x_wconf 87' lang='lat' dir='ltr'><strong>et</strong></span> <span class='ocrx_word' id='word_1_81' title='bbox 337 601 452 628; x_wconf 86' lang='lat' dir='ltr'><strong>aliarum</strong></span> <span class='ocrx_word' id='word_1_82' title='bbox 468 602 591 638; x_wconf 80' lang='lat' dir='ltr'><strong>gentium</strong></span> <span class='ocrx_word' id='word_1_83' title='bbox 606 611 639 630; x_wconf 85' lang='lat' dir='ltr'><strong>ex</strong></span> <span class='ocrx_word' id='word_1_84' title='bbox 657 603 772 632; x_wconf 83' lang='lat' dir='ltr'><strong>adverso</strong></span> <span class='ocrx_word' id='word_1_85' title='bbox 786 604 922 639; x_wconf 81' lang='lat' dir='ltr'><strong>posuisse,</strong></span> <span class='ocrx_word' id='word_1_86' title='bbox 937 604 970 631; x_wconf 90' lang='lat' dir='ltr'><strong>ad</strong></span> <span class='ocrx_word' id='word_1_87' title='bbox 986 604 1087 640; x_wconf 82' lang='lat' dir='ltr'><strong>Moysis</strong></span> 
     </span>
    </p>
   </div>
   <div class='ocr_carea' id='block_1_13' title="bbox 300 648 1086 685">
    <p class='ocr_par' dir='ltr' id='par_1_13' title="bbox 300 648 1086 685">
     <span class='ocr_line' id='line_1_13' title="bbox 300 648 1086 685; baseline 0.005 -12"><span class='ocrx_word' id='word_1_88' title='bbox 300 650 382 682; x_wconf 88' lang='lat' dir='ltr'><strong>atque</strong></span> <span class='ocrx_word' id='word_1_89' title='bbox 404 648 532 680; x_wconf 87' lang='lat' dir='ltr'><strong>aliorum,</strong></span> <span class='ocrx_word' id='word_1_90' title='bbox 557 649 603 684; x_wconf 88' lang='lat' dir='ltr'><strong>qui</strong></span> <span class='ocrx_word' id='word_1_91' title='bbox 620 654 681 684; x_wconf 85' lang='lat' dir='ltr'><strong>post</strong></span> <span class='ocrx_word' id='word_1_92' title='bbox 703 658 766 677; x_wconf 90' lang='lat' dir='ltr'><strong>eum</strong></span> <span class='ocrx_word' id='word_1_93' title='bbox 789 650 874 685; x_wconf 89' lang='lat' dir='ltr'><strong>fuere,</strong></span> <span class='ocrx_word' id='word_1_94' title='bbox 892 651 1086 685; x_wconf 84' lang='lat' dir='ltr'><strong>prophetarum</strong></span> 
     </span>
    </p>
   </div>
   <div class='ocr_carea' id='block_1_14' title="bbox 300 695 1085 732">
    <p class='ocr_par' dir='ltr' id='par_1_14' title="bbox 300 695 1085 732">
     <span class='ocr_line' id='line_1_14' title="bbox 300 695 1085 732; baseline 0.005 -12"><span class='ocrx_word' id='word_1_95' title='bbox 300 697 461 721; x_wconf 84' lang='lat' dir='ltr'><strong>vetustatem</strong></span> <span class='ocrx_word' id='word_1_96' title='bbox 484 695 688 722; x_wconf 76' lang='lat' dir='ltr'><strong>vindicandam.</strong></span> <span class='ocrx_word' id='word_1_97' title='bbox 704 696 753 724; x_wconf 79' lang='lat' dir='ltr'><strong>llis</strong></span> <span class='ocrx_word' id='word_1_98' title='bbox 768 697 846 732; x_wconf 83' lang='lat' dir='ltr'><strong>quasi</strong></span> <span class='ocrx_word' id='word_1_99' title='bbox 869 697 1085 732; x_wconf 88' lang='lat' dir='ltr'><strong>supplementum</strong></span> 
     </span>
    </p>
   </div>
   <div class='ocr_carea' id='block_1_15' title="bbox 299 740 1087 778">
    <p class='ocr_par' dir='ltr' id='par_1_15' title="bbox 299 740 1087 778">
     <span class='ocr_line' id='line_1_15' title="bbox 299 740 1087 778; baseline 0.006 -12"><span class='ocrx_word' id='word_1_100' title='bbox 299 748 359 775; x_wconf 64' lang='lat' dir='ltr'><strong>qua</strong></span> <span class='ocrx_word' id='word_1_101' title='bbox 373 740 453 768; x_wconf 91' lang='lat' dir='ltr'><strong>nobis</strong></span> <span class='ocrx_word' id='word_1_102' title='bbox 470 741 496 768; x_wconf 92' lang='lat' dir='ltr'><strong>in</strong></span> <span class='ocrx_word' id='word_1_103' title='bbox 507 749 588 768; x_wconf 80' lang='lat' dir='ltr'><strong>manu</strong></span> <span class='ocrx_word' id='word_1_104' title='bbox 602 748 680 770; x_wconf 88' lang='lat' dir='ltr'><strong>erant</strong></span> <span class='ocrx_word' id='word_1_105' title='bbox 696 744 796 778; x_wconf 85' lang='lat' dir='ltr'><strong>passim</strong></span> <span class='ocrx_word' id='word_1_106' title='bbox 813 744 982 778; x_wconf 70' lang='lat' dir='ltr'><strong>colligentes,</strong></span> <span class='ocrx_word' id='word_1_107' title='bbox 995 744 1087 778; x_wconf 87' lang='lat' dir='ltr'><strong>priore</strong></span> 
     </span>
    </p>
   </div>
   <div class='ocr_carea' id='block_1_16' title="bbox 298 785 1085 823">
    <p class='ocr_par' dir='ltr' id='par_1_16' title="bbox 298 785 1085 823">
     <span class='ocr_line' id='line_1_16' title="bbox 298 785 1085 823; baseline 0.005 -11"><span class='ocrx_word' id='word_1_108' title='bbox 298 785 425 813; x_wconf 85' lang='lat' dir='ltr'><strong>absoluto</strong></span> <span class='ocrx_word' id='word_1_109' title='bbox 447 786 480 813; x_wconf 85' lang='lat' dir='ltr'><strong>ad</strong></span> <span class='ocrx_word' id='word_1_110' title='bbox 507 794 627 821; x_wconf 77' lang='lat' dir='ltr'><strong>pra-sons</strong></span> <span class='ocrx_word' id='word_1_111' title='bbox 651 795 720 823; x_wconf 86' lang='lat' dir='ltr'><strong>opus</strong></span> <span class='ocrx_word' id='word_1_112' title='bbox 743 796 834 816; x_wconf 87' lang='lat' dir='ltr'><strong>rerum</strong></span> <span class='ocrx_word' id='word_1_113' title='bbox 855 795 953 815; x_wconf 80' lang='lat' dir='ltr'><strong>natura</strong></span> <span class='ocrx_word' id='word_1_114' title='bbox 975 788 1085 816; x_wconf 80' lang='lat' dir='ltr'><strong>adducti</strong></span> 
     </span>
    </p>
   </div>
   <div class='ocr_carea' id='block_1_17' title="bbox 298 831 1084 870">
    <p class='ocr_par' dir='ltr' id='par_1_17' title="bbox 298 831 1084 870">
     <span class='ocr_line' id='line_1_17' title="bbox 298 831 1084 870; baseline 0.005 -12"><span class='ocrx_word' id='word_1_115' title='bbox 298 838 405 859; x_wconf 86' lang='lat' dir='ltr'><strong>sumus.</strong></span> <span class='ocrx_word' id='word_1_116' title='bbox 421 831 499 864; x_wconf 87' lang='lat' dir='ltr'><strong>Quod</strong></span> <span class='ocrx_word' id='word_1_117' title='bbox 522 833 584 868; x_wconf 88' lang='lat' dir='ltr'><strong>quis</strong></span> <span class='ocrx_word' id='word_1_118' title='bbox 609 834 662 862; x_wconf 86' lang='lat' dir='ltr'><strong>cite</strong></span> <span class='ocrx_word' id='word_1_119' title='bbox 683 834 814 869; x_wconf 84' lang='lat' dir='ltr'><strong>sapientis</strong></span> <span class='ocrx_word' id='word_1_120' title='bbox 829 834 888 870; x_wconf 88' lang='lat' dir='ltr'><strong>apis</strong></span> <span class='ocrx_word' id='word_1_121' title='bbox 904 835 1021 862; x_wconf 82' lang='lat' dir='ltr'><strong>naturali</strong></span> <span class='ocrx_word' id='word_1_122' title='bbox 1041 835 1084 862; x_wconf 91' lang='lat' dir='ltr'><strong>in-</strong></span> 
     </span>
    </p>
   </div>
   <div class='ocr_carea' id='block_1_18' title="bbox 297 877 1085 915">
    <p class='ocr_par' dir='ltr' id='par_1_18' title="bbox 297 877 1085 915">
     <span class='ocr_line' id='line_1_18' title="bbox 297 877 1085 915; baseline 0.005 -11"><span class='ocrx_word' id='word_1_123' title='bbox 297 877 410 904; x_wconf 75' lang='lat' dir='ltr'><strong>dustriae</strong></span> <span class='ocrx_word' id='word_1_124' title='bbox 431 879 639 913; x_wconf 85' lang='lat' dir='ltr'><strong>comparaverit.</strong></span> <span class='ocrx_word' id='word_1_125' title='bbox 663 880 697 907; x_wconf 90' lang='lat' dir='ltr'><strong>ad</strong></span> <span class='ocrx_word' id='word_1_126' title='bbox 713 887 794 915; x_wconf 87' lang='lat' dir='ltr'><strong>quam</strong></span> <span class='ocrx_word' id='word_1_127' title='bbox 818 888 868 907; x_wconf 92' lang='lat' dir='ltr'><strong>nos</strong></span> <span class='ocrx_word' id='word_1_128' title='bbox 893 880 1008 908; x_wconf 79' lang='lat' dir='ltr'><strong>remittit</strong></span> <span class='ocrx_word' id='word_1_129' title='bbox 1038 889 1085 908; x_wconf 87' lang='lat' dir='ltr'><strong>sa-</strong></span> 
     </span>
    </p>
   </div>
   <div class='ocr_carea' id='block_1_19' title="bbox 1855 181 1917 209">
    <p class='ocr_par' dir='ltr' id='par_1_19' title="bbox 1855 181 1917 209">
     <span class='ocr_line' id='line_1_19' title="bbox 1855 181 1917 209; baseline 0.016 -1"><span class='ocrx_word' id='word_1_130' title='bbox 1855 181 1917 209; x_wconf 68' lang='grc' dir='ltr'>ιοίι</span> 
     </span>
    </p>
   </div>
   <div class='ocr_carea' id='block_1_20' title="bbox 1454 238 1917 274">
    <p class='ocr_par' dir='ltr' id='par_1_20' title="bbox 1454 238 1917 274">
     <span class='ocr_line' id='line_1_20' title="bbox 1454 238 1917 274; baseline 0.006 -9"><span class='ocrx_word' id='word_1_131' title='bbox 1454 256 1463 265; x_wconf 87' lang='grc'><strong>.</strong></span> <span class='ocrx_word' id='word_1_132' title='bbox 1483 238 1614 274; x_wconf 74' lang='grc' dir='ltr'><strong>ἱστορίαις</strong></span> <span class='ocrx_word' id='word_1_133' title='bbox 1631 238 1858 274; x_wconf 70' lang='grc' dir='ltr'><strong>ἐναποκειμένας·</strong></span> <span class='ocrx_word' id='word_1_134' title='bbox 1873 242 1917 268; x_wconf 81' lang='grc' dir='ltr'><strong>οὐκ</strong></span> 
     </span>
    </p>
   </div>
   <div class='ocr_carea' id='block_1_21' title="bbox 1370 283 1917 320">
    <p class='ocr_par' dir='ltr' id='par_1_21' title="bbox 1370 283 1917 320">
     <span class='ocr_line' id='line_1_21' title="bbox 1370 283 1917 320; baseline 0.007 -10"><span class='ocrx_word' id='word_1_135' title='bbox 1370 303 1377 309; x_wconf 94' lang='grc'>.</span> <span class='ocrx_word' id='word_1_136' title='bbox 1417 283 1528 319; x_wconf 82' lang='grc' dir='ltr'>αχθεϊσα</span> <span class='ocrx_word' id='word_1_137' title='bbox 1544 283 1652 310; x_wconf 73' lang='grc' dir='ltr'>ἔσεσθαι</span> <span class='ocrx_word' id='word_1_138' title='bbox 1675 285 1842 320; x_wconf 71' lang='grc' dir='ltr'>χρησίμουςο</span> <span class='ocrx_word' id='word_1_139' title='bbox 1861 287 1917 314; x_wconf 76' lang='grc' dir='ltr'>ἐπεὶ</span> 
     </span>
    </p>
   </div>
   <div class='ocr_carea' id='block_1_22' title="bbox 1141 326 1918 368">
    <p class='ocr_par' dir='ltr' id='par_1_22' title="bbox 1141 326 1918 368">
     <span class='ocr_line' id='line_1_22' title="bbox 1141 326 1918 368; baseline 0.006 -14"><span class='ocrx_word' id='word_1_140' title='bbox 1141 328 1180 363; x_wconf 77' lang='grc' dir='ltr'>μὴ</span> <span class='ocrx_word' id='word_1_141' title='bbox 1194 329 1284 364; x_wconf 72' lang='grc' dir='ltr'>ῥᾴδιον</span> <span class='ocrx_word' id='word_1_142' title='bbox 1295 328 1352 356; x_wconf 79' lang='grc' dir='ltr'>ἀλλ’</span> <span class='ocrx_word' id='word_1_143' title='bbox 1368 329 1406 361; x_wconf 81' lang='grc' dir='ltr'><strong>ὡς</strong></span> <span class='ocrx_word' id='word_1_144' title='bbox 1416 330 1448 356; x_wconf 81' lang='grc' dir='ltr'><strong>ὲκ</strong></span> <span class='ocrx_word' id='word_1_145' title='bbox 1463 326 1512 364; x_wconf 76' lang='grc' dir='ltr'>τῆς</span> <span class='ocrx_word' id='word_1_146' title='bbox 1551 350 1557 356; x_wconf 98' lang='grc'>.</span> <span class='ocrx_word' id='word_1_147' title='bbox 1597 349 1603 356; x_wconf 99' lang='grc'><strong><em>.</em></strong></span> <span class='ocrx_word' id='word_1_148' title='bbox 1641 330 1723 366; x_wconf 77' lang='grc' dir='ltr'>τάδην</span> <span class='ocrx_word' id='word_1_149' title='bbox 1736 331 1790 358; x_wconf 83' lang='grc' dir='ltr'>τῶν</span> <span class='ocrx_word' id='word_1_150' title='bbox 1806 332 1918 368; x_wconf 80' lang='grc' dir='ltr'>Γραφῶν</span> 
     </span>
    </p>
   </div>
   <div class='ocr_carea' id='block_1_23' title="bbox 1140 374 1918 414">
    <p class='ocr_par' dir='ltr' id='par_1_23' title="bbox 1140 374 1918 414">
     <span class='ocr_line' id='line_1_23' title="bbox 1140 374 1918 414; baseline 0.008 -14"><span class='ocrx_word' id='word_1_151' title='bbox 1140 374 1365 410; x_wconf 83' lang='grc' dir='ltr'>συναναγνώσεως</span> <span class='ocrx_word' id='word_1_152' title='bbox 1376 375 1425 408; x_wconf 78' lang='grc' dir='ltr'>τὰς</span> <span class='ocrx_word' id='word_1_153' title='bbox 1435 375 1523 408; x_wconf 82' lang='grc' dir='ltr'>πάσας</span> <span class='ocrx_word' id='word_1_154' title='bbox 1535 376 1696 403; x_wconf 81' lang='grc' dir='ltr'><strong>ὑποπίπτειν</strong></span> <span class='ocrx_word' id='word_1_155' title='bbox 1706 379 1762 409; x_wconf 86' lang='grc' dir='ltr'>τοῖς</span> <span class='ocrx_word' id='word_1_156' title='bbox 1772 378 1824 405; x_wconf 80' lang='grc' dir='ltr'>ἀνὰ</span> <span class='ocrx_word' id='word_1_157' title='bbox 1834 378 1918 414; x_wconf 76' lang='grc' dir='ltr'>στόμα</span> 
     </span>
    </p>
   </div>
   <div class='ocr_carea' id='block_1_24' title="bbox 1139 420 1771 459">
    <p class='ocr_par' dir='ltr' id='par_1_24' title="bbox 1139 420 1771 459">
     <span class='ocr_line' id='line_1_24' title="bbox 1139 420 1771 459; baseline 0.005 -12"><span class='ocrx_word' id='word_1_158' title='bbox 1139 421 1186 447; x_wconf 82' lang='grc' dir='ltr'>καὶ</span> <span class='ocrx_word' id='word_1_159' title='bbox 1202 420 1245 448; x_wconf 81' lang='grc' dir='ltr'><strong>διὰ</strong></span> <span class='ocrx_word' id='word_1_160' title='bbox 1259 421 1369 457; x_wconf 80' lang='grc' dir='ltr'><strong>μνήμης</strong></span> <span class='ocrx_word' id='word_1_161' title='bbox 1383 422 1475 457; x_wconf 83' lang='grc' dir='ltr'>φέρειν</span> <span class='ocrx_word' id='word_1_162' title='bbox 1493 423 1576 456; x_wconf 76' lang='grc' dir='ltr'>αὑτὰς</span> <span class='ocrx_word' id='word_1_163' title='bbox 1589 422 1771 459; x_wconf 83' lang='grc' dir='ltr'>βουλομένοις.</span> 
     </span>
    </p>
   </div>
   <div class='ocr_carea' id='block_1_25' title="bbox 1181 466 1918 504">
    <p class='ocr_par' dir='ltr' id='par_1_25' title="bbox 1181 466 1918 504">
     <span class='ocr_line' id='line_1_25' title="bbox 1181 466 1918 504; baseline 0.005 -12"><span class='ocrx_word' id='word_1_164' title='bbox 1181 466 1278 493; x_wconf 81' lang='grc' dir='ltr'>Ίστέον</span> <span class='ocrx_word' id='word_1_165' title='bbox 1294 466 1317 493; x_wconf 75' lang='grc' dir='ltr'>δ’</span> <span class='ocrx_word' id='word_1_166' title='bbox 1331 467 1369 499; x_wconf 84' lang='grc' dir='ltr'>ὡς</span> <span class='ocrx_word' id='word_1_167' title='bbox 1386 468 1438 503; x_wconf 83' lang='grc' dir='ltr'><strong>πρὸ</strong></span> <span class='ocrx_word' id='word_1_168' title='bbox 1455 468 1503 503; x_wconf 76' lang='grc' dir='ltr'>τῆς</span> <span class='ocrx_word' id='word_1_169' title='bbox 1522 468 1661 504; x_wconf 79' lang='grc' dir='ltr'><strong>παρούσης</strong></span> <span class='ocrx_word' id='word_1_170' title='bbox 1678 469 1832 501; x_wconf 78' lang='grc' dir='ltr'><strong>ὑποθέσεως</strong></span> <span class='ocrx_word' id='word_1_171' title='bbox 1851 470 1918 504; x_wconf 84' lang='grc' dir='ltr'>Χρο-</span> 
     </span>
    </p>
   </div>
   <div class='ocr_carea' id='block_1_26' title="bbox 1138 513 1917 550">
    <p class='ocr_par' dir='ltr' id='par_1_26' title="bbox 1138 513 1917 550">
     <span class='ocr_line' id='line_1_26' title="bbox 1138 513 1917 550; baseline 0.003 -11"><span class='ocrx_word' id='word_1_172' title='bbox 1138 513 1242 546; x_wconf 84' lang='grc' dir='ltr'>νικοὺς</span> <span class='ocrx_word' id='word_1_173' title='bbox 1261 513 1439 546; x_wconf 76' lang='grc' dir='ltr'><strong>συντάξαντες</strong></span> <span class='ocrx_word' id='word_1_174' title='bbox 1459 515 1604 548; x_wconf 78' lang='grc' dir='ltr'><strong>Κανόνας,</strong></span> <span class='ocrx_word' id='word_1_175' title='bbox 1620 515 1752 550; x_wconf 82' lang='grc' dir='ltr'>ἐπιτομήν</span> <span class='ocrx_word' id='word_1_176' title='bbox 1766 523 1798 541; x_wconf 78' lang='grc' dir='ltr'><strong>τε</strong></span> <span class='ocrx_word' id='word_1_177' title='bbox 1817 515 1917 547; x_wconf 75' lang='grc' dir='ltr'>τούτοις</span> 
     </span>
    </p>
   </div>
   <div class='ocr_carea' id='block_1_27' title="bbox 1138 558 1918 596">
    <p class='ocr_par' dir='ltr' id='par_1_27' title="bbox 1138 558 1918 596">
     <span class='ocr_line' id='line_1_27' title="bbox 1138 558 1918 596; baseline 0.005 -12"><span class='ocrx_word' id='word_1_178' title='bbox 1138 558 1308 594; x_wconf 76' lang='grc' dir='ltr'><strong>παντοδαπῆς</strong></span> <span class='ocrx_word' id='word_1_179' title='bbox 1323 559 1442 594; x_wconf 78' lang='grc' dir='ltr'>ἱστορίας</span> <span class='ocrx_word' id='word_1_180' title='bbox 1464 559 1594 595; x_wconf 79' lang='grc' dir='ltr'>Ἑλλήνων</span> <span class='ocrx_word' id='word_1_181' title='bbox 1609 568 1638 586; x_wconf 91' lang='grc' dir='ltr'><strong>τε</strong></span> <span class='ocrx_word' id='word_1_182' title='bbox 1654 560 1701 587; x_wconf 78' lang='grc' dir='ltr'>καὶ</span> <span class='ocrx_word' id='word_1_183' title='bbox 1718 559 1863 596; x_wconf 71' lang='grc' dir='ltr'>βαρϐάρων</span> <span class='ocrx_word' id='word_1_184' title='bbox 1874 560 1918 588; x_wconf 70' lang='grc' dir='ltr'><strong>ἀν·</strong></span> 
     </span>
    </p>
   </div>
   <div class='ocr_carea' id='block_1_28' title="bbox 1137 603 1918 641">
    <p class='ocr_par' dir='ltr' id='par_1_28' title="bbox 1137 603 1918 641">
     <span class='ocr_line' id='line_1_28' title="bbox 1137 603 1918 641; baseline 0.004 -12"><span class='ocrx_word' id='word_1_185' title='bbox 1137 603 1344 639; x_wconf 80' lang='grc' dir='ltr'>τιπαραθέντες,</span> <span class='ocrx_word' id='word_1_186' title='bbox 1358 604 1408 639; x_wconf 85' lang='grc' dir='ltr'>τὴν</span> <span class='ocrx_word' id='word_1_187' title='bbox 1424 603 1563 636; x_wconf 78' lang='grc' dir='ltr'>Μωῡσέως</span> <span class='ocrx_word' id='word_1_188' title='bbox 1577 605 1622 631; x_wconf 76' lang='grc' dir='ltr'><strong>καὶ</strong></span> <span class='ocrx_word' id='word_1_189' title='bbox 1635 604 1689 631; x_wconf 82' lang='grc' dir='ltr'>τῶν</span> <span class='ocrx_word' id='word_1_190' title='bbox 1705 605 1734 638; x_wconf 75' lang='grc' dir='ltr'><strong>ἐξ</strong></span> <span class='ocrx_word' id='word_1_191' title='bbox 1756 605 1838 632; x_wconf 79' lang='grc' dir='ltr'>αὑτοῦ</span> <span class='ocrx_word' id='word_1_192' title='bbox 1855 614 1918 641; x_wconf 62' lang='grc' dir='ltr'><strong>πφ-</strong></span> 
     </span>
    </p>
   </div>
   <div class='ocr_carea' id='block_1_29' title="bbox 1137 648 1918 687">
    <p class='ocr_par' dir='ltr' id='par_1_29' title="bbox 1137 648 1918 687">
     <span class='ocr_line' id='line_1_29' title="bbox 1137 648 1918 687; baseline 0.003 -12"><span class='ocrx_word' id='word_1_193' title='bbox 1137 648 1230 684; x_wconf 81' lang='grc' dir='ltr'>φητῶν</span> <span class='ocrx_word' id='word_1_194' title='bbox 1246 649 1412 685; x_wconf 83' lang='grc' dir='ltr'>ἀρχαιότητα</span> <span class='ocrx_word' id='word_1_195' title='bbox 1426 650 1458 676; x_wconf 83' lang='grc' dir='ltr'>δι’</span> <span class='ocrx_word' id='word_1_196' title='bbox 1473 650 1562 676; x_wconf 83' lang='grc' dir='ltr'>αὐτῶν</span> <span class='ocrx_word' id='word_1_197' title='bbox 1575 651 1800 686; x_wconf 79' lang='grc' dir='ltr'>παρεστήσαμεν·</span> <span class='ocrx_word' id='word_1_198' title='bbox 1818 649 1859 683; x_wconf 69' lang='grc' dir='ltr'><strong>οἷς</strong></span> <span class='ocrx_word' id='word_1_199' title='bbox 1871 651 1918 687; x_wconf 76' lang='grc' dir='ltr'>τὴν</span> 
     </span>
    </p>
   </div>
   <div class='ocr_carea' id='block_1_30' title="bbox 1139 694 1917 732">
    <p class='ocr_par' dir='ltr' id='par_1_30' title="bbox 1139 694 1917 732">
     <span class='ocr_line' id='line_1_30' title="bbox 1139 694 1917 732; baseline 0.003 -12"><span class='ocrx_word' id='word_1_200' title='bbox 1139 694 1206 730; x_wconf 81' lang='grc' dir='ltr'>μετὰ</span> <span class='ocrx_word' id='word_1_201' title='bbox 1227 696 1321 731; x_wconf 80' lang='grc' dir='ltr'>χεῖρας</span> <span class='ocrx_word' id='word_1_202' title='bbox 1343 695 1480 731; x_wconf 77' lang='grc' dir='ltr'>σποράδην</span> <span class='ocrx_word' id='word_1_203' title='bbox 1506 695 1650 722; x_wconf 80' lang='grc' dir='ltr'>ἀκόλουθον</span> <span class='ocrx_word' id='word_1_204' title='bbox 1673 695 1917 732; x_wconf 75' lang='grc' dir='ltr'>ὑπολαμϐάνοντες,</span> 
     </span>
    </p>
   </div>
   <div class='ocr_carea' id='block_1_31' title="bbox 1136 740 1917 777">
    <p class='ocr_par' dir='ltr' id='par_1_31' title="bbox 1136 740 1917 777">
     <span class='ocr_line' id='line_1_31' title="bbox 1136 740 1917 777; baseline 0.003 -11"><span class='ocrx_word' id='word_1_205' title='bbox 1136 740 1249 773; x_wconf 81' lang='grc' dir='ltr'><strong>εἰκότως</strong></span> <span class='ocrx_word' id='word_1_206' title='bbox 1271 741 1330 776; x_wconf 87' lang='grc' dir='ltr'>μετ’</span> <span class='ocrx_word' id='word_1_207' title='bbox 1343 741 1450 777; x_wconf 78' lang='grc' dir='ltr'>ἐκείνην</span> <span class='ocrx_word' id='word_1_208' title='bbox 1466 740 1513 767; x_wconf 78' lang='grc' dir='ltr'><strong>ἐπὶ</strong></span> <span class='ocrx_word' id='word_1_209' title='bbox 1531 740 1579 776; x_wconf 81' lang='grc' dir='ltr'>τὴν</span> <span class='ocrx_word' id='word_1_210' title='bbox 1591 740 1729 776; x_wconf 73' lang='grc' dir='ltr'>παροῦσαν</span> <span class='ocrx_word' id='word_1_211' title='bbox 1751 741 1917 776; x_wconf 77' lang='grc' dir='ltr'><strong>ἐληλύθαμεν</strong></span> 
     </span>
    </p>
   </div>
   <div class='ocr_carea' id='block_1_32' title="bbox 1136 787 1917 824">
    <p class='ocr_par' dir='ltr' id='par_1_32' title="bbox 1136 787 1917 824">
     <span class='ocr_line' id='line_1_32' title="bbox 1136 787 1917 824; baseline 0.003 -12"><span class='ocrx_word' id='word_1_212' title='bbox 1136 787 1325 823; x_wconf 78' lang='grc' dir='ltr'>πραγματείαν</span> <span class='ocrx_word' id='word_1_213' title='bbox 1336 795 1343 803; x_wconf 81' lang='grc'><strong><em>⁸</em></strong></span> <span class='ocrx_word' id='word_1_214' title='bbox 1357 788 1390 823; x_wconf 84' lang='grc' dir='ltr'>ἦν</span> <span class='ocrx_word' id='word_1_215' title='bbox 1400 788 1446 815; x_wconf 76' lang='grc' dir='ltr'><strong>καὶ</strong></span> <span class='ocrx_word' id='word_1_216' title='bbox 1458 788 1606 824; x_wconf 78' lang='grc' dir='ltr'>χαριέντως</span> <span class='ocrx_word' id='word_1_217' title='bbox 1619 789 1651 816; x_wconf 86' lang='grc' dir='ltr'>ἄν</span> <span class='ocrx_word' id='word_1_218' title='bbox 1665 797 1706 820; x_wconf 90' lang='grc' dir='ltr'><strong>τις</strong></span> <span class='ocrx_word' id='word_1_219' title='bbox 1718 788 1757 824; x_wconf 82' lang='grc' dir='ltr'><strong>τῷ</strong></span> <span class='ocrx_word' id='word_1_220' title='bbox 1770 788 1820 823; x_wconf 80' lang='grc' dir='ltr'>τῆς</span> <span class='ocrx_word' id='word_1_221' title='bbox 1836 787 1917 822; x_wconf 70' lang='grc' dir='ltr'>σοφῆς</span> 
     </span>
    </p>
   </div>
   <div class='ocr_carea' id='block_1_33' title="bbox 1138 833 1917 870">
    <p class='ocr_par' dir='ltr' id='par_1_33' title="bbox 1138 833 1917 870">
     <span class='ocr_line' id='line_1_33' title="bbox 1138 833 1917 870; baseline 0 -11"><span class='ocrx_word' id='word_1_222' title='bbox 1138 833 1263 868; x_wconf 82' lang='grc' dir='ltr'>μελίττης</span> <span class='ocrx_word' id='word_1_223' title='bbox 1276 834 1450 860; x_wconf 80' lang='grc' dir='ltr'><strong>ἀπεικάσειεν</strong></span> <span class='ocrx_word' id='word_1_224' title='bbox 1469 834 1575 870; x_wconf 79' lang='grc' dir='ltr'>φυσικῷ</span> <span class='ocrx_word' id='word_1_225' title='bbox 1591 835 1788 870; x_wconf 79' lang='grc' dir='ltr'>σπουδάσματι,</span> <span class='ocrx_word' id='word_1_226' title='bbox 1804 834 1873 870; x_wconf 77' lang='grc' dir='ltr'>πρὸς</span> <span class='ocrx_word' id='word_1_227' title='bbox 1886 834 1917 869; x_wconf 73' lang='grc' dir='ltr'>ἢν</span> 
     </span>
    </p>
   </div>
   <div class='ocr_carea' id='block_1_34' title="bbox 1136 879 1917 917">
    <p class='ocr_par' dir='ltr' id='par_1_34' title="bbox 1136 879 1917 917">
     <span class='ocr_line' id='line_1_34' title="bbox 1136 879 1917 917; baseline 0.003 -12"><span class='ocrx_word' id='word_1_228' title='bbox 1136 879 1304 914; x_wconf 78' lang='grc' dir='ltr'>ἀναπέμπων</span> <span class='ocrx_word' id='word_1_229' title='bbox 1321 880 1395 915; x_wconf 83' lang='grc' dir='ltr'>ἡμᾶς</span> <span class='ocrx_word' id='word_1_230' title='bbox 1415 881 1429 906; x_wconf 84' lang='grc' dir='ltr'>ὁ</span> <span class='ocrx_word' id='word_1_231' title='bbox 1449 881 1479 906; x_wconf 82' lang='grc' dir='ltr'>ὲν</span> <span class='ocrx_word' id='word_1_232' title='bbox 1493 881 1656 916; x_wconf 81' lang='grc' dir='ltr'>Παροιμίαις</span> <span class='ocrx_word' id='word_1_233' title='bbox 1679 881 1749 917; x_wconf 83' lang='grc' dir='ltr'>ἱερὸς</span> <span class='ocrx_word' id='word_1_234' title='bbox 1771 881 1849 914; x_wconf 79' lang='grc' dir='ltr'>λόγος</span> <span class='ocrx_word' id='word_1_235' title='bbox 1866 889 1917 916; x_wconf 57' lang='lat' dir='ltr'><strong>qn}.-</strong></span> 
     </span>
    </p>
   </div>
   <div class='ocr_carea' id='block_1_35' title="bbox 296 917 1078 963">
    <p class='ocr_par' dir='ltr' id='par_1_35' title="bbox 296 924 1078 962">
     <span class='ocr_line' id='line_1_35' title="bbox 296 924 1078 962; baseline 0.005 -12"><span class='ocrx_word' id='word_1_236' title='bbox 296 930 343 950; x_wconf 91' lang='lat' dir='ltr'><strong>cer</strong></span> <span class='ocrx_word' id='word_1_237' title='bbox 362 931 453 951; x_wconf 91' lang='lat' dir='ltr'><strong>sermo</strong></span> <span class='ocrx_word' id='word_1_238' title='bbox 477 924 505 951; x_wconf 93' lang='lat' dir='ltr'><strong>in</strong></span> <span class='ocrx_word' id='word_1_239' title='bbox 527 924 682 953; x_wconf 75' lang='lat' dir='ltr'><strong>Proverbiis</strong></span> <span class='ocrx_word' id='word_1_240' title='bbox 705 925 800 954; x_wconf 89' lang='lat' dir='ltr'><strong>dicens</strong></span> <span class='ocrx_word' id='word_1_241' title='bbox 816 936 821 953; x_wconf 91' lang='lat'><strong>:</strong></span> <span class='ocrx_word' id='word_1_242' title='bbox 838 935 846 952; x_wconf 80' lang='grc' dir='ltr'><strong>ι</strong></span> <span class='ocrx_word' id='word_1_243' title='bbox 862 925 936 953; x_wconf 86' lang='lat' dir='ltr'><strong>Vade</strong></span> <span class='ocrx_word' id='word_1_244' title='bbox 947 927 980 954; x_wconf 89' lang='lat' dir='ltr'><strong>ad</strong></span> <span class='ocrx_word' id='word_1_245' title='bbox 991 934 1078 962; x_wconf 82' lang='lat' dir='ltr'><strong>apem.</strong></span> 
     </span>
    </p>
   </div>
   <div class='ocr_carea' id='block_1_36' title="bbox 1131 917 1917 963">
    <p class='ocr_par' dir='ltr' id='par_1_36' title="bbox 1137 925 1917 963">
     <span class='ocr_line' id='line_1_36' title="bbox 1137 925 1917 963; baseline -0.001 -10"><span class='ocrx_word' id='word_1_246' title='bbox 1137 927 1188 959; x_wconf 78' lang='grc' dir='ltr'>σίν,</span> <span class='ocrx_word' id='word_1_247' title='bbox 1209 935 1218 952; x_wconf 81' lang='grc' dir='ltr'><strong>ι</strong></span> <span class='ocrx_word' id='word_1_248' title='bbox 1241 927 1276 953; x_wconf 86' lang='grc' dir='ltr'>Ἢ</span> <span class='ocrx_word' id='word_1_249' title='bbox 1288 926 1433 962; x_wconf 77' lang='grc' dir='ltr'>πορεύθητι</span> <span class='ocrx_word' id='word_1_250' title='bbox 1449 926 1515 961; x_wconf 74' lang='grc' dir='ltr'>πρὸς</span> <span class='ocrx_word' id='word_1_251' title='bbox 1531 927 1579 963; x_wconf 75' lang='grc' dir='ltr'>τὴν</span> <span class='ocrx_word' id='word_1_252' title='bbox 1594 927 1729 962; x_wconf 80' lang='grc' dir='ltr'>μέλιτταν,</span> <span class='ocrx_word' id='word_1_253' title='bbox 1745 927 1792 954; x_wconf 71' lang='grc' dir='ltr'><strong>καὶ</strong></span> <span class='ocrx_word' id='word_1_254' title='bbox 1807 926 1846 952; x_wconf 70' lang='grc' dir='ltr'>ἴδε</span> <span class='ocrx_word' id='word_1_255' title='bbox 1862 925 1917 958; x_wconf 73' lang='grc' dir='ltr'><strong>πῶς</strong></span> 
     </span>
    </p>
   </div>
   <div class='ocr_carea' id='block_1_37' title="bbox 295 969 1084 1007">
    <p class='ocr_par' dir='ltr' id='par_1_37' title="bbox 295 969 1084 1007">
     <span class='ocr_line' id='line_1_37' title="bbox 295 969 1084 1007; baseline 0.005 -11"><span class='ocrx_word' id='word_1_256' title='bbox 295 973 323 996; x_wconf 90' lang='lat' dir='ltr'><strong>et</strong></span> <span class='ocrx_word' id='word_1_257' title='bbox 336 969 396 997; x_wconf 90' lang='lat' dir='ltr'><strong>vide</strong></span> <span class='ocrx_word' id='word_1_258' title='bbox 407 978 487 1004; x_wconf 84' lang='lat' dir='ltr'><strong>quam</strong></span> <span class='ocrx_word' id='word_1_259' title='bbox 502 978 617 1006; x_wconf 87' lang='lat' dir='ltr'><strong>operosa</strong></span> <span class='ocrx_word' id='word_1_260' title='bbox 631 972 677 1004; x_wconf 74' lang='lat' dir='ltr'><strong>sit,</strong></span> <span class='ocrx_word' id='word_1_261' title='bbox 693 980 830 1007; x_wconf 85' lang='lat' dir='ltr'><strong>quamque</strong></span> <span class='ocrx_word' id='word_1_262' title='bbox 845 973 982 1007; x_wconf 79' lang='lat' dir='ltr'><strong>egregium</strong></span> <span class='ocrx_word' id='word_1_263' title='bbox 999 973 1084 1000; x_wconf 85' lang='lat' dir='ltr'><strong>conli-</strong></span> 
     </span>
    </p>
   </div>
   <div class='ocr_carea' id='block_1_38' title="bbox 296 1015 1084 1054">
    <p class='ocr_par' dir='ltr' id='par_1_38' title="bbox 296 1015 1084 1054">
     <span class='ocr_line' id='line_1_38' title="bbox 296 1015 1084 1054; baseline 0.005 -12"><span class='ocrx_word' id='word_1_264' title='bbox 296 1015 351 1042; x_wconf 89' lang='lat' dir='ltr'><strong>ciat</strong></span> <span class='ocrx_word' id='word_1_265' title='bbox 362 1023 451 1051; x_wconf 86' lang='lat' dir='ltr'><strong>opus;</strong></span> <span class='ocrx_word' id='word_1_266' title='bbox 467 1016 526 1052; x_wconf 83' lang='lat' dir='ltr'><strong>ejus</strong></span> <span class='ocrx_word' id='word_1_267' title='bbox 541 1017 661 1045; x_wconf 84' lang='lat' dir='ltr'><strong>laborem</strong></span> <span class='ocrx_word' id='word_1_268' title='bbox 680 1025 757 1053; x_wconf 79' lang='lat' dir='ltr'><strong>rcges</strong></span> <span class='ocrx_word' id='word_1_269' title='bbox 778 1024 804 1046; x_wconf 91' lang='lat' dir='ltr'><strong>et</strong></span> <span class='ocrx_word' id='word_1_270' title='bbox 823 1019 920 1054; x_wconf 84' lang='lat' dir='ltr'><strong>privati</strong></span> <span class='ocrx_word' id='word_1_271' title='bbox 935 1019 968 1046; x_wconf 87' lang='lat' dir='ltr'><strong>ad</strong></span> <span class='ocrx_word' id='word_1_272' title='bbox 985 1019 1084 1046; x_wconf 87' lang='lat' dir='ltr'><strong>sanita-</strong></span> 
     </span>
    </p>
   </div>
   <div class='ocr_carea' id='block_1_39' title="bbox 295 1063 1082 1102">
    <p class='ocr_par' dir='ltr' id='par_1_39' title="bbox 295 1063 1082 1102">
     <span class='ocr_line' id='line_1_39' title="bbox 295 1063 1082 1102; baseline 0.006 -14"><span class='ocrx_word' id='word_1_273' title='bbox 295 1066 348 1089; x_wconf 89' lang='lat' dir='ltr'><strong>tem</strong></span> <span class='ocrx_word' id='word_1_274' title='bbox 365 1063 528 1097; x_wconf 84' lang='lat' dir='ltr'><strong>comedunt;</strong></span> <span class='ocrx_word' id='word_1_275' title='bbox 545 1068 622 1099; x_wconf 79' lang='lat' dir='ltr'><strong>grata</strong></span> <span class='ocrx_word' id='word_1_276' title='bbox 643 1067 686 1092; x_wconf 85' lang='lat' dir='ltr'><strong>est</strong></span> <span class='ocrx_word' id='word_1_277' title='bbox 711 1065 850 1098; x_wconf 90' lang='lat' dir='ltr'><strong>omnibus,</strong></span> <span class='ocrx_word' id='word_1_278' title='bbox 867 1071 951 1101; x_wconf 89' lang='lat' dir='ltr'><strong>atque</strong></span> <span class='ocrx_word' id='word_1_279' title='bbox 968 1065 1082 1102; x_wconf 83' lang='lat' dir='ltr'><strong>inclyta,</strong></span> 
     </span>
    </p>
   </div>
   <div class='ocr_carea' id='block_1_40' title="bbox 293 1108 1084 1147">
    <p class='ocr_par' dir='ltr' id='par_1_40' title="bbox 293 1108 1084 1147">
     <span class='ocr_line' id='line_1_40' title="bbox 293 1108 1084 1147; baseline 0.004 -11"><span class='ocrx_word' id='word_1_280' title='bbox 293 1108 346 1136; x_wconf 85' lang='lat' dir='ltr'><strong>etsi</strong></span> <span class='ocrx_word' id='word_1_281' title='bbox 372 1109 478 1137; x_wconf 86' lang='lat' dir='ltr'><strong>viribus</strong></span> <span class='ocrx_word' id='word_1_282' title='bbox 503 1109 620 1142; x_wconf 81' lang='lat' dir='ltr'><strong>debilis,</strong></span> <span class='ocrx_word' id='word_1_283' title='bbox 648 1111 810 1146; x_wconf 86' lang='lat' dir='ltr'><strong>sapientiam</strong></span> <span class='ocrx_word' id='word_1_284' title='bbox 836 1112 926 1139; x_wconf 87' lang='lat' dir='ltr'><strong>colere</strong></span> <span class='ocrx_word' id='word_1_285' title='bbox 951 1112 1084 1147; x_wconf 59' lang='lat' dir='ltr'><strong>pradica-</strong></span> 
     </span>
    </p>
   </div>
   <div class='ocr_carea' id='block_1_41' title="bbox 294 1155 1083 1194">
    <p class='ocr_par' dir='ltr' id='par_1_41' title="bbox 294 1155 1083 1194">
     <span class='ocr_line' id='line_1_41' title="bbox 294 1155 1083 1194; baseline 0.006 -13"><span class='ocrx_word' id='word_1_286' title='bbox 294 1159 340 1181; x_wconf 91' lang='lat' dir='ltr'><strong>tur</strong></span> <span class='ocrx_word' id='word_1_287' title='bbox 352 1155 371 1182; x_wconf 90' lang='grc'>¹.</span> <span class='ocrx_word' id='word_1_288' title='bbox 388 1166 396 1180; x_wconf 75' lang='grc' dir='ltr'><strong>ι</strong></span> <span class='ocrx_word' id='word_1_289' title='bbox 419 1156 653 1189; x_wconf 80' lang='lat' dir='ltr'><strong>Quemadmodum</strong></span> <span class='ocrx_word' id='word_1_290' title='bbox 682 1157 756 1184; x_wconf 92' lang='lat' dir='ltr'><strong>enim</strong></span> <span class='ocrx_word' id='word_1_291' title='bbox 780 1157 837 1185; x_wconf 61' lang='lat' dir='ltr'><strong>haec</strong></span> <span class='ocrx_word' id='word_1_292' title='bbox 860 1158 953 1193; x_wconf 78' lang='lat' dir='ltr'><strong>opifex</strong></span> <span class='ocrx_word' id='word_1_293' title='bbox 970 1159 1083 1194; x_wconf 88' lang='lat' dir='ltr'><strong>sapien-</strong></span> 
     </span>
    </p>
   </div>
   <div class='ocr_carea' id='block_1_42' title="bbox 292 1202 1083 1239">
    <p class='ocr_par' dir='ltr' id='par_1_42' title="bbox 292 1202 1083 1239">
     <span class='ocr_line' id='line_1_42' title="bbox 292 1202 1083 1239; baseline 0.004 -10"><span class='ocrx_word' id='word_1_294' title='bbox 292 1202 358 1230; x_wconf 87' lang='lat' dir='ltr'><strong>tiam</strong></span> <span class='ocrx_word' id='word_1_295' title='bbox 385 1203 476 1231; x_wconf 82' lang='lat' dir='ltr'><strong>colere</strong></span> <span class='ocrx_word' id='word_1_296' title='bbox 511 1203 609 1235; x_wconf 80' lang='lat' dir='ltr'><strong>fertur,</strong></span> <span class='ocrx_word' id='word_1_297' title='bbox 636 1203 790 1232; x_wconf 82' lang='lat' dir='ltr'><strong>ﬂorentium</strong></span> <span class='ocrx_word' id='word_1_298' title='bbox 821 1205 976 1239; x_wconf 76' lang='lat' dir='ltr'><strong>germinum</strong></span> <span class='ocrx_word' id='word_1_299' title='bbox 1008 1205 1083 1232; x_wconf 76' lang='lat' dir='ltr'><strong>colli—</strong></span> 
     </span>
    </p>
   </div>
   <div class='ocr_carea' id='block_1_43' title="bbox 293 1248 1084 1285">
    <p class='ocr_par' dir='ltr' id='par_1_43' title="bbox 293 1248 1084 1285">
     <span class='ocr_line' id='line_1_43' title="bbox 293 1248 1084 1285; baseline 0.003 -10"><span class='ocrx_word' id='word_1_300' title='bbox 293 1256 360 1283; x_wconf 78' lang='lat' dir='ltr'><strong>gens</strong></span> <span class='ocrx_word' id='word_1_301' title='bbox 377 1249 464 1281; x_wconf 86' lang='lat' dir='ltr'><strong>utilia,</strong></span> <span class='ocrx_word' id='word_1_302' title='bbox 481 1253 508 1276; x_wconf 89' lang='lat' dir='ltr'><strong>et</strong></span> <span class='ocrx_word' id='word_1_303' title='bbox 525 1248 568 1276; x_wconf 89' lang='lat' dir='ltr'><strong>his</strong></span> <span class='ocrx_word' id='word_1_304' title='bbox 584 1249 713 1278; x_wconf 88' lang='lat' dir='ltr'><strong>omnibus</strong></span> <span class='ocrx_word' id='word_1_305' title='bbox 727 1250 852 1278; x_wconf 86' lang='lat' dir='ltr'><strong>collectis</strong></span> <span class='ocrx_word' id='word_1_306' title='bbox 864 1255 945 1285; x_wconf 84' lang='lat' dir='ltr'><strong>atque</strong></span> <span class='ocrx_word' id='word_1_307' title='bbox 959 1251 1084 1278; x_wconf 84' lang='lat' dir='ltr'><strong>elabora-</strong></span> 
     </span>
    </p>
   </div>
   <div class='ocr_carea' id='block_1_44' title="bbox 295 1294 1081 1330">
    <p class='ocr_par' dir='ltr' id='par_1_44' title="bbox 295 1294 1081 1330">
     <span class='ocr_line' id='line_1_44' title="bbox 295 1294 1081 1330; baseline 0.003 -10"><span class='ocrx_word' id='word_1_308' title='bbox 295 1294 342 1325; x_wconf 90' lang='lat' dir='ltr'><strong>tis,</strong></span> <span class='ocrx_word' id='word_1_309' title='bbox 358 1294 468 1329; x_wconf 79' lang='lat' dir='ltr'><strong>regibus</strong></span> <span class='ocrx_word' id='word_1_310' title='bbox 482 1297 509 1321; x_wconf 88' lang='lat' dir='ltr'><strong>et</strong></span> <span class='ocrx_word' id='word_1_311' title='bbox 525 1294 639 1329; x_wconf 84' lang='lat' dir='ltr'><strong>privatis</strong></span> <span class='ocrx_word' id='word_1_312' title='bbox 661 1295 808 1327; x_wconf 87' lang='lat' dir='ltr'><strong>salutares,</strong></span> <span class='ocrx_word' id='word_1_313' title='bbox 823 1300 852 1322; x_wconf 92' lang='lat' dir='ltr'><strong>ut</strong></span> <span class='ocrx_word' id='word_1_314' title='bbox 866 1295 904 1322; x_wconf 92' lang='lat' dir='ltr'><strong>ait</strong></span> <span class='ocrx_word' id='word_1_315' title='bbox 929 1295 1081 1330; x_wconf 82' lang='lat' dir='ltr'><strong>Scriptura,</strong></span> 
     </span>
    </p>
   </div>
   <div class='ocr_carea' id='block_1_45' title="bbox 292 1340 1083 1375">
    <p class='ocr_par' dir='ltr' id='par_1_45' title="bbox 292 1340 1083 1375">
     <span class='ocr_line' id='line_1_45' title="bbox 292 1340 1083 1375; baseline 0.004 -10"><span class='ocrx_word' id='word_1_316' title='bbox 292 1344 402 1375; x_wconf 55' lang='lat' dir='ltr'><strong>praestat</strong></span> <span class='ocrx_word' id='word_1_317' title='bbox 418 1340 524 1367; x_wconf 84' lang='lat' dir='ltr'><strong>labores</strong></span> <span class='ocrx_word' id='word_1_318' title='bbox 545 1347 620 1370; x_wconf 87' lang='lat' dir='ltr'><strong>suos.</strong></span> <span class='ocrx_word' id='word_1_319' title='bbox 636 1340 707 1368; x_wconf 85' lang='lat' dir='ltr'><strong>idem</strong></span> <span class='ocrx_word' id='word_1_320' title='bbox 726 1341 807 1367; x_wconf 86' lang='lat' dir='ltr'><strong>etiam</strong></span> <span class='ocrx_word' id='word_1_321' title='bbox 832 1341 900 1368; x_wconf 88' lang='lat' dir='ltr'><strong>istas</strong></span> <span class='ocrx_word' id='word_1_322' title='bbox 920 1341 953 1368; x_wconf 89' lang='lat' dir='ltr'><strong>de</strong></span> <span class='ocrx_word' id='word_1_323' title='bbox 972 1341 1083 1368; x_wconf 84' lang='lat' dir='ltr'><strong>Christo</strong></span> 
     </span>
    </p>
   </div>
   <div class='ocr_carea' id='block_1_46' title="bbox 292 1384 1084 1422">
    <p class='ocr_par' dir='ltr' id='par_1_46' title="bbox 292 1384 1084 1422">
     <span class='ocr_line' id='line_1_46' title="bbox 292 1384 1084 1422; baseline 0.004 -11"><span class='ocrx_word' id='word_1_324' title='bbox 292 1384 466 1419; x_wconf 87' lang='lat' dir='ltr'><strong>propheticas</strong></span> <span class='ocrx_word' id='word_1_325' title='bbox 479 1386 558 1413; x_wconf 90' lang='lat' dir='ltr'><strong>nobis</strong></span> <span class='ocrx_word' id='word_1_326' title='bbox 574 1386 699 1420; x_wconf 78' lang='lat' dir='ltr'><strong>Eclogas,</strong></span> <span class='ocrx_word' id='word_1_327' title='bbox 720 1395 780 1421; x_wconf 71' lang='lat' dir='ltr'><strong>quae</strong></span> <span class='ocrx_word' id='word_1_328' title='bbox 799 1391 864 1414; x_wconf 92' lang='lat' dir='ltr'><strong>sunt</strong></span> <span class='ocrx_word' id='word_1_329' title='bbox 885 1386 1049 1422; x_wconf 75' lang='lat' dir='ltr'><strong>ﬂorilegium</strong></span> <span class='ocrx_word' id='word_1_330' title='bbox 1068 1396 1084 1415; x_wconf 93' lang='lat' dir='ltr'><strong>e</strong></span> 
     </span>
    </p>
   </div>
   <div class='ocr_carea' id='block_1_47' title="bbox 292 1430 1084 1467">
    <p class='ocr_par' dir='ltr' id='par_1_47' title="bbox 292 1430 1084 1467">
     <span class='ocr_line' id='line_1_47' title="bbox 292 1430 1084 1467; baseline 0.004 -10"><span class='ocrx_word' id='word_1_331' title='bbox 292 1431 377 1465; x_wconf 85' lang='lat' dir='ltr'><strong>pratis</strong></span> <span class='ocrx_word' id='word_1_332' title='bbox 389 1430 435 1458; x_wconf 87' lang='lat' dir='ltr'><strong>Dei</strong></span> <span class='ocrx_word' id='word_1_333' title='bbox 445 1431 624 1466; x_wconf 85' lang='lat' dir='ltr'><strong>spiritalibus.</strong></span> <span class='ocrx_word' id='word_1_334' title='bbox 643 1433 891 1467; x_wconf 88' lang='lat' dir='ltr'><strong>comprehcnsuras</strong></span> <span class='ocrx_word' id='word_1_335' title='bbox 912 1440 973 1460; x_wconf 87' lang='lat' dir='ltr'><strong>esse</strong></span> <span class='ocrx_word' id='word_1_336' title='bbox 989 1433 1084 1460; x_wconf 76' lang='lat' dir='ltr'><strong>existi-</strong></span> 
     </span>
    </p>
   </div>
   <div class='ocr_carea' id='block_1_48' title="bbox 292 1478 1082 1513">
    <p class='ocr_par' dir='ltr' id='par_1_48' title="bbox 292 1478 1082 1513">
     <span class='ocr_line' id='line_1_48' title="bbox 292 1478 1082 1513; baseline 0.005 -10"><span class='ocrx_word' id='word_1_337' title='bbox 292 1483 347 1508; x_wconf 87' lang='lat' dir='ltr'><strong>mo,</strong></span> <span class='ocrx_word' id='word_1_338' title='bbox 379 1478 478 1512; x_wconf 86' lang='lat' dir='ltr'><strong>quippe</strong></span> <span class='ocrx_word' id='word_1_339' title='bbox 501 1485 570 1505; x_wconf 83' lang='lat' dir='ltr'><strong>cera:</strong></span> <span class='ocrx_word' id='word_1_340' title='bbox 595 1478 746 1512; x_wconf 81' lang='lat' dir='ltr'><strong>opificium,</strong></span> <span class='ocrx_word' id='word_1_341' title='bbox 772 1479 887 1513; x_wconf 87' lang='lat' dir='ltr'><strong>pulchre</strong></span> <span class='ocrx_word' id='word_1_342' title='bbox 912 1480 1082 1507; x_wconf 88' lang='lat' dir='ltr'><strong>elaboratum</strong></span> 
     </span>
    </p>
   </div>
   <div class='ocr_carea' id='block_1_49' title="bbox 292 1522 1083 1554">
    <p class='ocr_par' dir='ltr' id='par_1_49' title="bbox 292 1522 1083 1554">
     <span class='ocr_line' id='line_1_49' title="bbox 292 1522 1083 1554; baseline 0.008 -6"><span class='ocrx_word' id='word_1_343' title='bbox 292 1522 406 1550; x_wconf 86' lang='lat' dir='ltr'><strong>sinceris</strong></span> <span class='ocrx_word' id='word_1_344' title='bbox 439 1523 528 1550; x_wconf 83' lang='lat' dir='ltr'><strong>verbis</strong></span> <span class='ocrx_word' id='word_1_345' title='bbox 553 1523 692 1551; x_wconf 87' lang='lat' dir='ltr'><strong>tradentes</strong></span> <span class='ocrx_word' id='word_1_346' title='bbox 723 1525 874 1552; x_wconf 85' lang='lat' dir='ltr'><strong>sententias</strong></span> <span class='ocrx_word' id='word_1_347' title='bbox 904 1533 969 1553; x_wconf 85' lang='lat' dir='ltr'><strong>vero</strong></span> <span class='ocrx_word' id='word_1_348' title='bbox 992 1526 1020 1553; x_wconf 95' lang='lat' dir='ltr'><strong>in</strong></span> <span class='ocrx_word' id='word_1_349' title='bbox 1048 1527 1083 1554; x_wconf 89' lang='lat' dir='ltr'><strong>iis</strong></span> 
     </span>
    </p>
   </div>
   <div class='ocr_carea' id='block_1_50' title="bbox 291 1569 1082 1608">
    <p class='ocr_par' dir='ltr' id='par_1_50' title="bbox 291 1569 1082 1608">
     <span class='ocr_line' id='line_1_50' title="bbox 291 1569 1082 1608; baseline 0.005 -13"><span class='ocrx_word' id='word_1_350' title='bbox 291 1569 446 1597; x_wconf 83' lang='lat' dir='ltr'><strong>reconditas</strong></span> <span class='ocrx_word' id='word_1_351' title='bbox 462 1569 532 1597; x_wconf 86' lang='lat' dir='ltr'><strong>sicut</strong></span> <span class='ocrx_word' id='word_1_352' title='bbox 551 1569 658 1597; x_wconf 82' lang='lat' dir='ltr'><strong>dulcem</strong></span> <span class='ocrx_word' id='word_1_353' title='bbox 680 1578 712 1598; x_wconf 90' lang='lat' dir='ltr'><strong>ac</strong></span> <span class='ocrx_word' id='word_1_354' title='bbox 730 1571 941 1599; x_wconf 88' lang='lat' dir='ltr'><strong>saluberrimum</strong></span> <span class='ocrx_word' id='word_1_355' title='bbox 962 1573 1022 1608; x_wconf 89' lang='lat' dir='ltr'><strong>apis</strong></span> <span class='ocrx_word' id='word_1_356' title='bbox 1037 1581 1082 1601; x_wconf 79' lang='lat' dir='ltr'><strong>Sa-</strong></span> 
     </span>
    </p>
   </div>
   <div class='ocr_carea' id='block_1_51' title="bbox 291 1615 1078 1652">
    <p class='ocr_par' dir='ltr' id='par_1_51' title="bbox 291 1615 1078 1652">
     <span class='ocr_line' id='line_1_51' title="bbox 291 1615 1078 1652; baseline 0.006 -11"><span class='ocrx_word' id='word_1_357' title='bbox 291 1615 391 1650; x_wconf 87' lang='lat' dir='ltr'><strong>pientis</strong></span> <span class='ocrx_word' id='word_1_358' title='bbox 409 1615 526 1652; x_wconf 83' lang='lat' dir='ltr'><strong>fruetum</strong></span> <span class='ocrx_word' id='word_1_359' title='bbox 547 1616 575 1643; x_wconf 91' lang='lat' dir='ltr'><strong>iu</strong></span> <span class='ocrx_word' id='word_1_360' title='bbox 595 1620 701 1644; x_wconf 88' lang='lat' dir='ltr'><strong>secreto</strong></span> <span class='ocrx_word' id='word_1_361' title='bbox 721 1617 851 1645; x_wconf 90' lang='lat' dir='ltr'><strong>interiore</strong></span> <span class='ocrx_word' id='word_1_362' title='bbox 866 1617 927 1645; x_wconf 92' lang='lat' dir='ltr'><strong>loco</strong></span> <span class='ocrx_word' id='word_1_363' title='bbox 945 1618 1078 1647; x_wconf 89' lang='lat' dir='ltr'><strong>condens.</strong></span> 
     </span>
    </p>
   </div>
   <div class='ocr_carea' id='block_1_52' title="bbox 290 1660 1078 1700">
    <p class='ocr_par' dir='ltr' id='par_1_52' title="bbox 290 1660 1078 1700">
     <span class='ocr_line' id='line_1_52' title="bbox 290 1660 1078 1700; baseline 0.01 -15"><span class='ocrx_word' id='word_1_364' title='bbox 290 1660 358 1694; x_wconf 77' lang='lat' dir='ltr'><strong>Quis</strong></span> <span class='ocrx_word' id='word_1_365' title='bbox 376 1662 446 1688; x_wconf 87' lang='lat' dir='ltr'><strong>enim</strong></span> <span class='ocrx_word' id='word_1_366' title='bbox 471 1661 588 1689; x_wconf 87' lang='lat' dir='ltr'><strong>fidelium</strong></span> <span class='ocrx_word' id='word_1_367' title='bbox 609 1670 663 1689; x_wconf 91' lang='lat' dir='ltr'><strong>non</strong></span> <span class='ocrx_word' id='word_1_368' title='bbox 678 1662 808 1690; x_wconf 87' lang='lat' dir='ltr'><strong>fateretur</strong></span> <span class='ocrx_word' id='word_1_369' title='bbox 825 1663 858 1690; x_wconf 88' lang='lat' dir='ltr'><strong>ab</strong></span> <span class='ocrx_word' id='word_1_370' title='bbox 872 1664 945 1691; x_wconf 87' lang='lat' dir='ltr'><strong>omni</strong></span> <span class='ocrx_word' id='word_1_371' title='bbox 955 1665 1078 1700; x_wconf 86' lang='lat' dir='ltr'><strong>corporis</strong></span> 
     </span>
    </p>
   </div>
   <div class='ocr_carea' id='block_1_53' title="bbox 290 1707 1078 1746">
    <p class='ocr_par' dir='ltr' id='par_1_53' title="bbox 290 1707 1078 1746">
     <span class='ocr_line' id='line_1_53' title="bbox 290 1707 1078 1746; baseline 0.006 -12"><span class='ocrx_word' id='word_1_372' title='bbox 290 1707 427 1742; x_wconf 86' lang='lat' dir='ltr'><strong>voluptate</strong></span> <span class='ocrx_word' id='word_1_373' title='bbox 447 1712 473 1735; x_wconf 90' lang='lat' dir='ltr'><strong>et</strong></span> <span class='ocrx_word' id='word_1_374' title='bbox 487 1708 602 1735; x_wconf 89' lang='lat' dir='ltr'><strong>utilitate</strong></span> <span class='ocrx_word' id='word_1_375' title='bbox 619 1709 824 1744; x_wconf 86' lang='lat' dir='ltr'><strong>incomparabili</strong></span> <span class='ocrx_word' id='word_1_376' title='bbox 845 1709 954 1738; x_wconf 79' lang='lat' dir='ltr'><strong>diﬂ‘erre</strong></span> <span class='ocrx_word' id='word_1_377' title='bbox 968 1712 1078 1746; x_wconf 76' lang='lat' dir='ltr'><strong>pra:ch-</strong></span> 
     </span>
    </p>
   </div>
   <div class='ocr_carea' id='block_1_54' title="bbox 290 1753 1079 1788">
    <p class='ocr_par' dir='ltr' id='par_1_54' title="bbox 290 1753 1079 1788">
     <span class='ocr_line' id='line_1_54' title="bbox 290 1753 1079 1788; baseline 0.005 -8"><span class='ocrx_word' id='word_1_378' title='bbox 290 1754 372 1780; x_wconf 81' lang='lat' dir='ltr'><strong>lentia</strong></span> <span class='ocrx_word' id='word_1_379' title='bbox 387 1753 521 1781; x_wconf 82' lang='lat' dir='ltr'><strong>salutares</strong></span> <span class='ocrx_word' id='word_1_380' title='bbox 533 1753 566 1782; x_wconf 89' lang='lat' dir='ltr'><strong>de</strong></span> <span class='ocrx_word' id='word_1_381' title='bbox 582 1753 672 1782; x_wconf 83' lang='lat' dir='ltr'><strong>Verbo</strong></span> <span class='ocrx_word' id='word_1_382' title='bbox 689 1754 735 1782; x_wconf 90' lang='lat' dir='ltr'><strong>Dei</strong></span> <span class='ocrx_word' id='word_1_383' title='bbox 747 1755 919 1788; x_wconf 87' lang='lat' dir='ltr'><strong>collationes,</strong></span> <span class='ocrx_word' id='word_1_384' title='bbox 932 1756 966 1783; x_wconf 89' lang='lat' dir='ltr'><strong>ad</strong></span> <span class='ocrx_word' id='word_1_385' title='bbox 979 1757 1079 1785; x_wconf 89' lang='lat' dir='ltr'><strong>intelli-</strong></span> 
     </span>
    </p>
   </div>
   <div class='ocr_carea' id='block_1_55' title="bbox 288 1799 1077 1837">
    <p class='ocr_par' dir='ltr' id='par_1_55' title="bbox 288 1799 1077 1837">
     <span class='ocr_line' id='line_1_55' title="bbox 288 1799 1077 1837; baseline 0.005 -10"><span class='ocrx_word' id='word_1_386' title='bbox 288 1800 406 1834; x_wconf 74' lang='lat' dir='ltr'><strong>gentiam</strong></span> <span class='ocrx_word' id='word_1_387' title='bbox 421 1799 588 1827; x_wconf 64' lang='lat' dir='ltr'><strong>orthodoxiae</strong></span> <span class='ocrx_word' id='word_1_388' title='bbox 604 1799 727 1833; x_wconf 89' lang='lat' dir='ltr'><strong>idoneas,</strong></span> <span class='ocrx_word' id='word_1_389' title='bbox 741 1801 768 1828; x_wconf 91' lang='lat' dir='ltr'><strong>in</strong></span> <span class='ocrx_word' id='word_1_390' title='bbox 791 1801 824 1829; x_wconf 94' lang='lat' dir='ltr'><strong>iis</strong></span> <span class='ocrx_word' id='word_1_391' title='bbox 835 1810 896 1837; x_wconf 70' lang='lat' dir='ltr'><strong>qua:</strong></span> <span class='ocrx_word' id='word_1_392' title='bbox 917 1810 981 1831; x_wconf 88' lang='lat' dir='ltr'><strong>vere</strong></span> <span class='ocrx_word' id='word_1_393' title='bbox 1000 1803 1077 1831; x_wconf 88' lang='lat' dir='ltr'><strong>utilia</strong></span> 
     </span>
    </p>
   </div>
   <div class='ocr_carea' id='block_1_56' title="bbox 289 1844 1077 1881">
    <p class='ocr_par' dir='ltr' id='par_1_56' title="bbox 289 1844 1077 1881">
     <span class='ocr_line' id='line_1_56' title="bbox 289 1844 1077 1881; baseline 0.009 -11"><span class='ocrx_word' id='word_1_394' title='bbox 289 1849 315 1870; x_wconf 78' lang='lat' dir='ltr'><strong>ct</strong></span> <span class='ocrx_word' id='word_1_395' title='bbox 334 1844 455 1871; x_wconf 83' lang='lat' dir='ltr'><strong>salubria</strong></span> <span class='ocrx_word' id='word_1_396' title='bbox 479 1845 560 1872; x_wconf 85' lang='lat' dir='ltr'><strong>sunt!</strong></span> <span class='ocrx_word' id='word_1_397' title='bbox 578 1844 653 1872; x_wconf 83' lang='lat' dir='ltr'><strong>Hanc</strong></span> <span class='ocrx_word' id='word_1_398' title='bbox 679 1846 805 1881; x_wconf 87' lang='lat' dir='ltr'><strong>amplecti</strong></span> <span class='ocrx_word' id='word_1_399' title='bbox 826 1855 939 1875; x_wconf 83' lang='lat' dir='ltr'><strong>necesse</strong></span> <span class='ocrx_word' id='word_1_400' title='bbox 958 1852 1001 1876; x_wconf 89' lang='lat' dir='ltr'><strong>est</strong></span> <span class='ocrx_word' id='word_1_401' title='bbox 1022 1856 1077 1877; x_wconf 93' lang='lat' dir='ltr'><strong>non</strong></span> 
     </span>
    </p>
   </div>
   <div class='ocr_carea' id='block_1_57' title="bbox 289 1890 1077 1930">
    <p class='ocr_par' dir='ltr' id='par_1_57' title="bbox 289 1890 1077 1930">
     <span class='ocr_line' id='line_1_57' title="bbox 289 1890 1077 1930; baseline 0.009 -14"><span class='ocrx_word' id='word_1_402' title='bbox 289 1893 393 1916; x_wconf 89' lang='lat' dir='ltr'><strong>tantum</strong></span> <span class='ocrx_word' id='word_1_403' title='bbox 429 1890 562 1925; x_wconf 75' lang='lat' dir='ltr'><strong>dignitate</strong></span> <span class='ocrx_word' id='word_1_404' title='bbox 598 1892 806 1926; x_wconf 74' lang='lat' dir='ltr'><strong>przecellentes,</strong></span> <span class='ocrx_word' id='word_1_405' title='bbox 841 1893 888 1929; x_wconf 93' lang='lat' dir='ltr'><strong>qui</strong></span> <span class='ocrx_word' id='word_1_406' title='bbox 916 1902 994 1930; x_wconf 76' lang='lat' dir='ltr'><strong>reges</strong></span> <span class='ocrx_word' id='word_1_407' title='bbox 1027 1903 1077 1922; x_wconf 89' lang='grc' dir='ltr'>νο-</span> 
     </span>
    </p>
   </div>
   <div class='ocr_carea' id='block_1_58' title="bbox 288 1935 1077 1972">
    <p class='ocr_par' dir='ltr' id='par_1_58' title="bbox 288 1935 1077 1972">
     <span class='ocr_line' id='line_1_58' title="bbox 288 1935 1077 1972; baseline 0.009 -11"><span class='ocrx_word' id='word_1_408' title='bbox 288 1938 396 1968; x_wconf 79' lang='lat' dir='ltr'><strong>cantur,</strong></span> <span class='ocrx_word' id='word_1_409' title='bbox 423 1935 471 1962; x_wconf 90' lang='lat' dir='ltr'><strong>sed</strong></span> <span class='ocrx_word' id='word_1_410' title='bbox 496 1939 523 1963; x_wconf 90' lang='lat' dir='ltr'><strong>et</strong></span> <span class='ocrx_word' id='word_1_411' title='bbox 547 1936 696 1972; x_wconf 87' lang='lat' dir='ltr'><strong>subjectos,</strong></span> <span class='ocrx_word' id='word_1_412' title='bbox 721 1941 747 1966; x_wconf 85' lang='lat' dir='ltr'><strong>et</strong></span> <span class='ocrx_word' id='word_1_413' title='bbox 763 1938 882 1972; x_wconf 92' lang='lat' dir='ltr'><strong>primum</strong></span> <span class='ocrx_word' id='word_1_414' title='bbox 895 1947 968 1967; x_wconf 91' lang='lat' dir='ltr'><strong>nunc</strong></span> <span class='ocrx_word' id='word_1_415' title='bbox 983 1939 1077 1968; x_wconf 90' lang='lat' dir='ltr'><strong>divino</strong></span> 
     </span>
    </p>
   </div>
   <div class='ocr_carea' id='block_1_59' title="bbox 288 1981 1077 2015">
    <p class='ocr_par' dir='ltr' id='par_1_59' title="bbox 288 1981 1077 2015">
     <span class='ocr_line' id='line_1_59' title="bbox 288 1981 1077 2015; baseline 0.01 -8"><span class='ocrx_word' id='word_1_416' title='bbox 288 1981 459 2009; x_wconf 87' lang='lat' dir='ltr'><strong>attendentes</strong></span> <span class='ocrx_word' id='word_1_417' title='bbox 491 1982 585 2010; x_wconf 88' lang='lat' dir='ltr'><strong>verbo.</strong></span> <span class='ocrx_word' id='word_1_418' title='bbox 612 1982 717 2015; x_wconf 81' lang='lat' dir='ltr'><strong>Quibus</strong></span> <span class='ocrx_word' id='word_1_419' title='bbox 735 1984 844 2013; x_wconf 86' lang='lat' dir='ltr'><strong>diverse</strong></span> <span class='ocrx_word' id='word_1_420' title='bbox 868 1985 996 2014; x_wconf 88' lang='lat' dir='ltr'><strong>idoneum</strong></span> <span class='ocrx_word' id='word_1_421' title='bbox 1019 1987 1077 2015; x_wconf 88' lang='lat' dir='ltr'><strong>fore</strong></span> 
     </span>
    </p>
   </div>
   <div class='ocr_carea' id='block_1_60' title="bbox 263 2026 1077 2067">
    <p class='ocr_par' dir='ltr' id='par_1_60' title="bbox 263 2026 1077 2067">
     <span class='ocr_line' id='line_1_60' title="bbox 263 2026 1077 2067; baseline 0.004 -11"><span class='ocrx_word' id='word_1_422' title='bbox 263 2053 266 2056; x_wconf 94' lang='lat'><strong><em>.</em></strong></span> <span class='ocrx_word' id='word_1_423' title='bbox 287 2026 415 2054; x_wconf 81' lang='lat' dir='ltr'><strong>existimo</strong></span> <span class='ocrx_word' id='word_1_424' title='bbox 438 2027 536 2055; x_wconf 88' lang='lat' dir='ltr'><strong>mentis</strong></span> <span class='ocrx_word' id='word_1_425' title='bbox 556 2027 697 2060; x_wconf 89' lang='lat' dir='ltr'><strong>habitum,</strong></span> <span class='ocrx_word' id='word_1_426' title='bbox 725 2032 755 2056; x_wconf 91' lang='lat' dir='ltr'><strong>ut</strong></span> <span class='ocrx_word' id='word_1_427' title='bbox 779 2037 942 2065; x_wconf 88' lang='lat' dir='ltr'><strong>pernoscere</strong></span> <span class='ocrx_word' id='word_1_428' title='bbox 970 2032 1077 2067; x_wconf 86' lang='lat' dir='ltr'><strong>possint</strong></span> 
     </span>
    </p>
   </div>
   <div class='ocr_carea' id='block_1_61' title="bbox 287 2072 1076 2111">
    <p class='ocr_par' dir='ltr' id='par_1_61' title="bbox 287 2072 1076 2111">
     <span class='ocr_line' id='line_1_61' title="bbox 287 2072 1076 2111; baseline 0.008 -13"><span class='ocrx_word' id='word_1_429' title='bbox 287 2072 430 2099; x_wconf 82' lang='lat' dir='ltr'><strong>veritatem</strong></span> <span class='ocrx_word' id='word_1_430' title='bbox 455 2079 550 2099; x_wconf 91' lang='lat' dir='ltr'><strong>eorum</strong></span> <span class='ocrx_word' id='word_1_431' title='bbox 579 2073 726 2101; x_wconf 91' lang='lat' dir='ltr'><strong>verborum</strong></span> <span class='ocrx_word' id='word_1_432' title='bbox 743 2093 751 2107; x_wconf 88' lang='lat'><strong>,</strong></span> <span class='ocrx_word' id='word_1_433' title='bbox 783 2075 817 2103; x_wconf 90' lang='lat' dir='ltr'><strong>de</strong></span> <span class='ocrx_word' id='word_1_434' title='bbox 849 2075 950 2111; x_wconf 91' lang='lat' dir='ltr'><strong>quibus</strong></span> <span class='ocrx_word' id='word_1_435' title='bbox 975 2076 1076 2104; x_wconf 87' lang='lat' dir='ltr'><strong>eruditi</strong></span> 
     </span>
    </p>
   </div>
   <div class='ocr_carea' id='block_1_62' title="bbox 286 2117 1076 2156">
    <p class='ocr_par' dir='ltr' id='par_1_62' title="bbox 286 2117 1076 2156">
     <span class='ocr_line' id='line_1_62' title="bbox 286 2117 1076 2156; baseline 0.006 -12"><span class='ocrx_word' id='word_1_436' title='bbox 286 2117 385 2149; x_wconf 85' lang='lat' dir='ltr'><strong>sunt&#39;;</strong></span> <span class='ocrx_word' id='word_1_437' title='bbox 411 2120 477 2144; x_wconf 91' lang='lat' dir='ltr'><strong>tunc</strong></span> <span class='ocrx_word' id='word_1_438' title='bbox 494 2117 611 2145; x_wconf 83' lang='lat' dir='ltr'><strong>maxime</strong></span> <span class='ocrx_word' id='word_1_439' title='bbox 632 2117 748 2153; x_wconf 88' lang='lat' dir='ltr'><strong>simplici</strong></span> <span class='ocrx_word' id='word_1_440' title='bbox 778 2120 941 2156; x_wconf 82' lang='lat' dir='ltr'><strong>sinceraque</strong></span> <span class='ocrx_word' id='word_1_441' title='bbox 958 2121 1010 2149; x_wconf 82' lang='lat' dir='ltr'><strong>ﬁde</strong></span> <span class='ocrx_word' id='word_1_442' title='bbox 1029 2122 1076 2150; x_wconf 82' lang='lat' dir='ltr'><strong>ﬁr-</strong></span> 
     </span>
    </p>
   </div>
   <div class='ocr_carea' id='block_1_63' title="bbox 287 2165 1076 2199">
    <p class='ocr_par' dir='ltr' id='par_1_63' title="bbox 287 2165 1076 2199">
     <span class='ocr_line' id='line_1_63' title="bbox 287 2165 1076 2199; baseline 0.01 -11"><span class='ocrx_word' id='word_1_443' title='bbox 287 2169 359 2189; x_wconf 88' lang='lat' dir='ltr'><strong>mam</strong></span> <span class='ocrx_word' id='word_1_444' title='bbox 388 2169 572 2198; x_wconf 85' lang='lat' dir='ltr'><strong>consequente</strong></span> <span class='ocrx_word' id='word_1_445' title='bbox 599 2165 747 2199; x_wconf 86' lang='lat' dir='ltr'><strong>tiduciam,</strong></span> <span class='ocrx_word' id='word_1_446' title='bbox 769 2175 832 2194; x_wconf 89' lang='lat' dir='ltr'><strong>cum</strong></span> <span class='ocrx_word' id='word_1_447' title='bbox 865 2168 1076 2197; x_wconf 87' lang='lat' dir='ltr'><strong>ratiocinatione</strong></span> 
     </span>
    </p>
   </div>
   <div class='ocr_carea' id='block_1_64' title="bbox 285 2208 1074 2247">
    <p class='ocr_par' dir='ltr' id='par_1_64' title="bbox 285 2208 1074 2247">
     <span class='ocr_line' id='line_1_64' title="bbox 285 2208 1074 2247; baseline 0.01 -13"><span class='ocrx_word' id='word_1_448' title='bbox 285 2212 313 2235; x_wconf 89' lang='lat' dir='ltr'><strong>et</strong></span> <span class='ocrx_word' id='word_1_449' title='bbox 332 2208 564 2239; x_wconf 85' lang='lat' dir='ltr'><strong>demonstratione</strong></span> <span class='ocrx_word' id='word_1_450' title='bbox 583 2210 762 2239; x_wconf 82' lang='lat' dir='ltr'><strong>fundamenta</strong></span> <span class='ocrx_word' id='word_1_451' title='bbox 777 2213 898 2241; x_wconf 80' lang='lat' dir='ltr'><strong>stabilita</strong></span> <span class='ocrx_word' id='word_1_452' title='bbox 921 2215 987 2247; x_wconf 88' lang='lat' dir='ltr'><strong>sint,</strong></span> <span class='ocrx_word' id='word_1_453' title='bbox 1014 2223 1074 2242; x_wconf 86' lang='lat' dir='ltr'><strong>cer—</strong></span> 
     </span>
    </p>
   </div>
   <div class='ocr_carea' id='block_1_65' title="bbox 286 2254 1073 2294">
    <p class='ocr_par' dir='ltr' id='par_1_65' title="bbox 286 2254 1073 2294">
     <span class='ocr_line' id='line_1_65' title="bbox 286 2254 1073 2294; baseline 0.009 -14"><span class='ocrx_word' id='word_1_454' title='bbox 286 2254 420 2282; x_wconf 87' lang='lat' dir='ltr'><strong>tissimam</strong></span> <span class='ocrx_word' id='word_1_455' title='bbox 435 2262 526 2282; x_wconf 88' lang='lat' dir='ltr'><strong>rerum</strong></span> <span class='ocrx_word' id='word_1_456' title='bbox 541 2257 709 2284; x_wconf 89' lang='lat' dir='ltr'><strong>creditarum</strong></span> <span class='ocrx_word' id='word_1_457' title='bbox 723 2258 928 2294; x_wconf 81' lang='lat' dir='ltr'><strong>intelligentiam</strong></span> <span class='ocrx_word' id='word_1_458' title='bbox 941 2263 968 2287; x_wconf 93' lang='lat' dir='ltr'><strong>et</strong></span> <span class='ocrx_word' id='word_1_459' title='bbox 983 2260 1073 2287; x_wconf 86' lang='lat' dir='ltr'><strong>scien-</strong></span> 
     </span>
    </p>
   </div>
   <div class='ocr_carea' id='block_1_66' title="bbox 285 2300 1073 2340">
    <p class='ocr_par' dir='ltr' id='par_1_66' title="bbox 285 2300 1073 2340">
     <span class='ocr_line' id='line_1_66' title="bbox 285 2300 1073 2340; baseline 0.01 -14"><span class='ocrx_word' id='word_1_460' title='bbox 285 2300 350 2327; x_wconf 88' lang='lat' dir='ltr'><strong>tiam</strong></span> <span class='ocrx_word' id='word_1_461' title='bbox 381 2300 415 2328; x_wconf 90' lang='lat' dir='ltr'><strong>ad</strong></span> <span class='ocrx_word' id='word_1_462' title='bbox 435 2320 442 2328; x_wconf 91' lang='lat'><em>.</em></span> <span class='ocrx_word' id='word_1_463' title='bbox 465 2320 472 2327; x_wconf 85' lang='lat'><em>.</em></span> <span class='ocrx_word' id='word_1_464' title='bbox 493 2320 502 2330; x_wconf 89' lang='lat'><em>.</em></span> <span class='ocrx_word' id='word_1_465' title='bbox 525 2321 532 2329; x_wconf 91' lang='lat'><em>.</em></span> <span class='ocrx_word' id='word_1_466' title='bbox 561 2321 568 2328; x_wconf 92' lang='lat'><strong><em>.</em></strong></span> <span class='ocrx_word' id='word_1_467' title='bbox 592 2323 599 2330; x_wconf 94' lang='lat'><strong>.</strong></span> <span class='ocrx_word' id='word_1_468' title='bbox 621 2321 629 2329; x_wconf 90' lang='lat'><em>.</em></span> <span class='ocrx_word' id='word_1_469' title='bbox 655 2323 663 2330; x_wconf 93' lang='lat'><strong>.</strong></span> <span class='ocrx_word' id='word_1_470' title='bbox 685 2322 694 2332; x_wconf 88' lang='lat'><em>.</em></span> <span class='ocrx_word' id='word_1_471' title='bbox 716 2324 723 2331; x_wconf 93' lang='lat'><strong>.</strong></span> <span class='ocrx_word' id='word_1_472' title='bbox 747 2324 755 2332; x_wconf 88' lang='lat'><strong>.</strong></span> <span class='ocrx_word' id='word_1_473' title='bbox 775 2304 858 2340; x_wconf 76' lang='lat' dir='ltr'><strong>igitur</strong></span> <span class='ocrx_word' id='word_1_474' title='bbox 882 2312 984 2338; x_wconf 89' lang='lat' dir='ltr'><strong>causa,</strong></span> <span class='ocrx_word' id='word_1_475' title='bbox 1010 2305 1073 2334; x_wconf 85' lang='lat' dir='ltr'><strong>dico</strong></span> 
     </span>
    </p>
   </div>
   <div class='ocr_carea' id='block_1_67' title="bbox 285 2348 1071 2385">
    <p class='ocr_par' dir='ltr' id='par_1_67' title="bbox 285 2348 1071 2385">
     <span class='ocr_line' id='line_1_67' title="bbox 285 2348 1071 2385; baseline 0.011 -14"><span class='ocrx_word' id='word_1_476' title='bbox 285 2348 376 2372; x_wconf 89' lang='lat' dir='ltr'><strong>autem</strong></span> <span class='ocrx_word' id='word_1_477' title='bbox 396 2365 404 2372; x_wconf 99' lang='lat'><strong><em>.</em></strong></span> <span class='ocrx_word' id='word_1_478' title='bbox 425 2365 431 2373; x_wconf 92' lang='lat'>.</span> <span class='ocrx_word' id='word_1_479' title='bbox 454 2365 461 2373; x_wconf 89' lang='lat'><strong>.</strong></span> <span class='ocrx_word' id='word_1_480' title='bbox 485 2366 493 2373; x_wconf 90' lang='lat'><em>.</em></span> <span class='ocrx_word' id='word_1_481' title='bbox 514 2366 522 2374; x_wconf 91' lang='lat'><em>.</em></span> <span class='ocrx_word' id='word_1_482' title='bbox 546 2367 552 2374; x_wconf 90' lang='lat'><em>.</em></span> <span class='ocrx_word' id='word_1_483' title='bbox 577 2367 584 2374; x_wconf 89' lang='lat'><em>.</em></span> <span class='ocrx_word' id='word_1_484' title='bbox 607 2368 614 2375; x_wconf 93' lang='lat'><em>.</em></span> <span class='ocrx_word' id='word_1_485' title='bbox 635 2367 641 2374; x_wconf 90' lang='lat'><em>.</em></span> <span class='ocrx_word' id='word_1_486' title='bbox 663 2355 776 2377; x_wconf 88' lang='lat' dir='ltr'><strong>necesse</strong></span> <span class='ocrx_word' id='word_1_487' title='bbox 796 2357 857 2378; x_wconf 89' lang='lat' dir='ltr'><strong>esse</strong></span> <span class='ocrx_word' id='word_1_488' title='bbox 873 2351 985 2385; x_wconf 88' lang='lat' dir='ltr'><strong>prodest</strong></span> <span class='ocrx_word' id='word_1_489' title='bbox 1003 2373 1011 2379; x_wconf 91' lang='lat'>.</span> <span class='ocrx_word' id='word_1_490' title='bbox 1034 2372 1041 2380; x_wconf 90' lang='lat'><em>.</em></span> <span class='ocrx_word' id='word_1_491' title='bbox 1064 2373 1071 2381; x_wconf 91' lang='lat'>.</span> 
     </span>
    </p>
   </div>
   <div class='ocr_carea' id='block_1_68' title="bbox 285 2394 1072 2434">
    <p class='ocr_par' dir='ltr' id='par_1_68' title="bbox 285 2394 1072 2434">
     <span class='ocr_line' id='line_1_68' title="bbox 285 2394 1072 2434; baseline 0.011 -16"><span class='ocrx_word' id='word_1_492' title='bbox 285 2399 293 2407; x_wconf 89' lang='grc'>·</span> <span class='ocrx_word' id='word_1_493' title='bbox 316 2411 323 2418; x_wconf 93' lang='grc'>.</span> <span class='ocrx_word' id='word_1_494' title='bbox 345 2412 353 2420; x_wconf 88' lang='grc'><strong>.</strong></span> <span class='ocrx_word' id='word_1_495' title='bbox 375 2412 382 2419; x_wconf 92' lang='grc'>.</span> <span class='ocrx_word' id='word_1_496' title='bbox 406 2412 413 2420; x_wconf 94' lang='grc'><strong>.</strong></span> <span class='ocrx_word' id='word_1_497' title='bbox 436 2413 444 2420; x_wconf 91' lang='grc'><strong>.</strong></span> <span class='ocrx_word' id='word_1_498' title='bbox 466 2412 473 2420; x_wconf 94' lang='grc'><strong><em>.</em></strong></span> <span class='ocrx_word' id='word_1_499' title='bbox 496 2412 504 2420; x_wconf 88' lang='grc'><strong>.</strong></span> <span class='ocrx_word' id='word_1_500' title='bbox 525 2414 533 2421; x_wconf 91' lang='grc'><strong>.</strong></span> <span class='ocrx_word' id='word_1_501' title='bbox 555 2398 604 2428; x_wconf 81' lang='grc' dir='ltr'>,ιιι</span> <span class='ocrx_word' id='word_1_502' title='bbox 622 2394 650 2422; x_wconf 91' lang='lat' dir='ltr'><strong>iu</strong></span> <span class='ocrx_word' id='word_1_503' title='bbox 667 2395 794 2430; x_wconf 80' lang='lat' dir='ltr'><strong>proccmii</strong></span> <span class='ocrx_word' id='word_1_504' title='bbox 810 2397 891 2425; x_wconf 85' lang='lat' dir='ltr'><strong>modo</strong></span> <span class='ocrx_word' id='word_1_505' title='bbox 906 2398 1072 2434; x_wconf 82' lang='lat' dir='ltr'><strong>interpreta-</strong></span> 
     </span>
    </p>
   </div>
   <div class='ocr_carea' id='block_1_69' title="bbox 284 2437 1072 2472">
    <p class='ocr_par' dir='ltr' id='par_1_69' title="bbox 284 2437 1072 2472">
     <span class='ocr_line' id='line_1_69' title="bbox 284 2437 1072 2472; baseline 0.01 -8"><span class='ocrx_word' id='word_1_506' title='bbox 284 2437 385 2464; x_wconf 87' lang='lat' dir='ltr'><strong>tionem</strong></span> <span class='ocrx_word' id='word_1_507' title='bbox 401 2437 476 2466; x_wconf 87' lang='lat' dir='ltr'><strong>brevi</strong></span> <span class='ocrx_word' id='word_1_508' title='bbox 497 2457 505 2466; x_wconf 88' lang='lat'><em>.</em></span> <span class='ocrx_word' id='word_1_509' title='bbox 528 2458 536 2466; x_wconf 92' lang='lat'>.</span> <span class='ocrx_word' id='word_1_510' title='bbox 555 2459 564 2468; x_wconf 87' lang='lat'><strong><em>.</em></strong></span> <span class='ocrx_word' id='word_1_511' title='bbox 587 2459 596 2467; x_wconf 90' lang='lat'><strong><em>.</em></strong></span> <span class='ocrx_word' id='word_1_512' title='bbox 617 2459 624 2466; x_wconf 89' lang='lat'><em>.</em></span> <span class='ocrx_word' id='word_1_513' title='bbox 646 2459 654 2467; x_wconf 93' lang='lat'>.</span> <span class='ocrx_word' id='word_1_514' title='bbox 679 2460 686 2467; x_wconf 93' lang='lat'>.</span> <span class='ocrx_word' id='word_1_515' title='bbox 709 2460 716 2467; x_wconf 94' lang='lat'><strong>.</strong></span> <span class='ocrx_word' id='word_1_516' title='bbox 738 2460 745 2467; x_wconf 94' lang='lat'>.</span> <span class='ocrx_word' id='word_1_517' title='bbox 767 2461 775 2470; x_wconf 92' lang='lat'><strong>.</strong></span> <span class='ocrx_word' id='word_1_518' title='bbox 798 2462 806 2469; x_wconf 91' lang='lat'>.</span> <span class='ocrx_word' id='word_1_519' title='bbox 827 2443 946 2470; x_wconf 67' lang='lat' dir='ltr'><strong>maxime</strong></span> <span class='ocrx_word' id='word_1_520' title='bbox 966 2443 1072 2472; x_wconf 88' lang='lat' dir='ltr'><strong>brevis-</strong></span> 
     </span>
    </p>
   </div>
   <div class='ocr_carea' id='block_1_70' title="bbox 283 2483 1072 2525">
    <p class='ocr_par' dir='ltr' id='par_1_70' title="bbox 283 2483 1072 2525">
     <span class='ocr_line' id='line_1_70' title="bbox 283 2483 1072 2525; baseline 0.01 -15"><span class='ocrx_word' id='word_1_521' title='bbox 283 2483 381 2511; x_wconf 87' lang='lat' dir='ltr'><strong>simam</strong></span> <span class='ocrx_word' id='word_1_522' title='bbox 404 2492 557 2520; x_wconf 77' lang='lat' dir='ltr'><strong>proponere</strong></span> <span class='ocrx_word' id='word_1_523' title='bbox 580 2485 614 2514; x_wconf 91' lang='lat' dir='ltr'><strong>de</strong></span> <span class='ocrx_word' id='word_1_524' title='bbox 635 2505 641 2512; x_wconf 90' lang='lat'>.</span> <span class='ocrx_word' id='word_1_525' title='bbox 665 2507 672 2514; x_wconf 93' lang='lat'>.</span> <span class='ocrx_word' id='word_1_526' title='bbox 696 2507 703 2514; x_wconf 91' lang='lat'><em>.</em></span> <span class='ocrx_word' id='word_1_527' title='bbox 725 2507 731 2514; x_wconf 93' lang='lat'>.</span> <span class='ocrx_word' id='word_1_528' title='bbox 755 2506 762 2513; x_wconf 92' lang='lat'><strong><em>.</em></strong></span> <span class='ocrx_word' id='word_1_529' title='bbox 792 2487 903 2523; x_wconf 89' lang='lat' dir='ltr'><strong>quidem</strong></span> <span class='ocrx_word' id='word_1_530' title='bbox 927 2497 1072 2525; x_wconf 75' lang='lat' dir='ltr'><strong>argumen-</strong></span> 
     </span>
    </p>
   </div>
   <div class='ocr_carea' id='block_1_71' title="bbox 283 2530 1070 2568">
    <p class='ocr_par' dir='ltr' id='par_1_71' title="bbox 283 2530 1070 2568">
     <span class='ocr_line' id='line_1_71' title="bbox 283 2530 1070 2568; baseline 0.01 -12"><span class='ocrx_word' id='word_1_531' title='bbox 283 2533 341 2556; x_wconf 92' lang='lat' dir='ltr'><strong>tum</strong></span> <span class='ocrx_word' id='word_1_532' title='bbox 356 2530 410 2558; x_wconf 91' lang='lat' dir='ltr'><strong>illis</strong></span> <span class='ocrx_word' id='word_1_533' title='bbox 421 2531 465 2566; x_wconf 89' lang='lat' dir='ltr'><strong>qui</strong></span> <span class='ocrx_word' id='word_1_534' title='bbox 479 2531 592 2559; x_wconf 87' lang='lat' dir='ltr'><strong>credere</strong></span> <span class='ocrx_word' id='word_1_535' title='bbox 607 2532 687 2568; x_wconf 87' lang='lat' dir='ltr'><strong>quasi</strong></span> <span class='ocrx_word' id='word_1_536' title='bbox 698 2532 799 2561; x_wconf 88' lang='lat' dir='ltr'><strong>divinis</strong></span> <span class='ocrx_word' id='word_1_537' title='bbox 820 2553 828 2560; x_wconf 91' lang='lat'><em>.</em></span> <span class='ocrx_word' id='word_1_538' title='bbox 850 2554 857 2561; x_wconf 87' lang='lat'><em>.</em></span> <span class='ocrx_word' id='word_1_539' title='bbox 881 2555 887 2562; x_wconf 91' lang='lat'>.</span> <span class='ocrx_word' id='word_1_540' title='bbox 909 2556 916 2562; x_wconf 92' lang='lat'>.</span> <span class='ocrx_word' id='word_1_541' title='bbox 943 2554 950 2562; x_wconf 93' lang='lat'><em>.</em></span> <span class='ocrx_word' id='word_1_542' title='bbox 973 2556 980 2562; x_wconf 89' lang='lat'><em>.</em></span> <span class='ocrx_word' id='word_1_543' title='bbox 1004 2558 1010 2563; x_wconf 93' lang='lat'>.</span> <span class='ocrx_word' id='word_1_544' title='bbox 1033 2558 1040 2564; x_wconf 90' lang='lat'><strong><em>.</em></strong></span> <span class='ocrx_word' id='word_1_545' title='bbox 1063 2556 1070 2564; x_wconf 89' lang='lat'><strong>.</strong></span> 
     </span>
    </p>
   </div>
   <div class='ocr_carea' id='block_1_72' title="bbox 284 2575 1069 2614">
    <p class='ocr_par' dir='ltr' id='par_1_72' title="bbox 284 2575 1069 2614">
     <span class='ocr_line' id='line_1_72' title="bbox 284 2575 1069 2614; baseline 0.009 -12"><span class='ocrx_word' id='word_1_546' title='bbox 284 2575 432 2610; x_wconf 67' lang='lat' dir='ltr'><strong>praedicant</strong></span> <span class='ocrx_word' id='word_1_547' title='bbox 454 2576 624 2613; x_wconf 86' lang='lat' dir='ltr'><strong>Scripturis;</strong></span> <span class='ocrx_word' id='word_1_548' title='bbox 647 2586 702 2606; x_wconf 91' lang='lat' dir='ltr'><strong>non</strong></span> <span class='ocrx_word' id='word_1_549' title='bbox 718 2579 802 2614; x_wconf 78' lang='lat' dir='ltr'><strong>igitur</strong></span> <span class='ocrx_word' id='word_1_550' title='bbox 823 2601 830 2607; x_wconf 92' lang='lat'>.</span> <span class='ocrx_word' id='word_1_551' title='bbox 854 2600 860 2606; x_wconf 88' lang='lat'>.</span> <span class='ocrx_word' id='word_1_552' title='bbox 884 2601 890 2608; x_wconf 91' lang='lat'><strong>.</strong></span> <span class='ocrx_word' id='word_1_553' title='bbox 915 2602 922 2608; x_wconf 94' lang='lat'>.</span> <span class='ocrx_word' id='word_1_554' title='bbox 944 2600 952 2608; x_wconf 90' lang='lat'><em>.</em></span> <span class='ocrx_word' id='word_1_555' title='bbox 973 2601 980 2608; x_wconf 89' lang='lat'>.</span> <span class='ocrx_word' id='word_1_556' title='bbox 1002 2602 1008 2608; x_wconf 97' lang='lat'>.</span> <span class='ocrx_word' id='word_1_557' title='bbox 1032 2603 1038 2610; x_wconf 94' lang='lat'><em>.</em></span> <span class='ocrx_word' id='word_1_558' title='bbox 1062 2602 1069 2609; x_wconf 91' lang='lat'><em>.</em></span> 
     </span>
    </p>
   </div>
   <div class='ocr_carea' id='block_1_73' title="bbox 282 2620 1071 2660">
    <p class='ocr_par' dir='ltr' id='par_1_73' title="bbox 282 2620 1071 2660">
     <span class='ocr_line' id='line_1_73' title="bbox 282 2620 1071 2660; baseline 0.009 -12"><span class='ocrx_word' id='word_1_559' title='bbox 282 2620 375 2649; x_wconf 81' lang='lat' dir='ltr'><strong>Jesnm</strong></span> <span class='ocrx_word' id='word_1_560' title='bbox 391 2623 471 2658; x_wconf 87' lang='lat' dir='ltr'><strong>quasi</strong></span> <span class='ocrx_word' id='word_1_561' title='bbox 486 2624 576 2659; x_wconf 91' lang='lat' dir='ltr'><strong>ipsum</strong></span> <span class='ocrx_word' id='word_1_562' title='bbox 601 2632 681 2659; x_wconf 89' lang='lat' dir='ltr'><strong>quem</strong></span> <span class='ocrx_word' id='word_1_563' title='bbox 701 2625 945 2660; x_wconf 87' lang='lat' dir='ltr'><strong>prophetaverunt.</strong></span> <span class='ocrx_word' id='word_1_564' title='bbox 967 2626 996 2655; x_wconf 87' lang='lat' dir='ltr'><strong>In</strong></span> <span class='ocrx_word' id='word_1_565' title='bbox 1019 2627 1071 2655; x_wconf 88' lang='lat' dir='ltr'><strong>du-</strong></span> 
     </span>
    </p>
   </div>
   <div class='ocr_carea' id='block_1_74' title="bbox 284 2667 1069 2707">
    <p class='ocr_par' dir='ltr' id='par_1_74' title="bbox 284 2667 1069 2707">
     <span class='ocr_line' id='line_1_74' title="bbox 284 2667 1069 2707; baseline 0.011 -13"><span class='ocrx_word' id='word_1_566' title='bbox 284 2667 328 2694; x_wconf 89' lang='lat' dir='ltr'><strong>bio</strong></span> <span class='ocrx_word' id='word_1_567' title='bbox 347 2687 354 2695; x_wconf 90' lang='lat'><em>.</em></span> <span class='ocrx_word' id='word_1_568' title='bbox 377 2689 384 2696; x_wconf 90' lang='lat'><strong><em>.</em></strong></span> <span class='ocrx_word' id='word_1_569' title='bbox 407 2689 413 2696; x_wconf 91' lang='lat'><em>.</em></span> <span class='ocrx_word' id='word_1_570' title='bbox 437 2690 444 2696; x_wconf 90' lang='lat'><em>.</em></span> <span class='ocrx_word' id='word_1_571' title='bbox 466 2690 474 2698; x_wconf 93' lang='lat'>.</span> <span class='ocrx_word' id='word_1_572' title='bbox 496 2689 504 2696; x_wconf 89' lang='lat'><em>.</em></span> <span class='ocrx_word' id='word_1_573' title='bbox 527 2691 534 2698; x_wconf 89' lang='lat'><em>.</em></span> <span class='ocrx_word' id='word_1_574' title='bbox 557 2691 564 2699; x_wconf 88' lang='lat'><em>.</em></span> <span class='ocrx_word' id='word_1_575' title='bbox 587 2690 595 2698; x_wconf 86' lang='lat'><em>.</em></span> <span class='ocrx_word' id='word_1_576' title='bbox 616 2679 673 2706; x_wconf 90' lang='lat' dir='ltr'><strong>eos,</strong></span> <span class='ocrx_word' id='word_1_577' title='bbox 696 2673 801 2700; x_wconf 83' lang='lat' dir='ltr'><strong>scilicet</strong></span> <span class='ocrx_word' id='word_1_578' title='bbox 824 2673 943 2707; x_wconf 71' lang='lat' dir='ltr'><strong>JudazOS,</strong></span> <span class='ocrx_word' id='word_1_579' title='bbox 962 2683 1069 2703; x_wconf 90' lang='lat' dir='ltr'><strong>necnon</strong></span> 
     </span>
    </p>
   </div>
   <div class='ocr_carea' id='block_1_75' title="bbox 282 2715 1070 2756">
    <p class='ocr_par' dir='ltr' id='par_1_75' title="bbox 282 2715 1070 2756">
     <span class='ocr_line' id='line_1_75' title="bbox 282 2715 1070 2756; baseline 0.011 -16"><span class='ocrx_word' id='word_1_580' title='bbox 282 2715 383 2741; x_wconf 86' lang='lat' dir='ltr'><strong>electos</strong></span> <span class='ocrx_word' id='word_1_581' title='bbox 405 2735 412 2742; x_wconf 90' lang='lat'>.</span> <span class='ocrx_word' id='word_1_582' title='bbox 434 2734 441 2742; x_wconf 93' lang='lat'><strong>.</strong></span> <span class='ocrx_word' id='word_1_583' title='bbox 463 2734 470 2742; x_wconf 88' lang='lat'><em>.</em></span> <span class='ocrx_word' id='word_1_584' title='bbox 492 2735 499 2742; x_wconf 91' lang='lat'>.</span> <span class='ocrx_word' id='word_1_585' title='bbox 521 2735 530 2745; x_wconf 91' lang='lat'><strong><em>.</em></strong></span> <span class='ocrx_word' id='word_1_586' title='bbox 552 2737 559 2744; x_wconf 92' lang='lat'><strong>.</strong></span> <span class='ocrx_word' id='word_1_587' title='bbox 583 2735 590 2743; x_wconf 89' lang='lat'><em>.</em></span> <span class='ocrx_word' id='word_1_588' title='bbox 612 2737 620 2749; x_wconf 97' lang='lat'><strong>,</strong></span> <span class='ocrx_word' id='word_1_589' title='bbox 640 2721 667 2745; x_wconf 89' lang='lat' dir='ltr'><strong>et</strong></span> <span class='ocrx_word' id='word_1_590' title='bbox 686 2717 865 2747; x_wconf 85' lang='lat' dir='ltr'><strong>refutationes</strong></span> <span class='ocrx_word' id='word_1_591' title='bbox 889 2727 985 2747; x_wconf 92' lang='lat' dir='ltr'><strong>eorum</strong></span> <span class='ocrx_word' id='word_1_592' title='bbox 1008 2729 1070 2756; x_wconf 63' lang='lat' dir='ltr'><strong>qua;</strong></span> 
     </span>
    </p>
   </div>
   <div class='ocr_carea' id='block_1_76' title="bbox 283 2761 1067 2798">
    <p class='ocr_par' dir='ltr' id='par_1_76' title="bbox 283 2761 1067 2798">
     <span class='ocr_line' id='line_1_76' title="bbox 283 2761 1067 2798; baseline 0.014 -13"><span class='ocrx_word' id='word_1_593' title='bbox 283 2761 369 2794; x_wconf 75' lang='lat' dir='ltr'><strong>magis</strong></span> <span class='ocrx_word' id='word_1_594' title='bbox 383 2761 463 2788; x_wconf 83' lang='lat' dir='ltr'><strong>etiam</strong></span> <span class='ocrx_word' id='word_1_595' title='bbox 483 2763 601 2796; x_wconf 90' lang='lat' dir='ltr'><strong>mythica</strong></span> <span class='ocrx_word' id='word_1_596' title='bbox 618 2769 730 2798; x_wconf 89' lang='lat' dir='ltr'><strong>possent</strong></span> <span class='ocrx_word' id='word_1_597' title='bbox 745 2765 846 2798; x_wconf 89' lang='lat' dir='ltr'><strong>dicere,</strong></span> <span class='ocrx_word' id='word_1_598' title='bbox 861 2767 1003 2795; x_wconf 80' lang='lat' dir='ltr'><strong>exsolvere</strong></span> <span class='ocrx_word' id='word_1_599' title='bbox 1018 2775 1067 2795; x_wconf 88' lang='lat' dir='ltr'><strong>co-</strong></span> 
     </span>
    </p>
   </div>
   <div class='ocr_carea' id='block_1_77' title="bbox 283 2804 1067 2845">
    <p class='ocr_par' dir='ltr' id='par_1_77' title="bbox 283 2804 1067 2845">
     <span class='ocr_line' id='line_1_77' title="bbox 283 2804 1067 2845; baseline 0.015 -15"><span class='ocrx_word' id='word_1_600' title='bbox 283 2804 338 2830; x_wconf 85' lang='lat' dir='ltr'><strong>nati</strong></span> <span class='ocrx_word' id='word_1_601' title='bbox 351 2805 456 2833; x_wconf 84' lang='lat' dir='ltr'><strong>diviuas</strong></span> <span class='ocrx_word' id='word_1_602' title='bbox 473 2815 563 2836; x_wconf 84' lang='lat' dir='ltr'><strong>voces.</strong></span> <span class='ocrx_word' id='word_1_603' title='bbox 579 2807 638 2836; x_wconf 85' lang='lat' dir='ltr'><strong>Erit</strong></span> <span class='ocrx_word' id='word_1_604' title='bbox 653 2817 763 2845; x_wconf 89' lang='lat' dir='ltr'><strong>quoque</strong></span> <span class='ocrx_word' id='word_1_605' title='bbox 782 2812 872 2841; x_wconf 87' lang='lat' dir='ltr'><strong>brevis</strong></span> <span class='ocrx_word' id='word_1_606' title='bbox 887 2817 913 2841; x_wconf 89' lang='lat' dir='ltr'><strong>et</strong></span> <span class='ocrx_word' id='word_1_607' title='bbox 928 2813 1067 2842; x_wconf 84' lang='lat' dir='ltr'><strong>moderata</strong></span> 
     </span>
    </p>
   </div>
   <div class='ocr_carea' id='block_1_78' title="bbox 319 2892 756 2931">
    <p class='ocr_par' dir='ltr' id='par_1_78' title="bbox 319 2892 756 2931">
     <span class='ocr_line' id='line_1_78' title="bbox 319 2892 756 2931; baseline 0.023 -14"><span class='ocrx_word' id='word_1_608' title='bbox 319 2892 326 2906; x_wconf 86' lang='lat'>&#39;</span> <span class='ocrx_word' id='word_1_609' title='bbox 347 2892 426 2920; x_wconf 84' lang='lat' dir='ltr'><strong>Prov.</strong></span> <span class='ocrx_word' id='word_1_610' title='bbox 445 2902 481 2927; x_wconf 83' lang='grc' dir='ltr'>νι,</span> <span class='ocrx_word' id='word_1_611' title='bbox 499 2895 525 2922; x_wconf 84' lang='grc'><strong>8.</strong></span> <span class='ocrx_word' id='word_1_612' title='bbox 564 2897 574 2912; x_wconf 83' lang='lat'><strong>’</strong></span> <span class='ocrx_word' id='word_1_613' title='bbox 595 2896 661 2924; x_wconf 70' lang='lat' dir='ltr'><strong>Luc.</strong></span> <span class='ocrx_word' id='word_1_614' title='bbox 681 2898 712 2931; x_wconf 76' lang='grc' dir='ltr'>ι,</span> <span class='ocrx_word' id='word_1_615' title='bbox 730 2899 756 2928; x_wconf 59' lang='lat' dir='ltr'><strong>vl».</strong></span> 
     </span>
    </p>
   </div>
   <div class='ocr_carea' id='block_1_79' title="bbox 1135 971 1914 1008">
    <p class='ocr_par' dir='ltr' id='par_1_79' title="bbox 1135 971 1914 1008">
     <span class='ocr_line' id='line_1_79' title="bbox 1135 971 1914 1008; baseline -0.001 -9"><span class='ocrx_word' id='word_1_616' title='bbox 1135 973 1245 1008; x_wconf 76' lang='grc' dir='ltr'>ἐργάτις</span> <span class='ocrx_word' id='word_1_617' title='bbox 1260 972 1328 1005; x_wconf 76' lang='grc' dir='ltr'>ἐστὶ,</span> <span class='ocrx_word' id='word_1_618' title='bbox 1343 974 1392 1008; x_wconf 83' lang='grc' dir='ltr'>τήν</span> <span class='ocrx_word' id='word_1_619' title='bbox 1408 981 1437 998; x_wconf 86' lang='grc' dir='ltr'><strong>τε</strong></span> <span class='ocrx_word' id='word_1_620' title='bbox 1453 973 1581 1008; x_wconf 74' lang='grc' dir='ltr'>ἐργασίαν</span> <span class='ocrx_word' id='word_1_621' title='bbox 1595 973 1632 1004; x_wconf 83' lang='grc' dir='ltr'><strong>ὡς</strong></span> <span class='ocrx_word' id='word_1_622' title='bbox 1654 973 1754 1008; x_wconf 76' lang='grc' dir='ltr'>σεμνὴν</span> <span class='ocrx_word' id='word_1_623' title='bbox 1769 971 1914 1008; x_wconf 75' lang='grc' dir='ltr'>ἐμπορεύε-</span> 
     </span>
    </p>
   </div>
   <div class='ocr_carea' id='block_1_80' title="bbox 1134 1017 1918 1055">
    <p class='ocr_par' dir='ltr' id='par_1_80' title="bbox 1134 1017 1918 1055">
     <span class='ocr_line' id='line_1_80' title="bbox 1134 1017 1918 1055; baseline 0 -10"><span class='ocrx_word' id='word_1_624' title='bbox 1134 1028 1192 1046; x_wconf 87' lang='grc' dir='ltr'>ται·</span> <span class='ocrx_word' id='word_1_625' title='bbox 1205 1017 1239 1055; x_wconf 81' lang='grc' dir='ltr'>ἦς</span> <span class='ocrx_word' id='word_1_626' title='bbox 1251 1019 1313 1051; x_wconf 74' lang='grc' dir='ltr'>τοὺς</span> <span class='ocrx_word' id='word_1_627' title='bbox 1324 1019 1422 1051; x_wconf 83' lang='grc' dir='ltr'>πόνους</span> <span class='ocrx_word' id='word_1_628' title='bbox 1436 1019 1552 1054; x_wconf 73' lang='grc' dir='ltr'>βασιλεῖς</span> <span class='ocrx_word' id='word_1_629' title='bbox 1564 1019 1611 1046; x_wconf 68' lang='grc' dir='ltr'><strong>καὶ</strong></span> <span class='ocrx_word' id='word_1_630' title='bbox 1630 1018 1731 1045; x_wconf 72' lang='grc' dir='ltr'>ἰδιῶται</span> <span class='ocrx_word' id='word_1_631' title='bbox 1744 1018 1813 1054; x_wconf 80' lang='grc' dir='ltr'>πρὸς</span> <span class='ocrx_word' id='word_1_632' title='bbox 1826 1017 1918 1052; x_wconf 74' lang='grc' dir='ltr'>ὑγείαν</span> 
     </span>
    </p>
   </div>
   <div class='ocr_carea' id='block_1_81' title="bbox 1134 1063 1916 1101">
    <p class='ocr_par' dir='ltr' id='par_1_81' title="bbox 1134 1063 1916 1101">
     <span class='ocr_line' id='line_1_81' title="bbox 1134 1063 1916 1101; baseline -0.003 -10"><span class='ocrx_word' id='word_1_633' title='bbox 1134 1066 1333 1101; x_wconf 75' lang='grc' dir='ltr'>προσφέρονται</span> <span class='ocrx_word' id='word_1_634' title='bbox 1346 1073 1352 1079; x_wconf 90' lang='grc'><strong>·</strong></span> <span class='ocrx_word' id='word_1_635' title='bbox 1372 1065 1480 1100; x_wconf 77' lang='grc' dir='ltr'>ποθεινὴ</span> <span class='ocrx_word' id='word_1_636' title='bbox 1498 1074 1527 1098; x_wconf 51' lang='grc' dir='ltr'><strong>ἧς</strong></span> <span class='ocrx_word' id='word_1_637' title='bbox 1540 1065 1613 1092; x_wconf 79' lang='grc' dir='ltr'>ἐστὶν</span> <span class='ocrx_word' id='word_1_638' title='bbox 1625 1065 1706 1091; x_wconf 81' lang='grc' dir='ltr'>πᾶσιν</span> <span class='ocrx_word' id='word_1_639' title='bbox 1723 1065 1770 1090; x_wconf 66' lang='grc' dir='ltr'><strong>καὶ</strong></span> <span class='ocrx_word' id='word_1_640' title='bbox 1785 1063 1916 1095; x_wconf 43' lang='grc' dir='ltr'>ὲπίδοπ,</span> 
     </span>
    </p>
   </div>
   <div class='ocr_carea' id='block_1_82' title="bbox 1135 1109 1918 1147">
    <p class='ocr_par' dir='ltr' id='par_1_82' title="bbox 1135 1109 1918 1147">
     <span class='ocr_line' id='line_1_82' title="bbox 1135 1109 1918 1147; baseline -0.004 -10"><span class='ocrx_word' id='word_1_641' title='bbox 1135 1111 1233 1146; x_wconf 80' lang='grc' dir='ltr'>καίπερ</span> <span class='ocrx_word' id='word_1_642' title='bbox 1247 1109 1313 1138; x_wconf 77' lang='grc' dir='ltr'>οὖσα</span> <span class='ocrx_word' id='word_1_643' title='bbox 1326 1112 1358 1146; x_wconf 80' lang='grc' dir='ltr'>τῇ</span> <span class='ocrx_word' id='word_1_644' title='bbox 1377 1110 1455 1147; x_wconf 73' lang='grc' dir='ltr'><strong>ῥώμῃ</strong></span> <span class='ocrx_word' id='word_1_645' title='bbox 1467 1109 1592 1145; x_wconf 77' lang='grc' dir='ltr'>ἀσθενὴς,</span> <span class='ocrx_word' id='word_1_646' title='bbox 1608 1110 1657 1144; x_wconf 74' lang='grc' dir='ltr'>τὴν</span> <span class='ocrx_word' id='word_1_647' title='bbox 1670 1110 1765 1144; x_wconf 60' lang='grc' dir='ltr'>σοςίαν</span> <span class='ocrx_word' id='word_1_648' title='bbox 1780 1109 1918 1144; x_wconf 77' lang='grc' dir='ltr'>τιμήσασα</span> 
     </span>
    </p>
   </div>
   <div class='ocr_carea' id='block_1_83' title="bbox 1135 1156 1917 1194">
    <p class='ocr_par' dir='ltr' id='par_1_83' title="bbox 1135 1156 1917 1194">
     <span class='ocr_line' id='line_1_83' title="bbox 1135 1156 1917 1194; baseline -0.004 -10"><span class='ocrx_word' id='word_1_649' title='bbox 1135 1158 1268 1194; x_wconf 78' lang='grc' dir='ltr'><strong>προήχθη.</strong></span> <span class='ocrx_word' id='word_1_650' title='bbox 1289 1167 1298 1182; x_wconf 76' lang='grc' dir='ltr'><strong>ι</strong></span> <span class='ocrx_word' id='word_1_651' title='bbox 1318 1158 1365 1184; x_wconf 84' lang='grc' dir='ltr'>Ὃν</span> <span class='ocrx_word' id='word_1_652' title='bbox 1381 1157 1435 1192; x_wconf 79' lang='grc' dir='ltr'><strong>γὰρ</strong></span> <span class='ocrx_word' id='word_1_653' title='bbox 1459 1158 1476 1193; x_wconf 84' lang='grc' dir='ltr'>ἡ</span> <span class='ocrx_word' id='word_1_654' title='bbox 1495 1158 1606 1193; x_wconf 75' lang='grc' dir='ltr'>ἐργάτις</span> <span class='ocrx_word' id='word_1_655' title='bbox 1629 1156 1721 1191; x_wconf 78' lang='grc' dir='ltr'>ἐκείνη</span> <span class='ocrx_word' id='word_1_656' title='bbox 1743 1157 1848 1191; x_wconf 73' lang='grc' dir='ltr'>τρόπον</span> <span class='ocrx_word' id='word_1_657' title='bbox 1872 1157 1917 1191; x_wconf 78' lang='grc' dir='ltr'>τὴν</span> 
     </span>
    </p>
   </div>
   <div class='ocr_carea' id='block_1_84' title="bbox 1135 1202 1917 1240">
    <p class='ocr_par' dir='ltr' id='par_1_84' title="bbox 1135 1202 1917 1240">
     <span class='ocr_line' id='line_1_84' title="bbox 1135 1202 1917 1240; baseline -0.003 -10"><span class='ocrx_word' id='word_1_658' title='bbox 1135 1204 1228 1239; x_wconf 67' lang='grc' dir='ltr'>σοςρίαν</span> <span class='ocrx_word' id='word_1_659' title='bbox 1243 1204 1357 1240; x_wconf 83' lang='grc' dir='ltr'>τιμῆσαι</span> <span class='ocrx_word' id='word_1_660' title='bbox 1371 1203 1589 1239; x_wconf 77' lang='grc' dir='ltr'>μαρτυρουμένη,</span> <span class='ocrx_word' id='word_1_661' title='bbox 1600 1202 1654 1229; x_wconf 84' lang='grc' dir='ltr'>τῶν</span> <span class='ocrx_word' id='word_1_662' title='bbox 1665 1202 1784 1228; x_wconf 72' lang='grc' dir='ltr'>εὑθαλῶν</span> <span class='ocrx_word' id='word_1_663' title='bbox 1795 1202 1917 1237; x_wconf 78' lang='grc' dir='ltr'>βλαστῶν</span> 
     </span>
    </p>
   </div>
   <div class='ocr_carea' id='block_1_85' title="bbox 1133 1248 1917 1286">
    <p class='ocr_par' dir='ltr' id='par_1_85' title="bbox 1133 1248 1917 1286">
     <span class='ocr_line' id='line_1_85' title="bbox 1133 1248 1917 1286; baseline -0.004 -9"><span class='ocrx_word' id='word_1_664' title='bbox 1133 1250 1317 1286; x_wconf 85' lang='grc' dir='ltr'>ἁναλεγομένη</span> <span class='ocrx_word' id='word_1_665' title='bbox 1331 1250 1365 1276; x_wconf 76' lang='grc' dir='ltr'><strong>τὰ</strong></span> <span class='ocrx_word' id='word_1_666' title='bbox 1385 1250 1536 1286; x_wconf 81' lang='grc' dir='ltr'>πρόσφορα,</span> <span class='ocrx_word' id='word_1_667' title='bbox 1554 1250 1585 1275; x_wconf 75' lang='grc' dir='ltr'><strong>ἐκ</strong></span> <span class='ocrx_word' id='word_1_668' title='bbox 1597 1248 1646 1283; x_wconf 77' lang='grc' dir='ltr'>τῆς</span> <span class='ocrx_word' id='word_1_669' title='bbox 1665 1248 1792 1275; x_wconf 75' lang='grc' dir='ltr'>ἁπάντων</span> <span class='ocrx_word' id='word_1_670' title='bbox 1806 1249 1917 1274; x_wconf 79' lang='grc' dir='ltr'>ἐπισυν-</span> 
     </span>
    </p>
   </div>
   <div class='ocr_carea' id='block_1_86' title="bbox 1134 1294 1918 1333">
    <p class='ocr_par' dir='ltr' id='par_1_86' title="bbox 1134 1294 1918 1333">
     <span class='ocr_line' id='line_1_86' title="bbox 1134 1294 1918 1333; baseline -0.004 -10"><span class='ocrx_word' id='word_1_671' title='bbox 1134 1297 1244 1333; x_wconf 84' lang='grc' dir='ltr'>αγωγῆς</span> <span class='ocrx_word' id='word_1_672' title='bbox 1273 1305 1303 1323; x_wconf 80' lang='grc' dir='ltr'><strong>τε</strong></span> <span class='ocrx_word' id='word_1_673' title='bbox 1330 1296 1377 1323; x_wconf 64' lang='grc' dir='ltr'>καὶ</span> <span class='ocrx_word' id='word_1_674' title='bbox 1399 1296 1529 1332; x_wconf 76' lang='grc' dir='ltr'>ἐργασίας</span> <span class='ocrx_word' id='word_1_675' title='bbox 1560 1294 1697 1331; x_wconf 78' lang='grc' dir='ltr'>βασιλεῦσι</span> <span class='ocrx_word' id='word_1_676' title='bbox 1725 1295 1772 1321; x_wconf 76' lang='grc' dir='ltr'>καὶ</span> <span class='ocrx_word' id='word_1_677' title='bbox 1800 1294 1918 1325; x_wconf 70' lang='grc' dir='ltr'>ἰδιώταις</span> 
     </span>
    </p>
   </div>
   <div class='ocr_carea' id='block_1_87' title="bbox 1134 1339 1918 1379">
    <p class='ocr_par' dir='ltr' id='par_1_87' title="bbox 1134 1339 1918 1379">
     <span class='ocr_line' id='line_1_87' title="bbox 1134 1339 1918 1379; baseline -0.004 -10"><span class='ocrx_word' id='word_1_678' title='bbox 1134 1343 1277 1378; x_wconf 82' lang='grc' dir='ltr'>ὑγιεινοὺς,</span> <span class='ocrx_word' id='word_1_679' title='bbox 1324 1350 1405 1378; x_wconf 80' lang='grc' dir='ltr'>φησιν</span> <span class='ocrx_word' id='word_1_680' title='bbox 1420 1343 1436 1377; x_wconf 80' lang='grc' dir='ltr'>ἡ</span> <span class='ocrx_word' id='word_1_681' title='bbox 1450 1341 1555 1377; x_wconf 79' lang='grc' dir='ltr'>Γραφὴ,</span> <span class='ocrx_word' id='word_1_682' title='bbox 1570 1341 1718 1377; x_wconf 85' lang='grc' dir='ltr'>παρέχεται</span> <span class='ocrx_word' id='word_1_683' title='bbox 1736 1341 1799 1372; x_wconf 72' lang='grc' dir='ltr'>τοὺς</span> <span class='ocrx_word' id='word_1_684' title='bbox 1819 1340 1918 1375; x_wconf 76' lang='grc' dir='ltr'>ἑαυτῆς</span> 
     </span>
    </p>
   </div>
   <div class='ocr_carea' id='block_1_88' title="bbox 1134 1386 1917 1423">
    <p class='ocr_par' dir='ltr' id='par_1_88' title="bbox 1134 1386 1917 1423">
     <span class='ocr_line' id='line_1_88' title="bbox 1134 1386 1917 1423; baseline -0.005 -7"><span class='ocrx_word' id='word_1_685' title='bbox 1134 1389 1240 1421; x_wconf 76' lang='grc' dir='ltr'><strong>πόνους¹</strong></span> <span class='ocrx_word' id='word_1_686' title='bbox 1255 1389 1351 1415; x_wconf 87' lang='grc' dir='ltr'>ταυτόν</span> <span class='ocrx_word' id='word_1_687' title='bbox 1363 1397 1388 1414; x_wconf 83' lang='grc' dir='ltr'><strong>τι</strong></span> <span class='ocrx_word' id='word_1_688' title='bbox 1402 1389 1448 1414; x_wconf 82' lang='grc' dir='ltr'>καὶ</span> <span class='ocrx_word' id='word_1_689' title='bbox 1464 1388 1512 1418; x_wconf 77' lang='grc' dir='ltr'><strong>τὰς</strong></span> <span class='ocrx_word' id='word_1_690' title='bbox 1527 1388 1591 1423; x_wconf 79' lang='grc' dir='ltr'>περὶ</span> <span class='ocrx_word' id='word_1_691' title='bbox 1604 1387 1650 1413; x_wconf 83' lang='grc' dir='ltr'>τοῦ</span> <span class='ocrx_word' id='word_1_692' title='bbox 1666 1386 1784 1422; x_wconf 75' lang='grc' dir='ltr'>Χριστοῦ</span> <span class='ocrx_word' id='word_1_693' title='bbox 1796 1388 1917 1420; x_wconf 57' lang='lat' dir='ltr'><strong>Rpopu-</strong></span> 
     </span>
    </p>
   </div>
   <div class='ocr_carea' id='block_1_89' title="bbox 1133 1431 1918 1470">
    <p class='ocr_par' dir='ltr' id='par_1_89' title="bbox 1133 1431 1918 1470">
     <span class='ocr_line' id='line_1_89' title="bbox 1133 1431 1918 1470; baseline -0.006 -8"><span class='ocrx_word' id='word_1_694' title='bbox 1133 1436 1216 1468; x_wconf 69' lang='grc' dir='ltr'>τικὰς</span> <span class='ocrx_word' id='word_1_695' title='bbox 1231 1436 1297 1470; x_wconf 77' lang='grc' dir='ltr'>ἡμῖν</span> <span class='ocrx_word' id='word_1_696' title='bbox 1318 1434 1468 1469; x_wconf 75' lang='grc' dir='ltr'>Ἐκλογὰς,</span> <span class='ocrx_word' id='word_1_697' title='bbox 1491 1434 1649 1469; x_wconf 83' lang='grc' dir='ltr'>ἀπάνθισμα</span> <span class='ocrx_word' id='word_1_698' title='bbox 1663 1433 1717 1459; x_wconf 84' lang='grc' dir='ltr'><strong>τῶν</strong></span> <span class='ocrx_word' id='word_1_699' title='bbox 1733 1433 1780 1459; x_wconf 84' lang='grc' dir='ltr'>τοῦ</span> <span class='ocrx_word' id='word_1_700' title='bbox 1793 1432 1863 1463; x_wconf 85' lang='grc' dir='ltr'><strong>Θεοῦ</strong></span> <span class='ocrx_word' id='word_1_701' title='bbox 1877 1431 1918 1459; x_wconf 65' lang='lat' dir='ltr'><strong>lt.-</strong></span> 
     </span>
    </p>
   </div>
   <div class='ocr_carea' id='block_1_90' title="bbox 1133 1477 1917 1516">
    <p class='ocr_par' dir='ltr' id='par_1_90' title="bbox 1133 1477 1917 1516">
     <span class='ocr_line' id='line_1_90' title="bbox 1133 1477 1917 1516; baseline -0.004 -9"><span class='ocrx_word' id='word_1_702' title='bbox 1133 1481 1218 1515; x_wconf 84' lang='grc' dir='ltr'>γικῶν</span> <span class='ocrx_word' id='word_1_703' title='bbox 1240 1479 1380 1516; x_wconf 86' lang='grc' dir='ltr'>λειμώνων</span> <span class='ocrx_word' id='word_1_704' title='bbox 1402 1479 1596 1514; x_wconf 80' lang='grc' dir='ltr'>τυγχανούσας,</span> <span class='ocrx_word' id='word_1_705' title='bbox 1625 1478 1760 1514; x_wconf 80' lang='grc' dir='ltr'>περιέξειν</span> <span class='ocrx_word' id='word_1_706' title='bbox 1785 1477 1917 1513; x_wconf 76' lang='grc' dir='ltr'>ἡγοῦμαι.</span> 
     </span>
    </p>
   </div>
   <div class='ocr_carea' id='block_1_91' title="bbox 1132 1522 1918 1562">
    <p class='ocr_par' dir='ltr' id='par_1_91' title="bbox 1132 1522 1918 1562">
     <span class='ocr_line' id='line_1_91' title="bbox 1132 1522 1918 1562; baseline -0.006 -8"><span class='ocrx_word' id='word_1_707' title='bbox 1132 1528 1182 1562; x_wconf 82' lang='grc' dir='ltr'>τὴν</span> <span class='ocrx_word' id='word_1_708' title='bbox 1200 1527 1248 1562; x_wconf 80' lang='grc' dir='ltr'>μὲν</span> <span class='ocrx_word' id='word_1_709' title='bbox 1260 1527 1313 1553; x_wconf 84' lang='grc' dir='ltr'>τῶν</span> <span class='ocrx_word' id='word_1_710' title='bbox 1330 1526 1421 1562; x_wconf 85' lang='grc' dir='ltr'>κηρῶν</span> <span class='ocrx_word' id='word_1_711' title='bbox 1435 1525 1584 1552; x_wconf 76' lang='grc' dir='ltr'>εὔπλαστον</span> <span class='ocrx_word' id='word_1_712' title='bbox 1598 1525 1776 1561; x_wconf 82' lang='grc' dir='ltr'>δημιουργίαν</span> <span class='ocrx_word' id='word_1_713' title='bbox 1788 1524 1818 1550; x_wconf 79' lang='grc' dir='ltr'>ὲν</span> <span class='ocrx_word' id='word_1_714' title='bbox 1828 1522 1918 1558; x_wconf 82' lang='grc' dir='ltr'>ψιλαῖς</span> 
     </span>
    </p>
   </div>
   <div class='ocr_carea' id='block_1_92' title="bbox 1133 1569 1918 1606">
    <p class='ocr_par' dir='ltr' id='par_1_92' title="bbox 1133 1569 1918 1606">
     <span class='ocr_line' id='line_1_92' title="bbox 1133 1569 1918 1606; baseline -0.004 -7"><span class='ocrx_word' id='word_1_715' title='bbox 1133 1574 1191 1604; x_wconf 88' lang='grc' dir='ltr'>ταῖς</span> <span class='ocrx_word' id='word_1_716' title='bbox 1205 1572 1306 1605; x_wconf 78' lang='grc' dir='ltr'>λέξεσιν</span> <span class='ocrx_word' id='word_1_717' title='bbox 1323 1571 1526 1604; x_wconf 77' lang='grc' dir='ltr'>ἀποσωζούσας,</span> <span class='ocrx_word' id='word_1_718' title='bbox 1550 1570 1585 1597; x_wconf 86' lang='grc' dir='ltr'><strong>τὰ</strong></span> <span class='ocrx_word' id='word_1_719' title='bbox 1606 1571 1628 1597; x_wconf 84' lang='grc' dir='ltr'>δ’</span> <span class='ocrx_word' id='word_1_720' title='bbox 1650 1571 1678 1596; x_wconf 77' lang='grc' dir='ltr'>ἐν</span> <span class='ocrx_word' id='word_1_721' title='bbox 1694 1570 1768 1606; x_wconf 81' lang='grc' dir='ltr'>αὐτῷ</span> <span class='ocrx_word' id='word_1_722' title='bbox 1784 1569 1918 1600; x_wconf 80' lang='grc' dir='ltr'>τεθησαυ-</span> 
     </span>
    </p>
   </div>
   <div class='ocr_carea' id='block_1_93' title="bbox 1133 1615 1918 1654">
    <p class='ocr_par' dir='ltr' id='par_1_93' title="bbox 1133 1615 1918 1654">
     <span class='ocr_line' id='line_1_93' title="bbox 1133 1615 1918 1654; baseline -0.004 -9"><span class='ocrx_word' id='word_1_723' title='bbox 1133 1618 1249 1654; x_wconf 84' lang='grc' dir='ltr'>ρισμένα</span> <span class='ocrx_word' id='word_1_724' title='bbox 1265 1619 1387 1654; x_wconf 87' lang='grc' dir='ltr'>νοήματα</span> <span class='ocrx_word' id='word_1_725' title='bbox 1403 1616 1560 1652; x_wconf 83' lang='grc' dir='ltr'>χαταλλήλῳ</span> <span class='ocrx_word' id='word_1_726' title='bbox 1574 1615 1612 1652; x_wconf 79' lang='grc' dir='ltr'><strong>τῷ</strong></span> <span class='ocrx_word' id='word_1_727' title='bbox 1625 1616 1720 1650; x_wconf 85' lang='grc' dir='ltr'>γλυκεῖ</span> <span class='ocrx_word' id='word_1_728' title='bbox 1733 1617 1780 1643; x_wconf 81' lang='grc' dir='ltr'>καὶ</span> <span class='ocrx_word' id='word_1_729' title='bbox 1801 1617 1918 1650; x_wconf 86' lang='grc' dir='ltr'>ὑγιεινο-</span> 
     </span>
    </p>
   </div>
   <div class='ocr_carea' id='block_1_94' title="bbox 1131 1662 1917 1700">
    <p class='ocr_par' dir='ltr' id='par_1_94' title="bbox 1131 1662 1917 1700">
     <span class='ocr_line' id='line_1_94' title="bbox 1131 1662 1917 1700; baseline -0.004 -9"><span class='ocrx_word' id='word_1_730' title='bbox 1131 1665 1204 1700; x_wconf 84' lang='grc' dir='ltr'>τάτῳ</span> <span class='ocrx_word' id='word_1_731' title='bbox 1220 1665 1269 1700; x_wconf 82' lang='grc' dir='ltr'>τῆς</span> <span class='ocrx_word' id='word_1_732' title='bbox 1285 1664 1369 1698; x_wconf 81' lang='grc' dir='ltr'>σοφῆς</span> <span class='ocrx_word' id='word_1_733' title='bbox 1393 1664 1422 1690; x_wconf 79' lang='grc' dir='ltr'>ὲν</span> <span class='ocrx_word' id='word_1_734' title='bbox 1439 1663 1544 1699; x_wconf 78' lang='grc' dir='ltr'>ἐκείνης</span> <span class='ocrx_word' id='word_1_735' title='bbox 1559 1663 1707 1698; x_wconf 85' lang='grc' dir='ltr'>γεννήματι</span> <span class='ocrx_word' id='word_1_736' title='bbox 1727 1662 1793 1689; x_wconf 78' lang='grc' dir='ltr'>εἴσω</span> <span class='ocrx_word' id='word_1_737' title='bbox 1818 1671 1873 1689; x_wconf 70' lang='grc' dir='ltr'><strong>που</strong></span> <span class='ocrx_word' id='word_1_738' title='bbox 1889 1663 1917 1689; x_wconf 65' lang='grc' dir='ltr'>ἐν</span> 
     </span>
    </p>
   </div>
   <div class='ocr_carea' id='block_1_95' title="bbox 1131 1707 1916 1745">
    <p class='ocr_par' dir='ltr' id='par_1_95' title="bbox 1131 1707 1916 1745">
     <span class='ocr_line' id='line_1_95' title="bbox 1131 1707 1916 1745; baseline -0.004 -9"><span class='ocrx_word' id='word_1_739' title='bbox 1131 1710 1296 1745; x_wconf 66' lang='grc' dir='ltr'>ἀπορρήτοις</span> <span class='ocrx_word' id='word_1_740' title='bbox 1316 1709 1519 1744; x_wconf 86' lang='grc' dir='ltr'>ταμιευόμενος.</span> <span class='ocrx_word' id='word_1_741' title='bbox 1542 1707 1589 1739; x_wconf 86' lang='grc' dir='ltr'>Τίς</span> <span class='ocrx_word' id='word_1_742' title='bbox 1607 1708 1660 1742; x_wconf 83' lang='grc' dir='ltr'><strong>γὰρ</strong></span> <span class='ocrx_word' id='word_1_743' title='bbox 1684 1707 1716 1742; x_wconf 86' lang='grc' dir='ltr'>δὴ</span> <span class='ocrx_word' id='word_1_744' title='bbox 1736 1707 1791 1733; x_wconf 85' lang='grc' dir='ltr'><strong>τῶν</strong></span> <span class='ocrx_word' id='word_1_745' title='bbox 1812 1707 1916 1734; x_wconf 73' lang='grc' dir='ltr'>πιστῶν</span> 
     </span>
    </p>
   </div>
   <div class='ocr_carea' id='block_1_96' title="bbox 1130 1752 1917 1790">
    <p class='ocr_par' dir='ltr' id='par_1_96' title="bbox 1130 1752 1917 1790">
     <span class='ocr_line' id='line_1_96' title="bbox 1130 1752 1917 1790; baseline -0.005 -8"><span class='ocrx_word' id='word_1_746' title='bbox 1130 1756 1180 1782; x_wconf 78' lang='grc' dir='ltr'>οὐκ</span> <span class='ocrx_word' id='word_1_747' title='bbox 1207 1755 1239 1782; x_wconf 87' lang='grc' dir='ltr'>ἂν</span> <span class='ocrx_word' id='word_1_748' title='bbox 1255 1755 1417 1790; x_wconf 79' lang='grc' dir='ltr'>ὁμολογήσαι</span> <span class='ocrx_word' id='word_1_749' title='bbox 1439 1754 1528 1789; x_wconf 80' lang='grc' dir='ltr'>πάσης</span> <span class='ocrx_word' id='word_1_750' title='bbox 1551 1753 1594 1780; x_wconf 74' lang='grc' dir='ltr'><strong>διὰ</strong></span> <span class='ocrx_word' id='word_1_751' title='bbox 1616 1753 1747 1788; x_wconf 75' lang='grc' dir='ltr'>σωμάτων</span> <span class='ocrx_word' id='word_1_752' title='bbox 1768 1752 1867 1788; x_wconf 71' lang='grc' dir='ltr'>ἡδονῆς</span> <span class='ocrx_word' id='word_1_753' title='bbox 1889 1761 1917 1779; x_wconf 82' lang='grc' dir='ltr'><strong>τε</strong></span> 
     </span>
    </p>
   </div>
   <div class='ocr_carea' id='block_1_97' title="bbox 1131 1799 1916 1837">
    <p class='ocr_par' dir='ltr' id='par_1_97' title="bbox 1131 1799 1916 1837">
     <span class='ocr_line' id='line_1_97' title="bbox 1131 1799 1916 1837; baseline -0.005 -9"><span class='ocrx_word' id='word_1_754' title='bbox 1131 1803 1178 1828; x_wconf 85' lang='grc' dir='ltr'><strong>καὶ</strong></span> <span class='ocrx_word' id='word_1_755' title='bbox 1189 1801 1320 1836; x_wconf 77' lang='grc' dir='ltr'>ὠφελείας</span> <span class='ocrx_word' id='word_1_756' title='bbox 1335 1801 1492 1837; x_wconf 80' lang='grc' dir='ltr'>ἀσυγκρίτῳ</span> <span class='ocrx_word' id='word_1_757' title='bbox 1508 1800 1644 1835; x_wconf 77' lang='grc' dir='ltr'>διαφέρειν</span> <span class='ocrx_word' id='word_1_758' title='bbox 1660 1799 1779 1835; x_wconf 76' lang='grc' dir='ltr'>ὑπεροχῇ</span> <span class='ocrx_word' id='word_1_759' title='bbox 1795 1799 1849 1830; x_wconf 79' lang='grc' dir='ltr'><strong>τὰς</strong></span> <span class='ocrx_word' id='word_1_760' title='bbox 1865 1807 1916 1825; x_wconf 85' lang='grc' dir='ltr'>σω-</span> 
     </span>
    </p>
   </div>
   <div class='ocr_carea' id='block_1_98' title="bbox 1129 1843 1916 1883">
    <p class='ocr_par' dir='ltr' id='par_1_98' title="bbox 1129 1843 1916 1883">
     <span class='ocr_line' id='line_1_98' title="bbox 1129 1843 1916 1883; baseline -0.006 -9"><span class='ocrx_word' id='word_1_761' title='bbox 1129 1847 1239 1883; x_wconf 77' lang='grc' dir='ltr'>τηρίους</span> <span class='ocrx_word' id='word_1_762' title='bbox 1252 1847 1315 1883; x_wconf 78' lang='grc' dir='ltr'>περὶ</span> <span class='ocrx_word' id='word_1_763' title='bbox 1331 1846 1378 1873; x_wconf 83' lang='grc' dir='ltr'>τοῦ</span> <span class='ocrx_word' id='word_1_764' title='bbox 1395 1847 1482 1880; x_wconf 87' lang='grc' dir='ltr'>Λόγου</span> <span class='ocrx_word' id='word_1_765' title='bbox 1498 1845 1544 1872; x_wconf 86' lang='grc' dir='ltr'>τοῦ</span> <span class='ocrx_word' id='word_1_766' title='bbox 1560 1844 1628 1872; x_wconf 80' lang='grc' dir='ltr'><strong>Θεοῦ</strong></span> <span class='ocrx_word' id='word_1_767' title='bbox 1649 1844 1824 1880; x_wconf 80' lang='grc' dir='ltr'>παραθέσεις.</span> <span class='ocrx_word' id='word_1_768' title='bbox 1844 1843 1916 1878; x_wconf 64' lang='lat' dir='ltr'><strong>(Li)</strong></span> 
     </span>
    </p>
   </div>
   <div class='ocr_carea' id='block_1_99' title="bbox 1130 1889 1917 1930">
    <p class='ocr_par' dir='ltr' id='par_1_99' title="bbox 1130 1889 1917 1930">
     <span class='ocr_line' id='line_1_99' title="bbox 1130 1889 1917 1930; baseline -0.008 -9"><span class='ocrx_word' id='word_1_769' title='bbox 1130 1894 1297 1930; x_wconf 79' lang='grc' dir='ltr'>ἐπιτηδείους</span> <span class='ocrx_word' id='word_1_770' title='bbox 1319 1893 1388 1928; x_wconf 86' lang='grc' dir='ltr'>πρὸς</span> <span class='ocrx_word' id='word_1_771' title='bbox 1412 1891 1544 1928; x_wconf 76' lang='grc' dir='ltr'>ἀνάληψιν</span> <span class='ocrx_word' id='word_1_772' title='bbox 1569 1890 1743 1928; x_wconf 83' lang='grc' dir='ltr'>ὑπαρχούσας</span> <span class='ocrx_word' id='word_1_773' title='bbox 1773 1889 1825 1924; x_wconf 78' lang='grc' dir='ltr'>τῆς</span> <span class='ocrx_word' id='word_1_774' title='bbox 1847 1889 1917 1916; x_wconf 78' lang='grc' dir='ltr'><strong>κατὰ</strong></span> 
     </span>
    </p>
   </div>
   <div class='ocr_carea' id='block_1_100' title="bbox 1130 1936 1917 1976">
    <p class='ocr_par' dir='ltr' id='par_1_100' title="bbox 1130 1936 1917 1976">
     <span class='ocr_line' id='line_1_100' title="bbox 1130 1936 1917 1976; baseline -0.004 -9"><span class='ocrx_word' id='word_1_775' title='bbox 1130 1940 1258 1976; x_wconf 83' lang='grc' dir='ltr'>ἀλήθειαν</span> <span class='ocrx_word' id='word_1_776' title='bbox 1283 1939 1419 1975; x_wconf 82' lang='grc' dir='ltr'>ὠφελίμου</span> <span class='ocrx_word' id='word_1_777' title='bbox 1442 1939 1490 1966; x_wconf 75' lang='grc' dir='ltr'><strong>καὶ</strong></span> <span class='ocrx_word' id='word_1_778' title='bbox 1515 1938 1636 1973; x_wconf 79' lang='grc' dir='ltr'>ὑγιεινῆς</span> <span class='ocrx_word' id='word_1_779' title='bbox 1665 1936 1837 1972; x_wconf 82' lang='grc' dir='ltr'>ὀρθοδοξίας;</span> <span class='ocrx_word' id='word_1_780' title='bbox 1866 1936 1917 1964; x_wconf 74' lang='grc' dir='ltr'>Ἢν</span> 
     </span>
    </p>
   </div>
   <div class='ocr_carea' id='block_1_101' title="bbox 1130 1981 1916 2022">
    <p class='ocr_par' dir='ltr' id='par_1_101' title="bbox 1130 1981 1916 2022">
     <span class='ocr_line' id='line_1_101' title="bbox 1130 1981 1916 2022; baseline -0.006 -10"><span class='ocrx_word' id='word_1_781' title='bbox 1130 1985 1269 2022; x_wconf 82' lang='grc' dir='ltr'>περιέπειν</span> <span class='ocrx_word' id='word_1_782' title='bbox 1285 1986 1432 2020; x_wconf 77' lang='grc' dir='ltr'>ἀναγκαῖον</span> <span class='ocrx_word' id='word_1_783' title='bbox 1446 1985 1476 2011; x_wconf 82' lang='grc' dir='ltr'>οὐ</span> <span class='ocrx_word' id='word_1_784' title='bbox 1495 1984 1590 2019; x_wconf 82' lang='grc' dir='ltr'>μόνους</span> <span class='ocrx_word' id='word_1_785' title='bbox 1602 1983 1665 2014; x_wconf 76' lang='grc' dir='ltr'>τοὺς</span> <span class='ocrx_word' id='word_1_786' title='bbox 1678 1982 1727 2018; x_wconf 80' lang='grc' dir='ltr'>τὴν</span> <span class='ocrx_word' id='word_1_787' title='bbox 1744 1982 1801 2015; x_wconf 77' lang='grc' dir='ltr'>ἕξιν</span> <span class='ocrx_word' id='word_1_788' title='bbox 1815 1981 1916 2018; x_wconf 72' lang='grc' dir='ltr'>προδε-</span> 
     </span>
    </p>
   </div>
   <div class='ocr_carea' id='block_1_102' title="bbox 1130 2026 1919 2066">
    <p class='ocr_par' dir='ltr' id='par_1_102' title="bbox 1130 2026 1919 2066">
     <span class='ocr_line' id='line_1_102' title="bbox 1130 2026 1919 2066; baseline -0.009 -8"><span class='ocrx_word' id='word_1_789' title='bbox 1130 2031 1247 2066; x_wconf 70' lang='grc' dir='ltr'>δηκάτας</span> <span class='ocrx_word' id='word_1_790' title='bbox 1263 2030 1382 2066; x_wconf 79' lang='grc' dir='ltr'>βασιλεῖς</span> <span class='ocrx_word' id='word_1_791' title='bbox 1394 2027 1618 2066; x_wconf 63' lang='grc' dir='ltr'>ὀνομαζομένους,</span> <span class='ocrx_word' id='word_1_792' title='bbox 1631 2026 1698 2054; x_wconf 80' lang='grc' dir='ltr'>ἀλλὰ</span> <span class='ocrx_word' id='word_1_793' title='bbox 1711 2026 1759 2052; x_wconf 76' lang='grc' dir='ltr'><strong>καὶ</strong></span> <span class='ocrx_word' id='word_1_794' title='bbox 1772 2027 1838 2058; x_wconf 73' lang='grc' dir='ltr'>τοὺς</span> <span class='ocrx_word' id='word_1_795' title='bbox 1852 2026 1919 2052; x_wconf 82' lang='grc' dir='ltr'>ὑπο-</span> 
     </span>
    </p>
   </div>
   <div class='ocr_carea' id='block_1_103' title="bbox 1130 2071 1915 2113">
    <p class='ocr_par' dir='ltr' id='par_1_103' title="bbox 1130 2071 1915 2113">
     <span class='ocr_line' id='line_1_103' title="bbox 1130 2071 1915 2113; baseline -0.01 -9"><span class='ocrx_word' id='word_1_796' title='bbox 1130 2077 1279 2113; x_wconf 73' lang='grc' dir='ltr'>ϐεϐηκότας</span> <span class='ocrx_word' id='word_1_797' title='bbox 1290 2076 1337 2103; x_wconf 72' lang='grc' dir='ltr'><strong>καὶ</strong></span> <span class='ocrx_word' id='word_1_798' title='bbox 1351 2075 1458 2112; x_wconf 81' lang='grc' dir='ltr'>πρῶτον</span> <span class='ocrx_word' id='word_1_799' title='bbox 1467 2075 1528 2110; x_wconf 79' lang='grc' dir='ltr'>ἄρτι</span> <span class='ocrx_word' id='word_1_800' title='bbox 1536 2073 1574 2109; x_wconf 85' lang='grc' dir='ltr'>τῷ</span> <span class='ocrx_word' id='word_1_801' title='bbox 1585 2073 1648 2108; x_wconf 83' lang='grc' dir='ltr'>θείῳ</span> <span class='ocrx_word' id='word_1_802' title='bbox 1657 2071 1820 2108; x_wconf 79' lang='grc' dir='ltr'>προσιόντας</span> <span class='ocrx_word' id='word_1_803' title='bbox 1832 2071 1915 2106; x_wconf 78' lang='grc' dir='ltr'>λόγῳ·</span> 
     </span>
    </p>
   </div>
   <div class='ocr_carea' id='block_1_104' title="bbox 1128 2117 1917 2158">
    <p class='ocr_par' dir='ltr' id='par_1_104' title="bbox 1128 2117 1917 2158">
     <span class='ocr_line' id='line_1_104' title="bbox 1128 2117 1917 2158; baseline -0.011 -7"><span class='ocrx_word' id='word_1_804' title='bbox 1128 2122 1168 2156; x_wconf 71' lang='grc' dir='ltr'>οἷς</span> <span class='ocrx_word' id='word_1_805' title='bbox 1189 2123 1235 2151; x_wconf 71' lang='grc' dir='ltr'><strong>καὶ</strong></span> <span class='ocrx_word' id='word_1_806' title='bbox 1251 2122 1430 2158; x_wconf 71' lang='grc' dir='ltr'>διαφερόντως</span> <span class='ocrx_word' id='word_1_807' title='bbox 1446 2120 1601 2156; x_wconf 76' lang='grc' dir='ltr'>ἐπιτηδείαν</span> <span class='ocrx_word' id='word_1_808' title='bbox 1615 2118 1722 2145; x_wconf 76' lang='grc' dir='ltr'>ἔσεσθαι</span> <span class='ocrx_word' id='word_1_809' title='bbox 1746 2117 1851 2153; x_wconf 78' lang='grc' dir='ltr'>νομίζω</span> <span class='ocrx_word' id='word_1_810' title='bbox 1868 2117 1917 2153; x_wconf 72' lang='grc' dir='ltr'>τὴν</span> 
     </span>
    </p>
   </div>
   <div class='ocr_carea' id='block_1_105' title="bbox 1129 2165 1917 2203">
    <p class='ocr_par' dir='ltr' id='par_1_105' title="bbox 1129 2165 1917 2203">
     <span class='ocr_line' id='line_1_105' title="bbox 1129 2165 1917 2203; baseline -0.008 -7"><span class='ocrx_word' id='word_1_811' title='bbox 1129 2170 1266 2200; x_wconf 80' lang='grc' dir='ltr'>ὑπόθεσιν,</span> <span class='ocrx_word' id='word_1_812' title='bbox 1288 2168 1325 2200; x_wconf 81' lang='grc' dir='ltr'><strong>ὡς</strong></span> <span class='ocrx_word' id='word_1_813' title='bbox 1349 2168 1382 2195; x_wconf 84' lang='grc' dir='ltr'>ἂν</span> <span class='ocrx_word' id='word_1_814' title='bbox 1406 2167 1534 2203; x_wconf 78' lang='grc' dir='ltr'>ἀκριὸοὖν</span> <span class='ocrx_word' id='word_1_815' title='bbox 1555 2166 1584 2200; x_wconf 79' lang='grc' dir='ltr'><strong>ἐξ</strong></span> <span class='ocrx_word' id='word_1_816' title='bbox 1606 2166 1689 2201; x_wconf 74' lang='grc' dir='ltr'>αὐτῆς</span> <span class='ocrx_word' id='word_1_817' title='bbox 1715 2165 1842 2192; x_wconf 88' lang='grc' dir='ltr'>δύναιντο</span> <span class='ocrx_word' id='word_1_818' title='bbox 1866 2165 1917 2201; x_wconf 73' lang='grc' dir='ltr'>τὴν</span> 
     </span>
    </p>
   </div>
   <div class='ocr_carea' id='block_1_106' title="bbox 1129 2210 1916 2252">
    <p class='ocr_par' dir='ltr' id='par_1_106' title="bbox 1129 2210 1916 2252">
     <span class='ocr_line' id='line_1_106' title="bbox 1129 2210 1916 2252; baseline -0.009 -9"><span class='ocrx_word' id='word_1_819' title='bbox 1129 2216 1192 2252; x_wconf 82' lang='grc' dir='ltr'>περὶ</span> <span class='ocrx_word' id='word_1_820' title='bbox 1211 2212 1247 2242; x_wconf 81' lang='grc' dir='ltr'>ὧν</span> <span class='ocrx_word' id='word_1_821' title='bbox 1267 2213 1461 2250; x_wconf 79' lang='grc' dir='ltr'>κατηχήθησαν</span> <span class='ocrx_word' id='word_1_822' title='bbox 1478 2212 1564 2246; x_wconf 85' lang='grc' dir='ltr'>λόγων</span> <span class='ocrx_word' id='word_1_823' title='bbox 1580 2211 1745 2246; x_wconf 82' lang='grc' dir='ltr'>ἀσφάλειαν·</span> <span class='ocrx_word' id='word_1_824' title='bbox 1764 2210 1826 2237; x_wconf 79' lang='grc' dir='ltr'>τότε</span> <span class='ocrx_word' id='word_1_825' title='bbox 1845 2210 1916 2246; x_wconf 78' lang='grc' dir='ltr'>μᾶλ-</span> 
     </span>
    </p>
   </div>
   <div class='ocr_carea' id='block_1_107' title="bbox 1128 2254 1915 2295">
    <p class='ocr_par' dir='ltr' id='par_1_107' title="bbox 1128 2254 1915 2295">
     <span class='ocr_line' id='line_1_107' title="bbox 1128 2254 1915 2295; baseline -0.009 -8"><span class='ocrx_word' id='word_1_826' title='bbox 1128 2260 1172 2287; x_wconf 91' lang='grc' dir='ltr'><strong>λον</strong></span> <span class='ocrx_word' id='word_1_827' title='bbox 1185 2260 1234 2295; x_wconf 86' lang='grc' dir='ltr'>τῆς</span> <span class='ocrx_word' id='word_1_828' title='bbox 1248 2258 1337 2294; x_wconf 80' lang='grc' dir='ltr'>ἁπλῆς</span> <span class='ocrx_word' id='word_1_829' title='bbox 1350 2257 1397 2284; x_wconf 69' lang='grc' dir='ltr'><strong>καὶ</strong></span> <span class='ocrx_word' id='word_1_830' title='bbox 1411 2256 1540 2292; x_wconf 77' lang='grc' dir='ltr'>ἀκεραίου</span> <span class='ocrx_word' id='word_1_831' title='bbox 1553 2257 1670 2287; x_wconf 83' lang='grc' dir='ltr'>πίστεως</span> <span class='ocrx_word' id='word_1_832' title='bbox 1685 2256 1789 2290; x_wconf 81' lang='grc' dir='ltr'>πεῖσμα</span> <span class='ocrx_word' id='word_1_833' title='bbox 1803 2254 1915 2289; x_wconf 73' lang='grc' dir='ltr'>βέϐαιον</span> 
     </span>
    </p>
   </div>
   <div class='ocr_carea' id='block_1_108' title="bbox 1128 2300 1915 2341">
    <p class='ocr_par' dir='ltr' id='par_1_108' title="bbox 1128 2300 1915 2341">
     <span class='ocr_line' id='line_1_108' title="bbox 1128 2300 1915 2341; baseline -0.008 -9"><span class='ocrx_word' id='word_1_834' title='bbox 1128 2305 1265 2341; x_wconf 81' lang='grc' dir='ltr'>ίσχούσης,</span> <span class='ocrx_word' id='word_1_835' title='bbox 1285 2303 1394 2330; x_wconf 77' lang='grc' dir='ltr'>ἐπειδὰν</span> <span class='ocrx_word' id='word_1_836' title='bbox 1413 2303 1452 2338; x_wconf 86' lang='grc' dir='ltr'>τῷ</span> <span class='ocrx_word' id='word_1_837' title='bbox 1472 2301 1593 2338; x_wconf 87' lang='grc' dir='ltr'>λογισμῷ</span> <span class='ocrx_word' id='word_1_838' title='bbox 1619 2302 1680 2333; x_wconf 84' lang='grc' dir='ltr'>τοὺς</span> <span class='ocrx_word' id='word_1_839' title='bbox 1698 2301 1731 2328; x_wconf 88' lang='grc' dir='ltr'><strong>δι’</strong></span> <span class='ocrx_word' id='word_1_840' title='bbox 1749 2300 1915 2333; x_wconf 76' lang='grc' dir='ltr'>ἀποδείξεως</span> 
     </span>
    </p>
   </div>
   <div class='ocr_carea' id='block_1_109' title="bbox 1127 2347 1915 2388">
    <p class='ocr_par' dir='ltr' id='par_1_109' title="bbox 1127 2347 1915 2388">
     <span class='ocr_line' id='line_1_109' title="bbox 1127 2347 1915 2388; baseline -0.008 -10"><span class='ocrx_word' id='word_1_841' title='bbox 1127 2348 1373 2388; x_wconf 77' lang='grc' dir='ltr'>προεγκαταὸαλών</span> <span class='ocrx_word' id='word_1_842' title='bbox 1385 2357 1426 2381; x_wconf 86' lang='grc' dir='ltr'><strong>τις</strong></span> <span class='ocrx_word' id='word_1_843' title='bbox 1436 2348 1574 2384; x_wconf 79' lang='grc' dir='ltr'>θεμελίους</span> <span class='ocrx_word' id='word_1_844' title='bbox 1586 2347 1635 2383; x_wconf 85' lang='grc' dir='ltr'>τὴν</span> <span class='ocrx_word' id='word_1_845' title='bbox 1647 2347 1747 2382; x_wconf 77' lang='grc' dir='ltr'><strong>ἀκριϐῆ</strong></span> <span class='ocrx_word' id='word_1_846' title='bbox 1763 2347 1820 2373; x_wconf 82' lang='grc' dir='ltr'>τῶν</span> <span class='ocrx_word' id='word_1_847' title='bbox 1834 2355 1915 2373; x_wconf 77' lang='grc' dir='ltr'>πεπι-</span> 
     </span>
    </p>
   </div>
   <div class='ocr_carea' id='block_1_110' title="bbox 1127 2392 1913 2431">
    <p class='ocr_par' dir='ltr' id='par_1_110' title="bbox 1127 2392 1913 2431">
     <span class='ocr_line' id='line_1_110' title="bbox 1127 2392 1913 2431; baseline -0.006 -8"><span class='ocrx_word' id='word_1_848' title='bbox 1127 2396 1280 2431; x_wconf 82' lang='grc' dir='ltr'>στευμένων</span> <span class='ocrx_word' id='word_1_849' title='bbox 1305 2394 1455 2430; x_wconf 83' lang='grc' dir='ltr'>κατάληψίν</span> <span class='ocrx_word' id='word_1_850' title='bbox 1476 2402 1506 2420; x_wconf 85' lang='grc' dir='ltr'><strong>τε</strong></span> <span class='ocrx_word' id='word_1_851' title='bbox 1532 2393 1578 2420; x_wconf 74' lang='grc' dir='ltr'><strong>καὶ</strong></span> <span class='ocrx_word' id='word_1_852' title='bbox 1603 2392 1703 2427; x_wconf 84' lang='grc' dir='ltr'>γνῶσιν</span> <span class='ocrx_word' id='word_1_853' title='bbox 1720 2392 1789 2428; x_wconf 79' lang='grc' dir='ltr'>πρὸς</span> <span class='ocrx_word' id='word_1_854' title='bbox 1812 2393 1913 2427; x_wconf 79' lang='grc' dir='ltr'>ὲπικτη</span> 
     </span>
    </p>
   </div>
   <div class='ocr_carea' id='block_1_111' title="bbox 1127 2438 1913 2475">
    <p class='ocr_par' dir='ltr' id='par_1_111' title="bbox 1127 2438 1913 2475">
     <span class='ocr_line' id='line_1_111' title="bbox 1127 2438 1913 2475; baseline -0.006 -6"><span class='ocrx_word' id='word_1_855' title='bbox 1127 2462 1134 2470; x_wconf 91' lang='grc'><strong>.</strong></span> <span class='ocrx_word' id='word_1_856' title='bbox 1173 2461 1180 2468; x_wconf 96' lang='grc'><em>.</em></span> <span class='ocrx_word' id='word_1_857' title='bbox 1221 2462 1228 2469; x_wconf 92' lang='grc'><em>,</em></span> <span class='ocrx_word' id='word_1_858' title='bbox 1267 2461 1274 2467; x_wconf 96' lang='grc'><em>.</em></span> <span class='ocrx_word' id='word_1_859' title='bbox 1310 2461 1316 2467; x_wconf 93' lang='grc'><strong>.</strong></span> <span class='ocrx_word' id='word_1_860' title='bbox 1336 2439 1427 2475; x_wconf 82' lang='grc' dir='ltr'>νγοῦν</span> <span class='ocrx_word' id='word_1_861' title='bbox 1442 2439 1534 2466; x_wconf 69' lang='grc' dir='ltr'>ἕνεκεν</span> <span class='ocrx_word' id='word_1_862' title='bbox 1548 2439 1619 2474; x_wconf 78' lang='grc' dir='ltr'>φημὶ</span> <span class='ocrx_word' id='word_1_863' title='bbox 1633 2439 1661 2465; x_wconf 76' lang='grc' dir='ltr'>δὲ</span> <span class='ocrx_word' id='word_1_864' title='bbox 1675 2438 1729 2466; x_wconf 86' lang='grc' dir='ltr'><strong>τῶν</strong></span> <span class='ocrx_word' id='word_1_865' title='bbox 1744 2439 1775 2465; x_wconf 76' lang='grc' dir='ltr'>ἔτ</span> <span class='ocrx_word' id='word_1_866' title='bbox 1795 2458 1804 2465; x_wconf 92' lang='grc'><strong>.</strong></span> <span class='ocrx_word' id='word_1_867' title='bbox 1827 2457 1834 2465; x_wconf 96' lang='grc'><em>.</em></span> <span class='ocrx_word' id='word_1_868' title='bbox 1854 2447 1913 2464; x_wconf 78' lang='grc' dir='ltr'>τοι-</span> 
     </span>
    </p>
   </div>
   <div class='ocr_carea' id='block_1_112' title="bbox 1126 2482 1913 2524">
    <p class='ocr_par' dir='ltr' id='par_1_112' title="bbox 1126 2482 1913 2524">
     <span class='ocr_line' id='line_1_112' title="bbox 1126 2482 1913 2524; baseline -0.006 -9"><span class='ocrx_word' id='word_1_869' title='bbox 1126 2488 1223 2524; x_wconf 85' lang='grc' dir='ltr'>χειώσε</span> <span class='ocrx_word' id='word_1_870' title='bbox 1261 2509 1267 2515; x_wconf 92' lang='grc'>.</span> <span class='ocrx_word' id='word_1_871' title='bbox 1309 2508 1315 2514; x_wconf 97' lang='grc'>.</span> <span class='ocrx_word' id='word_1_872' title='bbox 1356 2507 1363 2513; x_wconf 92' lang='grc'><strong>.</strong></span> <span class='ocrx_word' id='word_1_873' title='bbox 1403 2506 1410 2514; x_wconf 93' lang='grc'><em>.</em></span> <span class='ocrx_word' id='word_1_874' title='bbox 1450 2506 1457 2512; x_wconf 91' lang='grc'>.</span> <span class='ocrx_word' id='word_1_875' title='bbox 1497 2505 1504 2513; x_wconf 92' lang='grc'><strong>.</strong></span> <span class='ocrx_word' id='word_1_876' title='bbox 1542 2486 1687 2519; x_wconf 81' lang='grc' dir='ltr'>ἀναγκαῖον</span> <span class='ocrx_word' id='word_1_877' title='bbox 1700 2482 1770 2511; x_wconf 83' lang='grc' dir='ltr'>εἶναι</span> <span class='ocrx_word' id='word_1_878' title='bbox 1785 2485 1913 2521; x_wconf 74' lang='grc' dir='ltr'>παρέστη</span> 
     </span>
    </p>
   </div>
   <div class='ocr_carea' id='block_1_113' title="bbox 1127 2530 1913 2570">
    <p class='ocr_par' dir='ltr' id='par_1_113' title="bbox 1127 2530 1913 2570">
     <span class='ocr_line' id='line_1_113' title="bbox 1127 2530 1913 2570; baseline -0.006 -9"><span class='ocrx_word' id='word_1_879' title='bbox 1127 2533 1196 2570; x_wconf 80' lang='grc' dir='ltr'>μετὰ</span> <span class='ocrx_word' id='word_1_880' title='bbox 1216 2533 1266 2570; x_wconf 81' lang='grc' dir='ltr'>τὴν</span> <span class='ocrx_word' id='word_1_881' title='bbox 1285 2533 1403 2568; x_wconf 75' lang='grc' dir='ltr'>ἑκάστης</span> <span class='ocrx_word' id='word_1_882' title='bbox 1429 2541 1482 2568; x_wconf 84' lang='grc' dir='ltr'><strong>προ</strong></span> <span class='ocrx_word' id='word_1_883' title='bbox 1517 2551 1526 2559; x_wconf 89' lang='grc'><strong>.</strong></span> <span class='ocrx_word' id='word_1_884' title='bbox 1565 2551 1573 2558; x_wconf 94' lang='grc'><strong>.</strong></span> <span class='ocrx_word' id='word_1_885' title='bbox 1611 2550 1618 2557; x_wconf 96' lang='grc'>.</span> <span class='ocrx_word' id='word_1_886' title='bbox 1660 2552 1666 2558; x_wconf 92' lang='grc'><strong>.</strong></span> <span class='ocrx_word' id='word_1_887' title='bbox 1706 2539 1740 2562; x_wconf 90' lang='grc' dir='ltr'>ιν,</span> <span class='ocrx_word' id='word_1_888' title='bbox 1756 2530 1794 2561; x_wconf 85' lang='grc' dir='ltr'>ὡς</span> <span class='ocrx_word' id='word_1_889' title='bbox 1810 2530 1840 2556; x_wconf 84' lang='grc' dir='ltr'>ὲν</span> <span class='ocrx_word' id='word_1_890' title='bbox 1854 2530 1913 2556; x_wconf 79' lang='grc' dir='ltr'>εἰσ-</span> 
     </span>
    </p>
   </div>
   <div class='ocr_carea' id='block_1_114' title="bbox 1125 2576 1913 2617">
    <p class='ocr_par' dir='ltr' id='par_1_114' title="bbox 1125 2576 1913 2617">
     <span class='ocr_line' id='line_1_114' title="bbox 1125 2576 1913 2617; baseline -0.008 -8"><span class='ocrx_word' id='word_1_891' title='bbox 1125 2581 1236 2617; x_wconf 86' lang='grc' dir='ltr'>αγωγῆς</span> <span class='ocrx_word' id='word_1_892' title='bbox 1251 2581 1344 2617; x_wconf 77' lang='grc' dir='ltr'>τρόπῳ</span> <span class='ocrx_word' id='word_1_893' title='bbox 1357 2580 1482 2615; x_wconf 83' lang='grc' dir='ltr'>διήγησιν</span> <span class='ocrx_word' id='word_1_894' title='bbox 1497 2579 1583 2615; x_wconf 85' lang='grc' dir='ltr'>βραχυ</span> <span class='ocrx_word' id='word_1_895' title='bbox 1604 2598 1612 2606; x_wconf 94' lang='grc'><strong>.</strong></span> <span class='ocrx_word' id='word_1_896' title='bbox 1651 2598 1658 2604; x_wconf 90' lang='grc'><strong>.</strong></span> <span class='ocrx_word' id='word_1_897' title='bbox 1697 2597 1704 2604; x_wconf 93' lang='grc'>.</span> <span class='ocrx_word' id='word_1_898' title='bbox 1744 2597 1752 2605; x_wconf 92' lang='grc'><strong>.</strong></span> <span class='ocrx_word' id='word_1_899' title='bbox 1792 2577 1834 2604; x_wconf 81' lang='grc' dir='ltr'>ενὶ</span> <span class='ocrx_word' id='word_1_900' title='bbox 1859 2576 1913 2613; x_wconf 63' lang='grc' dir='ltr'><strong>μά-</strong></span> 
     </span>
    </p>
   </div>
   <div class='ocr_carea' id='block_1_115' title="bbox 1124 2624 1910 2662">
    <p class='ocr_par' dir='ltr' id='par_1_115' title="bbox 1124 2624 1910 2662">
     <span class='ocr_line' id='line_1_115' title="bbox 1124 2624 1910 2662; baseline -0.006 -8"><span class='ocrx_word' id='word_1_901' title='bbox 1124 2627 1202 2654; x_wconf 80' lang='grc' dir='ltr'>λιστα</span> <span class='ocrx_word' id='word_1_902' title='bbox 1218 2626 1426 2662; x_wconf 84' lang='grc' dir='ltr'>συντομωτάτην</span> <span class='ocrx_word' id='word_1_903' title='bbox 1440 2624 1608 2661; x_wconf 85' lang='grc' dir='ltr'>παραθέσθαι</span> <span class='ocrx_word' id='word_1_904' title='bbox 1624 2624 1688 2659; x_wconf 74' lang='grc' dir='ltr'>περὶ</span> <span class='ocrx_word' id='word_1_905' title='bbox 1708 2644 1715 2650; x_wconf 92' lang='grc'>.</span> <span class='ocrx_word' id='word_1_906' title='bbox 1754 2643 1762 2650; x_wconf 89' lang='grc'><strong>.</strong></span> <span class='ocrx_word' id='word_1_907' title='bbox 1803 2643 1812 2650; x_wconf 89' lang='grc'><strong>.</strong></span> <span class='ocrx_word' id='word_1_908' title='bbox 1853 2643 1862 2651; x_wconf 91' lang='grc'><strong>.</strong></span> <span class='ocrx_word' id='word_1_909' title='bbox 1903 2642 1910 2649; x_wconf 95' lang='grc'>.</span> 
     </span>
    </p>
   </div>
   <div class='ocr_carea' id='block_1_116' title="bbox 1125 2669 1910 2709">
    <p class='ocr_par' dir='ltr' id='par_1_116' title="bbox 1125 2669 1910 2709">
     <span class='ocr_line' id='line_1_116' title="bbox 1125 2669 1910 2709; baseline -0.006 -9"><span class='ocrx_word' id='word_1_910' title='bbox 1125 2674 1174 2709; x_wconf 78' lang='grc' dir='ltr'>μὲν</span> <span class='ocrx_word' id='word_1_911' title='bbox 1187 2673 1296 2708; x_wconf 77' lang='grc' dir='ltr'>ἔλεγχον</span> <span class='ocrx_word' id='word_1_912' title='bbox 1307 2672 1361 2699; x_wconf 87' lang='grc' dir='ltr'>τῶν</span> <span class='ocrx_word' id='word_1_913' title='bbox 1378 2671 1515 2698; x_wconf 87' lang='grc' dir='ltr'>πιστεύειν</span> <span class='ocrx_word' id='word_1_914' title='bbox 1532 2671 1580 2706; x_wconf 86' lang='grc' dir='ltr'>μὲν</span> <span class='ocrx_word' id='word_1_915' title='bbox 1596 2670 1633 2701; x_wconf 88' lang='grc' dir='ltr'>ὡς</span> <span class='ocrx_word' id='word_1_916' title='bbox 1649 2669 1736 2702; x_wconf 84' lang='grc' dir='ltr'>θείαις</span> <span class='ocrx_word' id='word_1_917' title='bbox 1756 2689 1764 2697; x_wconf 93' lang='grc'><strong>.</strong></span> <span class='ocrx_word' id='word_1_918' title='bbox 1804 2690 1812 2696; x_wconf 94' lang='grc'>.</span> <span class='ocrx_word' id='word_1_919' title='bbox 1852 2688 1862 2696; x_wconf 85' lang='grc'><strong>.</strong></span> <span class='ocrx_word' id='word_1_920' title='bbox 1903 2688 1910 2695; x_wconf 97' lang='grc'><em>.</em></span> 
     </span>
    </p>
   </div>
   <div class='ocr_carea' id='block_1_117' title="bbox 1125 2716 1911 2755">
    <p class='ocr_par' dir='ltr' id='par_1_117' title="bbox 1125 2716 1911 2755">
     <span class='ocr_line' id='line_1_117' title="bbox 1125 2716 1911 2755; baseline -0.008 -8"><span class='ocrx_word' id='word_1_921' title='bbox 1125 2722 1183 2754; x_wconf 86' lang='grc' dir='ltr'>ραῖς</span> <span class='ocrx_word' id='word_1_922' title='bbox 1193 2719 1347 2755; x_wconf 80' lang='grc' dir='ltr'>αὐχούντων</span> <span class='ocrx_word' id='word_1_923' title='bbox 1357 2719 1493 2755; x_wconf 70' lang='grc' dir='ltr'>Γραφαῖςο</span> <span class='ocrx_word' id='word_1_924' title='bbox 1507 2718 1543 2754; x_wconf 82' lang='grc' dir='ltr'>μὴ</span> <span class='ocrx_word' id='word_1_925' title='bbox 1556 2716 1607 2753; x_wconf 83' lang='grc' dir='ltr'>μὴν</span> <span class='ocrx_word' id='word_1_926' title='bbox 1618 2724 1766 2752; x_wconf 84' lang='grc' dir='ltr'>προσιεμεν</span> <span class='ocrx_word' id='word_1_927' title='bbox 1779 2736 1786 2742; x_wconf 92' lang='grc'><strong>.</strong></span> <span class='ocrx_word' id='word_1_928' title='bbox 1801 2735 1808 2742; x_wconf 93' lang='grc'><strong>.</strong></span> <span class='ocrx_word' id='word_1_929' title='bbox 1819 2722 1872 2742; x_wconf 84' lang='grc' dir='ltr'><strong>υτα</strong></span> <span class='ocrx_word' id='word_1_930' title='bbox 1883 2734 1892 2741; x_wconf 91' lang='grc'><strong><em>.</em></strong></span> <span class='ocrx_word' id='word_1_931' title='bbox 1902 2733 1911 2741; x_wconf 93' lang='grc'><strong>.</strong></span> 
     </span>
    </p>
   </div>
   <div class='ocr_carea' id='block_1_118' title="bbox 1267 2761 1911 2800">
    <p class='ocr_par' dir='ltr' id='par_1_118' title="bbox 1267 2761 1911 2800">
     <span class='ocr_line' id='line_1_118' title="bbox 1267 2761 1911 2800; baseline -0.009 -7"><span class='ocrx_word' id='word_1_932' title='bbox 1267 2787 1274 2794; x_wconf 89' lang='grc'><strong>.</strong></span> <span class='ocrx_word' id='word_1_933' title='bbox 1312 2765 1351 2792; x_wconf 87' lang='grc' dir='ltr'>ὧν</span> <span class='ocrx_word' id='word_1_934' title='bbox 1373 2763 1474 2800; x_wconf 81' lang='grc' dir='ltr'>Ἰησοῦν</span> <span class='ocrx_word' id='word_1_935' title='bbox 1489 2764 1527 2796; x_wconf 86' lang='grc' dir='ltr'>ὡς</span> <span class='ocrx_word' id='word_1_936' title='bbox 1548 2764 1581 2791; x_wconf 85' lang='grc' dir='ltr'>ἂν</span> <span class='ocrx_word' id='word_1_937' title='bbox 1602 2763 1682 2790; x_wconf 79' lang='grc' dir='ltr'>αὑτὸν</span> <span class='ocrx_word' id='word_1_938' title='bbox 1694 2762 1759 2788; x_wconf 73' lang='grc' dir='ltr'>ὄντα</span> <span class='ocrx_word' id='word_1_939' title='bbox 1781 2761 1911 2797; x_wconf 80' lang='grc' dir='ltr'>τὸνπρο-</span> 
     </span>
    </p>
   </div>
   <div class='ocr_carea' id='block_1_119' title="bbox 1122 2805 1912 2850">
    <p class='ocr_par' dir='ltr' id='par_1_119' title="bbox 1122 2805 1912 2850">
     <span class='ocr_line' id='line_1_119' title="bbox 1122 2805 1912 2850; baseline -0.013 -9"><span class='ocrx_word' id='word_1_940' title='bbox 1122 2813 1319 2850; x_wconf 80' lang='grc' dir='ltr'>φητευόμενον·</span> <span class='ocrx_word' id='word_1_941' title='bbox 1337 2811 1508 2848; x_wconf 86' lang='grc' dir='ltr'>ὲπαπόρησιν</span> <span class='ocrx_word' id='word_1_942' title='bbox 1525 2819 1545 2836; x_wconf 86' lang='grc' dir='ltr'><strong>π</strong></span> <span class='ocrx_word' id='word_1_943' title='bbox 1558 2830 1564 2837; x_wconf 92' lang='grc'>.</span> <span class='ocrx_word' id='word_1_944' title='bbox 1587 2830 1594 2837; x_wconf 92' lang='grc'><strong>.</strong></span> <span class='ocrx_word' id='word_1_945' title='bbox 1615 2830 1622 2836; x_wconf 92' lang='grc'><strong>.</strong></span> <span class='ocrx_word' id='word_1_946' title='bbox 1644 2829 1651 2836; x_wconf 93' lang='grc'><em>.</em></span> <span class='ocrx_word' id='word_1_947' title='bbox 1672 2807 1782 2840; x_wconf 72' lang='grc' dir='ltr'>αὐτοὺς,</span> <span class='ocrx_word' id='word_1_948' title='bbox 1796 2806 1871 2841; x_wconf 78' lang='grc' dir='ltr'>λέγω</span> <span class='ocrx_word' id='word_1_949' title='bbox 1882 2805 1912 2832; x_wconf 62' lang='grc' dir='ltr'>δὲ</span> 
     </span>
    </p>
   </div>
  </div>
