2037 3215
146 205 218 232 1025

679 204 827 232 ECLOGA:
847 200 1086 233 PROPIIETICE.
1105 220 1140 226 —
1159 202 1222 232 LIB.
1241 200 1262 233 Ι.

1699 208 1766 236 1028

142 262 209 293 τοὺς
222 261 254 287 ὲκ
267 261 425 297 περιτομῆς,
441 260 486 287 καὶ
497 260 560 292 τοὺς
571 260 625 287 ἀπὸ
637 260 691 288 τῶν
700 262 804 298 αίρέσε.
821 281 829 289 ,
849 282 856 289 .
879 262 929 298 μοῦ

982 267 1075 290 nostra
1090 262 1254 298 explanatio,
1274 263 1332 290 sive
1355 271 1416 291 cum
1433 265 1548 299 probare
1562 265 1705 294 conabitur
1716 274 1765 304 per

142 304 180 335 δὲ’
197 308 244 334 καὶ
266 307 420 343 ἀνατροπὰς
444 303 482 333 ὦν
502 306 534 333 ἂν
548 306 649 334 εἴποιεν
664 307 847 344 μυθικώτερον
868 309 929 334 ἑπι-

143 353 219 380 λύειν
234 353 397 388 πειρώμενοι
413 352 461 384 τὰς
473 353 546 384 θείας
559 353 659 387 φωνάς.
674 354 769 381 Ἔσται
781 354 809 380 δὲ
828 353 875 381 καὶ
887 355 930 382 διὰ

144 399 269 435 βραχέων
285 398 382 434 μετρία
396 407 439 429 τις
452 398 530 433 ἡμῶν
544 398 680 434 ἐξήγησις,
698 399 741 425 ὁτὲ
757 400 805 434 μὲν
821 399 929 426 ἀπόδει-

143 445 187 478 ξιν
203 443 363 480 περιέξουσα
375 442 422 469 τοῦ
433 442 504 470 κατὰ
521 442 599 478 μόνον
610 443 656 469 τὸν
668 443 801 478 ἡμέτερον
816 443 929 480 Σωτῆρα

983 309 1072 336 solum
1093 308 1260 337 Salvatorem
1287 313 1411 338 nostrum
1426 311 1551 346 impletas
1567 312 1654 340 fuisse
1674 321 1768 342 sacras

983 355 1030 383 Dei
1045 355 1245 390 prmdietiones,
1265 356 1322 384 sive
1338 364 1400 384 cum
1416 361 1538 385 nostram
1554 358 1630 387 deiis
1642 367 1702 395 quae
1717 368 1767 388 ex-

983 409 1115 438 ponemus
1129 403 1291 430 sententiam
1306 403 1512 439 explicabimus.

143 491 341 527 πεπληρῶσθαι
357 489 406 522 τὰς
420 490 494 526 ἱερὰς
510 489 556 517 τοῦ
570 490 637 517 Θεοῦ
652 491 828 527 προρρήσεις,
843 491 886 518 ὁτὲ
901 491 928 518 δὲ
947 493 996 529 τὴν
1009 494 1144 530 ἡμετέραν
1156 495 1268 530 γνώμην
1280 494 1313 530 ῆν
1333 494 1430 530 ἔχομεν
1448 497 1511 532 περὶ
1542 496 1596 524 τῶν
1613 496 1767 531 ¹ὲκτεθηιιιο-

143 539 235 576 μένων
253 537 432 574 σημαίνουσα.

187 584 266 611 Ἀλλὰ
281 584 334 620 γὰρ
357 583 458 611 τούτων
481 583 648 619 ἐφάπτεσθαι
675 583 831 620 μέλλοντας,
848 586 930 620 ἀναγ-

142 632 231 663 καίως
245 630 495 667 προδιαστείλασθαι
509 631 546 662 ὼς
557 631 595 666 πῆ
613 631 661 666 μὲν
676 631 792 666 προόντα
807 631 838 657 οὑ
851 631 929 667 μόνον

142 677 195 712 τῆς
216 676 445 712 ἑνανθρωπήσεως
463 675 531 703 ἀλλὰ
557 677 602 703 καὶ
619 677 709 713 πάσης
729 677 840 712 γενετῆς
865 677 930 703 ὑπο-

144 723 267 755 στάσεως
283 722 330 749 τοῦ
343 722 410 749 Θεοῦ
426 723 511 757 Λόγον
531 722 701 750 διδάσκουσιν
716 725 741 750 ot
760 723 826 759 ἱεροὶ
843 723 926 757 λόγοι,
947 726 949 728 ’

141 769 213 796 Θεὸν
226 790 234 797 .
256 789 263 796 .
285 789 292 795 .
309 769 389 796 αὑτὸν
404 768 472 804 μετὰ
487 769 531 795 τὸν
547 769 656 805 Πατέρα
670 769 717 796 καὶ
733 769 834 805 Κύριον
846 777 929 805 προσ-

141 815 332 852 αγορεύοντες,
344 813 388 842 οἷα
402 815 432 851 δὴ
449 815 496 842 καὶ
508 815 538 842 τὸ
555 816 684 852 κήρυγμα
699 815 729 842 τὸ
741 815 929 850 ἐκκλησιαστι-

142 861 194 887 κὸν
218 861 338 897 περιέχει
364 861 574 896 ἀκολούθως’τῇ
598 861 762 897 εὐαγγελικῇ
792 861 928 898 μαρτυρίᾳ
947 881 952 886 .

141 907 292 944 (είπ)ούσῃ,
313 917 322 933 ι
343 907 387 934 Ἑν
413 908 482 943 ἀρχῇ
501 905 536 942 ἦν
550 908 564 933 ό
578 908 680 942 Λόγος·
701 908 748 934 καὶ
762 909 776 934 ὁ
797 908 882 942 Λόγος
894 905 928 943 ἦν

141 953 214 990 ’πρὸς
224 954 269 981 τὸν
278 954 354 987 Θεὸν,
371 954 418 980 καὶ
428 953 494 986 Θεὸς
506 952 540 990 ἦν
550 955 564 981 ὁ
578 954 662 989 Λόγος
671 963 678 969 ·
695 954 782 981 πάντα
797 954 830 981 δι’
845 953 927 981 αὐτοῦ

1017 584 1119 612 Verum
1134 588 1278 619 antequam
1290 583 1420 619 quidquid
1432 585 1465 612 de
1475 585 1518 613 his
1532 586 1708 621 attingamus,
1717 595 1766 623 pro

980 634 1055 658 certo
1062 630 1162 658 habere
1169 637 1281 657 necesse
1287 634 1337 662 est,
1344 630 1416 665 quod
1424 631 1520 665 partim
1530 631 1706 665 praaexistens
1712 640 1766 660 non

981 677 1069 704 solum
1087 676 1280 708 incarnationi,
1296 678 1344 703 sed
1361 680 1389 704 et
1405 677 1495 703 omnis
1513 677 1673 705 substantias
1694 685 1767 706 crea-

981 723 1238 752 tioniDeiVerbum
1248 724 1336 752 sancti
1347 723 1617 755 libridoeent,Deum
1639 746 1646 753 .
1669 745 1676 752 .
1698 746 1706 753 .
1728 747 1735 754 .
1758 746 1765 752 .

980 779 1042 798 ettm
1059 774 1120 806 post
1141 770 1249 798 Patrem
1264 775 1292 798 et
1313 770 1457 797 Dominum
1476 770 1663 806 designantes,
1688 777 1718 799 ut
1739 776 1767 800 et

980 817 1168 844 ecclesiastica
1190 817 1242 844 fert
1258 816 1416 852 praedicatio
1430 823 1551 852 congrue
1572 824 1633 844 cum
1650 825 1766 853 evange-

981 863 1035 890 lico
1057 863 1215 890 testimonio
1236 862 1365 890 dicente:
1382 871 1391 887 ι
1407 861 1437 889 1η
1461 863 1595 898 principio
1617 868 1678 890 erat
1698 859 1765 891 Ver-

981 909 1056 942 bum,
1075 912 1102 936 et
1125 908 1244 936 Verbum
1267 911 1327 936 erat
1349 908 1421 943 apud
1448 907 1544 939 Deum,
1562 912 1590 935 et
1615 908 1688 936 Deus
1707 914 1766 937 erat

982 954 1111 983 Verbum.
1129 954 1225 982 Omnia
1241 963 1288 989 per
1305 955 1393 990 ipsum
1410 954 1480 982 facta
1495 959 1569 988 sttnt,
1585 959 1612 982 et
1625 955 1685 982 sine
1706 956 1766 991 ipso

141 999 265 1034 ἐγένετο·
283 999 332 1026 καὶ⁵
347 999 431 1036 χωρὶς
446 999 526 1026 αὑτοῦ
544 1000 650 1034 ἐγένετο
671 1000 731 1027 οὐδὲ
745 1000 774 1026 έν
786 1009 793 1016 υ
812 1010 821 1026 ›
843 1000 881 1036 πῆ
898 1000 926 1027 δὲ

978 1001 1079 1028 factum
1106 1004 1148 1029 est.
1175 1001 1244 1028 nihil
1255 1001 1276 1033 ³,
1293 1011 1302 1027 ι
1317 1001 1416 1036 partim
1439 1001 1688 1036 prasituntiantduo
1705 1001 1765 1036 ejus

139 1047 195 1078 ’τὰς
217 1046 263 1073 δύο
285 1047 435 1082 παρουσίας
459 1047 541 1075 αὐτοῦ
567 1046 804 1083 προαναφωνοῦσι·
832 1047 880 1082 τήν
899 1055 928 1073 τε

141 1093 291 1129 προτέραν,
307 1094 336 1120 ὲν
382 1094 449 1129 μήτε
464 1091 533 1125 εἶδος
552 1093 632 1120 αὑτὸν
653 1094 721 1128 μήτε
745 1092 841 1124 κάλλος
858 1092 928 1124 ἕξειν

140 1140 345 1176 προύθέσπιζον
367 1139 516 1176 διαρρήδην
539 1139 576 1172 ὡς
596 1139 731 1176 πρόϐατον
755 1140 799 1166 ἐπὶ
822 1139 928 1175 σφαγὴν

139 1186 321 1223 ἀχθήσεσθαι,
344 1187 389 1214 καὶ
404 1187 495 1221 σαφῶς
511 1187 595 1218 οὕτως
611 1186 665 1213 ἀπὸ
679 1186 732 1212 τῶν
749 1185 867 1221 ἀνομιῶν
881 1185 927 1212 τοῦ

139 1234 276 1270 προτέρου
295 1234 360 1260 λαοῦ
382 1234 431 1270 τὴν
451 1234 497 1260 ἐπὶ
520 1234 627 1269 θανάτῳ
648 1232 928 1268 καταδικασθήσεσθαι

140 1279 281 1314 λέγοντες·
300 1277 343 1306 οἷα
365 1279 396 1315 δὴ
421 1280 468 1306 καὶ
492 1279 700 1306 ἀποδείκνυνται
720 1280 769 1314 τῆς
794 1278 928 1314 προτέρας

141 1324 228 1352 αὑτοῦ
244 1325 394 1360 παρουσίας
408 1325 435 1351 αί
457 1324 527 1351 κατὰ
540 1325 602 1356 τοὺς
621 1323 745 1360 Τιῦερίου
765 1324 875 1360 χρόνους
890 1325 928 1351 οι-

140 1371 281 1407 κονομίαι·
303 1372 349 1398 καὶ
362 1371 411 1406 τὴν
432 1370 569 1406 δευτέραν,
591 1370 679 1396 οὐκέθ’
696 1370 790 1405 ὁμοίαν
805 1371 838 1406 τῇ
860 1379 927 1404 προ-

140 1416 222 1452 τέρᾳ,
238 1416 375 1451 θειοτέραν
389 1416 417 1442 δὲ
433 1416 480 1442 καὶ
504 1416 570 1442 πολὺ
587 1416 620 1450 τῇ
641 1414 703 1451 δόξῃ
726 1414 927 1450 παραλλάττου-

143 1471 206 1494 σαν,
229 1462 285 1497 μετ“
301 1461 449 1495 άηελικῆς
465 1460 626 1497 δορυφορίας
649 1460 695 1486 καὶ
714 1459 764 1494 τῆς
778 1459 824 1485 ἀπ’
845 1460 927 1496 οὐρα-

142 1507 199 1535 νῶν
216 1506 392 1543 παρατάξεως
410 1506 608 1541 γενησομένην·
627 1502 667 1536 οἷς
690 1505 866 1540 εὐγνωμόνως
882 1505 927 1531 τὸν

142 1552 340 1587 ἐντυγχάνοντα
362 1551 450 1587 χρεὼν
473 1551 572 1577 κανόνα
596 1549 689 1586 ὥσπερ
711 1550 757 1576 καὶ
779 1550 877 1576 σκοπὸν
898 1550 928 1576 τὸ

142 1599 274 1634 κήρυγμα
295 1598 420 1632 κατέχειν
434 1597 464 1624 τὸ
478 1596 655 1623 ἀποστολικὸν
669 1596 759 1622 τέλεια
774 1596 821 1622 καὶ
838 1596 926 1633 ἀπαρ-

142 1645 290 1680 εγχείρητα
308 1644 342 1671 τὰ
356 1645 406 1680 τῆς
424 1643 551 1679 ἀληθείας
570 1642 691 1677 δόγματα
705 1642 926 1676 διαφυλάττοντα,

980 1047 1111 1074 adventus
1141 1056 1147 1074 :
1174 1047 1303 1082 priorem,
1327 1048 1422 1082 inquo
1440 1054 1528 1082 neque
1552 1047 1688 1082 speciem,
1717 1055 1766 1074 ne-

980 1101 1034 1128 que
1063 1093 1189 1120 decorem
1220 1093 1363 1120 habiturus
1390 1093 1544 1120 ostenditur
1556 1093 1577 1126 δ,
1606 1092 1762 1124 manifeste,

978 1140 1049 1167 sicut
1080 1147 1165 1175 agnus
1191 1140 1225 1166 ad
1250 1139 1417 1167 occisionem
1439 1139 1591 1172 dttcendus,
1617 1145 1699 1174 atque
1727 1139 1763 1166 ita

979 1190 1090 1221 propter
1104 1185 1203 1220 prioris
1219 1187 1311 1221 populi
1328 1186 1486 1220 iniquitates
1501 1186 1535 1212 ad
1555 1190 1670 1213 mortem
1689 1185 1764 1212 datu-

978 1232 1106 1265 nandus;
1122 1239 1183 1266 qua:
1200 1232 1311 1267 quidem
1337 1232 1364 1259 in
1381 1231 1462 1266 primi
1479 1231 1538 1265 ejus
1552 1232 1697 1264 adventus,
1715 1231 1762 1259 Ti-

977 1278 1045 1305 berii
1058 1282 1190 1313 tempore,
1200 1278 1327 1313 passione
1337 1278 1449 1312 expleta
1460 1283 1540 1311 sunt;
1559 1278 1673 1305 alterum
1688 1286 1765 1311 vero,

977 1324 1063 1360 priori
1085 1324 1164 1359 longe
1180 1325 1359 1358 dissimilem,
1372 1325 1534 1352 diviniorem
1552 1325 1691 1359 multoqtte
1707 1325 1764 1351 cla-

977 1361 1088 1402 riorem,
1098 1370 1227 1405 angelicis
1236 1370 1538 1404 cohortibtls,omniquc
1546 1370 1677 1396 cmlorum
1686 1377 1764 1397 exer-

978 1416 1035 1443 citu
1049 1415 1257 1442 circumdatum.
1275 1415 1380 1448 Quibus
1409 1415 1461 1442 rite
1484 1415 1765 1450 respondeatnecesse

977 1465 1019 1489 est
1027 1461 1130 1496 regula,
1139 1462 1217 1496 quasi
1227 1461 1395 1496 propositum
1404 1461 1502 1488 habeat
1514 1461 1690 1496 apostolicam
1701 1469 1767 1496 pra.)-

978 1507 1153 1539 dicationem,
1164 1515 1224 1542 qua:
1235 1507 1355 1542 perfecta
1370 1507 1572 1543 purissimaque
1582 1507 1705 1535 veritatis
1716 1509 1765 1534 do-

977 1558 1067 1589 gmata
1097 1558 1258 1585 conservet,
1285 1554 1390 1581 scilicet
1416 1553 1449 1581 de
1478 1554 1566 1588 prima
1593 1558 1620 1581 et
1643 1554 1764 1581 increata

979 1600 1170 1627 universorum
1196 1599 1242 1626 Dei
1266 1603 1374 1632 natura,
1397 1604 1423 1627 et
1445 1598 1531 1626 divini
1554 1599 1635 1626 Verbi
1662 1607 1766 1634 praeca-

981 1645 1090 1672 istentia
1116 1649 1198 1680 atque
1223 1645 1388 1676 substantia,
1414 1652 1496 1679 quam
1526 1645 1554 1672 in
1577 1648 1765 1672 creaturarum

141 1689 280 1717 τουτέστιν
294 1689 328 1716 τὰ
345 1690 409 1724 περὶ
421 1689 470 1724 τῆς
485 1687 595 1724 πρώτης
607 1687 654 1714 καὶ
668 1687 798 1722 ἀγενήτου
812 1687 857 1713 τοῦ
874 1687 927 1714 τῶν

979 1691 1100 1718 omnium
1120 1690 1268 1722 creatione,
1291 1690 1365 1717 sicut
1381 1690 1493 1717 verbum
1517 1711 1523 1716 .
1544 1710 1552 1717 .
1608 1709 1616 1716 .
1638 1709 1645 1716 .
1667 1709 1674 1716 .
1696 1710 1704 1717 .
1726 1711 1734 1718 .
1756 1710 1764 1717 .

141 1736 213 1763 ὅλων
228 1736 294 1762 Θεοῦ
309 1736 426 1770 φύσεως,
444 1735 491 1762 καὶ
507 1735 540 1761 τὰ
553 1734 602 1769 τῆς
614 1733 660 1760 τοῦ
677 1733 748 1760 θείου
762 1733 848 1767 Λόγου
862 1742 927 1768 προ-

142 1783 319 1815 υποστάσεώς
331 1791 360 1809 τε
383 1783 430 1809 καὶ
447 1781 607 1817 ὑπουργίας,
622 1780 656 1816 ἢν
669 1780 715 1807 ἐπὶ
733 1782 766 1816 τῇ
782 1780 836 1807 τῶν
848 1788 928 1816 γενη-

140 1831 200 1859 τῶν
214 1830 339 1858 ἁπάντων
353 1829 528 1865 δημιουργίᾳ,
541 1826 584 1855 οἷα
599 1828 630 1864 δὴ
648 1827 734 1862 λόγος.

143 1877 178 1913 (ι.
194 1877 222 1910 δ)

980 1755 1764 1764 ο.-..-...........οι-..ιοσ.-

979 1846 1764 1857 ...οισι-ο..ιρι-...σσδιοο-ι.

978 1877 1076 1910 praeter
1096 1876 1214 1908 quatuor
1237 1872 1344 1900 litteras
1371 1872 1443 1907 apud
1466 1871 1593 1900 [ἰείη-θος
1620 1872 1763 1906 infandas,

919 1937 927 1946 .
978 1927 1094 1956 quarum
1122 1919 1319 1954 conjunctione
1342 1918 1478 1946 ineﬂ'abile
1507 1922 1617 1946 constat
1643 1926 1764 1951 nomen,

919 1985 928 1992 .
978 1966 1119 1994 ahttsivius
1133 1973 1198 1993 vero
1215 1975 1224 1990 ι
1240 1965 1372 1992 Dominus
1389 1975 1397 1991 ι
1415 1965 1606 1998 nominatum;
1619 1972 1763 2000 nunquam

142 2017 229 2052 χωρὶς
251 2015 305 2043 τῶν
327 2015 467 2051 τεσσάρων
485 2013 625 2049 στοιχείων
642 2013 696 2040 τῶν
710 2014 774 2049 παρ’
788 2012 928 2048 ,Ἑϐραίοις

142 2063 352 2098 ἀνεκφωνήτων,
369 2058 406 2088 ὧν
427 2060 471 2088 διὰ
485 2060 534 2096 τῆς
551 2059 700 2091 συνθέσεως
715 2059 745 2086 τὸ
760 2058 927 2095 σημαινόμε-

142 2118 190 2136 νον
207 2109 291 2144 δνομα
309 2108 427 2144 ἄρρητον
447 2107 578 2142 ὑπάρχον,
596 2104 883 2141 καταχρηστικώτερον
899 2104 928 2130 δὲ

145 2165 156 2181 ι
173 2155 274 2191 Κύριος
289 2164 298 2180 ›
315 2154 537 2189 ἐπικαλούμενον,
557 2152 662 2179 οὐδέπω
677 2152 742 2178 ποτὲ
756 2151 802 2178 ἐπὶ
818 2151 928 2186 ἀγγελι-

143 2201 195 2237 κῆς
206 2200 387 2236 παρείληπται
401 2200 552 2235 δυνάμεως,
569 2199 607 2231 ὼς
620 2198 777 2233 ἐπιστήσεις
791 2197 849 2224 καθ’
865 2198 928 2233 ὅλης

141 2247 195 2281 τῆς
211 2245 387 2272 θεοπνεύστου
403 2245 524 2283 Γραφῆς,
540 2245 603 2272 ἔνθα
622 2247 636 2272 ὁ
653 2245 730 2278 Θεὸς,
749 2245 765 2281 ἢ
785 2245 799 2270 ὁ
818 2243 869 2271 διὰο
880 2243 928 2270 τοῦ

141 2295 355 2331 τετραγράμμου
369 2293 531 2329 δηλούμενος
546 2293 647 2330 Κύριος
667 2293 872 2329 ἀναγέγραπται
883 2299 928 2318 κε-

141 2341 275 2378 χρηκέναι
294 2341 350 2367 τισί
362 2349 368 2356 ·
390 2340 503 2376 πότερον
519 2340 565 2383 En}
588 2340 638 2375 τὴν
652 2340 782 2376 ἀγένητον
806 2338 852 2365 τοῦ
874 2337 928 2364 τῶν
945 2355 966 2383 D

141 2377 212 2414 ὅλων
224 2386 292 2414 Θεοῦ
304 2386 384 2422 φύσιν
395 2377 558 2413 ἀνενεκτέον’
569 2385 603 2413 τὰ
614 2385 776 2421 δηλούμενα,
790 2385 806 2420 ἢ
822 2384 868 2412 ἐπὶ
882 2384 928 2411 τὸν

141 2433 239 2460 τούτου
254 2433 350 2468 Λόγον,
363 2433 392 2459 ὸν
405 2432 530 2468 δεύτερον
550 2431 718 2467 τυγχάνοντα
733 2431 787 2458 τῶν
803 2431 870 2458 ὅλων
886 2429 929 2457 αἵ-

141 2488 200 2506 τιον
213 2480 260 2506 καὶ
275 2479 341 2506 Θεὸν
362 2479 409 2506 καὶ
429 2478 530 2511 Κύριον
545 2477 615 2504 κατὰ
629 2478 660 2504 τὸ
684 2477 881 2513 σημαινόμενον
896 2477 928 2503 ὲκ

140 2525 190 2552 τοῦ
207 2526 272 2561 παρ’
287 2525 421 2561 Ἑϐραίοις
438 2525 558 2560 ἀρρἠου
573 2523 705 2559 ὀνόματος
716 2521 927 2558 προσαγορεύειν

142 2571 238 2598 εἴωθεν
255 2572 271 2607 ἡ
295 2571 354 2597 θεία
374 2571 480 2606 Γραφή.
503 2570 558 2597 Καὶ
579 2570 646 2605 δῆτα
662 2569 708 2596 ἐπὶ
726 2568 772 2595 τοῦ
794 2569 927 2604 παρόντος

142 2618 279 2654 φήσαντος
294 2617 342 2644 τοῦ
356 2617 446 2652 λόγου,
461 2617 501 2643 ὅτι
512 2616 554 2651 δήο
568 2625 577 2641 ι
594 2615 703 2651 Κατέϐη
720 2614 831 2650 Κύριος,
844 2623 853 2640 ι
871 2614 929 2646 καὶ,

144 2672 156 2690 ε
173 2661 257 2690 Εἶπεν
276 2663 387 2700 Κύριος,
412 2672 421 2687 ι
436 2662 471 2689 τὰ
493 2660 734 2697 ἀναγεγραμμένα,
759 2660 874 2696 ζητήσαι
895 2660 928 2687 ἄν

141 2718 184 2742 τις
201 2709 318 2744 εὐλόγως
333 2709 388 2736 εἴτε
406 2708 452 2735 ὲπί
468 2716 528 2734 τινα
545 2707 600 2734 τῶν
615 2706 750 2741 ἀγγέλων,
768 2705 822 2732 εἴτε
838 2706 884 2733 ἐπὶ
897 2705 927 2732 τὸ

141 2756 250 2792 πρῶτον
272 2755 358 2782 αἴτιον
381 2755 431 2791 τὴν
453 2753 592 2790 ἀναφορὰν
615 2752 672 2788 ἔχει
696 2752 726 2778 τὸ
754 2751 925 2787 δηλούμενον.

147 2802 218 2829 Ἀλλ’
235 2802 282 2829 ὲπὶ
305 2802 352 2837 μὲν
365 2800 488 2836 ἀγγέλων
506 2800 555 2835 οὐχ
573 2797 627 2826 οἷόν
651 2807 695 2825 τε·
710 2798 790 2824 τοῦτο
812 2799 871 2833 μὲν,
887 2798 927 2824 ὅτι

142 2848 280 2876 κάνταῦθα
295 2849 324 2875 τὸ
344 2858 352 2874 ι
367 2847 466 2883 Κύριος
481 2857 490 2873 ι
505 2846 549 2874 διὰ
565 2847 614 2882 τῆς
629 2845 820 2880 ἁνεκφωνήτου
832 2843 928 2879 παρεί-

179 2939 189 2954 ³
207 2937 284 2965 Joan.
306 2947 331 2971 ι,
355 2938 378 2967 l.
418 2938 428 2952 ⁸
448 2937 488 2964 lsa
518 2944 583 2970 t.ttt,
601 2935 628 2963 2.
667 2936 676 2951 ⁵
697 2935 763 2962 Gen.
783 2942 827 2967 xu,
845 2933 870 2961 5.

978 2013 1012 2041 de
1027 2012 1150 2047 angelica
1168 2014 1302 2046 potestate
1327 2014 1490 2045 usurpatum
1509 2014 1563 2042 est,
1586 2015 1615 2037 ut
1639 2011 1765 2038 attendas

979 2060 1007 2086 in
1021 2059 1094 2086 omni
1110 2057 1242 2085 divinitus
1257 2056 1391 2092 inspirata
1405 2056 1558 2091 Scriptura,
1576 2056 1622 2084 ubi
1635 2056 1707 2084 Deus
1720 2056 1763 2083 vel

978 2113 1027 2141 per
1053 2107 1295 2140 tetragratnmaton
1321 2103 1480 2138 designatus
1505 2102 1637 2130 Dominus
1664 2103 1765 2130 inscri-

979 2155 1042 2188 ptus
1065 2155 1117 2183 est,
1143 2158 1206 2177 cum
1226 2148 1390 2184 quibusdam
1418 2149 1581 2176 collocutus.
1608 2148 1705 2176 Utrum
1731 2149 1764 2176 ad

980 2199 1126 2226 increatam
1139 2196 1260 2224 omnium
1276 2195 1322 2222 Dei
1334 2197 1460 2221 naturam
1473 2193 1614 2221 referenda
1625 2198 1690 2222 sunt
1703 2202 1765 2229 qua:

980 2243 1173 2274 ostenduntur,
1198 2241 1241 2268 vel
1257 2240 1290 2267 ad
1316 2239 1397 2274 httjus
1413 2238 1545 2271 Verbum,
1568 2238 1642 2274 qttod
1667 2247 1765 2267 secun-

980 2290 1042 2317 dam
1061 2288 1251 2316 universorum
1270 2292 1393 2317 causam,
1414 2288 1441 2312 ct
1457 2284 1552 2318 Deum,
1567 2288 1593 2312 et
1609 2284 1764 2316 Dominum,

981 2335 1132 2364 secundum
1155 2332 1301 2360 ineﬂ'abilis
1323 2330 1396 2367 apud
1415 2330 1545 2358 Hebrzeos
1571 2331 1690 2358 nomints
1704 2338 1767 2358 sen-

981 2390 1042 2410 sum
1066 2381 1203 2417 appellare
1218 2382 1289 2409 solet
1311 2381 1404 2408 divina
1424 2378 1577 2414 Scriptura.
1596 2376 1625 2403 Et
1643 2375 1768 2412 profecto

982 2428 1009 2455 in
1029 2428 1082 2456 hoc
1105 2431 1181 2454 textu
1208 2435 1263 2462 quo
1293 2426 1430 2460 scribitur.
1448 2435 1455 2453 :
1483 2432 1492 2449 η
1508 2422 1653 2451 Descendit
1674 2421 1765 2449 Domi-

980 2475 1069 2507 nus“;
1086 2483 1095 2500 ›
1119 2478 1146 2501 et
1168 2483 1174 2500 :
1192 2482 1201 2498 ι
1217 2472 1292 2500 Dixit
1321 2471 1494 2504 Dominus‘;
1512 2479 1521 2496 ι
1547 2469 1645 2496 merito
1666 2467 1767 2504 aliquis

980 2525 1075 2557 posset
1095 2520 1234 2555 inquirere
1256 2527 1290 2546 an
1312 2519 1370 2546 haec
1393 2517 1527 2545 vocabula
1550 2515 1584 2543 ad
1605 2515 1765 2550 angelorum

980 2566 1136 2603 quemdam,
1149 2566 1192 2593 vel
1216 2565 1248 2592 ad
1262 2566 1377 2600 primam
1401 2563 1522 2591 omnium
1539 2568 1651 2589 causam
1668 2560 1765 2588 referri

982 2612 1108 2640 debeattt.
1131 2610 1231 2638 Verum
1252 2611 1285 2638 de
1309 2610 1413 2646 angelis
1428 2608 1495 2636 illud
1512 2608 1623 2635 minime
1643 2606 1696 2635 dici
1717 2615 1766 2642 po-

981 2662 1051 2689 test;
1066 2656 1185 2693 primum
1217 2655 1327 2691 quidem
1343 2654 1416 2690 quod
1436 2661 1488 2681 vox
1511 2653 1557 2680 illa
1581 2662 1590 2679 ι
1607 2652 1738 2679 Dominus
1754 2662 1763 2678 ι

981 2703 1110 2731 ineﬂ'abili
1126 2703 1306 2738 appellatione
1318 2702 1492 2737 designetur;
1505 2699 1602 2727 deinde
1616 2699 1689 2734 quod
1705 2699 1766 2726 aliis

981 2751 1033 2778 sibi
1049 2750 1183 2785 subjectis
1196 2749 1278 2776 verba
1295 2746 1386 2775 facere
1403 2747 1535 2774 videatur.
1553 2745 1661 2772 Rursus
1675 2748 1766 2772 autem

981 2795 1014 2823 de
1024 2795 1104 2823 Patre
1121 2799 1148 2823 et
1158 2795 1279 2822 omnium
1299 2793 1352 2820 Deo
1364 2792 1514 2827 impropria
1528 2794 1601 2818 esset
1613 2790 1765 2822 sententia;

982 2843 1055 2870 hunc
1076 2842 1148 2870 enim
1169 2849 1224 2869 non
1248 2840 1357 2868 deceret
1376 2839 1488 2867 dicere:
1505 2847 1513 2863 ι
1532 2836 1635 2870 Venite,
1652 2836 1764 2865 descen-

910 2934 920 2949 ‘
939 2933 1006 2962 ibid.
1024 2933 1051 2960 6.
