2037 3215
299 192 366 219 ΙΟΞἸ

659 187 794 216 EUSEBll
813 186 1051 214 CESARIENSIS
1068 186 1144 214 OPP.
1166 185 1255 213 PARS
1274 186 1354 213 lll.-—
1374 186 1577 215 EXEGETICA.

1851 189 1918 217 13Ξὸ

294 249 392 278 damus
408 252 437 276 et
450 245 652 274 confundam-3
677 246 797 281 linguam
819 253 916 272 eorum
927 245 949 278 ',
964 255 974 271 ι
989 253 1069 279 nequi

1130 245 1231 280 ληπται
1242 246 1437 281 προσηγορίας,
1449 246 1527 273 τοῦτο
1540 246 1579 278 δὲ,
1590 247 1631 273 ὅτι
1642 247 1744 283 ἑτέροις
1757 249 1823 284 παρ’
1837 248 1919 275 αὑτὸν

294 294 362 323 illud
374 303 381 321 :
395 302 406 319 ι
420 292 566 320 Descendit
580 291 712 318 Dominus
725 294 754 318 ut
766 291 872 318 videret
884 290 1024 318 civitatem
1032 290 1054 323 ⁸,
1066 301 1076 316 ›

292 348 355 369 cum
370 340 532 366 auctoritate
545 339 682 373 congruit.
698 337 843 373 Reliquum
865 341 909 365 est
923 337 975 364 hoc
988 337 1022 365 de
1038 337 1079 364 di-

292 387 355 414 vino
368 385 456 412 Verbo
469 384 655 420 interpretari,
673 384 745 419 quod
762 384 871 418 quidem
887 384 1078 419 consequenti-

291 433 342 460 bus
363 431 577 459 demonstratur.
604 430 655 457 Hic
678 430 762 465 igitur
785 430 906 457 omnium
930 431 1075 465 praescieri-

289 479 354 505 tiam
371 481 399 505 et
413 477 613 504 ordinationem
633 484 696 503 cum
711 484 726 502 a
739 476 819 503 Patre
840 477 987 511 acceperit,
1006 484 1076 503 nun-

289 532 372 560 quam
403 525 521 552 cessavit
545 532 619 551 nunc
641 522 750 558 quidem
776 531 824 558 per
850 523 981 558 seipsum,
1003 531 1077 550 nunc

288 578 354 598 vero
366 578 415 605 per
428 570 617 597 ministrantes
631 569 752 604 angelos,
773 576 834 603 qua:
853 569 886 596 ad
902 569 1016 603 patriam
1029 576 1077 595 vo-

288 617 422 644 luntatem
453 615 658 650 exsequendam
688 614 722 642 de
747 614 868 640 omnium
898 614 1017 640 utilitate
1044 620 1076 639 ac

288 662 378 690 salute
397 661 569 696 spectabant,
588 660 711 695 implere.
728 659 795 691 Quae
813 663 903 686 autem
926 659 959 686 ad
980 659 1075 693 mysti-

287 713 347 733 cam
369 710 396 732 et
415 705 581 732 incliabilem
607 704 822 739 speculationem
840 704 986 738 pertinent,
1002 711 1075 731 nunc

287 756 440 787 opportune
454 750 608 786 explicandi
621 751 697 778 locus
709 758 763 777 non
775 753 825 778 est.

1134 291 1331 327 ὑποϐεϐηκόσιν
1346 292 1471 326 ἐμφαίνει
1488 293 1651 328 πεποιῆσθαι
1665 294 1727 325 τοὺς
1740 294 1846 328 λόγους.
1863 294 1919 322 Πά-

1132 338 1173 364 λιν
1191 338 1213 364 δ’
1229 337 1262 366 αὖ
1278 339 1324 364 ἐπὶ
1346 338 1392 365 τοῦ
1412 339 1518 374 Πατρδς
1533 340 1579 366 καὶ
1594 339 1661 366 Θεοῦ
1676 340 1730 366 τῶν
1751 340 1818 367 ὅλων
1841 340 1918 367 ἀνοί-

1133 392 1205 416 κειος
1220 385 1236 419 ἠ
1253 384 1356 411 διάνοια
1370 393 1376 399 ”
1394 385 1424 411 οὑ
1440 385 1495 420 γὰρ
1511 384 1541 420 δὴ
1562 385 1635 420 αὐτῷ
1658 385 1757 421 πρέποι
1781 386 1813 412 ἂν
1828 385 1919 420 λέγειν

1129 430 1170 461 τὸ,
1187 439 1195 455 ι
1212 430 1306 462 Δεῦτε,
1323 431 1369 457 καὶ
1384 430 1548 462 καταϐάντες
1563 432 1720 467 συγχέωμεν
1729 431 1779 467 τὴν
1793 431 1920 465 γλῶσσαν

1130 475 1229 508 αὐτῶν,
1243 485 1251 501 ι
1263 476 1309 502 καὶ
1318 476 1356 508 τὸ,
1369 486 1377 501 ι
1390 476 1499 511 Κατεῖϐη
1511 476 1611 512 Κύριος
1620 476 1736 511 ἰδεῐντὴν
1744 476 1832 508 πόλιν,
1847 485 1856 501 ι
1873 477 1919 502 οῦ-

1129 520 1222 555 δαμῶς
1246 520 1278 547 ἂν
1301 521 1430 557 ἁρμόττοι
1453 522 1516 556 περὶ⁸
1539 522 1587 556 τῆς
1606 522 1761 552 αὖθεντείας
1780 521 1917 555 λέγεσθαι.

1130 567 1259 593 Λείπεται
1275 567 1306 602 δὴ
1325 568 1393 593 νοεῖν
1412 567 1457 593 τὸν
1472 567 1542 594 θεῖον
1557 567 1642 601 Λόγον
1656 568 1702 594 καὶ
1718 567 1761 594 διὰ
1776 568 1832 594 τῶν
1853 576 1919 602 πρι-

1130 611 1263 647 κειμὲνων
1273 612 1428 647 δηλοῦσθαι,
1442 609 1525 644 Οὗτος
1538 613 1569 648 δὴ
1583 612 1631 648 τὴν
1644 613 1697 638 τῶν
1712 613 1838 639 ἁπάντων
1853 613 1919 649 rga}-

1128 659 1202 685 vmiv
1214 667 1242 684 τε
1261 659 1307 685 καὶ
1319 659 1474 693 οἰκονομίαν
1487 659 1554 694 προς
1569 658 1615 685 τοῦ
1628 659 1734 694 Πατρὺς
1750 659 1919 695 ἐπιτετραμ-

1130 705 1209 740 μένος
1225 705 1255 732 οὺ
1270 705 1379 732 πώποτε
1391 706 1522 733 διέλειπεν
1540 706 1601 732 τοτὲ
1620 707 1668 742 μὲν
1685 707 1718 732 δι’
1733 707 1842 740 ἑαυτοῦ,
1857 708 1919 734 τοτὲ

1128 751 1156 777 δὲ
1175 751 1208 777 δι’
1225 751 1367 787 ὑπηρετῶν
1381 752 1504 786 ἀγγέλων
1517 751 1555 787 τῷ
1571 752 1695 788 πατρικῷ
1713 752 1864 788 βουλήματι
1885 752 1919 779 τὰ

286 798 458 825 συντείνοντα
479 797 524 824 ἐπὶ
544 798 577 832 τῇ
600 796 654 823 τῶν
675 796 742 823 ὅλων
761 795 879 831 ὠφελείᾳ
902 804 931 822 τε
954 797 1001 823 καὶ
1025 797 1146 832 σωτηρίᾳ
1171 797 1386 832 διακονούμενος.
1407 798 1548 833 Μυστικῆς
1572 798 1599 824 δὲ
1615 798 1660 824 καὶ
1672 798 1831 833 ἀπορρήτου
1850 798 1920 825 θεω-

286 845 348 880 ρίας
363 844 480 880 ἐχόμενα
491 844 525 870 τὰ
541 843 611 870 κατὰ
626 844 671 870 τὸν
686 843 767 870 τόπον
781 844 810 869 οὺ
827 843 873 870 νῦν
887 843 1070 870 ἀναπτύσσειν
1088 844 1192 879 καιρός.

584 899 699 928 CAPUT
727 900 771 928 lll.

319 957 412 986 Prima
431 962 521 986 autem
550 958 680 986 revelatio
703 957 773 985 facta
787 957 905 986 traditur
920 958 1075 986 Abrahamo

284 1011 347 1032 cum
358 1005 383 1032 ei
393 1004 601 1032 dixitDominus
613 1014 619 1032 ι
633 1014 642 1029 ι
654 1004 789 1039 Egredere
804 1004 837 1031 de
847 1009 920 1032 terra
934 1010 980 1032 tua
994 1010 1021 1033 et
1041 1005 1075 1033 de

284 1050 448 1086 cognatione
460 1054 516 1084 tua,
525 1055 551 1077 et
564 1050 597 1077 de
608 1050 688 1077 domo
699 1050 783 1085 patris
796 1050 847 1081 tui,
863 1053 890 1076 et
901 1051 962 1077 veni
977 1050 1004 1076 in
1021 1054 1075 1077 ter-

285 1102 345 1122 ram
364 1103 445 1131 quam
463 1095 622 1122 monstrabo
643 1095 707 1128 tibi;
724 1095 877 1130 faciamque
888 1099 915 1123 te
928 1097 954 1122 in
966 1100 1073 1131 gentem

282 1148 421 1176 magnam,
436 1144 462 1168 et
477 1141 636 1168 benedicam
651 1140 711 1173 tibi,
724 1145 750 1167 et
776 1141 955 1176 magniﬁcabo
974 1148 1073 1167 nomen

281 1191 372 1219 tuum,
388 1188 498 1221 erisque
515 1186 693 1218 benedictus;
720 1190 747 1213 et
773 1186 933 1214 benedicam
960 1186 1072 1213 benedi-

239 1230 243 1234 ’
283 1233 410 1261 centibus
433 1233 522 1265 tibi’,
543 1242 552 1258 ι
574 1236 600 1260 et
623 1237 732 1260 extera.
754 1231 891 1265 Secunda,
907 1240 968 1260 cum
996 1233 1073 1260 visus

283 1282 326 1306 est
350 1279 374 1305 ei
392 1277 536 1309 Dominus,
561 1277 685 1312 dixitque
712 1278 736 1304 ei
761 1287 768 1305 :
791 1288 799 1303 ι
821 1277 924 1305 Semini
941 1283 987 1305 tuo
1001 1279 1072 1306 dabo

282 1328 384 1351 terram
410 1323 481 1350 hanc
502 1323 534 1349 ¹⁰.
555 1333 563 1348 ι
581 1323 685 1355 Tertia,
708 1331 770 1350 cum
788 1333 797 1349 ι
822 1324 978 1351 Abrahamo
1003 1325 1071 1351 dixit

283 1369 426 1402 Dominus,
444 1373 586 1404 postquam
601 1369 705 1396 divisus
720 1375 760 1396 est
777 1369 810 1396 ab
828 1377 860 1396 eo
871 1369 963 1402 Lot“,
979 1380 989 1395 ι
1011 1378 1071 1405 quae

280 1414 448 1442 referuntur.
470 1415 582 1447 Quarta,
606 1415 634 1441 in
651 1423 703 1449 qua
726 1415 826 1441 dicitur
847 1425 853 1442 ι
881 1424 889 1439 ε
909 1415 958 1442 llis
979 1417 1071 1450 itaque

281 1460 447 1492 transactis,
470 1460 559 1488 factus
580 1465 623 1488 est
650 1469 739 1488 sermo
759 1460 866 1487 Domini
891 1462 924 1488 ad
949 1461 1071 1488 Abraha-

281 1512 366 1539 muni,
379 1514 427 1542 per
438 1506 570 1534 visionem
587 1507 681 1534 dicens
698 1517 703 1532 :
721 1506 780 1533 Noli
795 1507 901 1539 timere,
921 1508 1068 1542 Abraham,

281 1561 332 1588 ego
345 1557 483 1588 protector
504 1557 568 1580 tuus
593 1561 654 1580 sum
674 1553 710 1586 l';
733 1564 741 1578 ι
761 1558 787 1580 et
804 1557 864 1588 post
887 1554 940 1580 alia
958 1564 964 1581 :
982 1564 991 1580 ‹
1013 1554 1069 1590 Ego

1396 902 1593 928 ΚΕΦΑΛΑῙΟΝ
1614 902 1650 928 Γ’.

1161 959 1273 995 Πρῶτος
1287 959 1494 995 ἀναγέγραπται
1509 961 1654 995 γενόμενος
1669 960 1863 996 χρηματισμὸς
1878 962 1918 996 τῷ

1132 1005 1258 1041 Ἀϐραὰμ
1271 1006 1314 1031 ὅτε
1333 1003 1410 1031 εἶπεν
1431 1005 1505 1040 αὐτῷ
1525 1005 1640 1041 Κύριος·
1663 1015 1671 1031 I
1687 1007 1797 1039 Ἔξελθε
1814 1008 1847 1034 ἐκ
1868 1008 1917 1043 τῆς

1125 1052 1176 1085 γῆς
1191 1058 1236 1076 σου
1252 1051 1297 1076 καὶ
1312 1052 1342 1077 ἐκ
1358 1051 1407 1086 τῆς
1420 1051 1578 1085 συγγενείας
1596 1060 1653 1083 σου,
1669 1053 1716 1079 καὶ
1730 1053 1763 1079 ἐκ
1778 1053 1827 1080 τοῦ
1840 1054 1917 1081 οἴκου

1124 1096 1171 1122 τοῦ
1194 1097 1295 1132 πατρός
1318 1106 1363 1124 σου
1387 1098 1426 1128 εἰς
1441 1097 1490 1132 τὴν
1512 1097 1564 1132 γῆν
1578 1098 1611 1133 ἢν
1633 1099 1664 1125 ἄν
1682 1107 1722 1125 σοι
1741 1099 1841 1132 adiuv
1870 1100 1916 1126 καὶ

1125 1144 1230 1179 ποιήσω
1245 1152 1273 1169 σε
1287 1144 1326 1175 εἰς
1343 1143 1417 1175 ἔθνος
1435 1143 1515 1179 μέγα,
1533 1144 1579 1170 καὶ
1593 1143 1732 1180 εὐλογήσω
1749 1153 1790 1177 σε,
1806 1146 1854 1172 καὶ
1874 1155 1918 1181 με·

1124 1187 1231 1222 γαλυνῶ
1246 1189 1276 1214 τὸ
1289 1188 1375 1223 ὄνομά
1394 1197 1452 1220 σου,
1473 1189 1519 1215 καὶ
1533 1188 1582 1225 ἔσῃ
1595 1189 1738 1224 εὐλογητός
1747 1198 1754 1205 '
1773 1190 1822 1216 καὶ
1836 1191 1915 1218 εὐλο-

1123 1235 1200 1270 γήσω
1217 1235 1279 1266 τοὺς
1293 1235 1470 1269 εὐλογοῦντάς
1494 1235 1526 1268 (Γ.
1544 1235 1570 1270 4)
1595 1244 1635 1267 σε,
1656 1246 1666 1262 ι
1691 1236 1737 1263 καὶ
1756 1236 1790 1262 τὰ
1811 1237 1918 1270 τούτοις

1123 1280 1197 1314 ἑξῆς.
1222 1280 1361 1315 Δεύτερος,
1377 1281 1420 1306 ὅτε
1441 1280 1518 1315 ὤφθη
1542 1280 1616 1315 αὐτῷ
1640 1281 1740 1316 Κύριος
1762 1282 1811 1308 καὶ
1836 1281 1915 1310 εἶπεν

1123 1325 1212 1359 αὐτῷ·
1234 1335 1243 1350 ι
1264 1326 1308 1360 Τῷ
1326 1325 1462 1360 σπέρματί
1480 1334 1525 1351 σου
1541 1325 1618 1352 δώσω
1635 1327 1683 1361 τὴν
1699 1328 1750 1360 γῆν
1765 1327 1880 1363 ταύτην.
1902 1338 1912 1354 ι

1122 1370 1178 1396 Καὶ
1201 1370 1300 1405 τρίτος,
1315 1371 1359 1396 ὅτε
1378 1380 1386 1395 ι
1406 1371 1420 1396 ὁ
1435 1369 1535 1404 Κύριος
1550 1368 1624 1397 εἶπεν
1643 1371 1682 1406 τῷ
1700 1371 1828 1408 Ἀϐραὰμ
1845 1374 1915 1408 μετὰ

1127 1416 1156 1442 τὸ
1176 1416 1386 1450 διαχωρισθῆναι
1408 1415 1451 1442 τὸν
1472 1414 1535 1442 Λὼτ
1556 1416 1602 1442 ἀπ’
1624 1417 1706 1443 αὐτοῦ
1726 1426 1735 1443 ›
1759 1417 1793 1444 τὰ
1815 1419 1914 1452 ἀναγε-

1121 1462 1276 1497 γραμμένα.
1286 1463 1428 1497 Τέταρτος,
1441 1463 1469 1488 ὲν
1486 1459 1508 1496 ᾧ
1524 1462 1641 1498 εἴρηται,
1655 1472 1664 1487 ι
1678 1463 1756 1489 Μετὰ
1774 1463 1803 1490 δὲ
1822 1464 1855 1490 τὰ
1869 1466 1914 1499 far}.

1123 1516 1194 1542 ματα
1214 1507 1300 1534 ταῦτα
1324 1508 1437 1543 ἐγενήθη
1461 1509 1535 1543 ῥῆμα
1559 1509 1661 1544 Κυρίου
1694 1509 1762 1544 πρὸς
1784 1508 1912 1545 Ἀϐραὰμ

1121 1556 1149 1581 ὲν
1171 1554 1287 1589 ὁράματι
1311 1555 1360 1589 τῆς
1377 1554 1472 1585 νυκτὸς
1496 1553 1592 1587 λέγων,
1611 1555 1658 1589 Μὴ
1675 1554 1771 1587 φοϐοῦ,
1785 1555 1911 1591 ’Ἀϐραμη

281 1599 423 1632 Dominus,
440 1599 486 1634 qui
504 1599 585 1626 eduxi
601 1605 626 1626 te
648 1599 682 1626 de
707 1602 780 1626 terra
794 1598 983 1626 Chaldaeorum
1001 1600 1033 1626 ”.
1055 1610 1064 1626 ›

1121 1598 1175 1634 ἐγὼ
1187 1600 1365 1635 ὑπερασπίζω
1379 1608 1425 1625 σου
1437 1608 1443 1614 '
1462 1611 1471 1624 ι
1489 1601 1536 1626 καὶ
1553 1600 1612 1635 μεθ’
1629 1600 1725 1636 ἕτερασ
1740 1611 1749 1626 ε
1772 1601 1844 1634 Ἐγὼ
1861 1602 1914 1628 K23-

282 1645 394 1678 Qainta,
408 1653 471 1672 cum
483 1645 560 1672 visus
575 1649 617 1672 est
634 1644 766 1672 Dominus
782 1645 938 1672 Abrahamo
958 1650 985 1673 ct
997 1645 1067 1672 dixit

278 1691 305 1718 ei
321 1700 328 1719 :
347 1699 356 1716 α
376 1690 432 1726 Ego
449 1699 509 1718 sum
531 1690 603 1718 Deus
619 1695 694 1724 tuus,
710 1691 820 1718 ambula
834 1698 927 1718 coram
943 1699 986 1718 me
1001 1692 1033 1723 ¹⁵,
1056 1701 1065 1717 ι

279 1741 309 1764 et
341 1741 449 1764 caetera.
476 1735 569 1770 Sexta,
598 1737 626 1764 in
642 1744 695 1771 qua
721 1745 819 1764 rursus
851 1747 860 1762 ι
887 1738 1019 1773 Apparuit
1043 1739 1067 1766 ei

280 1782 414 1810 Dominus
433 1784 460 1810 in
481 1784 604 1810 convalle
628 1783 748 1810 Mambrc
765 1783 869 1811 sedenti
888 1785 914 1811 in
935 1785 1006 1812 ostio
1032 1789 1068 1812 ta-

280 1828 421 1856 bernaculi
437 1828 480 1856 sui
496 1828 523 1855 in
542 1829 601 1863 ipso
616 1828 721 1856 fervore
739 1829 792 1856 diei
807 1838 814 1855 :
831 1837 950 1864 cumque
964 1830 1066 1857 elevas-

281 1878 324 1902 εει
349 1875 455 1906 oculos,
473 1879 658 1909 apparuerunt
680 1875 705 1902 ei
722 1880 777 1902 tres
795 1875 845 1902 viri
866 1879 970 1903 stantes
985 1884 1069 1911 prope

280 1928 366 1948 eum:
386 1928 456 1955 quos
485 1928 547 1947 cum
575 1920 700 1952 vidisset,
727 1922 848 1947 cucurrit
866 1921 893 1947 in
920 1929 1067 1949 occursum

280 1974 375 1993 eorum
393 1966 427 1993 de
441 1967 513 1993 ostio
528 1967 711 2000 tabernaculi,
727 1971 754 1994 et
767 1967 890 1994 adoravit
911 1969 938 1994 in
954 1971 1066 2000 terram,

280 2017 307 2040 et
323 2013 390 2040 dixit
405 2022 411 2040 :
428 2012 555 2045 Domine,
572 2013 596 2040 si
622 2014 712 2041 inveni
726 2015 844 2049 gratiam
860 2015 887 2042 in
904 2016 992 2043 oculis
1003 2016 1066 2047 luis,

281 2066 317 2085 ne
338 2062 462 2087 transeas
474 2067 582 2086 servum
599 2063 686 2092 tuum,
712 2061 759 2088 sed
777 2060 906 2088 efferatur
919 2062 1067 2096 pauxillum

280 2111 369 2139 aqua,
382 2108 408 2132 ct
421 2105 511 2132 lavent
527 2106 609 2140 pedes
625 2111 731 2134 vestros
746 2108 778 2134 “‘.
803 2117 812 2133 ι
832 2107 897 2135 Dein
913 2109 993 2142 paulo
1008 2113 1068 2143 post

280 2149 357 2177 addit
373 2159 381 2176 :
397 2159 406 2175 ι
425 2150 492 2177 Cum
507 2155 597 2178 autem
612 2153 796 2180 surrexissent
815 2154 888 2186 inde,
903 2154 1061 2182 direxerunt

279 2202 375 2230 oculos
389 2208 484 2230 contra
507 2203 674 2232 Sodomam:
699 2210 726 2232 et
740 2206 877 2233 Abraham
898 2207 979 2234 simul
1001 2216 1065 2243 gra-

284 2253 422 2287 diebatur,
443 2254 583 2283 deducens
598 2264 655 2284 eos.
676 2257 802 2292 Dixitque
827 2257 957 2287 Dominus
972 2269 979 2287 :
995 2259 1064 2288 Num

279 2300 368 2328 celare
395 2304 490 2336 potero
516 2302 651 2329 Abraham
668 2311 728 2338 qua:
744 2308 871 2338 gesturus
895 2306 974 2332 sum?
996 2306 1066 2333 Cum

280 2347 390 2374 futurus
405 2347 440 2374 sit
457 2348 485 2374 in
499 2351 607 2382 gentem
625 2357 750 2384 magnam
769 2358 802 2377 ac
829 2351 1062 2384 robustissimam,

279 2398 306 2421 et
317 2394 509 2422 benedicendae
523 2395 577 2422 sint
600 2395 627 2421 in
653 2395 700 2422 illo
722 2403 817 2423 omnes
834 2397 960 2424 nationes
975 2403 1063 2426 terrae.

279 2440 404 2468 Sciebam
419 2441 490 2468 enim
503 2440 574 2476 quod
592 2445 776 2476 praecepturus
793 2442 898 2471 sitﬁliis
914 2445 971 2471 suis
981 2448 1007 2470 et
1019 2443 1069 2471 ἀοι

278 2487 336 2514 mui
347 2495 403 2515 suae
410 2491 471 2522 post
480 2496 519 2520 se,
532 2491 561 2514 ut
574 2487 729 2515 custodiant
735 2489 792 2516 vias
800 2488 918 2521 Domini,
928 2494 954 2517 ct
966 2490 1067 2518 faciant

277 2531 410 2567 judicium
429 2537 456 2560 et
474 2533 634 2567 justitiam:
651 2538 680 2561 ut
705 2535 822 2563 adducat
846 2535 980 2563 Dominus
1000 2544 1064 2571 pro-

278 2581 339 2613 pter
354 2577 490 2605 Abraham
507 2580 598 2607 omnia
617 2588 678 2615 quze
688 2576 796 2609 locutus
810 2586 851 2608 est
862 2582 896 2609 ad
907 2590 981 2609 eum.
993 2582 1066 2610 Dixit

279 2628 369 2651 autem
381 2624 529 2653 Dominus:
546 2626 656 2654 Clamor
673 2626 853 2654 Sodomorum
863 2632 891 2655 et
906 2627 1063 2657 Gomorrhaa

279 2676 476 2711 multiplicatus
486 2680 572 2706 est".
593 2689 602 2705 ι
628 2679 662 2706 Et
685 2680 765 2714 paulo
788 2684 868 2715 post:
888 2690 897 2706 ‹
912 2681 1061 2709 Converte-

280 2731 399 2761 runtque
429 2735 459 2755 se
483 2729 545 2756 inde
568 2733 624 2757 tres
636 2730 699 2762 viri,
722 2734 749 2758 et
764 2731 890 2757 abierunt
904 2731 1063 2759 Sodomam.

280 2779 416 2808 Abraham
433 2789 497 2809 vero
512 2783 601 2810 adhuc
616 2784 706 2811 stabat
723 2792 816 2811 coram
832 2784 957 2812 Domino.
973 2784 1006 2812 Et
1017 2794 1063 2821 ap-

280 2832 468 2868 propinquans
480 2835 535 2862 ait:
554 2835 689 2872 Numquid
706 2838 802 2872 perdes
812 2838 916 2872 justum
935 2847 994 2864 cum
1013 2839 1064 2866 im-

331 2887 342 2902 "
361 2887 470 2923 GenJI,
490 2889 515 2920 7.
564 2891 575 2906 ⁸
595 2892 659 2918 ibid.
678 2892 703 2922 5.

759 2894 773 2913 ι
789 2893 856 2921 Gen.
875 2902 928 2925 xu,
948 2895 1004 2922 1-5.

281 2920 307 2949 7.
346 2922 367 2938 ⁸⁸
385 2920 536 2960 Οθηᾙιγιι,
557 2927 580 2953 l.
621 2927 641 2942 ¹⁸
662 2920 727 2955 Gen.
748 2936 832 2961 xvnt,
851 2920 906 2956 l-é.

1046 2896 1066 2910 ‘°
1088 2896 1152 2923 ibid.
1171 2897 1198 2924 ’1.

947 2931 967 2945 ¹⁶
987 2931 1040 2958 ibid
1071 2931 1156 2958 1620.

1122 1654 1177 1680 ριος
1194 1646 1208 1671 ὁ
1225 1645 1365 1679 ἐξαγαγών
1382 1653 1411 1671 σε
1427 1646 1458 1671 ὲκ
1477 1645 1568 1681 χώρας
1579 1645 1726 1673 Χαλδαίων.
1747 1656 1755 1672 ι
1770 1647 1912 1682 Πέμπτος,

1119 1691 1163 1718 ὅτε
1188 1690 1265 1726 ὤφθη
1294 1691 1394 1726 Κύριος
1426 1691 1465 1726 τῷ
1495 1691 1620 1726 Ἀϐραὰμ
1646 1693 1692 1718 καὶ
1719 1690 1796 1718 εἶπεν
1826 1693 1911 1727 αὐτῷ,

1123 1746 1132 1763 ‹
1155 1736 1225 1771 Ἐγὼ
1241 1737 1297 1772 εἰμι
1311 1737 1325 1762 ὁ
1341 1736 1406 1768 Θεὸς
1422 1745 1468 1762 σου
1480 1745 1486 1751 ”
1510 1737 1650 1772 εὖαρέστει
1673 1737 1788 1764 ἐνώπιον
1805 1738 1886 1773 ἐμοῦ,
1901 1748 1910 1762 ι

1120 1783 1166 1809 καὶ
1192 1782 1225 1809 τὰ
1249 1782 1337 1808 λοιπά.
1365 1782 1473 1813 Ἕκτος,
1500 1783 1528 1809 ὲν
1553 1779 1575 1815 ᾧ
1599 1783 1679 1809 πάλιν
1703 1793 1712 1808 ‹
1731 1784 1822 1819 Ὠξςθη
1837 1785 1912 1818 αὐτῷ

1119 1829 1222 1865 Κύριος
1240 1829 1307 1864 πρὸς
1320 1830 1353 1864 τῇ
1374 1829 1434 1864 δρυῒ
1452 1831 1484 1864 τῇ
1509 1829 1641 1865 Μαμϐρῆ,
1657 1829 1816 1865 καθημένου
1830 1830 1912 1857 αξιτεῦ

1120 1876 1165 1901 ἐπὶ
1178 1875 1226 1910 τῆς
1246 1875 1330 1910 θύρας
1343 1875 1392 1910 τῆς
1409 1875 1512 1910 σκηνῆς
1527 1875 1609 1902 αὑτοῦ
1628 1875 1803 1910 μεσημϐρίας
1814 1885 1820 1890 ·
1843 1877 1907 1903 ἀνα-

1120 1921 1220 1956 ϐλέψας
1234 1921 1261 1947 δὲ
1274 1922 1330 1952 τοῖς
1346 1921 1491 1956 ὀφθαλμοῖς
1503 1921 1585 1948 αὐτοῦ
1601 1920 1678 1953 εἶδεν,
1700 1923 1746 1948 καὶ
1763 1922 1820 1948 ἰδοὺ
1836 1924 1910 1959 τρεῖς

1119 1967 1214 2002 ἄνδρες
1227 1967 1399 2002 εἱστήκεισαν
1413 1967 1504 1993 ἐπάνω
1514 1967 1594 1994 αὑτοῦ
1607 1977 1612 1982 ·
1625 1968 1671 1994 καὶ
1686 1967 1747 1993 ἰδὼν
1760 1968 1910 2003 προσέδρα-

1121 2022 1169 2048 μεν
1183 2014 1223 2044 εις
1241 2014 1400 2048 συνάντησιν
1415 2014 1505 2045 αὐτοῖς
1521 2014 1574 2040 ἀπὸ
1589 2013 1639 2048 τῆς
1666 2013 1751 2050 θύρας
1766 2014 1818 2048 τῆς
1839 2022 1907 2049 σκη-

1119 2059 1167 2094 νῆς
1180 2059 1260 2085 αὑτοῦ
1271 2068 1277 2075 ·
1296 2060 1342 2086 καὶ
1356 2059 1560 2095 προσεκύνησεν
1570 2060 1616 2086 ἐπὶ
1627 2060 1676 2094 τὴν
1691 2059 1743 2094 γῆν
1758 2060 1808 2086 καὶ
1820 2058 1906 2086 εἶπεν·

1119 2105 1216 2140 Κύριε,
1229 2107 1253 2132 εἰ
1268 2104 1346 2142 εὖρον
1359 2106 1437 2142 χάριν
1451 2106 1570 2132 ἐναντίον
1583 2114 1640 2137 σου,
1652 2106 1689 2141 μὴ
1706 2106 1847 2142 παρέλθῃς
1866 2107 1911 2133 τὸν

1119 2151 1201 2177 παῖδὰ
1219 2159 1275 2182 σου,
1291 2151 1421 2186 ληφθήτω
1435 2151 1466 2186 δὴ
1482 2152 1577 2188 μικρὸν
1596 2152 1676 2187 ὕδωρ,
1691 2152 1737 2178 καὶ
1751 2153 1909 2187 νιψάτωσαν

1118 2199 1181 2229 τοὺς
1203 2198 1287 2230 πόδας
1311 2197 1396 2233 ὑμῶν.
1424 2207 1432 2222 ι
1461 2196 1529 2224 Εἶτα
1554 2198 1623 2233 μετά
1649 2207 1708 2225 τινα
1733 2199 1906 2234 ἐπιφέρεται,

1123 2253 1132 2269 ‹
1151 2244 1212 2270 Ὅτι
1234 2243 1428 2275 ἐξαναστάντες
1450 2244 1553 2270 ἐκεῖθεν
1574 2244 1726 2278 ἐπέϐλεψαν
1751 2243 1799 2271 ἐπὶ
1825 2246 1907 2281 πρόσ-

1083 2289 1104 2316 D
1118 2299 1191 2317 ωπον
1208 2290 1345 2325 Σοδόμων·
1369 2290 1495 2325 Ἀϐραὰμ.
1514 2290 1543 2316 δὲ
1561 2291 1756 2326 συνεπορεύετο
1778 2293 1839 2326 μετ’
1862 2293 1908 2318 αὖ·

1120 2334 1173 2362 τῶν
1190 2335 1416 2370 συμπροπέμπων
1431 2335 1528 2367 αὐτούς
1539 2344 1545 2350 ·
1559 2336 1573 2362 ὁ
1588 2335 1615 2362 δὲ
1629 2336 1731 2371 Κύριος
1748 2334 1827 2363 εἶπεν
1837 2346 1843 2351 ·
1860 2337 1904 2371 Μὴ

1118 2380 1213 2416 κρύψω
1233 2380 1287 2414 ἐγὼ
1311 2381 1365 2407 ἀπὸ
1385 2381 1511 2416 Ἀϐραὰμ
1536 2380 1583 2407 τοῦ
1610 2381 1703 2413 παιδός
1729 2389 1782 2416 μου
1810 2382 1829 2408 ἃ
1850 2382 1905 2416 ἐγὼ

1119 2426 1203 2459 ποιῶ;
1228 2426 1351 2462 Ἀϐραὰμ
1369 2427 1396 2453 δὲ
1419 2427 1558 2462 γινόμενος
1583 2427 1659 2453 ἔσται
1680 2428 1720 2459 είς
1736 2427 1815 2460 ἔθνος
1836 2429 1906 2463 μέγα

1118 2474 1164 2500 καὶ
1184 2473 1261 2504 πολὺ,
1279 2474 1326 2499 καὶ
1349 2473 1589 2509 ὲνευλογηθήσεται
1610 2474 1639 2500 ἐν
1660 2474 1734 2509 αὐτῷ
1759 2475 1850 2501 πάντα
1873 2475 1905 2500 τὰ

1117 2519 1181 2554 ἔθνη
1197 2519 1248 2554 τῆς
1260 2519 1310 2553 γῆς
1320 2528 1327 2534 ·
1346 2519 1421 2554 ᾔδειν
1442 2519 1495 2555 γὰρ
1509 2521 1549 2546 ὅτι
1562 2520 1685 2553 συντάξει
1701 2522 1757 2552 τοῖς
1773 2522 1843 2553 υἱοῖς
1854 2521 1904 2547 αὐ-

1116 2565 1163 2591 τοῦ
1184 2565 1231 2592 καὶ
1251 2565 1289 2600 τῷ
1306 2565 1372 2600 οἴκῳ
1386 2565 1468 2592 αὑτοῦ
1485 2566 1542 2601 μετ’
1561 2567 1660 2596 αὐτῶν,
1678 2567 1725 2593 καὶ
1740 2567 1903 2601 φυλάξουσι-ι

1117 2611 1165 2643 τὰς
1187 2611 1262 2643 ὁδοὺς
1286 2611 1399 2648 Κυρίου,
1420 2613 1506 2638 ποιεῖν
1533 2613 1705 2648 δικαιοσύνην
1729 2613 1777 2639 καὶ
1802 2613 1900 2649 κρίσιν.

1116 2658 1189 2690 ὅπως
1212 2658 1244 2684 ἂν
1261 2658 1386 2693 ἐπαγάγῃ
1404 2658 1504 2693 Κύριος
1528 2659 1574 2685 ἐπὶ
1595 2659 1719 2694 Ἀϐραὰμ
1737 2658 1757 2686 ἃ
1772 2659 1902 2693 ἐλάλησεν

1117 2703 1184 2737 πρὸς
1197 2703 1286 2729 αὐτόν.
1305 2701 1387 2729 Εἶπεν
1403 2703 1431 2730 δὲ
1453 2704 1563 2739 Κύριος·
1580 2704 1694 2740 Κραυγὴ
1712 2704 1838 2739 Σοδόμων
1858 2705 1903 2730 καὶ

1115 2749 1255 2786 Γομόρρας
1279 2750 1475 2784 πεπλήθυνται.
1494 2761 1502 2775 ι
1530 2751 1584 2778 Καὶ
1617 2751 1674 2786 μετ’
1699 2750 1792 2784 ὀλίγα·
1821 2760 1830 2775 ι
1849 2750 1902 2776 Καὶ

1115 2796 1336 2832 ἀποστρέψαντες
1353 2795 1456 2822 ἐκεῖθεν
1472 2797 1496 2823 οἱ
1514 2796 1608 2832 ἄνδρες
1627 2795 1709 2832 ἦλθον
1727 2798 1768 2828 είς
1782 2796 1898 2831 Σόδομα·

1122 2840 1245 2876 Ἀϐραὰμ
1257 2841 1285 2867 δὲ
1306 2839 1339 2876 ἦν
1353 2840 1477 2876 ἑστηκὼς
1493 2842 1611 2868 ἐναντίον
1623 2841 1726 2877 Κυρίου
1736 2850 1742 2856 ·
1761 2842 1809 2868 καὶ
1826 2841 1899 2874 ἐγγί-

1237 2898 1256 2914 ι”
1278 2897 1343 2924 ch.
1363 2906 1428 2930 xui,
1448 2897 1490 2924 14.
1531 2898 1551 2914 ⁸³
1571 2897 1636 2924 Gen.
1659 2905 1702 2929 xv,
1726 2897 1750 2925 ι,
1791 2898 1813 2913 ³³
1833 2897 1897 2925 ibid.
