2037 3215
165 165 178 192 1
183 165 237 194 029

163 235 214 260 σας
234 229 357 265 ’Λϐραὰμ
375 228 461 262 εἶπεν,
486 230 530 266 Μὴ
554 231 734 268 συναπολέσῃς
754 233 854 260 δίκαιον
877 234 944 268 μετὰ

161 274 277 307 ἀσεϐοῦς
287 283 294 290 ”
311 276 357 302 καὶ
373 275 447 303 ἔσται
461 277 475 302 6
494 276 596 309 δίκαιος
611 277 649 310 ὡς
669 279 683 304 6
705 279 817 315 ἀσεϐής·
832 280 879 306 ἐὰν
893 277 944 306 ῶσι

160 321 330 356 πεντήκοντα
352 322 448 349 δίκαιοι
472 324 501 349 ὲν
520 325 553 359 τῇ
571 324 657 356 πόλει,
673 325 814 357 ἀπολέσεις
829 325 941 357 αὐτούς;

161 366 219 392 Οὐκ
235 367 344 402 ἀνήσεις
353 367 440 394 πάντα
454 368 498 394 τὸν
511 368 591 396 τόπον
607 369 698 396 ἕνεκεν
711 369 764 396 τῶν
777 371 943 405 πεντήκοντα

157 411 281 444 δικαίων,
293 413 340 440 ἑὰν
355 410 420 440 ὦσιν
435 415 463 440 ὲν
477 415 562 451 αὑτῇ;
577 416 716 452 Μηδαμῶς
728 416 759 442 σὺ
775 417 895 452 ποιήσεις
906 417 942 448 ὡς

157 458 190 485 τὸ
206 459 281 494 ῥῆμα
293 459 371 486 τοῦτο
381 460 427 487 τοῦ
443 461 600 488 ἀποκτεῖναι
612 462 715 488 δίκαιον
728 462 796 497 μετὰ
811 462 938 494 ἀσεϐοῦς·

157 506 208 532 καὶ
223 506 297 533 ἐσται
314 507 328 533 ὁ
344 507 444 539 δίκαιος
460 507 496 539 ὡς
515 509 529 534 6
547 508 662 544 ἀσεϐής·
680 508 810 544 μηδαμῶς
821 517 827 523 ·
845 509 858 535 6
881 509 939 544 κρί-

157 559 214 578 νων
224 553 311 578 πᾶσαν
327 552 375 588 τὴν
390 553 441 588 γῆν
456 553 485 579 οὺ
509 553 632 588 ποιήσεις
651 553 758 589 κρίσιν;
779 564 787 579 ι
810 554 863 580 Καὶ
879 553 938 588 μεθ’

154 597 241 633 ἕτερά
256 606 336 633 φησιν
361 598 377 634 ἡ
403 598 514 634 Γραφή·
548 609 556 625 ι
578 599 708 634 Ἀπῆλθεν
729 599 755 625 δὲ
777 600 877 634 Κύριος
899 599 938 631 ὡς

155 643 294 670 ἐπαύσατο
308 642 395 669 λαλῶν
407 643 446 679 τῷ
463 644 593 680 Ἀϐραάμ.
611 645 739 683 Εἰσῆλθον
753 645 781 671 δὲ
797 645 843 671 καὶ
857 647 879 671 οἱ
891 645 938 671 δύο

154 689 264 724 ἄγγελοι
276 691 315 721 εἰς
330 690 433 726 Σόδομα
448 691 580 726 ἑσπέρας·
600 691 660 718 Λὼτ
677 692 704 719 δὲ
723 692 840 726 ἐκάθητο
861 692 935 728 παρὰ

197 737 355 773 Ἐπιστῆσαι
373 738 447 771 ἄξιον
470 739 582 775 πότερον
604 740 716 774 ἄγγελος
734 742 748 767 ὁ
761 739 848 776 τυχὼν
867 740 937 767 κατὰ

153 784 219 816 τοὺς
229 784 327 816 τόπους
343 785 469 820 δηλοῦται
485 787 500 813 6
513 787 574 818 τοὺς
591 788 796 823 χρηματισμοὺς
810 788 876 824 πρὸς
890 788 935 815 τὸν

158 830 285 866 Ἀϐραὰμ
300 832 491 867 πεποιημένος,
512 833 527 868 ἢ
543 832 622 864 αὐτὸς
641 833 654 859 ὁ
677 833 730 859 τῶν
745 834 812 860 ὅλων
825 834 900 865 Θεὸς,
916 834 932 870 ἥ

151 876 244 911 τρίτος
260 886 300 908 τις
317 877 391 913 παρὰ
409 878 518 910 τούτους
536 880 550 905 6
565 879 611 905 τοῦ
634 879 700 905 Θεοῦ
714 879 807 914 Λόγος,
819 880 848 906 ὂν
865 879 932 915 μετὰ

149 921 199 950 τὸν
215 922 342 950 ἀνωτάτω
358 923 466 959 Πατέρα
479 923 526 950 καὶ
538 923 602 950 Θεὸν
621 924 674 951 τῶν
689 925 756 951 ὅλων
771 925 870 960 Κύριον
885 926 931 952 καὶ

149 967 218 994 Θεὸν
234 968 379 1000 ἀποκαλεῖν
392 969 450 1001 ἔθος
462 971 494 1005 τῇ
511 970 569 1005 ἱερᾷ
581 970 690 1007 Γραφῇ·
706 970 745 997 ἔτι
760 979 789 997 τε
805 971 929 1006 ζητῆσαι,

148 1013 195 1045 τίς
210 1011 243 1048 ἦν
262 1015 276 1040 6
291 1014 345 1041 τῶν
359 1015 442 1049 τριῶν
459 1015 513 1042 τῶν
536 1015 669 1050 ὀφθέντων
686 1016 725 1051 τῷ
746 1016 869 1052 Ἀϐραὰμ
885 1017 931 1044 ἁν-

149 1058 232 1095 δρῶν,
252 1061 318 1096 πρὸς
332 1061 360 1087 ὃν
374 1061 454 1092 αὑτός
469 1070 497 1088 τε
510 1059 594 1093 εἶπεν,
613 1071 622 1086 ε
638 1062 733 1098 Κύριε,
746 1064 769 1090 εὶ
783 1061 859 1097 εὖρον
882 1064 931 1099 χά-

151 1113 195 1139 ριν
212 1105 330 1132 ἐναντίον
346 1114 391 1132 σου
404 1115 410 1121 ·
433 1115 442 1132 ι
459 1107 506 1133 καὶ
519 1107 609 1141 πάλιν,
633 1117 642 1133 ι
662 1109 800 1144 Μηδαμῶς
812 1118 819 1124 -
837 1111 851 1136 6
871 1109 930 1145 κρί-

146 1159 203 1177 νων
225 1152 312 1178 πᾶσαν
331 1151 381 1188 τὴν
401 1153 452 1187 γῆν
469 1153 498 1179 οὺ
517 1154 638 1189 ποιήσεις
662 1155 765 1190 κρίσιν·
784 1165 794 1181 ›
813 1157 876 1192 περὶ
898 1153 929 1183 οὗ

145 1197 223 1232 καὶὴ
238 1196 296 1223 Θεία
312 1198 332 1223 Γ
335 1198 405 1233 ραφὴ
415 1198 456 1234 κού
474 1198 551 1234 μόνον
568 1199 684 1235 πρῶτον,
697 1201 762 1227 ἀλλὰ
776 1201 821 1228 κα)¹
840 1202 929 1229 δεύτε-

147 1249 196 1277 ρον
216 1242 263 1268 καὶ
286 1242 375 1276 τρίτον
401 1243 540 1278 ἱστορικῶς
562 1253 652 1279 φησιν,
670 1254 679 1270 1
699 1246 784 1281 Ὤφοη
806 1247 834 1272 δὲ
856 1247 928 1282 αὐτῷ

144 1286 260 1322 Κύριος,
277 1297 287 1314 ›
311 1289 357 1315 ἐπὶ
371 1290 403 1325 τῇ
419 1289 449 1323 (f.
470 1289 497 1324 5)
516 1299 525 1315 ί
542 1290 643 1326 Κύριος
659 1300 668 1317 ι
691 1292 860 1328 προσηγορίᾳ
880 1292 926 1319 τοῦ

144 1333 337 1370 ἁνεκφωνήτου
354 1335 382 1362 ἐν
398 1335 436 1371 τῷ
456 1336 591 1371 Ἐϐραῐκῷ
605 1338 769 1372 τεταγμένου
787 1338 925 1374 ὀνόματος,

142 1379 215 1415 ὅπερ
227 1380 397 1407 οὐδεπώποτε
418 1382 464 1408 ἐπὶ
480 1382 625 1418 ἀγγελικῆς
640 1383 778 1418 δυνάμεως
797 1384 927 1420 παρείλη-

144 1433 223 1452 πται.
241 1425 307 1453 Ὅτε
321 1426 386 1461 γοῦν
401 1428 414 1453 6
433 1427 494 1454 Λὼτ
506 1430 561 1460 τοῖς
582 1429 621 1460 εἰς
634 1429 735 1464 Σόδομα
749 1430 870 1457 ἐλθοῦσιν
882 1432 926 1465 ἀγ-

142 1472 235 1506 γέλοις
250 1473 455 1509 ἀναγέγραπται
465 1473 561 1508 λέγων,
579 1483 587 1500 t
603 1474 712 1509 Δέομαι,
724 1475 818 1511 Κύριε,
832 1476 924 1511 ἐπειδὴ

143 1516 225 1553 εὗρεν
240 1519 253 1544 ὁ
268 1521 332 1551 παῖς
354 1528 400 1546 σου
411 1519 484 1552 ἕλεος
500 1519 612 1547 ἐνώπιόν
631 1530 686 1553 σου,
704 1531 713 1547 ι
729 1523 815 1548 κεῖται
831 1522 879 1557 μὲν
896 1523 924 1548 ἐν

140 1563 183 1598 τῷ
197 1563 331 1599 Ἐϐραῖκῷ
348 1564 388 1597 τὸ,
402 1574 411 1590 ι
424 1565 519 1600 Κύριε,
533 1576 541 1590 ι
554 1565 610 1592 ἀλλ’
625 1566 653 1592 οὺ
665 1566 707 1592 διὰ
718 1566 771 1592 τῶν
786 1567 924 1602 τεσσάρων

143 1610 282 1645 στοιχείων
301 1610 355 1636 τῶν
371 1611 435 1646 παρ’
455 1611 589 1646 Ἑϐραίοις
603 1611 649 1637 ἐπὶ
669 1611 714 1638 τοῦ
731 1613 849 1648 ἀρρήτου
863 1613 922 1639 ὀνό-

142 1664 229 1691 ματος
244 1656 291 1682 τοῦ
314 1656 381 1682 Θεοῦ
403 1656 698 1692 παραλαμϐανομένων,
718 1657 751 1683 δι’
771 1658 872 1693 ἐτέρων
894 1659 922 1685 δὲ

141 1698 281 1728 συλλαϐῶν
295 1702 328 1729 δι’
343 1699 379 1729 (ἰν
394 1703 440 1729 καὶ
452 1703 466 1729 ὁ
479 1702 543 1738 παρ’
560 1702 710 1740 ἀνθρώποις
725 1703 922 1739 ὀνομαζόμενος

139 1747 235 1783 κύριος
262 1747 315 1774 τῶν
332 1748 399 1784 πρός
410 1757 436 1775 τι
457 1748 606 1783 τυγχάνων,
620 1746 674 1775 οἷον
694 1749 797 1775 οἰκέτου
817 1749 919 1784 κύριος,

137 1794 207 1828 παρ’
228 1793 362 1829 Ἑϐραίοις
378 1794 575 1829 ἐγγέγραπται’
593 1794 649 1820 ἀλλ’
672 1794 748 1821 οὐδέν
772 1804 802 1829 γε
816 1795 920 1827 τούτοις

137 1838 201 1874 ἔχον
216 1840 403 1875 παραπλήσιον
422 1840 452 1866 τὸ
475 1841 520 1867 ἐπὶ
543 1843 592 1877 τῆς
610 1840 657 1867 τοῦ
678 1840 743 1867 Θεοῦ
765 1840 920 1871 αὑθεντείας

136 1885 183 1912 διὰ
198 1885 252 1912 τῶν
272 1887 411 1922 τεσσάρων
433 1887 568 1922 στοιχείων
591 1887 868 1922 παραλαμϐανόμενον
890 1886 918 1913 ἓν

136 1939 169 1956 τε
183 1931 242 1962 ταῖς
254 1932 508 1967 ἁναγεγραμμέναις
522 1932 568 1958 τοῦ
579 1932 644 1958 Θεοῦ
658 1932 723 1968 πρὸς
739 1932 783 1958 τὸν
797 1932 918 1968 Ἀϐραὰμ

137 1977 280 2008 ὀπτασῖαις
308 1978 490 2013 ἐμφερόμενον
518 1978 609 2012 σαφῶς
634 1979 795 2014 παρίστησιν
811 1999 818 2010 ,
851 1979 917 2014 μηδὲ

136 2023 262 2058 ἄγγελον,
299 2023 366 2059 μηδὲ
388 2025 468 2060 ὀλίγῳ
489 2023 582 2050 τοῦτον
605 2024 838 2060 ἐπαναϐεϐηκυῖάν
858 2034 918 2051 τινα

136 2068 213 2096 θείαν
234 2069 347 2104 δύναμιν
361 2070 434 2104 αὐτῷ
450 2070 690 2105 κεχρηματικέναι,
706 2070 762 2096 ἀλλ’
776 2070 856 2097 αὑτὸν
871 2070 916 2096 τὸν

135 2115 214 2148 Θεὸν,
230 2112 260 2142 οὗ
273 2115 322 2151 τὴν
347 2116 463 2151 ἄρρητον
480 2116 641 2151 ὲκφώνησιν,
664 2116 747 2150 αὐτὴν
770 2116 802 2151 δὴ
816 2115 916 2151 ταύτην

134 2161 207 2188 κατὰ
217 2162 279 2193 τοὺς
292 2161 390 2193 τόπους
405 2162 448 2188 διὰ
461 2162 514 2188 τῶν
530 2163 666 2198 τεσσάρων
685 2161 821 2197 στοιχείων
833 2163 915 2197 ἐμφε-

137 2207 264 2243 ρομένην,
278 2208 357 2242 μόνος
374 2208 387 2234 ό
401 2207 546 2242 ἀρχιερεὺς
563 2208 609 2234 ἐπὶ
626 2207 672 2234 τοῦ
698 2207 821 2242 μετώπου
839 2216 915 2242 περι-

675 168 826 202 ,Εῦιιῦῧῶ
844 170 1083 198 Ριιοριιετιελε.
1104 185 1136 190 ια
1157 171 1219 199 LlB.
1237 171 1258 199 ι.

1711 175 1720 200 1
1727 174 1781 201 (50

960 239 981 265 Α
996 233 1056 268 pio?
1068 233 1241 266 Sitvejustus
1254 238 1282 260 ut
1291 234 1409 268 impius?
1423 232 1451 260 Si
1466 233 1567 261 fuerint
1581 233 1777 270 quinquaginta

994 279 1060 313 justi
1074 279 1100 306 in
1109 279 1226 311 civitate,
1243 279 1369 314 peribunt.
1377 280 1477 307 simul?
1503 279 1598 307 Nonne
1610 287 1705 314 parces
1716 280 1776 307 loco

996 325 1034 351 illi
1055 331 1163 360 propter
1182 327 1377 362 quinquaginta
1397 327 1498 361 justos,
1521 328 1544 354 si
1568 327 1669 354 fuerint
1683 329 1710 354 in
1727 329 1776 356 eo?

996 370 1076 398 Absit
1087 379 1101 397 a
1125 375 1151 398 te
1166 377 1195 398 ut
1210 380 1265 399 rem
1281 373 1351 399 hanc
1367 373 1462 405 facias,
1488 377 1514 400 et
1535 373 1645 401 occidas
1667 373 1773 408 justum

995 424 1055 443 cum
1072 417 1166 452 impio,
1183 417 1281 452 fintque
1293 419 1385 453 justus
1396 419 1468 445 sicut
1479 419 1590 453 impius;
1600 427 1654 446 non
1668 424 1711 446 cst
1722 420 1773 447 hoc

993 466 1080 494 tuum,
1097 464 1142 497 qui
1153 463 1261 497 jttdicas
1275 472 1382 491 omnetn
1403 468 1503 491 terram
1521 473 1529 498 ;
1545 473 1716 500 nequaquam
1732 466 1772 493 fa.

992 509 1048 536 cies
1059 509 1191 543 judicium
1221 510 1273 537 hoc
1291 511 1326 537 ".
1341 520 1351 536 ›
1369 510 1402 537 Et
1424 515 1485 546 post
1502 519 1587 546 pauca
1611 512 1677 539 dicit
1698 511 1772 539 Scri-

991 557 1068 588 ptura
1077 564 1083 580 :
1091 555 1176 582 «Abiit
1185 559 1273 582 autem
1282 555 1569 591 Dominus,postquam
1577 558 1769 593 cessavitloqui

990 599 1022 626 ad
1031 599 1167 627 Abraham
1177 601 1212 632 ¹⁸;
1227 605 1412 636 veneruntque
1427 603 1480 629 duo
1492 603 1579 637 angeli
1588 604 1614 630 in
1625 603 1770 630 Sodomam

990 653 1111 680 vespere,
1128 649 1155 673 et
1170 646 1281 674 sedente
1296 647 1346 675 Lot
1361 648 1389 674 in
1405 647 1508 676 foribus
1518 649 1636 677 civitatis
1650 650 1681 676 ⁸³.
1700 659 1710 676 ι

953 692 1002 728 τὴν
1018 693 1104 729 πύλην
1118 694 1249 729 Σοδόμων.
1265 705 1275 721 ›

1025 739 1102 768 Scire
1117 745 1158 769 est
1169 749 1258 777 operte
1281 743 1409 777 pretium,
1436 748 1527 770 utrum
1547 744 1582 771 sit
1597 745 1709 780 angelus
1720 745 1766 780 qui

987 785 1030 813 his
1055 787 1083 812 in
1112 785 1260 822 Scriptura:
1283 788 1352 815 locis
1373 789 1530 816 Ahrahamo
1549 790 1709 824 apparuisse
1725 798 1767 818 os-

983 831 1114 863 tenditur,
1130 840 1164 859 an
1179 833 1236 868 ipse
1250 834 1371 861 omnium
1387 834 1468 866 Deus.
1487 835 1528 862 vel
1543 836 1639 862 tertius
1656 835 1765 870 aliquis,

983 876 1029 903 Dei
1043 877 1148 904 scilicet
1156 876 1283 909 Verbum.
1297 886 1376 912 quem
1389 883 1450 913 post
1466 879 1628 906 altissimum
1640 879 1759 912 Patriam,

982 925 1008 949 ct
1022 922 1104 949 Deum
1117 923 1236 950 omnium
1246 923 1399 956 Dominum,
1411 928 1438 952 et
1449 924 1531 951 Deum
1543 926 1674 951 vocarein
1686 933 1763 953 sacra

984 966 1125 1002 Scriptura
1164 968 1267 1002 solent;
1292 977 1398 996 necnon
1431 969 1569 1004 inquirere
1592 970 1653 1005 quis
1691 975 1763 998 esse:

980 1013 1063 1039 trium
1079 1013 1209 1047 virorum,
1225 1015 1271 1049 qui
1288 1014 1443 1042 Ahrahamo
1465 1015 1516 1042 visi
1540 1020 1614 1046 sunt,
1632 1015 1666 1041 ad
1681 1023 1760 1050 quem

980 1058 1026 1085 ille
1041 1058 1139 1086 dixerit
1154 1069 1160 1086 ι
1180 1070 1189 1085 ‹
1208 1059 1331 1093 Domine,
1350 1061 1372 1088 si
1396 1062 1486 1088 inveni
1503 1061 1618 1096 gratiam
1631 1062 1659 1088 in
1674 1061 1762 1091 oculis

980 1104 1033 1131 tuis
1047 1105 1089 1138 ‘°;
1109 1114 1118 1130 ι
1136 1109 1163 1132 et
1173 1113 1269 1134 rursus
1289 1116 1296 1133 :
1311 1116 1320 1132 ι
1339 1105 1398 1144 Non
1417 1111 1459 1134 est
1472 1107 1524 1134 hoc
1539 1112 1615 1134 tuum
1633 1117 1639 1134 :
1656 1107 1703 1142 qui
1714 1107 1760 1141 ju~

979 1149 1055 1177 dicas
1074 1158 1181 1178 omnem
1198 1155 1307 1180 terram.
1323 1159 1493 1187 nequaquam
1521 1153 1605 1180 facies
1625 1153 1757 1187 judicium

979 1193 1030 1221 hoc
1045 1195 1077 1221 ²¹.
1097 1205 1106 1220 ι
1129 1194 1166 1222 De
1181 1203 1235 1230 quo
1251 1201 1277 1223 et
1302 1195 1392 1223 divina
1422 1196 1560 1231 Scriptura
1582 1205 1636 1224 non
1652 1202 1758 1224 tantum

978 1240 1072 1274 semel,
1088 1241 1134 1268 sed
1151 1249 1247 1269 rursus
1264 1246 1291 1269 et
1316 1243 1396 1270 tertio
1423 1251 1520 1277 reapse
1543 1243 1631 1270 dixit:
1649 1252 1658 1267 ι
1676 1243 1757 1270 Visus

978 1292 1066 1315 autem
1088 1289 1112 1316 ei
1135 1289 1267 1317 Dominus
1278 1291 1310 1322 “,
1333 1300 1342 1316 I
1359 1291 1403 1318 ubi
1421 1299 1430 1316 ι
1450 1291 1580 1318 Dominus
1600 1301 1610 1317 ›
1630 1284 1757 1318 ineffabili

977 1334 1157 1368 appellatione
1184 1336 1212 1362 in
1237 1336 1373 1363 Hebraico
1400 1339 1476 1363 textu
1499 1336 1669 1371 designatur,
1698 1344 1758 1372 quae

977 1380 1080 1407 scilicet
1101 1388 1235 1416 nusquam
1252 1381 1285 1408 de
1305 1382 1425 1416 angelica
1448 1387 1581 1416 potestate
1598 1387 1755 1418 usurpatur.

975 1425 1043 1453 Cum
1060 1426 1141 1462 igitur
1162 1427 1211 1454 Lot
1234 1428 1406 1455 venientibus
1432 1429 1459 1456 in
1486 1428 1631 1456 Sodomam
1650 1429 1754 1464 angelis

975 1471 1075 1499 dixisse
1091 1472 1193 1501 fertur:
1210 1483 1218 1499 ι
1237 1473 1344 1507 Quaeso,
1368 1474 1479 1502 Domine
1499 1476 1546 1506 mi,
1563 1476 1627 1510 quia
1645 1475 1750 1502 invenit

975 1523 1071 1544 servus
1084 1523 1148 1545 tuus
1161 1519 1274 1553 gratiam
1291 1527 1382 1546 coram
1407 1524 1433 1547 te
1457 1521 1490 1552 ’³,
1524 1531 1533 1546 )
1564 1521 1701 1548 invenitur
1726 1521 1753 1548 itt

937 1579 958 1607 ϐ
977 1561 1108 1590 Hebraico
1122 1568 1208 1596 textu,
1223 1574 1232 1589 ‹
1250 1565 1373 1597 Domine,
1391 1575 1400 1590 ι
1418 1566 1464 1592 sed
1482 1574 1536 1593 non
1553 1572 1668 1601 quatuor
1685 1567 1755 1594 litte-

975 1609 1013 1636 ris
1029 1609 1188 1644 designatus
1215 1618 1275 1645 qua:
1300 1611 1371 1646 apud
1393 1611 1521 1639 Hebraeos
1547 1612 1681 1640 ineffabile
1705 1613 1751 1639 Dei

973 1662 1070 1682 nomen
1086 1657 1252 1690 exprimunt,
1283 1657 1329 1684 scd
1358 1658 1410 1684 alia
1439 1658 1670 1690 denominatione,
1693 1667 1753 1694 qua:

971 1700 1051 1735 vulgo
1062 1702 1133 1736 apud
1150 1701 1275 1730 llehrazos
1292 1703 1325 1730 de
1338 1703 1454 1737 alicujus
1472 1704 1543 1730 inter
1561 1705 1683 1732 homines
1701 1704 1751 1731 do-

971 1747 1057 1779 mino,
1072 1748 1154 1775 veluti
1168 1747 1202 1775 de
1217 1749 1287 1776 servi
1300 1748 1419 1779 domino,
1434 1754 1589 1783 usurpatur.
1601 1749 1673 1776 Nihil
1689 1757 1753 1776 vero

971 1793 1024 1820 tale
1039 1793 1161 1820 invenias
1174 1794 1200 1820 in
1216 1793 1436 1821 denominationc
1451 1801 1511 1829 qua:
1523 1794 1556 1820 ad
1571 1794 1618 1821 Dei
1631 1795 1749 1821 auctori-

970 1844 1050 1867 tatem
1067 1844 1182 1875 spectat,
1201 1840 1228 1867 in
1243 1844 1466 1874 tctragrammato
1493 1839 1605 1871 scilicet,
1629 1840 1700 1874 quod
1722 1840 1748 1866 in

969 1885 1062 1912 relatis
1085 1885 1131 1912 Dei
1146 1886 1179 1912 ad
1194 1885 1377 1912 Ahrahamitm
1396 1885 1617 1922 apparitionibus
1634 1893 1750 1920 usurpa-

968 1935 1023 1958 tur.
1037 1931 1093 1958 llnc
1112 1931 1203 1966 itaque
1216 1939 1266 1958 nec
1282 1931 1404 1966 angelus,
1429 1938 1479 1958 nec
1495 1931 1590 1965 angelo
1607 1932 1689 1966 paulo
1703 1939 1750 1958 su-

969 1978 1058 2012 perior
1070 1978 1161 2012 aliqua
1176 1978 1267 2005 divina
1281 1982 1402 2013 potestas
1420 1977 1591 2011 designatur,
1608 1978 1654 2004 scd
1678 1976 1748 2005 Deus

967 2023 1034 2057 ipse,
1050 2025 1127 2057 cujus
1143 2022 1276 2050 ineffabile
1294 2031 1404 2054 nomen,
1432 2027 1525 2057 utpote
1538 2023 1666 2050 distincte
1681 2031 1748 2057 qua-

966 2073 1027 2096 tuor
1052 2069 1151 2096 litteris
1171 2069 1424 2100 exaratum,.solus
1457 2076 1580 2096 summus
1614 2069 1746 2104 ponlifex,

966 2115 1054 2142 fronte
1083 2115 1207 2149 gestabat
1226 2115 1254 2141 in
1272 2115 1371 2141 lamina
1394 2122 1475 2142 aurea
1504 2122 1563 2149 qtue
1592 2115 1746 2150 appellaba-

965 2165 1009 2187 tur
1029 2169 1035 2187 :
1055 2170 1064 2185 ι
1094 2160 1223 2187 (Σαξιεηυηι
1248 2160 1377 2194 sigillum.
1399 2165 1522 2188 sanctum
1548 2160 1662 2188 Domino
1681 2161 1714 2188 ".
1734 2170 1745 2187 ›

964 2206 1137 2234 Manifestum
1154 2211 1195 2234 est
1213 2210 1302 2233 autem
1316 2206 1436 2233 divinam
1448 2205 1616 2240 Scripturam
1632 2214 1686 2233 non
1704 2207 1745 2233 in-

134 2253 224 2280 έκειτο
248 2253 336 2289 φέρων
358 2253 404 2279 ἐπὶ
417 2253 463 2279 τοῦ
478 2253 577 2288 χρυσοῦ
595 2253 709 2280 πετάλου
732 2253 760 2279 τὸ
773 2253 915 2288 λεγόμενον

973 2253 1175 2280 iiscriminatim
1197 2253 1267 2279 hanc
1287 2252 1390 2287 angelis
1410 2252 1569 2279 attribuisse
1583 2252 1745 2279 denomina-

136 2308 147 2323 σ
159 2298 324 2333 Ἑκτύπωμα
340 2299 493 2335 σφραγίδος,
508 2298 698 2334 ἁγιάσμαιτος]
713 2299 823 2334 Κυρίου.
840 2309 848 2324 ι
862 2299 916 2326 Καὶ

133 2344 223 2378 δτιὛε
236 2344 285 2370 οὐκ
304 2344 447 2380 ἀδιάφορόν
466 2346 524 2370 ὲστι
540 2347 572 2380 τῇ
585 2345 643 2380 θείᾳ
662 2345 755 2381 Γραφῇ
775 2345 817 2372 ἐπ’
836 2346 916 2379 ἀγγέ-

132 2389 188 2416 λων
210 2390 325 2425 χρῆσοαι
347 2391 379 2425 τῇ
401 2390 511 2426 τοιαύτῃ
535 2390 712 2426 προσηγορίᾳ,
729 2391 859 2426 πρόδηλον
883 2391 915 2417 ἐκ

132 2435 181 2462 τοῦ
198 2436 298 2471 σφόδρα
319 2436 584 2470 παρατετηρημένως
608 2435 671 2461 ποτὲ
694 2436 742 2470 μὲν
765 2436 844 2461 αὐτὸν
869 2435 914 2461 τὸν

132 2481 199 2508 Θεὸν
210 2481 227 2516 ἢ
241 2480 286 2508 τὸν
297 2480 339 2507 διὰ
352 2480 399 2507 τοῦ
413 2481 623 2516 τετραγράμμου
637 2480 797 2515 δηλούμενον
813 2481 913 2517 Κύριον

131 2524 223 2562 ὦφθαι
235 2536 264 2554 τε
276 2529 322 2554 καὶ
332 2527 494 2564 κεχρηκέναι
509 2528 564 2558 τοῖς
576 2527 689 2558 δικαίοις
709 2527 833 2562 ἱστορεῖν,
849 2527 912 2553 ποτὲ

130 2571 161 2599 δὲ
186 2571 315 2606 ἀγγέλους
339 2572 504 2608 ἀναγράφειν
525 2571 587 2602 τοὺς
610 2571 791 2607 ἑωραμένους.
818 2572 912 2606 Σαφῶς

129 2615 178 2645 οῦν
193 2617 208 2644 ό
220 2619 254 2654 τῇ
268 2618 356 2654 ’Ἅγαρ
369 2617 496 2654 ἀλωμένῃ
512 2617 654 2652 ἐπιφανεὶς
670 2616 784 2651 ἄγγελος
799 2615 831 2652 ἦν
842 2625 848 2630 ·
866 2617 912 2643 καὶ

128 2663 186 2698 γὰρ
201 2663 284 2700 ὲχρῆν
298 2664 388 2700 ἐκείνῃ
405 2663 464 2699 μὲν,
481 2664 528 2690 ἆτε
544 2663 668 2689 πλεῖστον
682 2663 742 2689 ὅσον
766 2662 909 2689 ἀπολειπο-

129 2709 200 2746 μένῃ
215 2709 262 2735 τοῦ
287 2709 420 2745 Ἀϐραὰμ.
445 2709 491 2736 καὶ
513 2709 588 2736 οὐδέν
607 2717 632 2735 τι
657 2708 736 2734 πλέον
762 2707 908 2742 ἀγγελικῆς

128 2755 261 2787 ὀπτασίας
277 2755 388 2790 θεωρεῖν
408 2755 551 2791 δυναμένη,
570 2755 733 2790 κατάλληλον
753 2754 800 2789 τὴν
824 2755 908 2781 ὀπτα-

133 2838 152 2844 ,.
166 2814 187 2829 ¹⁷
195 2812 263 2842 Gen.
278 2813 459 2846 xvm,22-25.
508 2815 530 2831 ¹⁸
541 2815 658 2843 ibid.35.
706 2816 727 2831 ¹⁹
737 2814 869 2848 Gemitu,
880 2814 904 2842 ‘l.

129 2848 229 2882 £8.19.
275 2849 544 2880 "Exod.uv1tt.36.

965 2298 1076 2329 tionem,
1090 2298 1241 2333 prresertim
1256 2305 1317 2324 cum
1336 2298 1541 2325 accuratissime
1557 2305 1630 2324 nunc
1655 2299 1743 2332 ipsum

964 2344 1062 2375 Deum,
1079 2344 1119 2370 vcl
1143 2347 1366 2378 telragrammato
1381 2343 1584 2370 denominatum
1601 2343 1743 2376 Dominum

964 2389 1124 2424 apparuisse
1135 2395 1161 2416 et
1173 2397 1234 2416 cum
1245 2389 1328 2424 justis
1340 2393 1532 2416 conversatum
1547 2388 1631 2415 fuisse
1647 2388 1738 2415 memi-

962 2436 1045 2466 nerit,
1062 2443 1134 2462 nunc
1148 2443 1212 2462 vero
1234 2437 1346 2470 angelos
1373 2435 1446 2462 visos
1474 2434 1568 2461 fuisse.
1600 2433 1743 2461 Manifesta

963 2481 1046 2516 igitur
1061 2481 1173 2515 angelus
1189 2485 1258 2511 erat,
1279 2481 1325 2515 qui
1343 2481 1414 2515 Agar
1429 2480 1532 2507 erranti
1557 2479 1642 2506 visus.
1661 2478 1742 2506 Decc-

962 2527 1009 2553 hat
1022 2526 1095 2553 enim
1111 2527 1175 2553 huic
1187 2526 1307 2561 quidem,
1322 2529 1404 2560 prout
1420 2525 1453 2552 ab
1463 2525 1619 2551 Abrahamo
1634 2525 1742 2559 penitus

961 2571 1105 2602 derelictae,
1124 2577 1175 2597 nec
1188 2569 1326 2605 quidpiam
1347 2570 1468 2605 angelica
1482 2569 1586 2597 visione
1596 2570 1684 2603 majus
1699 2571 1741 2597 in-

960 2617 1029 2644 tueri
1044 2617 1155 2648 valenti,
1175 2617 1282 2643 obviam
1299 2616 1355 2643 fieri
1372 2624 1420 2651 per
1441 2620 1598 2650 prtesentcm
1617 2615 1740 2650 angelum

959 2663 1103 2695 visionem,
1120 2662 1183 2689 dum
1204 2662 1359 2689 Ahrahamo
1375 2661 1486 2692 clarior,
1504 2660 1552 2688 Dei
1574 2661 1678 2688 scilicet
1700 2661 1740 2695 ip-

961 2709 1028 2740 sius,
1054 2708 1238 2736 manifestatio
1265 2708 1353 2735 fieret.
1378 2706 1483 2741 Quippe
1509 2711 1606 2733 cretera
1629 2706 1687 2740 ipsa
1706 2705 1738 2732 ad

961 2761 1023 2781 eum
1035 2754 1081 2782 Dei
1096 2755 1177 2782 verba
1192 2761 1288 2790 parum
1303 2761 1423 2789 congrua
1433 2757 1536 2785 essent,
1552 2753 1574 2779 si
1590 2753 1652 2787 quis
1663 2759 1694 2779 ea
1705 2753 1740 2779 ad

945 2814 1163 2849 '°Gen.xvtu,5.
1203 2813 1352 2842 "ibid.25.
1391 2811 1524 2841 "ibid.l.
1564 2810 1738 2839 "Gemxtx.
