2037 3215
234 170 299 198 1011

610 170 744 198 EUSEBII
765 170 1001 199 CAESARIENSIS
1012 172 1089 200 OPP.
1108 172 1198 200 PARS
1213 172 1257 200 Ill.
1270 187 1304 194 --
1323 148 1527 200 EXEGETlCiL

1791 174 1861 202 1013

237 243 280 269 Vl.
300 243 341 269 Ea:
358 243 420 269 Jolt.
437 241 571 276 .Xiphilino
584 241 749 275 patriarcha,
764 242 791 268 in
807 241 917 303 ham‘itlia
929 243 1030 305 inz‘di‘tla
1041 251 1120 305 quam
1134 243 1225 305 ὴαρὲὂι
1240 243 1266 270 in
1279 242 1411 269 dominica
1423 240 1455 269 de
1466 241 1620 268 mulieribus
1635 246 1756 268 aromata
1772 241 1844 276 {erat

877 285 884 303 ι
905 285 945 305 us.
984 286 997 304 ο
1019 297 1025 304 .
1058 285 1105 305 ἀί.
1126 286 1150 305 ο.
1222 298 1230 305 .

877 285 946 307 mus.
960 285 1025 305 eoa.
1048 285 1105 308 ναι.
1124 286 1150 313 ρ.
1168 285 1230 308 tuo.

271 337 297 364 6.
317 336 450 363 Eusebius
458 343 522 362 vero
533 334 711 362 Cesariensis
724 335 770 367 ait,
788 335 901 362 Mariam
913 335 1022 371 quidem

1112 338 1149 369 ς’.
1169 337 1299 369 Εὐσεόιός
1317 345 1398 371 φησιν
1414 337 1428 363 ὁ
1447 335 1624 371 Καισαρείας,
1642 335 1680 367 ὡς
1696 335 1788 371 Μαρία
1811 335 1861 371 μὲν

235 382 430 417 Magdalenen),
446 385 473 408 et
485 380 597 408 Mariam
612 379 706 408 Jacobi
722 385 858 416 unguenta
868 382 1023 416 paravisse;

236 437 324 464 neque
336 433 425 454 tamen
438 427 546 454 easdem
558 434 620 453 esse
634 433 694 461 qum
712 434 792 454 mane
815 423 948 454 venerunt
963 433 1024 455 οιΊο

233 475 289 509 jam
298 474 366 504 sole,
374 474 420 501 sed
430 481 579 508 auonymas
591 473 659 500 alias
671 483 677 500 :
691 474 783 500 multa:
791 474 863 501 enim
873 482 906 501 ex
914 474 1023 502 Galilzea

236 529 298 548 cum
312 520 456 548 Servatore
470 519 661 547 ascenderant.
678 519 860 552 Quamobrem
878 521 920 548 lite
936 529 1024 556 neque

237 571 319 594 noctu
339 567 402 593 illnc
417 566 573 596 adfuerunt,
589 565 636 592 sed
653 573 748 599 tuane;
766 566 922 600 aedemque
947 575 1025 594 man-

238 613 301 640 dato
313 612 406 638 audito
422 616 452 638 ut
464 612 607 646 discipulis
622 611 757 646 Pelroque
780 620 836 639 rem
852 612 1022 645 nuntiarent,

239 659 366 693 fugerunt
380 658 480 684 nemini
499 658 647 693 quidqualn
662 657 785 689 dictura},
801 658 865 692 quia
887 659 1023 686 extimue-

239 709 309 731 rant.
323 704 441 731 Proinde
457 704 537 730 etiam
565 704 629 738 quia
651 704 787 738 postsolis
804 708 896 730 ortum
910 705 1026 732 advene—

239 754 310 781 rant,
321 750 412 777 videre
424 749 595 777 Servatorem
611 749 682 776 haud
697 750 785 784 digna:
801 749 920 777 fuerunt.
934 750 1026 786 Neque

238 796 346 823 demum
361 795 418 822 ﬁeri
433 796 531 830 potuit,
542 799 572 822 ut
587 795 744 830 Magdalene
759 801 821 830 post
831 800 870 823 tot
882 800 1027 832 tantasque

239 844 379 874 visiones,
409 843 466 870 sole
495 847 575 873 orto,
603 842 693 869 adhuc
721 842 870 875 dubitaret,
900 843 1027 871 nesciens

238 890 365 924 quisnam
377 887 494 923 lapidem
508 887 577 915 foret
587 888 771 917 revoluturus.

1076 384 1092 418 ἠ
1118 382 1281 417 Μαγδαληνὴ
1307 382 1353 408 καὶ¹
1393 381 1485 417 Μαρία
1515 382 1532 416 ἡ
1555 379 1680 407 Ἰακώόου
1709 380 1862 416 ἡτοίμασαν

1075 427 1223 464 ἀρώματα·
1242 429 1292 454 οὐκ
1305 427 1384 454 αὑταὶ
1397 426 1424 453 δέ
1439 427 1505 453 εἰσιν
1521 427 1548 453 αί
1565 426 1637 462 πρωϊ
1655 426 1779 453 ἐλθοῦσαι
1795 427 1864 454 ἀνα-

1075 475 1212 507 τείλαντος
1234 474 1281 501 τοῦ
1307 475 1393 510 ἡλίου,
1416 473 1472 500 ἀλλ’
1487 474 1564 501 ἄλλαι
1590 472 1740 508 ἀνώνυμοι·
1765 473 1864 500 πολλαὶ

1075 521 1129 558 γὰρ
1140 520 1209 557 ἦσαν
1225 522 1253 548 αἱ
1272 520 1509 555 συναναϐᾶσαιτῷ
1524 520 1629 555 Σωτῆρι
1650 520 1703 546 ἀπὸ
1719 520 1767 555 τῆς
1783 519 1864 546 Γαλι-

1075 567 1152 599 λαίας
1163 576 1169 582 ·
1186 568 1246 594 ὅθεν
1271 568 1331 594 οὐδὲ
1347 567 1431 594 νύκτα
1456 567 1660 602 παραγίνονται,
1676 565 1742 593 ἀλλὰ
1770 565 1843 601 πρωῒ
1854 574 1863 582 ⁸

1077 614 1124 640 καὶ
1138 613 1290 641 ἀκούσασαι
1302 613 1467 648 ἀπαγγεῖλαι
1482 614 1537 644 τοῖς
1553 613 1684 648 μαθηταῖς
1698 613 1744 639 καὶ
1758 611 1797 647 τῷ
1812 612 1866 639 Πέο

1075 668 1141 695 τρῳ,
1158 659 1265 694 ἔφυγον,
1281 659 1327 686 καὶ
1341 659 1426 686 οὐδενὶ
1442 658 1517 686 οὐδὲν
1534 656 1619 685 εἶπον·
1636 658 1779 693 ἐφοϐοῦντο
1791 658 1846 694 γάρ
1856 667 1864 673 ·

1077 706 1114 737 ὡς
1138 706 1191 742 γὰρ
1217 706 1286 741 μετὰ
1309 705 1439 740 ἀνατολὴν
1461 705 1536 741 ἡλίου
1562 706 1706 731 ἐπιστᾶσαι
1736 705 1797 732 οὐδὲ
1819 705 1866 731 τὸν

1079 752 1193 788 Σωτῆρα
1209 751 1356 779 θεάσασθαι
1368 751 1572 785 καιιςαξιοῦνται⁸
1586 752 1647 778 οὐδὲ
1661 749 1716 778 οἴὸν
1730 759 1759 778 τε
1771 749 1805 786 ἦν
1815 751 1866 786 τὴν

1079 793 1260 834 Μαγδαληνὴν
1279 797 1347 833 μετὰ
1370 798 1503 829 τοσαύτας
1527 797 1599 829 θέας,
1617 797 1690 832 ἡλίου
1709 797 1867 824 ἀνατείλαν-

1077 853 1133 877 τος,
1147 845 1259 880 ἀπορεῖν
1272 844 1319 871 καὶ
1330 844 1437 878 ἀγνοεῖν
1453 844 1495 876 τίς
1511 843 1669 870 ἀποκυλίσει
1685 843 1730 870 τὸν
1746 842 1818 870 λίθον

753 945 810 974 Vll.
826 947 868 974 Ea:
878 947 1021 975 Anastasio
1035 948 1151 980 Sinaita,
1165 952 1259 983 qumst.
1271 955 1345 975 cun.

277 1006 302 1032 ’1.
316 1005 424 1032 Eusebii
438 1014 470 1032 ex
483 1014 558 1040 opere
568 1006 602 1032 ad
616 1005 763 1032 Marinum.
777 1005 853 1034 Tres.
871 1007 951 1042 igitur
971 1015 1025 1035 om-

1112 1007 1144 1039 C'.
1166 1008 1313 1034 Εὑσεϐίου
1333 1007 1368 1034 ἐκ
1389 1006 1447 1034 τῶν
1469 1006 1544 1041 πρὸς
1556 1007 1689 1041 Μαρῖνον
1703 1006 1768 1043 (85).
1785 1008 1869 1043 Τρεῖς

242 1053 306 1079 nino
327 1049 426 1079 Marias
442 1053 563 1087 passioni
579 1052 682 1079 Christi
696 1060 758 1080 cum
774 1052 882 1081 feminis
893 1054 953 1081 aliis
964 1062 1030 1089 prae-

242 1102 333 1126 sentes
348 1098 599 1133 deprehendimus;
622 1099 736 1133 primam
753 1098 907 1134 Dciparam,
933 1108 1030 1128 secun-

241 1144 303 1171 dam
319 1144 402 1180 hujus
413 1152 535 1172 sororem
548 1144 659 1171 Mariam
671 1143 788 1180 Cleopaa,
801 1146 908 1172 tertiam
921 1145 1031 1183 Magda.

243 1191 340 1218 lenem.
357 1191 471 1224 Quidam
497 1200 562 1219 vero
589 1192 751 1228 interpretes
781 1193 856 1220 aiunt
878 1193 946 1220 duas
969 1201 1031 1220 esse

243 1236 416 1272 Magdalenas
435 1257 441 1269 ,
465 1244 547 1265 unam
569 1246 629 1273 qua:
658 1247 720 1266 sero
744 1239 924 1269 Sabbalorum
959 1239 1030 1274 apud

244 1283 411 1315 Ilattharum.
424 1283 537 1312 alteram
565 1293 626 1320 qua:
655 1286 725 1321 apud
739 1285 871 1313 Joannem
890 1293 969 1314 mane
996 1286 1030 1313 ad

243 1334 448 1357 monumentum
463 1331 553 1364 venit;
577 1332 699 1358 eamdem
718 1332 787 1359 hanc
800 1340 871 1363 esse,
887 1332 920 1359 de
934 1340 985 1367 qua
1004 1336 1031 1359 et

243 1375 350 1402 llarcus
362 1376 492 1410 loquitur,
503 1380 530 1403 et
542 1376 576 1403 de
593 1385 645 1413 qua
664 1377 796 1404 daemonia
822 1382 924 1414 septem
944 1379 1031 1412 ejecta

243 1419 362 1448 fixerant.
374 1420 496 1456 Namque
513 1423 603 1453 aliam,
620 1423 707 1458 inquit
723 1422 866 1454 Eusebius,
882 1432 936 1451 non
949 1425 1030 1455 hanc,

246 1465 429 1502 Magdalenem
446 1475 501 1502 pra
521 1469 609 1496 oculis
623 1469 726 1496 habens
741 1469 848 1498 Marcus
861 1471 898 1497 ait
911 1480 917 1497 ε
938 1480 946 1493 ι
962 1469 1030 1497 Cum

244 1517 334 1539 autem
347 1514 521 1546 surrexisset,
535 1522 614 1542 mane
631 1523 684 1543 una
699 1516 880 1543 Sabliatorum
904 1519 1030 1552 apparuit

244 1559 332 1592 primo
345 1558 434 1586 Maria:
456 1559 632 1594 Magdalenae,
656 1561 689 1588 de
715 1570 768 1598 qua
783 1567 885 1597 septem
898 1562 1030 1591 daemonia

243 1606 370 1641 ἠίθεοι-δι.
385 1615 394 1630 ι
411 1605 498 1640 Atque
521 1607 577 1634 haec
608 1608 715 1635 videtur
729 1616 788 1646 qua‘.
814 1609 909 1640 audiit,
925 1608 964 1636 Ne
989 1618 1032 1637 me

244 1657 349 1686 tangas.
368 1659 421 1678 non
437 1660 496 1686 qua:
511 1654 581 1687 apud
596 1652 762 1682 Maltlneum.
776 1653 843 1682 Nam
863 1659 891 1682 ut
920 1656 1031 1684 verissi-

1079 1054 1144 1088 γοῦν
1157 1054 1205 1085 τὰς
1219 1054 1310 1085 πάσας
1325 1053 1432 1088 Μαρίας
1451 1053 1490 1088 τῷ
1504 1053 1583 1080 πάθει
1598 1053 1644 1080 τοῦ
1656 1053 1773 1090 Χριστοῦ
1798 1055 1869 1090 μετὰ

1078 1099 1132 1126 τῶν
1150 1092 1235 1127 ἄλλων
1258 1099 1394 1134 γυναικῶν
1416 1100 1594 1136 εὑρίσκομεν·
1611 1099 1721 1136 πρώτην
1737 1100 1786 1135 μὲν
1800 1101 1868 1127 Θεο-

1080 1146 1168 1177 τὸκον,
1182 1146 1313 1181 δευτέραν
1335 1146 1363 1172 δὲ
1386 1145 1434 1181 τὴν
1453 1145 1569 1181 ἀδελφὴν
1589 1145 1673 1180 αὐτῆς
1696 1146 1804 1181 Μαρίαν
1818 1146 1868 1182 τὴν

1079 1191 1126 1218 τοῦ
1141 1192 1270 1224 Κλεωπᾶ,
1289 1192 1336 1219 καὶ
1356 1191 1449 1229 τρίτην
1473 1192 1521 1227 τὴν
1541 1191 1738 1227 Μαγδαληνήν·
1753 1192 1825 1223 τινὲς
1838 1192 1868 1218 δέ

1081 1246 1162 1272 φασιν
1184 1237 1213 1270 ἐξ
1235 1236 1324 1264 αὐτῶν
1347 1236 1393 1263 δύο
1416 1235 1485 1263 εἶναι
1507 1236 1703 1271 Μαγδαληνάς·
1724 1236 1787 1271 μίαν
1806 1236 1868 1272 μὲν,

1080 1284 1129 1320 τὴν
1146 1284 1194 1318 ὀψὲ
1212 1284 1355 1311 Σαϐϐάτων
1366 1283 1442 1319 παρὰ
1455 1283 1494 1318 τῷ
1505 1283 1635 1318 Ματθαίῳ
1646 1303 1653 1315 ,
1668 1283 1766 1319 ἑτέραν
1778 1283 1807 1309 δὲ
1817 1282 1868 1318 τὴν

1080 1329 1156 1365 παρὰ
1173 1330 1212 1365 τῷ
1225 1329 1334 1366 Ἰωάννῃ
1348 1329 1455 1365 πρωῖας
1473 1329 1518 1356 ἐπὶ
1531 1329 1560 1355 τὸ
1579 1331 1708 1365 μνημεῖον
1726 1329 1867 1361 ἐλθοῦσαν,

1080 1376 1181 1411 ταύτην
1199 1375 1228 1401 δὲ
1250 1374 1318 1402 εἶναι
1338 1375 1384 1411 τὴν
1405 1376 1450 1402 καὶ
1465 1375 1570 1411 Μάρκῳ
1585 1375 1762 1410 δηλουμένην,
1775 1375 1822 1410 ἀφ’
1833 1373 1868 1411 ἧς

1081 1422 1241 1457 ἐκϐεϐλήκει
1257 1422 1326 1448 ἑπτὰ
1340 1422 1480 1457 δαιμόνια·
1496 1422 1533 1453 ὡς
1543 1422 1596 1458 γὰρ
1610 1421 1692 1457 oliqu
1702 1422 1749 1448 καὶ
1762 1422 1869 1457 ἐτέρας,

1082 1468 1174 1504 φησὶν,
1191 1468 1220 1494 οὺ
1237 1468 1364 1503 τοιαύτης
1381 1468 1572 1503 Μαγδαληνῆς,
1590 1468 1720 1503 ἐτήρησεν
1731 1469 1745 1494 ὁ
1756 1468 1870 1503 Μάρκος

1081 1513 1159 1540 τοῦτο
1171 1512 1268 1539 εἰπών’
1286 1522 1294 1538 ι
1306 1513 1436 1544 Ἀναστὰς
1451 1513 1479 1539 δὲ
1498 1513 1567 1548 πρωϊ
1579 1514 1611 1548 τῇ
1633 1514 1683 1548 μιᾷ.
1694 1512 1746 1538 τῶν
1761 1511 1870 1538 Σαϐϐά-

1081 1568 1134 1587 των
1150 1559 1236 1594 ἐφάνη
1250 1559 1345 1595 Μαρίᾳ
1363 1559 1470 1595 πρῶτον
1481 1561 1513 1594 τῇ
1529 1559 1704 1595 Μαγδαληνῇ,
1723 1557 1812 1594 αφ’-ἧς
1827 1560 1872 1585 ὲκ-

1082 1606 1208 1641 6ε6λήκει
1223 1606 1291 1632 ἑπτὰ
1303 1606 1438 1645 δαιμόνια.
1454 1616 1462 1632 ι
1474 1606 1529 1632 Καὶ
1543 1605 1645 1641 ταύτην
1656 1606 1721 1638 ἴσως
1735 1603 1806 1632 εἶναι
1820 1605 1871 1640 τὴν

1082 1654 1246 1685 ἀκούσασαν,
1260 1654 1304 1690 Μή
1321 1663 1371 1690 μου
1384 1654 1478 1686 ἆπτου,
1487 1653 1542 1680 ἀλλ’
1553 1654 1583 1680 οὐ
1598 1654 1646 1689 τὴν
1660 1654 1735 1691 παρὰ
1749 1653 1787 1689 τῷ
1798 1654 1874 1680 Ματ-

246 1704 317 1724 mum
333 1698 367 1724 sit
385 1698 458 1724 illam
486 1706 594 1733 quoque
616 1699 739 1734 Magdalo
756 1694 852 1728 'fuisse
874 1701 1028 1735 oriundam,

1082 1700 1158 1736 θαίῳ.
1172 1701 1202 1727 Εἰ
1213 1700 1266 1737 γὰρ
1278 1689 1366 1728 me
1378 1701 1492 1736 μᾴλιστα
1507 1701 1619 1736 κάκείνη
1633 1701 1686 1727 ἀπὺ
1699 1689 1748 1736 τῆς
1757 1700 1872 1735 Μαγδα-

245 1742 317 1769 haud
332 1747 423 1770 tamen
443 1744 518 1778 paria
541 1745 640 1779 probra
661 1744 694 1772 de
719 1753 750 1773 ea
778 1745 1029 1782 narratSeriptura.

245 1788 322 1822 Quod
333 1789 355 1816 si
377 1797 457 1816 unam
473 1790 650 1825 eamdemque
663 1788 849 1826 Magdalenem
870 1792 932 1827 quis
947 1792 1030 1825 dicat,

245 1835 334 1862 adhuc
347 1840 437 1863 tamen
448 1836 568 1863 veridica
588 1841 652 1864 sunt
669 1845 748 1865 sacra
772 1836 928 1873 Evangelia.
945 1847 1033 1874 neque

247 1881 302 1907 ullo
318 1881 399 1908 modo
414 1882 485 1908 inter
500 1889 529 1910 se
555 1882 730 1917 discrepant;
757 1883 892 1918 siquidem
908 1884 1032 1912 eamdem

245 1928 374 1955 exhibent
392 1927 505 1956 Mariam
533 1928 718 1964 Magdalenen]
746 1935 772 1957 et
805 1938 859 1958 non
878 1934 1032 1966 tangentem

247 1974 334 2008 primo
349 1973 442 2003 Jesum
455 1982 516 2002 cum
525 1979 583 2003 erat
600 1975 750 2006 incredula,
763 1980 790 2004 et
806 1976 904 2004 deinde
919 1981 1035 2012 tangeri--

247 2024 300 2047 tem
317 2020 409 2047 statim
423 2028 456 2047 ac
482 2021 560 2056 jussa
582 2025 625 2049 est
648 2022 766 2058 gaudere
780 2030 842 2049 cum
867 2023 920 2050 alia
939 2021 1033 2052 Maria.

247 2065 350 2100 Quippe
360 2066 435 2092 illum
455 2070 594 2101 postremo
613 2071 642 2093 ut
657 2067 742 2094 Deum
757 2067 890 2099 adoravit.
913 2076 969 2095 non
984 2068 1034 2098 ho-

248 2112 328 2140 minis
342 2112 428 2140 instar
441 2113 546 2146 habuit,
567 2113 640 2145 velut
653 2113 730 2141 initio
754 2122 816 2141 cum
831 2114 911 2147 ﬂebat
921 2118 1034 2150 eratque

246 2158 395 2186 incredula.

1084 1745 1166 1782 ληνῆς
1191 1745 1312 1781 ὡρμᾶτο,
1328 1745 1384 1772 ἀλλ’
1398 1746 1427 1772 ού
1451 1745 1485 1772 τὰ
1501 1745 1581 1781 ὅμοια
1598 1746 1644 1776 καὶ
1661 1745 1747 1780 αὐτῆς
1772 1746 1789 1780 ἡ
1811 1744 1874 1771 θεία

1086 1793 1233 1827 κατηγορεῖ
1248 1792 1342 1827 Γραφή
1353 1801 1359 1806 ·
1376 1793 1400 1818 εἰ
1416 1791 1444 1818 δὲ
1461 1791 1526 1827 μίαν
1540 1792 1587 1819 καὶ
1602 1791 1650 1826 τὴν
1661 1791 1745 1827 αὐτὴν
1760 1791 1874 1825 Μαγδα-

1087 1837 1168 1873 ληνὴν
1178 1838 1232 1873 (86)
1246 1838 1356 1873 φήσειέν
1370 1846 1421 1870 τις,
1435 1838 1481 1864 καὶ
1493 1837 1580 1869 οὕτως
1588 1837 1714 1873 ἀληθεύοι
1723 1837 1755 1864 ἂν
1765 1836 1800 1863 τὰ
1812 1837 1874 1872 ἱερὰ

1087 1884 1249 1918 Εὔαγγέλια,
1264 1886 1323 1911 κατ’
1339 1884 1432 1911 οὐδένα
1451 1884 1527 1918 λόγον
1541 1883 1742 1918 διαφωνοῦντα·
1759 1884 1809 1919 τὴν
1825 1883 1876 1909 αὺ-

1087 1930 1135 1966 τὴν
1150 1930 1177 1957 δὲ
1194 1931 1302 1966 Μαρίαν
1315 1930 1363 1966 τὴν
1377 1930 1558 1966 Μαγδαληνὴν
1574 1930 1728 1964 εἰσάγονται
1744 1929 1781 1964 μὴ
1795 1930 1867 1955 ἁπτο

1088 1976 1169 2011 μένην
1187 1976 1316 2012 πρότερον
1331 1976 1378 2003 τοῦ
1395 1976 1507 2012 Κυρίου,
1524 1976 1568 2002 ὅτε
1579 1975 1670 2002 ἔκλαιε
1687 1975 1734 2002 καὶ
1746 1974 1874 2009 ἠπίστει·

1086 2021 1134 2048 καὶ
1157 2021 1313 2058 ἁπτομένην
1336 2021 1430 2054 αὐτοῦ,
1444 2022 1488 2048 ὅτε
1512 2022 1617 2057 χαίρειν
1643 2021 1709 2056 μετὰ
1729 2021 1779 2055 τῆς
1791 2020 1876 2056 ἄλλης

1086 2068 1195 2104 Μαρίας
1221 2068 1266 2094 ὑπ’
1281 2068 1363 2094 αὐτοῦ
1390 2067 1546 2094 κελεύεται·
1571 2068 1663 2102 ἐπειδὴ
1680 2066 1734 2103 γὰρ
1755 2066 1793 2098 ὡς
1809 2065 1876 2092 Θεὸν

1086 2114 1166 2140 αὐτὴν
1184 2114 1385 2151 προσεκύνησεν
1402 2113 1524 2149 ἔσχατον,
1541 2114 1588 2140 καὶ
1599 2113 1647 2149 οὐχ
1672 2113 1709 2144 ὠς
1720 2111 1874 2146 ἄνθρωπον,

1086 2160 1124 2191 ὡς
1137 2160 1267 2196 πρότερον
1283 2161 1327 2188 ὅτε
1341 2159 1431 2188 ἔκλαιε
1444 2161 1490 2186 καὶ
1507 2160 1626 2194 ἠπίστει.

874 2217 941 2246 Vlll.
955 2217 996 2245 Ea:
1009 2218 1100 2245 eodem
1112 2219 1267 2246 Anastasio.

282 2275 310 2302 8.
325 2275 432 2302 Eusebii
448 2284 480 2303 ex
501 2284 575 2309 opere
591 2277 624 2304 ad
641 2276 788 2305 Marinum.
810 2276 870 2304 Jam
886 2277 958 2311 quod
972 2285 1032 2304 am-

247 2320 357 2356 bigitur,
373 2322 510 2356 quomodo
521 2321 663 2354 Mattlueus
676 2322 765 2349 visum
785 2327 878 2349 narret
890 2322 1034 2357 discipulis

247 2365 391 2393 Dominum
409 2367 436 2393 in
454 2367 570 2395 Galilaza:
585 2368 825 2402 monte,Joanues
844 2372 935 2395 autem
961 2368 1035 2395 circa

247 2421 322 2440 mare
334 2413 504 2448 Tiberiadis,
522 2415 565 2441 aio
581 2407 707 2449 equidem
721 2435 728 2447 ,
746 2415 818 2442 haud
836 2415 918 2442 semel
936 2418 962 2442 et
987 2415 1036 2442 ite-

246 2467 318 2490 rum,
337 2459 384 2486 sed
401 2460 539 2487 multolies
553 2459 647 2491 Jesum
667 2468 728 2488 esse
742 2466 930 2496 conspectum.
946 2460 1037 2494 Quare

248 2505 360 2532 minime
383 2506 490 2533 errabis
517 2507 540 2533 si
565 2510 691 2541 quartam
719 2506 853 2534 visionem
877 2513 937 2533 esse
962 2506 1035 2532 illam

247 2551 398 2585 putaveris,
424 2559 484 2586 quas
505 2552 577 2586 apud
599 2552 755 2579 Matthteum
770 2553 809 2579 lit.
837 2551 913 2579 Hanc
936 2552 1038 2587 quippe

247 2597 318 2624 haud
329 2598 402 2625 circa
417 2606 491 2626 mare
512 2598 629 2626 Galliam
652 2600 838 2634 spectantibus
854 2606 927 2630 eum,
938 2599 986 2626 sed
1009 2599 1036 2626 in

248 2647 340 2670 monte
361 2643 505 2679 discipulis
530 2644 655 2674 undecim
682 2645 834 2679 contigisse
855 2645 951 2672 scribit
968 2643 1037 2671 Mat-

248 2688 336 2716 thzeus
353 2698 359 2715 :
375 2698 385 2715 ‹
405 2689 536 2717 Undecim
557 2695 648 2718 autem
668 2691 795 2730 discipuli
815 2695 993 2726 perrexerunt
1007 2691 1035 2717 in

249 2739 379 2767 montem,
401 2741 481 2770 prout
504 2737 666 2765 condixerat
695 2738 749 2765 illis
765 2737 860 2769 Jesus,
889 2745 969 2773 quem
999 2737 1036 2764 ibi

249 2785 426 2815 conspectum
441 2782 635 2812 adoraverunt.
655 2794 664 2810 ι
682 2783 748 2811 Post
774 2784 832 2812 hazc
858 2784 917 2812 sine
941 2791 1036 2811 errore

277 2857 340 2920 ‘85)
361 2857 436 2900 lianc
465 2868 574 2897 quoque
599 2863 828 2897 quaestiunculam
851 2870 914 2889 cum
938 2862 1033 2891 codice

277 2901 288 2920 ί)
301 2901 437 2920 umnensi.
454 2903 526 2920 manu
542 2897 681 2920 Vaticani).
703 2898 805 2920 utilith
821 2898 934 2920 cnntnlie

250 2897 437 2928 holumnensi,
454 2903 526 2926 nunc
542 2897 682 2931 Vaticano,
703 2898 805 2926 utiliter
821 2898 935 2926 contuli.

1123 2277 1158 2313 η’.
1180 2277 1328 2305 Εὑσεϐίου
1339 2277 1372 2304 ἐκ
1386 2276 1445 2304 τῶν
1456 2275 1530 2311 πρὸς
1541 2276 1688 2310 Μαρῒνον.
1709 2275 1776 2310 Περὶ
1789 2274 1818 2301 δὲ
1828 2275 1877 2302 τιὸ

1089 2324 1237 2359 ὲπαπορεῖν
1251 2323 1341 2355 πάλιν,
1352 2323 1410 2357 πῶς
1421 2322 1494 2358 παρὰ
1509 2321 1547 2356 τῷ
1560 2322 1690 2356 Ματθαίῳ
1704 2322 1743 2352 είς
1759 2321 1809 2357 τὴν
1823 2321 1876 2348 Γα-

1052 2385 1075 2412 D
1090 2369 1194 2396 λιλαίαν
1209 2365 1297 2404 ὦφθαι
1313 2368 1358 2395 τὸν
1372 2368 1474 2404 Κύριον
1489 2369 1545 2406 τοῖς
1561 2367 1694 2403 μαθηταῖς
1706 2368 1735 2393 ὲν
1749 2366 1790 2402 τῷ
1807 2367 1877 2402 ὄρει,

1090 2415 1164 2452 παρὰ
1173 2415 1202 2441 δὲ
1215 2415 1254 2450 τῷ
1266 2415 1376 2451 Ἰωάννῃ
1389 2415 1464 2450 παρὰ
1477 2414 1526 2450 τὴν
1541 2414 1676 2455 θάλασσαν
1691 2412 1742 2448 τῆς
1750 2412 1878 2447 Τιϐεριά-

1087 2461 1141 2494 δος,
1156 2460 1217 2497 ἐροῦ
1222 2470 1270 2497 μεν
1284 2462 1324 2488 ὅτι
1338 2461 1368 2487 ού
1382 2461 1460 2496 μόνον
1477 2460 1548 2493 ἅπαξ
1561 2460 1606 2487 καὶ
1616 2459 1666 2491 δὶς,
1678 2459 1745 2486 ἀλλὰ
1759 2460 1807 2485 καὶ
1818 2459 1879 2485 πολε

1088 2507 1167 2539 λάκις
1185 2504 1274 2542 ὦφθαι
1289 2507 1380 2534 αὐτόν,
1390 2507 1435 2533 Διὸ
1445 2507 1578 2542 τετάρτην
1587 2505 1719 2532 ὀπτασίαν
1729 2505 1778 2540 οὐχ
1788 2505 1878 2540 ἁμάρ-

1089 2563 1145 2586 τοις
1163 2555 1211 2590 τὴν
1230 2554 1304 2590 παρὰ
1323 2553 1360 2589 τῷ
1368 2553 1499 2589 Ματθαίῳ
1515 2554 1604 2589 φήσας
1619 2550 1699 2584 εἶναι,
1710 2552 1742 2587 ἣν
1757 2551 1788 2578 οὐ
1802 2552 1878 2588 παρὰ

1089 2599 1138 2636 τὴν
1156 2599 1292 2627 θάλασσαν
1304 2599 1353 2634 τῆς
1367 2599 1520 2630 Γαλιλαίας,
1532 2598 1592 2624 οὐδὲ
1601 2599 1657 2629 τοῖς
1670 2597 1876 2632 ὀπτανομένοις.

1090 2645 1147 2672 ἀλλ’
1164 2646 1192 2672 ὲν
1205 2644 1243 2679 τῷ
1260 2645 1316 2680 ὄρει
1333 2645 1388 2676 τοῖς
1402 2645 1497 2671 ἕνδεκα
1514 2643 1676 2679 πεποιῆσθαι
1693 2642 1848 2678 ἀνέγραψεν
1863 2642 1878 2668 ὁ

1090 2691 1237 2722 Ματθαως,
1255 2690 1337 2717 εἰπών
1348 2699 1354 2706 ·
1372 2701 1380 2716 ι
1397 2691 1428 2717 Οἱ
1442 2690 1470 2716 δὲ
1484 2690 1580 2718 ἕνδεκα
1592 2689 1710 2725 μαθηταὶ
1725 2686 1878 2723 επορεύθη-

1090 2746 1138 2764 σαν
1165 2738 1204 2769 εἰς
1227 2737 1257 2764 τὸ
1282 2737 1353 2774 ὅρος,
1371 2735 1400 2764 οὗ
1418 2737 1530 2770 ἐτάξατο
1547 2737 1636 2768 αὐτοῖς
1655 2737 1669 2762 ὁ
1689 2735 1813 2770 Ἰησοῦς’
1830 2734 1877 2761 καὶ

1091 2783 1188 2814 [δόντες
1205 2783 1284 2810 αὐτὸν
1300 2783 1514 2819 προσεκύνησαν.
1535 2792 1544 2808 ι
1563 2781 1617 2808 Καὶ
1641 2780 1708 2816 μετὰ
1731 2779 1812 2807 τοῦτο
1827 2779 1877 2806 οὒκ

1123 2862 1180 2900 (86)
1200 2862 1280 2892 Deest
1299 2865 1328 2891 in
1344 2863 1438 2892 codice
1452 2860 1627 2895 Calumneusi
1644 2859 1839 2894 Μαγδαληνήν.
