2037 3215
188 183 257 211 1013

609 180 862 213 δυΡΡιιΕΜΕΝτΑ
880 185 1132 224 ΟΗΑΞΞΤΙΟΝΙῘΜ,
1140 187 1185 216 AD
1204 187 1376 218 MABINUMQ

1739 194 1809 221 MM

183 241 218 269 ἄν
230 241 359 278 σφαλείης
375 241 458 269 εἰπὼν
483 243 549 278 όμοῠ
570 243 629 270 κατ’
644 244 709 270 αὐτὸ
731 245 912 281 συνηγμένοις
924 248 967 273 αὺ-

1008 273 1010 278 .
1024 248 1109 282 dices,
1130 249 1227 277 iisdem
1243 250 1369 278 undecim
1386 250 1528 287 discipulis
1545 251 1728 287 congregatis.
1745 261 1810 281 nec-

181 288 238 318 τοῖς
254 288 309 318 τοῖς
325 287 421 314 ’ἐνδεκα
433 287 565 324 μαθηταῖς
581 288 639 322 ἅμα
651 289 697 315 καὶ
714 290 771 321 τοῖς
788 289 973 326 ἐϐδομήκοντα

181 331 271 368 ὦφθαι
287 335 377 362 αὐτόν.
387 335 415 361 '0
429 334 457 361 δὲ
478 334 638 366 Ἀπόστολος
651 335 697 361 καὶ
708 334 748 361 ἔτι
763 335 864 362 τούτων
881 336 972 363 πλείο-

182 388 225 407 σιν
239 380 376 415 ἑωρᾶσθαι
388 380 434 407 τὸν
445 379 547 415 Κύριον
557 381 625 415 μετὰ
637 382 685 417 τὴν
694 381 840 409 ἀνάστασιν
855 382 968 418 ἱστορεῖ,

180 425 282 461 λέγων·
302 426 378 453 (Ὅτι
395 427 542 462 ἐγήγερται
565 428 598 462 τῇ
619 427 699 464 τρίτῃ
721 428 811 463 ἡμέρᾳ
831 428 902 455 κατὰ
922 429 971 461 τὰς

179 471 301 508 Γραφὰς,
317 473 362 499 καὶ
374 472 450 508 ὤφθη
468 474 560 509 Κηφᾷ,
573 474 668 500 ἔπειτα
676 475 731 506 τοῖς
747 474 860 507 δώδεκα,
873 475 966 502 ἔπειτα

179 516 258 553 ὤφθη
273 519 365 545 ὲπάνω
380 520 567 551 πεντακοσίοις
591 520 714 555 ἀδελφοῖς
734 520 851 555 ἐφάπαξ.
866 531 875 546 ι
885 522 966 557 Ὁρᾷς

176 563 272 595 ὁσάκις
295 565 341 591 καὶ
366 565 438 596 ὅσοις
451 564 528 602 ὤφθη
548 566 616 601 μετὰ
637 566 685 602 τὴν
706 567 871 601 divinum;
887 567 964 595 Οὕτω

177 610 224 637 καὶ
237 611 291 642 τοῖς
313 611 340 637 ἐν
361 611 535 647 Ἰερουσαλὴμ
550 612 782 648 κρυπταζομένοις
795 612 838 639 διὰ
854 612 900 639 τὸν
915 612 963 647 φό-

177 656 223 683 6ον
235 656 289 684 τῶν
303 657 446 689 Ἰουδαίων,
458 658 505 684 καὶ
517 658 568 693 πρό
582 667 613 691 γε
625 658 733 686 πάντων
746 658 850 694 ἀνδρῶν
863 658 964 694 Σίμωνι

176 701 216 737 τῷ
232 702 338 738 Πέτρῳ.
356 702 491 736 γυναικῶν
503 702 530 729 δὲ
543 704 605 735 ταῖς
620 704 691 739 ἀμφὶ
705 704 755 740 τὴν
770 703 962 740 Μαγδαληνήνέ

175 747 235 775 ὃθεν
251 748 297 774 καὶ
313 749 327 774 ὁ
342 749 447 780 Λουκᾶς
462 757 527 784 φησι
537 757 543 764 ·
563 758 572 774 ι
587 750 624 776 Δι’
639 750 750 786 ἡμερῶν
761 750 963 786 τεσσαράκοντα

175 794 358 831 ὀπτανόμενος
378 796 425 822 καὶ
442 794 665 830 συναυλιζόμενος
680 797 781 830 αὐτοῖς,
798 797 831 824 τὰ
848 797 899 833 τῆς
913 797 962 833 βα-

177 839 280 872 σιλείας
295 839 342 867 τοῦ
358 840 425 868 Θεοῦ
439 841 579 877 παρεδίδου
597 842 757 878 μαθήματα,
770 853 788 879 »4

1023 302 1077 322 non
1088 295 1148 323 aliis
1167 296 1349 331 septuaginta,
1365 295 1458 325 Iesum
1474 299 1643 333 apparuisse.
1663 299 1719 326 ltno
1734 299 1807 335 Λιμυ-

1021 341 1109 369 stoius
1119 342 1207 370 multo
1224 342 1313 370 adhuc
1329 343 1454 378 pluribus
1474 345 1562 372 visunt
1587 352 1648 373 esse
1662 345 1807 374 Dominum

1022 391 1083 422 post
1098 389 1326 417 resurrectionem
1344 390 1387 418 his
1402 391 1493 418 verbis
1508 395 1620 418 narrat:
1635 401 1644 417 ‹
1664 391 1733 425 Quia
1746 401 1808 420 sur-

1019 433 1090 461 rexit
1106 435 1185 461 tenia
1196 434 1241 462 die
1253 435 1403 466 secundum
1419 435 1586 471 Scripturas,
1604 437 1733 473 visusque
1755 437 1806 466 Pc-

1021 483 1065 507 tro
1082 484 1134 512 est,
1153 484 1209 508 tum
1225 480 1380 514 duodecim,
1396 482 1496 510 deinde
1508 483 1570 518 plus
1584 483 1741 518 quingentis
1752 483 1807 511 fra-

1021 526 1109 554 tribus
1126 526 1249 555 simul".
1269 537 1279 553 ι
1295 527 1508 563 Viden,quoties
1523 532 1549 556 et
1564 533 1631 564 quot
1647 529 1805 559 hominibus

1019 577 1083 608 post-
1101 574 1331 602 resurrectionem
1356 579 1521 610 conspectus
1542 575 1643 603 fuerit?
1658 576 1704 604 Sic
1730 578 1804 606 enim

1019 618 1145 653 apparuit
1170 618 1342 647 latitantibus
1366 620 1437 646 intra
1465 619 1679 655 Hierosolymam
1694 624 1805 656 propter

1018 668 1121 692 metum
1137 672 1151 691 a
1164 663 1281 699 Iuda-is;
1300 669 1327 693 et
1342 665 1431 701 primo
1446 666 1567 693 virorum
1589 665 1694 694 Simoni
1711 667 1802 700 Petro,

1017 709 1180 738 feminarum
1192 715 1282 739 atttem
1299 711 1472 747 Magdalenae.
1492 711 1581 745 Quare
1597 716 1625 740 et
1638 712 1726 740 Lucas
1740 713 1777 740 ait
1793 723 1800 740 :

1019 766 1028 784 ι
1045 756 1095 784 Per
1116 757 1174 785 dies
1200 753 1380 794 quadraginta
1405 766 1540 795 apparens
1556 760 1608 793 eis,
1626 767 1689 788 cum
1712 760 1801 796 iisque

1016 810 1184 832 conversans
1200 804 1353 832 doctrinam
1367 804 1401 833 de
1414 813 1499 842 regno
1517 805 1562 834 Dei
1576 806 1698 834 tradidit.
1723 816 1733 833 ι

695 915 741 943 IX.
761 915 802 944 Ea:
817 917 906 945 eodem
923 917 1079 952 Anastasio,
1091 923 1186 955 quiut.
1200 919 1259 948 148.

209 973 240 1000 θ’.
261 975 408 1002 Εὐσεόἰου
417 975 452 1002 ἐκ
468 975 520 1003 τοῦ
534 976 608 1010 πρὸς
627 976 761 1012 Μαρῖνον
774 977 840 1013 (87).
861 978 916 1005 Καὶ
929 977 960 1004 τὺ

1011 972 1013 975 ⁴
1046 979 1072 1007 9.
1093 978 1200 1006 Eusebii
1217 987 1249 1007 ea:
1261 987 1335 1014 opere
1345 974 1384 1007 ad
1396 979 1542 1007 Marinum.
1555 979 1673 1016 Spiritus
1685 984 1797 1009 sanctus

174 1020 224 1055 μὲν
241 1021 291 1047 ὑπὸ
304 1020 421 1057 Χριστοῦ
437 1022 604 1057 ὲμπνευσθὲν
616 1023 726 1058 Πνεῦμα
737 1023 813 1058 ἅγιον
826 1025 882 1055 τοῖς
894 1024 961 1050 ἀπο-

172 1064 286 1098 στόλοις,
300 1066 407 1094 λυτικὺν
431 1068 476 1094 καὶ
504 1069 707 1103 συγχωρητικὸν
732 1066 766 1104 ἦν
784 1068 839 1105 (88)
869 1069 960 1105 πάσης

171 1111 323 1148 ἁμαρτίας·
345 1113 375 1141 τὸ
399 1113 427 1140 δὲ
454 1114 656 1149 ἐπηγγελμένον
677 1115 708 1141 τὸ
729 1115 959 1151 βαπτισθήσεσθαι

167 1158 269 1190 αὐτοὺς
290 1159 318 1187 ἐν
341 1159 411 1195 ἁγίῳ
428 1160 575 1196 Πνεύματι,
591 1161 638 1187 καὶ
664 1163 805 1197 μετασχεῖν
818 1161 959 1197 δυνάμεως

168 1205 371 1240 ἐνεργημάτων,
396 1206 575 1242 ἐνεργητικῆς
597 1206 646 1241 μὲν
670 1205 724 1233 τῶν
751 1207 899 1242 μελλόντων
925 1206 958 1233 δι’

167 1251 260 1278 αὐτῶν
282 1252 469 1279 ἀποτελεῖσθαι
494 1252 651 1289 θαυμάτων,
679 1253 838 1288 ὲνστατικῆς
861 1253 889 1280 δὲ
911 1253 958 1280 καὶ

167 1298 335 1333 καρτερικῆς
348 1298 402 1324 τῶν
418 1298 568 1333 μελλόντων
583 1299 676 1330 αὐτοῖς
689 1299 883 1326 ἐπανίστασθαι
901 1309 957 1326 κιν-

165 1343 263 1370 δύνων.
282 1343 338 1379 Πρὸ
354 1343 407 1379 γάρ
421 1344 522 1381 ταύτης
536 1344 586 1380 τῆς
599 1344 739 1380 δυνάμεως
751 1344 895 1380 κηρύττειν
909 1345 957 1371 αύ-

165 1388 231 1420 τοὺς
246 1390 301 1421 τοῖς
317 1389 421 1416 ἔθνεσιν
443 1391 493 1417 οὐκ
516 1390 650 1423 ἐϐούλετο,
669 1390 725 1417 ἀλλ’
740 1390 896 1425 ἐκδέχεσθαι
909 1392 956 1418 καὶ

169 1435 326 1470 περιμένειν
340 1435 423 1471 αὐτὴν
438 1436 466 1469 ἐξ
480 1436 562 1472 ὕψους
578 1438 731 1473 μετασχεῖν.
748 1437 832 1464 Τοῦτο
843 1437 871 1464 δὲ
886 1437 932 1463 καὶ
942 1437 956 1463 ὁ

175 1481 332 1513 ’Δπόστολος
356 1482 386 1508 τὸ
410 1483 532 1518 χάρισμα
548 1483 621 1514 ἰδίως
632 1482 768 1519 ἀφορίζων
787 1483 841 1509 τῶν
855 1483 955 1510 λοιπῶν

164 1527 311 1562 ἐνεργειῶν
322 1527 369 1554 τοῦ
380 1528 457 1562 ἁγίου
469 1529 626 1564 Πνεύματος
637 1529 757 1556 ἐδίδασκε
768 1529 862 1564 λέγων·
875 1538 884 1554 ι
893 1529 956 1555 Ἀλ-

163 1572 204 1607 λῳ
219 1572 247 1600 δὲ
264 1574 436 1609 ἐνεργήματα
452 1574 599 1610 δυνάμεων,
613 1584 623 1599 ι
636 1575 690 1601 Καὶ
704 1577 720 1610 ἡ
735 1576 887 1611 προφητεία.
903 1584 955 1612 φη-

165 1618 210 1645 σί·
225 1627 233 1644 t
246 1619 347 1655 Κύριος
360 1619 439 1647 δώσει
456 1621 530 1656 ῥῆμα
546 1623 601 1653 τοῖς
613 1620 863 1657 εὐαγγελιζομένοις
872 1622 951 1649 δυνά-

166 1673 212 1700 μει
229 1665 321 1700 πολλῇ.
338 1663 404 1697 ιἯς
417 1666 556 1702 δυνάμεως
571 1667 615 1694 ὅτε
629 1668 712 1702 μήπω
725 1669 857 1703 μετεῖχον,
870 1668 953 1703 ἡρνή-
967 1659 990 1690 C

165 1719 248 1737 σαντο
264 1711 345 1738 αὑτὸν
358 1712 382 1738 οἱ
393 1712 491 1745 πάντες
507 1714 553 1740 καὶ
566 1713 812 1749 ἐσκανδαλίσθησαν
827 1714 897 1742 κατά
908 1715 953 1742 τὸν

164 1757 262 1792 καιρὸν
284 1757 331 1784 τοῦ
356 1758 471 1790 πάθους·
486 1760 530 1786 ὅτε
552 1760 580 1786 δὲ
603 1760 730 1795 μετέσχον
744 1755 838 1795 αὐτῆς,
855 1761 954 1794 πάντες

161 1803 224 1833 ταῖς
236 1802 305 1839 ὑπὲρ
316 1803 433 1839 Χριστοῦ
452 1805 613 1841 μαρτυρίαις
627 1814 657 1832 τε
677 1806 723 1832 καὶ
744 1806 897 1841 ὁμολογίαις
912 1807 954 1834 δι-

162 1848 302 1885 έπρεψαν·
320 1850 500 1882 άνακαινίζων
512 1851 565 1886 γὰρ
584 1851 629 1878 τὺν
648 1851 791 1888 ἄνθρωπον
807 1853 821 1878 ό
840 1851 952 1887 Κύριος,

160 1894 209 1921 καὶ
225 1895 258 1930 ἣν
273 1895 395 1922 ἀπώλεσε
408 1897 487 1932 χάριν
502 1898 533 1924 ὲκ
547 1898 592 1924 τοῦ
610 1898 806 1933 ὲμφυσήματος
815 1897 862 1924 τοῦ
873 1897 952 1930 Θεοῦ,

159 1938 264 1975 ταύτην
279 1941 359 1967 πάλιν
376 1941 526 1974 ἀποδιδοὺς,
543 1942 707 1977 ἐνεφύσησεν
720 1944 759 1974 εὶς
772 1942 805 1969 τὰ
818 1942 956 1978 πρόσωπαε

162 1984 218 2011 τῶν
235 1985 362 2021 μαθητῶν
378 1986 475 2020 λέγων,
495 1996 505 2013 ι
518 1986 622 2014 Λάϐετε
636 1987 849 2023 Πνεῦμαᾶγιον.
867 1997 876 2014 ι

1012 1031 1028 1050 a
1048 1024 1158 1053 Christo
1184 1025 1212 1053 in
1225 1026 1366 1061 apostolos
1380 1033 1429 1061 per
1446 1024 1538 1053 ﬂatum
1562 1026 1714 1058 immissus,
1730 1034 1795 1062 pec—

1010 1071 1066 1098 cati
1087 1072 1177 1100 omnis
1201 1071 1323 1099 solvendi
1350 1071 1560 1106 dimittendique
1583 1071 1636 1098 vim
1665 1072 1793 1100 habebat.

1010 1111 1070 1140 Jam
1082 1114 1240 1149 promissio,
1256 1114 1315 1143 fore
1339 1120 1369 1142 ut
1392 1115 1597 1150 baptitarentur
1620 1120 1716 1144 sancto
1731 1116 1794 1152 Spi-

1009 1165 1076 1196 ritu,
1091 1161 1262 1198 signiﬁcabat
1283 1165 1422 1196 compotes
1443 1169 1491 1190 eos
1513 1161 1621 1189 futuros
1647 1161 1786 1190 facultatis

1009 1215 1100 1236 rerum
1118 1206 1311 1242 gerendarum,
1325 1206 1404 1241 cujus
1426 1213 1477 1241 ope
1499 1207 1633 1241 patraturi
1649 1212 1727 1235 erant
1741 1208 1795 1235 mi-

1008 1254 1113 1286 racula,
1131 1254 1241 1288 vimque
1254 1253 1336 1281 etiam
1353 1253 1490 1288 recepturi
1507 1257 1589 1288 atque
1608 1253 1792 1282 constantiam

1009 1301 1140 1329 adversus
1161 1308 1193 1328 ea
1217 1307 1278 1336 quae
1305 1299 1445 1327 instabant
1468 1299 1601 1334 pericula.
1626 1300 1695 1328 Ante
1718 1300 1792 1328 enim

1008 1347 1080 1374 hanc
1096 1349 1234 1381 acceptam
1249 1345 1376 1372 virtutem
1391 1345 1480 1373 noluit
1492 1353 1540 1374 eos
1551 1346 1678 1381 gentibus
1695 1345 1792 1381 praedi-

1008 1401 1082 1425 care,
1104 1393 1152 1420 sed
1186 1392 1339 1428 praestolari
1358 1392 1442 1427 jussit
1460 1396 1541 1427 atque
1555 1399 1683 1424 manere,
1705 1392 1792 1420 donec

1005 1447 1066 1466 cam
1081 1447 1113 1466 ex
1130 1439 1185 1466 alto
1200 1439 1363 1473 reciperent.
1379 1437 1485 1465 Donum
1504 1438 1556 1466 hoc
1569 1438 1652 1465 etiam
1674 1437 1792 1473 Aposto-

1007 1485 1050 1512 lus
1073 1485 1140 1513 satis
1162 1492 1177 1511 a
1191 1484 1305 1519 reliquis
1328 1484 1415 1511 sancti
1442 1484 1560 1519 Spiritus
1587 1484 1790 1519 operationibus

1007 1530 1164 1558 discernere
1180 1538 1210 1558 se
1225 1530 1359 1566 signiﬁcat
1375 1529 1439 1557 dum
1455 1532 1492 1557 ait
1507 1540 1513 1557 :
1533 1539 1541 1555 ι
1556 1530 1608 1557 Alii
1621 1531 1791 1565 operationes

1005 1577 1175 1604 virtutum".
1192 1586 1201 1602 ι
1212 1575 1280 1602 Tum
1296 1575 1438 1611 prophetia
1453 1575 1518 1603 dicit
1531 1585 1537 1602 :
1553 1585 1561 1601 ι
1576 1575 1706 1603 Dominus
1716 1575 1791 1603 dabit

1005 1621 1118 1649 verbum
1145 1620 1398 1656 evangelizantibus
1421 1621 1524 1647 virtute
1550 1620 1674 1647 multa".
1700 1630 1708 1646 ι
1731 1620 1790 1653 Qua

1006 1667 1106 1695 virtute
1119 1674 1181 1694 cum
1196 1666 1318 1693 nondum
1334 1670 1412 1693 erant
1427 1665 1517 1700 potiti,
1536 1669 1704 1701 negaverunt
1726 1673 1788 1692 eum

1005 1721 1112 1745 omnes.
1132 1716 1159 1740 et
1174 1712 1304 1739 seandalo
1321 1711 1459 1747 passionis
1474 1715 1599 1746 tempore
1615 1711 1685 1746 lapsi
1706 1714 1787 1738 sunt:

1005 1759 1051 1786 illa
1070 1762 1161 1786 autem
1177 1759 1331 1793 impetrata,
1361 1757 1451 1785 cuncti
1467 1758 1592 1792 protinus
1607 1757 1789 1785 confessioni-

1004 1804 1057 1832 bus
1071 1803 1290 1838 teslimoniisque
1303 1810 1357 1838 pro.
1365 1802 1476 1830 Christo
1489 1802 1571 1830 editis
1588 1802 1786 1830 inclaruerunt.

1005 1850 1127 1878 Renovat
1156 1850 1228 1878 enim
1253 1849 1390 1877 hominem
1409 1848 1481 1876 Deus
1500 1869 1507 1881 ,
1524 1849 1561 1876 ita
1577 1853 1608 1875 ut
1627 1856 1707 1883 quam
1725 1856 1789 1883 gra-

1007 1896 1072 1923 tiam
1086 1895 1168 1923 homo
1180 1894 1320 1926 amiserat,
1343 1893 1391 1920 Dei
1414 1893 1478 1920 olim
1501 1892 1680 1927 inspiratione
1701 1892 1787 1919 colla-

1005 1945 1073 1973 tam,
1091 1939 1179 1967 eidem
1195 1939 1267 1966 hanc
1289 1945 1387 1966 rursus
1408 1937 1481 1965 Deus
1505 1937 1670 1967 attribuerit.
1698 1936 1726 1963 in
1747 1935 1795 1964 fas

1004 1986 1073 2013 ciem
1086 1984 1285 2020 discipulorum
1303 1983 1442 2019 inspirans
1458 1983 1501 2011 his
1513 1983 1603 2011 verbis
1619 1992 1626 2010 :
1645 1992 1654 2009 ι
1665 1982 1787 2017 Accipite

1008 2030 1140 2066 Spiritum
1157 2034 1293 2057 sanctum.
1314 2038 1323 2056 I

312 2094 346 2122 Χ.
361 2094 403 2122 Ea:
418 2095 530 2123 Macarii
544 2095 748 2132 C/trysocephali
764 2097 819 2133 (89)
835 2097 992 2133 Florilegio,
1006 2097 1076 2132 apud
1091 2097 1276 2128 Villoisonum,
1287 2095 1419 2124 Anecdot.
1433 2100 1453 2123 ι.
1470 2095 1512 2127 ΙΙ,
1528 2104 1555 2130 p.
1573 2095 1615 2122 74.

199 2156 224 2179 ι’.
246 2153 374 2186 Εὐσέϐιος
389 2153 418 2180 δὲ
433 2155 447 2180 ό
462 2154 606 2189 Παμφίλου
627 2154 656 2180 ἐν
672 2155 705 2190 τῇ
728 2155 802 2189 πρὸς
818 2154 951 2190 Μαρῖνον

159 2200 288 2235 ἐπιστολῇ
304 2199 359 2234 (90)
374 2199 459 2232 οὕτως
472 2200 609 2237 ἐξηγεῖται
623 2201 653 2227 τὺ
668 2200 808 2236 προτεθὲν,
826 2201 866 2227 ὃτι
883 2201 951 2228 διαι-

162 2245 252 2280 ρέσεις
269 2244 444 2280 χαρισμάτων
457 2245 511 2271 εἰσὶ
530 2244 600 2271 κατὰ
620 2245 665 2271 τὸν
687 2244 857 2277 Ἀπόστολον,
872 2246 903 2272 τὸ
922 2245 950 2272 δὲ

1039 2155 1082 2182 10.
1100 2154 1236 2182 Eusebius
1263 2153 1396 2189 Pamphili
1421 2153 1448 2181 in
1471 2154 1588 2189 epistola
1600 2153 1634 2180 ad
1651 2152 1787 2181 Marinum

1004 2201 1181 2238 quaestionem
1204 2201 1244 2228 sic
1266 2200 1393 2235 explicat,
1418 2199 1491 2235 quod
1516 2207 1614 2234 nempe
1638 2199 1786 2236 divisiopes

1003 2249 1153 2284 gratiarum
1169 2251 1244 2279 sunt,
1260 2251 1290 2274 ut
1304 2246 1342 2274 ait
1359 2247 1517 2282 Apostolus,
1529 2246 1600 2274 idem
1616 2250 1707 2273 autem
1725 2245 1786 2280 Spi-

159 2290 227 2317 αὐτὸ
243 2290 364 2326 Πνεῦμα.
383 2291 437 2317 Καὶ
450 2291 529 2317 πάλιν
541 2299 547 2306 ’
563 2291 669 2326 ἑκάστῳ
681 2290 780 2317 δίδοται
796 2291 812 2326 ὴ
828 2290 950 2326 φανέρω-
966 2297 967 2301 ‘

1008 2295 1083 2322 ritus.
1113 2294 1286 2328 Rursusque,
1304 2292 1377 2328 quod
1401 2292 1549 2327 unicuique
1575 2292 1682 2323 lumen,
1706 2296 1786 2326 prout

160 2346 203 2369 σις
215 2337 282 2372 πρὸς
296 2337 326 2363 τὸ
339 2337 488 2373 συμφέροψ
506 2346 515 2363 ι
532 2334 567 2372 ’ᾯ
580 2337 628 2372 μὲν
643 2336 696 2372 γὰρ
708 2336 752 2363 διὰ.
764 2337 811 2363 τοῦ
823 2337 948 2373 Πνεύμα-

158 2393 206 2417 τος
219 2384 319 2411 δίδοται
330 2384 408 2419 λόγος
418 2384 523 2419 σοφίας,
535 2384 605 2420 ἄλλῳ
617 2384 644 2411 δὲ
656 2384 734 2419 λόγος
743 2384 868 2419 γνώσεως
879 2385 948 2414 κατὰ

158 2432 191 2458 τὸ
205 2431 270 2458 αὐτὸ
282 2431 393 2467 Πνεῦμα
403 2439 409 2446 ·
425 2431 510 2468 ἑτέρῳ
526 2432 558 2458 δὲ»
571 2432 660 2464 πίστις
675 2432 704 2457 ὲν
717 2431 755 2466 τῷ
771 2431 844 2466 αὐτῷ
862 2431 947 2458 Ilvati-

161 2487 238 2513 ματι,
253 2477 325 2513 ἄλλῳ
341 2478 368 2504 δὲ
391 2479 567 2514 ἐνεργήματα
584 2477 638 2512 (91)
661 2477 811 2512 δυνάμεων,
830 2477 901 2512 ἄλλῳ
919 2477 947 2504 δὲ

159 2525 334 2559 προφητεῖαι,
351 2523 422 2558 ἄλλῳ
434 2523 462 2550 δὲ
473 2523 621 2559 διακρίσεις
634 2523 807 2558 πνευμάτων,
820 2524 905 2559 ἑτέρῳ
918 2524 946 2550 δὲ

1002 2348 1072 2376 opus
1084 2339 1343 2371 fuerit,attribuitur
1356 2348 1363 2367 τ
1380 2347 1389 2364 ‹
1400 2338 1453 2365 Alii
1467 2338 1576 2374 quidem
1593 2345 1682 2365 sermo
1696 2337 1786 2366 scicn-

1003 2387 1046 2414 tiae
1061 2385 1212 2413 secundum
1232 2385 1357 2412 eumdem
1374 2383 1522 2420 Spiritum;
1542 2384 1588 2411 alii
1611 2383 1677 2411 tldes
1700 2384 1786 2411 ineo-

1001 2431 1062 2460 dem
1095 2430 1210 2466 Spiritu,
1239 2430 1284 2457 alii
1311 2430 1498 2465 prodigiorum
1527 2429 1625 2461 virtus,
1657 2429 1700 2456 alii
1723 2437 1787 2464 pro-

1001 2477 1108 2513 phetiaa,
1136 2476 1181 2503 alii
1206 2476 1386 2504 discretiones
1414 2476 1571 2512 spirituum,
1602 2476 1647 2503 alii
1679 2477 1785 2512 lingua-

1000 2530 1062 2551 rum
1076 2521 1222 2550 multitudo
1240 2531 1246 2549 :
1262 2530 1323 2558 qua:
1339 2526 1431 2551 tamen
1446 2522 1537 2550 omnia
1562 2527 1690 2557 operatur
1714 2529 1784 2549 unus

198 2602 221 2617 "
239 2602 250 2629 l
267 2601 330 2630 Cor.
348 2610 395 2635 xv,
412 2602 439 2630 4.
477 2602 500 2618 θ’
521 2601 530 2627 l
547 2601 610 2630 Cor.
630 2609 668 2629 xtl
680 2622 689 2635 ,
707 2601 751 2629 10.
787 2602 810 2618 ³⁸
830 2602 901 2630 Psal.
915 2610 1005 2634 vau,
1026 2602 1069 2630 l2.

197 2693 254 2729 (87)
275 2692 363 2720 Verba
375 2693 409 2720 ἐκ
425 2693 478 2720 τοῦ
493 2694 567 2728 πρὸς
584 2693 718 2729 Μαρῒνον
736 2694 835 2722 desunt
851 2694 878 2722 iu
893 2703 940 2722 co-

159 2729 222 2756 dice
236 2729 423 2756 Coiumuensi.

197 2763 253 2799 (88)
275 2763 354 2800 Deest
366 2761 399 2799 ἦν
416 2764 443 2790 in
457 2763 559 2800 codice.
578 2763 631 2791 Sed
645 2768 735 2792 tatnen
751 2769 845 2800 caetera
857 2765 946 2800 plera-

161 2807 216 2832 que
241 2799 352 2825 tneliora
378 2803 443 2826 sunt
465 2799 494 2826 in
511 2799 603 2826 codice
620 2807 700 2833 quant
722 2800 748 2826 in
771 2799 945 2827 Gretseriana

162 2833 302 2861 Anastasii
314 2833 442 2867 editione,
459 2842 519 2870 qua:
533 2835 656 2869 plurimis
671 2835 723 2862 heu
738 2835 858 2862 mendis!
869 2835 944 2863 labo-

162 2873 214 2896 rat.

199 2903 257 2938 (89)
279 2903 325 2931 Est
341 2904 384 2932 hic
399 2904 468 2932 idem
484 2903 618 2932 Macarius
636 2904 883 2940 Chrysocephalus,
900 2905 946 2941 qui

993 2695 1059 2722 mihi
1078 2694 1106 2722 S.
1122 2694 1215 2731 Cyrilli
1235 2692 1384 2731 fragmenta
1399 2693 1662 2731 ﬂammeum-ierunt
1673 2692 1716 2731 ad
1734 2691 1784 2731 Lit:

997 2739 1055 2757 cum
1083 2728 1357 2757 non'rontemneuda
1382 2729 1489 2756 obtulit.
1516 2729 1642 2762 Ejusdem
1672 2728 1784 2756 Macarii

997 2765 1072 2792 locos
1087 2765 1255 2800 dogmaticos
1278 2764 1378 2799 protuli
1398 2764 1544 2792 identidem
1565 2764 1592 2791 iu
1608 2763 1676 2791 meis
1685 2764 1718 2790 ad
1735 2762 1782 2791 Ni-

997 2799 1145 2836 cephorum
1162 2799 1283 2836 scholiis.

1033 2832 1088 2871 (90)
1108 2834 1264 2870 Xiphilinus
1288 2835 1315 2862 in
1336 2834 1476 2871 Dominica
1494 2834 1615 2871 Thomze,
1639 2833 1701 2862 cod.
1719 2832 1778 2861 Vat.

998 2879 1024 2906 p.
1043 2870 1212 2906 “9,7recitat
1227 2871 1278 2897 hoc
1293 2871 1380 2905 ipsum
1398 2870 1506 2898 Eusebii
1525 2870 1716 2905 fragmentum.

1034 2906 1087 2941 (9|)
1107 2905 1200 2940 Xiph.,
1214 2906 1391 2942 ὲνεργήματι.
