2037 3215
144 175 212 202 I‘H'I
511 175 656 205 ECLOGIE
676 176 915 207 PROPHETICE.
929 194 964 200 —
976 179 1021 207 DE
1036 179 1161 208 CODICE
1179 180 1234 208 MS.
1256 180 1390 209 VINDOB.
1685 183 1753 212 1018

165 284 1744 306 im

428 391 854 482 EUSEBII
934 389 1466 503 PAMPHILI

709 567 886 598 EPISCOPI
918 565 1182 597 CIESARIENSIS

480 672 811 736 ECLOGIE
858 673 1402 738 PBOPHETICKE.

175 802 207 833 E
227 801 330 845 codice
345 805 560 845 manuscripto
573 804 767 836 bibliotheca
781 805 928 845 Caesarem
949 805 1191 845 Vindobonensis
1217 815 1298 836 nunc
1313 806 1451 845 primum
1466 805 1564 836 edidit
1583 806 1715 836 Thomas

237 842 408 881 Gusronn,
424 844 457 875 S.
476 842 514 875 ΤΣ
527 845 578 883 Ρ.,
594 845 668 876 tedis
682 845 802 876 Christi
816 844 951 876 decanus
966 854 1087 876 necnon
1101 844 1216 885 lingua
1230 842 1344 876 Grecae
1358 846 1520 885 professor
1534 846 1652 885 regius.

626 952 722 984 Oxonii,
737 959 752 978 e
766 953 934 985 typographeo
947 953 1102 983 Academico,
1114 952 1183 984 1842,
1201 953 1264 978 ln-8.

428 1112 742 1144 iARTHOLOMzEO
762 1113 999 1144 KOPITARIO
1022 1113 1193 1145 THOMAS
1211 1115 1456 1146 GAISFORDS

173 1206 250 1235 Redit
264 1207 298 1234 ad
314 1212 348 1240 te,
364 1208 404 1235 vir
418 1209 529 1243 egregie,
545 1217 621 1242 quem
638 1213 662 1235 te
685 1213 844 1243 procurante
857 1216 889 1236 ea:
902 1209 1081 1244 manuscripto
1097 1209 1203 1245 inclyta:
1219 1209 1379 1238 bibliotheca:
1390 1210 1519 1238 Caesarea:
1538 1210 1626 1238 codice
1645 1210 1763 1246 ﬁdeliter

133 1253 297 1287 descriptum
312 1254 417 1289 accepi,
441 1254 544 1282 libellus
558 1255 724 1283 Eusebianus
737 1276 745 1288 ,
770 1256 919 1283 litterarum
944 1256 1068 1291 formulis
1081 1256 1231 1284 Academia
1247 1261 1343 1284 nostrte
1358 1256 1501 1283 luculenter
1527 1257 1678 1292 impressus.
1705 1257 1760 1290 Qui

133 1308 198 1328 cum
217 1300 249 1327 ab
265 1301 435 1336 antiquarum
457 1311 544 1330 rerum
561 1311 592 1329 ac
620 1304 766 1338 prasertim
792 1303 928 1338 theologiw
949 1303 1076 1330 studiosis
1095 1304 1143 1330 diu
1167 1305 1328 1339 multumque
1342 1303 1506 1330 desideratus
1524 1303 1620 1338 fuerit,
1638 1312 1689 1330 non
1705 1310 1759 1330 πῖθι
1777 1305 1789 1314 '

133 1347 225 1374 diocri
241 1348 334 1375 ltetitia
348 1349 437 1382 e/ferri
452 1357 492 1376 me
511 1350 613 1384 fateor,
643 1349 686 1376 cui
707 1357 753 1384 per
773 1349 977 1376 benevolentiam
997 1354 1070 1376 tuam
1086 1350 1224 1385 contigerit
1237 1358 1269 1377 ex
1284 1350 1432 1384 pluteorum
1446 1349 1556 1377 tenebris
1579 1354 1633 1376 tam
1659 1350 1761 1385 insigne

134 1395 231 1422 reteri:
245 1395 293 1421 teni
306 1400 500 1422 monumentum
512 1397 664 1430 protrahere
677 1403 762 1430 posse.
781 1395 912 1424 Cazterum
930 1396 957 1422 in
973 1395 1071 1423 edenda
1087 1395 1154 1423 hanc
1183 1396 1247 1422 mihi
1273 1396 1353 1431 legem
1375 1396 1543 1430 praescripsi,
1567 1400 1596 1422 ut
1625 1395 1761 1423 lectionem

135 1439 283 1474 apographi
295 1440 389 1475 ubique
403 1448 491 1475 presse
511 1449 641 1476 sequerer,
653 1442 705 1468 nisi
723 1442 750 1468 in
767 1442 982 1476 interpunctione,
1001 1446 1026 1468 et
1049 1442 1077 1468 in
1092 1442 1226 1477 spiritibus
1237 1447 1261 1469 et
1276 1441 1435 1473 accentibus,
1454 1441 1499 1476 qui
1520 1441 1661 1468 admodum
1674 1441 1757 1476 negli-

134 1491 229 1522 genter
242 1487 322 1521 positi
334 1492 412 1518 sunt;
429 1495 508 1522 neque
519 1493 610 1522 aperta
622 1488 743 1523 qutcdam
762 1488 867 1515 librarii
884 1488 965 1521 vitia,
983 1489 1064 1515 cuivis
1080 1488 1158 1523 facile
1179 1488 1349 1524 corrigenda,
1365 1487 1494 1515 seruanda
1509 1487 1574 1515 duxi
1586 1495 1595 1514 :
1609 1496 1721 1524 quorum
1737 1489 1760 1516 si

133 1540 234 1567 pauca,
252 1542 331 1569 eaque
347 1533 495 1567 levissima,
513 1534 590 1562 tacite
602 1534 764 1566 sustulerint,
780 1535 807 1560 in
820 1534 951 1570 plerisque
965 1534 1135 1562 emendandis
1147 1534 1187 1561 ita
1202 1538 1319 1561 versatus
1331 1542 1387 1560 sum
1397 1554 1404 1566 ,
1418 1538 1446 1560 ut
1458 1542 1515 1569 qum
1528 1535 1670 1560 resecando
1685 1542 1761 1569 erant

134 1582 243 1610 uncinis
258 1580 395 1616 quadratis
412 1581 613 1614 circumdarem,
628 1589 686 1615 qut?
711 1581 831 1608 addenda
847 1581 886 1609 vel
912 1580 1050 1614 mutanda,
1062 1581 1172 1608 lanulis.
1201 1580 1253 1608 Sed
1279 1588 1359 1615 neque
1382 1581 1622 1615 interpretationem
1638 1579 1761 1607 Latinam

136 1636 222 1663 neque
238 1627 418 1654 adnotationis
439 1627 502 1663 quid
528 1627 620 1655 addidi
637 1628 674 1663 (a)
689 1636 699 1655 :
720 1637 772 1655 non
795 1629 863 1655 enim
888 1628 959 1655 volui
985 1628 1094 1655 nimiam
1120 1628 1204 1663 operis
1226 1635 1328 1654 moram
1343 1627 1470 1662 injicere:
1487 1628 1515 1654 in
1532 1628 1650 1663 margine
1675 1632 1762 1654 tamen

137 1675 254 1709 (prarter
276 1683 397 1702 numeros
421 1674 547 1709 {oliorum
571 1674 668 1703 codicis
691 1683 741 1702 ms.
760 1675 794 1702 ad
822 1675 958 1703 sinistram
979 1674 1137 1710 collocatos)
1163 1682 1247 1701 δίκην
1267 1673 1412 1708 Scriptura:
1438 1681 1632 1710 paucarumque
1646 1673 1761 1700 aliorum

136 1721 298 1756 scriptorum
312 1722 345 1748 ab
359 1721 471 1749 Eusebio
483 1723 623 1749 citatorum
637 1722 694 1749 loca
711 1722 831 1757 apposui,
849 1730 879 1750 ne
896 1721 922 1748 in
937 1720 1030 1748 iisdem
1041 1720 1170 1748 rimandis
1181 1724 1206 1747 et
1216 1719 1382 1754 conferendis
1401 1720 1482 1746 lector
1499 1721 1632 1755 ingratum
1643 1718 1760 1747 laborem

137 1772 316 1801 consumeret,
330 1772 386 1800 aut,
400 1776 446 1802 per
465 1767 593 1795 desidiam
603 1767 651 1794 hoc
666 1768 792 1803 neglecto,
810 1772 922 1794 mentem
939 1766 1056 1794 auctoris
1070 1767 1156 1793 minus
1175 1770 1243 1792 recte
1258 1764 1396 1799 aliquoties
1409 1764 1560 1798 perciperet.
1586 1763 1660 1790 Vale.

213 1845 317 1873 Dabam
328 1854 361 1873 ex
378 1845 434 1874 tede
448 1846 550 1873 Christi
561 1846 588 1872 d.
603 1845 670 1873 Maii
685 1846 715 1873 3|
744 1845 821 1872 18H.

175 1930 216 1966 (a)
235 1931 486 1967 lnterpretationem
504 1930 615 1958 latinam
632 1928 818 1957 adornandam
834 1928 1001 1959 curavimus,
1017 1926 1096 1954 Εωτ.
1113 1925 1200 1954 Pun.

1527 2025 1743 2033 _____

194 2105 254 2137 EX
289 2105 326 2136 Ρ.
357 2104 569 2137 LAMBECII
600 2099 1307 2173 (ΣοΜΜΕΝΤΑΒἎῧΝὲξΥΒΙΪΙΒιῙΟΤΗΕΟΑ
1337 2097 1536 2131 (ΣΑΞΞΑΒΕΑ
1572 2096 1712 2130 νιΝΒο-

711 2218 776 2251 (Lib.
790 2225 824 2247 Ill,
840 2221 857 2242 ι.
869 2225 893 2249 p.
906 2218 948 2248 Ill,
962 2225 988 2250 p.
998 2218 1041 2243 201
1056 2218 1097 2243 ed.
1107 2217 1213 2246 Kollar.)

940 2297 975 2304 _.

178 2350 269 2380 Codex
287 2360 332 2384 ιν,
347 2352 470 2385 Gracus,
486 2353 721 2386 membranaceus,
737 2353 946 2389 antiquissimus
958 2372 966 2385 ,
985 2352 1094 2388 optimae
1117 2355 1199 2384 noue,
1213 2349 1341 2382 in-iolio,
1358 2351 1518 2383 constatque
1533 2345 1605 2373 foliis
1618 2343 1672 2372 249
1691 2345 1720 2371 et
1732 2341 1766 2370 ab

141 2398 178 2426 Α.
197 2398 349 2428 Busbeckio
362 2401 427 2428 olim
441 2400 493 2428 fuit
506 2406 679 2436 comparatus
695 2401 943 2436 Constantinopoli.
961 2400 1145 2428 Continentur
1160 2406 1193 2426 eo
1206 2397 1264 2425 hanc
1279 2407 1286 2424 :

179 2445 202 2472 Δ
219 2445 266 2473 fol.
283 2447 410 2483 ltusque
425 2447 458 2474 ad
474 2447 521 2475 fol.
537 2447 582 2475 61.
597 2447 705 2476 Eusebii
719 2448 850 2483 Pamphili
865 2448 996 2476 Caesarea
1011 2448 1038 2474 in
1055 2446 1200 2474 Palaestina
1217 2444 1339 2480 episcopi
1364 2442 1439 2469 Libri
1468 2445 1582 2477 quatuor
1609 2438 1766 2473 Eclogarum

143 2482 355 2526 propheticarum
366 2492 398 2520 de
409 2492 525 2525 Christo,
537 2493 692 2522 Arianismo
707 2482 811 2526 infecti.
829 2497 856 2522 et
872 2494 1005 2521 hactenus
1027 2492 1133 2520 inedlti.

182 2537 216 2566 In
232 2547 307 2573 quem
327 2539 412 2567 locum
425 2544 617 2568 commentatus
629 2540 726 2568 esthoc
738 2541 814 2568 modo
830 2540 969 2568 Kollarius
985 2548 994 2567 :

180 2584 219 2613 De
232 2584 343 2613 incditis
357 2585 490 2613 hactenus
504 2589 622 2620 quatuor
636 2586 711 2614 hisce
724 2585 832 2614 Eusebii
845 2585 979 2621 Pamphili
997 2586 1077 2613 libris
1099 2584 1238 2620 copiosius
1253 2583 1317 2610 alibi
1333 2582 1388 2618 egit
1404 2579 1583 2612 Lambecius;
1600 2585 1661 2613 quae
1675 2575 1767 2604 omnia

144 2639 218 2659 nunc
234 2631 372 2666 colligere,
389 2635 417 2659 et
431 2638 570 2658 sacrarum
581 2631 731 2659 litterarum
746 2631 832 2666 gratia
847 2632 874 2659 in
889 2640 1003 2660 examen
1015 2640 1114 2660 vocare
1126 2634 1260 2666 satagam.
1277 2627 1335 2656 Sub
1351 2626 1431 2654 ﬁnem
1448 2625 1513 2653 tomi
1530 2623 1602 2653 tertii
1616 2624 1768 2659 Apparatus

144 2678 188 2706 sui
206 2678 277 2705 sacri
291 2678 448 2714 vulgaverat
463 2678 527 2706 olim
541 2672 706 2706 Possevinus
722 2679 874 2714 catalogum
897 2680 1078 2715 quorumdam
1101 2677 1350 2713 manuscriptorum
1376 2677 1544 2705 nostrorum,
1561 2672 1641 2706 cujus
1653 2673 1767 2698 exstan-

145 2725 216 2753 tiora
229 2728 320 2753 errata
333 2725 506 2754 emendatum
521 2726 577 2753 ibat
587 2724 748 2754 Lambecius
760 2725 906 2754 Comment.
924 2726 973 2754 lib.
990 2735 1010 2759 ι,
1023 2735 1050 2762 p.
1064 2726 1128 2754 2H.
1154 2734 1163 2752 ι
1182 2725 1212 2752 ln
1224 2724 1319 2753 eodem
1335 2720 1477 2749 Possevini
1489 2719 1612 2754 catalogo
1628 2717 1717 2744 litteral
1727 2714 1761 2748 (ἓν

146 2772 218 2799 inter
237 2775 335 2800 cetera
349 2772 477 2808 leguntur
496 2771 636 2807 sequentia
653 2780 660 2799 :
682 2771 788 2799 ercus
812 2772 892 2799 codex
912 2772 1020 2799 mutilus
1035 2776 1105 2800 totus
1118 2771 1298 2799 enarratione:
1311 2768 1408 2796 habens
1423 2768 1450 2794 in
1461 2766 1562 2801 aliquot
1585 2764 1672 2798 capita
1686 2762 1769 2790 Gene-

145 2820 194 2846 sis.
216 2828 225 2845 ι
242 2818 311 2852 Qum
330 2818 491 2848 Lambecius
516 2819 619 2855 virgula
642 2819 766 2847 censoria
793 2819 904 2850 feriens.
919 2818 1014 2846 codice
1029 2818 1077 2845 illo
1090 2818 1202 2846 Eusebii
1222 2816 1357 2853 Pamphili
1381 2814 1541 2849 Eclogarum
1557 2811 1768 2846 propheticarum

146 2865 233 2894 libros
248 2865 382 2893 contineri
397 2865 510 2901 pulchre
531 2867 667 2895 ostendit:
683 2867 719 2894 ob
732 2866 803 2902 quod
818 2866 948 2894 indicium
970 2866 1076 2894 laudem
1095 2865 1217 2901 profecto
1230 2865 1408 2893 commeritus
1427 2862 1523 2890 fuisset
1546 2868 1600 2888 non
1616 2859 1766 2894 vulgarem.

149 2915 184 2954 si,
200 2914 281 2949 gnavi
299 2919 326 2941 et
337 2913 436 2942 eruditi
451 2913 538 2942 critici
554 2921 666 2943 munere
685 2913 805 2948 iunctus,
824 2913 932 2951 invictis
950 2913 1117 2947 argumentis
1132 2915 1267 2941 assertum
1291 2919 1369 2940 suum
1389 2909 1552 2938 astruxisset
1564 2927 1571 2940 ,
1589 2905 1688 2942 quibus
1710 2909 1766 2934 tum
