2037 3215
306 186 372 214 1019
638 161 772 210 EUSEBII
789 181 1029 209 CAESARIENSIS
1047 180 1110 209 OPP

1115 200 1121 206 .
1141 180 1232 208 PARS
1251 180 1296 208 lll.
1314 194 1349 200 -—
1368 177 1571 207 EXEGETICA.
1855 178 1918 205 εαξη

305 247 420 274 uaxime
432 254 500 280 opus
513 250 564 277 est,
580 253 642 271 cum
661 244 695 272 de
709 242 901 278 anepigrapbis
916 241 1084 277 perditisque
1098 242 1236 276 operibus.
1251 241 1400 277 percelebri
1420 240 1527 268 cuidam
1544 240 1670 274 scriptori
1688 239 1851 270 tribuendis,
1866 238 1921 273 agi-

304 297 358 320 tur.
379 291 478 320 Verum
499 292 636 319 enimvero
650 289 810 316 Lambecius
827 289 912 315 librOs
927 287 1009 316 hosce
1030 287 1139 315 Eusebii
1154 287 1287 322 Pamphili
1301 295 1363 314 esse
1378 287 1416 314 ait
1431 287 1466 314 ob
1481 287 1581 322 stylum
1596 290 1623 313 et
1639 286 1794 313 methodum
1811 285 1919 312 tractati

303 339 455 374 argumenti
473 347 479 365 :
501 337 644 369 familiare,
659 340 688 363 ut
702 336 819 367 videtur,
831 334 945 362 eruditis
961 333 1052 362 steculi
1064 333 1106 361 sui
1122 337 1324 368 argumentum,
1340 333 1413 368 quod
1430 337 1519 360 tamen
1533 333 1589 367 jam
1605 331 1708 367 pridem
1724 331 1920 358 recentioribus

303 386 404 413 nostris
420 385 504 420 coepit
515 392 575 412 esse
589 387 757 418 suspectum,
770 390 824 417 qua
839 381 873 410 de
889 389 919 409 re
936 381 986 416 legi
1003 385 1123 408 meretur
1137 379 1161 408 εἶ.
1178 380 1207 407 C.
1233 379 1331 415 Mylius
1348 380 1375 406 in
1391 379 1554 406 Bibliotheca
1565 387 1645 406 anon.
1656 383 1680 405 et
1696 377 1834 413 pseudom.
1846 382 1921 410 parte

303 432 389 466 prima
403 431 621 462 schediasmatis,
640 437 667 465 p.
686 429 720 456 50
730 434 757 456 ct
772 429 817 456 58.
828 443 863 448 —
882 427 936 455 Sed
953 427 1106 462 argumenti
1121 426 1205 461 hujus
1218 427 1260 454 sui
1273 425 1457 453 inﬁrmitatem
1474 425 1608 460 persensit
1621 425 1733 460 ipsemet
1748 423 1919 453 Lambecius,

301 486 382 512 quam
393 479 475 506 etiam
491 479 526 504 ob
541 485 651 505 causam
669 477 696 503 in
713 476 829 511 append.
842 475 890 503 lib.
907 482 954 503 vui
971 475 1196 506 additamentum,
1211 474 1369 501 melioribus
1386 473 1536 500 rationibus
1551 471 1658 502 fultum,
1671 470 1751 505 hujus
1766 470 1819 496 loci
1835 469 1921 504 gratia

300 524 422 558 scripsit.
438 523 465 550 ln
480 524 563 550 hocce
581 523 766 550 additamenta
781 522 888 550 duabus
909 522 987 549 novis
1006 521 1160 548 rationibus
1183 521 1345 548 sententiam
1360 527 1437 548 suam
1453 519 1631 554 comprobare
1659 518 1750 547 studet
1761 537 1769 549 ,
1794 520 1820 544 et
1836 516 1921 551 prima

301 570 410 605 quidem
429 570 466 597 illi
482 571 515 596 ab
529 570 644 605 ipsemet
659 569 776 596 Eusebio
790 570 903 604 petitur,
918 568 990 605 quod
1007 568 1136 596 nimirum
1152 569 1176 596 is
1202 568 1287 595 libros
1301 567 1462 602 Eclogarum
1477 566 1686 601 propheticarum
1701 566 1734 592 de
1747 564 1859 592 Christo
1874 570 1922 598 pro

301 623 383 650 opere
400 623 450 642 suo
468 615 652 651 designaverit
668 615 739 642 Hist.
760 615 851 642 ecclcs.
868 623 888 647 l,
904 623 930 643 c.
951 615 979 647 2,
997 615 1025 642 in
1040 622 1120 649 quem
1143 615 1232 641 locum
1248 614 1315 641 satis
1329 613 1444 640 feliciter
1461 612 1589 640 incidisse
1609 611 1781 638 Lambecium
1796 618 1841 638 res
1866 609 1921 644 ipsa

303 661 412 693 fatetur,
425 662 470 696 qui
488 665 577 688 tamen
595 661 804 696 haudquaquam
817 661 935 689 evicerat
952 661 1064 696 Eclugas
1083 661 1193 689 Eusebii
1208 660 1371 695 prophetica:
1389 659 1421 687 de
1435 659 1540 687 Christo
1561 660 1588 686 in
1609 659 1672 690 hoc,
1693 658 1726 685 de
1742 664 1796 692 quo
1812 656 1902 692 agitur
1913 676 1920 688 ,

301 709 457 737 Ctesariauo
475 709 568 736 codice
581 708 675 736 haberi
692 718 698 736 :
714 717 776 736 cum
794 709 910 736 testibus
923 716 996 735 vau
1011 712 1038 736 et
1054 716 1138 735 XLVIII
1152 708 1292 736 codicibus
1309 716 1362 735 non
1379 709 1466 735 solum
1484 707 1630 735 Eusebium
1651 705 1828 738 Ἀποδείξεις
1846 712 1922 731 eran-

301 754 398 789 gelicas
411 754 461 781 hac
472 754 601 781 melhodo
612 754 757 789 scripsisse
774 758 891 781 constet.
904 753 946 780 Ad
960 753 1072 780 alteram
1085 753 1217 780 rationem
1233 753 1307 789 quod
1323 754 1436 785 attinet,
1461 760 1492 780 ea
1516 753 1637 788 profecto
1650 752 1734 787 priori
1749 752 1831 779 etiam
1849 750 1922 778 intiro

303 801 372 828 mior
388 804 430 827 est
442 808 450 833 ;
465 807 499 827 ex
509 800 563 831 illis
574 800 657 833 enim,
674 808 735 835 qua:
746 800 837 835 operis
854 799 968 834 hujusce
982 799 1109 834 producit
1120 799 1222 832 verbis,
1239 799 1306 826 nihil
1317 799 1391 826 aliud
1403 800 1544 834 conjicias,
1555 806 1636 834 quam
1646 805 1754 833 gravem
1766 797 1921 833 quampiam

302 847 423 874 auctoris
439 854 496 874 ἱενο
507 847 651 874 excitatam
667 848 896 882 persecutionem,
910 853 1082 882 nequaquam
1096 853 1162 874 vero
1178 846 1251 873 illam
1267 853 1327 881 quae
1345 854 1391 874 au.
1408 846 1460 874 502
1475 846 1527 873 sub
1543 846 1626 880 impp.
1643 845 1810 872 Diocletiano
1822 848 1851 871 et
1869 843 1923 871 Ma-

307 893 427 920 ximiano
444 892 570 920 Herculio
586 894 613 920 in
629 893 801 921 Christianos
830 894 970 926 detonuit,
996 893 1115 920 Eusebio
1131 899 1248 920 coazvam
1264 901 1270 919 :
1287 900 1356 927 quas
1369 892 1450 920 etiam
1475 892 1595 927 aliasque
1611 891 1764 927 persimiles
1776 891 1812 918 ob
1826 898 1923 918 causas

304 949 358 968 non
373 940 518 968 defuerunt
534 941 583 968 viri
598 941 682 973 docti,
698 943 744 977 qui
767 950 836 977 opus
858 943 910 970 hoc
936 947 1062 970 nostrum
1088 940 1207 968 Eusebio
1226 940 1359 975 Pamphili
1384 940 1422 968 ob
1435 939 1552 968 nominis
1574 938 1756 967 celebritatem
1783 936 1922 965 subditum

303 987 535 1024 substitutumque
548 996 608 1016 esse
623 989 755 1017 dicerent.
769 989 894 1017 Oudinus
911 995 986 1018 certe
997 989 1187 1017 Cammenlarii
1203 988 1244 1016 sui
1261 992 1280 1014 t.
1294 988 1314 1021 l,
1330 988 1382 1016 col.
1394 988 1456 1020 3H,
1472 987 1591 1015 scribere
1605 993 1658 1013 non
1676 985 1830 1012 dubitavit:
1851 993 1861 1010 ε
1879 983 1921 1015 At,

304 1034 401 1068 inquit,
417 1035 508 1062 nullus
525 1034 630 1067 dubito,
647 1036 713 1070 quin
724 1043 807 1070 opera
823 1037 875 1064 ista
891 1036 1018 1068 Eusebio,
1031 1036 1066 1063 ob
1079 1035 1199 1063 nominis
1224 1035 1322 1062 famam
1347 1034 1535 1066 celeberrimo,
1555 1033 1702 1061 substituta
1720 1032 1774 1059 sint
1789 1041 1795 1058 :
1823 1039 1920 1066 neque,

303 1079 326 1106 si
342 1087 403 1106 vera
429 1079 554 1113 fuissent,
571 1079 732 1108 Lambecius
747 1082 781 1108 ab
796 1081 955 1116 evulgandis
968 1082 1157 1113 abstinuisset,
1169 1083 1214 1116 qui
1231 1081 1344 1108 minoris
1363 1080 1441 1115 longe
1458 1079 1587 1106 momenti
1612 1079 1761 1114 fragmenta
1782 1077 1842 1105 suis
1859 1085 1919 1104 cum

303 1126 430 1161 scrupulo
443 1127 568 1155 inseruit.
590 1137 600 1153 ι
617 1127 679 1155 llaec
693 1129 754 1156 ille:
773 1129 800 1155 in
816 1130 895 1164 cujus
906 1137 997 1157 errore
1017 1137 1060 1157 me
1075 1137 1184 1164 quoque
1195 1127 1388 1163 complusculis
1403 1127 1483 1154 annis
1498 1126 1608 1154 haesisse
1623 1126 1739 1161 ingenue
1752 1124 1850 1152 fateor.
1870 1123 1922 1150 Seu

302 1173 374 1201 enim
389 1174 530 1202 verissima
547 1178 589 1202 est
606 1174 650 1201 illa
664 1173 840 1209 Xenophanis
859 1177 993 1203 sententia
1004 1196 1012 1208 ,

737 1232 778 1258 Οὔ
792 1240 836 1258 τοι
851 1231 900 1257 ἀπ’
917 1232 1014 1266 ἀρχῆς
1027 1232 1126 1258 πάντα
1141 1231 1199 1258 θεοὶ
1213 1231 1331 1264 θνητοῖς
1349 1229 1517 1262 ἀπέδειξαν,

748 1267 841 1293 Ἀλλὰ
855 1268 952 1301 χρόνῳ
969 1267 1125 1301 ζητοῦντες
1136 1267 1369 1301 ἐ-φειιρίσκουσιν
1383 1265 1513 1300 ἄμεινον,

304 1322 368 1350 Nam
382 1330 443 1350 cum
457 1323 502 1350 die
520 1323 635 1358 quadam
653 1323 775 1350 codicem
792 1323 865 1350 hunc
879 1323 960 1350 volvo
973 1323 1070 1350 iterum
1086 1324 1262 1358 revolvoque,
1277 1331 1309 1350 ex
1322 1323 1367 1350 vili
1383 1322 1492 1358 palliolo
1504 1330 1630 1358 magnum
1646 1322 1742 1357 agnovi
1758 1321 1918 1349 Eusebium.

303 1372 356 1398 Res
373 1372 410 1398 ita
423 1371 533 1398 accidit.
549 1371 639 1403 Codex
653 1370 686 1398 de
706 1378 759 1406 quo
776 1378 849 1397 nunc
863 1371 979 1405 agimus,
992 1371 1069 1398 theca
1091 1371 1155 1398 olim
1171 1379 1279 1402 carens,
1299 1370 1370 1397 foliis
1393 1369 1521 1405 utrinque
1537 1370 1594 1398 suis
1616 1370 1764 1405 tegebatur.
1781 1369 1919 1401 Primum,

303 1417 337 1445 ab
353 1417 428 1444 cdaci
444 1421 564 1451 tempore
576 1418 714 1452 multoque
726 1425 777 1445 usu
793 1418 913 1444 lacerum
929 1425 961 1445 ac
978 1426 1046 1453 pene
1062 1418 1193 1449 deletum,
1208 1425 1258 1452 pro
1269 1418 1346 1444 theca
1363 1417 1465 1444 codicis
1480 1425 1495 1444 a
1511 1417 1656 1444 Lambecio
1668 1417 1718 1444 fuit
1734 1417 1858 1445 habitum
1869 1438 1876 1449 ,
1893 1422 1920 1446 et

303 1472 362 1492 eam
377 1464 459 1490 ctiam
471 1464 506 1490 ob
519 1471 628 1490 causam
648 1463 676 1490 in
699 1464 858 1491 recensione
873 1463 1005 1491 omissum
1022 1464 1248 1499 neglectumque:
1268 1462 1350 1497 igitur
1370 1470 1431 1489 cum
1462 1461 1610 1497 ἀμηχανῶν
1627 1462 1773 1490 Eusebium
1790 1464 1818 1490 in
1836 1463 1918 1491 Euse-

303 1510 347 1538 bio
361 1517 464 1544 quzero,
479 1509 682 1536 similitudinem
697 1517 805 1541 manus,
822 1518 875 1545 qua
893 1510 1014 1545 reliquus
1032 1509 1119 1537 codex
1144 1510 1263 1544 scriptus
1284 1513 1343 1540 est,
1361 1508 1388 1535 in
1406 1509 1492 1543 primo
1506 1509 1553 1536 illo
1578 1509 1642 1537 folio
1656 1509 1862 1543 animadverto,
1880 1509 1921 1537 fu-

303 1555 430 1590 gientium
448 1555 601 1581 litterarum
617 1554 732 1589 vestigia
749 1555 819 1590 lego,
836 1563 868 1582 ac
885 1555 1001 1590 denique
1016 1555 1154 1590 comperio
1169 1556 1329 1590 prowmium
1356 1554 1512 1589 Eclogarum
1529 1554 1637 1582 Eusebii
1648 1575 1656 1587 ,
1676 1556 1811 1591 principio
1827 1561 1854 1584 et
1868 1556 1920 1584 lino

304 1601 442 1632 nuitilum,
463 1600 557 1628 eodem
574 1599 638 1627 folio
654 1600 796 1628 contineri.
811 1601 857 1628 Sic
873 1602 946 1629 enim
962 1602 998 1628 ibi
1014 1602 1085 1628 inter
1095 1605 1190 1629 caetera
1208 1602 1321 1636 ipsemet
1333 1600 1475 1633 Eusebius,
1493 1601 1620 1628 ’1στέονδ’
1637 1601 1674 1634 ὡς
1696 1601 1916 1638 πρὸ-ἡγοῦμαι.

302 1648 376 1680 (Vid.
393 1647 470 1682 hujus
481 1646 522 1674 ed.
538 1648 587 1674 col.
601 1647 680 1674 “in.
700 1647 786 1683 Pergit
804 1647 943 1676 Kollarius
955 1648 982 1683 :)
998 1648 1136 1676 Hactenus
1161 1648 1284 1684 praemii
1297 1648 1423 1683 pericope
1434 1657 1445 1674 ι
1458 1655 1491 1674 ex
1506 1648 1606 1682 quibus
1620 1656 1682 1675 cum
1699 1649 1767 1681 alia,
1793 1653 1854 1676 tum
1879 1650 1920 1678 vel

302 1695 417 1722 maxime
436 1695 491 1722 duo
507 1693 635 1720 facillime
649 1693 821 1722 deducuntur
835 1704 842 1722 :
861 1695 1007 1728 nimirum,
1023 1698 1050 1722 ct
1070 1694 1216 1722 Eusebium
1232 1693 1366 1729 Pamphili
1380 1699 1518 1721 auctorem
1538 1694 1652 1730 hujusce
1667 1696 1794 1731 prooemii
1811 1704 1885 1728 esse.
1896 1703 1922 1725 et

303 1740 414 1775 Eelogas
432 1740 465 1767 de
484 1739 611 1772 Christo,
631 1740 756 1773 praesenti
774 1741 867 1767 codice
884 1744 1036 1772 contentas,
1051 1740 1151 1767 nemini
1169 1740 1213 1767 alii
1231 1747 1312 1775 quam
1327 1739 1413 1767 eidem
1429 1738 1558 1772 Eusebio,
1572 1749 1652 1775 posse
1665 1741 1759 1769 tribui.
1777 1741 1921 1771 Enimvero

301 1788 446 1816 Eusebium
461 1787 584 1822 prooemii
601 1791 738 1814 auctorem
751 1796 826 1820 esse,
847 1788 920 1815 clare
935 1788 1024 1815 elucet
1038 1795 1070 1814 ex
1088 1788 1141 1814 illis
1165 1807 1172 1820 ,
1189 1788 1290 1822 quibus
1304 1788 1416 1820 indicat,
1432 1788 1506 1822 prius
1525 1795 1554 1815 se
1565 1808 1573 1820 ,
1597 1796 1677 1822 quam
1695 1789 1729 1816 ad
1744 1789 1918 1817 scribendum

301 1842 419 1869 praesens
435 1841 503 1868 opus
516 1834 634 1860 animum
652 1834 773 1868 appulit,
792 1834 955 1868 Χρονικοὺς
974 1834 1110 1866 Κανόνας
1127 1834 1287 1868 scripsisse,
1315 1837 1343 1860 ct
1366 1841 1398 1860 ea
1415 1833 1525 1868 quidem
1541 1838 1631 1861 tuente
1642 1854 1650 1867 ,
1672 1839 1701 1861 ut
1716 1834 1820 1870 Moysis
1846 1844 1922 1871 aque

299 1885 382 1916 atque
397 1881 524 1913 aliorum,
539 1882 585 1916 qui
600 1886 662 1916 post
679 1889 740 1909 eum
760 1880 845 1912 fuere,
864 1880 1056 1916 prophetarum
1070 1884 1232 1908 vetustatem
1246 1880 1407 1908 vindicaret.
1423 1880 1537 1914 Quinam
1554 1888 1617 1908 vero
1632 1881 1658 1908 hi
1672 1882 1809 1916 Χρονικοὶ
1829 1884 1922 1909 Κανός

299 1935 351 1960 rec
365 1928 439 1960 sint,
465 1927 543 1955 facile
561 1928 740 1963 intelligitur:
760 1927 889 1954 nimirum
906 1926 943 1953 illi
960 1927 1023 1961 ipsi,
1037 1934 1106 1961 quos
1126 1927 1248 1961 Scaliger
1264 1926 1290 1953 in
1305 1925 1438 1953 Thesauro
1453 1931 1597 1961 temporum
1610 1930 1683 1954 tomo
1694 1927 1782 1962 primo
1803 1929 1921 1964 vulgavit

301 1973 495 2001 Amstelodatni
514 1981 558 2001 an.
578 1974 646 2000 1658
662 1983 668 2000 :
686 1973 785 2008 quippe
801 1973 828 1999 in
845 1973 917 1999 illius
931 1972 1021 2007 operis
1042 1972 1176 2007 prommio
1194 1972 1264 1999 idem
1282 1971 1334 1998 hoc
1353 1971 1462 1999 Eusebii
1488 1972 1657 2006 propositum
1675 1972 1790 2008 legitur;
1812 1981 1847 2001 ex
1869 1982 1920 2010 quo

302 2020 411 2047 lectoris
437 2020 524 2055 gratia
553 2020 676 2055 pluscula
703 2019 757 2046 huc
778 2018 964 2046 transcribere
985 2019 1091 2054 placet,
1122 2018 1169 2046 sed
1184 2017 1280 2045 Latine
1295 2021 1410 2050 tantum,
1428 2018 1491 2053 quia
1519 2017 1684 2054 Hieronymo
1699 2020 1872 2055 interprete:
1890 2036 1922 2042 —

304 2075 313 2091 ι
330 2065 459 2101 Moysem,
476 2066 574 2100 inquit,
590 2066 679 2100 gentis
702 2064 837 2097 Hebreum,
854 2065 899 2100 qui
918 2065 1024 2100 primus
1046 2064 1167 2091 omnium
1190 2063 1382 2099 prophetarum
1407 2069 1469 2091 ante
1485 2063 1630 2091 adventum
1647 2063 1752 2092 Domini
1770 2065 1922 2094 Salvatoris

300 2113 405 2140 divinas
422 2113 493 2147 leges
511 2113 609 2140 litteris
624 2113 779 2149 explicavit,
792 2111 882 2139 lnachi
901 2111 985 2139 fuisse
1001 2111 1167 2146 temporibus
1180 2111 1356 2139 eruditissimi
1370 2112 1419 2139 viri
1432 2112 1613 2144 tradiderunt,
1628 2120 1661 2140 ex
1678 2113 1782 2140 nostris
1793 2113 1921 2143 Clemens

299 2162 326 2185 et
342 2157 496 2189 Africanus,
512 2162 539 2185 et
554 2157 700 2190 Tatianus;
717 2166 749 2186 ex
762 2157 862 2185 Iudaeis
878 2156 1012 2191 Josephus
1034 2162 1061 2183 ct
1077 2155 1182 2188 Justus,
1200 2158 1299 2185 veteris
1312 2158 1432 2186 historia
1455 2163 1628 2186 monumenta
1643 2159 1818 2194 replicantes.
1837 2161 1921 2189 Porro

301 2204 415 2231 Inachus
431 2205 586 2239 quingentis
605 2205 684 2232 annis
699 2204 848 2239 Trojanum
863 2204 962 2231 bellum
987 2203 1131 2231 antecedit.
1152 2203 1190 2230 Ex
1204 2205 1321 2233 ethnicis
1340 2214 1404 2234 vero
1418 2207 1517 2242 impius
1535 2207 1580 2234 ille
1595 2207 1762 2243 Porphyrius
1777 2209 1806 2236 in
1824 2215 1921 2245 quarto

300 2251 389 2285 operis
402 2251 444 2278 sui
459 2251 537 2282 libro,
550 2250 622 2285 quod
639 2251 782 2278 adversum
798 2259 849 2277 nos
867 2257 946 2277 casso
957 2250 1050 2277 labore
1066 2251 1215 2282 contexuit,
1228 2256 1289 2286 post
1304 2247 1424 2288 hloysem
1439 2253 1609 2281 Semiramini
1623 2254 1706 2283 fuisse
1721 2256 1851 2288 aﬂirmat,
1862 2264 1920 2292 qua:

300 2296 370 2330 apud
391 2296 518 2330 Assyrios
533 2302 565 2321 CL
585 2299 647 2322 ante
664 2295 794 2322 lnachum
809 2295 931 2330 regnavit
946 2302 1042 2322 annos.
1059 2294 1153 2331 Itaque
1179 2297 1256 2330 juxta
1283 2305 1343 2324 eum
1360 2306 1423 2325 accc
1437 2307 1504 2334 pene
1520 2304 1547 2328 et
1564 2308 1579 2327 ι,
1607 2302 1686 2329 annis
1711 2301 1835 2337 Trojano
1851 2303 1920 2331 bello

301 2341 404 2378 Moyses
420 2342 512 2369 senior
527 2341 673 2369 invenitur.
689 2341 756 2368 Cum
771 2342 827 2368 haec
840 2342 877 2368 ita
891 2349 921 2369 se
933 2342 1060 2375 habeant,
1072 2344 1255 2370 necessarium
1268 2344 1332 2371 duxi
1349 2347 1490 2374 veritatem
1503 2347 1658 2383 diligentius
1671 2351 1797 2385 persequi
1814 2360 1821 2378 :
1843 2356 1870 2378 et
1885 2352 1918 2379 ob

301 2388 326 2416 id
338 2388 365 2415 iu
378 2388 460 2423 priori
473 2387 542 2414 libro
553 2387 630 2422 quasi
642 2387 785 2422 quamdam
802 2388 942 2415 materiam
958 2387 1050 2416 futuro
1066 2389 1142 2424 operi
1157 2389 1278 2416 omnium
1296 2399 1387 2426 regum
1413 2393 1478 2419 mihi
1496 2397 1618 2429 tempora
1645 2398 1794 2430 prmnotavi
1809 2417 1818 2429 ,
1838 2398 1918 2426 Chal-

299 2436 429 2466 daeorum,
445 2434 629 2470 Assyriorum,
647 2433 797 2466 Medorum,
816 2433 973 2466 Persarum,
989 2434 1138 2470 Lydorum,
1164 2436 1350 2469 Hebraeorum,
1369 2437 1570 2474 Egyptiorum,
1582 2441 1758 2470 Macedonum
1770 2464 1777 2476 ,
1807 2443 1919 2473 Latino.

300 2489 370 2514 rum,
388 2481 432 2516 qui
446 2485 539 2516 postea
551 2479 666 2508 Romani
679 2480 829 2515 nuncupati
848 2485 928 2514 sunt;
944 2482 970 2508 in
983 2483 1108 2516 praesenti
1125 2487 1227 2517 autem,
1245 2484 1314 2518 stylo
1330 2484 1423 2512 eadem
1440 2489 1561 2521 tempora
1574 2491 1669 2515 contra
1684 2497 1713 2516 se
1737 2490 1856 2519 invicem
1869 2500 1918 2527 po-

301 2535 378 2558 nens,
395 2532 421 2554 ct
439 2527 607 2562 singularum
624 2527 745 2562 gentium
772 2534 858 2553 annos
880 2527 1069 2561 dinumerans,
1088 2532 1117 2555 ut
1131 2528 1195 2563 quid
1223 2534 1388 2558 coaetaneum
1411 2532 1510 2567 cuique
1533 2533 1600 2566 fuit,
1631 2535 1667 2561 ita
1684 2536 1796 2564 curioso
1821 2538 1917 2566 ordine

299 2575 431 2609 coaptavi.
449 2573 542 2609 Neque
559 2581 601 2601 me
616 2573 684 2608 fugit
704 2574 730 2600 in
745 2573 864 2601 Hebrazis
877 2574 1018 2602 codicibus
1041 2575 1212 2604 dissonantes
1227 2582 1334 2604 aetatum
1351 2585 1438 2605 annos
1462 2578 1588 2611 inveniri,
1605 2580 1719 2616 plusque
1744 2583 1786 2610 vel
1809 2585 1915 2616 minus,

300 2625 378 2656 prout
396 2621 589 2656 interpretibus
603 2621 690 2648 visum
713 2625 764 2653 est,
779 2622 893 2649 lectitari
909 2631 916 2649 :
933 2623 1156 2658 sequendumque
1181 2624 1246 2651 illud
1265 2626 1364 2659 potius,
1384 2627 1455 2661 quod
1470 2628 1696 2662 exemplariorum
1717 2630 1865 2658 multitudo
1890 2631 1916 2657 in

300 2669 378 2696 fidem
397 2669 487 2695 traxit.
506 2667 606 2696 Verum
622 2672 760 2704 utcunque
775 2669 837 2704 quis
853 2669 924 2696 volet
949 2674 1097 2704 computet,
1113 2675 1141 2697 et
1159 2673 1275 2706 reperiet
1291 2672 1383 2700 Inachi
1409 2674 1586 2709 temporibus.
1601 2682 1680 2709 quem
1700 2675 1819 2709 primum
1838 2677 1916 2711 Argis

299 2722 426 2749 regnasse
438 2715 523 2746 aiunt,
537 2715 720 2749 patriarcham
736 2714 909 2743 Hebraeorum
925 2715 1009 2743 fuisse
1025 2715 1149 2743 lsraelem
1167 2726 1173 2743 :
1191 2725 1206 2744 a
1220 2725 1274 2753 quo
1298 2718 1441 2746 duodecim
1462 2719 1618 2748 Iudaeorum
1639 2721 1726 2748 tribus
1745 2722 1856 2750 lsraelis
1871 2731 1916 2749 xo-

299 2760 424 2786 cabulum
446 2761 548 2787 sortita:
562 2764 646 2788 sunt:
664 2760 835 2788 Semiramim
858 2766 948 2789 autem
967 2765 994 2789 et
1015 2762 1149 2790 Abraham
1167 2765 1381 2799 contemporales
1408 2766 1490 2793 fuisse
1514 2766 1690 2794 manifestum
1710 2771 1764 2795 est.
1794 2768 1918 2804 Namque

300 2805 414 2839 Moyses,
425 2805 516 2840 junior
534 2806 596 2833 licet
612 2814 693 2841 supra
710 2806 790 2834 dictis
803 2807 849 2839 sit,
871 2807 905 2834 ab
920 2807 1047 2835 omnibus
1062 2812 1162 2839 tamen,
1179 2817 1248 2844 quos
1268 2809 1353 2838 Graeci
1368 2811 1573 2846 antiquissimos
1587 2816 1694 2847 putant,
1712 2814 1806 2840 senior
1819 2814 1918 2849 depre-

301 2850 446 2876 henditur:
465 2851 581 2878 Homero
597 2852 701 2880 scilicet
729 2857 756 2881 et
773 2853 891 2890 Hesiodo
903 2874 910 2886 ,
933 2853 1106 2890 Trojanoque
1121 2856 1203 2887 bello,
1225 2863 1256 2884 ac
1279 2858 1365 2886 multo
1389 2859 1514 2894 superius
1532 2858 1657 2891 llercule,
1676 2858 1779 2887 Musa-0
1793 2881 1800 2892 ,
1828 2860 1914 2892 Lino,

299 2895 428 2928 Chirone,
438 2895 554 2931 Orpheo,
572 2897 694 2931 Castore,
710 2898 832 2934 Polluce,
845 2900 1012 2936 Esculapio,
1027 2900 1136 2936 Libero,
1153 2901 1297 2938 Mercurio,
1311 2904 1450 2940 Apolline,
1465 2905 1624 2940 ueterisque
1640 2905 1693 2933 diis
1709 2906 1832 2942 gentium
1843 2926 1852 2938 ,
1868 2913 1915 2935 sa-
