2037 3215
147 184 214 212 τΟΞΙ
661 179 809 225 EELOCIE
828 177 942 208 PROPR

969 179 1070 206 ΤΙΟΛΕ.
1092 194 1125 198 ——
1145 178 1208 206 LIB.
1231 175 1267 205 Ι.⁴
1707 175 1774 204 Ιθὲἓ

147 241 258 275 erisque
276 241 318 268 Vel
331 241 448 273 vatibus,
465 241 550 276 ipsius
566 245 675 274 quoque
690 236 765 265 Jovis
780 237 875 273 gestis,
888 245 968 271 quem
986 236 1090 264 Graecia
1106 236 1133 263 in
1147 243 1211 263 arce
1224 234 1386 270 {divinitatis
1399 234 1553 262 collocavit.
1569 234 1634 266 Hos,
1651 233 1775 269 inquam,

147 294 254 319 omnes,
273 295 342 322 quos
355 288 591 319 enumeravimus,
601 286 682 314 etiam
697 289 759 321 post
773 285 920 319 Cecropem
946 283 1090 320 Diphyem,
1106 284 1224 319 primum
1246 283 1342 310 Attica
1354 291 1455 318 regem,
1471 282 1555 310 fuisse
1567 281 1774 309 convincimus;

147 333 298 368 Cecropem
312 338 401 361 autem
417 340 536 369 praesens
550 332 666 360 historia
683 330 769 366 Moysi
789 334 956 357 coaetaneum
973 330 1115 362 ostendet,
1136 333 1163 356 et
1175 328 1336 356 antecedere
1347 329 1497 363 Trojanum
1512 328 1612 355 bellum
1629 327 1708 354 annis
1719 330 1776 354 tre-

147 379 240 405 centis
256 378 461 413 quinquaginta.
475 377 553 410 Quod
567 385 601 405 ne
615 377 659 404 cui
671 376 783 404 dubium
798 375 931 407 videatur,
944 375 1071 410 frequens
1090 374 1160 401 ratio
1171 375 1211 402 sic
1226 374 1363 409 probabit,
1383 384 1392 400 ι
1405 379 1458 402 etc.
1474 374 1611 402 Hactenus
1621 374 1772 407 Eusebius;

146 431 180 451 ex
196 424 296 459 quibus
311 424 486 452 manifestum
503 423 602 456 evadit,
618 423 742 450 eumdem
763 421 839 449 illum
855 426 881 449 et
897 422 1024 456 prommii
1044 419 1150 454 nostri,
1164 421 1270 456 Eclogis
1282 421 1438 456 propheticis
1456 421 1569 456 praeﬁxi,
1584 425 1611 448 ct
1624 419 1774 455 Χρονικῶν

148 472 292 498 Κανόνων
307 475 445 498 auctorem
465 478 525 498 esse
538 480 544 498 :
561 470 632 506 quod
645 469 806 504 prommium
821 476 883 495 cum
899 476 949 504 pro
963 468 1069 503 Eclogis
1082 489 1090 501 ,
1116 472 1142 495 et
1156 476 1210 495 una
1230 468 1380 503 cadentque
1399 476 1492 501 manu,
1504 476 1557 503 qua
1572 469 1624 495 illae
1639 469 1666 495 in
1679 467 1774 495 codice

146 520 280 554 scriptum
293 519 339 551 sit,
352 527 407 547 non
423 519 529 552 dubito,
546 519 610 554 quin
630 519 747 545 lectores
764 517 816 544 mei
832 524 886 544 una
899 524 1006 544 mecum
1022 524 1071 552 pro
1086 524 1150 544 vero
1166 518 1361 550 compertoque
1385 515 1503 542 habituri
1519 515 1583 547 sint,
1600 515 1649 543 has
1664 523 1773 551 quoque

145 565 261 601 Eclogas
278 569 386 593 nostras
411 565 532 600 ejusdem
559 564 668 592 Eusebii
683 563 815 598 Pamphili
833 564 980 599 genuinum
1005 571 1074 598 opus
1091 571 1162 591 esse.
1183 561 1269 590 Porro
1284 569 1372 590 autem
1388 562 1584 598 κριτικώτατος
1601 562 1721 598 Scaliger
1743 562 1772 590 in

145 611 281 648 prowmio
297 611 329 637 ad
346 610 509 638 Thesaurum
523 618 602 638 suum
616 609 687 637 ridet
700 609 998 646 Hieronymum,quod,
1013 609 1111 645 inquit,
1128 608 1222 636 Graeca
1241 608 1351 636 Eusebii
1366 616 1420 635 non
1435 614 1578 636 assecutus
1591 630 1598 642 ,
1624 608 1771 636 Eusebium

144 657 337 686 Chronicorum
353 663 465 684 suorum
487 656 620 691 ἐπιτομήν
637 656 836 691 conscripsisse
856 656 1006 683 arbitratus
1033 656 1078 682 sit.
1102 654 1128 682 ls
1146 655 1221 682 locus
1244 655 1343 691 legitur
1363 655 1391 682 in
1413 655 1526 690 prologo
1547 655 1674 684 Historia:
1688 657 1771 684 cccle-

142 706 262 733 siaslicaa
278 704 388 732 Eusebii
403 714 410 732 :
428 704 497 739 Ἤδη
515 703 564 739 μὲν
580 702 625 730 οὖν
637 704 738 730 τούτων
755 704 802 730 καὶ
818 705 960 740 πρότερον,
976 705 1004 730 ἐν
1018 702 1057 735 οἷς
1071 702 1276 738 διετυπὼσαμεν
1294 702 1449 737 Χρονικοῖς
1463 704 1611 736 Καιιόοίν,
1639 704 1771 741 ἐπιτομὴν

141 753 377 789 κατεστησάμην’
405 752 594 789 πληρεστάτην
620 751 641 778 δ’
665 750 711 779 οὖν
730 753 805 788 ὅμως
828 751 918 778 αὐτῶν
944 752 990 778 ἐπὶ
1020 751 1066 778 τοῦ
1093 751 1225 787 παρόντος
1252 750 1383 786 ὡρμήθην
1401 751 1450 786 τὴν
1468 751 1605 786 ἀφήγησιν
1624 751 1769 780 ποιεῖσθαι.

140 804 209 834 Quae
225 800 341 827 Ruﬁnus
353 799 449 827 Latine
464 800 598 826 convertit
611 799 651 826 sic
667 809 673 826 :
693 799 818 832 Quamvis
830 799 889 833 jam
900 798 931 825 de
946 799 986 826 his
1003 799 1066 833 ipsis
1083 798 1210 825 nonnulla
1221 798 1302 824 etiam
1313 797 1339 824 in
1353 797 1496 824 Cbronicis
1511 797 1548 833 (id
1562 802 1600 824 est
1613 798 1640 824 in
1653 806 1682 824 eo
1696 805 1771 833 opere

139 847 212 883 quod
226 847 258 874 de
273 851 417 881 temporum
443 847 545 873 ratione
556 846 778 881 conscripsimus)
795 845 905 873 breuiter
927 846 1106 880 succinctaque
1129 845 1342 879 perstrinxerit»,
1366 843 1468 878 plenius
1491 848 1577 871 tamen
1598 845 1625 871 in
1646 845 1769 879 pra’senti

139 901 218 927 opere
232 893 396 928 singulorum
413 893 592 919 narrationem
608 893 709 927 aperire
729 892 898 919 tentabimus.
913 892 953 919 Ad
968 899 1028 927 qua:
1046 891 1168 926 Scaliger
1183 901 1188 918 :
1208 900 1217 916 ι
1239 890 1338 922 Recte,
1358 890 1456 926 inquit,
1474 890 1590 918 Ruﬁnus
1607 901 1612 918 :
1631 891 1683 918 nisi
1696 891 1769 926 quod

139 940 190 965 ἐπὶ
208 938 255 965 τοῦ
275 938 407 974 παρόντος
423 939 582 966 vertendum
596 942 654 966 erat
667 939 917 973 imprwsentiarum,
937 947 948 965 ι

968 938 978 964 :l
996 945 1074 964 nunc.
1094 947 1103 963 ι
1122 937 1184 964 Ιίωο
1200 937 1264 964 ille:
1282 940 1309 962 at
1319 944 1379 964 mea
1388 937 1497 970 quidem
1509 937 1655 969 sententia,
1667 937 1768 965 rectius

139 983 235 1012 Gratca
253 984 361 1012 Eusebii
381 988 523 1012 assecutus
536 989 578 1012 est
595 984 793 1021 Hieronymus,
816 993 898 1020 quam
926 985 969 1012 vel
993 984 1123 1016 Ruﬁnus,
1146 984 1189 1011 vel
1207 985 1222 1010 ὁ
1242 983 1312 1010 πάνυ
1333 983 1475 1018 Scaliger:
1502 992 1564 1011 nam
1582 984 1609 1011 in
1636 985 1768 1019 prowmio

140 1035 239 1059 nostro
253 1031 326 1058 clare
342 1031 499 1065 diserteque
516 1031 552 1057 ait
569 1030 702 1058 Eusebius
714 1052 722 1063 ,
751 1030 917 1065 Χρονικοὺς
941 1039 948 1056 ε

968 1029 1118 1062 »ντάξαντες
1138 1030 1273 1062 Κανόνας
1285 1050 1292 1060 ,
1314 1030 1447 1064 ἐπιτομήν
1465 1038 1495 1055 τε
1514 1030 1618 1062 τούτοις
1637 1029 1768 1057 παντοδα-

138 1076 197 1111 πῆς
212 1076 329 1111 ἱστορίας
354 1076 487 1112 Ἑλλήνων
503 1085 534 1102 τε
553 1077 600 1103 καὶ
622 1077 767 1113 βαρϐάρων
783 1076 948 1113 ἀντιπαραοὲ

968 1085 1023 1108 τες,
1046 1086 1073 1104 κ.
1094 1085 1118 1102 τ.
1135 1076 1173 1107 λη
1192 1084 1221 1104 se
1240 1075 1384 1103 Chronicos
1398 1076 1519 1104 Canones
1533 1077 1677 1112 scripsisse
1688 1097 1695 1109 ,
1712 1079 1767 1105 eis-

137 1123 259 1158 demque
273 1123 464 1158 compendium
490 1124 571 1151 variae
600 1124 722 1151 historiae
746 1128 801 1150 tam
829 1124 985 1151 Graecorum
1001 1131 1082 1159 quam
1106 1127 1133 1151 et
1149 1123 1265 1150 aliarum
1282 1123 1403 1158 gentium
1420 1131 1454 1150 ex
1471 1122 1584 1150 adverso
1612 1123 1737 1157 posuisse
1757 1132 1765 1150 :

138 1171 224 1197 trium
243 1170 316 1198 enim
334 1170 377 1197 hic
396 1170 567 1209 diversorum
586 1178 700 1205 operum
715 1178 826 1197 suorum
843 1170 948 1198 memini

981 1170 1115 1198 Eusebius
1132 1180 1138 1196 :
1158 1169 1251 1205 primi,
1269 1169 1468 1203 Παντοδαπῆς
1484 1170 1617 1203 ἱστορίας
1630 1177 1636 1184 ·
1653 1170 1766 1197 alterius

136 1217 294 1252 Χρονικῶν
308 1218 449 1245 Kay-(fratr
461 1226 467 1233 '
489 1218 572 1249 tertii.
597 1218 755 1253 Ἐπιτομῆς
765 1211 948 1254 παντοδαπῆς

974 1220 1117 1253 ἱστορίας.
1133 1219 1254 1248 Primum
1271 1219 1416 1255 separatim
1431 1218 1517 1246 edidit
1537 1218 1686 1250 Eusebius,
1711 1218 1766 1246 duo

138 1263 245 1297 reliqua
261 1262 439 1297 coniunctim,
453 1266 483 1290 ut
495 1263 538 1291 vel
553 1263 634 1290 hodie
651 1264 739 1291 solent
757 1265 862 1298 vulgari
880 1274 886 1290 ε
908 1272 989 1299 quam
1007 1265 1088 1292 etiam
1104 1265 1138 1291 ob
1153 1273 1265 1293 causam
1283 1264 1461 1292 emendanda:
1476 1264 1542 1291 mihi
1557 1265 1686 1291 videntur
1708 1264 1766 1299 epi-

135 1309 250 1343 grapbm
263 1315 278 1334 a
297 1307 434 1344 Scaligero
449 1309 538 1343 editae,
557 1316 588 1335 ac
608 1309 724 1344 primum
743 1309 852 1345 quidem
873 1309 982 1337 Eusebii
999 1318 1068 1345 opus
1081 1310 1202 1344 titulum,
1218 1316 1249 1338 ut
1266 1311 1384 1342 videtur,
1400 1310 1471 1337 ferre
1490 1310 1620 1344 deberet,
1649 1312 1764 1337 Παντο-

135 1354 240 1388 suam
257 1355 391 1388 ἱστορίας
410 1354 516 1390 (cujus,
548 1359 595 1382 aut
619 1356 766 1390 persimilis
790 1356 952 1392 epigraphes
971 1356 1074 1384 Gellius
1097 1365 1205 1392 quoque
1228 1358 1350 1385 meminit
1375 1357 1401 1384 in
1427 1357 1585 1392 praefatione
1612 1358 1645 1384 ad
1667 1357 1764 1385 Noctes

136 1400 268 1435 Atticas.)
280 1405 336 1432 aut,
355 1404 383 1428 ut
400 1401 426 1428 in
453 1402 601 1437 exemplari
619 1410 669 1430 suo
686 1403 749 1438 legit
770 1403 948 1438 Hieronymus

986 1404 1134 1430 Εὐσεῆίου
1153 1404 1207 1431 τοῦ
1224 1405 1381 1439 Παμφίλου
1404 1404 1620 1438 Χρονογραφία.
1641 1404 1763 1431 Alteru‘n

135 1455 219 1480 vero,
239 1447 373 1480 Χρονικοὶ
384 1449 517 1481 Kay-dre;
535 1449 597 1475 σὺν
610 1449 737 1484 ἐπιτομῇ
759 1450 948 1485 παντοδαπῆς

969 1451 1111 1485 ἱστορίας.
1134 1450 1187 1478 Sed
1208 1451 1266 1478 haec
1280 1451 1320 1478 illi
1333 1450 1504 1479 discutienda
1520 1451 1698 1486 relinquimus
1716 1451 1763 1486 qui

135 1498 172 1519 ad
187 1491 292 1520 edenda
308 1493 417 1521 Eusebii
435 1502 518 1530 opera
535 1495 655 1522 animum
674 1497 820 1531 appulerit.

527 1681 612 1738 EC
623 1681 828 1738 LOG/E
868 1679 1368 1737 PROPHETIC/E.

713 1801 893 1844 LIBER
929 1798 1173 1845 PRIMUS.

130 1959 948 1985 .......,.........Α

128 2000 164 2035 (θ,
176 2000 202 2034 1)
213 1999 290 2034 λόγου
305 2008 334 2026 τε
343 2001 389 2026 καὶ
402 1999 458 2035 βίον
470 1999 663 2033 διεξοδευοεῖσα
674 2001 722 2033 τὰς
732 2009 764 2027 πε
768 2002 795 2036 pl.
805 2000 850 2027 τοῦ
866 2002 919 2027 Κυ-

129 2047 192 2082 ,ιέου
207 2045 254 2073 καὶ
270 2046 396 2082 Σωτῆρος
415 2047 496 2082 ἡμῶν
519 2046 604 2082 Ἰησοῦ
621 2047 738 2082 Χριστοῦ
755 2046 916 2082 μαρτυρίας,

127 2092 165 2118 δι’
177 2091 300 2127 ἐναργῶν
311 2092 357 2118 καί
369 2092 481 2125 πιστῶν,
491 2092 538 2118 καὶ
545 2092 650 2128 ἀληθῶν
661 2091 821 2125 ἀποδείξεών
830 2101 858 2119 τε
871 2093 917 2119 καὶ

129 2137 319 2173 συλλογισμῶν
336 2137 488 2169 ὲπιστοῦτο,
504 2137 643 2174 βραχείαις
666 2139 762 2174 κομιδῇ
785 2140 844 2170 ταῖς
865 2138 917 2164 ἀπὸ

127 2185 185 2210 τῶν
199 2184 274 2220 παρά
284 2193 313 2210 τε
321 2184 457 2216 Ἰουδαίοις
471 2184 517 2211 καὶ
530 2186 594 2220 ἡμῖν
605 2184 827 2220 πεπιστευμένων
839 2184 917 2211 θείων

128 2229 248 2265 Γραφῶν
268 2230 315 2256 ἐπὶ
331 2230 403 2257 τέλει
419 2231 577 2267 χρησαμένη
603 2231 782 2267 μαρτυρίαις·
801 2232 860 2257 ἐπεὶ
881 2231 917 2268 μὴ

126 2276 158 2302 δὲ
174 2275 253 2308 ἄλλος
274 2276 334 2312 ᾕρει
351 2276 429 2311 λόγος
444 2278 500 2308 τοῖς
521 2277 561 2303 ἔτι
574 2278 662 2313 πάντη
676 2279 734 2310 ταῖς
752 2277 837 2309 θείαις
854 2279 917 2304 ἀπι-

129 2319 241 2348 στοῦσιν
263 2321 384 2356 Γραφαῖς
410 2322 529 2358 δαψιλεῖς
553 2322 582 2355 ἐξ
605 2323 693 2349 αὐτῶν
721 2324 916 2359 παρατίθεσθαι

126 2367 180 2399 τὰς
209 2368 363 2399 συστάσεις.
387 2368 428 2394 Τά
449 2376 480 2402 γε
501 2369 553 2404 μὴν
573 2369 601 2395 ὲν
620 2370 712 2404 χερσὶν
733 2371 788 2401 τοῖς
813 2371 844 2396 ἐκ
868 2370 917 2404 τῆς

127 2412 244 2440 ἐκείνων
263 2413 426 2447 ἀποδείξεως
441 2411 485 2440 οἷα
501 2414 532 2450 δὴ
556 2414 641 2446 Οείαις
656 2415 705 2450 ἤδη
724 2416 770 2441 καὶ
788 2415 916 2442 θεοπνεύ-

128 2468 205 2491 στοις
228 2460 366 2486 πιστεύειν
392 2460 529 2494 ὀφείλουσι
550 2461 609 2492 ταῖς
633 2461 718 2496 ἱεραῖς
743 2461 863 2496 Γραφαῖς
886 2462 916 2488 τὸ

126 2504 222 2530 λεῖπον
232 2504 350 2536 ἐκείναις
360 2503 568 2540 ἀποπληροῦντα
579 2505 740 2541 ἐπεπόνητο,
752 2506 916 2542 Συναγωγὴν

969 1999 1102 2027 Sermone
1125 2005 1152 2028 et
1166 2001 1221 2028 vita
1244 2005 1373 2029 aceurate
1395 2001 1520 2029 discussa
1538 2001 1572 2029 de
1596 2001 1711 2031 Domino
1729 2008 1757 2032 et

969 2046 1111 2074 Salvatore
1126 2051 1222 2074 nostro
1241 2046 1306 2074 Jesu
1322 2048 1432 2075 Christo
1450 2048 1619 2081 testimonia,
1641 2057 1688 2085 per
1705 2050 1759 2078 cla-

970 2100 1024 2124 ras,
1046 2093 1195 2127 ﬁdelesque
1218 2097 1245 2120 et
1263 2101 1342 2121 veras
1359 2093 1609 2121 demonstrationes
1624 2098 1651 2121 ct
1673 2096 1757 2123 ratio-

968 2139 1122 2167 cinationes
1142 2139 1365 2172 conﬁrmabatur,
1376 2139 1504 2167 brevibus
1513 2139 1656 2175 diligenter
1684 2140 1757 2168 Scri-

969 2192 1109 2222 pturarum
1124 2186 1290 2219 divinarum,
1302 2194 1363 2222 qua:
1376 2186 1445 2222 apud
1461 2185 1570 2214 Judteos
1586 2193 1612 2214 et
1624 2187 1695 2222 apud
1706 2195 1757 2215 nos

968 2233 1128 2264 creduntur,
1153 2236 1291 2267 postremo
1317 2240 1366 2260 usa
1392 2233 1574 2266 tc5timoniis;
1606 2240 1668 2260 cum
1696 2234 1757 2269 qui-

968 2279 1030 2306 dem
1047 2286 1102 2306 non
1118 2279 1170 2306 alia
1199 2283 1272 2306 esset
1293 2279 1373 2310 ratio,
1404 2278 1560 2306 divinarum
1584 2279 1673 2307 adhuc
1698 2287 1756 2306 om-

969 2325 1035 2352 nino
1052 2324 1255 2359 Seripturarum
1277 2323 1426 2351 incredulis
1445 2324 1548 2359 largam
1571 2332 1603 2352 ex
1621 2325 1655 2353 iis
1671 2329 1756 2352 matc-

968 2372 1036 2398 riam
1066 2370 1234 2398 conferendi.
1264 2369 1330 2403 Quae
1360 2370 1443 2405 igitur
1466 2370 1494 2397 in
1510 2378 1592 2397 manu
1609 2375 1699 2404 erant,
1721 2371 1755 2398 iis

968 2417 1014 2453 qui
1045 2420 1156 2451 propter
1188 2417 1286 2444 horum
1319 2416 1579 2444 demonstrationem
1617 2417 1659 2444 vel
1685 2416 1755 2444 divi-

968 2463 1022 2495 nis,
1051 2463 1094 2491 vel
1118 2462 1250 2490 divinitus
1276 2462 1374 2490 amatis
1397 2462 1509 2500 credere
1531 2462 1629 2490 debent
1651 2464 1754 2492 sanctis

969 2508 1130 2543 Scripturis,
1146 2516 1206 2543 qua:
1222 2508 1276 2535 illis
1299 2508 1399 2536 desunt
1419 2509 1595 2544 compleutia,
1616 2509 1754 2538 elaborata

127 2549 291 2585 περιέχοντα
311 2549 460 2587 συλλήϐδην
498 2568 505 2576 .
546 2569 552 2575 .
593 2568 601 2576 .
640 2569 649 2577 .
689 2570 696 2577 ,
736 2570 743 2576 .
781 2551 915 2586 περὶτοῦ

968 2559 1055 2587 erant,
1070 2553 1240 2590 Synagogam
1258 2562 1312 2581 uno
1331 2555 1415 2582 verbo
1438 2555 1694 2590 comprehcndentia
1716 2577 1723 2584 .
1746 2579 1750 2591 τ

125 2594 232 2631 Κυρίου
248 2597 295 2622 καὶ
315 2595 441 2631 Σωτῆρος
465 2596 542 2631 ἡμῶν
561 2596 647 2632 Ἰησοῦ
669 2596 786 2632 Χριστοῦ
810 2606 916 2633 προφη-

970 2621 976 2628 .
999 2609 1007 2628 ;
1029 2620 1036 2627 .
1060 2621 1067 2628 .
1089 2622 1096 2628 .
1119 2622 1125 2628 .
1149 2620 1164 2634 .‘
1179 2620 1186 2626 .
1211 2621 1217 2628 .
1239 2620 1247 2627 .
1270 2621 1276 2628 .
1297 2600 1330 2627 de
1343 2599 1459 2627 Domino
1472 2604 1498 2628 et
1511 2600 1755 2630 Salvatorenostro

124 2639 389 2672 τείαν,ἃςάπὸτι.
430 2661 436 2667 .
476 2659 483 2668 .
524 2662 529 2667 .
570 2661 576 2668 .
613 2650 629 2668 τ
668 2662 674 2668 .
714 2650 730 2667 σ
768 2661 775 2669 .
813 2642 948 2680 παλαιὰι]

968 2645 1030 2674 Jesu
1047 2646 1157 2674 Christo
1179 2646 1358 2681 prophetiam,
1381 2653 1450 2681 quas
1471 2654 1486 2673 a
1508 2667 1515 2674 .
1537 2668 1544 2675 .
1566 2667 1573 2674 .
1597 2669 1603 2676 .
1626 2669 1633 2676 .
1657 2669 1663 2676 .
1685 2669 1692 2676 .
1715 2668 1722 2676 .
1745 2670 1752 2676 .

126 2686 266 2722 Διαθήκης
280 2687 324 2721 ὑφ’
339 2687 367 2713 ἓν
385 2690 547 2723 συναγαγεῖν
561 2688 665 2721 ἔδοξεν·
679 2689 693 2716 δ
714 2708 720 2716 .
761 2710 768 2716 .
809 2712 815 2718 .
857 2711 864 2717 .
905 2711 912 2718 .

968 2712 976 2719 .
1000 2713 1006 2718 .
1030 2714 1036 2720 .
1060 2714 1067 2720 .
1089 2699 1180 2721 vetera
1200 2692 1366 2720 Testamenti
1383 2692 1410 2719 in
1429 2700 1512 2720 unum
1534 2695 1697 2723 contrahere
1714 2695 1754 2723 vi~

124 2740 220 2767 τερον
237 2732 275 2767 πῆ
291 2733 319 2759 δὲ
335 2734 381 2760 καὶ
392 2733 425 2760 δι’
442 2734 572 2761 ὑπονοιῶν
590 2735 625 2762 τὰ
639 2736 702 2771 περὶ
718 2736 799 2762 αὐτοῦ
815 2746 912 2773 προειρ

968 2747 1024 2766 sum
1040 2744 1098 2773 est;
1121 2760 1128 2766 .
1151 2760 1160 2768 .
1182 2760 1188 2767 .
1212 2761 1218 2767 .
1241 2759 1249 2767 .
1272 2762 1279 2768 .
1303 2762 1310 2767 .
1332 2761 1340 2767 .
1362 2742 1507 2777 allegorice
1527 2742 1560 2770 de
1577 2743 1623 2769 illo
1635 2751 1690 2778 pra:
1710 2763 1717 2769 .
1742 2765 1750 2771 .

128 2798 134 2804 .
175 2799 183 2806 .
224 2798 231 2805 .
272 2798 280 2805 .
317 2787 345 2805 ον
358 2780 438 2808 αὑτὸν
454 2781 500 2807 καὶ
515 2781 562 2812 τὰς
577 2782 636 2808 κατ’
651 2782 732 2809 αὐτὸν
746 2783 910 2818 οἰκονομίας.

968 2806 972 2812 .
995 2805 1001 2812 .
1024 2805 1032 2813 .
1054 2805 1060 2811 .
1084 2807 1091 2814 .
1113 2806 1120 2813 .
1144 2808 1151 2814 .
1168 2808 1174 2815 .
1192 2794 1252 2814 eum
1266 2789 1752 2824 atquepcreumdispositiones.Non

126 2823 196 2857 υὺχὶ
214 2823 242 2849 δὲ
254 2823 301 2850 καὶ
322 2825 363 2850 είσ
402 2845 408 2851 .
449 2846 455 2851 .
496 2846 503 2852 .
543 2846 549 2852 .
589 2827 689 2863 μόζομε
705 2828 722 2855 ἃ
736 2827 823 2863 πέρας
839 2828 912 2864 εἰλη-

968 2836 1092 2860 autemet
1104 2833 1131 2859 in
1154 2854 1160 2860 .
1183 2853 1190 2860 .
1214 2853 1220 2860 .
1241 2855 1247 2861 .
1270 2854 1277 2861 .
1300 2855 1307 2862 .
1327 2843 1388 2869 quae
1399 2835 1536 2871 accepisse
1547 2842 1737 2866 exrtumosten

125 2868 196 2902 ςὸτα
208 2868 353 2896 δείκνυται.
377 2870 432 2902 Τὰς
444 2871 592 2899 δὲτοιαὺτα
619 2893 625 2899 .
667 2894 672 2900 .
714 2893 721 2900 .
762 2896 767 2901 .
808 2895 814 2901 .
856 2895 862 2901 .
904 2895 910 2901 .

968 2878 1073 2906 tantur.
1088 2879 1163 2906 Talia
1180 2888 1244 2907 vero
1264 2899 1271 2907 .
1295 2902 1302 2908 .
1382 2901 1391 2908 .
1414 2902 1421 2909 .
1504 2903 1511 2910 .
1533 2903 1541 2910 .
1561 2903 1567 2908 .
1588 2882 1747 2920 dirigentes.

127 2932 136 2945 ,
176 2934 182 2940 .
221 2914 374 2950 ἀρχούσας”
397 2917 442 2944 καὶ
458 2918 594 2955 σποράδην
614 2920 643 2946 οὐ
662 2920 740 2959 μόνον
761 2921 911 2958 προφητεία

964 2929 1045 2960 atque
1060 2925 1113 2953 huc
1135 2929 1161 2954 et
1183 2926 1246 2953 illuc
1269 2935 1322 2954 non
1340 2931 1443 2956 tantum
1459 2929 1601 2964 prophetia
1625 2948 1630 2960 ,
1652 2950 1660 2958 .
