2037 3215
298 171 367 200 1025
616 173 750 202 EUSEBll
770 173 1014 202 C/ESARIENSIS
1039 173 1107 204 )PP.
1127 172 1217 202 PARS
1235 172 1279 202 Ill.
1298 188 1333 197 -η
1352 174 1558 203 EXEGETICA.
1850 178 1916 207 1028

296 251 307 261 .
329 253 337 261 .
359 253 366 260 .
389 254 396 261 .
419 254 427 261 .
449 254 454 260 .
475 242 534 269 qua:
550 234 576 261 in
595 233 719 262 historiis
738 235 925 262 continentur.
940 233 999 262 Non
1016 241 1074 270 pau-

1136 253 1143 260 .
1185 254 1191 260 .
1231 254 1238 261 .
1277 254 1284 261 .
1316 243 1383 262 ουσα
1404 255 1411 262 .
1449 255 1457 263 .
1478 235 1609 272 ίστορίαις
1625 236 1916 272 ὲναποκειμένας·οὐκ

297 279 338 307 cis
357 300 365 307 .
387 300 394 307 .
414 301 420 307 .
443 300 449 307 .
469 301 476 308 .
499 301 505 307 .
526 301 534 309 .
554 285 614 308 acta
637 280 696 308 fore
721 280 820 313 utiles;
834 287 896 307 cum
919 287 974 307 non
993 279 1072 307 facile

1135 280 1233 314 ὀλίγοις
1272 300 1278 307 .
1318 302 1324 308 .
1365 301 1372 307 .
1412 281 1523 317 αχθείσα
1539 281 1646 308 ἔσεσθαι
1669 283 1836 318 χρησίμους’
1855 285 1916 312 ἐπεὶ

296 326 345 354 sed
364 325 443 360 quasi
465 333 497 353 ex
519 345 528 353 .
549 345 558 353 .
579 345 588 353 .
610 347 616 354 .
640 347 646 354 .
670 346 677 353 .
700 346 707 352 .
730 346 738 354 .
760 325 965 361 Scripturarum
991 333 1074 353 corau

1136 326 1173 362 μὴ
1188 327 1278 363 ῥᾴδιον
1289 327 1346 355 ἀλλ’
1362 327 1400 359 ὡς
1411 328 1443 354 ὲκ
1458 325 1507 363 τῆς
1546 348 1552 354 .
1592 348 1598 354 .
1635 328 1718 364 τάδην
1731 329 1784 356 τῶν
1801 330 1915 366 Γραφῶν

295 371 423 398 omnibus
446 371 616 400 recitationis
638 379 734 400 onmes
758 372 901 407 subiacere
917 372 945 400 in
962 379 994 400 os
1010 377 1038 399 et
1057 372 1084 400 in

294 416 454 443 memoriam
470 416 541 445 ferre
556 418 721 445 volentibus.

331 461 478 490 Sciendum
503 467 546 491 est
569 472 630 496 nos,
650 464 810 499 priusquam
838 463 890 492 hoc
912 464 1082 500 propositum

293 508 517 543 aggrederemur,
532 509 676 538 Chronico:
689 510 808 538 Canoues
820 511 977 546 scripsisse,
987 511 1083 546 eisque

295 555 487 588 compendium
506 556 588 583 variae
610 556 733 584 historia).
748 561 802 583 tam
825 556 982 584 Graecorum
999 564 1080 592 quam

294 604 321 627 ct
332 600 447 627 aliarum
463 601 586 637 gentium
601 610 633 629 ex
652 602 766 631 adverso
780 603 916 638 posuisse,
931 602 965 630 ad
981 602 1081 638 Moysis

295 649 376 680 atque
399 647 526 679 aliorum,
552 648 598 683 qui
614 653 676 683 post
698 656 760 676 eum
783 649 868 683 fuere,
887 649 1080 684 prophetarum

294 696 456 720 vetustatem
479 694 682 722 vindicandam.
699 695 747 723 llis
763 696 841 730 quasi
864 696 1080 730 supplementum

294 747 354 774 quae
368 739 448 767 nobis
465 740 491 767 in
502 748 583 767 manu
596 747 675 768 erant
691 743 791 777 passim
808 742 977 777 colligentes,
990 742 1081 777 priore

293 784 420 812 absoluto
441 785 475 812 ad
501 793 622 820 praesens
646 794 715 822 opus
738 795 828 815 rerum
850 794 947 814 natura
970 787 1080 814 adducti

293 837 399 858 sumus.
416 830 494 864 Quod
517 832 579 867 quis
603 832 656 860 cile
678 833 809 868 sapientis
824 833 882 868 apis
899 834 1015 861 naturali
1036 834 1079 860 in-

292 876 404 904 dustriae
425 878 633 912 comparaverit,
658 879 691 906 ad
707 886 788 913 quam
813 887 863 906 nos
889 879 1002 906 remittit
1033 887 1079 907 sa-

1135 372 1360 408 συναναγνώσεως
1370 373 1420 406 τὰς
1430 373 1518 405 πάσας
1530 374 1690 401 ὑποπίπτειν
1701 377 1757 407 τοῖς
1767 376 1818 403 ἀνὰ
1828 376 1916 412 στόμα

1133 419 1180 446 καὶ
1196 418 1240 446 διὰ
1254 420 1364 455 μνήμης
1378 420 1470 455 φέρειν
1488 421 1571 454 αὑτὰς
1584 421 1766 457 βουλομένοις.

1175 465 1273 492 Ἰστέον
1288 465 1311 491 δ’
1325 465 1364 497 ὡς
1380 466 1433 501 πρὸ
1449 467 1497 502 τῆς
1517 466 1656 502 παρούσης
1672 466 1826 499 ὑποθέσεως
1844 468 1917 502 Χρο-

1133 511 1236 545 νικοὺς
1256 511 1434 544 συντάξαντες
1454 513 1598 546 Κανόνας,
1614 513 1747 549 ἐπιτομήν
1761 522 1792 539 τε
1811 513 1916 544 τούτοις

1133 556 1303 592 παντοδαπῆς
1318 557 1437 593 ἱστορίας
1459 557 1589 593 Ἑλλήνων
1604 566 1633 584 τε
1649 558 1696 585 καὶ
1712 557 1857 594 βαρϐάρων
1869 558 1916 586 ἀν-

1132 601 1338 637 τιπαραθέντες,
1353 602 1403 638 τὴν
1419 602 1558 634 Μωῦσέως
1572 602 1684 629 καὶτῶν
1700 603 1729 636 ὲξ
1751 603 1832 629 αὑτοῦ
1849 612 1917 639 πα).

1132 647 1224 683 φητὼν
1241 647 1407 684 ἀρχαιότητα
1421 648 1453 675 δι’
1468 647 1557 675 αὐτῶν
1570 649 1795 684 παρεστήσαμεν·
1812 647 1853 681 οἷς
1865 650 1915 685 τὴν

1133 693 1201 728 μετὰ
1222 694 1315 730 χεῖρας
1337 694 1474 730 σποράδην
1501 692 1644 720 ἀκόλουθον
1668 693 1914 729 ὺπολαμὸάνογτες,

1131 739 1244 771 εἰκότως
1266 740 1325 775 μετ’
1338 739 1444 775 ἐκείνην
1461 739 1507 765 ἐπὶ
1526 738 1574 774 τὴν
1587 738 1724 774 παροῦσαν
1746 739 1915 774 ἐληλύθαμεν

1131 785 1320 821 πραγματείαν
1331 794 1338 801 ·
1352 787 1385 822 ἢν
1395 786 1441 813 καὶ
1453 786 1600 822 χαριέντως
1614 787 1646 814 ἄν
1660 795 1701 818 τις
1713 786 1752 821 τῷ
1764 786 1815 821 τῆς
1830 785 1915 820 σοφῆς

1133 831 1258 866 μελίττης
1271 832 1444 859 ἀπεικάσειεν
1465 832 1570 868 φυσικῷ
1586 833 1782 868 σπουδάσματι,
1799 832 1868 868 πρὸς
1882 832 1915 867 ῆν

1131 877 1299 913 ἀναπέμπων
1316 878 1389 914 ἡμᾶς
1410 879 1423 904 ὁ
1444 879 1474 905 ἐν
1488 879 1652 914 Παροιμίαις
1674 879 1744 915 ἱερὸς
1766 878 1844 912 λόγος
1861 887 1914 914 φης

291 929 338 949 cer
357 930 448 950 sermo
472 923 500 950 in
522 923 677 952 Proverbiis
701 924 795 953 dicens
810 935 816 952 ε
832 934 841 950 ‹
857 924 931 952 Vade
942 925 975 952 ad
986 933 1074 960 apem.

1132 925 1183 957 σὶν,
1204 934 1213 950 ι
1236 925 1271 951 Ἣ
1283 924 1429 961 πορεύθητι
1444 925 1510 960 πρὸς
1526 925 1574 960 τὴν
1589 925 1724 961 μέλιτταν,
1740 925 1787 951 καὶ
1802 924 1842 950 τδε
1857 924 1914 956 tu};

291 972 318 995 et
330 968 391 996 vide
401 977 482 1004 quam
497 977 612 1004 operosa
626 971 671 1003 sit,
688 978 825 1006 quamque
839 972 977 1006 egregium
993 972 1079 998 conti-

291 1015 345 1041 ciat
357 1022 446 1050 opus;
462 1015 521 1050 ejus
535 1016 656 1044 laborem
674 1024 752 1052 reges
773 1023 799 1045 et
817 1017 915 1052 privati
930 1017 962 1045 ad
979 1018 1079 1045 sanita-

290 1065 343 1088 tem
361 1062 524 1096 comedunt;
539 1067 617 1098 grata
638 1067 681 1090 est
706 1064 845 1098 omnibus,
862 1069 946 1100 atque
962 1064 1077 1100 inclyta,

289 1107 342 1135 etsi
367 1108 473 1135 viribus
498 1109 614 1141 debilis,
643 1110 805 1145 sapientiam
831 1110 921 1138 colere
946 1111 1079 1146 praedica-

289 1158 335 1181 tur
347 1155 366 1182 '.
383 1165 391 1179 ι
414 1155 648 1188 Quemadmodum
677 1155 751 1184 enim
774 1156 832 1184 haec
854 1156 947 1191 opifex
965 1158 1078 1193 sapien-

288 1201 354 1230 tiam
380 1203 471 1230 colere
506 1201 604 1234 fertur,
631 1202 784 1231 ﬂorentium
816 1203 971 1238 germinum
1003 1204 1079 1231 colli-

287 1255 354 1283 gens
372 1248 460 1280 utilia,
477 1251 504 1275 et
520 1247 564 1275 his
579 1248 708 1276 omnibus
722 1249 846 1276 collectis
859 1254 939 1284 atque
954 1249 1079 1276 elabora-

290 1293 337 1324 tis,
353 1293 463 1328 regibus
477 1296 504 1320 et
520 1293 634 1328 privatis
656 1293 803 1325 salutares,
818 1299 846 1321 ut
861 1294 898 1321 ait
924 1293 1076 1329 Scriptura,

287 1343 398 1374 praestat
414 1339 519 1366 labores
540 1346 615 1369 suos,
631 1339 702 1366 idem
721 1340 802 1366 etiam
827 1340 895 1367 istas
915 1339 948 1367 de
967 1339 1078 1367 Christo

287 1383 461 1418 propheticas
474 1385 553 1411 nobis
568 1385 694 1419 Eclogas,
715 1393 775 1420 qua:
794 1389 859 1412 sunt
880 1385 1044 1421 ﬂorilegium
1063 1394 1079 1414 e

287 1430 372 1464 pratis
385 1429 431 1457 Dei
441 1431 620 1465 spiritalibus,
637 1431 885 1466 comprehcnsuras
907 1439 968 1459 esse
983 1432 1078 1459 existi-

287 1483 342 1506 mo,
374 1477 473 1510 quippe
496 1484 565 1503 cera:
590 1476 741 1511 opificium,
767 1477 881 1512 pulchre
907 1478 1077 1506 elaboratum

287 1521 402 1549 sinceris
435 1522 523 1549 verbis
548 1521 687 1550 tradentes
718 1523 869 1550 sententias
899 1531 964 1551 vero
987 1525 1015 1552 in
1043 1525 1078 1552 iis

286 1568 442 1595 reconditas
457 1568 527 1596 sicut
547 1568 653 1596 dulcem
675 1577 707 1596 ac
725 1569 936 1597 saluberrimum
957 1571 1017 1606 apis
1032 1579 1077 1599 sa-
1091 1589 1110 1616 Ο

287 1615 387 1648 pientis
404 1614 521 1651 fructum
543 1614 569 1641 iu
590 1619 696 1642 secreto
715 1615 846 1643 interiore
862 1616 922 1643 loco
941 1616 1073 1646 condens.

285 1659 353 1693 Quis
371 1661 442 1687 enim
466 1660 584 1688 fidelium
604 1669 658 1688 non
673 1661 804 1689 fateretur
820 1662 853 1689 ab
867 1663 941 1690 omni
950 1664 1073 1698 corporis

285 1706 422 1741 voluptate
442 1710 468 1733 et
482 1707 597 1734 utilitate
615 1707 820 1742 incomparabili
840 1707 949 1736 differre
963 1710 1073 1744 praeel-

286 1753 367 1779 lentia
383 1752 516 1779 salutares
529 1752 562 1780 de
577 1752 667 1780 Verbo
683 1753 730 1781 Dei
742 1753 914 1787 collationes,
927 1755 961 1781 ad
974 1756 1074 1783 intelli-

284 1799 402 1833 gentiam
416 1798 583 1825 orthodoxi-te
600 1798 722 1831 idoneas,
736 1799 764 1826 in
786 1800 820 1827 iis
831 1808 891 1835 qua:
912 1809 976 1829 vere
995 1801 1072 1829 utilia

284 1848 310 1869 ct
329 1843 450 1870 salubria
474 1844 555 1871 sunt!
573 1843 649 1871 Hauc
674 1845 800 1879 amplecti
821 1853 934 1874 necesse
954 1850 996 1874 est
1017 1855 1073 1876 non

284 1892 389 1915 tantum
425 1888 557 1924 dignitate
594 1891 802 1925 praecellentes,
836 1892 883 1928 qui
912 1900 990 1928 reges
1022 1901 1072 1921 vo-

284 1937 392 1966 cantur,
419 1934 467 1961 sed
491 1938 518 1962 et
543 1935 692 1970 subjectos,
716 1939 743 1964 et
759 1937 877 1971 primum
890 1945 964 1965 nunc
978 1938 1073 1966 divino

284 1980 455 2008 attendentes
487 1981 580 2008 verbo.
607 1981 712 2014 Quibus
731 1982 839 2011 diverse
863 1983 991 2012 idoneum
1014 1985 1072 2013 fore

259 2051 262 2055 ,
282 2025 410 2053 existimo
433 2026 532 2053 mentis
551 2026 693 2059 habitum,
720 2031 751 2055 ut
774 2036 938 2063 pernoscere
966 2030 1072 2065 possint

282 2071 425 2098 veritatem
450 2078 545 2098 eorum
575 2071 721 2099 verborum
739 2092 747 2105 ,
779 2073 812 2101 de
845 2074 945 2109 quibus
970 2075 1071 2102 eruditi

281 2116 381 2148 sunt';
407 2119 472 2142 tunc
490 2116 607 2144 maxime
628 2117 744 2152 simplici
773 2118 936 2154 sinceraque
954 2119 1005 2148 ﬁde
1025 2121 1071 2148 lir-

282 2168 354 2187 mam
383 2167 568 2197 consequente
594 2164 742 2197 ﬁduciam,
765 2173 828 2193 cum
861 2166 1071 2195 ratiocinatione

281 2211 309 2234 et
328 2206 560 2237 demonstratione
578 2209 757 2238 fundamenta
773 2211 894 2239 stabilita
917 2213 983 2245 sint,
1010 2221 1070 2241 cer-

282 2253 415 2280 tissimam
431 2261 521 2281 rerum
537 2255 704 2283 creditarum
718 2257 924 2292 intelligentiam
936 2262 963 2285 et
978 2258 1069 2286 scien-

281 2299 346 2326 tiam
376 2299 410 2327 ad
430 2319 438 2327 .
460 2319 467 2326 .
489 2319 498 2329 .
520 2320 527 2327 .
557 2320 564 2327 .
587 2322 594 2328 .
617 2320 624 2328 .
651 2321 658 2328 .
681 2321 689 2330 .
711 2323 718 2330 .
743 2323 750 2330 .
771 2303 853 2338 igitur
878 2310 979 2337 causa,
1006 2304 1069 2332 dico

281 2347 371 2371 autem
392 2363 400 2372 .
420 2364 427 2372 .
449 2363 457 2371 .
481 2365 489 2372 .
510 2365 517 2372 .
542 2366 548 2372 .
572 2366 579 2373 .
602 2367 609 2374 .
631 2366 637 2372 .
658 2354 771 2376 necesse
791 2356 852 2376 esse
869 2349 980 2384 prodest
1000 2370 1006 2377 .
1030 2371 1037 2378 .
1059 2371 1067 2379 .

281 2398 289 2406 ο
311 2409 319 2417 .
341 2411 349 2418 .
370 2410 378 2418 .
402 2411 409 2418 .
432 2412 439 2419 ,
462 2411 469 2418 .
492 2411 499 2419 .
521 2412 529 2420 .
551 2397 600 2426 ,ιιι
618 2393 646 2420 in
663 2394 790 2429 prooemii
806 2396 888 2423 modo
902 2397 1068 2433 interpreta-

280 2435 381 2463 tionem
396 2436 472 2464 brevi
493 2456 501 2464 .
524 2457 531 2464 .
551 2458 560 2466 .
583 2458 591 2466 .
613 2458 619 2465 .
641 2457 650 2466 .
674 2459 682 2466 .
705 2459 711 2465 .
734 2459 741 2466 .
763 2460 770 2468 .
793 2460 801 2468 .
823 2441 942 2468 maxime
961 2441 1068 2471 brevis-

279 2482 377 2509 simam
400 2490 553 2519 proponere
575 2484 609 2512 de
630 2503 636 2511 .
661 2505 668 2513 .
692 2506 699 2513 .
721 2506 728 2512 .
751 2505 758 2512 .
787 2486 899 2521 quidem
923 2495 1068 2523 argumen-

279 2532 337 2555 tum
352 2529 406 2556 illis
417 2530 461 2564 qui
475 2529 587 2558 crederc
602 2531 682 2566 quasi
693 2531 795 2560 divinis
816 2551 824 2559 .
847 2553 853 2559 .
877 2553 884 2560 .
905 2554 912 2560 .
938 2553 946 2560 .
969 2554 976 2561 .
1000 2556 1007 2562 .
1029 2556 1036 2562 .
1059 2554 1066 2562 .

280 2575 428 2608 praedicant
450 2575 620 2612 Scripturis;
643 2584 698 2604 non
715 2577 798 2613 igitur
819 2598 826 2606 .
849 2598 856 2605 .
880 2600 886 2606 .
911 2600 918 2606 .
939 2598 948 2606 .
968 2599 976 2606 .
998 2600 1004 2607 .
1028 2602 1035 2608 .
1059 2601 1065 2607 .

278 2619 370 2648 .lesum
387 2622 467 2657 quasi
482 2623 572 2657 ipsum
596 2631 677 2658 quem
697 2624 940 2659 prophetaverunt.
963 2625 993 2653 ln
1015 2626 1066 2653 du-

279 2667 323 2694 bio
343 2687 350 2694 .
373 2688 380 2695 .
403 2688 409 2695 .
433 2689 440 2695 .
461 2688 470 2696 .
491 2688 500 2695 .
523 2690 530 2696 .
553 2690 560 2697 .
583 2689 590 2697 .
612 2677 670 2704 eos,
692 2671 797 2698 scilicet
819 2671 939 2706 Iudaeos,
958 2681 1065 2701 necnon

278 2714 380 2740 electos
401 2734 408 2741 .
430 2733 438 2741 .
459 2733 466 2741 .
488 2733 496 2741 .
517 2734 526 2743 .
548 2735 556 2743 .
579 2734 585 2742 .
608 2735 616 2748 ,
636 2720 663 2743 et
682 2716 861 2745 refutationes
885 2726 980 2746 eorum
1005 2727 1066 2755 quae

279 2760 365 2793 magis
378 2760 459 2786 etiam
479 2761 596 2795 mythica
613 2768 726 2796 possent
741 2763 842 2795 dicere,
857 2765 1000 2793 exsolvere
1015 2773 1063 2794 co-

279 2803 334 2830 nati
347 2804 452 2832 divinas
468 2814 560 2835 voces.
576 2806 634 2835 Erit
649 2816 759 2844 quoque
778 2810 868 2840 brevis
883 2815 909 2839 et
924 2811 1063 2840 moderata

315 2891 322 2906 '
343 2891 422 2919 Prov.
440 2901 477 2926 vr,
495 2894 521 2922 8.
561 2896 570 2911 ¹
591 2895 657 2923 Luc.
677 2897 708 2930 Ι,
726 2897 753 2926 4.

1130 971 1240 1006 ἐργάτις
1254 971 1323 1004 ἐστὶ,
1338 972 1387 1006 τήν
1403 979 1432 996 τε
1448 971 1576 1007 ἐργασίαν
1589 971 1626 1002 ὡς
1649 970 1749 1006 σεμνὴν
1764 969 1911 1006 ἐμπορεύε-

1129 1027 1187 1044 ται·
1201 1015 1234 1054 ἧς
1246 1018 1308 1049 τοὺς
1319 1017 1416 1050 πόνους
1431 1017 1548 1052 βασιλεῖς
1559 1017 1606 1044 καὶ
1625 1016 1725 1043 ίδιῶται
1739 1016 1807 1052 πρὸς
1820 1015 1915 1050 ὑγείαν

1129 1064 1328 1099 προσφέρονται
1341 1071 1347 1078 ·
1366 1063 1475 1098 ποθεινή
1493 1072 1522 1097 τε
1535 1063 1608 1090 ἐστὶν
1620 1063 1701 1089 πᾶσιν
1718 1062 1764 1088 καὶ
1780 1061 1913 1094 ἐπίδοξος,

1129 1109 1228 1145 καίπερ
1242 1107 1308 1136 οὖσα
1321 1110 1353 1144 τῇ
1372 1108 1450 1145 ῥώμῃ
1461 1108 1587 1143 ἀσθενὴς,
1603 1108 1653 1143 τὴν
1665 1107 1760 1142 σοφίαν
1774 1108 1915 1142 τιμήσασα

1129 1156 1262 1192 προήχθη.
1284 1165 1292 1181 ι
1313 1157 1360 1182 Ὃν
1377 1155 1430 1190 γὰρ
1455 1156 1471 1191 ἡ
1490 1156 1601 1191 ἐργάτις
1624 1155 1715 1189 ἐκείνη
1738 1154 1842 1189 τρόπον
1866 1154 1914 1189 τὴν

1130 1202 1223 1237 σοφίαν
1238 1202 1352 1238 τιμῆσαι
1366 1201 1584 1238 μαρτυρουμένη,
1596 1200 1648 1227 τῶν
1660 1199 1779 1226 εύοαλῶν
1790 1200 1914 1235 βλαστῶν

1128 1249 1312 1284 ἁναλεγομένη
1326 1248 1361 1275 τὰ
1381 1249 1532 1284 πρόσφορα,
1549 1248 1580 1274 ὲκ
1592 1246 1642 1281 τῆς
1660 1246 1787 1273 ἁπάντων
1801 1247 1914 1272 ὲπισ-υν-

1129 1296 1240 1331 αγωγῆς
1268 1303 1298 1321 τε
1325 1295 1372 1321 καὶ
1394 1294 1524 1330 ἐργασίας
1556 1293 1692 1329 βασιλεῦσι
1720 1293 1767 1319 καὶ
1795 1292 1914 1323 ἰδιώταις

1129 1342 1272 1375 ὑγιεινοὺς,
1319 1349 1400 1376 φησιν
1415 1341 1431 1375 ἡ
1445 1339 1550 1375 Γραφὴ,
1565 1339 1714 1375 παρέχεται
1731 1339 1794 1370 τοὺς
1814 1337 1914 1372 ἑαυτῆς

1129 1388 1236 1419 πόνους,
1251 1387 1346 1413 ταυτόν
1358 1395 1384 1413 τι
1397 1387 1443 1413 καὶ
1459 1386 1506 1416 τὰς
1523 1386 1586 1421 περὶ
1599 1385 1645 1412 τοῦ
1661 1383 1779 1420 Χριστοῦ
1792 1386 1914 1419 Προμη-

1128 1434 1210 1466 τικὰς
1226 1434 1292 1468 ἡμῖν
1313 1432 1463 1467 Ἐκλογὰς,
1487 1432 1644 1467 ἀπάνθισμα
1658 1431 1712 1458 τῶν
1729 1430 1776 1457 τοῦ
1789 1429 1858 1461 Θεοῦ
1871 1429 1915 1457 λι»-

1128 1479 1213 1513 γικῶν
1236 1477 1375 1514 λειμώνων
1397 1478 1591 1512 τυγχανούσας,
1620 1476 1755 1512 περιέξειν
1780 1475 1914 1511 ἡγοῦμαι.

1127 1527 1177 1561 τὴν
1195 1525 1242 1561 μὲν
1255 1525 1308 1552 τῶν
1325 1524 1417 1560 κηρῶν
1431 1523 1580 1550 εὓπλαστον
1593 1523 1772 1559 δημιουργίαν
1783 1522 1813 1548 ὲν
1823 1520 1915 1556 ψιλαῖς

1128 1573 1186 1603 ταῖς
1200 1570 1301 1603 λέξεσιν
1318 1570 1521 1602 ἀποσωξούσας,
1546 1568 1580 1595 τὰ
1601 1568 1623 1595 δ’
1645 1570 1673 1595 ὲν
1689 1568 1764 1604 αὐτῷ
1779 1567 1915 1598 τεθησαυ-

1128 1616 1244 1653 ρισμένα
1261 1617 1382 1652 νοήματα
1398 1614 1555 1650 καταλλήλῳ
1569 1614 1607 1650 τῷ
1621 1614 1714 1649 γλυκεῖ
1728 1615 1775 1641 καὶ
1796 1614 1915 1649 ὑγιεινο-

1126 1663 1199 1698 τάτῳ
1215 1663 1264 1698 τῆς
1281 1662 1365 1696 σοφῆς
1389 1662 1417 1688 ὲν
1434 1661 1540 1697 ἐκείνης
1555 1661 1702 1696 γεννήματι
1722 1661 1788 1687 εἴσω
1814 1669 1867 1687 που
1884 1661 1913 1687 ἐν

1126 1708 1290 1743 ἀπορρήτοις
1311 1707 1514 1742 ταμιευόμενος.
1537 1705 1584 1737 Τίς
1603 1705 1656 1740 γὰρ
1679 1705 1711 1741 δὴ
1731 1705 1786 1731 τῶν
1806 1705 1912 1732 πιστῶν

1126 1754 1175 1780 οὐκ
1202 1754 1235 1780 ἂν
1250 1753 1413 1789 ὁμολογήσαι
1434 1753 1524 1788 πάσης
1546 1751 1590 1778 διὰ
1611 1751 1742 1787 σωμάτων
1763 1750 1861 1786 ἡδονῆς
1883 1759 1913 1777 τε

1127 1801 1173 1827 καὶ
1184 1799 1315 1835 ὠφελείας
1330 1799 1488 1835 ἀωγκρίτῳ
1503 1798 1640 1834 διαφέρειν
1656 1798 1775 1833 ὑπεροχῇ
1790 1797 1843 1828 τὰς
1859 1805 1912 1823 σω-

1125 1845 1234 1881 τηρίους
1248 1846 1310 1881 περὶ
1326 1844 1373 1872 τοῦ
1391 1845 1477 1879 Λόγου
1494 1843 1540 1871 τοῦ
1555 1843 1624 1869 Θεοῦ
1645 1842 1819 1878 παραθέσεις.
1838 1841 1911 1876 (£2)

1125 1892 1292 1928 ἐπιτηδείους
1314 1892 1383 1927 πρὸς
1408 1890 1539 1926 ἀνάληψιν
1565 1888 1739 1926 ὑπαρχούσας
1767 1887 1820 1922 τῆς
1841 1887 1912 1914 κατὰ

1125 1938 1253 1974 ἀλήθειαν
1279 1937 1415 1973 ὠφελίμου
1438 1937 1485 1964 καὶ
1511 1936 1632 1971 ὑγιεινῆς
1660 1934 1832 1971 δρϐοδοξὶας;
1861 1934 1911 1962 Ἢν

1126 1984 1265 2020 περιέπειν
1281 1984 1428 2018 ἀναγκαῖον
1442 1983 1472 2009 οὺ
1491 1982 1586 2018 μόνους
1598 1981 1661 2012 τοὺς
1674 1980 1722 2016 τὴν
1739 1980 1796 2013 ἕξιν
1810 1979 1910 2016 προεδ-

1125 2029 1242 2065 6ηκότας
1258 2028 1377 2064 βασιλεῖς
1390 2026 1613 2064 ὀνομαζομένομς,
1627 2024 1694 2051 ἀλλὰ
1707 2024 1754 2051 καὶ
1767 2025 1832 2056 τοὺς
1846 2024 1911 2050 ὑπο-

1125 2075 1274 2111 ϐεϐηκότας
1286 2074 1332 2102 καὶ
1346 2074 1454 2110 πρῶτον
1463 2073 1523 2109 ἄρτι
1531 2071 1569 2107 τῷ
1580 2071 1644 2106 θείῳ
1653 2069 1815 2106 προσιόντας
1827 2069 1908 2104 λόγῳ·

1124 2120 1164 2154 οἷς
1185 2122 1231 2150 καὶ
1247 2120 1425 2157 διαφερόντως
1441 2118 1596 2154 ἐπιτηδείαν
1611 2117 1718 2144 ἔσεσθαι
1741 2115 1846 2150 νομίζω
1863 2115 1910 2150 τὴν

1125 2168 1262 2199 ὑπόθεσιν,
1283 2167 1321 2198 ὡς
1345 2166 1377 2194 ἂν
1402 2165 1530 2201 ἀκριϐοῦν
1551 2164 1580 2198 EE
1602 2164 1685 2199 αὐτῆς
1711 2163 1837 2190 δύναιντο
1860 2162 1909 2198 τὴν

1124 2214 1188 2250 περὶ
1206 2210 1243 2241 ὧν
1264 2211 1457 2248 κατηχήθησαν
1473 2211 1560 2245 λόγων
1576 2209 1740 2244 ἀσφάλειαν
1759 2208 1821 2235 τότε
1840 2207 1907 2244 μᾶλ-

1123 2259 1168 2285 λον
1181 2259 1230 2294 τῆς
1244 2256 1332 2292 ἁπλῆς
1346 2255 1393 2282 καὶ
1407 2254 1536 2290 ἀκεραίου
1549 2255 1666 2286 πίστεως
1680 2255 1784 2288 πεῖσμα
1799 2252 1907 2287 βέϐαιον

1124 2303 1261 2340 ίσχούσης,
1281 2302 1389 2328 ἐπειδὰν
1409 2301 1448 2336 τῷ
1467 2300 1588 2336 λογισμῷ
1614 2300 1676 2331 τοὺς
1693 2299 1726 2326 δι’
1745 2298 1907 2330 ἀποδείξεως

1123 2347 1368 2386 προεγκαταΰαλών
1381 2356 1421 2379 τις
1431 2346 1570 2382 θεμελίους
1582 2346 1631 2381 τὴν
1643 2345 1742 2380 ἀκριϐῆ
1759 2344 1815 2371 τῶν
1829 2352 1906 2371 πεπι-

1123 2394 1276 2430 στευμένων
1301 2392 1451 2428 κατάληψίν
1472 2400 1501 2418 τε
1528 2391 1574 2418 καὶ
1599 2390 1699 2425 γνῶσιν
1715 2390 1784 2426 πρὸς
1808 2391 1904 2425 ὲπικτη

1123 2460 1130 2468 .
1169 2459 1176 2467 .
1217 2460 1224 2467 .
1263 2459 1270 2466 .
1306 2459 1312 2466 .
1332 2437 1423 2473 νγοῦν
1438 2438 1530 2465 ἕνεκεν
1544 2437 1615 2473 φημὶ
1629 2437 1656 2463 δὲ
1670 2436 1724 2463 τῶν
1739 2437 1771 2463 ὲτ
1791 2456 1800 2463 .
1823 2455 1830 2463 .
1850 2445 1904 2462 τοι-

1121 2486 1219 2522 χειώσε
1257 2507 1263 2513 .
1304 2507 1311 2513 .
1352 2505 1359 2512 .
1399 2505 1406 2512 .
1446 2504 1453 2511 .
1493 2503 1500 2511 .
1538 2484 1682 2518 ἀναγκαῖον
1696 2481 1765 2510 εἶναι
1781 2483 1904 2519 παρέστη

1123 2532 1192 2569 μετὰ
1212 2531 1261 2568 τὴν
1281 2531 1398 2567 ἑκάστης
1425 2538 1478 2566 προ
1513 2548 1521 2556 .
1561 2549 1569 2556 .
1607 2548 1614 2555 .
1655 2550 1662 2556 .
1701 2528 1790 2561 ιν,ὼς
1805 2528 1836 2554 ὲν
1849 2529 1904 2554 εἰσ-

1121 2579 1232 2615 αγωγῆς
1247 2579 1340 2615 τρόπῳ
1353 2578 1477 2614 διήγησιν
1493 2577 1579 2613 βραχύ
1600 2596 1608 2604 .
1647 2596 1653 2602 .
1692 2595 1700 2602 .
1739 2595 1748 2603 .
1787 2575 1830 2602 svi.
1855 2573 1905 2610 μέ.-

1120 2625 1198 2652 λιστα
1214 2624 1422 2660 συντομωτάτην
1436 2623 1604 2659 παραθέσθαι
1620 2622 1683 2657 περὶ
1704 2642 1711 2648 .
1750 2641 1757 2647 .
1799 2641 1807 2648 .
1849 2641 1857 2649 .
1896 2639 1903 2647 .

1122 2672 1169 2707 μὲν
1183 2671 1292 2707 ἔλεγχον
1303 2670 1357 2698 τῶν
1374 2669 1511 2697 πιστεύειν
1528 2669 1576 2705 μὲν
1592 2668 1629 2699 ὡς
1644 2667 1731 2699 θείαις
1752 2687 1760 2694 .
1800 2687 1808 2694 .
1849 2686 1857 2694 .
1896 2686 1903 2693 .

1121 2720 1179 2752 ραῐς
1189 2717 1343 2753 αὐχούντων
1353 2717 1488 2754 Γραφαῖς·
1503 2716 1539 2752 μὴ
1552 2715 1603 2751 μὴν
1614 2722 1762 2750 προσιεμεν
1774 2734 1782 2740 .
1796 2733 1804 2740 .
1815 2720 1868 2740 uta
1878 2732 1886 2739 .
1896 2731 1904 2739 .

1264 2786 1270 2793 .
1309 2763 1346 2791 ῶν
1369 2762 1470 2798 Ἰησοῦν
1485 2762 1523 2794 ὡς
1544 2762 1576 2789 ἂν
1598 2761 1678 2789 αὐτὸν
1690 2760 1756 2786 ὄντα
1777 2759 1905 2795 τδνπρο-

1640 2827 1647 2834 .
1668 2805 1777 2838 αὐτοὺς,
1792 2804 1866 2839 λέγω
1878 2803 1905 2830 δὲ

1118 2811 1315 2848 φητευόμενονο
1333 2809 1504 2846 ἐπαπόρησιν
1521 2817 1540 2834 π
1555 2829 1561 2835 .
1583 2829 1590 2835 .
1612 2828 1618 2834 .
