2037 3215
137 201 208 229 1025
670 197 817 225 ECLOGA}:
838 190 1076 225 PROPIIETICE.
1096 211 1130 216 —
1149 193 1213 222 LIB.
1232 190 1254 222 Ι.
1690 196 1757 223 [026

134 259 200 289 τοὺς
214 257 245 283 ἐκ
259 255 417 292 περιτομῆς,
431 254 551 286 καὶτοὺς
563 254 616 281 ἀπὸ
628 253 682 281 τῶν
692 255 795 290 αίρέσε.
813 274 820 281 .
840 275 848 281 .
871 254 921 290 μοῦ

980 258 1066 282 nostra
1081 253 1245 288 explanatio,
1266 252 1323 280 sive
1346 261 1408 280 cum
1424 254 1540 288 probare
1554 253 1696 282 conabitur
1709 262 1756 291 per

135 300 172 332 δε
188 304 236 330 καὶ
258 302 411 338 ἀνατροπὰς
436 297 473 328 ὧν
493 301 526 327 ἂν
540 300 640 327 εἴποιεν
655 300 838 336 μυθικώτερον
860 301 921 326 ὲπι-

980 301 1063 328 solum
1084 299 1252 326 Salvatorem
1279 303 1403 327 nostrum
1418 300 1543 335 impletas
1559 300 1646 328 fuisse
1666 308 1760 329 sacras

136 350 211 377 λύειν
226 348 389 384 πειρώμενοι
405 347 453 379 τὰς
465 347 538 378 θείας
551 346 650 381 φωνάς.
666 347 760 374 Ἔσται
773 346 801 373 δὲ
820 346 867 373 καὶ
878 346 922 373 διὰ

980 346 1021 374 Dei
1036 345 1237 381 praedictiones,
1257 346 1313 374 sive
1330 353 1391 373 cum
1408 350 1531 374 nostram
1546 347 1622 375 deiis
1635 355 1695 383 qua:
1709 355 1760 376 ex-

137 396 262 432 βραχέων
278 393 374 430 μετρία
388 402 431 424 τις
444 392 522 428 ἡμῶν
535 392 672 428 ἐξήγησις,
690 392 734 418 ὁτὲ
749 392 797 428 μὲν
813 392 920 418 ἀπόδειδ

980 400 1107 429 ponemus
1121 393 1283 420 sententiam
1299 393 1505 428 explicabimus.

137 442 180 474 ξιν
196 439 355 476 περιέξουσα
367 437 414 464 τοῦ
426 437 496 464 κατὰ
513 437 591 472 μόνον
602 436 648 463 τὸν
660 435 794 471 ἡμέτερον
808 435 921 472 Σωτῆρα

137 486 334 523 πεπληρῶσθαι
350 485 398 517 τὰς
413 484 487 521 ἱερὰς
502 484 549 511 τοῦ
563 484 630 511 Θεοῦ
645 484 820 520 προρρήσεις,
835 483 879 510 ὁτὲ
893 483 921 510 δὲ
940 485 989 520 τὴν
1002 484 1137 521 ἡμετέραν
1149 485 1261 520 γνώμην
1273 483 1306 519 ἢν
1326 483 1423 520 ἔχομεν
1441 485 1504 520 περὶ
1535 485 1588 512 τῶν
1606 483 1760 519 ¹ὲκτεθησο-

137 536 228 572 μένων
246 533 425 570 σημαίνουσα.

181 580 260 608 ’Λλλά
275 580 327 616 γὰρ
349 578 452 606 τούτων
474 578 641 613 ἐφάπτεσθαι
668 576 824 613 μέλλοντας,
841 577 923 612 ἀναγ-

136 628 225 659 καίως
239 625 489 663 προδιαστείλασθαι
502 625 540 657 ὼς
551 624 589 660 πῆ
607 625 655 660 μὲν
670 624 786 660 προόντα
801 623 831 650 οὺ
845 623 923 659 μόνον

136 674 189 708 τῆς
210 672 439 708 ὲνανθρωπήσεως
458 670 525 697 ἀλλὰ
550 670 596 697 ’καὶ⁴
613 671 703 706 πάσης
722 670 834 705 γενετῆς
858 670 923 695 ὑπο-

138 719 261 751 στάσεως
277 718 324 744 τοΰ
337 717 404 744 Θεοῦ
420 717 505 752 Λόγον
525 716 695 744 διδάσκουσιν
710 717 735 743 ot
754 716 820 752 ἱεροὶ
837 715 921 749 λόγοι,
941 718 943 720 ’

135 766 207 792 Θεὸν
221 786 228 793 .
251 785 258 792 ,
280 784 286 791 .
303 764 383 791 αὑτὸν
398 763 466 799 μετά
481 763 525 790 τὸν
542 763 650 799 Πατέρα
664 763 711 789 καὶ
727 762 828 798 Κύριον
840 769 923 797 προσ-

136 811 327 848 αγορεύοντες,
339 808 383 837 οἶα
396 811 427 846 δὴ
443 810 490 836 καὶ
503 809 533 836 τὸ
550 810 679 845 κήρυγμα
694 809 724 836 τὸ
735 808 924 843 ἐκκλησιαστι-

137 857 188 884 κὸν
213 857 332 893 περιέχει
360 855 569 891 ἁκολούθως’τῇ
593 855 757 890 εὐαγγελικῇ
787 853 946 890 μαρτυρίᾳ.

136 903 288 940 (είπ)ούσῃ,
308 913 317 929 ι
338 903 381 929 Ἐν
407 903 478 938 ἀρχῇ
496 899 531 937 ἦν
545 902 559 927 ὁ
573 901 675 935 Λόγος·
696 901 771 928 καὶὸ
793 901 878 934 Λόγος
890 897 923 935 ἦν

136 950 210 986 πρὸς
220 950 264 977 τὸν
273 949 350 982 Θεὺν,
366 949 413 976 κιιῖ¹
424 948 490 980 Θεὸς
501 946 536 984 ἦν
546 949 560 975 ὁ
573 948 658 983 Λόγος
667 957 673 963 ·
690 947 778 974 πάντα
793 946 826 973 δι’
841 945 923 973 αὑτοῦ

1010 575 1112 603 Verum
1128 578 1271 609 antequam
1283 573 1414 608 quidquid
1426 574 1459 601 de
1468 573 1512 602 liis
1526 574 1701 609 attingamus,
1711 582 1760 610 pro

973 625 1049 649 certo
1055 621 1156 648 habere
1163 624 1330 651 necesseest,
1337 619 1409 654 quod
1418 619 1514 654 partim
1524 619 1699 654 prwexistens
1706 627 1760 647 non

975 668 1063 696 solum
1080 666 1274 698 incarnationi,
1290 667 1338 693 sed
1355 669 1382 693 et
1399 665 1489 692 omnis
1506 666 1667 692 substantia:
1688 672 1761 693 crea-

975 715 1102 743 tioniDei
1112 714 1232 742 Verbum
1242 714 1330 742 sancti
1340 712 1610 744 libridocent,Deum
1633 734 1640 741 .
1663 733 1670 739 .
1692 734 1700 741 .
1723 735 1730 741 .
1752 733 1759 740 .

974 769 1036 790 eum
1053 765 1114 797 post
1134 760 1243 788 Patrem
1258 764 1286 788 et
1307 759 1451 786 Dominum
1470 759 1658 794 designantes,
1683 764 1712 786 ut
1734 764 1761 787 et

975 807 1162 836 ecclesiastica
1185 807 1236 834 fert
1253 806 1409 842 pradicatio‘
1425 812 1545 840 congrue
1567 813 1628 832 cum
1644 813 1761 840 evange-

977 854 1030 882 lico
1052 853 1210 881 testimonio
1231 852 1360 880 dicente:
1377 860 1386 876 ι
1402 851 1432 878 ln
1455 851 1589 886 principio
1612 856 1672 878 erat
1692 847 1760 879 Ver-

976 901 1051 933 bum,
1070 903 1096 927 et
1120 898 1239 926 Verbum
1263 901 1321 926 erat
1344 897 1416 932 apud
1443 896 1539 928 Deum,
1557 901 1584 924 et
1610 896 1682 924 Deus
1702 901 1761 924 erat

977 946 1107 974 Verbum.
1124 945 1220 972 Omnia
1237 952 1284 979 per
1300 945 1388 980 ipsum
1405 943 1475 970 facta
1490 947 1564 976 sunt,
1580 947 1607 970 et
1620 943 1680 970 sine
1701 943 1760 978 ipso

136 996 261 1030 ἐγένετο·
279 995 327 1022 καὶ
342 995 427 1030 χωρὶς
441 993 522 1021 αὑτοῦ
540 994 646 1029 ἐγένετο
666 993 726 1020 οὐδὲ
741 993 770 1019 ἓν
782 1001 788 1008 ·
808 1002 817 1018 ›
839 993 877 1028 πῆ
894 992 922 1019 δὲ

980 992 1075 1019 Factum
1102 995 1143 1019 est
1171 991 1239 1018 nihil
1251 991 1271 1023 ³,
1289 1001 1297 1016 ι
1313 990 1411 1025 partim
1435 989 1617 1024 prmuuntiant
1629 989 1683 1016 duo
1701 989 1760 1023 ejus

136 1043 191 1075 ’τὰς
213 1042 259 1069 δύο
281 1042 431 1078 παρουσίας
455 1041 537 1070 αὑτοῦ
563 1039 800 1077 πρωναφωνοῦσι·
828 1040 876 1074 τήν
895 1047 924 1065 τε

137 1088 288 1126 προτέραν,
304 1090 332 1115 ἐν
378 1090 446 1124 μήτε
460 1086 529 1119 εἷδος
548 1087 629 1114 αὑτὸν
649 1087 717 1121 μήτε
741 1085 837 1117 κάλλος
854 1084 924 1117 ἕξειν

138 1135 341 1172 προύθέσπιζον
364 1135 512 1171 διαρρήδην
535 1134 572 1166 ὡς
593 1133 728 1169 πρόϐατον
751 1133 796 1158 ὲπί
819 1131 924 1167 σφαγὴν

136 1182 318 1220 ἀχθήσεσθαι,
341 1183 386 1209 καὶ
401 1181 492 1216 σαφῶς
508 1181 592 1212 οὕτως
608 1180 662 1207 ἀπὸ
676 1179 729 1206 τῶν
746 1178 864 1214 ἀνομιῶν
878 1177 924 1205 τοῦ

137 1230 274 1266 προτέρου
292 1229 357 1256 λαοῦ
379 1230 428 1265 τὴν
448 1229 494 1255 ἐπὶ
517 1228 624 1262 θανάτῳ
645 1225 925 1260 καταδικασθήσεσϐαι

137 1276 279 1311 λέγοντες-
298 1272 341 1302 οἵα
362 1275 394 1310 δὴ
418 1275 466 1301 καὶ
490 1273 697 1300 ἀποδείκνυνται
718 1273 767 1307 τῆς
791 1270 925 1307 προτέρας

139 1321 226 1348 αὑτοῦ
241 1320 392 1356 παρουσίας
406 1320 433 1346 αί
455 1319 525 1346 κατὰ
538 1319 600 1350 τοὺς
618 1317 743 1353 Τιϐερίου
763 1316 873 1352 χρόνους
888 1317 926 1342 ol-

138 1367 279 1403 κονομίαι·
301 1367 347 1394 καὶ
360 1366 409 1401 τὴν
430 1365 567 1401 δευτέραν,
589 1363 677 1390 οὐκέθ’
694 1363 787 1398 ὁμοίαν
803 1364 836 1397 τῇ
859 1371 925 1396 προ-

138 1413 220 1449 τέρᾳ,
237 1412 372 1446 θειοτέραν
388 1411 416 1437 δὲ
431 1411 478 1437 καὶ
503 1410 568 1436 πολὺ
585 1410 618 1444 τῇ
639 1407 701 1444 δόξῃ
724 1407 925 1443 παραλλάττου-

142 1467 205 1491 σαν,
228 1458 284 1493 μετ’
300 1456 447 1491 ὰγγελικῆς
463 1454 625 1492 δορυφορίας
647 1453 694 1479 καὶ
713 1452 762 1487 τῆς
777 1452 823 1478 ἀπ’
844 1452 926 1488 οὐρα-

142 1503 198 1531 νῶν
215 1501 391 1538 παρατὰξεως
409 1500 608 1536 γενησομένην·
626 1496 666 1529 οἷς
689 1497 865 1533 εὐγνωμόνως
881 1497 926 1523 τὸν

141 1548 339 1583 ἐντυγχάνοντα
362 1545 449 1582 χρεὼν
472 1545 571 1572 κανόνα
595 1544 688 1578 ὥσπερ
710 1543 756 1569 καὶ
778 1542 877 1569 σκοπὸν
897 1542 927 1568 τὸ

142 1596 274 1631 κήρυγμα
294 1593 420 1628 κατέχειν
434 1592 464 1618 τὸ
478 1589 654 1618 ἀποστολικὺν
669 1589 758 1615 τέλεια
773 1588 820 1615 καὶ
837 1589 926 1624 ἀπαρ-

142 1642 290 1677 εγχείρητα
307 1640 341 1667 τὰ
356 1640 405 1675 τῆς
424 1637 550 1674 ἀληθείας
570 1636 690 1671 δόγματα
705 1635 926 1670 διαφυλάττοντα,

976 1038 1107 1066 adventus
1137 1047 1143 1064 :
1170 1037 1299 1073 priorem,
1323 1037 1350 1063 in
1364 1043 1418 1072 quo
1435 1043 1524 1070 neque
1548 1035 1684 1071 speciem,
1713 1042 1762 1062 ne-

976 1092 1030 1120 que
1060 1084 1184 1111 decorem
1216 1083 1360 1110 habiturus
1386 1081 1573 1113 ostenditur",
1602 1081 1758 1111 manifeste.

975 1131 1046 1158 sicut
1076 1137 1162 1165 agnus
1188 1130 1221 1156 ad
1247 1128 1413 1156 occisionem
1435 1127 1588 1159 ducendus,
1614 1133 1695 1162 atque
1723 1126 1760 1153 ita

976 1181 1087 1212 propter
1101 1176 1200 1210 prioris
1216 1177 1308 1210 populi
1325 1175 1483 1209 iniquitates
1498 1174 1532 1201 ad
1551 1177 1666 1201 mortem
1685 1173 1761 1200 dam-

975 1223 1103 1256 nandus;
1120 1230 1180 1257 qua:
1198 1222 1308 1257 quidem
1334 1221 1361 1248 in
1378 1220 1459 1255 primi
1477 1219 1535 1254 ejus
1550 1220 1693 1252 adventus,
1712 1218 1760 1246 Ti-

974 1269 1043 1297 berii
1055 1273 1187 1304 tempore,
1197 1268 1325 1303 passione
1341 1267 1446 1301 expleta
1457 1271 1537 1300 sunt;
1557 1267 1670 1293 alterum
1685 1273 1762 1298 vero,

975 1315 1061 1351 priori
1083 1315 1162 1350 longe
1178 1314 1338 1342 dissimilem
1349 1334 1356 1347 ,
1370 1313 1532 1341 diviniorem
1549 1312 1688 1347 multoque
1704 1312 1762 1339 cla~

976 1352 1086 1393 riorem,
1095 1360 1226 1395 angelicis
1234 1359 1536 1392 coliortibus,omniquc
1544 1358 1675 1385 cmlorum
1684 1365 1762 1384 exer-

976 1407 1033 1434 citu
1048 1406 1255 1433 circumdatum.
1274 1404 1378 1438 Quibus
1407 1404 1459 1431 rite
1482 1403 1763 1438 respondeatneccsse

976 1456 1018 1480 est
1026 1452 1128 1487 regula,
1138 1451 1216 1487 quasi
1225 1450 1394 1486 propositum
1403 1450 1501 1477 habeat
1512 1449 1688 1484 apostolicam
1699 1456 1765 1483 pra.»

977 1498 1151 1529 dicationem,
1163 1505 1223 1532 quae
1234 1496 1354 1532 perfecta
1368 1496 1570 1531 purissimaque
1581 1495 1703 1522 veritatis
1715 1496 1764 1522 do-

977 1549 1066 1581 gmata
1097 1547 1257 1575 conservet,
1284 1543 1389 1570 scilicet
1415 1542 1448 1569 de
1478 1542 1565 1577 prima
1592 1546 1619 1569 et
1643 1541 1763 1568 increata

978 1591 1169 1618 universorum
1195 1589 1241 1616 Dei
1266 1592 1373 1621 natura,
1396 1592 1423 1616 et
1445 1587 1530 1614 divini
1554 1587 1635 1614 Verbi
1662 1594 1765 1621 praeel-

981 1636 1090 1664 istentia
1116 1639 1198 1670 atque
1223 1634 1388 1665 substantia,
1414 1641 1496 1668 quam
1526 1633 1554 1660 in
1577 1636 1765 1660 creaturarum

141 1686 280 1713 τουτέστιν
294 1684 328 1711 τά
345 1685 408 1719 περὶ
421 1684 470 1719 τῆς
485 1681 595 1718 πρώτης
607 1681 654 1708 καὶ
668 1681 798 1715 ἀγενήτου
812 1679 857 1705 τοῦ
874 1679 927 1706 τῶν

980 1682 1100 1709 omnium
1120 1680 1268 1712 creatione,
1291 1680 1365 1707 sicut
1382 1679 1494 1706 verbum
1517 1699 1523 1705 .
1545 1699 1552 1706 .
1608 1697 1616 1704 .
1638 1697 1645 1704 .
1667 1696 1674 1704 .
1697 1697 1704 1704 .
1726 1698 1734 1705 .
1756 1697 1764 1704 .

142 1733 213 1759 ὅλων
229 1731 295 1758 Θεοῦ
310 1731 427 1766 φύσεως,
445 1730 491 1756 καὶ
507 1729 541 1755 τὰ
553 1728 602 1763 τῆς
614 1726 660 1754 τοῦ
678 1726 748 1752 θείου
761 1725 848 1760 Λόγου
862 1733 927 1760 προ-

143 1778 320 1810 υποστάσεώς
331 1787 361 1805 τε
383 1778 430 1804 καὶ
448 1775 608 1811 ὑπουργίας,
623 1774 657 1809 ἢν
670 1773 715 1800 ἐπὶ
733 1775 766 1809 τῇ
783 1772 836 1799 τῶν
849 1780 929 1808 γενη-

142 1828 201 1855 τῶν
215 1827 339 1854 ἁπάντων
353 1824 529 1861 δημιουργίᾳ,
541 1820 584 1849 οἷα
600 1821 631 1857 δὴ
648 1821 735 1856 λόγος.

145 1873 548 1910 (r.5).......

144 2013 231 2049 χωρὶς
253 2011 307 2039 τῶν
329 2010 469 2046 τεσσάρων
487 2007 626 2043 στοιχείων
644 2006 698 2033 τῶν
712 2007 776 2042 παρ’
790 2005 930 2041 Ἑϐραίοις

144 2058 355 2093 ἁνεκφωνήτων,
371 2052 408 2083 ὧν
430 2055 473 2082 διὰ
487 2054 536 2090 τῆς
553 2053 702 2084 συνθέσεως
718 2052 747 2078 τὸ
763 2050 929 2087 σημαινόμε-

145 2114 192 2132 νον
210 2105 294 2139 ὂνομα
312 2103 429 2139 ἄρρητον
450 2101 580 2136 ὑπάρχον,
599 2097 885 2134 καταχρηστικώτερον
902 2095 931 2122 δὲ

148 2162 159 2177 ι
177 2151 277 2186 Κύριος
292 2159 301 2175 ι
318 2149 540 2184 ἐπικαλούμενον,
560 2146 665 2173 οὐδέπω
680 2145 745 2172 ποτὲ
759 2144 805 2170 ἐπὶ
821 2143 930 2178 ἀγγελι-

145 2198 199 2233 κῆς
210 2196 391 2233 παρείληπται
405 2195 555 2230 δυνάμεως»
572 2193 610 2225 ὼς
623 2192 780 2226 ἐπιστήσεις
794 2189 852 2216 καθ’
868 2190 931 2225 ὅλης

145 2243 198 2277 τῆς
215 2240 390 2268 θεοπνεύστου
407 2240 528 2277 Γραφῆς,
543 2239 606 2266 ἔνθα
626 2240 639 2266 ὁ
657 2239 733 2271 Θεὸς,
752 2238 769 2273 ἢ
789 2238 803 2263 ὁ
821 2235 872 2264 διὰ·
884 2235 932 2262 τοῦ

145 2290 359 2327 τετραγράμμου
373 2288 535 2324 δηλούμενος
549 2287 651 2323 Κύριος
671 2286 876 2321 ἀναγέγραπται
887 2291 932 2310 κε-

146 2337 279 2375 χρηκέναι
298 2336 354 2363 τισί
366 2344 372 2351 ·
394 2335 507 2370 πότερον
524 2334 569 2375 sit}
592 2333 642 2368 τὴν
656 2333 786 2368 ἀγένητον
810 2330 856 2358 τοῦ
878 2329 932 2356 τῶν
949 2347 970 2374 D

228 2382 296 2409 Θεοῦ
309 2382 389 2417 φύσιν
400 2371 562 2408 ἁνενεκτέον’
573 2379 607 2407 τὰ
619 2379 780 2414 δηλούμενα,
794 2377 811 2413 ἢ
826 2377 872 2404 ἐπὶ
887 2376 931 2402 τὸν

146 2429 243 2456 τούτου
259 2429 355 2464 Λόγον,
367 2428 397 2454 ὃν
410 2427 534 2463 δεύτερον
555 2425 723 2460 τυγχάνοντα
738 2424 792 2451 τῶν
807 2423 875 2450 ὅλων
891 2421 933 2448 αῖ-

146 2484 205 2503 τιον
219 2476 266 2502 καὶ
281 2475 347 2502 Θεδν
367 2474 414 2501 καὶ
434 2473 535 2506 Κύριον
550 2471 620 2498 κατὰ
634 2471 665 2497 τὸ
690 2469 886 2506 σημαινόμενον
901 2469 933 2495 ἐκ

145 2521 196 2548 τοῦ
213 2522 277 2557 παρ’
293 2520 427 2556 Ἑῦραίοις
444 2519 563 2555 ἀρρήτου
579 2517 710 2552 ὀνόματος
721 2513 932 2551 προσαγορεύειν

147 2567 244 2595 εἴωθεν
260 2567 277 2602 ἡ
300 2566 360 2593 θεία
380 2565 486 2602 Γραφή.
508 2564 564 2591 Καὶ
584 2563 652 2599 δῆτα
668 2562 714 2589 ἐπὶ
731 2561 777 2588 τοῦ
800 2561 932 2597 παρόντος

147 2614 286 2650 φήσαντος
299 2612 348 2640 τοῦ
362 2612 452 2646 λόγου,
467 2611 507 2638 ὅτι
518 2610 559 2646 δή·
573 2619 582 2636 ι
599 2608 709 2644 Κατέϐη
725 2607 837 2643 Κύριος,
850 2616 859 2633 ι
877 2606 935 2637 καὶ,

150 2669 162 2686 ι
179 2657 264 2687 Εἶπεν
282 2658 394 2695 Κύριος,
418 2667 427 2682 ι
442 2657 478 2684 τὰ
499 2653 740 2690 ἀναγεγραμμένα,
765 2652 880 2688 ζητήσαι
901 2652 934 2679 ἂν

147 2715 191 2738 τις
207 2705 325 2740 εὐλόγως
340 2705 394 2731 εἴτε
413 2703 458 2730 ἐπί
474 2710 534 2729 τινα
551 2701 606 2728 τῶν
622 2700 756 2734 ἀγγέλων,
774 2698 829 2725 εἴτε
845 2698 890 2725 ἐπὶ
903 2697 934 2724 τὸ

147 2752 258 2789 πρῶτον
279 2751 365 2778 αἴτιον
388 2750 438 2786 τὴν
461 2746 598 2784 ἀναφορὰν
623 2746 679 2781 ἔχει
702 2745 733 2771 τὸ
761 2743 932 2780 δηλούμενον.

154 2798 224 2826 Ἀλλ’
243 2798 289 2824 ἐπὶ
312 2798 360 2832 μὲν
372 2795 494 2831 ἀγγέλων
513 2794 562 2829 οὐχ
580 2790 634 2820 οἷόν
658 2800 702 2818 τε·
717 2790 796 2817 τοῦτο
819 2791 878 2825 μὲν,
894 2790 934 2816 ὃτι

148 2844 288 2872 κάνταῦθα
302 2844 331 2870 τὸ
351 2854 360 2869 ι
375 2842 474 2878 Κύριος
488 2851 498 2867 ι
513 2841 556 2868 διὰ.
573 2841 621 2875 τῆς
637 2838 826 2873 ἀνεκφωνήτου
840 2835 936 2871 παρεί-

980 1742 1764 1755 .,..,-οιι.-ι-.....ι-,ι-...ι

980 1833 1764 1848 ..ι-ιθ...--α.ι.-ι.-..-.ι-αι

979 1868 1077 1901 praeter
1097 1867 1215 1899 quatuor
1238 1863 1345 1889 litteras
1372 1860 1444 1896 apud
1467 1860 1595 1888 Hebraeos
1621 1860 1765 1893 infandas,

920 1929 929 1938 .
979 1918 1095 1947 quarum
1124 1909 1320 1944 conjunctione
1344 1906 1480 1935 inell'abile
1509 1910 1619 1934 constat
1644 1913 1765 1938 nomen,

980 1957 1121 1985 abusivius
1135 1963 1200 1983 vero
1217 1965 1226 1980 ι
1242 1954 1374 1982 Dominus
1390 1963 1398 1979 ι
1416 1953 1608 1986 nominatum;
1621 1959 1765 1987 nunquam

980 2005 1015 2032 de
1029 2003 1152 2038 angelica
1170 2004 1305 2036 potestate
1329 2002 1491 2034 usurpatum
1511 2001 1565 2030 est,
1588 2003 1617 2025 ut
1641 1997 1767 2025 attendas

981 2051 1010 2078 in
1024 2049 1097 2077 omni
1113 2048 1244 2076 divinitus
1260 2045 1394 2081 inspirata
1407 2044 1560 2080 Scriptura,
1578 2044 1624 2071 ubi
1637 2043 1709 2071 Deus
1722 2044 1765 2070 vel

981 2104 1029 2132 per
1055 2097 1297 2130 tetragrammaton
1324 2092 1483 2127 designatus
1508 2090 1639 2118 Dominus
1667 2089 1767 2117 inscri-

981 2147 1045 2179 ptus
1068 2145 1120 2173 est,
1146 2148 1208 2168 cum
1229 2138 1394 2174 quibusdam
1421 2137 1584 2164 collocutus.
1610 2136 1708 2164 Utrum
1733 2135 1767 2163 ad

983 2191 1130 2217 increatam
1142 2186 1263 2214 omnium
1279 2184 1326 2212 Dei
1337 2187 1463 2211 naturam
1476 2181 1617 2209 referenda
1629 2186 1693 2209 sunt
1707 2189 1768 2216 qua:

983 2234 1176 2265 ostenduntur,
1201 2230 1245 2258 vel
1260 2230 1294 2257 ad
1319 2229 1401 2263 hujus
1416 2227 1548 2259 Verbum,
1572 2225 1646 2262 quod
1670 2234 1769 2254 secun-

984 2282 1045 2309 dam
1065 2279 1255 2307 universorum
1274 2282 1397 2306 causam,
1418 2276 1445 2300 et
1461 2273 1556 2306 Deum,
1571 2276 1597 2300 et
1612 2272 1768 2303 Dominum,

985 2326 1136 2355 secundum
1159 2321 1305 2351 ineﬂ'abilis
1327 2319 1400 2356 apud
1419 2319 1550 2346 Hebrmos
1575 2319 1694 2346 nominis
1708 2325 1771 2345 sen-

986 2381 1047 2402 sum
1070 2371 1208 2408 appellare
1223 2371 1294 2399 solet
1316 2370 1408 2397 divina
1428 2367 1581 2401 Scriptura.
1601 2364 1630 2390 Et
1648 2363 1772 2399 profecto

986 2420 1014 2446 in
1034 2419 1087 2446 hoc
1109 2421 1186 2445 textu
1213 2425 1267 2452 quo
1297 2415 1434 2449 scribitur.
1453 2423 1459 2441 :
1488 2421 1497 2437 ι
1512 2410 1658 2439 Descendit
1678 2409 1771 2436 Domi-

986 2465 1074 2498 nus“;
1091 2474 1100 2490 ι
1123 2468 1151 2491 et
1173 2473 1180 2490 ι
1197 2472 1206 2488 ι
1222 2462 1297 2490 Dixit
1326 2460 1499 2492 Dominus“;
1517 2468 1526 2484 ι
1552 2456 1650 2484 ιῐιθνίῑο
1671 2455 1772 2491 “Willis

986 2515 1080 2549 posset
1100 2510 1239 2546 inquirere
1261 2517 1295 2536 an
1317 2509 1376 2536 haec
1398 2505 1532 2534 vocabula
1555 2503 1589 2531 ad
1611 2502 1770 2538 angelorum

985 2547 1141 2594 quemdam,
1155 2555 1198 2583 vel
1222 2555 1254 2582 ad
1268 2555 1382 2590 primam
1406 2551 1528 2579 omnium
1545 2555 1657 2576 causam
1674 2547 1770 2575 referri

988 2593 1114 2632 debeant.
1136 2601 1237 2629 Verum
1258 2600 1291 2627 de
1315 2599 1419 2635 angelis
1433 2597 1500 2625 illud
1518 2595 1629 2623 minime
1649 2593 1702 2621 dici
1723 2602 1772 2629 po-

986 2653 1037 2677 teSI
1050 2658 1057 2681 ;
1072 2648 1191 2684 primum
1223 2645 1333 2681 quidem
1349 2643 1422 2679 quod
1442 2650 1494 2669 vox
1517 2641 1563 2668 illa
1587 2650 1596 2667 ι
1614 2639 1744 2667 Dominus
1759 2649 1769 2664 ι

988 2694 1116 2722 ineﬂ'abili
1132 2693 1312 2729 appellatione
1325 2690 1498 2725 designetur;
1512 2687 1609 2715 deinde
1622 2685 1695 2722 quod
1711 2686 1772 2712 aliis

988 2742 1040 2770 sibi
1055 2741 1189 2775 subjectis
1202 2738 1285 2767 verba
1302 2735 1392 2764 facere
1409 2736 1542 2763 videatur.
1559 2733 1667 2760 Rursus
1682 2736 1772 2758 autem

988 2787 1021 2814 de
1031 2786 1111 2813 Patre
1128 2789 1155 2813 et
1165 2784 1286 2812 omnium
1305 2783 1359 2810 Deo
1371 2780 1521 2816 impropria
1535 2782 1607 2806 esset
1620 2777 1772 2809 Sententia;

989 2834 1062 2861 hunc
1083 2833 1155 2861 enim
1177 2839 1231 2860 non
1256 2830 1364 2858 deceret
1384 2827 1495 2856 dicere:
1512 2835 1521 2852 ι
1539 2824 1642 2857 Venite,
1659 2823 1771 2852 descen-

186 2935 196 2950 ³
215 2933 292 2961 Joan.
314 2942 339 2966 ι,
362 2933 386 2962 1.
426 2933 436 2948 ⁸
456 2931 496 2959 lsa
526 2929 636 2966 “11,2.
675 2929 685 2944 ⁵
705 2928 772 2955 Gen.
791 2935 835 2960 xu,
853 2926 878 2953 5.
918 2926 928 2941 ⁸
947 2924 1013 2953 ibid.
1032 2924 1059 2951 6.
