2037 3215
162 168 175 195 1
180 168 233 197 029

159 238 211 263 σας
231 231 354 267 Ἀϐραὰμ
372 230 458 265 εἶπεν,
483 233 527 269 Μὴ
551 234 731 271 συναπολὲσῃς
750 236 852 263 δίκαιον
874 237 942 271 μετὰ

157 277 291 309 ἀσεϐοῦς’
308 279 354 305 καὶ
370 279 444 306 ἔσται
458 279 472 306 6
491 279 592 312 δίκαιος
608 280 645 312 ὼς
666 282 680 307 6
702 282 814 318 ἀσεϐής·
830 282 876 308 ἐὰν
891 280 941 308 ὦσι

156 324 327 359 πεντήκοντα
349 325 445 352 δίκαιοι
470 326 498 352 ὲν
517 328 550 362 τῇ
568 327 654 359 πόλει,
669 328 811 359 ἁπολέσεις
826 328 938 360 αὑτούς;

157 369 216 396 οὐκ
232 369 340 405 ἀνήσεις
350 370 436 397 πάντα
451 370 495 397 τὸν
508 371 588 399 τόπον
604 372 695 400 ἕνεκεν
707 373 761 399 τῶν
774 374 940 408 πεντήκοντα

153 415 279 447 δικαίων,
290 416 338 443 ἐὰν
352 413 417 443 ὦσιν
433 417 460 443 ὲν
474 418 541 454 αὐτῇ
553 426 559 451 ;
574 419 713 454 Μηδαμῶς
725 419 756 445 σὺ
772 420 892 454 ποιήσεις
903 419 939 451 ὡς

153 462 187 488 τὸ
203 462 279 497 ῥῆμα
290 462 368 489 τοῦτο
378 463 424 489 τοῦ
441 464 597 491 ἀποκτεῖναι
609 464 712 491 δίκαιον
725 465 793 500 μετά
808 465 935 496 ἀσεϐοῦς⁸

153 509 205 536 καὶ
221 509 295 536 ἔσται
311 510 325 536 6
341 510 441 542 δίκαιος
457 510 494 542 ὡς
512 511 526 537 6
544 511 659 546 ἀσεϐἡςο
677 511 807 546 μηδαμῶς
818 520 824 526 ·
842 512 856 537 6
878 511 937 546 κρί-

153 562 211 582 νων
221 556 308 581 πᾶσαν
325 555 373 590 τὴν
387 555 438 590 γῆν
453 556 483 582 οὺ
507 556 630 591 ποιήσεις
649 556 755 592 κρίσιν;
776 566 785 582 ι
807 557 860 582 Καὶ
877 556 935 590 μεθ’

151 600 238 636 ἕτερά
254 609 334 636 φησιν
359 601 374 637 ἠ
399 601 511 637 Γραφή·
545 612 554 628 (
575 601 705 637 Ἀπῆλθεν
726 602 753 628 δὲ
775 602 874 637 Κύριος
897 602 935 633 ὡς

151 646 292 686 ἐπαύσατο
306 645 392 672 λαλῶν
405 646 443 682 τῷ
460 646 590 682 Ἀϐραάμ.
609 647 737 686 Εἰσῆλοον
750 647 778 674 δὲ
794 648 840 674 καὶ
854 649 877 674 οἱ
889 647 935 673 δύο

151 685 312 727 ἂγγελοιῌς
327 693 430 728 Σόδομα
445 694 578 729 ἑσπέρας·
597 694 657 721 Λὼτ
674 685 701 722 δὲ
721 695 837 729 ἐκάθητο
859 695 933 730 παρὰ

195 741 352 776 Ἐπιστῆσαι
370 741 444 775 ἄξιον
467 742 580 778 πότερον
601 743 713 778 ἄγγελος
731 744 745 770 6
759 742 846 778 τυχὼν
865 743 934 770 κατὰ

150 787 216 819 τοὺς
227 787 324 819 τόπους
341 788 466 823 δηλοῦται
483 790 497 816 6
510 789 572 821 τοὺς
589 791 794 825 χρηματισμοὺς
808 791 874 826 πρὸς
888 790 932 817 τὸν

155 833 283 870 ’Δϐραὰμ
297 835 489 870 πεποιημένος,
510 835 525 871 ἢ
540 835 620 867 αὐτὸς
638 836 652 861 6
674 835 728 862 τῶν
743 836 809 862 ὂλων
822 836 898 868 Θεὸς.
914 836 929 872 ἢ

148 879 242 914 τρίτος
257 889 298 912 τις
314 880 388 916 παρὰ
407 881 516 912 τούτους
534 883 548 908 6
563 882 609 908 τοῦ
631 881 698 908 Θεοῦ
712 882 805 916 Λόγος,
817 882 846 908 ὃν
862 882 930 918 μετὰ

147 925 197 953 τὸν
212 926 339 952 ἀνωτάτω
356 926 464 962 Πατέρα
477 927 524 953 καὶ
535 926 600 953 Θεὸν
619 926 672 954 τῶν
687 928 754 954 ὅλων
768 928 868 963 Κύριον
882 929 929 954 καὶ

146 970 216 998 Θεὸν
232 971 377 1004 ἀποκαλεῖν
389 972 448 1004 ἔθος
460 975 492 1008 τῇ
508 973 567 1008 ἱερᾷ
579 973 688 1010 Γραφῇ·
704 973 742 999 ἔτι
758 982 787 1000 τε
803 973 926 1009 ζητῆσαι,

146 1016 192 1048 τίς
208 1014 241 1052 ἦν
260 1018 274 1044 6
289 1017 342 1044 τῶν
357 1018 439 1052 τριῶν
457 1018 511 1044 τῶν
534 1019 668 1053 ὀφθέντων
683 1018 722 1053 τῷ
743 1019 866 1054 Ἀϐραὰμ
883 1020 929 1047 ἀν-

147 1062 231 1098 δρῶν,
250 1063 317 1099 πρὸς
330 1063 358 1090 ὃν
372 1064 452 1096 αὑτός
467 1073 495 1091 τε
508 1063 592 1096 εἶπεν,
611 1074 619 1089 ε
636 1065 731 1101 Κύριε,
743 1067 767 1092 ει
780 1063 857 1099 εὖρον
879 1067 929 1102 χά-

148 1116 192 1143 ριν
210 1108 328 1135 ὲναντίον
344 1118 389 1135 σου
402 1117 408 1124 ·
430 1119 439 1135 ›
458 1110 503 1136 καὶ
517 1110 607 1144 πάλιν,
631 1119 640 1136 ι
660 1111 798 1147 Μηδαμῶς
810 1121 817 1127 ·
835 1114 849 1139 6
869 1112 928 1148 κρί-

144 1162 200 1181 νων
223 1156 310 1181 πᾶσαν
329 1155 378 1191 τὴν
398 1156 450 1190 γῆν
467 1157 496 1182 οὑ
515 1157 636 1192 ποιήσεις
659 1158 763 1193 κρίσιν’
782 1168 792 1184 ›
811 1159 873 1195 περὶ
896 1155 926 1185 οὗ

143 1200 221 1235 καὶὴ
236 1199 294 1226 θεία
310 1201 454 1237 Γραφὴὶοὺ
471 1201 550 1236 μόνον
566 1202 681 1238 πρῶτον,
695 1203 760 1230 ἀλλὰ
773 1204 819 1231 καὶ
838 1205 927 1231 δεύτε-

146 1253 194 1280 ρον
214 1245 261 1272 καὶ
284 1245 372 1279 τρίτον
398 1246 538 1281 ἱστορικῶς
560 1256 650 1282 φησιν,
668 1257 677 1273 ‹
697 1248 782 1284 Ὤφθη
805 1249 832 1275 δὲ
854 1250 926 1285 αὐτῷ

143 1289 259 1326 Κύριος,
275 1300 285 1317 ›
309 1292 354 1318 ἐπὶ
369 1293 401 1327 τῇ
417 1291 447 1326 (f.
468 1293 496 1327 5)
513 1302 523 1318 ς
540 1293 641 1329 Κύριος
657 1303 666 1320 ι
689 1295 858 1330 προσηγορίᾳ
878 1295 924 1322 τοῦ

142 1336 335 1373 ἀνεκφωνήτου
352 1338 380 1365 ἐν
396 1338 434 1374 τῷ
454 1339 589 1374 Ἐϐραῖκῷ
603 1341 767 1375 τεταγμένου
784 1341 923 1376 ὀνόματος,

141 1382 213 1418 ὅπερ
226 1383 395 1411 οὐδεπώποτε
416 1385 462 1411 ἐπὶ
478 1385 623 1421 ἀγγελικῆς
638 1385 776 1421 δυνάμεως
796 1387 926 1422 παρείλη-

142 1437 221 1455 πται.
239 1429 305 1456 Ὅτε
319 1429 384 1464 γοῦν
398 1431 413 1456 6
431 1430 492 1458 Λὼτ
504 1433 559 1463 τοῖς
580 1432 619 1463 εὶς
632 1432 733 1467 Σόδομα
747 1432 868 1460 ἐλθοῦσιν
880 1434 924 1468 ἀγ-

141 1475 233 1510 γέλοις
248 1476 453 1512 ἀναγέγραπται
464 1477 559 1510 λέγων,
577 1486 585 1502 ε
601 1477 710 1512 Δέομαί,
723 1478 816 1514 Κύριε,
830 1478 922 1514 ἐπειδὴ

141 1519 223 1556 εἶορεν
238 1522 252 1548 ὸ
267 1524 330 1554 παῖς
352 1531 397 1549 σου
409 1522 482 1554 ἕλεος
497 1522 611 1550 ἐνώπιόν
628 1533 684 1556 σου,
702 1534 710 1549 ι
728 1526 813 1551 κεῖται
829 1524 877 1560 μὲν
894 1526 922 1551 ὲν

138 1566 181 1602 τῷ
195 1566 330 1602 Ἐϐραῐκῷ
346 1567 386 1599 τὸ,
400 1577 409 1592 ι
423 1567 518 1604 Κύριε,
531 1579 539 1593 ›
552 1567 608 1594 ἀλλ’
623 1569 652 1595 οὐ
663 1569 705 1595 διὰ
717 1569 769 1595 τῶν
784 1570 922 1605 τεσσάρων

142 1613 280 1648 στοιχείων
299 1612 353 1639 τῶν
369 1614 433 1649 παρ’
453 1614 587 1649 Ἑϐραίοις
601 1614 647 1640 ἐπὶ
667 1614 713 1641 τοῦ
729 1615 847 1650 ἀρρήτου
861 1615 920 1642 ὀνό-

141 1667 227 1694 ματος
242 1658 289 1685 τοῦ
312 1659 379 1685 Θεοῦ
401 1659 696 1695 παραλαμϐανομένων,
716 1660 750 1686 δι’
770 1660 870 1696 ἑτέρων
892 1661 920 1687 δὲ

139 1701 279 1731 συλλαϐῶν
293 1705 326 1732 δι’
341 1702 378 1732 ὧν
393 1706 438 1732 καὶ
451 1706 464 1731 6
477 1705 541 1740 παρ’
558 1705 707 1743 ἀνθρώποις
723 1706 920 1741 ὀνομαζόμενος

137 1750 233 1786 κύριος
260 1750 314 1777 τῶν
330 1751 397 1786 πρός
408 1760 434 1777 τι
456 1751 604 1786 τυγχάνων,
619 1749 672 1777 οἷον
693 1752 796 1778 οἰκέτου
815 1751 917 1787 κύριος,

137 1797 205 1832 παρ’
226 1797 360 1832 Ἑϐραίοις
376 1797 573 1832 ἐγγέγραπται·
592 1797 648 1823 ἀλλ’
671 1797 745 1824 οὐδέν
770 1806 800 1832 γε
815 1797 918 1829 τούτοις

136 1842 200 1877 ἔχον
214 1843 401 1878 παραπλήσιον
420 1843 451 1870 τὸ
473 1844 518 1870 ἐπὶ
541 1845 590 1879 τῆς
609 1842 655 1869 τοῦ
677 1842 742 1870 Θεοῦ
763 1843 918 1874 αὐθεντείας

136 1888 183 1915 διὰ
197 1888 250 1915 τῶν
271 1890 409 1925 τεσσάρων
431 1890 566 1925 στοιχείων
591 1890 867 1925 παραλαμϐανόμενον
889 1889 917 1915 ἕν

135 1942 167 1959 τε
182 1935 241 1966 ταῖς
252 1935 506 1970 ἀναγεγραμμέναις
521 1934 566 1960 τοῦ
577 1935 643 1961 Θεοῦ
656 1935 722 1970 πρὸς
738 1935 781 1961 τὸν
796 1935 917 1970 Ἀϐραὰμ

136 1980 279 2012 ὀπτασίαις
306 1982 488 2017 ἐμφερόμενον
517 1981 608 2015 σαφῶς
633 1982 794 2016 παρίστησιν
811 2002 818 2013 ,
850 1981 916 2016 μηδὲ

135 2026 261 2061 ἄγγελον,
298 2027 365 2062 μηδὲ
386 2028 467 2063 ὀλίγῳ
489 2027 581 2054 τοῦτον
604 2027 837 2063 ἐπαναϐεϐηκυῖάν
857 2036 916 2054 τινα

135 2072 211 2099 θείαν
233 2072 346 2108 δύναμιν
360 2073 433 2108 αὐτῷ
448 2073 689 2109 κεχρηματικέναι,
705 2073 761 2099 ἀλλ’
775 2073 855 2099 αὑτὸν
870 2073 915 2099 τὸν

134 2118 213 2151 Θεὸν,
228 2116 259 2146 οὗ
272 2119 321 2154 τὴν
345 2119 462 2154 ἄρρητον
479 2119 640 2154 ὲκφώνησιν,
663 2119 745 2153 αὐτὴν
769 2118 800 2154 δὴ
814 2118 914 2153 ταύτην

133 2165 206 2192 κατὰ
216 2165 278 2196 τοὺς
291 2165 389 2197 τόπους
404 2165 447 2191 διὰ
460 2165 512 2191 τῶν
529 2166 665 2201 τεσσάρων
684 2164 820 2199 στοιχείων
832 2166 914 2200 ἐμφε-

135 2210 263 2246 ρομένην,
277 2211 356 2245 μόνος
373 2211 386 2237 6
399 2211 545 2246 ἀρχιερεὺς
563 2211 608 2237 ἐπὶ
625 2210 671 2237 τοῦ
697 2209 820 2245 μετώπου
839 2218 914 2244 περι-

672 170 823 205 ,ΕΟΙΑΟΕΙΕ
840 172 1080 201 ΡΒΟΡΠΕἸῚΩᾹ.
1101 188 1134 192 --
1154 173 1216 201 LIB.
1234 174 1255 201 Ι.

1708 176 1777 202 K50

957 241 977 268 Α
993 236 1053 271 pio?
1065 235 1238 268 Sitvejustus
1251 241 1280 262 ut
1288 236 1406 271 impius?
1420 234 1447 262 Si
1463 235 1563 263 fuerint
1578 235 1774 271 quinquaginta

991 281 1058 316 justi
1071 281 1097 308 in
1106 282 1224 314 civitate,
1240 282 1366 316 peribunt
1374 282 1474 309 simul?
1500 281 1594 309 Nonne
1607 289 1702 316 parces
1713 282 1773 309 loco

993 328 1031 354 illi
1051 333 1160 363 propter
1179 329 1374 364 quinquaginta
1394 329 1494 363 justos,
1518 330 1540 356 si
1564 329 1665 356 fuerint
1680 330 1707 356 in
1723 330 1773 357 eo?

993 373 1073 401 Absit
1084 382 1099 400 a
1122 377 1148 400 te
1163 379 1192 400 ut
1207 382 1262 401 rem
1278 375 1348 402 hanc
1364 375 1459 406 facias,
1485 379 1512 402 et
1532 375 1643 402 occidas
1664 375 1770 409 justum

991 426 1053 445 cum
1069 420 1163 454 impio,
1180 419 1278 455 fiatque
1291 421 1382 455 justus
1394 421 1465 447 sicut
1476 421 1587 455 impius;
1597 429 1651 448 non
1665 422 1770 448 esthoc

991 469 1077 496 tutmi,
1094 466 1258 500 quijudicas
1272 474 1379 494 omnem
1401 471 1500 494 terram
1519 475 1526 500 ;
1542 475 1713 502 nequaquam
1729 468 1770 495 fa-

989 512 1045 538 cics
1056 512 1188 545 judicium
1219 513 1270 539 hoc
1289 513 1323 539 ¹⁷.
1338 522 1348 538 ι
1366 512 1399 539 Et
1421 517 1482 547 post
1499 521 1584 547 pauca
1608 514 1674 541 dicit
1695 513 1769 542 Scri-

988 560 1065 590 ptura
1075 566 1096 583 :1
1103 557 1174 585 Abiit
1182 561 1270 584 autem
1280 557 1566 593 Dominus,postquam
1574 560 1766 595 eessavitloqui

988 602 1020 628 ad
1028 602 1164 629 Abraham
1175 603 1209 634 ”;
1225 607 1410 638 veneruntque
1424 604 1477 631 duo
1489 605 1576 639 angeli
1586 606 1612 632 in
1622 605 1766 632 Sodomam

987 655 1109 682 vespere,
1126 652 1153 675 et
1168 649 1278 676 sedente
1294 649 1344 677 Lot
1358 650 1386 677 in
1402 649 1505 678 foribus
1515 651 1633 681 civitatis
1647 652 1678 678 ".
1697 661 1707 677 ι

950 695 999 730 τὴν
1016 695 1102 731 πύλην
1115 697 1247 732 Σοδόμων.
1263 707 1272 723 ι

1023 742 1100 771 Scire
1115 748 1155 771 est
1167 752 1256 779 operae
1278 745 1407 780 pretium,
1433 750 1524 772 utrum
1544 746 1579 773 sit
1595 746 1706 781 angelus
1718 746 1763 782 qui

985 788 1027 815 his
1053 790 1080 815 in
1110 788 1257 824 Scriptura:
1280 791 1349 817 locis
1370 791 1527 818 Abrahamo
1547 793 1706 826 apparuisse
1722 800 1764 820 05-

981 834 1112 865 tenditur,
1128 842 1162 862 an
1177 835 1234 870 ipse
1248 837 1369 862 omnium
1385 836 1466 868 Deus,
1484 837 1525 864 vel
1540 837 1636 864 tertius
1653 837 1762 872 aliquis,

980 878 1027 906 Dei
1041 879 1145 906 scilicet
1155 879 1280 911 Verbum,
1294 888 1373 915 quem
1387 884 1448 915 post
1463 881 1626 908 altissimum
1637 881 1757 913 Patrem,

980 927 1006 951 et
1020 924 1102 951 Deum
1114 925 1234 952 omnium
1243 925 1397 958 Dominum,
1409 930 1436 953 et
1446 926 1529 953 Deum
1540 934 1637 953 vocare
1646 927 1671 953 in
1684 934 1760 954 sacra

981 968 1122 1004 Scriptura
1162 970 1264 1004 solent;
1290 979 1396 998 necnon
1429 972 1566 1006 inquirere
1590 972 1651 1007 quis
1688 976 1761 1000 esset

979 1015 1061 1041 trium
1076 1016 1207 1050 virorum,
1223 1017 1269 1051 qui
1286 1017 1440 1044 Abrahamo
1463 1017 1514 1044 visi
1537 1023 1612 1048 sunt,
1629 1017 1663 1043 ad
1679 1024 1758 1051 quem

978 1060 1023 1088 ille
1038 1061 1137 1088 dixerit
1152 1071 1158 1088 :
1177 1072 1187 1087 ‹
1206 1061 1329 1095 Domine,
1347 1063 1370 1090 si
1394 1063 1484 1090 inveni
1501 1063 1616 1097 gratiam
1629 1063 1656 1090 in
1672 1063 1760 1090 oculis

977 1107 1031 1133 tuis
1045 1107 1087 1140 '°;
1107 1117 1116 1133 ι
1133 1112 1160 1134 et
1171 1115 1267 1136 rursus
1287 1118 1294 1135 :
1309 1117 1318 1134 ι
1337 1107 1395 1146 Non
1415 1113 1457 1135 est
1470 1109 1521 1136 hoc
1537 1114 1613 1135 tuum
1631 1119 1637 1136 :
1654 1109 1700 1143 qui
1712 1109 1757 1143 ju-

977 1152 1052 1179 dicas
1072 1160 1179 1180 omnem
1195 1158 1305 1182 terram.
1320 1161 1491 1189 nequaquam
1519 1155 1603 1182 facies
1623 1155 1755 1189 judicium

976 1196 1028 1223 hoc
1043 1198 1075 1224 ¹¹.
1095 1207 1104 1223 ›
1127 1196 1164 1224 De
1179 1205 1233 1232 quo
1249 1203 1275 1225 et
1299 1198 1390 1225 divina
1419 1198 1557 1233 Scriptura
1580 1207 1634 1226 non
1650 1203 1755 1226 tantum

977 1243 1070 1276 semel,
1086 1243 1132 1270 sed
1149 1251 1245 1271 rursus
1261 1248 1289 1271 et
1314 1245 1394 1272 tertio
1421 1253 1518 1279 reapse
1540 1245 1629 1271 dixit:
1647 1254 1656 1269 ι
1674 1244 1755 1271 Visus

976 1295 1065 1317 autem
1086 1291 1111 1318 ei
1133 1291 1265 1319 Dominus
1276 1293 1308 1324 ²²,
1331 1302 1340 1318 ι
1357 1293 1401 1320 ubi
1419 1301 1428 1317 ι
1448 1293 1578 1321 Dominus
1598 1303 1608 1318 ι
1628 1285 1755 1320 ineffabili

975 1337 1155 1371 appellatione
1182 1338 1210 1364 in
1235 1337 1372 1365 Hebraico
1398 1341 1474 1365 textu
1497 1338 1667 1373 designatur,
1696 1346 1756 1373 quae

975 1383 1078 1409 scilicet
1099 1391 1233 1418 nusquam
1250 1383 1283 1410 de
1303 1384 1423 1418 angelica
1447 1389 1579 1418 potestate
1595 1389 1753 1420 usurpatur.

973 1427 1041 1455 Cum
1058 1429 1139 1464 igitur
1160 1429 1209 1457 Lot
1232 1430 1403 1458 venientibus
1430 1431 1457 1458 in
1484 1430 1629 1457 Sodomam
1648 1431 1752 1465 angelis

973 1473 1074 1502 dixisse
1089 1474 1190 1503 fertur:
1207 1485 1216 1502 ε
1235 1475 1342 1509 Quaeso,
1366 1476 1477 1504 Domine
1497 1477 1544 1508 mi,
1561 1478 1625 1511 quia
1643 1477 1749 1504 invenit

974 1526 1069 1547 servus
1082 1525 1146 1548 tuus
1159 1521 1272 1555 gratiam
1289 1530 1380 1549 coram
1404 1526 1431 1549 te
1455 1523 1489 1554 ’³,
1522 1533 1531 1548 ›
1562 1523 1699 1550 invenitur
1724 1523 1752 1549 in

974 1564 1106 1593 Hebraico
1121 1570 1205 1598 textu,
1221 1577 1230 1592 ‹
1249 1567 1371 1599 Domine,
1389 1577 1398 1593 υ
1416 1568 1462 1595 sed
1480 1576 1534 1595 non
1551 1574 1666 1603 quatuor
1684 1569 1753 1596 litte-

973 1611 1011 1638 ris
1028 1611 1186 1647 desiguatus
1213 1621 1273 1647 qua:
1298 1613 1369 1648 apud
1391 1613 1520 1641 Hebraeos
1545 1614 1679 1641 ineffabile
1703 1615 1750 1641 Dei

971 1665 1069 1684 nomen
1085 1659 1250 1692 exprimunt,
1281 1659 1328 1687 sed
1356 1660 1408 1686 alia
1437 1660 1668 1692 denominatione,
1691 1669 1751 1696 qua:

970 1703 1050 1737 vuigo
1061 1704 1131 1739 apud
1148 1704 1274 1732 ilebrmos
1291 1705 1324 1732 de
1336 1705 1452 1739 alicujus
1470 1706 1541 1733 inter
1559 1706 1681 1733 homines
1699 1705 1749 1733 do-

969 1750 1056 1782 mino,
1070 1750 1152 1777 veluti
1166 1750 1200 1777 de
1215 1751 1286 1778 servi
1298 1751 1417 1782 domino,
1432 1756 1587 1785 usurpalur.
1600 1751 1672 1778 Nihil
1687 1759 1751 1778 vero

970 1795 1022 1823 tale
1038 1796 1159 1823 invenias
1172 1796 1199 1823 in
1214 1795 1435 1823 denominationc
1449 1804 1509 1831 qum
1522 1796 1554 1822 ad
1570 1796 1617 1823 Dei
1629 1797 1747 1823 auctori-

968 1847 1049 1869 tatem
1066 1846 1180 1877 spectat,
1199 1843 1227 1869 in
1241 1846 1465 1876 tetragranuuato
1491 1841 1604 1872 scilicet.
1627 1842 1699 1876 quod
1720 1842 1747 1868 in

968 1887 1060 1915 relatis
1083 1887 1129 1915 Dei
1145 1888 1178 1915 ad
1193 1887 1376 1914 Abrahamum
1394 1887 1615 1924 ‘apparitionilms
1633 1895 1748 1922 usurpa-

967 1937 1022 1961 tur.
1036 1933 1092 1960 linc
1111 1934 1202 1968 itaque
1215 1941 1264 1960 nec
1280 1934 1403 1968 angelus,
1428 1941 1477 1960 nec
1493 1933 1589 1968 angelo
1605 1934 1688 1968 paulo
1701 1941 1748 1960 su—

967 1981 1057 2015 perior
1069 1980 1160 2015 aliqua
1174 1980 1266 2007 divina
1280 1984 1401 2015 potestas
1419 1979 1590 2014 designatur,
1606 1980 1652 2006 sed
1676 1978 1748 2007 Deus

966 2025 1034 2060 ipse,
1049 2027 1127 2059 cujus
1142 2024 1275 2052 ineffabile
1292 2033 1402 2056 nomen,
1431 2029 1524 2059 utpote
1537 2025 1665 2052 distincte
1680 2033 1747 2059 qua—

965 2075 1027 2098 tuor
1051 2071 1150 2098 litteris
1169 2071 1423 2102 exaratum,.solus
1456 2078 1578 2098 sununus
1613 2071 1745 2105 pontifex,

965 2117 1053 2144 fronte
1082 2117 1205 2152 gestabat
1225 2117 1253 2143 in
1270 2117 1370 2143 lamina
1393 2124 1474 2144 aurea
1502 2125 1562 2151 quae
1591 2117 1745 2151 appellaba—

964 2168 1008 2189 tur
1028 2171 1034 2190 :
1054 2172 1064 2188 ‹
1093 2163 1222 2190 Caelatum
1247 2163 1376 2197 sigillum,
1397 2167 1521 2190 sanctum
1547 2162 1661 2189 Domino
1680 2163 1712 2190 “.
1733 2172 1743 2189 ›

963 2209 1136 2236 Manifestum
1153 2213 1194 2236 est
1211 2212 1300 2235 autem
1315 2208 1435 2235 divinam
1447 2207 1616 2242 Scripturam
1631 2216 1684 2235 non
1702 2209 1744 2235 in-

133 2257 223 2283 έκειτο
247 2257 335 2292 φέρων
357 2256 403 2283 ὲπὶ
417 2256 462 2282 τοῦ
477 2256 576 2292 χρυσοῦ
594 2256 708 2282 πετάλου
731 2256 914 2290 τὸλεγόμενον

972 2255 1174 2282 iiscriminatim
1195 2255 1266 2282 hanc
1286 2254 1388 2289 angelis
1409 2254 1568 2282 attribuisse
1583 2255 1744 2281 denomina-

136 2311 145 2326 I
157 2301 322 2336 Ἐκτύττωμα
339 2302 492 2337 σφραγίδος,
507 2301 697 2337 ἁγιάσμαιτος]
712 2302 822 2336 Κυρίου.
839 2311 847 2326 ι
861 2301 916 2328 Καὶ

132 2348 222 2381 ὄτι’γε
235 2347 284 2374 οὐκ
304 2347 446 2383 ἀδιάφορόν
466 2349 523 2374 ἑστι
539 2350 570 2383 τῇ
584 2348 643 2383 θεία
661 2347 754 2383 Γραφῇ
774 2348 816 2374 ἐπ’
835 2348 915 2381 ἀγγέ-

131 2392 187 2419 λων
209 2392 324 2428 χρῆσθαι
347 2394 378 2428 τῇ
400 2393 510 2429 τοιαύτῃ
534 2393 712 2428 προσηγορίᾳ,
727 2393 858 2428 πρόδηλον
882 2394 914 2419 ἐκ

131 2438 180 2465 τοῦ
196 2439 296 2474 σφόδρα
318 2439 583 2474 παρατετηρημένως
607 2438 670 2464 ποτὲ
693 2439 741 2473 μὲν
764 2438 843 2464 αὑτὸν
869 2438 913 2464 τὸν

131 2483 226 2520 Θεὺνῆ
240 2484 285 2511 τδν
296 2484 339 2510 διὰ
352 2483 398 2510 τοῦ
412 2484 622 2519 τετραγράμμου
636 2483 796 2518 δηλούμενον
812 2484 912 2519 Κύριον

131 2527 222 2565 ὦφθαι
234 2539 263 2558 τε
275 2532 321 2558 καὶ
331 2530 493 2567 κεχρηκέναι
508 2532 563 2561 τοῖς
575 2529 688 2561 δικαίοις
708 2530 832 2564 ἱστορεῖν,
848 2529 912 2555 ποτὲ

129 2575 160 2602 δὲ
185 2574 315 2609 ἀγγέλους
338 2575 504 2610 ἀναγράφειν
524 2574 586 2605 τοὺς
610 2574 790 2610 ἑωραμένους.
817 2574 911 2608 Σαφῶς

129 2618 178 2648 οὖν
192 2621 207 2647 6
220 2622 254 2656 τῇ
267 2621 356 2657 ’Ἅγαρ
368 2620 496 2657 ἁλωμένῃ
511 2620 653 2655 ἐπιφανεὶς
669 2619 783 2654 ἄγγελος
798 2617 847 2654 ἦν·
866 2620 911 2646 καὶ

128 2666 185 2702 γὰρ
201 2666 284 2703 ἐχρῆν
297 2667 388 2703 ἐκείνῃ
404 2667 463 2702 μὲν,
480 2667 527 2693 ἆτε
544 2666 667 2692 πλεῖστον
681 2666 741 2692 ὅσον
765 2665 908 2691 ἀπολειπο-

129 2712 200 2749 μένῃ
215 2712 261 2739 τοῦ
287 2712 419 2748 ¹Δϐραὰμ,
445 2712 490 2739 καὶ
513 2712 587 2738 οὐδέν
606 2720 631 2738 τι
656 2711 736 2738 πλέον
762 2710 907 2745 ἀγγελικῆς

127 2758 261 2790 ὀπτασίας
277 2759 387 2794 θεωρεῖν
407 2758 551 2794 δυναμένη,
569 2757 733 2793 κατάλληλον
752 2756 799 2792 τὴν
824 2757 908 2783 όπτα-

132 2841 151 2847 -
165 2816 262 2846 "Gen.
277 2817 459 2850 xvrtt,22-25.
507 2819 529 2834 "
540 2818 606 2847 ibid.
615 2818 658 2846 53.
705 2819 726 2834 ¹⁹
736 2817 868 2850 Gen.xrx,
879 2817 904 2844 1.

127 2852 229 2885 18,¹19.
274 2852 543 2884 "Exod.xxvut,36.

964 2301 1074 2332 tionem,
1088 2301 1239 2335 praesertim
1255 2307 1316 2326 cum
1335 2300 1539 2326 accuratissime
1556 2307 1629 2326 nunc
1654 2301 1742 2334 ipsum

963 2346 1060 2378 Deum.
1079 2347 1118 2372 vel
1142 2349 1364 2380 tetragrammato
1380 2345 1583 2372 dcnominatum
1600 2345 1742 2372 Dominum

964 2391 1123 2427 apparuisse
1134 2397 1160 2418 et
1172 2399 1234 2418 cum
1245 2392 1327 2426 justis
1339 2394 1531 2418 conversatum
1546 2390 1630 2417 fuisse
1646 2391 1737 2416 memi-

962 2438 1044 2469 nerit,
1061 2445 1134 2464 nunc
1147 2445 1212 2464 vero
1233 2439 1345 2472 angelos
1372 2437 1445 2464 visos
1473 2436 1567 2463 fuisse.
1599 2435 1742 2463 Manifesta

962 2483 1045 2518 igitur
1060 2483 1172 2517 angelus
1188 2486 1257 2514 erat,
1278 2483 1324 2517 qui
1341 2483 1413 2517 Agar
1427 2481 1531 2508 erranti
1556 2481 1641 2508 visus.
1660 2480 1740 2508 Dece-

961 2529 1008 2555 bat
1022 2529 1094 2555 enim
1110 2528 1174 2555 huic
1186 2528 1306 2563 quidem,
1321 2531 1403 2562 prout
1419 2527 1453 2554 ab
1463 2527 1618 2553 Abrahamo
1632 2526 1740 2561 penitus

960 2573 1105 2604 derelictae,
1123 2579 1174 2598 nec
1187 2572 1325 2607 quidpiam
1345 2572 1467 2606 angelica
1481 2571 1586 2598 visione
1595 2571 1683 2605 majus
1699 2572 1740 2598 in-

960 2620 1029 2647 tueri
1043 2618 1154 2650 valenti,
1174 2619 1281 2646 obviam
1298 2618 1354 2646 fieri
1371 2625 1420 2653 per
1440 2622 1597 2652 prmsentem
1615 2617 1739 2652 angelum

959 2665 1102 2697 visionem,
1119 2664 1183 2692 dum
1203 2664 1358 2691 Abrahamo
1373 2663 1485 2694 clarior,
1503 2662 1551 2689 Dei
1573 2662 1677 2690 scilicet
1700 2663 1739 2697 ip-

960 2711 1028 2742 sius,
1053 2710 1238 2738 manifestatio
1265 2710 1351 2737 ﬁeret.
1377 2708 1482 2743 Quippe
1508 2713 1605 2735 caetera
1628 2708 1687 2742 ipsa
1704 2707 1737 2733 ad

960 2763 1023 2783 eum
1034 2755 1081 2783 Dei
1096 2757 1177 2785 verba
1191 2763 1287 2792 parum
1302 2763 1422 2791 congrua
1432 2759 1535 2786 essent,
1551 2755 1574 2781 si
1589 2754 1651 2788 quis
1662 2761 1693 2781 ea
1705 2755 1738 2780 ad

944 2816 1162 2851 ’°Gen.xvnt,5.
1203 2815 1352 2844 “ibid.95.
1391 2813 1523 2843 "ibid.l.
1563 2813 1585 2829 “
1599 2812 1666 2840 Gen.
1682 2819 1737 2839 xxx.
