2037 3215
296 188 362 217 1031

647 186 780 214 EUSEBH
798 185 1033 214 CESARIENSIS
1051 185 1077 214 ΟΞ

1147 185 1236 213 PARS
1254 186 1299 214 Ill.
1318 201 1352 208 —
1372 185 1576 214 EXEGETICA.

1839 187 1909 216 £032

295 249 408 283 angelos
422 247 524 276 referre
547 249 707 279 conaretur;
733 246 814 273 unius
839 246 913 273 enim
940 245 988 273 Dei
1017 250 1076 273 erat

1129 246 1188 272 σίαν
1203 245 1327 280 γενέσθαι
1341 245 1384 272 διὰ
1395 246 1445 281 τῆς
1461 245 1507 272 τοῦ
1523 245 1636 279 ἀγγέλου
1649 244 1810 281 παρουσίας,
1825 244 1864 280 τῷ
1881 245 1909 272 δὶ

296 295 356 322 haec
379 293 479 326 dicere,
495 291 600 320 scilicet
619 299 626 318 :
650 299 659 316 ι
682 289 790 318 Faciam
807 294 833 318 te
855 291 882 318 in
899 296 1006 326 gentem
1020 298 1076 317 ma-

296 347 388 376 gnam,
413 343 440 365 et
460 336 620 365 benedicam
640 336 690 363 tibi
700 337 733 369 ",
754 346 763 363 ι
787 339 814 364 et
829 337 987 371 sequentia;
1007 337 1078 364 haec-

296 394 350 421 que
363 383 514 420 priesertim
526 393 532 408 :
549 392 558 408 ι
577 383 633 417 Ego
648 381 780 410 Dominus
790 382 836 418 qui
848 381 929 410 eduxi
942 385 968 409 te
977 390 992 410 e
1004 385 1077 409 terra

295 429 484 457 Chaldaeorum
506 428 544 461 “;
571 437 581 453 ›
596 431 623 454 et
638 427 684 454 illa
709 437 716 455 :
737 436 748 453 ι
767 426 824 462 Ego
839 435 899 455 sum
917 427 988 455 Deus
1003 432 1076 459 tuus,

301 475 411 503 ambula
430 481 522 502 coram
544 481 587 501 me
613 474 652 507 ¹⁷;
685 483 694 499 ι
720 476 748 500 et
762 474 877 508 reliqua.
895 473 991 501 Nullus
1005 473 1077 500 enim

296 526 351 549 tam
367 521 444 548 rudis
457 519 557 555 ingenii
577 523 661 551 esset,
677 519 724 554 qui
746 519 803 546 haec
824 519 858 546 ab
884 519 981 554 angelo
1006 519 1078 546 dicta

294 568 443 595 existimet.
469 567 537 594 Cum
562 566 646 601 igitur
668 565 824 592 Abrahamo
855 565 907 592 sub
922 564 1018 592 arbore
1035 572 1079 592 se-

295 613 369 642 denti
384 618 440 642 tres
451 613 502 640 viri
513 616 711 648 apparuerunt,
723 613 769 640 uni
782 611 971 639 tantummodo
983 619 1077 639 eorum

295 661 381 688 dixit:
395 670 404 686 ι
420 660 544 692 Domine,
560 659 583 687 si
599 659 691 686 inveni
705 658 820 694 gratiam
831 658 858 685 in
867 658 954 685 oculis
966 658 1019 685 tuis
1027 658 1075 683 ⁸⁸.»

296 707 330 734 Et
344 711 505 734 caaterorum
531 705 624 734 nullus
649 713 710 732 cum
739 704 894 732 Abrahamo
926 699 1078 731 collocutus

295 753 443 786 inducitur,
456 752 588 787 siquidem
605 759 658 780 non
671 751 794 784 decebat,
818 751 934 777 famulos
944 750 1079 785 appellare

293 797 488 832 dominos,sed
503 798 549 826 ille
565 798 641 826 solus
654 797 786 825 Dominus
802 801 925 828 vocatur,
938 796 1077 832 quietiam

293 845 359 872 dicit
385 853 392 871 :
422 853 432 870 ‹
460 843 530 871 Num
559 844 760 878 celare'potero
785 842 969 870 Abrahamum
994 841 1077 869 ﬁlium

292 899 384 919 meum
395 891 418 907 "
442 900 452 917 ι
479 896 506 919 et
525 894 631 918 caetera.
650 889 752 917 Deinde
765 890 814 918 viri
831 889 974 917 Dominum
994 889 1079 916 comi-

1133 291 1257 327 Ἀϐραὰμ
1275 291 1320 318 διὰ
1341 291 1390 327 τῆς
1407 292 1528 327 μείζονος
1550 291 1631 318 αὑτοῦ
1655 291 1701 317 τοῦ
1718 291 1788 317 Θεοῦ
1811 291 1909 325 ἐπιφα-

1127 336 1209 369 νείας.
1236 337 1291 364 Καὶ
1315 337 1340 363 οι
1358 337 1446 364 λοιποὶ
1468 337 1496 363 δὲ
1513 337 1588 364 αὐτοὶ
1602 336 1654 363 τῶν
1671 336 1739 372 πρὸς
1761 336 1840 363 αὑτὸν
1857 336 1906 363 τοῦ

1127 383 1194 410 θεοῦ
1214 383 1300 417 λόγων
1325 383 1374 410 οὐκ
1395 383 1428 410 ἂν
1444 383 1492 418 μὲν
1510 383 1664 418 ἁρμόσειεν,
1679 383 1704 408 εί
1719 382 1765 408 ἐπὶ
1777 382 1909 416 ἀγγέλους

1127 437 1168 461 τις
1178 430 1275 461 αὐτοὺς
1289 428 1400 463 ἀνάγειν
1414 428 1541 464 πειρῷτο,
1559 428 1630 464 μόνῳ
1645 428 1673 454 δὲ
1690 427 1748 462 Θεῷ
1763 428 1864 463 πρέποι
1877 427 1910 454 ἂν

1128 475 1225 507 αὐτοὺς
1244 475 1344 509 λέγειν,
1367 472 1422 502 οἷον
1440 475 1481 507 τὸ,
1501 484 1510 501 ‹
1528 475 1582 501 Καὶ
1607 475 1711 510 ποιήσω
1732 482 1760 500 σε
1778 474 1817 505 είς
1835 472 1910 504 ἔθνος

1129 521 1209 557 μέγα,
1221 522 1268 548 καὶ
1281 522 1418 557 εὐλογήσω
1431 530 1470 554 σε,
1483 531 1492 547 ι
1500 521 1546 548 καὶ
1557 520 1591 547 τὰ
1603 520 1706 552 τούτοις
1720 519 1909 555 παραπλήσιαθ

1129 568 1245 604 μάλιστα
1260 568 1288 595 δὲ
1302 568 1342 600 τὸ,
1361 578 1371 594 ι
1397 568 1466 602 Ἐγὼ
1480 567 1580 604 Κύριος
1595 567 1609 593 ὁ
1621 565 1759 600 ἐξαγαγών
1774 574 1802 592 σε
1817 567 1849 592 ὲκ
1862 564 1912 602 χώ-

1128 622 1178 649 ρας
1195 613 1349 640 Χαλδαίων·
1370 623 1379 640 ι
1403 614 1450 640 καὶ
1462 614 1503 645 τὺ,
1521 623 1530 639 ι
1548 612 1617 646 Ἐγώ
1629 614 1685 648 εἰμι
1699 612 1713 638 ὁ
1726 612 1800 643 Θεὸς,
1814 611 1913 646 εὐαρέ-

1128 667 1185 685 στει
1200 659 1319 686 ἐναντίον
1333 659 1411 695 ἐμοῦ,
1430 669 1440 685 ι
1464 659 1558 686 καὶτὰ
1577 658 1640 693 ἑξῆς
1651 666 1658 673 δ
1673 658 1718 684 καὶ
1734 657 1821 689 οὐδεὶς
1840 657 1912 683 οὕτω

1127 704 1223 738 γένοιτ’
1247 704 1279 731 ἄν
1305 706 1363 731 ποτ’
1390 699 1491 740 ἢλίθιος
1510 705 1547 737 ὡς
1568 704 1681 738 ἄγγελον
1697 703 1766 730 αὐτὰ
1788 703 1912 729 ὑπονοεῖν

1129 749 1279 785 εἰρηκέναι.
1296 751 1350 777 Καὶ
1371 751 1416 776 ὅτε
1437 750 1502 784 γοῦν
1525 750 1593 785 πρὸς
1609 751 1642 784 τῇ
1656 749 1715 784 δρυῒ
1736 748 1913 784 καθεζομένῳ

1127 795 1166 831 τῷ
1187 796 1311 833 Ἀϐραὰμ
1334 798 1359 823 οἱ
1382 799 1456 832 τρεῖς
1479 796 1574 832 ἄνδρες
1597 796 1759 831 ἐπέστησαν,
1786 796 1912 831 πρόσεισι

1129 842 1178 877 μὲν
1194 843 1284 874 αὐτοῖς
1296 844 1310 870 ὁ
1328 842 1463 878 Ἀϐραὰμ,
1488 842 1544 869 ἀλλ’
1570 842 1600 868 οὐ
1628 843 1682 873 τοῖς
1706 840 1806 877 τρισὶν,
1824 842 1864 867 ἑνὶ
1884 841 1913 867 ὁὶ

1130 887 1209 923 μόνον
1231 888 1271 919 τὸ,
1292 898 1301 912 ι
1325 888 1422 924 Κύριε,
1437 889 1461 914 εἰ
1483 885 1561 924 εὗρον
1584 887 1662 922 χάριν
1683 887 1803 913 ἐναντίον
1820 895 1879 913 σου.
1900 896 1910 912 ι

292 940 392 969 tantes,
404 939 494 971 'prout
513 936 600 971 angeli
621 936 734 970 (scilicet
757 936 857 971 missi),
870 936 1012 966 abeuntes,
1027 935 1077 962 soli

1130 933 1184 959 Καὶ
1198 933 1252 959 τῶν
1275 933 1323 968 μὲν
1341 933 1427 960 ἄλλων
1450 933 1504 959 οὐδ’
1521 931 1560 964 εἷς
1574 933 1613 968 τῲ
1633 931 1757 967 Ἀϐραὰμ
1771 931 1912 965 εἰσάγεται

292 986 426 1010 venerunt
445 982 472 1009 in
486 982 579 1009 urbem
595 981 750 1014 Sodomam,
761 985 789 1008 et
805 981 934 1009 Dominus
950 989 1004 1008 non
1021 981 1077 1016 jam

293 1035 355 1055 cum
381 1027 414 1055 iis
435 1035 555 1062 praesens
577 1031 644 1054 erat.
663 1026 732 1062 (Quo
757 1027 829 1054 enim
851 1026 932 1054 mode
947 1026 1005 1053 ﬁeri
1032 1033 1079 1060 po-

293 1075 391 1102 tuisset
411 1080 582 1102 mansuetum
617 1073 876 1109 misericordemque
906 1073 989 1101 Deum
1007 1073 1078 1108 apud

293 1121 392 1156 impios
413 1121 606 1155 commorari?)
629 1120 678 1148 Hic
698 1128 762 1148 vero
783 1121 810 1147 in
826 1120 1033 1147 conversatione
1046 1127 1078 1146 ac

292 1169 428 1203 colloquio
443 1167 562 1202 religiosi
575 1167 695 1202 iustique
708 1167 760 1194 viri
775 1174 947 1201 permanens,
964 1166 1084 1201 ejusque.

292 1212 489 1240 consuetudine
498 1211 606 1247 gaudet,
618 1219 648 1238 ac
657 1211 772 1246 benigne
784 1211 807 1246 ej
813 1218 843 1238 us
855 1211 1078 1238 humanissimum

292 1257 515 1292 supplicationem
546 1257 655 1290 accipit,
672 1256 700 1283 in
716 1264 769 1291 qua
790 1263 851 1283 cum
869 1266 878 1281 ‹
895 1255 947 1289 Qui
971 1256 1079 1289 judicas

292 1310 398 1330 omnem
408 1307 518 1334 terram,
530 1310 701 1337 nequaquam
715 1301 797 1329 facies
810 1302 943 1337 judicium
955 1303 1006 1330 hoc
1021 1303 1053 1335 ³⁸,
1067 1312 1076 1328 ι

291 1347 463 1374 Abrahamus
479 1347 592 1378 diceret,
616 1347 820 1374 evidentissime
833 1348 951 1375 ostendit
959 1349 1077 1383 seipsum

293 1391 403 1426 pulchre
417 1399 497 1419 nosse
511 1392 582 1426 quod
600 1399 651 1419 nec
667 1393 772 1427 angelo,
786 1400 835 1420 nec
852 1394 933 1421 alicui
950 1394 1079 1428 subjecta:

291 1437 390 1464 divina:
404 1438 542 1472 potestati,
557 1437 604 1464 sed
620 1438 672 1472 ipsi
688 1438 742 1465 Deo
758 1439 929 1473 loquebatur.
945 1439 1078 1467 Caeterum

291 1484 366 1512 brevi
381 1491 498 1519 sequens
518 1491 610 1511 rerum
630 1485 750 1512 narratio
768 1485 912 1520 perspicue
926 1486 1035 1521 angelos
1051 1487 1078 1514 in

292 1528 438 1556 Sodomam
462 1530 667 1565 proﬁciscentes
687 1531 873 1564 demonstrat,
905 1532 1075 1567 subjiciens:

294 1586 304 1603 ι
323 1575 462 1604 Venerunt
476 1577 531 1604 duo
552 1577 639 1613 angeli
660 1578 687 1605 in
709 1577 856 1605 Sodomam
883 1586 996 1613 vespere
1010 1580 1042 1606 ³¹.
1065 1589 1074 1605 ›

291 1621 394 1650 Deinde
412 1630 500 1657 neque
525 1623 679 1654 Dominum.
703 1621 797 1659 neque
813 1623 897 1651 Deum
921 1624 972 1652 Lot
986 1626 1074 1654 visum
1089 1646 1109 1672 α

291 1671 339 1694 aut
367 1667 486 1696 locutum
510 1667 606 1700 fuisse,
629 1668 676 1696 sed
706 1669 816 1704 angelos
839 1670 944 1698 scribit.
969 1671 1007 1698 Ex
1032 1672 1074 1700 liis

291 1711 375 1746 igitur
402 1712 532 1739 omnibus
558 1716 682 1747 apertum
709 1717 753 1740 est
789 1712 933 1740 Dominum
961 1721 1022 1741 esse
1042 1721 1075 1741 ac

290 1755 386 1788 Deum,
396 1765 450 1784 non
461 1766 525 1785 vero
539 1765 701 1793 quemquam
714 1759 881 1794 angelorum,
892 1767 972 1794 quem
991 1760 1075 1787 Abra-

290 1803 372 1831 hamo
386 1804 475 1830 visum
491 1804 576 1832 fuisse
595 1803 737 1838 Scriptura
753 1807 879 1832 testatur.

1129 978 1243 1013 ὁμιλῶν·
1258 979 1318 1005 ἐπεὶ
1337 978 1405 1014 μηδὲ
1420 978 1479 1014 ᾔρει
1495 978 1572 1013 λόγος
1587 978 1649 1009 τοὺς
1675 977 1782 1008 οἰκέτας
1799 978 1847 1004 ἐπὶ
1865 977 1912 1004 τοῦ

1129 1024 1232 1059 Κυρίου
1253 1024 1428 1058 φθέγγεσθαι,
1448 1024 1526 1059 μόνος
1543 1023 1570 1050 δὲ
1588 1024 1602 1048 ὁ
1619 1021 1719 1057 Κύριος
1735 1022 1912 1057 χρηματίζει,

1128 1071 1157 1102 ὂς
1181 1071 1227 1097 καί
1245 1079 1335 1106 φησιν,
1354 1080 1363 1095 ι
1383 1070 1429 1106 Μὴ
1447 1070 1542 1106 κρύψω
1566 1070 1621 1102 ἐγὼ
1643 1070 1696 1097 ἀπὸ
1717 1070 1843 1105 Ἀϐραὰμ
1867 1069 1913 1096 τοῦ

1131 1117 1226 1148 παιδός
1245 1126 1306 1152 μου,
1328 1127 1336 1142 ι
1354 1117 1400 1143 καὶ
1415 1116 1449 1143 τὰ
1463 1117 1553 1144 λοιπά.
1576 1115 1642 1143 Εἶτα
1655 1118 1680 1143 οἰ
1695 1117 1743 1152 μὲν
1765 1116 1818 1143 ἄνα
1834 1117 1912 1151 (ἃμ-α)

1129 1163 1167 1198 τῷ
1180 1163 1275 1198 Κυρίῳ
1291 1163 1397 1198 ἄνδρες,
1415 1163 1492 1198 δῆλον
1509 1163 1529 1189 δ’
1546 1163 1586 1189 ὃτι
1605 1165 1628 1189 οἱ
1642 1163 1762 1197 ἄγγελοι,
1778 1163 1914 1198 ἀποστρέ-

1131 1208 1240 1243 ψαντες,
1264 1207 1338 1243 μόνοι
1352 1208 1483 1243 κατῆλθον
1502 1209 1541 1239 είς
1554 1208 1669 1243 Σόδομα,
1683 1206 1730 1233 τοῦ
1752 1207 1857 1242 Κυρίου
1878 1207 1914 1242 μὴ

1132 1255 1319 1290 συμπαρόντος
1342 1255 1448 1286 αὐτοῖς·
1473 1254 1542 1290 (πῶς
1559 1255 1612 1290 γὰρ
1626 1255 1672 1280 καὶ
1692 1251 1746 1281 οἷόν
1761 1263 1791 1280 τε
1813 1252 1847 1290 ἦν
1869 1254 1914 1280 τὸν

1128 1299 1231 1335 εὐμενῆ
1249 1301 1294 1326 καὶ
1317 1300 1380 1326 ἵλεω
1396 1299 1460 1326 Θεὸν
1479 1301 1535 1332 τοῖς
1560 1300 1684 1327 ἀσεϐέσιν
1702 1299 1912 1334 ὲνεπιδημεῖν;)

1127 1347 1141 1372 ὁ
1154 1345 1182 1372 δὲ
1195 1346 1331 1381 ἐπιμένων
1345 1347 1379 1381 τῇ
1395 1345 1462 1381 πρὸς
1475 1345 1520 1372 τὸν
1537 1346 1647 1381 θεοφιλῆ
1665 1347 1710 1372 καὶ
1729 1346 1835 1372 δίκαιον
1851 1354 1913 1372 συν-

1127 1391 1206 1428 ουσίᾳ
1221 1400 1250 1418 τε
1270 1392 1316 1419 καὶ
1330 1392 1465 1428 διατριϐῇ,
1480 1392 1569 1428 χαίρει
1590 1392 1640 1427 μὲν
1655 1391 1737 1418 αὐτοῦ
1758 1394 1793 1428 τῇ
1809 1392 1912 1428 ὁμιλίᾳ..

1128 1436 1342 1472 ὑπερασπίζεται
1363 1438 1391 1464 δὲ
1409 1439 1455 1465 καὶ
1476 1438 1524 1473 τὴν
1545 1438 1803 1475 φιλανθρωποτάτην
1821 1438 1913 1473 εὐχὴν.

1128 1482 1160 1516 (f.
1177 1483 1203 1518 6)
1221 1483 1251 1510 ἐν
1271 1481 1288 1520 ᾖ
1309 1484 1356 1511 καὶ
1369 1485 1400 1510 τὸ
1422 1494 1430 1510 ι
1448 1484 1584 1520 Μηδαμῶς
1599 1486 1613 1511 ὁ
1633 1485 1734 1521 κρίνων
1752 1486 1844 1512 πᾶσαν
1866 1486 1913 1520 τὴν

1127 1529 1188 1564 γῆν,
1208 1539 1217 1554 ι
1236 1529 1354 1564 εἰρηκὼς
1369 1531 1383 1556 ὁ
1403 1530 1527 1566 Ἀϐραὰμ
1548 1531 1732 1566 ἐναργέστατα
1750 1531 1914 1566 παρίστησιν

1127 1575 1221 1601 ἑαυτὸν
1234 1574 1263 1602 εὖ
1279 1577 1324 1602 καὶ
1340 1576 1458 1612 ἀκριϐῶς
1474 1577 1581 1609 εἰδέναι,
1597 1578 1637 1603 ὅτι
1660 1578 1696 1612 μὴ
1713 1577 1834 1613 ἀγγέλῳ,
1854 1578 1914 1612 μηδ’

1128 1620 1314 1657 ὑποϐεϐηκυίᾳ
1340 1622 1398 1658 θείᾳ.
1423 1622 1545 1658 δυνάμει,
1574 1623 1629 1649 ἀλλ’
1651 1623 1725 1658 αὑτῷ
1742 1623 1803 1658 Θεῷ
1826 1624 1915 1650 διαλέ-

1127 1676 1211 1703 γοιτο.
1223 1666 1280 1694 Εἶθ’
1292 1666 1355 1704 ἑξῆς
1372 1668 1493 1704 ἀκριϐῶς
1505 1669 1538 1696 τὰ
1550 1669 1699 1705 πράγματα
1714 1669 1828 1705 διαιρῶν
1841 1671 1915 1697 ό·λὸ-

1127 1723 1174 1749 γος
1196 1716 1258 1746 τοὺς
1275 1715 1320 1742 ἐπὶ
1346 1716 1450 1751 Σόδομα
1476 1716 1635 1748 ἀνελθόντας
1661 1717 1755 1750 σαφῶς
1779 1717 1915 1751 ἀγγέλους

1127 1761 1334 1797 προσαγορεύει,
1356 1762 1499 1796 ἐπιλέγων,
1522 1763 1562 1789 ὅτι
1583 1763 1614 1798 δὴ
1634 1773 1643 1788 ι
1661 1760 1741 1797 ἦλθον
1760 1764 1784 1789 οἱ
1802 1763 1852 1790 δύο
1868 1764 1915 1796 ἆτ-

1126 1807 1199 1842 γελοι
1219 1809 1258 1839 εἰς
1274 1808 1376 1843 Σόδομα
1398 1808 1533 1843 ἑσπέρας·
1553 1818 1562 1834 ι
1586 1809 1632 1835 καὶ
1647 1810 1674 1835 ἐν
1695 1809 1751 1841 τοῖς
1774 1809 1840 1844 ἑξῆς
1855 1809 1913 1835 οὗτε

289 1849 390 1884 Κύριον
406 1849 467 1876 οὔτε
491 1849 556 1877 Θεὸν
584 1850 698 1886 ὀφθῆναι
711 1850 750 1886 τῷ
765 1851 836 1880 Λὼτ.
858 1852 874 1887 ἢ
898 1852 951 1878 καὶ
980 1852 1165 1888 λελαληκὲναι,
1197 1854 1265 1881 ἀλλά
1283 1856 1346 1886 τοὺς
1366 1855 1497 1889 ἀγγέλους
1516 1855 1685 1891 ἀναγράφει⁸
1703 1854 1769 1881 ὥστ’
1791 1857 1825 1882 ἐκ
1847 1865 1913 1881 παν-

289 1894 334 1926 τὸς
355 1895 497 1930 πρόδηλον,
522 1896 563 1922 ὅτι
585 1896 687 1933 Κύριος
720 1895 754 1932 ἦν
776 1897 822 1924 καὶ
838 1897 914 1931 Θεὸς,
928 1898 985 1924 ἀλλ’
1007 1898 1037 1925 οὔ
1071 1907 1113 1932 τις

290 1949 379 1976 μαρτυ
383 1940 428 1976 ρού
433 1949 519 1976 μενος.

324 1987 425 2016 Omnes
442 1989 524 2024 igitur
534 1989 639 2017 Veteris
654 1997 716 2017 cum
730 1990 805 2018 Novo
819 1990 994 2020 Testamento
1004 2000 1071 2020 con-

289 2033 411 2060 cordiam
427 2034 565 2062 discutere
578 2035 710 2068 volentes,
738 2036 790 2064 hoc
808 2045 857 2072 pro
870 2038 947 2065 lucro
962 2039 1071 2070 habent,

289 2078 354 2105 dum
381 2079 568 2107 demonstrare
596 2081 754 2109 existimant
777 2083 860 2109 aliuin
886 2091 947 2112 csse
971 2083 1073 2111 Christi

289 2122 408 2156 Patrem,
436 2133 516 2160 quem
549 2126 741 2154 invisibilem"
768 2129 942 2164 evangelista:
972 2130 1071 2165 praedi-

289 2174 363 2202 cant,
381 2171 462 2197 alium
478 2170 561 2199 Mosis
576 2176 603 2199 et
628 2174 825 2208 prophetarum
838 2174 933 2207 Deum,
960 2176 1067 2204 diverse

288 2216 390 2248 visum,
406 2225 478 2244 nunc
492 2217 656 2250 Abrahamo,
672 2227 745 2246 nunc
758 2219 850 2248 Isaaco
866 2221 920 2255 (cui
936 2225 963 2248 et
975 2222 1071 2249 eadem

289 2260 374 2288 ferme
386 2269 446 2296 quze
457 2261 613 2290 Abraliamo
624 2264 758 2299 prmdixit)
767 2284 774 2296 ,
784 2265 907 2292 similiter
921 2271 948 2292 et
957 2265 1070 2298 Iacobo,

288 2315 395 2336 necnon
435 2308 511 2336 lsuiie
543 2309 644 2336 dicenti
672 2320 679 2337 :

289 2349 371 2382 baoth
380 2355 413 2385 ³³.
435 2363 444 2380 ι
462 2354 622 2390 exterisque
643 2356 800 2391 prophetis;
824 2365 874 2384 nos
903 2365 977 2389 vero,
1001 2359 1074 2392 (cum

288 2404 315 2428 et
330 2400 357 2427 in
374 2401 441 2436 ipsis
454 2401 592 2429 veteribus
606 2401 651 2429 Dei
660 2403 799 2437 prophetis
811 2402 949 2430 inducitur
966 2403 1075 2438 aliquod

288 2446 410 2474 divinum
425 2447 566 2474 oraculum
595 2455 611 2474 e
640 2455 756 2482 persona
782 2447 829 2476 Dei
849 2448 944 2476 dicens
968 2457 975 2475 :
1001 2448 1076 2484 «Ego

288 2493 361 2519 enim
387 2491 520 2520 Dominus
548 2496 575 2520 et
600 2499 654 2519 non
678 2493 817 2527 mutor“;
834 2504 842 2520 ι
861 2498 904 2521 et:
927 2493 1074 2528 «Nunquid

289 2545 345 2565 non
371 2539 471 2566 caelum
496 2543 523 2566 et
550 2543 652 2566 terram
678 2547 729 2575 ego
754 2539 864 2575 impleo,
890 2540 957 2568 dicit
982 2540 1074 2568 Domi—

289 2583 406 2615 misuh
426 2583 494 2612 Mosi
511 2584 594 2612 etiam
609 2583 694 2612 dicit:
722 2584 800 2611 «Non
817 2585 890 2612 enim
912 2585 1014 2612 videbit
1030 2593 1073 2612 me

290 2630 370 2658 homo
377 2634 405 2657 et
415 2630 485 2658 vivet
492 2631 514 2646 ³⁶
524 2639 531 2664 ;
542 2630 564 2666 ι)
574 2630 607 2657 ad
616 2630 759 2666 praedictos
770 2630 904 2664 homines,
913 2631 993 2658 simul
1001 2635 1028 2658 et
1038 2630 1072 2658 ad

289 2672 410 2705 Iudaeos,
423 2674 543 2702 nondum
556 2674 702 2702 secundam
716 2680 814 2710 prater
827 2676 976 2703 increatam
992 2681 1072 2704 natu-

291 2726 347 2746 ram
361 2720 552 2754 pmxsistere
568 2720 737 2748 divinitatem
758 2721 819 2749 Filii
836 2721 1072 2756 comprehenden-

289 2768 341 2796 tes,
351 2764 408 2792 haec
416 2765 541 2801 ambigua
553 2766 778 2800 examinabimus,
786 2775 839 2802 qua
848 2767 952 2795 scilicet
964 2767 1069 2795 ratione

1131 1901 1263 1935 ἀγγέλων,
1286 1901 1300 1927 ὀ
1322 1900 1360 1936 τῷ
1378 1901 1502 1936 Ἀϐραὰμ
1527 1898 1615 1936 ὦφθαι
1643 1901 1710 1936 πρὸς
1733 1903 1782 1936 τῆς
1803 1901 1914 1937 Γραφῆς

1161 1991 1264 2022 Πάντες
1287 1990 1335 2026 μὲν
1357 1987 1403 2016 οὖν
1423 1990 1447 2016 οἱ
1463 1989 1616 2016 διακόπτειν
1640 1989 1778 2022 ἐθέλοντες
1799 1991 1850 2027 τὴν
1866 1991 1913 2027 τῆς

1127 2037 1247 2068 Παλαιᾶς
1264 2036 1332 2072 πρὸς
1344 2035 1393 2072 τὴν
1408 2036 1509 2071 Καινὴν
1527 2036 1662 2072 Διαθήκην
1680 2037 1843 2071 σύμπνοιαν,
1861 2038 1912 2064 ὥσ-

1126 2091 1179 2118 περ
1194 2083 1299 2118 ἐρμαίῳ
1316 2083 1370 2113 τοῖς
1385 2082 1477 2113 τόποις
1496 2081 1679 2113 ἐπιϐαίνοντες
1699 2081 1793 2116 σαςῶς
1809 2083 1842 2109 ἐκ
1856 2083 1913 2110 τού-

1126 2137 1180 2155 των
1204 2127 1366 2164 παριστάναι
1386 2127 1509 2154 δοκοῦσιν
1530 2128 1620 2163 ἑτέρον
1646 2128 1780 2163 ὑπάρχειν
1802 2128 1848 2155 τὶν
1868 2130 1910 2156 τοῦ

1126 2173 1241 2209 Χριστοῦ
1255 2174 1372 2209 Πατέρα,
1386 2173 1415 2199 ὃν
1427 2173 1473 2200 καὶ
1488 2173 1601 2207 ἀόρατον
1609 2174 1661 2200 ὑπὸ
1672 2174 1720 2209 τῆς
1731 2175 1912 2212 εὐαγγελικῆς

1126 2220 1215 2254 φωνῆς
1228 2219 1425 2254 ὁμολογεῖσθαι,
1435 2219 1509 2254 παρὰ
1518 2219 1562 2245 τὸν
1573 2220 1711 2252 Μωῡσὲως
1725 2221 1772 2247 καὶ
1782 2221 1837 2247 τῶν
1846 2230 1911 2257 προ-

1126 2266 1217 2301 φητῶν
1230 2266 1296 2292 Θεὸν
1310 2265 1445 2301 διαφόρως
1459 2265 1584 2300 ὀφθέντα,
1594 2267 1653 2293 τοτὲ
1663 2267 1710 2302 μὲν
1723 2267 1761 2302 τῷ
1775 2267 1909 2303 Ἀϐραὰμ,

711 2319 720 2335 ‹
742 2309 805 2338 Vidi
845 2310 989 2338 Dominum
1022 2311 1072 2339 Sa-

1127 2311 1184 2337 τοτὲ
1197 2311 1224 2337 δὲ
1239 2310 1277 2346 τῷ
1298 2311 1390 2337 Ἰσαὰκ
1407 2307 1445 2345 (ᾧ
1466 2311 1511 2337 καὶ
1527 2310 1600 2346 αὐτῷ
1619 2311 1795 2346 χρηματίζων
1811 2312 1847 2338 τα
1862 2321 1911 2338 πα-

1127 2357 1261 2392 ραπλήσια
1275 2358 1330 2388 τοῖς
1338 2357 1383 2382 ἐπὶ
1395 2355 1440 2382 τοῦ
1462 2355 1586 2392 ’Δϐραὰμ
1600 2356 1800 2393 προθεσπίζει),
1812 2358 1911 2392 ὁμοίως

1124 2403 1152 2429 δὲ
1179 2402 1227 2429 καὶ
1255 2401 1293 2437 τῷ
1316 2401 1428 2433 Ἰακὼϐ,
1447 2401 1516 2436 τάχα
1539 2402 1567 2428 δὲ
1596 2402 1642 2428 καὶ
1659 2402 1758 2438 Ἡσαΐᾳ
1782 2404 1909 2439 φήσαντι.

1127 2458 1136 2474 ι
1155 2446 1230 2475 Εἶδον
1244 2446 1289 2474 τὸν
1306 2447 1406 2483 Κύριον
1423 2447 1547 2480 Σαϐαὼθ,
1564 2457 1573 2474 ι
1593 2449 1705 2480 καὶτοῖς
1720 2449 1827 2482 λοιποῖς
1844 2459 1910 2486 προ-

1125 2495 1224 2530 φήταις
1244 2494 1449 2529 παραπλησίως·
1467 2495 1547 2529 ἡμεῖς
1568 2494 1596 2522 δὲ
1611 2495 1681 2529 (ἐπεὶ
1701 2495 1747 2522 καὶ
1769 2497 1799 2522 ἐν
1821 2497 1910 2529 αὐτοῖς

1123 2542 1179 2572 τοῖς
1202 2540 1285 2567 πάλαι
1299 2540 1346 2566 τοῦ
1365 2539 1431 2566 Θεοῦ
1451 2541 1605 2575 προφήταις
1625 2541 1775 2576 ὲμφέρεταί
1793 2551 1821 2568 τι
1843 2543 1911 2570 θεῖον

1124 2586 1212 2620 λόγιον
1227 2587 1258 2612 ὲκ
1272 2585 1423 2621 προσώπου,
1439 2585 1485 2612 τοῦ
1509 2586 1576 2612 Θεοῦ
1591 2586 1693 2620 φάσκον
1703 2596 1709 2602 ⁸
1739 2596 1750 2612 ε
1768 2588 1844 2615 Διότι
1860 2588 1911 2623 ἐγὼ

1123 2631 1224 2666 Κύριος
1238 2631 1252 2657 ό
1263 2630 1327 2662 Θεὸς
1336 2630 1412 2665 ὑμῶν
1426 2631 1472 2657 καὶ
1488 2631 1538 2657 οὑκ
1547 2630 1709 2666 ὴλλοίωμαι.
1720 2641 1729 2657 ι
1746 2633 1820 2667 Kef;
1831 2642 1840 2658 ι
1848 2634 1911 2668 οὐχὶ

1120 2675 1166 2702 τὸν
1181 2675 1292 2711 οὐρανὸν
1308 2675 1356 2702 καὶ
1369 2675 1416 2710 τὴν
1429 2673 1479 2710 γῆν
1492 2675 1546 2709 ἐγὼ
1554 2676 1663 2712 πληρῶ;
1680 2676 1754 2710 λέγει
1773 2677 1887 2713 Κύριος·
1899 2689 1908 2703 ι

1121 2723 1168 2748 καὶ
1181 2721 1220 2756 τῷ
1233 2722 1343 2748 Μωῦσεῐ
1353 2721 1381 2748 δὲ
1391 2722 1566 2757 χρηματίζων
1580 2723 1660 2757 φησίν
1670 2731 1676 2736 “
1690 2732 1699 2748 ι
1709 2723 1806 2755 Οὐδεὶς
1819 2722 1910 2759 ἀθετῶ

1123 2776 1172 2802 μου
1186 2768 1215 2794 τὸ
1229 2768 1381 2803 πρόσωπον,
1397 2768 1443 2794 καὶ
1453 2767 1573 2804 ζήσεταυ
1585 2769 1651 2804 ἠὼς
1665 2770 1732 2806 πρὸς
1748 2771 1814 2802 τοὺς
1823 2778 1910 2806 προει-

327 2832 424 2872 "Gen.
447 2836 539 2872 xii,_2.
578 2837 673 2865 "Gen.
693 2847 738 2871 xv,
755 2839 780 2866 7.
819 2839 842 2855 "
860 2838 928 2867 Gen.
945 2847 1012 2870 xvii,
1032 2839 1057 2866 1.
1095 2840 1118 2855 ’⁸
1137 2838 1204 2867 Gen.
1222 2847 1304 2872 xvm,
1321 2840 1348 2867 3.
1386 2839 1408 2854 "
1427 2839 1491 2867 ibid.
1513 2839 1556 2866 l7.
1594 2840 1616 2855 '°
1635 2840 1702 2867 ibid.
1719 2841 1764 2868 25.
1805 2841 1827 2858 "
1842 2840 1906 2869 Gen.

289 2875 350 2898 XIX,
380 2869 405 2894 1.

459 2870 479 2886 ³³
499 2870 578 2899 Joun.
600 2880 626 2904 i,
644 2874 698 2907 18;
721 2881 764 2906 νι,
782 2873 825 2900 ιϐ.

290 2909 385 2933 xxxiii,
401 2904 445 2930 20.

881 2874 904 2890 ³³
923 2873 976 2902 lsa.
994 2882 1020 2901 γι
1035 2894 1042 2906 ,
1061 2874 1086 2902 5.

1143 2875 1164 2890 ³⁸
1186 2874 1298 2902 Malach.
1318 2883 1364 2905 ιιι,
1384 2874 1409 2901 6.
1462 2875 1483 2890 "
1504 2874 1558 2902 Jer.
1579 2883 1663 2907 xxiii,
1681 2875 1726 2902 24.
1780 2876 1805 2892 ³⁸
1825 2876 1906 2904 Exod.
