2037 3215
248 180 250 183 ’
302 190 371 219 ιοδδ

661 185 799 212 EUSEBII
820 184 1057 212 CzESARlENSlS
1074 183 1148 212 OPP.
1170 183 1261 211 PARS
1280 183 1564 213 lll.-—EXEGETICA.

1844 188 1900 215 ξοδδ

301 250 372 278 enim
396 247 467 284 quod
495 249 678 282 praecepturus
695 245 730 272 sit
752 244 815 272 ﬁliis
838 244 906 275 suis.
933 248 960 271 et
983 244 1064 271 domu

1128 251 1158 269 τε
1172 244 1218 270 καὶ
1233 243 1447 276 ἀπιθανώτατον,
1464 245 1536 280 μόνῳ
1547 245 1575 271 δὲ
1590 244 1628 280 τῷ
1644 244 1707 281 θείῳ
1721 245 1799 281 Λόγῳ
1811 238 1899 273 οὲκειό-

301 303 357 322 suae
372 298 432 329 post
445 301 483 325 se,
502 296 531 319 ut
546 291 703 319 custodiant
719 291 791 318 viam
806 289 923 322 Domini,
937 294 964 316 et
978 289 1078 317 faciant

299 340 431 376 judicium
458 343 485 365 et
507 337 657 372 justitiam:
685 341 714 363 ut
732 336 849 364 adducat
868 335 998 363 Dominus
1013 343 1076 370 pro-

300 392 358 421 pter
374 384 508 412 Abraham
525 391 585 419 quae.
598 384 704 411 locutus
719 387 760 410 est
775 382 808 409 ad
823 382 924 410 eum“.
939 391 948 408 ι
973 382 1077 417 Quippe

299 433 387 465 ipsum
405 431 462 458 haec
477 430 590 457 decebat
605 430 706 462 dicere,
725 428 868 456 docentem
888 428 963 463 quod
983 428 1075 455 omnia

298 479 332 504 ςςι)
355 477 509 504 hominibus
528 476 653 510 religiose
677 475 748 502 facta
777 474 810 502 ad
837 475 922 502 solam
946 474 973 500 in
992 473 1075 501 Deum

297 523 458 558 Patremque
481 522 602 549 omnium
617 521 719 549 referre
731 521 836 556 justum
859 524 918 548 erat
936 521 1073 556 pietatem,

298 577 345 604 per
373 576 452 603 queui
477 568 504 594 in
527 571 599 594 terra
620 570 834 594 commorantem
856 565 986 600 quidquid
1011 565 1075 592 boni

297 615 350 649 piis
378 615 404 642 in
434 615 577 642 utilitatem
596 617 677 648 atque
694 613 810 640 salutem
843 611 973 647 procedit.
1012 610 1075 638 Hac

298 664 389 688 autem
403 659 525 687 divinum
545 660 666 694 loquitur
680 658 798 686 Verbum
811 658 885 685 velut
899 657 932 685 de
951 657 1003 684 alio
1018 655 1074 683 Do-

298 706 380 737 mino,
398 705 482 739 ipsius
504 705 606 731 scilicet
622 703 702 731 Patre
717 703 843 730 edocens.
868 702 954 735 Quem
971 705 998 728 et
1017 701 1075 728 sui-

297 755 351 778 met
364 750 508 778 Dominum
526 750 607 778 simul
623 754 650 777 et
664 749 748 776 Deum
763 748 908 783 discipulis
934 747 992 776 suis
1007 755 1074 775 con-

295 799 396 829 fitetur,
416 797 529 824 dicens:
556 796 701 823 1Ascendo
731 795 764 822 ad
790 794 898 822 Patrem
921 801 1022 825 meum,
1047 797 1073 821 et

296 843 401 870 Patrem
410 847 539 875 vestrum,
551 841 636 869 Deum
648 848 747 871 meum.
757 846 783 868 et
791 840 874 868 Deum
884 845 1004 868 vestrum
1014 840 1046 866 δ’.
1060 849 1070 865 ι

293 887 377 914 Plena
391 892 432 914 est
446 891 534 914 autem
550 887 602 920 lex,
620 887 763 921 omnisque
786 886 931 921 Scriptura
956 886 1072 920 hujusce

1130 297 1209 316 τατον
1229 288 1262 315 ἂν
1272 288 1313 324 εἴη
1331 289 1400 324 μετὰ
1413 289 1466 316 τῶν
1483 289 1568 316 ἄλλων
1586 290 1698 325 φάσκειν
1714 291 1761 318 καὶ
1774 292 1805 318 τό
1815 301 1821 308 ι
1840 301 1848 317 1
1862 293 1900 327 Μὴ

1130 334 1225 370 κρύψω
1237 334 1291 369 ἐγὼ
1303 335 1356 361 ἀπὸ
1369 335 1492 371 Ἀϐραὰμ
1504 335 1550 362 τοῦ
1566 335 1657 367 παιδός
1668 345 1719 372 μου
1728 336 1806 370 ἃέγὼ
1815 337 1898 369 ποιῶ;ι

1130 382 1177 408 καὶ
1206 381 1237 408 τό
1250 389 1256 395 ·
1275 390 1284 407 1
1304 381 1396 417 ᾚδειν
1418 381 1472 417 γὰρ
1486 381 1526 408 ὅτι
1541 381 1663 415 συντάξει
1675 384 1731 414 τοῖς
1748 384 1813 414 υίοίς
1829 383 1901 410 αὐτοῦ

1130 427 1176 454 καὶ
1199 427 1238 462 τῷ
1257 427 1323 462 οῐκῳ
1346 427 1427 454 αὑτοῦ
1450 427 1508 462 μετ’
1524 427 1613 459 αὐτὸν,
1637 428 1682 454 καὶ
1702 427 1846 462 φυλάξουσι
1860 429 1902 459 τὰς

1128 472 1205 504 ὀδοὺς
1217 473 1320 508 Κυρίου
1333 474 1420 499 ποιεῖν
1433 472 1602 508 δικαιοσύνην
1614 473 1659 500 καὶ
1672 474 1771 508 κρίσιν,
1790 474 1860 505 ὅπως
1874 473 1902 500 ἂν

1129 518 1254 555 ἐπαγάγῃ
1268 518 1368 554 Κύριος
1381 519 1426 545 ἐπὶ
1441 518 1564 554 Ἀϐραὰμ
1573 518 1591 546 ἃ
1603 519 1715 554 ὲλάλησε
1729 519 1796 554 πρὸς
1803 519 1900 546 αὐτόν.»

1131 566 1183 594 Καὶ
1199 566 1298 602 πρέπει
1311 575 1343 601 γε
1360 566 1432 602 αὑτῷ
1443 566 1529 593 ταῦτα
1548 566 1635 600 λέγειν
1651 567 1812 598 παιδεύοντι,
1825 567 1862 593 ὅτι
1875 566 1903 602 δὴ

1128 613 1216 640 πάντα
1226 613 1260 639 τὰ
1273 613 1302 646 ἐξ
1315 613 1464 649 ἀνθρώπων
1477 613 1556 644 ὁσίως
1568 612 1692 649 δρώμενα
1705 614 1745 644 είς
1763 613 1845 648 μόνην
1859 614 1906 648 τὴν

1126 658 1172 685 τοῦ
1189 658 1256 685 Θεοῦ
1271 659 1317 685 καὶ
1330 658 1434 694 Πατρὸς
1444 659 1498 685 τῶν
1511 659 1579 685 ὅλων
1590 658 1734 694 ἀναφέρειν
1742 657 1820 693 θέμις
1831 658 1903 685 εὐσέ-

1127 705 1213 737 ϐειαν,
1231 706 1294 740 παρ’
1316 702 1345 732 οὗ
1361 705 1406 731 ἐπὶ
1422 705 1474 740 γῆς
1483 705 1558 735 ὄντος
1569 703 1622 730 τῶν
1637 703 1747 737 ἀγαθῶν
1762 703 1797 730 τὰ
1821 703 1904 730 πάντα

1124 751 1181 781 τοῖς
1192 750 1329 776 εὑσεὸέσιν
1340 751 1380 782 εἰς
1390 749 1522 784 ὠφέλειάν
1530 758 1559 775 τε
1576 749 1622 775 καὶ
1634 749 1769 784 σωτηρίαν
1784 750 1904 784 χορηγεί-

1125 804 1169 821 ται
1182 803 1189 810 ·
1205 795 1291 822 ταῦτα
1300 795 1328 822 δὲ
1338 796 1351 822 6
1369 795 1439 827 θεῖός
1453 803 1519 830 φησι
1530 795 1613 829 Λόγος
1623 795 1660 826 ὼς
1669 795 1733 830 περὶ
1743 795 1836 828 ἑτέρου
1851 795 1903 822 Κυ-

1127 841 1184 876 ρίου
1200 840 1246 867 τοῦ
1266 840 1362 867 ἑαυτοῦ
1379 840 1484 877 Πατρός
1495 840 1636 867 διδάσκων·
1652 840 1698 867 καὶ
1711 840 1765 876 γὰρ
1780 841 1827 866 καὶ
1847 841 1904 867 ἐαυ-

1124 886 1171 913 τοῦ
1189 886 1289 922 Κύριόν
1310 895 1340 912 τε
1356 886 1402 913 καὶ
1423 886 1489 913 Θεὸν
1507 886 1587 912 αὑτὸν
1607 885 1732 921 ὁμολογεῖ
1750 886 1818 921 πρὸς
1847 887 1904 918 τοὺς

296 932 401 960 Domini
417 942 426 958 1
440 933 632 964 characteris,»
651 932 772 963 scilicet,
785 932 869 958 divini
883 931 974 964 Verbi,
988 932 1068 965 quasi

1124 932 1203 964 ἰδίους
1223 932 1355 967 μαθητὰς,
1368 942 1377 957 1
1388 932 1558 968 Ἀνέρχομαι,
1575 932 1694 966 φάσκων,
1714 933 1782 969 πρὸς
1794 933 1839 959 τὸν
1852 934 1905 959 Πα-

295 980 328 1006 de
347 980 400 1006 alio
414 979 528 1006 Domino
540 979 687 1014 loquentis,
699 979 746 1014 qui
760 978 841 1005 Pater
855 978 914 1013 ejus
930 977 1068 1005 manifeste

1124 979 1190 1014 τέρα
1200 987 1250 1013 μου
1269 979 1315 1004 καὶ
1332 977 1442 1013 Πατέρα
1456 977 1541 1013 ὑμῶν,
1559 978 1606 1004 καὶ
1620 978 1685 1004 Θεόν
1702 987 1752 1014 μου
1772 979 1820 1006 καὶ
1835 978 1898 1005 Θεὸν

293 1030 345 1054 est.
360 1025 425 1058 Quae
440 1025 548 1061 quidem
566 1033 628 1052 cum
643 1026 727 1052 multa
740 1028 767 1052 et
787 1024 1003 1060 profundissima
1018 1024 1068 1052 sinl

1126 1024 1210 1060 ὑμῶν.
1229 1035 1238 1051 ι
1256 1025 1435 1060 Πεπλήρωται
1446 1025 1469 1051 δ’
1485 1025 1499 1051 ὅ
1515 1033 1543 1051 τε
1559 1024 1640 1060 νόμος
1655 1025 1701 1052 καὶ
1719 1026 1794 1052 πᾶσα
1811 1026 1903 1062 Γραφὴ

293 1072 467 1100 meditatione
496 1072 588 1108 digna,
613 1072 646 1099 ad
668 1079 788 1107 praesens
811 1072 980 1106 propositum
1005 1071 1068 1099 satis

1126 1072 1171 1098 τοῦ
1193 1071 1294 1099 τοιοῦδε
1315 1072 1486 1108 χαρακτῆρος
1499 1072 1546 1099 τοῦ
1562 1072 1676 1108 Κυρίου,
1688 1072 1760 1098 τοῦτ⁸
1772 1071 1845 1098 ἐστιν
1862 1071 1906 1097 τοῦ

293 1126 354 1145 esse
367 1119 473 1153 opinor.
823 1137 827 1141 .

1127 1117 1197 1144 θείου
1214 1117 1310 1151 Λόγου,
1333 1117 1371 1149 ὡς
1391 1117 1454 1153 περὶ
1471 1118 1563 1153 ἑτέρου
1583 1117 1684 1153 Κυρίου
1704 1117 1904 1152 διαλεγομένου,

293 1166 323 1202 (f.
341 1166 367 1201 8)
380 1166 458 1201 δῆλον
469 1166 492 1192 δ’
507 1166 547 1192 ὅτι
557 1165 603 1192 τοῦ
619 1165 733 1200 Πατρός.
747 1164 849 1200 Πολλῆς
863 1165 890 1191 δὲ
901 1164 947 1191 καὶ
958 1164 1107 1199 βαθυτάτης
1120 1165 1253 1201 δεομένων
1269 1165 1382 1201 θεωρίας
1412 1164 1466 1191 τῶν
1476 1165 1546 1192 κατὰ
1576 1165 1622 1191 τὸν
1650 1165 1740 1197 τόπον,
1756 1164 1836 1190 ἱκανὰ
1862 1168 1906 1192 καὶ

291 1212 376 1238 ταῦτα
393 1212 460 1247 πρὸς
473 1211 520 1247 τὴν
536 1210 674 1245 παροῦσαν
692 1210 828 1237 ὑπόθεσιν.

590 1267 703 1294 CAPUT
732 1267 776 1295 IV.

330 1327 338 1342 1
356 1316 387 1342 Et
404 1316 469 1351 fugit
497 1316 568 1351 Agar
584 1323 599 1341 a
619 1314 687 1342 facie
712 1315 771 1350 ejus
784 1315 818 1347 ⁸³,
838 1325 846 1341 ι
865 1314 942 1342 Sarai
959 1314 1073 1346 scilicet,

292 1365 321 1388 ut
337 1361 508 1388 manifestum
535 1365 587 1393 est,
611 1369 620 1385 1
640 1367 755 1394 eumque
771 1359 921 1386 invenisset
950 1366 1009 1386 eam
1024 1366 1074 1386 an-

284 1407 366 1442 ,gelus
390 1406 495 1433 Domini
520 1406 596 1440 juxta
625 1407 725 1432 fontem
750 1405 870 1439 aqum“.
891 1415 899 1430 ι
918 1404 1068 1432 Secundum

1124 1403 1172 1438 τῆς
1189 1404 1280 1438 πηγῆς
1302 1403 1349 1429 τοῦ
1368 1403 1478 1435 Mater
1497 1413 1506 1429 ι
1529 1404 1575 1430 καὶ
1591 1404 1619 1430 ὲν
1635 1405 1690 1435 τοῖς
1708 1403 1771 1439 ἑξῆς
1784 1403 1907 1439 δεύτερον

287 1453 405 1487 legimus
422 1453 448 1478 in
461 1453 494 1479 iis
508 1460 567 1486 quae
583 1455 750 1486 sequuntur:
770 1460 779 1476 1
791 1450 863 1477 Dixit
877 1450 909 1477 ad
935 1451 1008 1477 illam
1025 1458 1068 1477 an-

1124 1448 1241 1484 εἴρηται·
1259 1458 1267 1474 1
1281 1447 1363 1476 Εἶπεν
1391 1449 1419 1476 δὲ
1433 1450 1501 1485 αὐτῇ
1521 1451 1535 1476 6
1557 1450 1669 1484 ἄγγελος
1692 1450 1804 1485 Κυρίου·
1821 1459 1830 1476 ι
1861 1450 1907 1476 καὶ

291 1499 367 1532 gelus
382 1497 491 1524 Domini
507 1497 552 1530 ’⁸⁵;
572 1507 581 1523 ι
597 1501 624 1525 et
653 1497 761 1524 tertium
776 1506 783 1524 :
802 1506 811 1522 1
825 1496 898 1524 Dixit
918 1496 943 1524 ei
959 1496 1068 1532 angelus

1122 1496 1212 1532 τρίτον
1225 1496 1263 1522 δέ·
1279 1506 1287 1521 1
1298 1494 1380 1522 Εἶπεν
1396 1495 1463 1531 αὐτῇ
1476 1496 1490 1522 6
1507 1495 1618 1530 ἄγγελος
1630 1490 1742 1531 Κυρίου·
1758 1495 1904 1531 Πληθύνων

1386 1265 1581 1292 ΚΕΦΑΛΑΙΟΝ
1607 1265 1643 1292 Δ’.

1163 1321 1171 1337 1
1193 1312 1246 1338 Kal
1258 1312 1361 1347 ἀπέδρα
1375 1312 1463 1347 Ἀγαρ
1477 1312 1530 1338 ἀπὸ
1541 1311 1685 1347 προσώπου
1697 1311 1791 1347 αὐτῆς,
1807 1321 1817 1337 ι
1831 1311 1906 1347 δῆλον

1124 1357 1163 1383 ὅτι
1180 1357 1228 1392 τῆς
1243 1357 1364 1393 Σάρρας·
1388 1367 1397 1383 1
1409 1354 1472 1394 εῦρε
1488 1357 1515 1383 δὲ
1527 1357 1610 1393 αὐτὴν
1622 1357 1734 1392 ἄγγελος
1745 1357 1848 1392 Κυρίου
1863 1357 1906 1383 ἐπὶ

290 1544 396 1571 Domini
412 1553 418 1571 :
435 1543 616 1579 Multiplicans
655 1542 841 1578 multiplicabo
860 1550 952 1570 semen
981 1546 1082 1574 tuum,,

290 1595 316 1618 et
331 1598 384 1618 non
400 1590 586 1617 numerabitur
611 1597 667 1625 prae
681 1588 855 1616 multitudine
866 1589 899 1617 ⁸⁸.
921 1598 931 1615 ›
957 1588 990 1615 Et
1006 1596 1069 1615 rur-

286 1641 350 1661 sum
366 1641 373 1660 :
390 1643 398 1659 1
416 1633 488 1660 Dixit
501 1634 525 1661 ei
541 1634 653 1669 angelus
681 1633 789 1660 Domini
804 1641 812 1659 :
826 1633 894 1660 Ecce
921 1633 1068 1668 concepisti

289 1684 315 1706 et
330 1679 417 1714 paries
432 1678 516 1705 filium
534 1686 539 1704 :
557 1679 720 1713 vocabisque
732 1685 829 1705 nomen
840 1678 899 1712 ejus
914 1677 1019 1710 lsmael,
1037 1685 1070 1705 eo

289 1723 361 1758 quod
383 1723 499 1750 audierit
529 1722 659 1750 Dominus
691 1722 864 1750 aﬂlictioncm
875 1726 950 1749 tuam
961 1723 994 1750 ".
1009 1732 1019 1748 ι
1037 1722 1070 1750 Et

288 1777 412 1797 sermone
433 1769 557 1796 absoluto
576 1769 695 1796 dicitur:
713 1778 723 1794 1
739 1768 849 1796 Vocavit
869 1773 958 1796 autem
970 1776 1069 1796 nomen

289 1814 407 1847 Domini,
424 1814 471 1849 qui
490 1814 650 1849 loquebatur
676 1814 708 1841 ad
728 1821 806 1842 eam:
820 1813 860 1841 Tu
876 1813 947 1842 Deus
966 1814 1012 1850 qui
1031 1814 1070 1842 vi-

288 1860 351 1887 disti
371 1868 414 1887 me
429 1860 461 1886 ‘3.
478 1869 487 1885 ›
509 1859 622 1887 Etiamsi
651 1867 702 1887 nec
732 1860 760 1886 in
781 1863 882 1887 sanctae
903 1859 1068 1887 narrationis

288 1906 366 1932 initio
391 1905 520 1933 Dominus
545 1906 700 1934 nominatus
722 1905 820 1933 fuisset
836 1905 907 1941 Agar
922 1906 998 1934 visus
1024 1913 1068 1933 er-

289 1952 371 1984 ranti,
385 1961 394 1977 1
410 1953 513 1979 vocavit
533 1957 622 1979 autem
638 1960 736 1980 nomen
751 1951 857 1979 Domini
877 1953 924 1987 qui
938 1952 1068 1987 loqueba-

287 2001 333 2024 tur
349 1997 381 2024 ad
392 2005 462 2030 eum,
479 2007 487 2022 ι
505 1997 528 2024 si
539 1997 600 2032 quis
612 1997 774 2024 contendere
795 1998 856 2024 velit
879 1998 914 2024 ab
933 1998 1003 2032 Agar
1018 2004 1067 2024 an-

287 2044 375 2079 gelum
388 2042 455 2070 falso
471 2043 548 2078 quasi
562 2043 644 2070 Deum
661 2043 779 2070 habitum
795 2051 872 2076 esse;
890 2051 962 2070 nunc
976 2047 1067 2070 autem

283 2094 402 2116 testatur
434 2088 575 2124 Scriptura
608 2089 750 2116 Dominum
770 2097 841 2122 esse,
859 2090 905 2124 qui
929 2097 977 2124 per
998 2096 1067 2124 pne-

287 2135 388 2161 dictum
401 2135 523 2170 angelum
540 2135 614 2163 visus
639 2139 708 2168 erat,
728 2143 776 2171 per
795 2143 875 2170 quem
891 2139 921 2161 nt
935 2135 1065 2162 Dominus

285 2186 313 2208 et
338 2180 418 2213 Dens,
436 2185 465 2208 ut
493 2182 580 2216 ipsum
606 2181 726 2214 decebat,
748 2182 836 2209 dixit:
854 2191 863 2205 ι
882 2180 1065 2216 lultiplicans

286 2226 472 2261 multiplicabo
495 2235 585 2254 semen
609 2232 694 2254 tuum.
712 2237 721 2253 ι
749 2226 806 2254 Hoc
832 2227 904 2254 enim
921 2226 967 2253 Dei
984 2227 1065 2254 unius

286 2277 359 2299 esset
382 2273 483 2305 dicere,
505 2280 559 2300 non
581 2273 636 2308 jam
663 2274 760 2308 angeli.
785 2273 843 2306 Qua
861 2273 971 2308 quidem
997 2280 1064 2301 voce

285 2318 382 2345 edocta
397 2318 468 2354 Agar
491 2319 541 2346 sibi
570 2327 632 2346 cum
651 2318 706 2346 Deo
736 2319 794 2347 solo
818 2319 871 2346 tale
896 2319 1062 2354 colloquium

284 2372 355 2396 esse,
370 2373 379 2389 1
398 2363 438 2391 Tu
452 2363 533 2396 Dens,
557 2365 603 2396 ait,
631 2365 675 2400 qui
683 2364 777 2392 vidisti
793 2372 846 2392 me.
866 2375 875 2390 ι
889 2364 941 2392 Sed
958 2368 985 2391 et
999 2372 1062 2391 rur-

285 2418 343 2441 sus,
356 2417 417 2437 cum
445 2408 514 2444 fugit
529 2417 621 2437 secum
641 2409 743 2437 habens
757 2409 840 2436 filium
853 2409 984 2444 scriptum
997 2413 1039 2436 est
1054 2418 1062 2435 :

287 2465 296 2481 1
315 2455 478 2491 Vocavitque
495 2455 606 2491 angelus
629 2455 676 2482 Dei
691 2454 762 2491 Agar
778 2455 812 2482 de
823 2455 892 2483 caelo
904 2455 936 2488 δ’,
956 2464 965 2480 ι
979 2454 1063 2481 dixit-

284 2511 337 2538 que
350 2504 375 2531 ei
389 2510 448 2539 quae
459 2502 623 2535 referuntur,
636 2503 663 2529 in
673 2502 771 2538 quibus
785 2507 811 2529 et
823 2501 889 2529 illud
904 2509 911 2527 :
927 2511 936 2526 1
955 2500 984 2528 lu
997 2508 1062 2536 gen-

285 2552 338 2574 tem
355 2555 478 2584 magnam
496 2548 591 2576 faciam
609 2555 670 2575 eum
688 2549 730 2582 l"’;
748 2559 757 2575 ι
772 2552 894 2583 apertum
903 2551 944 2574 est
958 2547 1015 2574 haec
1028 2547 1062 2574 de

284 2601 368 2628 puero
381 2593 489 2628 dicere;
505 2594 576 2629 quod
591 2595 625 2621 ab
641 2594 735 2630 angelo
759 2594 861 2621 dictum
877 2593 988 2620 minime
1003 2600 1062 2620 ενδ

284 2639 412 2672 dendum,
427 2639 471 2667 Dei
484 2641 554 2667 enim
572 2640 680 2675 propria
709 2639 879 2667 denuntiatio
906 2642 958 2666 est.
975 2637 1061 2672 Cujus

283 2685 365 2720 igitur
380 2685 485 2714 Domini
497 2694 594 2712 nomen
611 2686 717 2713 vocavit
740 2686 830 2721 Agar:
849 2695 858 2711 1
876 2685 915 2712 Tu
931 2684 1001 2711 Deus
1015 2684 1062 2719 qui

283 2729 373 2757 vidisti
388 2738 439 2763 me,
452 2741 460 2756 ι
470 2738 532 2757 cum
546 2733 572 2757 et
585 2730 619 2757 ibi
632 2729 804 2757 Hebraeorum
819 2731 1061 2764 tetragrammaton

283 2774 423 2810 Scriptura
448 2775 548 2803 referat
569 2776 684 2803 nomen?
709 2775 847 2803 Prmdictis
860 2775 958 2810 quippe
973 2773 1062 2801 mani-

1121 1541 1247 1577 πληθυνῶ
1260 1542 1290 1568 τὸ
1305 1541 1414 1577 σπέρμα
1426 1549 1483 1573 σου,
1497 1541 1544 1567 καὶ
1556 1541 1605 1567 οὐκ
1624 1541 1840 1577 ἀριθμηοήσετει
1849 1543 1904 1569 ἀπὸ

1119 1587 1165 1616 τοῦ
1181 1587 1306 1624 πλήθους·
1319 1597 1328 1613 ι
1345 1588 1391 1614 καὶ
1405 1585 1493 1620 αὖθις·
1509 1585 1606 1613 «Εἶπεν
1615 1588 1681 1623 αὐτῇ
1693 1589 1706 1614 6
1718 1587 1834 1622 ἄγγελος
1847 1589 1904 1614 ἱεύ-

1121 1635 1189 1670 ρίου·
1207 1634 1271 1661 Ἰδοὺ
1290 1635 1321 1660 σὺ
1336 1635 1364 1660 ὲν
1377 1633 1475 1670 γαστρὶ
1485 1633 1565 1667 ἕξεις,
1578 1633 1625 1660 καὶ
1641 1633 1705 1670 τέξῃ
1717 1633 1782 1666 υῐὸν,
1800 1634 1848 1661 καὶ
1857 1643 1906 1661 κα-

1119 1680 1209 1712 λέσεις
1221 1679 1251 1706 τὸ
1263 1680 1346 1715 όνομα
1365 1679 1446 1706 αὑτοῦ
1463 1679 1583 1715 Ἰσμαήλ·
1594 1679 1633 1705 ὅτι
1649 1679 1783 1715 ἐπήκουσε
1800 1680 1903 1716 Κύριος

1117 1727 1152 1761 τῇ
1172 1725 1332 1752 ταπεινώσει
1349 1733 1406 1751 σουι
1423 1735 1432 1751 ι
1449 1725 1496 1752 καὶ
1515 1724 1582 1760 μετά
1599 1724 1702 1756 πάντας
1722 1726 1785 1756 τοὺς
1805 1725 1902 1759 λόγους

1118 1772 1234 1808 εἴρηται·
1253 1781 1262 1797 1
1277 1772 1330 1798 Καὶ
1340 1771 1468 1798 ἐκάλεσεν
1480 1771 1511 1797 τὸ
1523 1771 1607 1806 όνομα
1620 1771 1720 1806 Κυρίου
1731 1770 1779 1797 τοῦ
1793 1771 1904 1798 λαλοῦν·
1922 1807 1925 1808 ν

1117 1826 1163 1848 τος
1178 1817 1246 1853 πρὸς
1264 1817 1356 1853 αὑτήν“
1374 1817 1410 1843 Σὺ
1422 1816 1488 1848 Θεὸς
1508 1817 1522 1843 6
1546 1816 1644 1843 ἐπιδών
1664 1825 1706 1852 με.
1729 1816 1781 1842 »Εἰ
1801 1817 1839 1852 μὴ
1855 1818 1901 1843 καὶ

1118 1864 1172 1891 ἀπὸ
1194 1862 1339 1899 προσώπου
1360 1863 1409 1898 τῆς
1426 1863 1500 1898 ἱερᾶς
1521 1863 1630 1898 Γραφῆς
1642 1863 1743 1898 Κύριος
1762 1862 1908 1897 ώνόμαστο

1120 1911 1153 1945 τῇ
1174 1908 1261 1944 ΙἈγαρ
1274 1908 1416 1943 ἐπιφανεὶς
1430 1907 1555 1945 ἀλωμένη
1573 1910 1601 1935 ὲν
1619 1908 1667 1943 τῷ·
1686 1918 1695 1933 1
1708 1908 1763 1934 Καὶ
1775 1908 1906 1935 ἐκάλεσεν

1117 1956 1148 1981 τὸ
1155 1954 1239 1990 ὄνομα
1247 1953 1347 1990 Κυρίου
1359 1954 1404 1980 τοῦ
1415 1954 1555 1985 λαλοῦντος
1567 1954 1634 1990 πρὸς
1644 1954 1736 1990 αὐτὴν,
1753 1963 1762 1979 ›
1786 1954 1839 1980 κᾶν
1852 1955 1906 1981 ὐπ-

1117 2000 1196 2026 ἐλαδέ
1204 2009 1246 2032 τις
1257 2000 1305 2035 τὴν
1317 1999 1475 2035 ἍγαρΘεὸν
1486 2000 1657 2035 ὲσφαλμένως
1673 1999 1850 2035 ὑπειληφέναι
1861 2000 1907 2027 τὸν

1117 2045 1240 2080 ἅγγελον-
1258 2045 1315 2072 νυνὶ
1329 2046 1357 2072 δὲ
1372 2047 1388 2081 ἡ
1405 2044 1500 2081 Γραφὴ
1519 2048 1660 2082 μαρτυρεῖ,
1672 2046 1712 2073 ὅτι
1722 2046 1825 2082 Κύριος
1840 2044 1877 2082 ἦν
1892 2048 1907 2072 6

1116 2090 1159 2117 διὰ
1170 2090 1216 2117 τοῦ
1230 2091 1475 2127 προωνομασμένου
1491 2091 1666 2127 χρηματίζων
1684 2092 1813 2126 ἀγγέλου,
1824 2092 1860 2118 δι’
1875 2089 1907 2118 οὗ

1117 2135 1164 2162 ἅτε
1180 2136 1281 2172 Κύριος
1296 2137 1344 2163 καὶ
1358 2137 1422 2169 Θεὸς
1440 2137 1478 2163 ὢν
1493 2137 1649 2173 πρεπόντως
1664 2137 1751 2173 ἑαυτῷ
1769 2138 1849 2173 ἔλεγε
1864 2138 1904 2164 τό·

1120 2191 1128 2207 1
1149 2181 1292 2217 Πληθύνων
1317 2182 1443 2218 πληθυνῶ
1458 2183 1489 2209 τὸ
1507 2183 1615 2219 σπέρμα
1634 2191 1691 2210 σουο
1717 2192 1727 2209 ι
1751 2184 1832 2210 τοῦτο
1850 2184 1907 2219 γὰρ

1117 2227 1175 2262 Θεῷ
1189 2227 1260 2263 μόνῳ
1273 2227 1385 2262 ἁρμόζοι
1398 2227 1431 2254 ἂν
1445 2227 1541 2262 λέγειν,
1557 2229 1647 2255 οὐκέτι
1661 2228 1689 2255 δὲ
1708 2229 1755 2255 καὶ
1776 2229 1890 2265 ἀγγέλῳ
1899 2238 1905 2244 ·

1115 2272 1201 2308 τούτῳ
1214 2273 1236 2299 δ’
1251 2271 1284 2299 αὖ
1301 2272 1339 2308 τῷ
1355 2274 1455 2308 ῥήματι
1468 2274 1513 2300 καὶ
1527 2274 1576 2309 τὴν
1591 2273 1680 2310 ’Λγαρ
1701 2275 1773 2307 εἰκὸς
1789 2276 1907 2311 ἐπιστή-

1116 2328 1210 2351 σασαν,
1226 2319 1350 2346 συνεῖσάν
1359 2328 1388 2346 τε
1401 2321 1441 2347 ὅτι
1453 2320 1532 2355 μόνου
1541 2320 1607 2347 Θεοῦ
1618 2321 1715 2356 γένοιτ’
1723 2321 1779 2357 ἂνή
1788 2323 1905 2357 τοιαύτη

1115 2363 1198 2398 φωνὴ,
1217 2364 1365 2400 είρηκέναιθ
1383 2365 1457 2392 «Ὅτι
1472 2366 1502 2391 σὺ
1519 2365 1584 2397 Θεὸς
1597 2367 1611 2392 6
1625 2366 1724 2393 ἐπιδών
1742 2375 1788 2402 με·
1807 2377 1818 2393 ι
1835 2367 1908 2394 ἀλλὰ

1113 2410 1159 2435 καὶ
1173 2409 1311 2445 δεύτερον,
1327 2411 1370 2436 ὅτε
1386 2411 1576 2446 ἀποδιδράσκει
1598 2412 1658 2447 μεθ’
1675 2413 1777 2447 ἑαυτῆς
1802 2414 1907 2449 ἔχουσα

1116 2454 1160 2480 τὸν
1177 2454 1242 2486 υἱὸν,
1256 2455 1419 2490 γέγραπται·
1431 2466 1440 2482 1
1460 2456 1601 2483 Ἐκάλεσεν
1611 2457 1637 2483 δὲ
1648 2458 1761 2492 ἄγγελος
1770 2458 1819 2485 τοῦ
1831 2459 1906 2485 Θεοῦ

1111 2501 1164 2536 τὴν
1176 2503 1267 2538 Ἅγαρ
1281 2504 1312 2529 ἐκ
1326 2503 1371 2530 τοῦ
1388 2502 1512 2538 οὐρανοῦ,
1528 2513 1536 2530 ι
1558 2504 1605 2530 καὶ
1619 2501 1694 2530 εἶπεν
1707 2505 1776 2540 αὐτῇ
1789 2505 1823 2531 τὰ
1838 2506 1909 2532 ἀνα-

1114 2549 1303 2583 γεγραμμένα,
1322 2549 1350 2576 ἐν
1371 2546 1411 2580 οἷς
1436 2550 1508 2576 ἐστιν
1527 2550 1574 2577 καὶ
1596 2551 1637 2576 τό·
1661 2560 1671 2576 1
1694 2551 1742 2582 Εἰς
1755 2551 1811 2587 γὰρ
1825 2551 1909 2582 ἔθνος

1116 2593 1220 2629 ποιήσω
1235 2594 1310 2620 αὑτό·
1325 2604 1334 2620 ι
1353 2595 1432 2631 δῆλῳ
1447 2596 1470 2622 δ’
1483 2596 1523 2623 ἆτι
1544 2597 1574 2623 τὸ
1590 2597 1703 2623 παιδίον·
1720 2598 1790 2633 ὅπερ
1806 2598 1906 2624 οὐκέτι

1115 2638 1160 2664 τὸν
1177 2638 1290 2673 ἄγγελον
1305 2640 1459 2673 ἀξιόπισττν
1474 2641 1507 2667 ἂν
1526 2641 1568 2676 εἴη
1581 2641 1684 2675 λέγειν,
1695 2642 1763 2668 Θεοῦ
1777 2642 1834 2678 γὰρ
1850 2643 1907 2668 πά-

1114 2684 1157 2710 λιν
1168 2686 1184 2720 ἡ
1196 2686 1354 2720 ἐπαγγελία.
1370 2687 1446 2719 Τίνος
1462 2685 1508 2714 οὖν
1523 2688 1624 2723 Κυρίου
1636 2687 1765 2715 ἐκάλεσεν
1777 2690 1794 2724 ἡ
1812 2690 1908 2723 ’Δγαρ

1114 2729 1241 2765 τοῦνομα·
1264 2741 1273 2756 1
1292 2732 1327 2758 Σὺ
1341 2733 1355 2758 ό
1368 2732 1432 2764 Θεὸς
1455 2734 1469 2759 6
1491 2733 1589 2760 ἐπιδών
1603 2742 1645 2768 με,
1664 2743 1673 2759 ι
1697 2734 1838 2761 κάνταῦθα
1855 2734 1907 2768 τῇς

1116 2775 1226 2811 Γραφῆς
1242 2777 1288 2803 ἐπὶ
1316 2778 1362 2804 τοῦ
1393 2779 1494 2814 Κυρίου
1523 2779 1554 2805 τὸ
1584 2781 1799 2816 τετρὰγραμμον
1835 2782 1909 2816 παρ’

315 2862 339 2899 ᾖ
357 2862 515 2899 (lenqvm.
534 2863 579 2899 l9.
616 2863 638 2880 ⁸²
657 2863 734 2890 Joan.
755 2872 800 2894 xx.
818 2864 860 2899 l7.
898 2863 920 2879 “
939 2863 1006 2892 Gen.
1021 2872 1064 2893 xw

1154 2866 1176 2882 ⁵⁵
1193 2866 1259 2893 ibid.
1277 2866 1302 2893 7.
1340 2867 1362 2883 “
1381 2867 1445 2896 ibid.
1463 2867 1490 2895 9.
1528 2868 1551 2884 ⁸⁸
1566 2867 1684 2896 ibid.lO.
1725 2869 1747 2886 "
1769 2869 1835 2897 ibid.
1859 2868 1907 2896 Η.

281 2896 303 2915 ⁸⁸
322 2897 386 2924 ibid.
406 2898 448 2925 15.
486 2898 508 2914 ⁸⁹
528 2897 595 2926 Gen.
615 2906 676 2931 xu,
694 2899 736 2926 l7.
776 2899 799 2915 '°
819 2898 884 2926 ibid.
905 2899 949 2926 18.
