2037 3215
161 188 172 214 Ι
179 187 229 216 031

672 187 819 215 ECLOG/E
841 186 1083 214 PROPHETiCAZ.
1106 204 1138 206 —
1160 187 1223 213 LIB.
1247 188 1264 213 Ι.

158 245 396 282 Ἐεραιοιξὸνομα
422 246 617 281 περιεχούσης;
637 247 653 282 ἢ
671 246 748 282 δῆλον
768 247 798 273 ὲκ
812 246 865 273 τῶν
882 256 938 283 προ

1000 247 1099 275 festum
1112 252 1153 275 est
1170 249 1241 275 hunc
1260 256 1320 275 esse
1347 248 1478 282 Verbum,
1506 250 1532 277 in
1561 253 1695 287 ρι·ιι;(”ίρὶο
1714 255 1785 289 apud

149 292 367 327 αποδεδομένων,
382 293 422 318 ὅτι
434 292 466 327 δὴ
478 292 524 318 τοῦ
540 293 568 318 ἐν
583 293 653 328 ἀρχῇ
669 293 737 327 πρὸς
747 293 793 319 τὸν
811 292 876 319 Θεὸν
891 293 941 319 A6-

151 345 214 370 γου,
231 336 260 368 ὃς
277 337 482 372 ἐπιπαρὼν,καὶ
496 337 530 363 τὰ
547 338 607 363 κατ’
631 337 790 373 ἀνθρώπους
805 337 834 370 ἐξ
855 338 943 374 ἀρχῆς

148 384 260 420 ἐφορῶν
270 393 300 410 τε
311 385 358 410 καὶ
366 384 524 419 οἰκονομῶν,
534 385 589 415 τοῖς
604 384 653 419 μὲν
666 383 884 420 ὲπαναϐεϐηκόσι
896 384 942 410 καὶ

150 430 266 461 τελείοις
279 430 417 465 ἀνδράσιν,
435 429 490 460 οἷος
508 427 542 466 ἦν
560 430 574 456 ὅ
591 438 620 456 τε
643 429 767 466 Ἀϐραὰμ
781 430 828 456 καὶ
851 428 942 456 Ἰσαὰκ

149 474 200 501 καὶ
217 473 323 507 Ἰακὼϐ,
339 475 420 506 αὐτὸς
431 475 464 501 δι’
478 475 574 502 ἑαυτοῦ
583 475 728 511 παρείχετο
741 475 789 507 τὰς
800 476 940 508 ὀπτασίας·

146 522 207 552 τοῖς
219 521 245 547 δὲ
259 521 309 556 τῆς
323 520 424 548 τούτων
439 522 540 557 ἀρετῆς
552 522 720 554 ἀποδέουσιν,
733 519 788 554 οἷος
796 520 835 557 νῆν
847 523 861 549 ὁ
869 522 940 554 Λὼτ,

147 565 198 592 καὶ
213 566 237 591 οἱ
252 566 280 591 ἐν
293 567 348 597 τοῖς
359 567 474 600 Κριταῖς
485 566 587 594 Γεδεών
599 575 629 593 τε
643 567 690 593 καὶ
700 567 809 598 Μανωὲ,
827 567 873 593 καὶ
885 567 942 593 ὅσοι

147 611 256 643 ⁹τούτοις
267 612 430 647 ἑμφέρονται
447 612 642 648 παραπλήσιοι,
658 613 820 648 λειτουργοῖς
829 614 875 639 καὶ
885 613 941 640 δια-

145 656 241 687 κόνοις
256 658 311 688 τοῖς
326 656 370 682 ὑπ’
384 657 464 683 αὐτὸν
478 656 559 689 θείοις
570 657 695 691 ἀγγέλοις
705 657 844 692 χρώμενος
859 658 941 683 πολυ-

148 703 244 737 μερῶς
261 702 308 729 καὶ
334 703 509 738 πολυτρόπως
539 704 685 739 παρείχετο
718 704 750 729 δι’
776 704 864 730 αὐτῶν
893 704 942 736 τὰς

148 748 325 782 ἐπαγγελίας.
343 749 435 784 Ταύτῃ
452 748 516 783 γοῦν
535 750 582 776 καὶ
596 751 628 784 τῇ
651 750 758 785 Ἀγαρ,
774 750 820 776 ἆτε
845 750 881 785 μὴ
898 750 941 785 οἵᾳ

148 801 181 819 τε
194 792 261 829 οὔσῃ
279 802 322 820 πω
335 793 384 829 τὴν
398 794 479 820 αὑτοῦ
495 793 541 820 τοῦ
558 794 631 820 θείου
648 794 733 828 Λόγου
749 797 848 830 χωρεῖν
858 796 942 822 ὀπτα-

148 839 224 871 σίαν,
241 839 284 866 διὰ
299 839 345 866 τοῦ
368 840 483 874 ἀγγέλου
503 840 535 866 τὰ
555 841 787 876 ἀναγεγραμμένα
803 841 938 874 θεσπίζει·

147 885 176 912 εἰ
193 884 254 919 (ἔτι)
269 885 297 911 δὲ
319 886 366 911 καὶ
388 885 426 918 τῷ
444 885 540 912 Ἰακὼὸ
555 885 588 912 δι’
611 886 734 920 ἀγγέλων
753 887 938 920 ἐπιφαίνεται·

146 930 208 957 ἀλλ’
221 931 271 967 ὅρα
286 932 326 957 ὅτι
340 932 385 958 καὶ
398 931 476 958 τοῦτο
488 933 547 958 κατ’
559 932 645 968 ἀρχὰς
661 933 710 968 μὲν
729 932 767 965 ὡς
784 933 816 960 ἂν
833 934 873 959 ἔτι
887 935 942 960 είσ-
958 924 978 950 Β

147 977 277 1012 αγομένῳ
290 977 382 1003 τοῦτον
391 977 553 1013 χρηματίζει
563 978 608 1005 τὸν
621 979 730 1014 τρόπον,
741 978 907 1014 προκόψαντι
915 979 942 1005 δὲ

149 1024 200 1050 καὶ
217 1025 256 1055 εἰς
277 1024 433 1059 τελειότητα
451 1024 568 1051 ἐπιδόντι
585 1025 691 1060 γυμνῆς
707 1025 753 1051 καὶ
779 1024 942 1052 ἀνεπικαλὺ-

148 1077 219 1096 mou
230 1068 278 1104 τῆς
293 1069 360 1100 ἰδίας
374 1069 548 1104 μεταδίδωσιν
561 1070 677 1104 ὁμιλίας,
687 1069 777 1096 οὐκέτι
789 1069 837 1104 μὲν
848 1070 881 1096 δι’
894 1071 942 1104 ἁγ-

147 1115 238 1150 γέλων
249 1117 296 1142 καὶ
309 1116 341 1142 δι’
358 1116 510 1152 ἑρμηνέων,
526 1116 605 1148 αὐτὸς
615 1116 644 1142 δὲ
657 1116 688 1142 δι’
702 1115 799 1142 ἑαυτοῦ
812 1117 826 1142 ὁ
840 1117 942 1153 Κύριος

146 1162 200 1189 καὶ
209 1161 275 1193 Θεὸς
291 1162 388 1196 Λόγος,
403 1163 417 1188 ὸ
429 1162 463 1189 τὰ
478 1162 618 1198 δευτερεῖα
625 1162 675 1197 τῆς
689 1163 826 1198 πατρικῆς
837 1162 942 1197 ἐπέχων

149 1206 288 1242 θεότητος,
307 1207 355 1242 τῆς
374 1207 441 1239 ἰδίας
455 1207 536 1233 αὐτὸν
553 1206 689 1239 καταξιῶν
706 1207 848 1239 ὀπτασίας.

370 1265 571 1292 animum:
590 1264 618 1290 E'
634 1264 667 1299 (ι.
684 1264 722 1299 9).

188 1321 198 1337 ι
209 1312 238 1337 '0
245 1311 318 1346 ἥλιος
330 1311 440 1347 ἐξῆλθεν
454 1312 499 1338 ἐπὶ
513 1311 629 1346 τὴνγῆν,
638 1311 684 1337 καὶ
696 1311 756 1337 Λὼτ
770 1310 891 1346 εἰσῆλθεν
903 1312 942 1342 εἰς

147 1357 257 1392 Σηγώρ.
272 1358 327 1384 Καὶ
341 1357 441 1393 Κύριος
454 1357 563 1392 ἔϐρεξεν
576 1357 622 1383 ὲπὶ
635 1357 737 1392 Σόδομα
757 1357 803 1383 καὶ
817 1357 942 1392 Γόμορρα

147 1403 220 1429 θεῖον
240 1403 286 1429 καὶ
303 1403 358 1439 πῦρ
372 1403 448 1438 παρὰ
467 1403 569 1438 Κυρίου
595 1403 627 1429 ἐκ
644 1402 690 1428 τοῦ
714 1402 840 1438 οὐρανοῦ.
861 1412 869 1428 ι
885 1403 941 1429 Οὐκ

146 1447 226 1484 οἶμαί
241 1457 301 1475 τινα
318 1449 371 1475 τῶν
389 1448 462 1480 ἅπαξ
478 1448 699 1475 πεπιστευκότων
715 1448 792 1485 ἱερὰς
815 1449 862 1475 καὶ
884 1448 941 1474 θεο-

146 1493 299 1526 πνεύστους
319 1495 452 1530 ὑπάρχειν
466 1494 516 1526 τὰς
532 1494 612 1529 ἁγίας
631 1494 741 1530 Γραφὰς
756 1495 940 1531 εὑρεσιλογεῖν

146 1549 177 1566 τι
194 1542 234 1572 είς
245 1542 307 1572 τοὺς
325 1541 433 1572 τόπους,
450 1540 600 1575 ἀντιλέγειν
620 1540 788 1576 πειρώμενον
806 1543 862 1572 τοῖς
876 1541 940 1577 περὶ

147 1586 198 1613 τοῦ
210 1587 295 1621 Λόγου
306 1587 351 1614 τοῦ
363 1586 430 1613 Θεοῦ
440 1587 678 1623 παραδεδομένοις,
688 1588 728 1613 ὃτι
742 1596 771 1614 τε
781 1588 867 1623 προῆν
878 1588 940 1614 ὑπό-

148 1640 245 1659 στασιν
269 1632 335 1659 ἰδίαν
355 1632 491 1667 ἐχων,κα“ι
509 1634 550 1659 ὅτι
566 1634 618 1668 πρὸ
637 1632 686 1667 τῆς
706 1633 936 1669 ἐνανθρωπήσεως

145 1676 199 1709 τὰς
219 1678 258 1709 εἰς
275 1677 434 1713 ἀνθρώπους
451 1678 605 1713 οἰκονομίας
622 1677 720 1703 ἐτέλει·
742 1677 788 1703 δύο
804 1677 859 1713 γὰρ
880 1679 936 1703 Κυ-

147 1722 223 1758 ρίους
237 1722 352 1749 ἐνταῦθα
364 1723 455 1756 σαφῶς
467 1723 484 1758 ἡ
497 1722 590 1758 Γραφὴ
600 1722 772 1757 παρίστησιν,
788 1721 815 1748 εί
823 1731 856 1756 γε
867 1722 938 1749 (Κύ-

149 1775 208 1803 ριος
220 1767 328 1803 ἔϐρεξεν
340 1768 414 1803 παρὰ
429 1768 540 1804 Κυρίου.
551 1778 570 1799 η»
583 1768 619 1794 Τὸ
633 1767 653 1794 δ’
667 1768 757 1803 ὅμοιον
765 1767 836 1794 ἔστιν
847 1769 937 1803 εὑρεῖν

148 1812 226 1848 παρὰ
242 1813 280 1849 τῷ
302 1813 366 1849 ἱερῷ
383 1813 534 1848 Ἀποστόλῳ
555 1814 670 1849 φήσαντι
681 1823 687 1829 ·
705 1823 713 1838 ι
730 1813 790 1849 Δῲη
808 1815 822 1840 ὁ
836 1813 937 1850 Κύριος

146 1859 222 1892 ἔλεος
234 1860 273 1895 τῷ
293 1859 467 1895 Ὀνησιφόρου
480 1860 555 1894 οἴκῳ·
571 1869 579 1884 ι
597 1860 654 1886 καί*
672 1859 745 1895 (Δῲη
762 1859 836 1894 αὐτῷ
848 1861 936 1895 εὑρεῖν

144 1906 222 1938 ἕλεος
233 1905 307 1942 παρά
317 1906 419 1941 Κυρίου
431 1907 459 1933 ὲν
476 1905 566 1941 ἐκείνῃ
581 1907 615 1941 τῇ
637 1905 737 1941 ἡμέρᾳ.
754 1915 764 1931 ι
787 1905 866 1932 Ἀλλὰ
882 1905 936 1941 γὰρ

145 1954 177 1980 ὲν
189 1952 294 1985 τούτοις
310 1952 374 1988 περὶ
395 1953 500 1988 Πατρὺς
515 1953 560 1979 καὶ
582 1952 647 1979 Υἱοῦ
667 1952 810 1987 διαρθροῦν
830 1952 935 1985 λόγους,

145 1998 187 2034 τῷ
203 1999 251 2034 μὲν
266 1999 388 2034 ἀγενήτῳ
403 1999 449 2025 καὶ
464 1999 550 2034 Πατρὶ
564 1998 616 2025 τῶν
634 1998 701 2025 ὅλων
715 1998 764 2033 τὴν
779 1997 849 2025 κατὰ
867 1998 935 2024 πάν-

145 2051 202 2069 των
213 2044 260 2069 καὶ
270 2043 419 2070 κατάὺτοῦ
433 2043 480 2070 τοῦ
494 2043 558 2070 Υίοῦ
573 2044 668 2079 κυρίαν
676 2052 705 2069 τε
719 2043 766 2070 καὶ
779 2043 936 2070 αὺθεντείαν

145 2088 323 2121 ἀνατιθέντας
333 2111 340 2123 ,
355 2089 394 2124 τῷ
411 2089 440 2115 δὲ
454 2089 492 2125 τῷ
510 2089 589 2124 Λόγῳ
605 2089 639 2116 τὰ
653 2089 791 2124 δευτερεῖα
809 2089 877 2124 μετὰ
892 2089 935 2116 τὸν

145 2135 258 2170 Πατέρα
270 2135 318 2170 τῆς
335 2136 405 2162 κατὰ
421 2136 528 2162 πάντων
539 2135 593 2161 τῶν
606 2135 793 2171 γεγενημένων
805 2136 891 2171 ἀρχῆς
906 2144 935 2162 τε

145 2180 194 2206 καὶ
207 2179 363 2212 δεσποτείας
373 2181 566 2217 ἀπονέμοντας.
580 2182 625 2212 Δὶς
636 2180 665 2207 δὲ
676 2181 793 2208 ἐνταῦθα
809 2181 937 2217 ὀνομαζο-

147 2225 229 2260 μένου
245 2226 292 2252 τοῦ
307 2226 420 2261 Κυρίου,
433 2226 503 2253 κατὰ
515 2227 561 2254 τό·
582 2226 719 2261 Ἕϐρεξεν
730 2227 836 2261 Κύριος
856 2228 935 2262 παρὰ

995 293 1091 325 Deum,
1109 294 1182 329 quod
1214 294 1370 328 adveniens,
1391 303 1489 331 resque
1517 297 1657 325 hominum
1678 308 1692 326 a
1715 302 1788 335 prin-

994 341 1066 375 cipio
1084 340 1234 376 inspiciens
1265 346 1345 376 alque
1373 342 1540 377 gubernans,
1571 347 1787 379 praecellentibus

995 387 1259 422 perfectioribusque
1280 388 1359 420 viris,
1382 389 1478 423 quales
1498 396 1576 417 erant
1604 391 1785 428 Abrahamus,

994 433 1103 461 lsaacus
1119 437 1200 468 atque
1210 432 1341 466 Jarobus,
1367 443 1415 469 per
1436 436 1556 470 scipsum
1582 438 1786 466 manifestatum

993 481 1046 505 est.
1063 478 1099 504 lis
1115 485 1179 505 vero
1188 479 1234 512 qui
1260 482 1340 505 tanta:
1359 479 1450 506 virtuti
1481 481 1599 515 impares
1611 488 1699 513 erant,
1716 484 1787 510 sicut

993 527 1052 550 erat
1064 523 1126 556 Lot,
1151 528 1178 551 et
1192 524 1220 551 in
1244 523 1389 553 Judicibus
1406 525 1516 553 Gedeon
1532 531 1559 554 et
1575 527 1681 561 lllanoe,
1709 533 1787 556 caute-

993 569 1086 604 risque
1097 577 1190 597 eorum
1211 570 1356 602 similibus,
1384 571 1521 599 ministris
1535 572 1689 608 legatisque
1705 582 1786 609 ange-

994 616 1027 643 lis
1042 616 1089 651 qui
1106 616 1158 643 sibi
1175 616 1290 651 subjecti
1306 620 1384 643 erant
1416 625 1493 649 usus,
1509 618 1625 646 diversis
1644 620 1785 656 variisque

994 663 1081 689 modis
1093 670 1141 697 per
1155 670 1201 690 cos
1217 662 1345 689 mandata
1362 670 1411 690 sua
1427 663 1618 692 denuntiabat.
1636 665 1705 693 Huic
1735 667 1786 702 igi-

994 712 1038 735 tur
1054 708 1136 744 Agar,
1152 717 1214 736 cum
1238 709 1325 744 ipsius
1348 709 1433 736 divini
1463 709 1543 738 Verbi
1570 711 1701 740 visionem
1715 714 1786 741 ferre

981 755 1129 793 ‘nrquirct,
1144 762 1191 788 per
1217 755 1342 790 angelum
1373 757 1528 790 quzerclata
1553 762 1617 785 sunt
1634 759 1781 794 signiﬁcat.
1798 791 1801 800 Ι

991 800 1094 827 Jacobo
1122 801 1204 828 etiam
1229 809 1279 836 per
1306 803 1417 837 angelos
1448 802 1656 837 manifestatur;
1689 813 1783 833 verum

993 847 1180 874 animadverte
1193 848 1265 882 quod
1281 848 1328 875 tali
1356 849 1436 876 modo
1452 849 1515 876 huic
1538 850 1614 877 visus
1629 855 1681 883 est,
1695 852 1785 880 adhuc

994 892 1154 921 inﬁrmioris
1171 893 1302 927 virtutis;
1330 902 1392 921 cum
1416 899 1506 923 autem
1527 897 1673 931 profecerit
1697 903 1722 926 et
1749 900 1784 927 ad

995 939 1188 974 perfectionem
1217 942 1388 975 pervenerit,
1418 942 1490 969 nuda
1516 947 1542 969 et
1570 948 1663 978 aperta
1684 945 1785 973 suimet

995 984 1204 1012 conversatione
1219 984 1347 1020 dignatur
1363 994 1436 1019 cum,
1466 995 1516 1014 nec
1537 988 1592 1022 jam
1611 996 1659 1023 per
1672 990 1783 1024 angelos

995 1035 1076 1065 atque
1089 1031 1263 1065 interpretes,
1282 1032 1330 1059 sed
1351 1033 1409 1067 ipse
1435 1041 1484 1068 per
1504 1035 1625 1069 seipsum
1651 1035 1784 1064 Domintis

995 1080 1022 1103 et
1037 1075 1108 1105 Deus
1135 1077 1266 1110 Verbum,
1293 1079 1431 1107 srcundas
1459 1080 1485 1107 in
1508 1085 1620 1115 paterna
1641 1083 1784 1112 divinitate

994 1125 1086 1155 partes
1114 1121 1228 1155 habens,
1247 1124 1386 1158 propriam
1408 1125 1441 1152 ad
1468 1133 1529 1153 eum
1547 1127 1679 1156 visionem
1695 1130 1783 1157 mani-

995 1164 1084 1192 festat.

1299 1265 1419 1294 CAPUT
1429 1267 1462 1295 V.

1035 1321 1043 1336 ι
1066 1311 1112 1339 Sol
1126 1320 1253 1347 egressus
1269 1319 1311 1341 cst
1328 1322 1411 1350 super
1419 1319 1520 1344 terram
1538 1321 1564 1345 et
1579 1318 1630 1346 Lot
1641 1321 1782 1355 ingressus

992 1361 1034 1385 est
1046 1357 1140 1394 Segor.
1155 1359 1239 1393 Igitur
1255 1359 1385 1389 Dominus
1403 1362 1471 1396 pluit
1499 1371 1580 1398 super
1593 1364 1739 1393 Sodomam
1754 1372 1782 1394 et

993 1402 1173 1431 Gomorrham
1212 1405 1327 1440 sulphur
1360 1411 1388 1434 et
1422 1408 1511 1443 ignem
1546 1417 1561 1436 a
1595 1410 1712 1440 Domino
1746 1413 1780 1441 de

991 1450 1062 1476 cmlo
1079 1450 1111 1476 δι.
1130 1460 1139 1476 ι
1156 1449 1216 1477 Non
1240 1452 1339 1486 opinor
1354 1453 1472 1488 aliquem
1488 1462 1581 1483 eorum
1592 1477 1600 1490 ,
1634 1458 1681 1492 qui
1697 1459 1781 1486 semel

991 1494 1167 1523 crediderunt
1180 1503 1274 1525 sacras
1289 1501 1316 1525 et
1332 1497 1463 1528 divinitus
1480 1501 1629 1536 inspiratas
1641 1511 1702 1532 esse
1715 1513 1781 1533 sal-

991 1545 1051 1568 ctas
1065 1540 1232 1576 Scripturas,
1245 1544 1336 1571 verbis
1348 1544 1475 1573 haesitare
1485 1547 1564 1575 hisin
1578 1549 1655 1583 locis,
1668 1558 1767 1586 respon
1779 1571 1782 1575 ι

990 1585 1055 1613 dere
1074 1592 1239 1622 quaerentem
1255 1589 1289 1616 iis
1305 1598 1365 1631 qua;
1388 1592 1422 1619 de
1435 1591 1524 1621 Verbo
1540 1593 1594 1621 Deo
1607 1585 1779 1631 asseruntur,

990 1632 1062 1667 quod
1077 1635 1282 1668 praeexsistcbat
1299 1637 1481 1665 substantiam
1497 1641 1635 1675 propriam
1663 1642 1778 1677 habens,

989 1683 1016 1706 et
1032 1683 1095 1707 ante
1112 1680 1327 1708 incarnationem
1345 1684 1426 1711 rebus
1445 1686 1586 1713 hominum
1602 1687 1778 1718 moderandis

988 1730 1113 1759 praeerat.
1129 1724 1179 1753 Hic
1189 1726 1262 1753 enim
1282 1727 1351 1755 duos
1370 1733 1464 1763 aperte
1489 1729 1619 1759 Dominos
1637 1731 1778 1768 Scriptura

988 1770 1112 1806 designat
1127 1781 1132 1799 :
1153 1781 1162 1796 ‹
1181 1771 1254 1799 Pluit
1268 1773 1432 1803 Dominus...
1449 1783 1464 1803 a
1488 1776 1613 1806 Domino.
1630 1791 1640 1806 ι
1672 1781 1778 1809 Similia

988 1817 1107 1851 reperire
1131 1822 1175 1845 est
1191 1818 1263 1854 apud
1290 1824 1414 1848 sanctum
1441 1822 1604 1857 Apostolum
1620 1826 1774 1855 dicentem:

991 1872 1000 1888 ι
1013 1863 1061 1890 Det
1075 1863 1431 1894 Dominusmisericordiam
1445 1868 1608 1904 Onesiphori
1620 1871 1711 1900 domui
1724 1874 1774 1908 ⁵³;ι

986 1912 1012 1935 et
1027 1917 1033 1935 :
1052 1917 1061 1933 ι
1079 1907 1128 1936 Det
1143 1909 1180 1936 illi
1190 1909 1320 1938 Dominus
1334 1911 1456 1939 invenire
1463 1913 1679 1943 misericordiam
1692 1924 1707 1943 a
1721 1916 1776 1946 Do-

988 1954 1063 1981 mino
1074 1954 1101 1981 in
1115 1955 1161 1981 illa
1176 1955 1221 1982 die
1234 1955 1268 1982 ⁸³.
1284 1966 1293 1981 ι
1309 1955 1453 1985 Enimvero
1465 1958 1544 1987 facile
1558 1965 1599 1988 est
1609 1961 1638 1988 in
1653 1962 1707 1990 illis
1715 1971 1776 1999 qua:

987 2000 1021 2027 ad
1031 1999 1150 2033 Patrem,
1163 2009 1224 2036 quae
1240 2002 1274 2029 ad
1282 2002 1379 2031 Filium
1390 2008 1524 2039 spectant,
1536 2008 1680 2042 perspicue
1689 2016 1777 2038 secer-

987 2054 1051 2073 nere
1064 2047 1152 2080 verba,
1165 2055 1226 2082 quae
1236 2048 1357 2077 increato
1365 2049 1492 2086 Patrique
1506 2053 1625 2080 omnium
1639 2054 1666 2082 in
1680 2062 1776 2084 omnes

987 2096 1068 2127 atque
1079 2094 1105 2120 in
1119 2094 1208 2129 ipsum
1234 2094 1332 2122 Filium
1358 2096 1574 2126 dominationem
1586 2104 1614 2127 et
1629 2102 1776 2130 auctorita-

987 2141 1040 2166 tem
1068 2140 1203 2172 tribuunt,
1235 2140 1321 2169 Verbo
1349 2147 1438 2171 autem
1468 2146 1603 2174 secundas
1631 2152 1692 2182 post
1723 2147 1775 2175 Pa—

986 2188 1056 2212 trem
1090 2190 1181 2221 partes
1211 2188 1352 2223 assignant
1380 2189 1407 2216 in
1435 2191 1555 2219 omnium
1585 2198 1774 2222 creaturarum

988 2231 1142 2265 principatu
1161 2235 1241 2267 atque
1264 2233 1390 2269 imperio.
1405 2234 1455 2262 Hic
1467 2241 1557 2264 autem
1573 2237 1616 2266 bis
1635 2239 1775 2266 nominato

145 2272 285 2306 Κυρίου,ι
297 2272 337 2304 δὶς
345 2273 415 2299 κατὰ
426 2273 455 2299 τὸ
469 2273 611 2309 Ἐὃραῖκὺν
620 2274 666 2299 καὶ
679 2273 709 2299 τὸ
724 2273 935 2308 τετράγραμμον

990 2277 1114 2310 Domino,
1129 2280 1280 2308 secundum
1294 2281 1360 2310 illud
1376 2292 1381 2308 :
1399 2291 1407 2308 ι
1423 2282 1494 2310 Pluit
1520 2283 1686 2313 Dominus...
1700 2286 1775 2313 aDo-

144 2318 306 2353 ἐμφέρεται,
324 2318 360 2349 ὡς
373 2319 530 2353 σαφέστατα
545 2318 767 2356 ἀνομολογεῖσθαι
780 2318 810 2345 τὸ
825 2318 870 2344 ἐπὶ
889 2318 935 2344 δύο

144 2363 310 2401 προσώπων,
329 2364 408 2399 δῆλον
429 2364 451 2391 δ’
469 2365 509 2391 ὅτι
528 2364 575 2391 τοῦ
599 2365 665 2391 Θεοῦ
687 2365 733 2391 καὶ
752 2365 858 2401 Πατρὺς
881 2365 936 2392 τῶν

144 2410 216 2437 ὅλων
226 2410 274 2436 καὶ
289 2409 334 2437 τοῦ
351 2411 438 2445 Λόγου
456 2410 550 2442 αὐτοῦ,
565 2412 614 2447 τὴν
631 2411 749 2446 ἄρρητον
763 2411 865 2447 ταύτην
883 2420 934 2438 πα-

147 2456 369 2491 ραλαμὸἀνεσθαι
392 2457 555 2492 σημείωσιν·
587 2457 624 2488 ὡς
650 2457 744 2492 μηκέτ’
777 2457 934 2492 ἀμφιϐόλως

144 2502 229 2538 ἔχειν,
245 2503 271 2529 εῐ
281 2511 332 2529 που
346 2502 379 2529 ἂν
389 2502 520 2538 φέροιτοὴ
531 2502 641 2538 τοιαύτη
654 2503 700 2529 ἐπὶ
708 2502 756 2529 τοῦ
770 2502 837 2529 Θεοῦ
848 2512 931 2539 προσ-

143 2547 255 2584 ηγορία,
277 2547 315 2583 μὴ
335 2547 414 2582 μόνον
437 2548 483 2574 ἐπὶ
502 2548 551 2583 τῆς
567 2548 698 2582 ἀγενήτου
724 2546 830 2580 φύσεως
847 2548 930 2583 αὐτὴν

144 2592 418 2628 παραλαμϐάνεσθαι,
441 2592 507 2619 ἀλλὰ
527 2593 573 2620 καὶ
594 2593 640 2620 ἐπὶ
660 2591 706 2619 τοῦ
725 2593 754 2618 ὲν
772 2587 842 2629 ἀρχῇ
865 2593 931 2629 πρὸς

143 2638 190 2665 τὸν
206 2638 272 2665 Θεὸν
288 2639 363 2670 δντος
373 2639 468 2674 Λόγου.

410 2740 607 2767 ΚΕΦΑΛΑΙΟΝ
628 2741 673 2774 εἶ’.

185 2785 230 2811 Ἐν
259 2787 291 2821 τῇ
315 2786 382 2821 πρὸς
403 2786 449 2812 τὸν
472 2785 566 2813 Ἰακὼὸ
589 2786 699 2821 εὐλογίᾳ
714 2785 728 2811 ὁ
750 2785 841 2812 Ἰσαάκ
866 2795 932 2820 φησι

144 2830 216 2866 μετά
228 2838 288 2856 τινα
301 2831 347 2857 καὶ
360 2831 460 2858 ταῦτα·
478 2841 487 2857 ‹
501 2831 556 2858 Καὶ
567 2831 785 2858 δουλευσάτωσάν
799 2839 839 2858 σοι
852 2831 930 2867 ἔθνη·

179 2909 203 2925 ¹¹
223 2909 290 2938 Gen.
309 2918 364 2944 xtx,
381 2911 425 2938 25.
463 2911 485 2927 ⁶¹
506 2910 527 2937 ll
546 2910 615 2938 Tim.
634 2919 657 2942 ι,
678 2910 718 2937 ili.
757 2910 780 2926 "
802 2908 865 2936 ibid.
887 2909 930 2937 i8.

987 2324 1072 2356 mino,
1092 2335 1100 2350 ι
1117 2324 1160 2353 bis
1181 2325 1332 2354 secundum
1355 2326 1519 2355 Hebraicum
1532 2334 1558 2356 et
1569 2333 1775 2365 tetragramma-

987 2373 1033 2397 ton
1045 2369 1173 2404 refertur,
1190 2371 1223 2398 ad
1249 2380 1428 2407 personarum
1451 2374 1610 2404 dualitatem
1626 2377 1774 2405 evidentis-

987 2416 1055 2443 sime
1067 2416 1304 2452 distinguendam;
1327 2419 1500 2447 manifestum
1522 2425 1565 2448 est
1581 2425 1672 2449 autem
1686 2421 1733 2449 Dei
1747 2427 1774 2450 ct

985 2461 1106 2489 omnium
1122 2461 1224 2494 Patris,
1244 2467 1326 2498 atque
1354 2465 1414 2499 ejus
1443 2465 1524 2494 Verbi
1545 2467 1693 2496 discrimen
1721 2469 1773 2496 hac

986 2507 1115 2536 ineﬂ'abili
1129 2507 1506 2547 denominatiunedesignari,
1523 2517 1552 2540 ut
1562 2521 1597 2541 ne
1609 2514 1652 2541 cui
1669 2515 1704 2542 sit
1719 2523 1773 2541 am-

985 2555 1108 2590 biguum,
1127 2554 1150 2582 si
1168 2554 1237 2583 forte
1254 2555 1310 2582 haec
1326 2558 1432 2592 uspiam
1448 2558 1481 2585 de
1494 2557 1547 2586 Deo
1563 2559 1708 2594 appellatio
1724 2559 1773 2586 ad-

986 2601 1120 2633 hibeatur,
1149 2609 1203 2629 non
1226 2605 1329 2629 tantum
1356 2602 1390 2630 de
1412 2604 1533 2631 increata
1560 2609 1657 2632 natura
1675 2605 1773 2633 intelli-

985 2648 1100 2682 gendam
1112 2655 1182 2679 esse.
1198 2647 1246 2675 sed
1262 2648 1343 2674 etiam
1356 2647 1389 2675 de
1414 2648 1504 2677 Verbo
1516 2650 1588 2685 quod
1603 2656 1645 2678 est
1656 2652 1684 2678 in
1699 2652 1772 2686 prin-

985 2693 1056 2727 cipio
1068 2693 1139 2728 apud
1157 2693 1252 2721 Deum.

1288 2741 1402 2770 CAPUT
1422 2741 1466 2769 Vl.

1021 2784 1051 2812 In
1063 2785 1158 2813 Jacobi
1172 2787 1361 2815 benedictione
1373 2787 1431 2814 haec
1447 2787 1517 2814 inter
1532 2787 1585 2814 alia
1599 2786 1711 2816 lsaacus
1725 2787 1770 2815 di-

986 2834 1023 2861 cit
1042 2843 1048 2861 :
1069 2843 1078 2860 ι
1099 2833 1131 2861 Ει
1148 2836 1269 2864 serviant
1280 2836 1328 2864 tibi
1345 2836 1437 2873 populi
1449 2841 1476 2864 et
1493 2836 1608 2865 adorent
1623 2840 1650 2865 te
1662 2836 1770 2866 tribus:

1721 195 1786 223 £0.38
1812 199 1825 211 '
