2037 3215
231 196 242 204 ’
291 219 360 247 ιοδι)

663 206 799 235 EUSEBll
821 201 1061 232 CESARlENSlS
1076 199 1151 228 OPP.
1173 197 1264 227 PARS
1280 197 1322 225 lll.
1343 212 1376 216 —-
1393 193 1596 223 EXEGETICA.

1853 189 1918 218 £050

288 282 346 305 esto
355 275 480 304 dominus
493 272 607 298 fratrum
620 269 777 297 tuorum,et
789 265 969 291 incurventur
983 266 1045 288 ante
1057 264 1082 287 te

1146 262 1181 288 ταὶ
1197 256 1428 296 προσκυνήσουσιν
1451 264 1491 282 σοι
1512 255 1656 290 ἄρχοντες·
1673 252 1719 278 καὶ
1738 250 1813 285 γίνου
1829 250 1920 286 κύριος

1308 304 1312 305 ν
1453 303 1458 305 .
1609 300 1615 305 ,
1692 298 1698 305 ,
1823 297 1830 303 .
1845 297 1851 305 ,
1873 295 1884 304 ο
1908 296 1920 301 -

290 323 336 350 lilii
347 321 432 357 patris
445 319 484 346 tui
492 318 524 345 ⁵⁵.
536 326 544 342 ι
555 315 617 343 Haec
626 313 705 349 quasi
712 311 745 338 ad
753 310 883 338 Jacobum
892 309 965 336 dicta
975 307 1086 335 minime

290 354 369 404 posse
378 366 505 394 videnlur
515 363 548 390 ad
559 369 621 389 eum
628 358 827 391 referri,neque
837 355 869 383 ad
876 354 1004 390 populum
1014 361 1046 380 ex
1053 360 1085 379 eo

289 400 381 441 natum
390 433 397 446 ,
409 411 536 447 populum
554 402 921 436 cireulncisionis.Quicnim
933 400 1024 436 populi
1038 407 1086 426 un-

287 467 368 495 quam
377 459 401 486 ei
409 446 564 485 servierunt
575 453 645 480 ?Aut
654 459 714 487 quae
724 450 811 477 tribus
817 456 879 476 eum
886 446 1086 475 adoraverunt?

287 493 369 542 quem
391 501 564 532 adorabant?
583 497 692 535 quando
708 503 828 531 unquam
841 495 868 521 in
884 493 994 520 fratrem
1006 499 1086 519 suum

288 537 506 579 dominationem
524 545 666 576 exercuit?
679 543 730 577 Qui
743 546 834 570 autem
847 539 1026 576 patrisipsius
1038 537 1086 564 lilii

288 598 335 633 qui
349 604 411 625 eum
428 593 569 623 adoraturi
581 590 734 619 dicuntur?
760 588 865 622 Quippe
888 586 972 612 alium
988 591 1085 619 quem-

289 631 352 671 dam
369 646 467 678 praeter
489 640 623 668 Iacobum
639 637 724 664 lilium
750 634 881 662 habuisse
908 631 1018 660 lsaacus
1031 637 1086 657 non

289 677 449 721 invenitur,
482 688 535 716 nisi
560 687 671 713 Esaum.
697 681 838 716 Quomodo
865 680 948 716 igitur
973 677 1086 714 plurali-

289 741 332 763 ter
356 735 476 762 dicitur:
494 742 502 758 ι
523 732 702 759 lncurventur
716 733 779 755 ante
797 732 823 754 te
838 726 886 753 lilii
904 724 990 761 patris
1002 722 1062 750 tui?
1074 732 1083 748 ›

291 782 354 809 Haec
369 785 460 808 autem
491 777 647 806 notavimus
675 778 820 810 propterea
840 771 914 806 quod
930 769 1032 805 saepius
1058 769 1086 795 in

291 828 442 866 prophetiis
454 835 502 862 per
512 824 644 852 Jacobum
657 822 783 850 Christus
792 818 972 854 significatur,
985 820 1014 843 ut
1025 823 1087 851 pro-

288 863 359 911 priis
371 874 529 902 ostendetur
550 871 629 902 locis,
649 869 824 903 suspicantes
841 872 934 892 annon
950 863 1021 890 forte
1033 863 1086 890 ista

292 907 320 948 in
337 921 397 956 ejus
412 918 598 947 testimonium
617 913 742 950 adaptari
758 914 880 947 possent.
899 909 986 937 Simili
1015 907 1087 936 enim

294 954 399 994 ratione
428 972 477 1000 per
502 963 624 990 lsaacnm
648 959 791 988 Christum
809 960 921 986 sanctus
947 954 1094 990 Apostolus

296 1011 516 1043 innuit,dicens:
528 1018 536 1034 ι
552 1008 708 1035 Abrahamo
726 1005 805 1032 dietm
817 1007 880 1031 sunt
892 1002 1088 1038 promissiones

294 1064 321 1086 et
330 1058 426 1086 semini
436 1055 575 1092 ejus.l\'on
588 1054 655 1082 dicit
663 1057 690 1080 et
699 1052 859 1083 seminibus,
874 1049 952 1086 quasi
966 1049 994 1076 in
1013 1048 1085 1075 mul-

292 1105 331 1132 tis
347 1104 414 1132 :sed
430 1103 510 1138 quasi
525 1102 552 1129 in
568 1108 622 1128 uno
639 1110 645 1128 :
661 1103 688 1127 et
703 1098 801 1127 semini
816 1101 876 1129 tuo,
890 1096 937 1131 qui
954 1098 997 1122 est
1013 1094 1093 1122 Chri-

297 1156 357 1179 stus
368 1151 402 1178 ".
414 1161 423 1176 ι
433 1149 501 1177 Vide
513 1149 596 1184 igitur
608 1147 630 1175 si
641 1147 674 1174 ad
687 1145 812 1173 eumdem
820 1143 931 1171 modum
942 1146 968 1170 et
981 1149 1041 1177 quae
1049 1141 1093 1167 hic

297 1197 426 1224 dicuntur
437 1194 582 1229 de_.laeobo
596 1200 651 1220 non
664 1191 761 1218 melius
772 1189 882 1216 Christo
896 1187 1089 1217 convenirent;

298 1250 359 1277 quae
375 1241 485 1277 quidem
503 1240 526 1267 si
544 1239 581 1266 ita
610 1237 708 1264 habeat
721 1237 761 1263 vir
785 1234 935 1265 studiosus,
952 1239 1089 1267 quamque

298 1289 442 1315 lectionem
456 1285 593 1320 allegoriae
609 1283 716 1318 legibus
732 1281 859 1309 conferre
878 1279 992 1306 noverit.

1138 307 1184 334 τοῦ
1205 304 1319 339 ἀδελφοῦ
1338 313 1394 334 σου,
1418 303 1465 329 καὶ
1484 298 1713 336 προσκυνήσουσίν
1741 305 1780 324 σοι
1803 297 1856 323 υἱοὶ
1873 295 1921 322 ἒοῦ

1139 351 1241 388 πατρός
1259 360 1315 377 σου.
1337 360 1346 376 ι
1366 349 1406 376 Τὰ
1420 347 1552 382 λεγόμενα
1568 346 1604 376 ὡς
1625 344 1692 380 πρὸς
1715 343 1759 369 τὸν
1781 341 1876 369 Ἰακὼϐ
1892 343 1922 367 οὗ

1140 399 1210 426 πάνυ
1223 406 1248 424 τι
1263 397 1385 431 φαίνεται
1401 392 1529 420 δύνασθαι
1544 391 1586 418 ἐπ’
1598 390 1679 417 αὐτὸν
1693 388 1852 423 ἀνάγεσθαι,
1864 387 1923 413 οὐδὲ

1140 445 1192 480 μὴν
1207 444 1254 471 ἐπὶ
1275 443 1321 470 τὸν
1343 441 1372 474 eg
1395 439 1475 467 αὑτοῦ
1492 438 1633 474 γενόμενον
1651 436 1714 463 λαδν
1736 435 1781 461 τὸν
1800 435 1833 460 ὲκ
1850 442 1924 468 περι-

1138 479 1241 526 τομῆς·
1260 489 1323 514 ποῖα
1339 486 1393 522 γὰρ
1413 485 1474 520 ἔθνη
1500 483 1546 511 καὶ
1569 483 1633 509 πότε
1659 480 1815 507 ἐδούλευσεν
1835 479 1924 513 αὑτῷ;

1138 536 1155 572 ἢ
1174 536 1245 567 τίνες
1268 534 1396 569 ἄρχοντες
1424 529 1498 565 αὺτῷ
1520 528 1742 566 προσεκύνησαν;
1759 526 1797 557 ὡς
1816 525 1878 551 τίνα
1899 524 1926 550 δὲ

1138 582 1185 609 καὶ
1200 581 1395 617 προσεκύνουνς
1420 577 1484 604 πότε
1507 577 1535 603 δὲ
1555 576 1600 602 καὶ
1624 574 1766 609 ἐκυρίευσε
1783 572 1830 598 τοῦ
1853 571 1927 598 ἀδελ-

1139 628 1190 664 φοῦ
1206 627 1306 659 αὐτοῦ;
1321 627 1338 662 ἢ
1355 625 1425 656 τίνες
1439 625 1464 650 οἰ
1490 622 1537 650 τοῦ
1552 622 1653 657 πατρὸς
1675 619 1755 647 αὑτοῦ
1774 619 1828 645 υἱοὶ
1844 619 1867 644 οἱ
1885 617 1927 643 λε-

1139 674 1247 709 γόμενοι
1265 671 1463 707 προσκυνήσειν
1486 667 1575 702 αὑτῷ;
1595 667 1649 693 Καὶ
1669 666 1721 701 μὴν
1737 664 1787 698 οὐχ
1803 663 1928 698 εὑρίσκε-

1138 720 1183 746 ταί
1198 727 1230 753 γε
1243 719 1257 744 ὁ
1278 715 1477 752 Ἰσαὰκιὲτερόν
1490 723 1549 741 τινα
1571 712 1646 748 παρὰ
1668 712 1712 738 τὸν
1734 709 1832 737 Ἰακὼϐ
1849 710 1928 743 ἐσχη-

1140 765 1195 797 κὼς
1207 765 1224 800 ἢ
1242 764 1321 800 μόνον
1333 763 1378 790 τὸν
1400 761 1485 789 Ἦσαῦ
1495 768 1502 775 ·
1519 759 1577 791 πῶς
1589 757 1635 786 οὗν
1651 755 1839 793 πληθυντικῶς
1853 754 1928 790 εἰρη-

1139 821 1183 839 ται
1194 812 1234 844 τὸ,
1246 804 1255 836 i
1268 807 1487 846 Προσκυνήσουσί
1503 815 1542 833 σοι
1555 806 1579 832 οί
1595 804 1647 831 υἱοὶ
1659 803 1705 830 τοῦ
1720 802 1824 838 πατρός
1838 810 1901 833 σου;
1917 810 1926 825 ι

1141 858 1232 885 Ταῦτα
1249 856 1270 883 δ’
1289 853 1516 891 ὲσημειωσάμεθα
1532 851 1575 878 διὰ
1599 851 1629 877 τὸ
1656 849 1787 879 πολλάκις
1811 847 1858 874 καὶ
1879 847 1929 872 Ἰα-

1140 903 1198 930 κὼϐ
1212 903 1257 929 τὸν
1279 889 1395 936 Χριστὸν
1411 900 1440 925 ὲν
1459 899 1519 929 ταῖς
1541 894 1718 931 προφητείαις
1740 889 1928 928 χρηματίζειν,

1109 958 1130 985 Β
1143 950 1180 982 ὼς
1202 950 1230 975 ὲν
1249 949 1304 979 τοῖς
1325 945 1435 977 οἰκείοις
1456 943 1623 979 δειχθήσεται
1637 941 1739 971 τόποις,
1755 936 1931 966 ὑπονοοῦντες

1142 996 1178 1032 μή
1193 1004 1231 1031 πη
1251 993 1299 1021 καὶ
1320 993 1406 1020 ταῦτα
1425 991 1535 1017 δύναται
1552 990 1610 1020 ταῖς
1636 986 1700 1022 περὶ
1721 984 1804 1012 αὑτοῦ
1828 991 1930 1018 μαρτδ-

1143 1029 1213 1079 ρίοιις
1226 1029 1368 1076 ἀρμόζειν.
1382 1038 1488 1072 Ὥσπερ
1500 1036 1564 1070 γοῦν
1582 1035 1629 1061 καὶ
1644 1033 1678 1060 τὰ
1691 1032 1761 1061 κατά
1775 1031 1822 1058 τὸν
1841 1029 1932 1057 Ἰσαὰκ

1142 1075 1181 1120 εἰς
1194 1089 1239 1115 τὸν
1249 1075 1370 1122 γΧριστὸν
1392 1083 1552 1120 μετείληφεν
1573 1083 1586 1108 ὁ
1612 1080 1683 1116 ἱερὸς
1699 1077 1862 1108 Ἀπόστολος
1882 1075 1932 1110 φή-

1145 1143 1203 1167 σας·
1223 1143 1232 1159 ι
1250 1132 1294 1168 Τῷ
1309 1132 1336 1158 δὲ
1357 1130 1481 1166 Ἀϐραὰμ
1502 1128 1631 1163 ἐδόθησαν
1651 1127 1677 1152 αἱ
1699 1123 1865 1159 ἐπαγγελίαι
1889 1122 1933 1148 καὶ

1144 1180 1182 1215 τῷ
1199 1179 1333 1214 σπέρματι
1345 1175 1426 1202 αὐτοῦ
1435 1183 1442 1189 ·
1455 1175 1485 1201 οὐ
1497 1174 1570 1208 λέγει
1584 1173 1630 1200 καὶ
1645 1173 1699 1203 τοῖς
1716 1171 1885 1205 σπέρμασιν,
1898 1168 1934 1198 ὡς

1141 1227 1187 1252 ἐπὶ
1204 1224 1319 1256 πολλῶν,
1333 1222 1389 1249 ἀλλ’
1403 1221 1440 1253 ὡς
1456 1220 1497 1254 ἐφ’
1513 1219 1581 1251 ὲνδς,
1598 1215 1645 1245 καὶ
1661 1217 1700 1253 τῷ
1720 1215 1861 1251 σπέρματί
1879 1223 1933 1245 σου,

1138 1273 1167 1304 ὅς
1185 1273 1242 1298 ἐστι
1254 1269 1379 1306 Χριστός·
1397 1278 1406 1293 ι
1423 1268 1472 1302 ὅρα
1483 1267 1507 1293 εί
1522 1266 1558 1302 μὴ
1568 1265 1613 1292 τὸν
1629 1263 1708 1292 αὑτὸν
1722 1263 1824 1299 τρόπον
1839 1262 1888 1288 καὶ
1903 1260 1934 1286 τὰ

733 1307 864 1367 statim
878 1323 977 1360 μᾶλλον
993 1321 1106 1358 ἁρμόζοι
1125 1320 1157 1346 ἂν
1171 1318 1209 1353 τῷ
1243 1316 1274 1351 (f.
1290 1315 1333 1351 10)
1349 1314 1466 1350 Χριστῷ,
1487 1313 1558 1348 ἆπερ
1574 1312 1598 1338 εί
1614 1310 1699 1342 οὕτως
1716 1309 1773 1345 ἔχοι
1787 1309 1803 1335 ὁ
1819 1307 1934 1344 φιλομα,

299 1379 348 1414 θὴς
370 1378 486 1413 ἑκάστην
505 1375 577 1408 λέξιν
594 1374 684 1409 νόμοις
707 1372 869 1407 ἀλληγορίας
888 1370 1017 1402 ἐξετάσας
1035 1368 1144 1394 εἵσεται.

600 1431 714 1460 CAPUT
731 1430 787 1457 Vll.

340 1492 350 1509 ι
371 1482 470 1510 Mansit
495 1483 586 1507 autem
600 1478 686 1506 Jacob
701 1477 777 1505 solus
796 1486 802 1504 :
816 1481 843 1504 et
869 1483 933 1503 ecce
948 1475 989 1502 vir
1004 1475 1090 1503 lucta-

1403 1417 1599 1447 ΚΕΦΑΛΑΙΟΝ
1625 1418 1662 1445 Ζ¹.

1178 1480 1186 1496 ι
1203 1467 1368 1503 ’Υπελείῳθη
1378 1466 1406 1493 δὲ
1419 1464 1515 1492 Ἰακὼϐ
1530 1464 1622 1499 μόνος·
1635 1462 1825 1490 καὶ’ὲπάλαιεν
1833 1461 1936 1498 ἄνθρω-

300 1531 384 1558 batur
396 1535 459 1555 cum
482 1534 514 1554 eo
543 1532 631 1560 usque
656 1531 736 1551 mane
751 1523 785 1550 ⁵⁸.
807 1531 816 1549 ι
835 1521 904 1550 Dein
926 1525 988 1557 post
1004 1529 1090 1557 pauca

1146 1524 1191 1548 πος
1209 1515 1266 1550 μετ’
1283 1512 1366 1541 αὐτοῦ
1389 1512 1441 1543 ἕως
1461 1510 1543 1546 πρωί.
1566 1519 1575 1536 ι
1594 1507 1660 1537 Εἶτα
1678 1509 1748 1544 μετά
1777 1507 1886 1544 βραχέα
1901 1508 1937 1534 εί-

302 1574 407 1602 .Iacobo
421 1573 530 1600 dicente
545 1579 552 1597 :
573 1580 583 1596 ι
601 1569 660 1596 Non
673 1568 809 1596 dimittam
823 1571 850 1594 te
867 1566 922 1594 nisi
946 1566 1092 1594 benedixe-

306 1622 346 1648 ris
364 1619 431 1647 mihi
443 1639 451 1652 ,
462 1618 530 1645 dixit
543 1616 577 1644 ad
590 1622 653 1643 eum
669 1624 676 1641 :
697 1614 776 1647 Quod
791 1620 890 1641 nomen
901 1616 943 1641 est
957 1611 1027 1640 tibi?
1039 1611 1094 1639 Re-

1143 1561 1237 1591 πόντος
1260 1558 1306 1585 τοῦ
1327 1556 1431 1587 Ἰακὼϐ,
1452 1565 1461 1581 ι
1482 1556 1519 1582 Οὐ
1541 1555 1578 1590 μή
1602 1563 1631 1580 σε
1647 1553 1800 1581 ἀποστείλω
1823 1553 1875 1580 ἐὰν
1900 1554 1935 1588 μή

1145 1616 1178 1643 με
1191 1605 1341 1641 εὐλογήσῃς
1351 1625 1357 1636 ,
1371 1613 1380 1629 ι
1397 1603 1477 1638 φησὶν
1493 1602 1561 1638 πρὸς
1573 1601 1663 1628 αὐτόν·
1676 1611 1685 1628 ι
1700 1601 1732 1627 Τί
1745 1601 1834 1636 ὄνομά
1842 1609 1885 1626 σοι
1895 1609 1902 1633 ;
1911 1600 1937 1626 ‘0

306 1645 550 1702 spomlitrz'lacoh.
563 1662 673 1689 Atille:
686 1645 875 1695 Nequaquam,
897 1658 997 1694 inquit,
1009 1657 1093 1686 Jacob

1146 1653 1172 1679 δὲ
1183 1650 1270 1683 εἶπεν,
1285 1649 1391 1677 Ἰακώϐ.
1407 1646 1491 1676 Εἶπεν
1505 1649 1533 1675 δὲ
1548 1648 1631 1684 αὐτῷ·
1645 1648 1742 1674 Οὐκέτι
1758 1645 1859 1673 Ἰακὼϐ
1875 1647 1938 1681 κλη-

307 1709 488 1746 appellabitur
504 1714 605 1734 nomen
620 1709 709 1738 tuum,
726 1705 774 1732 sed
803 1702 889 1731 lsrael
905 1713 912 1730 :
928 1703 1057 1739 quoniam
1073 1702 1097 1730 si

305 1758 404 1782 contra
413 1753 498 1781 Deum
512 1752 592 1779 fortis
610 1750 697 1782 fuisti,
710 1752 813 1784 quanto
835 1749 922 1785 magis
938 1751 1033 1775 contra
1048 1747 1099 1774 ho-

308 1802 398 1828 mines
408 1798 568 1835 praevalebis
575 1798 614 1823 ’τί
638 1807 646 1823 ι
657 1796 692 1823 Et
707 1800 769 1831 post
782 1802 869 1830 pauca
881 1803 889 1822 :
904 1803 913 1820 ‹
928 1793 1040 1821 Vocavit
1053 1792 1100 1820 Ja-

310 1846 362 1873 cob
379 1853 478 1873 nomen
490 1844 543 1872 loci
570 1843 644 1870 illius
659 1841 781 1869 Phanuel
799 1841 886 1876 (visus
906 1839 966 1875 Dei)
980 1839 1075 1867 dicens
1090 1846 1096 1863 :

311 1891 371 1917 Vidi
388 1890 532 1918 Dominum
554 1889 624 1915 faeie
645 1887 678 1915 ad
693 1887 791 1914 faciem
807 1890 834 1914 et
864 1885 940 1914 salva
965 1885 1036 1912 facta
1058 1889 1100 1912 est

310 1937 400 1963 anima
415 1943 476 1963 mea
484 1935 516 1962 ⁵⁸,
535 1943 544 1960 ι
559 1933 664 1967 Quibus
677 1932 753 1959 addit
766 1931 927 1966 Scriptura:
941 1939 949 1956 ι
963 1928 1100 1964 Ortusque

312 1985 354 2009 cst
368 1981 394 2008 ei
411 1980 506 2009 statim
519 1980 570 2012 sol,
586 1982 730 2014 postquam
763 1980 956 2012 transgressus
970 1979 1013 2003 est
1030 1974 1101 2001 Pha-

312 2028 377 2055 nuel
395 2026 481 2063 (visus
493 2025 553 2061 Dei)
569 2025 602 2050 ‘9.
621 2033 630 2050 ι
659 2022 816 2051 Abrahamo
847 2021 955 2057 quidem
984 2022 1100 2056 primum

313 2073 419 2100 somnio
434 2071 567 2099 Dominus
584 2069 790 2103 manifestatur,
802 2072 829 2096 et
843 2068 943 2103 saepius
970 2066 1102 2101 colloqui-

313 2122 379 2151 tur;
396 2122 437 2144 ter
451 2116 513 2144 dein
531 2117 555 2143 ei
573 2115 649 2143 visus
676 2115 805 2147 refertur,
829 2121 884 2141 non
900 2114 928 2140 in
943 2117 1033 2144 nocte,
1055 2112 1102 2139 sed

315 2171 366 2198 per
393 2162 534 2189 meridiem
564 2162 658 2194 visus;
682 2161 710 2188 in
727 2161 808 2188 tertia
831 2160 904 2188 enim
935 2159 1103 2194 apparitione

315 2210 375 2243 ipso
386 2206 538 2234 meridiano
556 2210 678 2241 tempore
694 2206 754 2241 ejus
769 2205 918 2241 hospitium
932 2205 1041 2239 excipit.
1058 2203 1104 2230 Ja-

315 2253 385 2280 cobo
402 2255 492 2278 autem
509 2251 626 2286 primum
654 2251 764 2286 quidem
796 2253 858 2285 post
882 2249 948 2277 solis
975 2256 1103 2276 occasum

316 2298 405 2326 media
419 2301 501 2325 nocte
513 2297 540 2323 in
553 2297 669 2324 somniis
681 2300 804 2332 apparet,
834 2296 863 2322 in
879 2294 1101 2330 Mesopotamiam

316 2342 505 2374 descendenti,
523 2349 584 2369 cum
611 2349 658 2376 per
675 2349 800 2369 somnum
829 2341 936 2376 aspexit
962 2341 1102 2368 caelestem

317 2389 431 2423 scalam,
456 2387 621 2423 angelosque
640 2387 668 2414 in
684 2387 743 2421 ipsa
758 2386 937 2414 ascendentes
951 2390 978 2414 et
992 2387 1105 2415 descen-

317 2435 423 2467 dentes,
443 2433 601 2468 audivitque
628 2432 772 2460 Dominum
801 2433 926 2460 innixum
950 2433 1031 2461 scala
1052 2433 1105 2461 sibi

317 2480 453 2507 dicentem
469 2489 476 2506 :
495 2488 504 2504 ι
524 2478 580 2513 Ego
595 2486 657 2506 sum
672 2478 803 2506 Dominus
819 2478 890 2507 Deus
909 2479 1045 2506 Abraham
1057 2486 1105 2514 pa-

318 2527 369 2554 tris
381 2527 421 2554 tui
434 2526 468 2558 °°,
489 2535 497 2552 ι
516 2529 543 2552 et
557 2526 673 2560 reliqua,
696 2533 756 2560 quae
768 2525 947 2560 sequentibus
962 2532 1011 2560 per
1024 2532 1106 2560 ange-

319 2572 374 2598 lum
389 2572 414 2599 ei
428 2571 500 2612 dicta
517 2570 602 2598 fuisse
618 2570 858 2603 demonstrantur;
885 2570 1004 2598 secunda
1016 2569 1104 2597 mani-

319 2617 428 2644 festatio
441 2617 468 2644 in
487 2616 681 2652 Mesopotamia
705 2617 776 2644 facta
800 2620 853 2649 est,
877 2624 941 2643 cum
966 2616 991 2643 ei
1017 2615 1104 2643 adfuit

320 2663 442 2697 dixitque
470 2661 614 2694 Dominus,
633 2666 662 2689 ut
691 2665 935 2697 tetragrammaton
958 2661 1102 2689 ostendit:

323 2717 332 2733 ι
350 2708 494 2736 Revertere
510 2708 539 2735 in
550 2712 651 2735 terram
667 2712 775 2744 patrum
797 2712 919 2740 tuorum,
934 2711 961 2735 et
976 2707 1009 2734 ad
1023 2714 1091 2743 gene

322 2754 455 2781 rationem
466 2758 551 2785 tuam,
566 2758 593 2781 et
603 2762 650 2781 ero
666 2758 756 2781 tecum
772 2754 806 2780 ει.
824 2763 833 2779 ι
851 2753 880 2780 ln
893 2754 997 2781 somnis
1011 2753 1035 2781 ei
1048 2753 1105 2780 haec

322 2801 348 2825 et
363 2806 410 2833 per
422 2799 547 2834 angelum
564 2799 688 2826 elocutus
704 2802 757 2827 est.
776 2798 810 2826 Ut
823 2802 850 2826 et
864 2799 921 2833 ipse
929 2798 1009 2826 docet
1023 2797 1103 2826 Jaco—

359 2888 382 2902 ⁸⁸
401 2886 468 2914 Gen.
485 2895 576 2919 xxvu,
595 2887 640 2914 29.
678 2888 702 2904 "
720 2886 809 2914 Galat.
826 2894 874 2918 in,
903 2886 947 2913 l6.

324 2922 369 2949 51.
406 2923 428 2938 ⁸ο
448 2921 515 2950 Gen.
535 2931 633 2955 xxvnl,
652 2922 695 2949 l3.
733 2923 754 2938 “
773 2922 840 2949 Gen.
862 2929 945 2955 XXXI,
963 2922 988 2948 5.

1000 2886 1023 2902 "°
1042 2885 1108 2914 Gen.
1129 2893 1214 2917 xxxii,
1242 2885 1286 2912 ‘24.

1148 1698 1258 1734 Θήσεται
1278 1696 1307 1722 τὸ
1324 1695 1408 1731 ὄνομα
1425 1703 1482 1727 σου,
1499 1691 1556 1721 ἀλλ’
1575 1694 1682 1730 Ἰσραὴλ
1701 1693 1777 1720 ἔσται
1805 1693 1837 1719 τδ
1854 1692 1938 1728 διιομά

1149 1752 1206 1775 σου,
1222 1743 1262 1769 ὅτι
1278 1742 1421 1776 ὲνίσχυσας
1436 1740 1504 1776 μετά
1527 1740 1609 1773 θεοῦ,
1631 1740 1678 1766 καί
1694 1739 1764 1775 μετὰ
1785 1738 1938 1774 ἀνθρώπων

1148 1790 1265 1821 δυνατός.
1276 1799 1285 1814 ι
1299 1789 1353 1815 Καὶ
1369 1786 1446 1820 αὖθις
1461 1787 1519 1823 μετ’
1532 1787 1634 1821 ὀλίγα-ι
1645 1786 1787 1813 Ἐκάλεσεν
1797 1785 1898 1812 Ἰακὼϐ
1911 1786 1939 1811 τὸ

1149 1836 1232 1871 ὖνομα
1244 1835 1290 1861 τοῦ
1309 1835 1392 1861 τόπου
1408 1834 1511 1861 ἐκείνου
1528 1831 1602 1865 Εἶδος
1617 1831 1683 1859 Θεοῦ
1693 1841 1700 1849 ⁸
1715 1830 1784 1859 εἶδον
1800 1831 1857 1868 γὰρ
1876 1831 1939 1858 Θεὸν

1150 1882 1292 1917 πρόσωπον
1311 1881 1376 1916 πρὸς
1394 1879 1547 1916 πρόσωπον,
1563 1878 1609 1905 καὶ
1623 1877 1711 1913 ἐσώθη
1726 1878 1742 1913 ἡ
1758 1878 1833 1913 ψυχή
1852 1886 1912 1912 μου.
1928 1886 1936 1901 ›

1150 1926 1197 1959 Οἷς
1223 1926 1347 1962 ἐπιφέρει
1374 1925 1514 1960 φάσκουσα
1587 1924 1697 1960 Γραφὴ.
1713 1933 1721 1948 ι
1746 1923 1884 1949 Ἀνέτειλε
1913 1922 1939 1948 δὲ

1150 1970 1223 2006 αὐτῷ
1239 1971 1314 2005 ἥλιος
1328 1970 1409 2006 ἡνίκα
1432 1969 1552 2005 παρῆλθε
1568 1969 1598 1996 τὸ
1613 1967 1681 2000 εἶδος
1695 1968 1742 1995 τοῦ
1764 1968 1846 1994 Θεοῦ.
1870 1978 1879 1993 ι
1898 1968 1940 2002 Τῷ

1153 2017 1201 2052 μὲν
1224 2016 1346 2052 Ἀϐραὰμ
1366 2015 1483 2051 ἀρχῆθεν
1503 2015 1577 2050 ῦπαρ
1600 2015 1614 2040 ὁ
1633 2015 1733 2050 Κύριος
1759 2013 1938 2049 χρηματίζει,

1152 2064 1197 2090 καὶ
1209 2063 1336 2094 πολλάκις
1352 2062 1400 2098 μὲν
1411 2062 1572 2096 διαλέγεται,
1586 2061 1645 2096 τρὶς
1660 2061 1687 2087 δὲ
1698 2060 1774 2095 αὐτῷ
1788 2061 1836 2086 καὶ
1849 2061 1939 2094 ὀφθεὶς

1151 2109 1365 2145 ἀναγέγραπται,
1381 2109 1427 2135 καὶ
1442 2108 1491 2134 οὐκ
1504 2109 1532 2134 ὲν
1546 2108 1631 2139 νυκτὶ,
1647 2107 1703 2134 ἀλλ’
1718 2108 1746 2133 ὲν
1762 2107 1860 2142 «ἡμέρᾳ
1874 2107 1940 2142 μέσῃ

1152 2155 1242 2190 ὀφθείς
1253 2164 1259 2170 '
1274 2155 1304 2181 τὸ
1320 2155 1384 2189 γοῦν
1396 2155 1485 2190 τρίτον
1499 2155 1545 2181 καὶ
1560 2155 1588 2180 ὲν
1605 2153 1672 2188 αὐτῇ
1690 2152 1853 2188 μεσημϐρίᾳ.
1870 2152 1941 2185 αὐτῷ

1153 2200 1337 2234 ἐπιξενοῦται·
1359 2200 1397 2235 τῷ
1423 2200 1450 2226 δὲ
1478 2198 1573 2226 Ἰακὼϐ
1599 2199 1705 2234 πρῶτον
1739 2198 1788 2233 μὲν
1815 2197 1942 2228 δύναντος

1153 2247 1228 2283 ἡλίου
1245 2248 1273 2273 ὲν
1291 2247 1361 2282 μέσῃ
1378 2246 1455 2273 νυκτὶ
1476 2245 1536 2273 καθ’
1560 2245 1660 2276 ὕπνους
1686 2244 1812 2279 φαίνεται
1833 2244 1896 2270 κατ’
1920 2244 1942 2269 εἰ

1155 2293 1208 2328 γὰρ
1223 2293 1363 2328 (κατιόντι)
1381 2293 1420 2324 εἰς
1436 2291 1659 2326 Μεσοποταμίαν,
1669 2291 1712 2317 ὅτε
1727 2291 1755 2316 ὲν
1772 2290 1812 2325 τῷ
1824 2290 1943 2325 ὁράματι

1154 2339 1294 2375 Θεωρήσας
1307 2339 1355 2374 τὴν
1372 2337 1588 2375 οὖρανοκλίμακα
1608 2338 1654 2363 καὶ
1670 2337 1731 2368 τοὺς
1748 2336 1942 2366 ἀναϐαίνοντας

1154 2386 1281 2417 καὶτοὺς
1303 2385 1512 2415 καταϐαίνοντας
1537 2385 1565 2410 ὲν
1589 2384 1657 2418 αὐτῇ
1679 2382 1824 2417 ἀγγέλους,
1847 2382 1894 2409 τὸν
1917 2382 1943 2408 δὲ

1155 2432 1255 2468 Κύριον
1276 2431 1505 2467 ἐπεστηριγμένον
1526 2432 1568 2457 ἐπ’
1584 2429 1683 2465 αὐτῆς,
1704 2428 1798 2455 ἀκούει
1818 2429 1944 2463 λέγοντος

1155 2479 1228 2514 αὐτῴ
1244 2479 1290 2504 τοῦ
1307 2479 1420 2513 Κυρίου,
1441 2488 1449 2503 ι
1473 2476 1542 2510 Ἐγὼ
1565 2476 1665 2512 Κύριος
1686 2476 1700 2501 ὁ
1724 2475 1791 2506 Θεὸς
1818 2473 1943 2510 ’Ᾱϐραὶμ

1156 2524 1202 2551 τοῦ
1216 2524 1317 2559 πατρός
1334 2532 1390 2555 σου,
1412 2533 1420 2548 ι
1435 2523 1482 2549 καὶ
1495 2522 1527 2548 τὰ
1540 2521 1628 2553 λοιπὰ,
1647 2521 1664 2548 ἃ
1678 2521 1724 2548 καὶ
1740 2521 1796 2547 ἀπὸ
1810 2521 1867 2547 τῶν
1884 2520 1944 2554 ἑξῇς

1157 2570 1318 2605 παρίσταται
1330 2570 1362 2595 δι’
1378 2569 1491 2603 ἀγγέλου
1509 2567 1581 2602 αὐτῷ
1598 2566 1714 2602 εἰρηκώς
1725 2575 1732 2581 ·
1749 2567 1797 2593 καὶ
1818 2567 1945 2601 δεύτερον

1154 2616 1182 2642 δὲ
1193 2617 1221 2641 ἐν
1234 2616 1266 2650 τῇ
1284 2615 1489 2650 Μεσοποταμίᾳ,
1503 2615 1546 2641 ὅτε
1570 2614 1682 2645 ἐπιστὰς
1701 2607 1780 2644 αὖθις
1802 2615 1816 2640 ὁ
1836 2613 1882 2639 διὰ
1900 2612 1945 2638 τοῦ

1155 2660 1363 2696 τετραγράμμου
1375 2660 1535 2696 δηλούμενος
1548 2659 1648 2694 Κύριος
1660 2658 1735 2685 εἶπεν
1745 2659 1833 2694 αὐτῷ·
1846 2669 1856 2684 ί
1869 2660 1947 2684 ’Δῖος

1156 2708 1270 2744 στρέφου
1291 2708 1329 2739 εἰς
1345 2707 1394 2742 τὴν
1409 2707 1460 2741 γῆν
1479 2706 1532 2733 τῶν
1551 2706 1674 2741 πατέρων
1699 2714 1747 2732 σου
1769 2707 1819 2732 καὶ
1839 2707 1881 2738 εἰς
1900 2705 1946 2740 τὴν

1155 2753 1251 2787 γενεάν
1267 2754 1376 2785 σου,κα“ι
1389 2753 1484 2788 ἔσομαι
1501 2753 1568 2788 μετά
1585 2753 1641 2779 σοῦ.
1658 2761 1667 2777 ι
1682 2751 1751 2778 Καθ’
1769 2751 1856 2779 ὕπνον
1874 2751 1947 2786 αὐτῷ

1156 2797 1242 2824 ταῦτα
1253 2797 1299 2824 καὶ
1311 2798 1343 2823 δι’
1355 2797 1469 2831 ἀγγέλου
1483 2797 1606 2833 εἴρηκεν·
1621 2797 1658 2829 ὡς
1678 2797 1706 2824 δὲ
1720 2797 1804 2828 αὐτὸς
1816 2799 1830 2824 ὁ
1850 2796 1947 2824 Ἰακὼϐ

1343 2885 1364 2900 ⁵⁷
1387 2885 1450 2912 ibid.
1480 2884 1570 2913 ‘26-‘28.
1623 2885 1645 2901 ⁵⁸
1665 2885 1729 2912 ibid.
1757 2886 1803 2914 50.
1837 2887 1860 2904 ”
1880 2886 1936 2914 ibid
