2037 3215
145 198 213 224 '0“

654 193 804 222 ECLOGA?
824 193 1065 222 PROPHETICE.
1087 209 1119 214 -—-
1139 193 1203 220 LIB.
1220 192 1240 220 Ῐ.

1701 192 1776 219 tot“!

141 257 264 283 διδάσκει
279 256 329 282 ἄνα
345 255 425 291 (ἅμα)
440 254 505 289 γοῦν
518 257 549 290 τῇ
564 255 623 290 θείᾳ.
638 256 712 290 φωνῇ
727 255 775 290 τὴν
793 255 874 282 Λείαν
888 257 929 282 καῖ

987 255 1049 287 bus,
1067 254 1171 281 vocalis
1185 253 1238 280 Deo
1251 252 1364 287 jubente
1378 251 1478 278 Rachel
1493 255 1520 277 et
1546 250 1605 281 Lia,
1617 249 1711 284 eisque
1728 249 1771 276 iu—

140 302 193 337 τὴν
215 302 314 337 Ῥαχὴλ
336 301 519 333 ἀνακαλέσας,
543 301 602 336 μεθ’
618 301 699 336 ἕτερα
719 301 764 328 τὸν
788 302 933 336 γενόμενον

140 347 219 383 αὐτῷ
235 348 425 383 χρηματισμὸν
448 347 600 374 ἀνατίθεται
625 348 718 379 αὑταῖς
737 346 833 381 λέγων,
849 357 857 372 ι
880 348 934 374 Καὶ

139 391 205 422 εἶπέ
219 402 265 429 μοι
286 394 300 420 6
318 393 432 428 ἄγγελος
447 392 493 420 τοῦ
508 392 575 419 Θεοῦ
599 393 658 419 καθ’
679 393 772 426 ὕπνον,
794 393 901 423 Ἰακὼϐ,
922 403 930 418 ι

140 442 191 468 καὶ
215 441 250 468 τὰ
272 440 344 476 ἑξῆς,
372 441 401 468 ὲν
425 438 465 473 οἷς
492 449 583 476 φησιν·
605 450 614 466 ι
636 441 706 475 Ἐγώ
722 442 779 476 εἰμι
802 441 816 466 6
839 441 905 473 Θεὸς
920 442 934 468 ὁ

138 486 236 522 ὀφθείς
249 494 289 512 σοι
301 487 329 513 ὲν
341 485 416 521 τόπῳ
426 486 492 512 Θεοῦ
501 495 508 501 ·
522 482 552 512 οὗ
565 485 677 521 ἧλειψὰς
692 495 736 521 μοι
749 487 808 512 ἐκεῖ
821 486 932 522 στήλην,

139 533 190 560 καὶ
204 531 278 568 ηὔξω
291 541 336 567 μοι
349 533 408 558 ἐκεῖ
428 532 526 568 εὐχήν·
541 532 588 560 νῦν
609 530 655 559 οὖν
671 531 811 568 ἀνάστηθι,
830 533 876 558 καὶ
892 533 934 566 ἕξ-

137 578 203 605 ελθε
219 579 251 605 ἐκ
263 578 312 614 τῆς
328 578 381 614 γῆς
396 579 509 614 ταύτης,
526 579 572 606 καὶ
587 578 686 606 ἄπελθε
700 580 740 610 είς
754 579 802 614 τὴν
820 579 870 614 γῆν
884 580 933 614 τῆς

136 623 273 659 γενέσεώς
293 633 349 651 σου.
370 634 380 650 ι
395 624 472 651 Μετᾶ
487 625 515 651 δὲ
539 625 624 652 ταῦτα
643 625 839 660 ὑποστρέψαντι
860 625 933 660 αὐτῷ

136 671 196 698 ἀπὸ
214 672 262 707 τῆς
277 671 488 707 Μεσοποταμίας
509 672 615 707 πρῶτον
631 671 679 707 μὲν
695 671 746 707 ήδη
764 672 869 707 πρωῒας
888 670 933 697 οὒ-

137 725 192 752 σ-ης
209 717 376 753 συνήντησαν
398 717 422 743 οἱ
446 717 555 751 ἄγγελοι
581 717 627 744 τοῦ
641 718 719 750 Θεοῦ,
737 718 800 754 περὶ
826 714 864 744 ὧν
885 717 934 744 καὶ

136 761 211 790 εἶπε·
226 772 235 788 ι
250 763 414 799 Παρεμϐολὴ
425 763 492 790 Θεοῦ
505 763 587 799 αὕτη·
605 773 614 790 ›
628 764 674 790 καὶ
689 764 762 795 είκός
775 772 805 798 γε
823 763 932 795 τούτους

135 809 261 840 ἐκείνους
275 806 356 841 εἶναι,
370 808 417 842 οὓς
432 809 563 845 πρότερον
579 810 625 836 ἐπὶ
638 810 687 845 τῆς
701 810 832 845 κλίμακος
845 810 931 845 ἑωρά-

135 862 199 880 κει·
221 851 279 880 εἶτα
297 853 326 880 δὲ
349 854 397 881 καὶ
420 853 558 880 ἀνατέλλει
579 854 652 890 αύτῷ
673 856 687 881 ὁ
708 855 836 890 ἀνωτέρω
851 854 932 886 δύνας

135 899 215 934 ἥλιος
230 899 299 935 μετά
313 899 362 935 τὴν
383 899 592 936 προεκτεθεῖσαν
614 902 776 937 περικοπὴν,
791 902 820 927 ὲν
869 901 932 936 φαί-

987 305 1026 328 ter
1062 300 1113 326 alia
1146 298 1317 333 apparitione
1343 305 1404 333 qua!
1433 297 1485 324 sibi
1514 301 1642 327 evenerat
1674 295 1771 323 relata.

989 345 1144 380 «Dixitque
1161 345 1273 380 angelus
1290 343 1409 375 Domini,
1437 343 1535 377 inquit,
1549 342 1581 369 ad
1594 349 1637 368 me
1658 341 1684 367 in
1699 348 1772 367 som-

985 393 1036 425 nis,
1052 392 1147 419 dicens
1164 391 1266 418 :Jacob
1281 391 1316 423 ";
1335 399 1344 416 ι
1362 393 1388 417 et
1413 392 1522 421 cmtera,
1546 387 1572 414 in
1595 387 1695 422 quibus
1712 387 1749 412 ait
1764 395 1772 412 :

987 448 995 463 ι
1015 438 1072 473 Ego
1088 445 1147 465 sum
1162 437 1233 464 Deus
1249 437 1324 464 visus
1337 436 1386 463 tibi
1407 435 1434 462 in
1452 436 1511 462 loco
1537 434 1596 465 Dei,
1610 433 1655 460 ubi
1670 432 1771 459 tinxisti

984 485 1112 520 lapidem,
1129 488 1155 510 et
1168 488 1260 510 votum
1273 483 1371 510 vovisti
1386 482 1463 509 mihi.
1478 481 1556 509 Nunc
1569 489 1633 516 ergo
1649 489 1729 517 surge
1744 484 1771 508 et

984 530 1113 565 egredere
1125 529 1158 557 de
1171 533 1243 556 terra
1260 529 1327 561 hac,
1343 532 1478 557 revertere
1497 528 1523 555 in
1542 533 1641 555 terram
1672 527 1773 554 nativi-

984 576 1049 604 tatis
1065 581 1118 604 tuaa
1133 576 1164 603 ⁸³.
1185 586 1194 602 ›
1214 575 1280 604 Post
1294 576 1352 603 haec
1366 583 1431 603 vero
1449 575 1596 602 revertenti
1613 583 1628 602 e
1646 574 1772 609 Mesopo-

984 623 1067 650 tamia
1081 622 1169 658 primo
1181 630 1260 649 mane
1270 622 1378 649 obviam
1392 621 1504 648 fuerunt
1518 621 1605 655 angeli
1619 620 1726 647 Domini
1739 620 1772 646 de

984 668 1083 703 quibus
1097 672 1124 695 et
1138 667 1208 694 dixit
1225 675 1231 693 :
1251 676 1260 693 ι
1277 666 1374 694 Castra
1388 666 1436 694 Dei
1459 671 1522 694 sunt
1538 666 1595 693 haec
1611 666 1643 692 “.
1664 675 1673 691 ›
1694 664 1772 692 Veri-

984 714 1074 742 simile
1087 718 1129 741 est
1142 713 1193 742 hos
1205 711 1276 746 esse,
1293 721 1363 748 quos
1377 713 1454 748 prius
1481 719 1564 747 super
1580 712 1681 739 scalam
1697 711 1771 738 vide-

984 764 1036 789 rat.
1050 761 1152 789 Deinde
1166 761 1253 788 oritur
1265 760 1302 787 illi
1316 760 1357 788 sol
1373 768 1405 787 ex
1426 760 1480 786 alto
1507 763 1569 794 post
1583 758 1771 794 supradiclum

984 808 1085 839 locum,
1099 808 1128 834 in
1144 815 1198 842 quo
1211 807 1318 835 videtur
1332 813 1394 834 cum
1406 813 1440 833 eo
1451 806 1572 833 luctatus
1587 812 1635 840 per
1644 812 1771 832 somnum

982 854 1030 889 qui
1044 853 1077 880 ad
1092 861 1154 880 eum
1167 853 1235 880 dixit
1251 861 1257 878 :
1279 862 1288 878 ι
1307 851 1484 887 Nequaquam
1509 850 1593 878 Jacob
1619 849 1771 886 appellabi-

984 904 1028 926 tur
1049 906 1149 926 nomen
1167 902 1255 930 tuum,
1282 897 1330 925 sed
1354 897 1450 929 lsrael,
1477 897 1607 932 quoniam
1633 897 1656 923 si
1673 900 1770 923 contra

134 952 213 971 νεται
224 944 346 972 παλαίων
359 945 433 981 αὺτῷ
446 946 506 972 καθ’
520 945 620 978 ὕπνους
631 947 645 973 6
658 948 745 983 φήσας
759 947 827 982 πρὸς
839 948 929 974 αὐτόν·

982 945 1067 973 Deum
1081 945 1161 973 fortis
1180 944 1268 976 fuisti,
1281 947 1385 980 quanto
1411 943 1500 978 magis
1528 946 1621 969 contra
1645 941 1771 969 homines

137 999 148 1016 ι
167 990 265 1018 Οὐκέτι
283 990 447 1028 κληθήσεται
468 991 498 1018 τὸ
515 991 601 1028 ὖνομά
619 1001 665 1019 σου
683 993 789 1025 Ἰακὼϐ,
801 993 858 1020 ἀλλ’
876 986 926 1021 Ἰσέ

133 1035 207 1072 ραὴλ
223 1035 298 1063 ἔσται
320 1037 351 1063 τὸ
371 1036 458 1074 ὄνομά
477 1046 534 1070 σου,
556 1038 596 1065 ὅτι
612 1039 755 1075 ὲνίσχυσας
773 1039 842 1074 μετά
862 1040 929 1068 Θεοῦ

133 1081 185 1108 καὶ
201 1081 270 1117 μετὰ
283 1081 433 1118 ἀνθρώπων
447 1082 568 1115 δυνατός.
586 1092 595 1109 ι
610 1082 685 1110 Μετὰ
697 1083 763 1118 γοῦν
778 1083 827 1119 τὴν
846 1084 931 1111 ὀπτα-

133 1127 199 1154 σίαν
210 1127 345 1156 ἀνέτειλεν
363 1128 438 1164 αὐτῷ
453 1130 468 1155 6
481 1129 570 1165 ἥλιος·
589 1129 641 1166 ήδη
653 1130 682 1156 δὲ
699 1129 865 1166 προκόψαντι
884 1131 929 1156 καὶ

132 1174 304 1202 τελειωθέντι
319 1174 410 1202 οὐκέτι
432 1175 493 1202 καθ’
510 1175 620 1208 ὕπνους,
636 1175 685 1202 ἀλλ
693 1169 772 1202 ”ούδὲ
790 1176 820 1201 ὲν
839 1175 928 1208 νυκτὶ,

132 1220 196 1247 οὐδὲ
210 1221 243 1248 δι’
258 1221 384 1256 ἀγγέλου,
395 1222 455 1249 οὐδὲ
475 1221 528 1258 μὴν
547 1221 581 1249 δι’
598 1221 768 1258 ἀνθρωπίνου
789 1221 885 1255 εἴδους,
899 1222 929 1248 ὲν

133 1265 208 1302 μέσῃ
222 1265 250 1292 δὲ
266 1266 359 1303 ἡμέρᾳ
380 1267 427 1293 καὶ
449 1267 519 1301 φωτὶ
542 1267 718 1303 χρηματίζων
741 1267 816 1303 αὐτῷ
833 1269 847 1294 6
862 1267 929 1299 Θεός

132 1317 230 1347 φησιν·
252 1320 261 1337 ι
286 1312 428 1345 ’Δναστάς,
445 1312 561 1349 ἀνάϐηθι
585 1314 625 1345 είς
647 1313 693 1340 τὸν
711 1313 795 1340 τόπον
816 1313 927 1354 Βαιθὴλν

131 1357 183 1384 καὶ
198 1357 267 1384 οἴκει
281 1358 353 1385 ἐκεῖ·
373 1368 384 1385 ›
402 1359 448 1385 καὶ
465 1359 512 1386 ἐπὶ
527 1358 632 1391 τούτοις
655 1360 721 1387 πᾶσι
740 1360 800 1387 τότε
822 1359 928 1395 πρῶτον

130 1405 149 1439 ἡ
168 1403 228 1430 θεία
242 1404 337 1440 Γραφὴ
361 1408 496 1442 μαρτυρεῖ
518 1407 558 1432 ὃτι
579 1405 656 1442 ὤφθη
680 1406 754 1442 αὐτῷ
776 1407 790 1432 6
812 1406 878 1437 Θεὸς
898 1407 929 1433 ὲν

131 1450 234 1483 Λουζᾶ,
249 1452 297 1478 καὶ
319 1450 465 1487 εὐλόγησεν
486 1452 566 1479 αὐτὸν
588 1452 675 1486 λέγων
695 1452 730 1478 τὰ
752 1453 928 1488 ἀναγεγραμ-

133 1496 217 1531 μένα.
236 1495 265 1532 (l‘.
274 1496 485 1533 11)Ζητήσομεν
494 1497 515 1523 δ’
526 1497 572 1524 ἐπι⁹
582 1498 677 1534 σχολῆς
689 1498 748 1530 πῶς
761 1498 829 1534 μετὰ
842 1498 929 1526 ταῦτα

133 1541 259 1577 μέλλοντι
273 1542 347 1578 αὐτῷ
363 1543 484 1570 κατιέναι
507 1544 547 1575 είς
566 1544 701 1578 Αἴγυπτον
718 1544 798 1570 πάλιν
819 1545 848 1571 ὲν
861 1545 927 1580 όρά-

133 1597 203 1624 ματι
218 1589 264 1615 καὶ
278 1588 321 1615 διά
335 1589 430 1620 νυκτὸς
448 1590 463 1616 6
481 1589 547 1622 Θεὸς
562 1587 647 1616 εἵπεψ
662 1600 671 1616 ι
687 1590 732 1625 Μὴ
749 1589 831 1625 φοϐοῦ
845 1599 928 1617 κατα-

983 991 1142 1027 ρταξνοιεὺίε
1153 991 1196 1018 εει
1220 1001 1228 1016 ι
1256 990 1322 1018 Post
1347 990 1430 1026 igitur
1450 989 1592 1018 visionem.
1618 987 1711 1015 statim
1730 987 1771 1014 sol

983 1042 1060 1066 ortus
1079 1041 1122 1066 est
1146 1038 1181 1065 ei.
1214 1037 1362 1072 Postquam
1383 1040 1473 1064 autem
1501 1035 1657 1071 profecerit.
1679 1033 1770 1069 perfe-

982 1088 1099 1119 ctusque
1110 1083 1204 1116 fuerit,
1220 1083 1278 1118 jam
1289 1090 1342 1110 non
1368 1083 1396 1110 in
1413 1082 1530 1113 somnis,
1562 1088 1651 1116 neque
1675 1084 1769 1112 noctu,

982 1138 1071 1166 neque
1085 1137 1134 1165 per
1149 1130 1287 1165 angelum,
1302 1136 1392 1164 neque
1409 1128 1460 1156 sub
1468 1127 1560 1163 specie
1574 1127 1705 1159 humana,
1721 1125 1771 1154 sed

981 1177 1016 1208 in.
1026 1176 1116 1204 medio
1128 1176 1182 1210 die,
1197 1176 1259 1204 luce
1276 1175 1304 1203 in
1317 1174 1423 1207 media,
1437 1173 1510 1202 Deus
1533 1173 1593 1208 ipse
1604 1172 1768 1200 manifesta—

983 1227 1027 1250 tur
1042 1222 1078 1255 ei,
1094 1223 1207 1250 dicens:
1228 1231 1238 1248 ‹
1256 1221 1354 1258 Surge,
1370 1225 1398 1249 et
1412 1219 1528 1248 ascende
1539 1218 1642 1250 Bctbel,
1654 1222 1682 1246 et
1694 1218 1771 1245 habi-

983 1275 1010 1298 ta
1028 1270 1065 1298 ibi
1081 1270 1113 1298 “.
1133 1279 1143 1297 ι
1162 1270 1251 1305 Atque
1266 1273 1329 1305 post
1356 1269 1414 1296 haec
1430 1268 1532 1299 omnia,
1558 1270 1623 1294 tunc
1651 1265 1770 1301 primum

982 1316 1074 1343 divina
1085 1315 1227 1350 Scriptura
1243 1318 1360 1342 testatur
1373 1313 1425 1348 ipsi
1442 1312 1527 1340 Deum
1542 1311 1630 1339 visum
1645 1310 1731 1338 fuisse
1743 1310 1770 1336 in

981 1362 1065 1395 Luna,
1081 1361 1128 1397 qui
1142 1364 1169 1389 et
1185 1360 1324 1389 benedixit
1338 1360 1388 1391 illi,
1397 1359 1519 1394 dixitque
1529 1365 1561 1386 ea
1572 1365 1632 1393 quae
1643 1357 1770 1384 referun-

983 1414 1036 1437 tur.
1066 1408 1226 1442 Quaeremus
1243 1411 1333 1435 autem
1363 1406 1450 1434 otiose
1477 1405 1615 1441 quomodo
1640 1404 1769 1438 deinceps

981 1456 1017 1487 ei,
1036 1463 1098 1483 cum
1115 1454 1143 1482 iu
1154 1453 1303 1490 Egyptum
1328 1452 1493 1481 descendere
1522 1454 1642 1487 pararet,
1671 1457 1769 1477 rursus

982 1502 1011 1529 in
1024 1501 1130 1530 visione
1141 1505 1276 1528 nocturna
1290 1499 1362 1528 Deus
1369 1499 1468 1527 dixerit
1483 1506 1510 1525 ε(
1528 1497 1589 1525 Noli
1599 1497 1707 1529 timere,
1719 1496 1768 1524 de~

982 1548 1083 1576 scende
1102 1548 1131 1575 in
1155 1546 1301 1582 Egyptum
1324 1546 1354 1573 ⁸⁷.
1385 1556 1394 1572 ι
1416 1545 1478 1573 Haec
1508 1544 1589 1572 nobis
1610 1542 1769 1571 necessario

982 1593 1184 1629 perpendenda.
1199 1592 1353 1621 Ostendunt
1369 1591 1441 1619 enim
1453 1591 1525 1627 quod
1547 1598 1602 1618 non
1613 1590 1703 1622 facile,
1719 1597 1770 1617 nec

132 1634 217 1670 ϐῆναι
231 1636 271 1667 είς
285 1635 432 1670 Αἴγυπτον.
454 1646 463 1662 ι
478 1635 570 1663 Ταῦτα
585 1637 613 1662 δὲ
627 1638 692 1672 ἡμῖν
707 1637 861 1671 ἀναγκαίως
879 1646 929 1664 πα-

981 1637 1069 1666 cuivis
1084 1638 1225 1666 hominum
1239 1637 1324 1665 Deum
1347 1638 1435 1664 visum
1455 1636 1541 1664 fuisse
1565 1635 1657 1663 divina
1674 1637 1768 1662 narrat

133 1680 305 1716 ρατέθειταιυ
323 1681 457 1708 δείκνυσιν
470 1683 523 1718 γὰρ
537 1683 578 1709 ὅτι
605 1683 642 1719 μὴ
656 1682 777 1719 εὐχερῶς
805 1683 865 1718 μηδ’
883 1683 930 1710 ἐπὶ

129 1726 189 1754 τῶν
203 1727 337 1763 τυχόντων
352 1728 457 1764 ἀνδρῶν
472 1729 488 1764 ὴ
508 1728 566 1755 θεία
582 1728 677 1764 Γραφὴ
695 1727 741 1755 τὸν
755 1728 821 1755 Θεὸν
838 1727 929 1763 ὦφθαι

133 1773 254 1809 ιστορετι
273 1772 329 1800 οὔτ’
345 1771 392 1800 οὖν
408 1767 456 1800 ἑπΐ
474 1773 520 1800 τοῦ
540 1774 635 1810 ’Δδὰμ,
651 1774 705 1801 οὔτ’
721 1775 767 1801 ἐπὶ
786 1774 833 1801 τοῦ
848 1783 930 1811 μετα-

131 1818 260 1851 τεθέντος
278 1819 372 1855 Ἐνὼχ,
391 1820 449 1847 ἀλλ’
463 1820 516 1847 οὐδ’
535 1820 580 1847 ἐπὶ
599 1820 647 1847 τοῦ
668 1820 740 1852 Νῶε,
755 1821 809 1847 οὐδ’
824 1821 866 1847 ἐπ’
882 1821 930 1847 αὐ-

130 1864 183 1892 τοῦ
196 1865 335 1897 Μωῠσέως
347 1866 494 1902 τετήρηται
507 1866 547 1892 ὅτι
559 1865 637 1902 ὤφθη
644 1867 697 1893 τινὶ
705 1867 807 1894 τούτων
821 1867 836 1893 ό
851 1867 927 1900 Θεὸς,

132 1911 257 1945 καίτοιγε
280 1911 410 1943 πολλάκις
437 1913 528 1944 αὐτοῖς
548 1911 691 1947 διειλέχθαι
715 1913 929 1949 ἀναγεγραμμέ-

131 1965 197 1989 νος·
213 1957 269 1984 ἀλλ’
283 1957 337 1984 οὐδ’
363 1957 409 1984 ἐπὶ
429 1958 489 1990 ἑνός
511 1966 543 1992 γε
562 1958 641 1986 ἄλλου
658 1961 671 1986 ὁ
689 1959 760 1991 θεῖος
782 1960 867 1994 Λόγος
883 1959 929 1987 τὸν

132 2003 202 2031 Θεὸν
222 2001 312 2038 ὦφθαι
338 2004 453 2038 εἰσάγει,
470 2004 546 2040 ἣὲπὶ
571 2006 650 2040 μόνου
673 2006 720 2032 τοῦ
741 2006 865 2042 ’Κὸραάμ
881 2006 929 2032 καὶ

133 2049 182 2076 τοῦ
197 2050 290 2077 Ἰσαὰκ
303 2050 350 2077 καὶ
364 2050 410 2077 τοῦ
428 2050 522 2077 Ἰακώϐ
532 2058 540 2066 ο
556 2052 602 2078 καὶ
615 2051 662 2078 ἐπὶ
675 2052 725 2087 μὲν
740 2051 787 2078 τϐῠ
804 2052 929 2089 Ἀϐραὰμ

133 2097 166 2123 οὺ
182 2096 252 2123 κατὰ
272 2096 318 2123 τὸν
339 2096 446 2133 πρῶτον
463 2098 536 2133 αύτῷ
549 2099 737 2134 χρηματισμὸν
754 2098 842 2135 ὤφθη,
860 2100 928 2128 ἀλλὰ

133 2142 207 2169 κατά
220 2142 265 2169 τὸν
279 2142 402 2179 δεύτερον
426 2145 472 2170 καὶ
487 2144 557 2171 κατά
573 2144 618 2171 τὸν
634 2145 755 2180 πέμπτον
771 2146 818 2172 καὶ
832 2144 925 2173 ἕκτον*

135 2188 184 2215 ὲπ¹ι
201 2187 231 2215 δὲ
249 2188 295 2215 τοῦ
321 2188 417 2216 Ἰακὼϐ
433 2189 501 2225 μετὰ
518 2190 552 2217 τὰ
570 2191 802 2228 ἀναγεγραμμένα
822 2194 925 2221 πάντα·

135 2233 175 2269 τῷ
193 2234 248 2269 γὰρ
266 2234 358 2262 Ἰσαὰκ
378 2235 418 2267 δὶς
444 2236 523 2271 μόνος
545 2238 715 2273 χρηματίσας
737 2239 751 2265 ό
771 2239 872 2275 Κύριος
896 2240 927 2266 τὸ

134 2280 176 2312 δίς
192 2277 281 2315 ὦφθαι
297 2280 372 2316 αύτῷ
385 2282 598 2318 ἀναγέγραπται,
616 2285 640 2310 εί
657 2285 703 2311 καὶ
715 2284 745 2311 τὸ
758 2284 881 2321 δεύτερον
897 2286 926 2313 ἐν

134 2314 227 2352 tum.
237 2314 372 2362 Πρόδηλον
383 2327 411 2354 δὲ
425 2314 480 2355 dict
488 2314 549 2355 ’τῶν
567 2314 637 2357 ximat
651 2330 696 2357 τὸν
715 2314 842 2366 Ἀϐραὰμ
856 2341 924 2368 προ-
941 2314 962 2341 ί)

135 2372 288 2407 ειρημένων
304 2373 379 2408 ἡμῖν,
390 2373 430 2399 ὃτι
446 2373 482 2409 μὴ
499 2375 545 2401 ἐπὶ
559 2375 589 2401 τὸ
606 2376 713 2411 πρῶτον
726 2378 810 2404 αἴτιον
825 2379 924 2413 ἀναφέ-

136 2426 196 2454 ρειν
213 2418 265 2453 χρὴ
276 2417 324 2450 τὰς
337 2418 477 2451 ὀπτασίας,
499 2420 557 2447 ἀλλ’
572 2421 618 2447 ἐπὶ
639 2422 683 2448 τὸν
698 2422 769 2449 θεῖον
787 2423 882 2458 Λόγον,
895 2425 923 2452 ὃν

135 2463 197 2490 οὐδὲ
214 2463 295 2490 αὐτόν
309 2464 407 2499 (αὐτοί)
425 2473 467 2491 πω
483 2467 581 2501 χωρεῖν
597 2463 647 2493 οἶοί
660 2476 688 2494 τε
706 2466 776 2503 ἦσαν
794 2470 817 2495 oi
836 2471 924 2505 μακά-

136 2517 190 2545 ριοι
209 2510 257 2535 καὶ
276 2509 341 2536 θεῖοι
358 2510 466 2546 ἄνδρες·
484 2511 589 2544 τούτοις
614 2513 678 2546 γοῦν
702 2515 803 2546 αὐτοῖς,
821 2513 860 2547 οἷς
877 2518 924 2542 καὶ

134 2551 226 2589 ὦφθαι
257 2556 434 2592 προείρηται,
461 2557 529 2593 μετὰ
558 2558 686 2592 πλείστας
718 2563 926 2596 προγυμνασίας

136 2601 251 2636 ἑωρᾶτο.
268 2601 315 2634 Τίς
333 2602 364 2638 δὴ
381 2602 435 2639 (ἂν)
457 2601 502 2630 οὖν
525 2604 603 2636 ἄλλος
618 2606 660 2641 εἴη
685 2606 731 2633 καὶ
753 2607 766 2632 ὁ
787 2607 858 2633 κατὰ
877 2608 925 2644 τὴν

135 2647 322 2683 προκειμένην
340 2649 491 2685 περικοπὴν
516 2650 693 2685 συμπαλαίων
715 2658 762 2678 και
780 2661 927 2687 συναγωνι-

136 2692 250 2727 ζόμενος
272 2694 319 2719 καὶ
338 2694 456 2730 ὡσπερεὶ
477 2696 626 2732 συμμαχῶν
642 2696 680 2732 τῷ
699 2697 805 2730 Ἰακὼϐ,
821 2698 836 2732 ἦ
850 2700 863 2724 ὁ
879 2709 925 2725 πο-

137 2737 264 2774 λυμερῶς
288 2740 334 2765 καὶ
357 2740 531 2776 πολυτρόπως
553 2743 609 2774 τοῖς
633 2744 750 2779 πατράσι
774 2745 890 2781 λαλήσας
912 2747 926 2772 6

138 2783 211 2819 ἱερὸς
226 2784 273 2811 τοῦ
290 2785 356 2812 Θεοῦ
376 2787 470 2821 Λόγος,
488 2788 565 2823 μόνος
585 2788 652 2822 μετά
673 2790 718 2816 τὸν
738 2791 846 2826 Πατέρα
867 2792 925 2818 Κύ-

175 2876 198 2891 ⁶¹
218 2874 285 2902 Gen.
298 2883 374 2908 xxxl,
391 2877 420 2904 Η

141 2910 164 2925 ⁸³
185 2909 266 2938 Hebr.
286 2918 311 2943 ι,
331 2910 356 2938 Ι.

982 1683 1134 1718 Scriptura.
1166 1682 1259 1718 Neque
1274 1683 1347 1710 enim
1362 1682 1476 1716 Adamo,
1496 1689 1585 1717 neque
1606 1681 1700 1708 Enocii
1715 1680 1766 1712 illi,

979 1730 1027 1766 qui
1051 1730 1201 1758 translatus
1222 1734 1274 1762 est,
1303 1737 1392 1764 neque
1406 1729 1472 1760 Noe,
1495 1736 1583 1763 neque
1599 1727 1652 1763 ipsi
1679 1727 1766 1762 Moysi

980 1777 1067 1805 fertur
1075 1776 1235 1812 apparuisse
1246 1775 1329 1808 Deus,
1343 1776 1394 1803 etsi
1404 1775 1504 1810 saapius
1515 1775 1556 1802 eis
1570 1774 1699 1801 locutum.
1705 1781 1767 1801 esse

980 1826 1104 1850 narrant.
1121 1822 1159 1850 De
1178 1822 1254 1850 nullo
1270 1822 1343 1850 enim
1359 1821 1468 1849 divinus
1484 1828 1574 1848 sermo
1598 1819 1687 1848 visum
1705 1827 1768 1847 esse

980 1868 1065 1896 Deum
1081 1868 1175 1901 refert,
1194 1867 1248 1895 nisi
1262 1867 1295 1895 de
1321 1867 1380 1895 solo
1391 1867 1557 1898 Abrahamo,
1574 1870 1603 1894 et
1617 1865 1723 1896 Isaaco.
1738 1869 1767 1893 et

979 1913 1091 1941 Iacobo.
1106 1913 1262 1940 Abrahamo
1279 1913 1387 1948 quidem
1404 1921 1459 1940 non
1490 1913 1518 1940 in
1541 1914 1629 1947 prima
1650 1911 1767 1939 manife-

981 1960 1100 1987 statione
1111 1960 1187 1987 visus
1201 1963 1254 1991 est,
1269 1958 1316 1987 sed
1334 1958 1462 1991 secunda,
1477 1958 1573 1994 quinta
1581 1962 1608 1985 et
1615 1961 1692 1986 sexta
1702 1967 1709 1990 ;
1720 1956 1767 1984 Ja-

979 2006 1048 2034 cobo
1065 2010 1155 2033 autem
1171 2006 1198 2033 in
1222 2005 1349 2034 omnibus
1364 2013 1424 2041 quae
1451 2008 1653 2038 memorantur;
1671 2003 1765 2032 lsaaco

979 2053 1021 2081 bis
1037 2056 1142 2080 tantum
1171 2052 1302 2080 Dominus
1328 2051 1533 2084 manifestatus,
1558 2051 1601 2078 bis
1622 2050 1700 2078 visus
1723 2050 1765 2078 di-

979 2099 1061 2131 citur,
1087 2103 1113 2127 et
1129 2098 1279 2127 secundum
1296 2099 1405 2134 quidem
1420 2102 1514 2126 noctu.
1533 2096 1707 2124 Manifestum
1722 2100 1765 2123 est

979 2146 1013 2173 iis
1025 2153 1086 2181 quae
1100 2145 1155 2181 jam
1171 2145 1205 2173 de
1219 2145 1375 2172 Abrahamo
1400 2144 1530 2176 diximus,
1556 2142 1629 2178 quod
1646 2150 1700 2170 non
1730 2141 1766 2169 ad

978 2193 1094 2228 primam
1120 2200 1231 2221 causam
1255 2192 1376 2220 visiones
1391 2195 1456 2219 sunt
1478 2189 1640 2222 referendae,
1668 2188 1715 2217 sed
1731 2187 1765 2215 ad

978 2240 1100 2268 divinum
1113 2239 1244 2273 Verbum,
1264 2240 1335 2274 quod
1347 2239 1471 2274 accipere
1493 2237 1614 2265 nondum
1637 2236 1765 2264 valebant

978 2286 1050 2313 beati
1065 2284 1205 2320 divinique
1216 2285 1351 2312 homines.
1371 2283 1419 2311 His
1433 2283 1517 2318 igitur
1532 2282 1611 2317 ipsis,
1624 2281 1726 2317 quibus
1739 2285 1765 2308 et

977 2331 1055 2359 visus
1084 2331 1169 2358 fuisse
1185 2331 1276 2359 dictus
1297 2334 1350 2364 est,
1374 2337 1429 2357 non
1445 2331 1505 2357 sine
1520 2329 1606 2356 multa
1627 2328 1761 2355 exercita-

979 2378 1053 2405 tione
1078 2377 1272 2413 przeparatoria
1297 2376 1488 2404 manilestatus
1515 2379 1567 2403 est.
1585 2374 1653 2407 Quis
1681 2375 1765 2409 igitur

978 2424 1048 2451 alius
1065 2431 1125 2452 esse
1141 2427 1244 2458 posset,
1260 2424 1306 2459 qui
1319 2423 1369 2451 hoc
1394 2423 1421 2450 in
1435 2423 1495 2450 loco
1510 2422 1673 2449 colluctatur
1699 2428 1762 2447 cum

977 2469 1079 2497 Iacobo
1094 2471 1173 2504 quasi
1191 2470 1291 2497 athleta
1305 2474 1332 2497 et
1357 2473 1502 2505 pugnator,
1518 2469 1571 2496 nisi
1588 2468 1701 2504 hicipse
1715 2468 1764 2503 qui

978 2516 1117 2543 multoties
1129 2516 1272 2550 ctjdivcrsa
1286 2517 1391 2543 ratione
1406 2516 1528 2551 patribus
1537 2515 1640 2543 nostris
1652 2515 1764 2542 locutus

979 2566 1020 2591 est
1038 2562 1072 2595 ⁸⁸,
1105 2567 1230 2590 sanctum
1254 2562 1301 2590 Dei
1326 2562 1456 2595 Verbum,
1480 2563 1555 2590 solus
1572 2566 1634 2598 post
1656 2561 1764 2589 Patrem

979 2609 1112 2638 Dominus
1127 2613 1153 2637 et
1174 2609 1256 2642 Deus,
1275 2609 1321 2644 qui
1332 2610 1409 2637 visus
1433 2613 1460 2636 et
1475 2608 1641 2636 benedicens
1662 2606 1764 2634 Jacoho

978 2655 1062 2683 Israel
1071 2663 1132 2682 eum
1145 2655 1305 2687 nominavit,
1317 2655 1420 2682 addens
1434 2663 1440 2680 :
1459 2664 1468 2680 ι
1481 2654 1582 2681 Contra
1599 2653 1684 2680 Deum
1709 2653 1766 2679 for-

979 2701 1014 2728 tis
1027 2701 1121 2728 luisti'!
1134 2711 1142 2726 ι
1161 2700 1199 2728 Εο
1214 2705 1305 2728 autem
1321 2700 1401 2728 modo
1418 2699 1547 2736 videbant
1572 2699 1657 2726 divini
1673 2698 1763 2725 nomi-

978 2755 1027 2775 nes
1041 2747 1087 2774 Dei
1101 2746 1232 2779 Verbum,
1245 2755 1299 2782 quo
1325 2751 1352 2774 et
1367 2745 1516 2773 Salvatoris
1532 2745 1620 2773 nostri
1635 2744 1762 2780 apostoli,

978 2793 1119 2820 dicentes:
1141 2803 1150 2819 ‹
1169 2793 1248 2826 Quod
1267 2793 1318 2820 fuit
1331 2792 1365 2820 ab
1382 2792 1472 2825 initio,
1497 2791 1571 2828 quod
1595 2791 1762 2822 audivimus,

472 2877 493 2894 ”
515 2878 578 2906 ibid.
616 2879 656 2906 13.
696 2881 719 2897 “
739 2880 804 2908 Gen.
839 2889 929 2914 xxxii,

1017 2883 1039 2898 "
1058 2882 1123 2910 ibid.
1139 2883 1184 2911 28.
1224 2883 1246 2899 εί
1266 2882 1332 2910 Gen.
1348 2890 1431 2916 xxxv,
1454 2883 1476 2911 l.
1516 2883 1537 2899 ⁶⁷
1558 2882 1627 2910 Gen.
1642 2887 1715 2913 vaI,
1734 2879 1761 2907 5.
