2037 3215
279 207 348 236 1045

627 201 767 239 ξΕῐῚΞΕΒΠ
787 199 1024 229 (ΖᾸΞΞᾹΚΙΕΝΞΙΞ
1044 191 1118 228 ΟῘΨ.
1140 197 1230 226 PARS
1250 191 1539 223 ΙΠν-ΕΧΕΟΕΤἹΟᾹ,

1823 184 1896 213 {OM

278 266 349 302 quod
380 265 494 293 vidimus
519 263 606 290 oculis
631 262 743 295 nostris,
769 261 842 297 quod
857 261 1057 301 perspeximus,

1115 267 1166 295 ριος
1181 258 1227 285 καὶ
1238 256 1304 287 Θεὸς
1320 253 1505 291 χρηματίζων,
1517 251 1546 283 ὃς
1558 250 1605 302 καὶ
1620 248 1767 302 εὐλογήσαξ
1785 245 1830 272 τδν
1837 246 1898 302 la.-

278 318 305 340 et
331 320 427 340 manus
456 314 555 339 nostrae
585 312 824 337 contrectaverunt
856 307 889 334 dc
914 306 997 334 verbo
1019 306 1060 332 vi-

277 363 312 386 tm
327 359 361 384 δ’.
375 367 384 384 ι
413 357 488 390 Quod
504 356 623 384 Verbum
637 359 664 383 et
681 355 764 382 vitam
789 354 851 380 eum
872 352 1060 387 conspexisset

276 403 406 435 Iacobus,
420 404 506 431 dixit:
526 413 535 429 ‹
555 402 616 429 Vidi
627 402 700 429 enim
716 401 801 429 Deum
817 399 886 427 facie
901 398 934 426 ad
951 398 1058 430 faciem,

276 454 303 477 et
317 450 420 477 salvata
436 454 477 477 est
493 449 582 476 anima
600 455 658 475 mea
671 448 706 474 ⁷⁸.
727 456 736 473 ι

1112 290 1169 331 κὼὸ
1191 302 1296 338 Ἰσραὴλ
1319 290 1399 328 αὑτὸν
1415 299 1563 333 ὠνόμασεν,
1585 294 1719 323 ἐπειπὼν.
1748 293 1814 338 ant
1837 290 1898 338 Ἐν-

1114 337 1308 385 ίσχυσαςγμετὰ
1321 346 1405 379 Θεοῦ;
1421 355 1429 371 1
1443 344 1535 374 Οὕτως
1547 342 1575 368 δὲ
1588 341 1680 376 ἐώρων
1690 338 1789 386 οίθεῖοι
1801 337 1899 386 969:;

1111 383 1157 423 τὸν
1171 395 1217 422 τοῦ
1234 393 1300 421 Θεοῦ
1320 393 1415 426 Λόγον,
1430 392 1467 422 ὡς
1483 390 1529 417 καὶ
1543 389 1572 415 oi
1586 388 1719 422 φήσαντες
1738 383 1785 410 τοῦ
1801 383 1899 416 Σωτῇ

1115 451 1159 477 ρος
1174 441 1252 477 ἡμῶν
1275 439 1430 466 ἀπόστολοι·
1446 446 1455 462 ι
1475 437 1506 462 "0
1520 434 1554 470 ἦν
1571 434 1617 460 ἀπ’
1636 432 1733 468 ἀρχῆς,
1748 430 1763 456 ὃ
1779 429 1902 477 axitia-Sq-

279 474 781 533 siorpditepsvrrro‘igrooealpoi;
797 493 886 529 ἡμῶν,
912 492 957 518 καὶ
971 474 1151 525 ἐθεασάμεθα,
1175 474 1221 516 καὶ
1239 489 1266 515 αἱ
1286 489 1374 523 χεῖρες
1394 484 1471 520 ἡμῶν
1489 482 1681 533 ὲςέιηλάψησανξ
1693 478 1757 533 ἰπερὶ

277 527 394 578 κου’τῆς
416 527 503 578 ζωῆς-θ
523 553 532 569 )
549 543 578 570 ὃν
604 527 687 576 Λόγον
710 527 756 568 καὶ
777 527 847 576 ζωὴν
866 540 1030 575 θεασάμενος
1049 539 1063 565 ὁ
1087 537 1183 565 Ἰακὼϐ
1201 536 1323 572 ἐπιφέρει
1345 534 1444 568 λέγων’
1458 541 1467 557 ι
1487 530 1562 558 Εἶδον
1587 529 1641 565 γὰρ
1661 527 1727 553 Θεὸν
1755 527 1902 560 πρόσωπον

277 591 344 626 πρὸς
357 591 515 626 πρόσωπον·
531 590 577 616 καὶ
590 589 678 624 ἐσώθη
693 598 743 625 μου
758 591 774 624 ἡ
790 588 872 623 ψυχή.
891 597 900 613 ι

566 655 680 683 CAPUT
703 655 769 683 Vill.

313 713 323 728 ι
340 702 420 734 J‘uda.
436 708 462 730 te
478 703 629 730 laudabunt
651 702 748 729 fratres
764 702 803 728 tui
829 711 835 728 :
860 709 958 729 manus
973 705 1019 728 tua
1034 702 1064 728 in

276 749 430 777 cervicibus
451 749 626 776 inimicorum
652 753 772 780 tuorum,
798 747 951 775 adorabunt
973 752 999 775 te
1014 747 1063 775 filii

275 795 359 830 patris
371 795 421 821 tui.
451 795 566 821 Catulus
583 794 670 822 leonis
681 793 751 821 Iuda
771 801 778 819 :
794 801 809 821 e
825 801 940 829 gemma,
956 793 993 820 ﬁli
1013 794 1061 826 mi,

276 840 424 868 ascendisti
441 850 447 867 :
465 841 639 875 requiescens
651 840 803 867 accubuisti
821 844 851 866 ut
866 840 908 867 leo
918 859 925 872 ,
943 844 970 867 et
982 841 1060 876 quasi

276 889 368 915 leaena.
379 888 446 920 Quis
453 887 597 914 suscitabit
605 894 667 914 eum
677 887 688 913 ?
698 886 757 914 Non
767 886 907 914 auferetur
922 891 1059 921 sceptrum

1377 642 1573 673 ΚΕΦΑΛΑΙΟΝ
1592 643 1634 669 H’.

1151 705 1160 721 ι
1183 694 1276 728 Ἰούδα,
1294 693 1324 719 σὲ
1342 692 1499 719 αἰνέσαισαν
1516 690 1540 716 οἱ
1558 686 1665 721 ἀδελφοί
1687 694 1734 712 σου
1745 693 1751 700 ·
1766 685 1794 712 αἱ
1813 683 1904 720 χεῖρές

1114 750 1160 768 σου
1173 741 1221 768 ἐπὶ
1244 739 1328 767 νώτου
1349 738 1402 765 τῶν
1419 736 1523 772 ἐχθρῶν
1536 743 1600 761 σου·
1622 731 1841 769 προσκυνήσουσί
1861 738 1904 756 σοι

1113 788 1137 814 οἱ
1151 787 1204 813 υἱοὶ⁸
1216 786 1263 813 τοῦ
1284 784 1386 820 πατρός
1411 791 1467 809 σου.
1493 781 1616 816 Σκύμνος
1629 779 1734 810 λέοντος
1754 777 1856 804 Ἰούδα·
1871 777 1904 806 ἐκ

1114 832 1239 868 βλαστοῦ,
1252 831 1294 857 υἱέ
1317 838 1378 866 μου,
1391 828 1507 862 ἀνέὂης·
1532 823 1673 853 ἀναπεσὼν
1695 822 1905 868 ὲκοιμήρῃςὲάξς

1114 866 1192 910 λέων,
1205 877 1253 904 καὶ
1267 876 1304 907 ὡς
1322 875 1440 910 σκύμνος
1450 882 1457 888 ·
1472 873 1514 904 τίς
1527 871 1616 906 ἐγερεῖ
1632 868 1728 901 αὑτόν;
1745 868 1803 894 Οὐκ
1817 866 1906 892 ἐκλεί-

276 934 310 961 de
320 933 400 965 Juda,
410 938 438 961 et
447 934 501 961 dux
510 933 543 960 de
553 933 654 960 femore
660 933 730 967 ejus,
738 933 826 960 donec
836 933 929 960 veniat
939 911 986 968 quri
999 933 1063 960 mit—

1115 923 1159 958 ψει
1175 924 1264 959 ἅρχων
1281 921 1310 954 ἐξ
1329 912 1423 952 Ἰούδα,
1441 919 1501 946 οὐδὲ
1514 917 1663 953 ἡγούμενος
1676 915 1722 967 ἐκ,
1730 913 1783 940 τῶν
1793 911 1906 968 ‘qutiav

275 978 374 1005 tendus
398 981 451 1008 est.
464 982 491 1005 et
515 977 573 1012 ipse
582 978 634 1004 erit
643 977 812 1012 exspectatio
821 977 943 1012 gentium
958 978 992 1009 ⁷⁸,
1009 987 1018 1003 ι
1037 981 1064 1005 et

276 1024 390 1057 reliqua.
408 1022 492 1055 Quasi
511 1022 598 1050 sancti
615 1021 735 1057 Spiritus
766 1022 879 1049 verbum
897 1021 1063 1049 audiendum

275 1068 370 1096 Jacobi
393 1068 427 1096 de
450 1068 560 1096 Christo
585 1069 818 1103 prophetizantis,
835 1073 861 1096 et
878 1069 905 1095 in
919 1075 1064 1104 personam

275 1113 467 1142 transferentis
485 1114 546 1149 ejus
559 1114 593 1141 ab
609 1114 644 1142 iis
658 1124 664 1141 :
685 1124 694 1140 ι
706 1114 775 1142 Juda
786 1135 793 1147 ,
808 1119 835 1142 te
851 1114 1000 1142 laudabunt
1011 1113 1066 1141 fra-

276 1165 332 1188 tres
348 1160 399 1186 tui.
419 1170 428 1186 ›
445 1159 524 1193 Quod
536 1160 609 1187 enim
622 1167 676 1187 non
694 1160 727 1187 ad
744 1168 830 1188 unum
848 1160 964 1187 ﬁliorum
983 1159 1064 1187 verba

276 1206 376 1232 faceret
388 1205 542 1240 patriarcha
566 1209 690 1240 apertum
714 1210 757 1233 est
783 1205 931 1240 Scriptura:
956 1205 1062 1240 peritis,

275 1258 336 1286 qua:
350 1250 390 1278 sic
405 1255 518 1278 narrat:
539 1260 548 1276 ι
564 1250 676 1278 Vocavit
689 1256 780 1279 autem
794 1250 880 1278 Iacob
897 1251 967 1278 ﬁlios
987 1259 1064 1284 suos,

276 1295 352 1322 etait
365 1296 405 1323 eis
430 1305 436 1322 :
459 1295 670 1331 Congregamini
697 1301 726 1322 ut
741 1296 899 1324 annuntiem
923 1304 983 1331 qum
997 1303 1064 1323 ven-

275 1346 337 1367 tura
353 1345 417 1368 sunt
427 1341 505 1369 vobis
522 1342 550 1368 in
564 1341 662 1370 diebus
685 1342 845 1370 novissimis
856 1344 889 1369 ⁷’.
905 1352 914 1368 ι
933 1343 1018 1378 Igitur
1031 1343 1065 1370 de

277 1387 376 1414 futuris
391 1395 421 1414 se
441 1388 482 1415 eis
504 1388 757 1422 prophetizaturum
783 1389 900 1415 nuntiat.
931 1388 1063 1416 Praeterea

275 1433 450 1467 perspicuum
471 1439 512 1460 cst
532 1433 605 1468 quod
630 1442 684 1460 non
706 1434 740 1461 ad
767 1434 949 1469 patriarcham
966 1433 1064 1461 Iudam

277 1481 402 1512 spectant
424 1479 573 1513 prophetiae
591 1479 683 1506 verba.
716 1479 835 1513 Quando
852 1480 923 1506 enim
946 1480 1021 1506 illum
1038 1484 1066 1507 et

277 1530 356 1558 quam
375 1524 409 1551 ob
422 1531 479 1552 rem
502 1524 685 1552 adoraverunt
706 1524 804 1553 fratres
815 1526 872 1558 sui,
891 1529 938 1552 aut
954 1530 1065 1560 propter

276 1569 350 1604 quod
367 1569 472 1597 facinus
486 1578 548 1597 eum
559 1578 680 1606 unquam
699 1571 897 1599 laudaverunt?
921 1570 1064 1604 Quomodo

1116 957 1216 1000 £16106;
1223 957 1276 999 ἕως
1289 967 1321 993 ἂν
1337 965 1400 1001 ἔλθῃ
1415 964 1450 991 τὰ
1472 963 1639 997 ἀποκείμενα
1655 959 1742 994 αὐτῷ·
1758 958 1806 984 καὶ
1823 957 1906 988 αὐτὸς
1931 998 1935 1002 .

1116 1015 1261 1052 προσδοκία
1275 1012 1370 1043 ὲθνῶν,
1390 1021 1398 1037 ι
1418 1011 1464 1038 καὶ
1475 1009 1509 1036 τὰ
1524 1009 1597 1043 ἑξῆς.
1618 1008 1660 1038 Ὠς
1683 1005 1760 1052 ἁγίου
1778 1003 1907 1052 “vstitu:

1114 1050 1159 1093 τος
1182 1061 1227 1087 τὸν
1247 1059 1324 1094 λόγον
1348 1056 1493 1085 ἀκουστέον
1520 1053 1566 1080 τοῦ
1585 1051 1681 1079 Ἰακὼὸ
1704 1051 1738 1077 τὰ
1765 1050 1831 1085 περὶ
1856 1050 1907 1074 τοῦ

1114 1104 1232 1142 Χριστοῦ
1253 1102 1478 1140 προθεσπίζοντος
1501 1100 1547 1127 καὶ
1570 1100 1609 1130 εἰς
1630 1097 1773 1142 πρόσωπον
1796 1095 1908 1142 ἀναφωῗ

1114 1139 1221 1184 νοῦντος
1235 1150 1316 1178 αὐτοῦ
1327 1149 1362 1176 τὰ.
1376 1147 1429 1175 ἀπὸ
1444 1147 1501 1178 τοῦ,
1520 1154 1528 1171 ι
1551 1144 1646 1172 Ἰούδα,
1662 1143 1691 1169 σὲ
1708 1141 1867 1168 αἰνέσαισαν
1881 1139 1909 1165 οἱ

1114 1198 1222 1233 ἀδελφοί
1244 1205 1302 1223 σου-
1326 1205 1335 1220 ι
1349 1195 1389 1221 ὅτι
1410 1193 1463 1228 γὰρ
1481 1192 1511 1218 οὺ
1537 1190 1603 1226 πρὸς
1620 1189 1667 1215 τὸν
1686 1188 1734 1214 ἕνα
1755 1185 1811 1213 τῶν
1839 1184 1907 1211 υἱῶν

1113 1245 1177 1276 τοὺς
1201 1244 1296 1277 λόγους
1316 1242 1330 1267 ὁ
1354 1239 1525 1276 πατριάρχης
1548 1236 1665 1263 ἐποιεῖτο
1680 1233 1757 1269 δῆλον
1775 1233 1831 1264 τοῖς
1847 1233 1909 1257 Em-

1115 1292 1230 1326 στήσασι
1244 1291 1276 1324 τῇ
1292 1288 1387 1323 Γραφῇ
1404 1282 1608 1321 διηγηματικῶς
1626 1279 1776 1326 φασκούσῃ·
1795 1288 1805 1303 ι
1827 1277 1909 1326 ’ἓκά-

1114 1324 1175 1363 λεσε
1189 1336 1218 1362 δὲ
1237 1334 1335 1362 Ἰακὼὸ
1356 1334 1418 1364 τοὺς
1441 1332 1515 1362 υἱοὺς
1540 1328 1632 1359 αὑτοῦ,
1651 1327 1697 1354 καὶ
1724 1324 1819 1352 εἶπεν·
1840 1324 1909 1350 Συν-

1114 1383 1226 1419 άχθητε,
1237 1381 1281 1408 ῖνα
1295 1378 1445 1414 ἀναγγείλω
1468 1378 1531 1412 ὑμῖν
1545 1375 1570 1402 τί
1586 1374 1770 1408 ἀπαντήσεται
1782 1372 1846 1406 ὑμῖν
1863 1371 1908 1396 ἐτι-ι

1115 1418 1229 1464 ἐσχάτου
1243 1427 1298 1453 τῶν
1309 1425 1431 1462 ἡμερῶν.
1451 1434 1460 1450 ι
1476 1422 1578 1450 Οὐκοῦν
1595 1420 1659 1455 περὶ
1673 1418 1824 1455 μελλόντων

1115 1462 1258 1511 φητεύσειν
1278 1472 1369 1503 αὐτοῖς
1393 1468 1598 1504 ἐπαγγέλλεται.
1616 1466 1702 1500 Σαφὲς
1714 1465 1742 1491 δὲ
1758 1464 1808 1490 καὶ
1820 1462 1909 1494 ἄλλως

1114 1522 1154 1548 ὅτι
1176 1520 1213 1556 μὴ
1233 1519 1301 1554 πρὸς
1317 1518 1362 1544 τὸν
1379 1516 1549 1552 πατριάρχην
1571 1513 1669 1540 Ἰούδαν
1683 1512 1711 1538 αἱ
1725 1511 1776 1546 τῆς
1799 1517 1910 1544 προφη-

1115 1567 1189 1598 τείας
1210 1565 1240 1598 (f.
1266 1565 1309 1597 12)
1327 1564 1490 1599 ἁρμόττουσι
1511 1560 1614 1594 φωναίο
1637 1559 1701 1585 πότε
1725 1557 1779 1593 γὰρ
1805 1558 1910 1583 ἐκεῖνον

276 1603 357 1642 etiam
373 1616 504 1651 quidquid
517 1617 551 1644 de
564 1603 615 1644 hac
626 1617 767 1654 prophetia
780 1618 805 1645 ei
821 1603 942 1653 adaptari
959 1618 1063 1653 potest?

1115 1614 1130 1648 ἢ
1146 1614 1191 1640 καὶ
1203 1612 1246 1638 διὰ
1259 1620 1286 1637 τι
1303 1609 1508 1643 προσεκύνησαν
1520 1608 1544 1633 οἱ
1563 1605 1672 1640 ἀδελφοὶ
1686 1604 1778 1635 αὑτοῦ,
1793 1603 1840 1629 ἐπὶ
1855 1604 1911 1629 τίνι

277 1660 332 1688 Nec
344 1669 409 1689 vero
435 1662 467 1689 ad
489 1663 590 1690 tribum
613 1670 645 1690 ea
668 1666 785 1698 possunt
808 1663 920 1697 referri;
945 1671 1062 1699 namque

276 1715 331 1734 non
352 1711 458 1735 tantum
482 1716 497 1735 e
518 1709 592 1736 tribu
616 1708 692 1736 Iuda:
710 1709 795 1737 duces
809 1709 901 1744 populi
921 1709 1062 1736 constituti

276 1756 349 1780 sunt.
377 1753 488 1782 Ju'diccs
508 1755 581 1782 enim
597 1760 660 1789 post
678 1755 797 1790 Moysem
813 1765 827 1784 e
839 1756 922 1784 variis
937 1755 1063 1784 tribubus

275 1799 386 1827 circiter
402 1800 568 1835 quingentos
592 1809 678 1829 annos
695 1801 816 1829 Hebraeis
841 1801 962 1836 praefecti
980 1805 1063 1832 sunt;

276 1845 339 1873 dein
366 1853 381 1873 e
410 1846 482 1874 tribu
498 1846 638 1881 Beniamin
667 1848 772 1883 primus
801 1849 922 1875 omnium
947 1855 995 1875 rex
1014 1848 1064 1875 fuit

277 1890 358 1924 Saul;
383 1899 439 1926 quo
461 1898 571 1919 mortuo
594 1899 778 1927 regnaverunt
800 1901 815 1920 e
832 1894 905 1921 tribu
919 1893 996 1921 Judaa
1011 1901 1064 1920 non

277 1941 336 1963 toto
356 1938 567 1972 quingentorum
581 1946 714 1971 annorum
731 1940 835 1975 spatio;
857 1939 921 1967 dein
938 1944 999 1974 post
1016 1939 1066 1966 Ba-

277 1981 384 2017 bylonis
397 1983 582 2017 captivitatem
604 1984 685 2013 rebus
703 1984 871 2019 praefuerunt
888 1992 904 2012 e
915 1984 987 2012 tribu
1002 1984 1064 2011 Levi

277 2028 339 2061 plus
353 2035 434 2062 quam
449 2028 614 2063 quingentos
626 2036 725 2062 annos,
749 2038 835 2065 usque
853 2030 886 2057 ad
901 2030 1002 2058 Christi
1018 2029 1067 2056 ad-

278 2077 398 2100 ventum.
416 2073 486 2106 Quid
498 2074 581 2108 igitur
595 2075 682 2110 magis
696 2075 730 2103 de
743 2075 816 2102 tribu
829 2075 905 2103 Judaz
920 2084 981 2111 qua:
998 2083 1067 2110 prm-

277 2117 350 2144 ilicta
364 2122 427 2144 sunt
443 2118 525 2145 refert
537 2119 690 2153 prophetia,
717 2127 799 2154 quam
814 2121 848 2148 de
858 2121 983 2148 caneris?
996 2120 1066 2156 Ergo

277 2171 332 2190 non
350 2163 384 2190 ad
407 2164 507 2191 tribum
531 2165 628 2192 referri
652 2171 768 2200 possunt
790 2175 850 2202 qua:
873 2167 1065 2194 ostenduntur.

277 2207 330 2241 Qui
341 2209 412 2236 enim
439 2209 466 2236 in
482 2210 640 2237 novissimis
656 2211 752 2239 diebus
768 2212 893 2246 apparuit
907 2211 1003 2243 Judas,
1018 2219 1066 2238 ve-

277 2263 337 2282 rum
352 2255 478 2283 novimus
488 2264 549 2283 esse
565 2256 734 2285 Salvatorem
745 2263 771 2285 ει
782 2257 926 2285 Dominum
941 2262 1064 2286 llOSll'lllll

1114 1659 1141 1685 δὲ
1155 1656 1373 1692 κατορθώματιῆ
1390 1656 1435 1682 καὶ
1449 1654 1512 1680 πότε
1530 1653 1627 1689 ᾔνεσαν
1649 1651 1744 1682 αὐτόν;
1762 1650 1825 1681 Πῶς
1839 1650 1863 1676 δ’
1878 1649 1912 1676 ἂν

1113 1714 1154 1736 τις
1177 1704 1222 1730 καὶ
1236 1703 1269 1730 τὰ
1282 1701 1362 1729 λοιπὰ
1383 1701 1434 1736 τῆς
1456 1699 1623 1736 προφητείας
1638 1698 1680 1724 ἐπ’
1697 1698 1800 1723 ἐκεῖνον
1822 1696 1911 1731 ἁρμό-

1115 1751 1168 1783 ζων
1191 1750 1363 1785 διηγήσεται;
1384 1747 1452 1774 Ἀλλ’
1476 1746 1536 1773 οὐδὲ
1560 1745 1605 1771 ἐπὶ
1627 1745 1677 1779 τὴν
1696 1743 1781 1778 φυλὴν
1802 1742 1912 1775 εὐλογίο

1115 1805 1185 1828 στως
1198 1805 1240 1827 τις
1260 1795 1329 1822 αὐτὰ
1349 1793 1488 1828 ἀναφέροι,
1502 1793 1543 1818 ὃτι
1559 1790 1597 1826 μὴ
1616 1790 1694 1825 μόνον
1713 1790 1746 1815 ὲκ
1757 1788 1808 1823 τῆς
1826 1787 1911 1814 Ἰούδα

1115 1843 1200 1878 φυλῆς
1211 1842 1340 1877 ἄρχοντες
1354 1839 1524 1874 κατέστησαν
1539 1836 1584 1863 τοῦ
1597 1835 1661 1862 λαοῦ
1672 1844 1679 1850 ·
1693 1835 1760 1861 οἵτε
1772 1834 1828 1869 γὰρ
1843 1834 1911 1868 μετὰ

1115 1889 1233 1916 Μωῦσέα
1242 1887 1341 1923 Κριταὶ
1357 1887 1388 1913 ἐκ
1402 1885 1535 1920 διαφόρων
1550 1883 1688 1923 γενόμενοι
1698 1880 1790 1915 φυλῶν
1803 1880 1846 1915 διή
1852 1888 1911 1914 px:-

1116 1944 1165 1962 σαν
1185 1934 1329 1970 ἡγούμενοι
1352 1933 1398 1959 ἐπὶ
1420 1931 1508 1957 ἔτεσιν
1530 1929 1612 1963 ἐγγύς
1635 1936 1685 1954 που
1707 1926 1911 1958 πεντακοσίοις,

1117 1981 1176 2017 μεθ’
1193 1981 1240 2012 οὓς
1261 1981 1293 2006 ὲκ
1313 1979 1398 2014 φυλῆς
1417 1978 1545 2013 Βενιαμὶν
1561 1975 1667 2011 πρῶτος
1689 1974 1818 2000 ἁπάντων
1835 1972 1910 2006 βασι-

1115 2027 1187 2054 λεύει
1214 2025 1309 2057 Σαοὺλ,
1335 2026 1380 2052 καὶ
1400 2025 1485 2056 οὕτως
1503 2022 1572 2059 μετὰ
1593 2022 1703 2051 τούτους
1724 2020 1749 2045 οἱ
1772 2020 1806 2045 ἐκ
1827 2017 1916 2052 φυλῆς

1122 2073 1206 2102 Ἰούδα
1235 2071 1419 2107 βασιλεύουσιν
1447 2070 1500 2097 οὐδ’
1520 2069 1591 2099 ὅλοις
1610 2067 1681 2093 ἔτεσι
1704 2064 1910 2094 πεντακοσίοις·

1116 2117 1174 2149 εἶτα
1191 2119 1259 2154 μετὰ
1269 2118 1317 2154 τὴν
1332 2118 1371 2149 είς
1387 2116 1532 2144 Βαϐυλῶνα
1544 2112 1732 2149 αἰχμαλωσίαν
1741 2111 1769 2137 οἱ
1778 2111 1812 2136 ὲκ
1826 2109 1913 2143 φυλῆς

1117 2165 1181 2192 Λευῖ
1194 2164 1363 2200 προέστησαν
1383 2162 1437 2189 τῶν
1457 2161 1627 2198 πραγμάτων
1645 2158 1714 2192 ὑπὲρ
1728 2157 1763 2183 τὰ
1778 2155 1910 2200 πεντακο-

1118 2218 1163 2237 σια
1178 2198 1225 2245 ἐτη
1240 2198 1319 2245 μέχρι
1340 2209 1388 2244 τῆς
1412 2207 1458 2234 τοῦ
1478 2206 1596 2242 Χριστοῦ
1624 2204 1786 2240 παρουσίας.
1812 2203 1845 2229 Τί
1867 2198 1911 2229 οὗι

1119 2256 1217 2291 μᾶλλον
1231 2256 1294 2291 περὶ
1305 2255 1356 2289 τῆς
1376 2254 1460 2281 Ἰούδα
1476 2253 1560 2288 φυλῆς
1581 2251 1616 2278 τὰ
1628 2250 1817 2288 προειρημένα
1830 2249 1914 2284 φησὶν

275 2300 381 2333 Jesum,
399 2300 538 2328 Christum
557 2302 620 2334 Dei,
637 2303 681 2337 qui
699 2307 726 2330 et
742 2303 915 2338 dispensator
935 2304 996 2338 ejus
1018 2311 1063 2331 vo-

1117 2303 1134 2337 ὴ
1154 2301 1316 2337 προφητεία,
1331 2301 1390 2337 οὐχὶ
1402 2300 1430 2326 δὲ
1446 2300 1493 2326 καὶ
1507 2299 1572 2334 περὶ
1592 2297 1645 2324 τῶν
1657 2296 1773 2327 hat-n6”;
1787 2295 1846 2321 Οὐκ
1859 2295 1913 2330 ἄρα

276 2346 390 2374 luntatis
407 2350 434 2374 et
451 2346 536 2375 Judas
552 2348 717 2376 nominatur.
732 2349 772 2375 lta
791 2348 864 2376 enim
879 2356 953 2377 nunc
967 2349 1061 2382 Israel,

277 2400 351 2419 nunc
364 2392 494 2425 Jacobus.
511 2401 585 2421 nunc
598 2393 694 2425 David,
714 2401 788 2421 nunc
799 2395 887 2422 aliter.
923 2394 1000 2423 Hunc
1013 2403 1063 2423 au-

277 2442 330 2465 tem
340 2442 366 2464 et
384 2438 471 2466 sancti
484 2438 598 2474 apostoli
609 2443 635 2466 et
644 2443 777 2474 quotquot
788 2438 907 2475 Spiritus
918 2439 1064 2474 adoptione

276 2484 378 2520 dignati
393 2490 467 2517 sunt,
485 2485 665 2513 laudaverunt
679 2490 706 2513 et
720 2486 915 2514 adoraverunt.
937 2495 945 2511 ι
967 2485 1064 2513 Manus

277 2535 341 2563 tuae,
354 2540 364 2556 ι
385 2539 454 2566 quas
470 2531 618 2567 symbolice
633 2531 703 2559 facta
717 2532 778 2567 ejus
790 2539 850 2560 esse
862 2531 1069 2568 existimamus,

279 2586 289 2602 ι
306 2576 333 2603 in
348 2577 499 2604 cervicibus
513 2577 687 2605 inimicorum
701 2581 809 2604 tuorum
821 2598 828 2609 ,
849 2588 857 2603 ι
875 2577 903 2604 id
915 2581 969 2610 est,
988 2578 1065 2613 cogi-

278 2623 410 2651 tationum
424 2623 563 2651 hostilium
579 2631 640 2659 qua:
653 2631 715 2651 eum
738 2623 855 2658 fugiunt.
883 2623 932 2650 Hic
947 2628 974 2651 et
985 2625 1063 2659 quasi

280 2677 289 2692 ι
311 2669 419 2697 catulus
445 2669 532 2697 leonis
550 2679 560 2695 ›
580 2669 697 2701 dicitur,
716 2670 772 2698 sive
790 2673 898 2704 propter
913 2669 1063 2697 secundum

278 2721 387 2742 carnem
398 2715 566 2742 nativitatem
577 2723 593 2743 e
610 2716 684 2743 tribu
699 2716 774 2751 regia
792 2719 818 2743 et
836 2715 944 2742 Davidis
959 2715 1062 2746 radice,

281 2767 289 2782 ι
309 2762 334 2785 et
358 2761 385 2785 in
410 2759 616 2787 similitudinem
640 2761 732 2788 carnis
753 2761 857 2796 peccati
884 2760 983 2787 factam
996 2760 1029 2792 ⁷⁸,
1052 2770 1062 2786 ι

279 2803 337 2830 sive
353 2808 463 2839 propter
477 2805 622 2838 deitatem,
639 2815 693 2842 qua
710 2811 790 2834 exuta
808 2808 890 2834 homo
906 2807 996 2834 factus
1010 2811 1062 2838 cst,

278 2848 315 2875 ob
330 2855 451 2884 quamet
467 2859 521 2878 non
547 2852 683 2880 immerito
702 2862 707 2880 :
740 2862 749 2878 ‹
765 2853 786 2879 Ε
804 2860 924 2888 gemma,
948 2852 985 2878 ﬁli
1008 2851 1062 2884 mi,

1116 2348 1176 2375 οὐδὲ
1188 2348 1234 2374 ἐπὶ
1245 2347 1294 2382 τὴν
1306 2346 1391 2381 φυλὴν
1404 2345 1519 2381 ἁρμόζοι
1531 2345 1565 2371 τὰ
1576 2343 1726 2378 δηλούμενα
1736 2350 1742 2356 ·
1758 2340 1803 2366 τὸν
1818 2340 1910 2375 μέντοι

1117 2402 1148 2428 γε
1162 2394 1205 2419 ἐπ’
1218 2393 1325 2428 ἐσχάτῳ
1337 2392 1390 2420 τῶν
1405 2391 1517 2428 ἡμερῶν
1539 2389 1706 2424 ἀναφανέντα
1724 2386 1825 2413 Ἰούδαν
1847 2385 1911 2420 ἀλη-

1118 2440 1189 2466 θινὸν
1210 2439 1287 2474 ἴσμεν
1308 2439 1352 2465 τὸν
1372 2438 1486 2473 Σωτῆρα
1512 2437 1559 2463 καὶ
1584 2435 1684 2471 Κύριον
1705 2433 1783 2469 ἡμῶν
1805 2431 1909 2466 Ἰησοῦν

1118 2485 1162 2512 τὸν
1184 2484 1300 2520 Χριστὸν
1319 2483 1365 2510 τοῦ
1387 2483 1466 2513 Θεοῦ.
1486 2483 1533 2511 καὶ
1553 2481 1650 2517 ταμίαν
1668 2479 1721 2506 τῶν
1741 2479 1806 2514 περὶ
1828 2477 1911 2505 αὑτοῦ

1120 2531 1246 2558 ἐπινοιῶν
1269 2530 1315 2556 καὶ
1334 2528 1433 2556 Ἰούδαν
1456 2527 1650 2562 ὀνομασθέντα·
1673 2525 1768 2559 ὥσπερ
1792 2524 1824 2560 δὴ
1850 2523 1910 2550 καθ’

1118 2578 1213 2612 ἑτέραν
1232 2575 1349 2612 Ἰσραὴλ,
1373 2575 1420 2601 καὶ
1443 2574 1501 2601 κατ’
1516 2573 1598 2608 ἄλλην
1617 2570 1730 2601 Ἰακὼϐ.
1750 2570 1798 2596 καὶ
1817 2569 1909 2599 Δαυῖὁ,

1118 2624 1163 2650 καὶ
1179 2623 1272 2650 ἄλλοτε
1287 2621 1390 2652 ἄλλως·
1403 2620 1496 2647 τοῦτον
1509 2618 1596 2647 δὲκαὶ
1618 2618 1642 2644 οἱ
1663 2616 1730 2652 ἱεροὶ
1752 2615 1907 2645 ἀπόστολοι.

1117 2670 1163 2696 καὶ
1178 2669 1276 2699 πάντες
1294 2668 1350 2694 ὅσοι
1372 2666 1418 2692 τοῦ
1439 2665 1589 2701 πνεύματος
1606 2664 1656 2698 τῆς
1675 2661 1812 2692 υἱοθεσίας
1831 2660 1908 2695 ἠξιώ-

1117 2715 1212 2750 Θησαν,
1226 2714 1325 2749 ᾔνεσαν
1342 2721 1372 2739 τε
1391 2712 1438 2739 καλ⁴
1451 2710 1668 2747 προσεκύνησαν·
1692 2717 1701 2733 ι
1718 2709 1750 2734 Αἱ
1770 2707 1864 2742 χεῖρές
1880 2714 1908 2732 τε

1117 2759 1209 2791 αὐτοῦ,
1225 2770 1234 2785 ι
1247 2759 1280 2790 ἃς
1296 2758 1465 2794 συμϐολικῶς
1480 2755 1620 2792 ἡγούμεθα
1632 2752 1701 2781 εἷναι
1714 2752 1765 2784 τὰς
1781 2752 1905 2788 πράξεις.

1119 2815 1128 2830 ι
1148 2805 1219 2832 κατὰ
1236 2804 1320 2832 νώτου
1342 2803 1395 2830 τῶν
1412 2802 1517 2838 ἐχθρῶν
1539 2801 1630 2832 αὐτοῦ,
1652 2811 1661 2826 ›
1675 2799 1748 2826 τοῦτ’
1766 2798 1840 2826 ἔστιν
1854 2797 1907 2824 τῶν

1117 2850 1218 2889 νοητῶν
1235 2850 1370 2885 πολεμίων
1391 2849 1542 2884 φευγόντων
1565 2847 1643 2875 αὑτὸν
1658 2846 1816 2880 γεγόνασιν·
1832 2842 1907 2875 οὗτος

313 2929 335 2944 ⁸⁸
355 2929 364 2956 Ι
381 2928 456 2956 Joan.
477 2937 501 2961 ι,
523 2931 545 2956 l.
585 2931 608 2946 ⁷⁸
627 2930 693 2959 Gcn.
713 2938 802 2962 χχχιι,
819 2931 862 2958 50.
901 2930 922 2946 ⁷¹
943 2928 1009 2958 Gen.
1029 2937 1061 2957 χι

1128 2929 1203 2957 8-10.
1242 2929 1263 2944 ⁷¹
1284 2927 1348 2956 ibid.
1368 2927 1393 2954 L
1431 2927 1453 2942 ⁷³
1482 2925 1558 2953 Hom.
1580 2932 1644 2956 vut,
1661 2924 1687 2951 5.
