2037 3215
161 188 236 217 W45

671 186 817 216 ECLOGIE
839 187 1077 216 PROPHETlC/E.
1096 204 1128 208 —
1150 186 1214 216 LIB.
1237 188 1257 215 l.‘

1710 185 1778 213 1045

160 245 194 273 ἃ
212 246 259 273 καὶ
272 245 309 277 ὡς
326 255 335 271 ι
355 246 471 281 σκύμνος
489 247 593 278 λέοντος
609 256 618 272 ι
634 246 750 282 εἴρηται,
764 246 818 272 εἴτε
838 246 882 273 διὰ
900 247 937 281 τὴε

999 246 1161 278 ascendistl,
1182 256 1191 272 ›
1218 245 1252 272 ab
1275 243 1377 272 Jacobo
1398 242 1505 271 dicitur.
1540 241 1779 270 Verumenimvero

163 291 244 322 κατὰ,
251 291 339 327 σάρκα
351 292 455 326 γένεσιν
470 293 502 319 ὲκ
515 292 655 328 βασιλικῆς
668 292 762 327 φυλῆς,
784 292 831 319 καὶ
843 292 890 327 τῆς
902 291 951 318 τοῦ

161 337 244 364 Δαυτδ
267 337 354 373 ῥίζης,
373 347 382 363 ι
400 338 445 364 καὶ
465 339 494 364 ὲν
524 337 674 375 ὁμοιώματι
697 338 795 374 σαρκὸς
815 338 949 373 ἁμαρτίας

161 383 364 418 γεγενημένην·
382 392 391 409 ι
410 383 463 409 είτε
480 383 524 410 διὰ
540 384 589 419 τὴν
608 383 731 418 θεότητα,
744 380 778 419 ἦς
796 383 890 409 ἑαυτὸν
904 392 949 409 κε-

156 428 251 460 νώσας
267 427 475 464 ὲνηνθρώπισεν,
488 429 520 455 δι’
542 429 574 464 ἥν
589 428 723 463 εὐκαίρως
741 428 788 454 καὶ
806 428 847 459 τὸ,
870 437 879 453 ι
902 428 949 455 Ἐκ

162 468 288 508 βλαστοῦ,
311 473 352 500 υίέ
377 482 437 509 μου,
457 473 565 509 ἀνέ6ης.
584 484 593 499 ι
607 473 716 500 ὑπὸτοῦ
736 473 831 500 Ἰακὼϐ
850 474 950 501 ἀναπε-

161 518 294 553 φώνηται.
305 518 368 545 Ὅτε
389 519 438 554 μὲν
458 518 504 546 οὖν
516 520 565 555 τὴν
585 521 617 546 ὲκ
630 519 743 554 βλαστοῦ
761 520 808 546 καὶ
820 520 852 546 ὲκ
872 519 948 556 ῥίζης

158 564 244 592 αὑτοῦ
259 564 363 599 γένεσιν
377 565 470 600 ἐδήλου
491 565 539 592 τοῦ
558 561 691 601 Σωτῆρος,
709 575 718 592 ι
739 565 857 601 σκύμνον
874 565 947 592 λέον-

156 618 205 641 τος
229 618 239 636 ι
258 609 339 636 αὑτὸν
364 609 521 644 ὠνόμασεν,
541 609 644 642 εἰπὼν,
660 620 669 636 ι
694 610 814 646 Σκύμνος
843 610 947 641 λέοντος

166 654 265 681 Ἰούδα·
287 655 319 681 ὲκ
345 654 470 690 βλαστοῦ,
489 655 530 681 υἰέ
555 664 616 691 μου,
629 655 742 690 ἀνέϐης’
760 665 770 682 ι
784 656 828 682 ὅτε
847 655 876 682 δὲ
899 655 948 690 τὴν

157 699 307 735 ἀνάϐλησιν
330 700 376 726 καὶ
396 701 446 736 τὴν
469 700 540 727 κατὰ
564 701 595 727 τὺ
614 700 698 733 πάθος
720 701 801 728 αὐτοῦ
821 701 946 737 κοίμησιν

159 745 334 781 προφητεύει,
348 746 490 782 ἀμφότερα
503 746 584 773 αὐτόν
594 755 660 782 φησι
676 747 722 773 καὶ
734 746 771 778 ὡς
783 746 878 774 λέοντα
898 748 945 774 καὶ

155 790 195 823 ὡς
211 790 328 826 ὠιύμνον
348 792 378 818 ὲν
395 791 443 827 τῷ,
460 802 468 818 ι
491 791 644 820 ’Δναπεσὼν
666 792 797 829 ἐκοιμήθη
816 793 853 824 ὡς
872 793 939 820 λέων

157 836 207 863 καὶ
218 836 255 869 ὡς
268 836 385 872 σκύμνος
395 846 402 853 ·
420 847 429 864 ι
443 837 503 865 τότε
519 838 572 874 γὰρ
586 838 615 865 οὐ
630 837 708 873 μόνον
729 838 767 870 ὼς
789 839 821 864 ὲκ
840 837 942 873 βασιλι-

154 881 207 909 κοῦ
222 883 362 917 τυγχάνων
376 882 479 917 γένους,
500 883 567 909 ἀλλὰ
585 883 632 909 καὶ
653 883 690 915 ὼς
712 883 792 915 αὐτὸς
817 883 941 918 βασιλεὺς

1002 300 1064 319 cum
1080 291 1188 327 quidem
1206 299 1221 318 e
1236 298 1341 326 gemma
1356 294 1383 318 et
1397 297 1412 317 e
1433 289 1525 316 radice
1535 287 1595 323 ejus
1612 288 1778 315 nativitatem

1002 335 1157 363 ostenderet
1173 335 1332 367 Salvatoris,
1353 344 1363 361 ί
1381 334 1501 362 catulum
1524 333 1611 361 leonis
1628 343 1637 359 ι
1653 341 1715 361 eum
1731 341 1780 360 no-

1001 382 1123 414 minavit,
1140 381 1233 409 dicens
1247 391 1252 408 :
1276 390 1286 407 ι
1303 380 1415 409 Catulus
1429 380 1516 408 leonis
1528 379 1597 407 Iuda
1613 389 1619 407 :
1635 387 1651 407 e
1664 387 1778 415 gemma.

1001 428 1039 454 fili
1060 427 1107 459 mi,
1133 426 1295 459 ascendisti;
1313 436 1322 453 ι
1337 433 1400 453 cum
1422 433 1486 452 vero
1501 429 1527 452 et
1546 424 1738 452 exaltationem
1754 428 1780 450 et

1000 472 1137 507 passionis
1153 479 1209 500 suae
1222 472 1413 499 dormitionem
1425 471 1610 506 prophetizat,
1625 469 1706 497 simul
1718 476 1779 496 eum

1000 517 1066 544 dicit
1078 521 1104 545 et
1120 516 1197 552 quasi
1216 517 1319 544 leonem
1334 519 1361 543 et
1380 515 1458 551 quasi
1482 514 1600 542 catulum
1619 522 1647 541 ει
1665 513 1781 548 Requie-

1001 570 1081 590 scens
1097 561 1247 590 accubuisti
1260 565 1289 588 ut
1299 561 1341 588 leo
1351 564 1378 588 et
1392 564 1422 588 ut
1438 560 1523 588 leonis
1538 560 1644 588 catulus
1662 569 1668 586 :
1688 569 1698 585 ι
1715 563 1780 586 tunc

1000 608 1071 636 enim
1082 628 1090 641 ,
1115 615 1170 635 non
1186 610 1291 634 tantum
1313 611 1342 633 ut
1366 606 1440 642 regio
1460 609 1537 633 ortus
1554 612 1668 640 genere,
1686 604 1732 632 sed
1750 607 1779 630 ut

1000 654 1058 689 ipse
1070 648 1123 681 'rex
1143 653 1231 681 elatus
1246 656 1303 685 est;
1330 651 1540 687 agnoscentibus
1556 659 1617 678 eum
1642 650 1776 686 gentibus,

999 700 1052 727 etsi
1066 699 1211 727 noluerunt
1225 697 1321 730 Judaei.
1337 698 1417 733 quasi
1431 697 1488 732 ipse
1509 705 1557 725 rex
1572 697 1667 725 fuisset
1683 697 1774 723 Israel.

999 746 1130 773 Caeterum
1145 748 1171 772 et
1181 744 1271 772 dicere
1282 751 1423 779 possemus
1434 744 1470 776 ei,
1481 743 1698 779 quandoquidem
1710 750 1776 769 con-

998 793 1041 816 tra
1062 792 1210 824 potestates
1225 788 1474 816 adversasbellum
1499 788 1623 820 tulisset,
1649 792 1676 815 et
1700 795 1776 814 evcr-

998 838 1056 862 tere
1070 838 1178 870 pararet
1192 834 1287 862 mortis
1301 834 1449 870 potentiam
1465 833 1608 861 habentem
1619 834 1653 866 7‘,
1671 833 1776 861 scilicet

998 880 1147 912 diabolum,
1164 888 1276 909 necesse
1302 884 1360 908 erat
1384 880 1480 908 adesse
1494 887 1509 907 e
1524 880 1614 907 radice
1622 879 1716 907 Jacobi
1733 887 1776 907 se-

154 926 195 954 ὣν
216 927 339 963 ἁνύψωτο
349 936 356 943 ⁸
373 928 573 964 ὁμολογούντων
589 929 670 956 αὑτὸν
682 929 736 956 τῶν
747 929 840 962 ἐθνῶν,
857 930 881 956 εί
896 930 937 957 καὶ

995 926 1114 954 cundum
1138 934 1251 954 carnem
1270 931 1335 954 nato
1351 926 1433 954 Verbi
1455 925 1593 953 deitatem.
1620 925 1703 953 Leoni
1718 926 1776 960 qui-

155 972 196 1008 μὴ
208 973 232 999 οί
243 974 276 1000 ὲκ
287 974 436 1009 περιτομῆς
450 975 555 1010 ἤθελον⁹
568 975 605 1007 ὡς
617 975 672 1011 ἄρα
686 975 766 1007 αὐτὸς
778 975 820 1010 εἴη
836 976 850 1002 6
864 975 941 1010 βασι-

153 1017 218 1050 λεὺς
231 1018 277 1045 τοῦ
297 1020 417 1055 Ἰσραήλ·
436 1021 483 1047 καὶ
507 1020 593 1052 ἄλλως
618 1021 646 1047 δὲ
669 1021 762 1057 ῥηθείη
783 1021 825 1053 ἂν,
850 1020 941 1056 ἐπειδὴ

154 1060 224 1099 πῷς
240 1064 427 1100 ἀντικειμένας
447 1066 576 1101 δυνάμεις
600 1066 735 1102 αίρομένῳ
758 1066 873 1101 πόλεμον
892 1068 939 1093 καὶ

152 1109 298 1137 καταλύειν
314 1111 436 1146 μέλλοντι
455 1112 501 1138 τὸν
518 1111 547 1138 τὸ
566 1112 665 1147 κράτος
679 1112 774 1148 ἔχοντα
797 1111 843 1139 τοῦ
864 1111 943 1139 θανάε

151 1164 214 1187 του..
225 1156 345 1184 τουτέστι
362 1157 406 1184 τὸν
417 1157 548 1190 διάϐολον,
569 1158 622 1184 ἔδει
640 1159 766 1193 παρεῖναι
779 1157 819 1193 τῷ
832 1158 864 1184 ὲκ
877 1157 940 1192 βλα-

154 1200 220 1227 στοῦ
238 1202 333 1228 Ἰακὼϐ
356 1203 426 1230 κατὰ
447 1204 535 1239 σάρκα
557 1203 730 1239 γεγενημένῳ
753 1203 802 1239 τὴν
827 1203 941 1237 θεότητα

150 1246 201 1273 τοῦ
213 1247 298 1281 Λόγου
309 1257 316 1263 ·
336 1248 447 1280 εἰκότως
460 1248 545 1276 λέοντι
562 1250 610 1285 μὲν
623 1250 640 1284 ή
661 1249 756 1284 θεύτης
769 1248 940 1284 παραϐέϐλη-

150 1300 198 1318 ται
214 1292 258 1319 διὰ
275 1293 305 1319 τὸ
326 1294 502 1329 κεχειρῶσθαι
521 1295 568 1321 καὶ
589 1294 758 1330 νενικηκέναι
781 1294 870 1326 πάσας
890 1293 940 1326 τὰς

151 1338 253 1372 ἀγρίας
266 1338 314 1365 καὶ
326 1339 469 1372 ἀτιθάσους
490 1340 617 1375 δυνάμεις
626 1348 633 1355 ⁸
655 1340 765 1375 σκύμνῳ
777 1339 805 1367 δὲ
825 1339 939 1372 λέοντος,

147 1382 165 1408 ὃ
180 1383 317 1419 ἀνειλήφει
333 1385 442 1421 σαρκίον
454 1387 487 1412 ἐκ
498 1386 547 1420 τῆς
558 1386 604 1412 τού
623 1385 707 1412 Ἰούδα
722 1385 862 1420 βασιλικῆς
874 1393 939 1419 τυγ-

996 972 1058 999 dem
1072 972 1169 999 merito
1183 972 1272 1000 deitas
1286 971 1469 1004 assimilatur,
1491 975 1520 999 ut
1533 972 1579 1007 qui
1595 971 1667 999 feras
1681 979 1774 998 omnes

993 1016 1192 1053 indomitasque
1218 1021 1366 1052 potestates
1390 1016 1528 1052 superavit
1551 1021 1632 1052 atque
1654 1017 1772 1049 devicit;

993 1062 1080 1090 leonis
1097 1066 1186 1090 autem
1199 1062 1289 1090 catulo
1299 1082 1306 1095 ,
1321 1066 1351 1090 ut
1365 1063 1410 1098 qui
1431 1069 1541 1091 carnem
1556 1062 1659 1097 accepit
1673 1070 1688 1089 e
1699 1063 1773 1097 regia

992 1108 1068 1136 Iuda:
1081 1109 1154 1136 tribu
1173 1112 1263 1136 natus.
1293 1108 1328 1136 At
1341 1108 1363 1136 si
1376 1109 1484 1144 quidem
1501 1107 1672 1136 adversarius
1682 1112 1773 1135 nostcr

992 1153 1116 1181 diabolus
1129 1157 1171 1181 est
1185 1154 1264 1189 quasi
1280 1153 1322 1181 leo
1335 1153 1490 1189 rugiens",
1508 1154 1690 1182 animadverte
1700 1154 1772 1188 quod

991 1199 1050 1234 ejus
1076 1199 1183 1228 catulus
1209 1199 1301 1228 omnis
1329 1200 1435 1227 dicatur
1470 1204 1615 1235 peccator,
1644 1201 1772 1235 quoniam

994 1254 1003 1270 ι
1020 1245 1108 1272 omnis
1131 1246 1178 1280 qui
1204 1245 1271 1272 facit
1293 1249 1434 1280 peccatum
1458 1253 1489 1273 ex
1513 1245 1619 1273 diabolo
1645 1249 1686 1273 est
1707 1246 1741 1271 ⁷⁸.
1760 1255 1769 1270 ι

990 1289 1059 1317 Cum
1082 1290 1165 1325 igitur
1186 1294 1213 1318 ct
1233 1290 1358 1317 Salvator
1388 1299 1397 1316 ι
1413 1290 1442 1317 in
1463 1290 1665 1318 similitudinem
1680 1290 1771 1317 carnis

991 1336 1094 1371 peccati
1108 1337 1182 1363 venit
1196 1340 1223 1364 et
1236 1335 1324 1364 factus
1338 1340 1380 1364 est
1397 1344 1445 1371 pro
1459 1336 1538 1364 nobis
1551 1336 1686 1371 piaculum
1701 1337 1742 1369 ";
1759 1346 1768 1362 ι

990 1384 1018 1407 et
1036 1390 1046 1406 ι
1063 1389 1125 1408 eum
1149 1381 1195 1416 qui
1220 1389 1275 1409 non
1298 1385 1410 1409 noverat
1436 1386 1589 1417 peccatum,
1617 1390 1667 1417 pro
1692 1382 1771 1410 nobis

990 1431 1130 1460 peccatum
1154 1426 1217 1454 fecit
1227 1427 1261 1460 ⁷⁸,
1279 1437 1289 1453 ι
1319 1428 1425 1455 attende
1456 1427 1528 1462 quod
1556 1435 1617 1456 eam
1637 1428 1672 1455 ob
1704 1436 1768 1455 cau-

149 1427 241 1462 χάνων
253 1430 339 1466 φυλῆς
348 1439 354 1446 ο
373 1431 440 1458 ἀλλὰ
452 1432 499 1458 καὶ
513 1432 592 1467 εἴπερ
614 1433 627 1458 ὁ
649 1432 782 1463 ἀντίδικος
793 1431 872 1467 ἡμῶν
884 1430 940 1457 διά-

990 1480 1047 1500 sam
1078 1472 1227 1500 secundum
1251 1473 1387 1508 quoddam
1424 1474 1619 1509 signiﬁcantius
1655 1475 1767 1502 verbum

150 1473 229 1506 ϐολος
248 1474 285 1507 ὡς
301 1475 368 1503 λέων
382 1477 455 1504 ἐστὶν
469 1477 503 1511 (f.
520 1478 563 1511 15)
580 1478 743 1513 ὼρυόμενος,
757 1478 808 1512 ὅρα
826 1477 863 1512 μὴ
878 1476 935 1503 τού-

150 1528 198 1546 του
214 1520 331 1556 σκύμνος
349 1523 401 1555 πᾶς
425 1523 456 1549 ἂν
469 1523 574 1558 λεχθείη
590 1523 761 1559 ἁμαρτωλὸς,
784 1523 844 1549 ἐπεὶ
860 1532 869 1548 ι
886 1523 937 1554 πᾶς

990 1526 1043 1545 non
1061 1518 1166 1546 leonem
1186 1527 1274 1554 neque
1290 1520 1423 1551 catulum,
1451 1520 1497 1547 sed
1519 1520 1597 1555 quasi
1617 1520 1721 1548 leonem
1743 1526 1771 1548 et

148 1565 165 1592 6
182 1566 266 1593 ποιῶν
279 1567 327 1602 τὴν
339 1569 476 1604 ἁμαρτίαν
493 1571 524 1595 ὲκ
539 1569 585 1595 τοῦ
602 1569 724 1595 διαϐόλου
739 1568 908 1604 γεγέννηται.
926 1577 935 1593 ι

990 1565 1109 1592 catulum
1136 1572 1198 1592 eum
1222 1565 1323 1592 factum
1351 1573 1412 1593 esse
1436 1566 1462 1593 in
1488 1567 1623 1602 passionis
1649 1569 1771 1600 tempore

155 1610 232 1638 Ἐπεὶ
245 1611 291 1639 οὖν
305 1614 350 1640 καὶ
362 1615 376 1640 6
388 1614 483 1651 Σωτὴρ
498 1624 507 1640 ι
523 1616 550 1641 ὲν
565 1615 717 1650 ὁμοιώματι
738 1614 837 1649 σαρκὸς
851 1614 937 1649 ἀμαρ-

990 1610 1131 1645 prophetia
1156 1611 1304 1647 declarat;
1317 1618 1378 1638 cum
1401 1614 1428 1638 et
1450 1611 1507 1646 ipse
1522 1612 1674 1646 passionem
1691 1619 1769 1639 suam

146 1655 210 1688 τίσις
233 1657 354 1693 ἐλήλυθε,
370 1669 379 1684 ι
396 1660 450 1685 καί·
467 1670 475 1685 ι
492 1660 602 1694 Γέγονεν
622 1661 692 1696 ὑπὲρ
702 1660 779 1695 ἡμῶν
796 1659 913 1695 κατάρα”
926 1669 934 1684 ι

990 1656 1123 1691 serpentis
1136 1656 1270 1684 assimilat
1284 1657 1405 1691 passioni
1420 1656 1513 1685 dicens
1527 1666 1533 1684 :
1550 1666 1559 1682 ι
1571 1657 1603 1684 Ει
1616 1657 1686 1684 sicut
1695 1657 1769 1693 Moy-

147 1701 206 1728 καί·
221 1712 230 1728 t
243 1703 288 1739 Μὴ
300 1705 396 1738 γνόντα
407 1705 486 1732 αὑτὸν
498 1706 632 1741 ἁμαρτίαν
640 1706 707 1742 ὑπὲρ
718 1705 795 1740 ἡμῶν
803 1704 937 1740 ἁμαρτίαν

990 1710 1033 1730 ses
1053 1702 1183 1730 exaltavit
1211 1706 1364 1737 serpentem
1392 1703 1420 1729 in
1444 1703 1562 1734 deserto,
1591 1702 1629 1730 ita
1654 1703 1767 1730 exaltari

149 1747 291 1783 ἐποίησεν·
314 1760 322 1775 ι
335 1751 386 1785 ὅρα
408 1751 444 1786 μὴ
458 1751 558 1778 τούτων
575 1752 666 1779 ἕνεκεν
691 1750 762 1777 κατά
778 1759 838 1777 τινα
854 1750 937 1785 βαθύ-

990 1752 1099 1783 oportet
1119 1747 1218 1775 Filium
1247 1748 1364 1775 hominis
1381 1748 1414 1775 τ’.
1433 1758 1443 1774 ›
1470 1748 1536 1776 Dein
1553 1748 1633 1776 tacite
1646 1756 1768 1776 resurre-

147 1800 228 1829 τερον
250 1794 327 1829 λόγον
352 1795 412 1822 οὗτε
444 1797 536 1823 λέοντα
562 1796 622 1823 οὔτε
654 1796 790 1832 σκύμνον,
817 1795 873 1822 ἀλλ’
897 1795 934 1826 ὡς

990 1793 1089 1820 ctionis
1104 1793 1163 1828 ejus
1178 1793 1336 1829 mysterium
1358 1794 1456 1829 innuit,
1481 1794 1523 1822 his
1539 1795 1629 1822 verbis
1646 1804 1652 1822 :
1673 1804 1682 1819 ι
1701 1794 1767 1827 Quis

147 1837 244 1866 λέοντα
267 1841 312 1867 καὶ
336 1842 455 1877 σκύμνον
474 1843 611 1877 γεγονέναι
632 1842 709 1869 αὐτὸν
734 1841 807 1877 παρὰ
824 1841 869 1868 τὸν
889 1841 935 1867 τοῦ

990 1839 1132 1867 suscitabit
1142 1840 1219 1866 eum?
1238 1849 1247 1865 ι
1265 1840 1392 1875 Apertum
1408 1845 1450 1869 est
1466 1842 1543 1869 nobis
1564 1848 1579 1868 e
1591 1842 1766 1869 conclusione

146 1884 251 1917 πάθους
265 1887 359 1922 καιρὸν
373 1889 389 1923 ή
404 1889 554 1924 προφητεία
567 1888 687 1920 θεσπίζει
699 1896 704 1902 ·
721 1889 782 1914 ἐπεὶ
794 1888 839 1914 καὶ
856 1887 935 1919 αὐτὸς

990 1886 1051 1921 quis
1068 1887 1182 1914 suscitet
1197 1886 1290 1914 Iesum
1306 1886 1450 1915 Dominum
1465 1892 1588 1916 nostrum
1604 1895 1618 1914 a
1632 1888 1744 1916 mortuis
1757 1908 1764 1920 ,

145 1930 178 1957 τὸ
199 1931 294 1958 ἑαυτοῦ
313 1933 396 1965 πάθος
415 1934 453 1968 τῷ
474 1934 521 1960 τοῦ
544 1934 630 1968 ὄφεως
653 1933 818 1969 παραϐάλλει
835 1933 931 1967 λέγων·

990 1932 1059 1960 Deus
1074 1933 1176 1960 scilicet
1193 1936 1218 1960 ct
1236 1932 1316 1961 Pater
1331 1933 1399 1968 eius.

149 1985 158 2001 ι
175 1977 278 2012 Ὥσπερ
291 1979 408 2015 Μωῦσῆς
432 1979 521 2013 ὕψωσε
536 1979 580 2006 τὸν
597 1979 656 2014 ὅφιν
669 1980 698 2005 ὲν
722 1980 754 2015 τῇ
769 1980 873 2015 ἐρήμῳ,
886 1978 969 2011 οὕτως
988 1978 1126 2015 ὑψωθῆναι
1140 1978 1179 2006 δεῖ
1194 1979 1238 2007 τὸν
1250 1980 1313 2007 Υίὺν
1325 1980 1371 2007 τοῦ
1387 1980 1537 2017 ἀνθρώπου.
1557 1991 1566 2008 ι
1587 1982 1645 2009 Ἐπὶ
1662 1982 1764 2010 τούτοις

146 2026 358 2061 σεσιωπημένως
376 2026 406 2053 τὸ
421 2026 490 2053 κατά
520 2027 568 2063 τὴν
587 2027 732 2054 ἀνάστασιν
752 2027 832 2054 αὑτοῦ
856 2027 1002 2063 μυστήριον
1019 2026 1200 2054 ὑπαινίττεται
1216 2026 1260 2054 διὰ
1277 2026 1334 2060 τοῦ,
1351 2037 1360 2052 ι
1376 2027 1423 2059 Τίς
1438 2027 1527 2063 ἐγερεί
1538 2028 1633 2061 aii-:6»);
1651 2038 1659 2054 ι
1677 2029 1763 2063 Σαφὲς

144 2071 167 2097 δ’
179 2073 243 2107 ἡμῖν
257 2073 289 2099 ἐκ
300 2073 346 2100 τοῦ
377 2074 607 2110 συμπεράσματος
631 2075 725 2113 γέγονε
755 2076 796 2107 τίς
825 2075 932 2111 ἤγειρεν
957 2074 1058 2111 Ἰησοῦν
1082 2075 1126 2102 τὸν
1148 2074 1247 2111 Κύριον
1263 2075 1339 2111 ἡμῶν
1354 2077 1385 2103 ὲκ
1402 2075 1518 2111 νεκρῶν·
1533 2075 1609 2112 δῆλον
1624 2077 1676 2112 γὰρ
1695 2076 1761 2103 ὅτιὸ

144 2119 211 2151 Θεὸς
222 2119 269 2147 καὶ
284 2120 376 2156 Πατὴρ
389 2121 487 2148 αὐτοῦς

187 2165 265 2201 Ἑξῆς
289 2166 317 2194 δὲ
342 2167 448 2201 λέγεται
480 2168 514 2195 τὰ
539 2169 592 2196 ἀπὸ
617 2169 682 2196 τοῦ·
704 2179 713 2196 ι
733 2170 789 2197 Ούκ
813 2170 931 2205 ἐκλείψει

143 2212 236 2247 ἄρχων
260 2212 290 2245 ἐξ
317 2213 410 2248 Ἰούδα,
435 2214 496 2241 οὐδὲ
522 2215 670 2251 ἡγούμενος
695 2217 727 2243 ὲκ
753 2216 805 2243 τῶν
834 2217 927 2252 μηρῶν

143 2257 244 2284 αὐτοῦ’
268 2267 279 2283 ι
303 2258 375 2295 άπερ
400 2261 424 2286 εί
449 2260 498 2295 μὲν
521 2260 550 2294 ἐξ
578 2262 673 2298 ἐτέρας
697 2262 928 2298 ἀναγινώσκοιμεν

142 2302 248 2338 ἀρχῆς,
268 2303 372 2338 λέγοιτο
397 2305 430 2331 ἂν
451 2305 488 2337 ὡς
514 2307 577 2342 περὶ
601 2307 726 2334 ἁπάντων
747 2308 800 2334 τῶν
823 2309 855 2335 ἐκ
880 2308 927 2335 τοῦ

149 2350 285 2377 Ἰουδαίων
299 2352 393 2386 γένους
415 2352 647 2389 καθηγησαμένων
660 2354 707 2381 τοῦ
722 2354 798 2387 λαοῦ,
822 2356 868 2382 καὶ
883 2355 924 2391 εἴη

1020 2166 1120 2195 Deinde
1144 2166 1244 2194 dicitur
1269 2176 1276 2193 :
1304 2177 1313 2193 ι
1328 2166 1387 2195 Non
1411 2167 1549 2195 auferetur
1573 2173 1708 2204 sceptrum
1729 2172 1764 2199 de

980 2213 1060 2245 Juda,
1078 2216 1104 2240 et
1120 2212 1174 2239 dux
1189 2211 1223 2239 de
1239 2211 1341 2240 femore
1357 2213 1427 2247 ejus.
1444 2223 1454 2239 ι
1473 2213 1538 2246 Quae
1563 2215 1671 2249 quidem
1691 2217 1714 2244 si
1728 2217 1762 2244 de

981 2259 1034 2286 alio
1060 2259 1268 2293 interpretemur
1295 2262 1422 2294 sceptro,
1447 2258 1602 2288 dicerentur
1624 2262 1702 2296 quasi
1728 2263 1761 2290 de

980 2305 1108 2332 omnibus
1123 2305 1169 2340 qui
1189 2313 1222 2333 ex
1242 2305 1395 2332 Iudaeorum
1410 2313 1507 2341 genere
1520 2307 1646 2341 populum
1660 2308 1758 2342 guber-

979 2354 1089 2384 narunt,
1105 2351 1222 2386 talisque
1248 2355 1322 2378 esset
1346 2352 1494 2380 secundum
1516 2352 1586 2380 hanc
1600 2353 1759 2387 interpreta-

141 2395 177 2423 ἃν
190 2396 250 2423 κατ’
261 2397 345 2432 αὐτὴν
359 2398 408 2433 τὴν
421 2398 537 2424 διάνοιαν
549 2400 563 2425 6
577 2399 630 2426 τῶν
640 2401 826 2436 προκειμένων
837 2400 925 2436 ῥητῶν

990 2395 1078 2423 ionem
1090 2395 1204 2430 hujusce
1218 2396 1269 2423 loci
1285 2404 1382 2425 sensus
1396 2406 1403 2424 :
1420 2397 1479 2425 Non
1494 2398 1570 2433 prius
1584 2399 1729 2426 cessabunt
1743 2407 1758 2426 e

142 2441 207 2473 νοῦς
222 2442 324 2469 τοιόσδε
339 2451 379 2474 τις
390 2452 396 2458 ·
411 2443 442 2469 οὐ
459 2444 588 2479 πρότερον
605 2445 752 2473 παύσονται
773 2448 797 2473 οί
812 2446 841 2479 ἐξ
861 2447 927 2473 Ἰου-

142 2487 226 2514 δαίων
236 2488 364 2523 ἇρχοντες
381 2490 427 2516 καὶ
440 2489 584 2525 ἡγούμενοι
596 2491 642 2516 ἐπὶ
654 2491 698 2518 τὸν
719 2492 850 2519 Ἰουδαίων
863 2492 927 2520 λαὸν

142 2533 346 2569 καθιστάμενοι,
353 2535 408 2565 ,ἕως
417 2534 449 2561 ἂν
459 2535 520 2570 ἔλθῃ
533 2536 547 2562 6
556 2536 605 2570 τῆς
615 2536 668 2563 τῶν
676 2536 758 2564 ἐθνῶν
767 2538 927 2573 προσδοκίας

141 2578 239 2610 αἴτιος,
248 2578 320 2605 τοῦτ’
332 2579 403 2606 ἐστιν
414 2580 428 2606 6
436 2580 560 2615 Χριστὸς,
569 2578 599 2607 οὗ
610 2582 828 2616 παραγενομένου
841 2583 926 2609 ἐκλεί-

139 2622 203 2655 ψειν
230 2622 335 2658 ἀνάγκη
350 2623 413 2655 τοὺς
435 2624 658 2659 προειρημένους.
679 2625 786 2653 Τούτων
806 2626 828 2653 δ’
841 2627 926 2659 οὕτως

140 2667 268 2703 ἑχόντων,
280 2668 489 2704 ἐπισκεψώμεθα
504 2670 566 2702 τοὺς
583 2671 641 2697 καθ’
653 2672 725 2707 ἡμᾶς
737 2673 856 2709 χρόνους,
867 2674 926 2709 εῐγε

139 2714 188 2740 νῦν
204 2713 322 2749 βασιλεῖς
335 2716 381 2741 καὶ
397 2716 561 2750 ἡγουμένους
571 2716 644 2743 ἔστιν
659 2718 759 2753 εὑρεῖν.
777 2719 854 2746 Ἀλλά
869 2721 923 2757 γὰρ

139 2760 209 2786 πᾶσι
223 2760 352 2795 πρόδηλον
364 2761 401 2792 ὠς
415 2761 483 2796 μετὰ
493 2760 547 2787 τῶν
563 2761 663 2789 λοιπῶν
677 2764 723 2790 καὶ
737 2764 768 2791 τὸ
787 2765 919 2792 Ἰουδαίων

979 2440 1080 2468 Judaeis
1094 2441 1186 2473 duces,
1212 2442 1401 2477 principesque
1415 2451 1496 2478 super
1504 2442 1656 2471 Iudaeorum
1670 2452 1756 2479 popu-

980 2489 1036 2516 lum
1049 2490 1207 2522 constituti,
1222 2498 1303 2525 quam
1317 2491 1405 2519 veniat
1416 2492 1534 2527 gentium
1548 2493 1756 2526 exspectationis

979 2544 1071 2568 causa,
1089 2536 1115 2563 id
1134 2540 1191 2569 est,
1208 2537 1349 2569 Christus,
1368 2537 1446 2573 cujus
1461 2542 1522 2572 post
1541 2538 1685 2565 adventum
1710 2546 1756 2565 nc-

978 2590 1056 2610 cesse
1069 2587 1111 2610 est
1127 2583 1318 2610 auctoritatem
1333 2583 1496 2618 relinquant.
1523 2583 1587 2616 Quae
1601 2591 1661 2610 cum
1675 2584 1711 2611 ita
1726 2592 1755 2612 se

979 2628 1111 2659 habeant,
1128 2633 1250 2663 tempora
1269 2633 1363 2656 nostra
1377 2632 1479 2657 attente
1493 2629 1704 2665 perspiciamus,
1719 2638 1755 2658 an

978 2673 1062 2701 duces
1072 2681 1203 2709 regesque
1215 2681 1287 2702 nunc
1307 2675 1424 2709 reperire
1443 2675 1488 2703 sit.
1516 2675 1614 2703 Verum
1628 2676 1756 2705 omnibus

976 2722 1093 2753 constat,
1116 2720 1186 2747 sicut
1208 2724 1320 2748 caeteras
1344 2724 1449 2756 gentes,
1472 2720 1625 2749 Judaeorum
1646 2730 1757 2758 quoque

976 2766 1103 2801 populum
1122 2766 1251 2794 Romana:
1269 2767 1366 2794 ditioni
1389 2775 1449 2796 esse
1472 2768 1641 2803 subjectum,
1665 2777 1753 2805 neque

140 2802 217 2834 ἔθνος
242 2804 297 2835 τοῖς
320 2804 508 2840 κατεπαρχιῶν
523 2805 596 2841 (κατ’
610 2808 757 2844 ἐπαρχίας)
780 2810 919 2845 Ῥωμαίων

991 2819 1133 2847 uemquam
1139 2820 1231 2841 eorum
1237 2821 1347 2841 summa:
1353 2814 1505 2841 auctoritati
1510 2822 1585 2843 sesse
1590 2822 1649 2842 com
1653 2819 1753 2850 potem.

183 2890 203 2903 ιι
224 2883 304 2911 Hebr.
322 2893 353 2912 ιι.
378 2887 418 2914 Η.
456 2889 479 2904 ⁷⁵
498 2888 508 2914 1
524 2888 595 2917 Pctr.
616 2898 641 2919 ν.
657 2892 681 2918 8.
720 2892 741 2907 ⁷⁸
761 2892 770 2918 l
787 2891 864 2919 Joan.
882 2894 937 2923 nt.l

999 2893 1106 2921 "item.
1118 2901 1174 2927 vm,
1192 2894 1218 2921 '5.
1261 2895 1281 2911 ⁷⁸
1296 2894 1317 2921 ll
1332 2894 1393 2922 Cor.
1408 2903 1432 2927 ν,
1447 2894 1489 2921 21.
1529 2894 1636 2923 ".loan.
1651 2904 1692 2931 lli,
1709 2898 1753 2927 Η.
