2037 3215
277 173 346 200 ΜΠ

646 175 779 203 EUSEBII
797 176 1034 205 CIESARIENSIS
1053 178 1128 206 OPP.
1151 179 1530 208 PARSill.—EXECETIC.\.

1815 182 1887 210 ιοιε

276 234 397 269 illudque
410 243 425 261 a
442 235 590 262 Salvatoris
603 237 690 264 nostri
713 237 898 265 incarnatione
912 239 968 266 fieri
982 240 1046 266 ince

1109 241 1238 275 ὴγῳόσιν
1271 242 1465 274 ὑποτέτακται,
1495 242 1606 278 μηδενὸς
1636 243 1725 268 αὐτῶν
1751 242 1800 277 τὴν
1835 243 1885 270 τοῦ

276 282 326 316 pit.
351 281 434 316 Igitur
445 281 478 308 ad
492 282 564 317 regis
575 281 690 310 Herodis
703 287 823 318 tempora
841 283 969 312 Hebraeos
983 293 1054 312 sem-

276 336 324 363 per
348 327 485 355 Hebraicze
503 329 576 362 genti
606 329 754 363 imperasse
786 330 812 357 in
838 329 961 358 historiis
977 339 1053 366 repe-

276 374 371 401 rimus.
396 373 418 399 A
431 373 522 409 Moyse
532 373 591 408 ipso
603 374 777 402 successione
792 375 936 407 continua,
954 377 1053 411 populo

275 419 510 446 duces'constituti
523 419 641 452 fuerunt,
652 419 761 448 iudices
776 421 882 455 vocati;
898 421 995 450 deinde
1010 430 1052 450 re-

275 471 321 498 ges
336 471 421 498 usque
434 463 808 499 adBabyloniscaptivitatem
819 465 960 500 imperium
973 473 1052 493 exer-

274 515 371 540 cuere;
392 512 452 543 post
475 509 656 544 captivitatem
673 510 771 536 summi
797 510 938 544 pontiﬁces
953 511 986 537 ad
999 511 1054 538 Au-

274 557 381 588 gustum
397 554 469 587 regia
485 554 646 582 auctoritate
664 555 743 589 potiti
759 559 838 588 sunt;
860 555 967 584 Herode
978 564 1051 590 vero,

273 599 319 634 qui
339 599 443 634 primus
470 598 552 626 alieni
574 603 633 626 erat
647 600 765 633 generis.
789 607 984 635 regnumquea
999 600 1054 628 llo-

274 645 362 672 manis
379 645 534 672 obtinuerat
548 645 707 681 imperante,
732 645 856 673 Salvator
869 639 1053 683 Dominusque

275 696 365 719 noster
383 690 462 719 Jesus
477 690 604 719 Christus
620 695 702 718 natus
722 696 774 719 est.
802 691 861 719 1am
880 692 962 728 igitur
973 693 1007 720 ab
1020 701 1053 721 eo

274 745 359 772 usque
373 737 406 764 ad
427 741 551 765 nostrum
576 742 680 772 tempus
705 737 845 772 imperium
863 743 1053 774 sceptrumque

273 783 398 812 aJudazis
420 785 507 812 ablata
531 788 605 812 sunt.
638 783 714 811 Patet
733 785 874 813 advenisse
888 793 902 812 a
914 786 1053 821 prophetis

272 831 428 866 praedictum
451 830 619 857 Salvatorein
645 834 780 862 nostrum,
798 831 877 866 cujus
892 839 908 858 a
923 832 1052 867 tempori-

271 877 323 905 luns
338 885 392 904 non
407 877 488 904 modo
500 875 654 904 Iudaeorum
667 877 750 904 ablati
778 882 841 905 sunt
857 877 951 910 duces,
967 877 1014 905 sed
1026 881 1053 905 et

1105 285 1197 322 ἄρχειν
1219 286 1341 319 ἐξουσίαν
1359 288 1599 323 ἐπιτετραμμένοι).
1620 289 1674 315 Καὶ
1692 288 1771 315 τοῦτό
1783 297 1816 322 γε
1829 290 1885 316 ἀπὸ

1103 332 1156 358 τῶν
1169 333 1272 368 χρόνων
1281 333 1330 368 τῆς
1342 333 1388 359 τοῦ
1404 334 1526 370 Σωτῆρος
1538 333 1613 369 ἡμῶν
1625 335 1755 368 γενέσεως
1767 335 1866 369 ἤρξατο
1875 345 1883 350 -

1105 381 1184 416 μέχρι
1198 379 1261 414 γοῦν
1281 380 1399 416 Ἡρώδου
1413 380 1541 414 βασιλέως
1558 381 1696 416 ’Ἐϐραίους
1707 381 1736 414 ἐξ
1753 381 1886 417 Ἐϐραίων

1102 426 1149 452 τοῦ
1167 426 1265 457 παντὸς
1278 425 1367 452 αὐτῶν
1383 425 1474 457 ἔθνους
1494 426 1625 461 ἄρξαντας
1642 427 1671 453 ὲν
1681 428 1740 458 ταῖς
1753 427 1886 463 ἱστορίαις

1103 472 1273 507 εὑρίσκομεν,
1295 472 1325 504 ἐξ
1338 471 1419 498 αὑτοῦ
1436 473 1571 503 Μωῦσέως
1587 473 1656 499 κατὰ
1675 473 1798 508 διαδοχὴν
1813 475 1886 508 ἡγῇ-

1104 519 1228 554 σαμένων
1238 518 1343 554 πρῶτον
1357 519 1405 554 μὲν
1415 519 1468 544 τῶν
1478 519 1626 553 λεγομένων
1636 520 1754 555 Κριτῶν,
1762 519 1810 547 εἶθ’
1821 521 1887 555 ἑξῆς

1102 564 1156 590 τῶν
1167 564 1297 599 βασιλέων
1313 565 1392 600 μέχρι
1405 565 1454 600 τῆς
1473 566 1512 596 εὶς
1528 565 1672 592 Βαϐυλῶνα
1687 566 1886 601 αἰχμαὶωσίας,

1104 610 1162 645 μεθ’
1177 611 1209 645 ἥν
1223 611 1246 636 οἰ
1262 610 1399 646 ἀρχιερεῖς
1412 610 1460 646 τὴν
1479 611 1564 646 ἀρχὴν
1577 611 1761 647 διαδεξάμενοι
1774 613 1822 640 ἐπὶ
1835 614 1887 648 τὴν

1103 655 1258 690 Αὐγούστου
1282 656 1428 691 διήρκεσαν
1451 655 1603 690 βασιλείαν·
1622 657 1680 683 καθ’
1706 657 1735 683 ὂν
1764 657 1886 692 Ἡρώδου

1104 702 1210 738 πρώτου
1225 703 1255 729 τὸ
1279 703 1355 737 γένος
1381 702 1535 737 ἀλλοφύλων
1550 703 1624 738 (λου)
1645 704 1694 739 τὴν
1717 705 1776 730 κατ’
1795 704 1886 731 αὐτῶν

1104 749 1240 784 βασιλείαν
1253 749 1305 775 ὑπὸ
1323 749 1464 784 Ῥωμαίων
1475 749 1688 784 ἐγχειρισθέντος
1699 750 1713 776 ὸ
1726 749 1822 785 Σωτὴρ
1838 751 1886 776 καὶ

1102 793 1203 828 Κύριος
1219 793 1296 829 ἡμῶν
1312 793 1414 828 Ἰησοῦς
1427 793 1542 829 Χριστὸς
1559 794 1698 830 ἐγεννήθη.
1711 795 1779 829 Ἤδη
1795 795 1886 821 τοίνυν

1103 838 1131 871 ἐξ
1152 838 1254 864 ἐκείνου
1281 839 1328 864 καὶ
1353 838 1432 874 μέχρι
1453 838 1499 864 τοῦ
1523 839 1653 874 παρόντος
1672 838 1768 874 χρόνον
1790 839 1886 873 σαφῶς

1103 883 1264 915 ἐκλελοιπὼς
1287 884 1378 919 ἄρχων
1399 892 1429 910 τε
1453 884 1500 910 καὶ
1523 884 1670 919 ἡγούμενος
1693 885 1721 909 ὲν
1746 884 1887 915 Ἰουδαίοις

271 925 359 952 omnis
373 924 462 952 cultus
472 924 518 959 qui
536 924 606 958 apud
623 931 672 951 eos
686 924 835 952 secundum
850 924 950 960 Moysis
964 925 1046 959 legem

1102 912 1293 957 ἀποδείκνυται
1302 912 1315 944 Ἰ
1323 912 1407 965 δῆλον
1425 929 1463 961 ὡς
1485 912 1610 964 ἐλήλυθεν
1627 931 1642 956 ὁ
1657 912 1887 965 τιεπροιίςνητευμέζ

271 969 418 998 Jerusalem
429 970 601 1005 implebatur.
618 969 759 998 Manifesta
770 975 859 998 autem
870 975 896 998 ct
908 975 1050 1006 exspecta-

270 1017 309 1042 tio
332 1024 425 1043 eorum
446 1017 491 1052 qui
514 1024 563 1052 per
586 1024 647 1044 cum
674 1017 707 1044 ad
726 1017 914 1045 universarum
928 1017 1047 1052 gentium

270 1062 354 1089 Deum
373 1063 564 1098 confugiebant
579 1064 668 1100 reipsa
683 1064 838 1091 confirmari
853 1064 945 1099 coepit,
961 1064 1048 1099 ipsius

270 1109 400 1136 adventus
414 1114 545 1145 tempore,
558 1110 707 1138 secundum
722 1109 815 1138 Jacobi
829 1110 1010 1146 prophetiam.

1102 985 1146 1008 νος
1163 975 1257 1011 Σωτὴρ
1270 975 1357 1010 ἡμῶν,
1377 973 1407 1002 οὗ
1428 975 1482 1001 ἀπὸ
1500 975 1554 1002 τῶν
1581 976 1682 1010 χρόνων
1705 977 1736 1002 ού
1755 977 1836 1010 μόνον
1859 978 1886 1003 οἱ

1107 1022 1240 1049 Ἰουδαίων
1258 1021 1456 1048 ἐπιλελοίπασιν
1475 1022 1617 1058 ἄρχοντες,
1632 1021 1698 1048 ἀλλὰ
1714 1023 1760 1048 καὶ
1777 1024 1852 1049 πᾶσα
1869 1024 1887 1058 ἠ

1102 1065 1169 1100 πρὸς
1185 1065 1274 1092 αὐτῶν
1295 1066 1324 1091 ἐν
1342 1065 1518 1101 Ἰερουσαλὴμ
1529 1066 1727 1102 ἀποτελουμένη
1745 1067 1818 1094 κατὰ
1838 1069 1887 1095 τὸν

1098 1111 1235 1142 Μωῡσέως
1251 1111 1331 1146 νόμον
1342 1110 1462 1147 λατρεία,
1481 1112 1576 1145 Σαφῶς
1589 1112 1618 1138 δὲ
1632 1114 1678 1139 καὶ
1696 1113 1713 1147 ἡ
1733 1114 1887 1149 προσδοκία

268 1156 323 1183 ’θῶν
345 1157 377 1183 δι’
401 1157 482 1184 αὐτοῦ
511 1158 754 1193 καταπεφευγότων
774 1158 884 1185 ἐπὶ’τὺν
907 1158 962 1184 τῶν
985 1158 1052 1185 ὅλων
1069 1157 1135 1184 Θεὸν
1148 1158 1233 1184 ἐθνῶν
1253 1158 1326 1194 ἔργῳ
1358 1158 1524 1194 πληροῦσθαι
1548 1160 1648 1195 ἤρξατο
1672 1161 1724 1187 ἀπὸ
1743 1161 1799 1187 τῶν
1833 1161 1886 1195 τῆς

269 1207 418 1241 παρουσίας
431 1206 512 1232 αὐτοῦ
527 1206 640 1242 χρόνων,
655 1205 725 1232 κατὰ
739 1207 787 1242 τὴν
801 1206 846 1232 τοῦ
866 1205 961 1233 Ἰακὼϐ
979 1207 1155 1241 προφητείαν.

304 1251 337 1279 Et
351 1252 535 1287 hzc'quidem
560 1253 583 1282 si
604 1253 638 1281 de
654 1254 765 1289 proprio
786 1257 894 1288 sceptro
914 1254 1050 1289 intelliga-

269 1305 342 1330 mus,
361 1307 370 1324 ι
385 1306 440 1325 non
457 1299 595 1327 auferetur
604 1304 742 1335 sceptrum
754 1300 787 1327 de
798 1299 883 1334 Iuda;
901 1310 910 1326 ι
927 1301 949 1329 si
964 1301 1049 1336 priori

268 1343 342 1371 hunc
355 1344 434 1379 quasi
450 1349 662 1374 consentaneum
676 1347 912 1374 accommodemus
924 1354 1046 1379 sensum,

267 1389 407 1417 Christum
435 1390 570 1425 signiﬁcat
594 1388 680 1418 Judas
706 1391 734 1418 in
756 1392 895 1426 prmcitato
920 1393 990 1424 loco,
1019 1397 1047 1420 et

271 1447 281 1464 ι
298 1445 351 1465 non
370 1437 508 1465 auferetur
522 1443 657 1474 sceptrum
673 1439 706 1466 de
719 1439 797 1472 Juda,
820 1449 829 1465 ι
845 1440 878 1466 ad
899 1440 960 1468 illos
984 1446 1046 1475 spe—

268 1487 325 1510 ctat
340 1485 386 1519 qui
399 1488 459 1518 post
475 1483 612 1512 Christum
628 1484 711 1512 duces
727 1489 754 1512 et
769 1485 905 1521 principes
919 1485 1047 1514 Ecclesiae

269 1528 380 1557 fuerunt
398 1540 404 1556 :
423 1530 472 1556 hos
488 1531 629 1565 prophetia
643 1530 712 1558 dicit
735 1538 789 1558 non
805 1531 960 1561 defecturos
974 1540 1046 1565 esse,

271 1584 279 1598 ε
293 1574 379 1602 donec
392 1575 481 1602 veniat
494 1575 540 1609 qui
554 1574 700 1602 mittendus
715 1579 774 1607 est;
789 1585 798 1601 ι
815 1578 893 1610 quasi
907 1577 1048 1605 manifeste

267 1620 380 1651 diceret.
397 1621 484 1649 donec
499 1622 591 1649 veniat
605 1629 665 1657 quae
680 1622 704 1649 ei
727 1623 834 1650 decreta
858 1628 922 1651 sunt
938 1624 965 1651 in
980 1632 1046 1652 con-

268 1667 476 1695 summationem
492 1667 622 1699 futuram,
638 1669 758 1696 omnium
772 1677 885 1704 regnum
903 1669 1044 1698 obtinebit.

267 1712 344 1746 Quod
360 1721 425 1741 vero
440 1713 526 1741 duces
542 1713 644 1743 Christi
667 1715 815 1750 discipulos
840 1721 950 1744 sanctus
968 1722 1045 1753 vocat

268 1758 395 1794 Spiritus,
410 1759 584 1787 manifestum
599 1764 642 1788 est
657 1768 692 1788 ex
705 1761 739 1789 iis
750 1769 809 1796 quae
822 1762 855 1789 de
865 1761 935 1789 Iuda
949 1763 1046 1790 dicun-

267 1811 311 1832 tur
331 1815 338 1832 :
358 1815 367 1830 ι
387 1804 426 1832 Tu
441 1813 513 1837 vero,
530 1806 610 1833 homo
627 1807 773 1839 unanimis,
787 1807 841 1834 dux
858 1815 934 1835 meus
946 1812 973 1835 et
998 1817 1042 1836 no-

267 1855 312 1879 tus
323 1859 400 1879 meus
417 1852 450 1879 ⁸⁰.
466 1861 476 1877 ›
495 1851 569 1885 Quos
590 1852 714 1887 religiose
738 1853 868 1885 colentes,
884 1854 930 1889 qui
951 1861 1045 1881 eorum

268 1897 369 1925 divinis
397 1899 565 1933 sinceriSque
587 1902 612 1925 et
629 1898 731 1925 sanctis
754 1899 844 1927 verbis
859 1899 1043 1931 crediderunt,

267 1944 378 1972 minime
393 1945 547 1972 conturbari
564 1945 672 1978 debent,
688 1953 738 1973 nec
753 1945 778 1972 in
794 1945 846 1973 ﬁde
860 1954 909 1974 sua
925 1954 1045 1973 commov

266 1989 324 2017 veri
340 1989 421 2024 hujus
439 1990 569 2025 temporis
583 1991 830 2025 persecutionibus,
850 1999 882 2019 ac
894 1992 1044 2027 praesertim

266 2041 298 2061 ea
314 2042 374 2069 qua:
394 2042 468 2062 nunc
491 2035 623 2063 adversus
641 2043 691 2064 nos
701 2027 944 2064 .vehementissime
958 2037 1042 2070 smvit.

267 2080 384 2115 taliaque
392 2081 522 2109 adversus
532 2081 668 2109 Ecclesias
678 2085 819 2117 totumque
830 2083 958 2118 populum
967 2091 1044 2111 excr-

267 2125 334 2158 cuit,
349 2126 440 2160 qua!ia
454 2133 504 2154 nec
520 2127 547 2153 in
565 2127 679 2154 historia
703 2135 833 2163 unquam,
851 2135 900 2156 nec
916 2129 943 2156 in
959 2129 1044 2156 tradi-

267 2171 340 2198 tione
352 2179 434 2198 senex
445 2172 534 2206 quivis
547 2173 702 2200 meminisse
713 2178 811 2208 potest.
827 2173 889 2201 Haec
902 2182 966 2201 vero
976 2175 1044 2201 dici~

267 2223 338 2249 mus,
356 2224 390 2244 ne
407 2218 450 2244 cui
469 2217 539 2244 forte
553 2218 696 2245 videantur
712 2227 773 2254 quae
790 2226 863 2246 nunc
887 2227 959 2247 saeva
977 2221 1043 2254 pati-

267 2270 328 2289 mur
343 2262 378 2290 iis
401 2270 461 2298 qua:
482 2264 557 2298 prius
581 2263 699 2291 diximus
714 2264 794 2299 plane
810 2265 958 2297 contraria,
980 2273 1041 2292 cum

1060 1645 1080 1673 C

1136 1255 1191 1280 Καὶ
1204 1254 1289 1281 ταῦτα
1309 1255 1359 1289 μὲν
1374 1255 1398 1280 εἰ
1416 1254 1454 1286 ὡς
1475 1255 1528 1281 ἀπὸ
1545 1255 1612 1286 ίδίας
1637 1256 1722 1291 ἀρχῆς
1747 1257 1885 1290 ἀναγινώ-

1101 1308 1213 1336 σκοιμεν
1227 1300 1261 1327 τὰ
1272 1300 1325 1327 ἀπὸ
1338 1301 1395 1327 τοῦ-
1406 1310 1414 1326 ι
1424 1302 1480 1328 οὐκ
1494 1301 1612 1337 ἐκλείψει
1628 1303 1717 1338 ἄρχων
1731 1303 1862 1335 ἐξΊούδα·
1871 1313 1881 1329 ι

1099 1348 1123 1373 εί
1140 1347 1162 1373 δ’
1176 1347 1214 1378 ὼς
1241 1347 1385 1374 ἀκόλουθον
1401 1348 1433 1383 τῇ
1460 1347 1512 1382 πρὸ
1531 1349 1616 1383 αὐτῆς
1636 1349 1737 1385 διανοίᾳ
1761 1349 1809 1377 καὶ
1831 1351 1884 1385 τὴν

1101 1391 1170 1428 μετὰ
1187 1394 1279 1428 χεῖρας
1292 1393 1471 1428 συνάπτομεν,
1489 1393 1551 1429 ἑξῆς
1573 1393 1606 1420 ἂν
1620 1394 1673 1429 εἴη,
1694 1395 1740 1421 τοὺ
1761 1395 1881 1430 Χριποῦ

1104 1437 1187 1463 Ἰούδα
1202 1438 1361 1472 νενοημένου
1373 1437 1443 1464 κατὰ
1455 1438 1489 1464 τὰ
1504 1437 1810 1473 προαποδεδομένα,τὺ,ι
1824 1439 1882 1466 Οὐκ

1099 1483 1216 1518 ἐκλείψει
1231 1483 1321 1519 ἄρχων
1337 1483 1366 1517 ἐξ
1389 1483 1426 1518 (f.
1440 1483 1509 1518 7v“)
1528 1483 1621 1516 Ἰούδα,
1639 1494 1647 1509 ι
1671 1485 1716 1511 ἐπὶ
1727 1485 1790 1516 τοὺς
1811 1486 1882 1520 μετὰ

1099 1529 1143 1556 τδν
1154 1529 1270 1565 Χριστὸν
1277 1529 1408 1566 ἄρχοντας
1424 1530 1470 1557 καὶ
1483 1530 1648 1565 ἡγουμένους
1659 1531 1708 1565 τῆς
1717 1531 1882 1566 Ἐκκλησίας

1100 1575 1289 1610 ἐκλαμϐάνειν,
1305 1576 1381 1611 οὒςὴ
1407 1576 1560 1611 προφητεία
1584 1577 1665 1611 φησὶν
1689 1576 1724 1612 μὴ
1744 1577 1883 1611 ἐκλείψειν

1101 1631 1110 1647 ι
1126 1621 1178 1653 ἕως
1194 1621 1226 1648 ἂν
1242 1621 1304 1658 ἔλθῃ
1323 1621 1357 1648 τὰ
1375 1622 1542 1656 ἀποκείμενα
1556 1622 1644 1657 αύτῷξ
1659 1632 1668 1647 ι
1687 1623 1724 1654 ὡς
1742 1623 1765 1648 εί
1794 1623 1881 1657 σαφέ-

1097 1675 1193 1703 στερον
1206 1667 1307 1702 ἔλεγεν,
1323 1668 1374 1699 ἕως
1385 1667 1417 1694 ἂν
1433 1667 1496 1704 ἑλοῃ
1511 1668 1544 1694 τὰ
1555 1668 1722 1703 ἀποκείμενα
1739 1669 1814 1703 αύτῴ
1831 1671 1883 1704 τῆς

1097 1714 1251 1746 συντελείας
1262 1715 1419 1749 ἐπιστάσης,
1436 1714 1582 1749 κομίσηται
1593 1715 1640 1749 τὴν
1657 1714 1727 1741 κατὰ
1743 1715 1798 1740 τῶν
1812 1715 1882 1740 ὅλων

1096 1760 1242 1795 βασιλείαν.
1258 1761 1318 1788 Ὀτι
1333 1761 1361 1787 δὲ
1379 1761 1425 1787 καὶ
1439 1761 1606 1796 ἡγουμένους
1620 1761 1681 1792 τοὺς
1692 1760 1746 1787 τοῦ
1759 1761 1880 1796 Χριστοῦ

1097 1806 1219 1841 μαθητὰς
1234 1806 1264 1832 τὸ
1283 1806 1352 1833 θεῖον
1376 1806 1508 1833 ἀποκαλεῖ
1525 1806 1636 1840 Πνεῦμα
1653 1806 1736 1840 σαφές
1755 1806 1830 1832 ἐστιν
1848 1807 1881 1832 ἐκ

1094 1851 1140 1878 τοῦ
1160 1852 1284 1886 λέγεσθαι
1300 1853 1363 1888 περ)⁸
1378 1853 1424 1879 τοῦ
1441 1853 1534 1879 Ἰούδα·
1550 1863 1558 1878 ι
1571 1853 1606 1878 Σὺ
1620 1852 1658 1884 δὲ,
1676 1852 1802 1887 ἂνθρωπ
1824 1853 1881 1879 led—

1094 1896 1173 1931 ψυχε,
1186 1896 1297 1932 ἡγεμών
1312 1906 1361 1932 μου
1378 1897 1424 1924 καὶ
1434 1896 1540 1931 γνώστα
1555 1906 1616 1932 μου.
1632 1906 1641 1922 ι
1659 1897 1714 1923 Καὶ
1729 1896 1833 1928 τούτοις
1850 1897 1880 1923 δὲ

1095 1942 1148 1978 χρὴ
1169 1943 1350 1978 προσέχοντας
1372 1944 1435 1975 τοὺς
1451 1943 1488 1975 ὡς
1512 1943 1594 1974 θείοις
1618 1943 1664 1969 καὶ
1689 1942 1801 1977 ἀληθέσι
1821 1943 1881 1974 τοῖς

1097 1989 1178 2024 ἱεροῖς
1191 1989 1280 2022 λόγοις
1294 1989 1506 2020 πεπιστευκότας
1521 1989 1651 2024 μηδαμῶς
1660 1988 1808 2025 θροεῖσθαι,
1825 1997 1880 2024 μη-

1094 2034 1122 2060 δὲ
1137 2035 1189 2069 μὴν
1212 2034 1330 2061 σείεσθαι
1347 2034 1395 2069 τὴν
1420 2035 1510 2061 πίστιν
1533 2035 1585 2061 ὑπὸ
1601 2035 1654 2061 τῶν
1677 2035 1749 2062 κατὰ
1765 2035 1880 2070 καιροὺς

1095 2080 1238 2114 διωγμῶν,
1262 2081 1310 2107 καὶ
1335 2081 1449 2115 μάλιστα
1472 2081 1518 2107 τοῦ
1543 2081 1689 2113 ἐνεστῶτος
1715 2082 1785 2117 ὑπὲρ
1815 2082 1880 2112 τοὺς

1095 2125 1203 2152 πώποτε
1230 2125 1396 2162 σφοδράιατα
1420 2126 1480 2153 καθ’
1511 2127 1588 2162 ἡμῶν
1611 2127 1796 2158 πνεύσαντος,
1831 2128 1880 2153 καὶ⁸

1095 2171 1207 2198 τοιαῦτα
1227 2171 1428 2206 ἐπιδειξαμένου
1442 2171 1512 2198 κατά
1531 2180 1558 2198 τε
1575 2172 1628 2198 τῶν
1649 2171 1816 2206 Ἐκκλησιῶν
1830 2171 1879 2197 καὶ

1095 2218 1193 2249 παντὸς
1207 2217 1252 2244 τοῦ
1272 2217 1346 2250 λαοῦ,
1362 2219 1439 2244 ὁποῖα
1460 2217 1520 2244 οὔτε
1537 2218 1591 2244 ἀπὸ
1611 2217 1719 2253 γραφῆς
1740 2217 1802 2244 οὔτε
1824 2217 1878 2252 μὴν

1095 2266 1127 2291 ὲκ
1143 2265 1316 2300 παραδόσεως
1330 2264 1449 2299 ἀρχαίων
1464 2272 1505 2295 τις
1520 2264 1730 2299 ἐμνημόνευσεν.
1742 2263 1835 2289 Ταῦτα
1847 2263 1877 2289 δέ

266 2315 354 2344 neque
369 2309 442 2336 coire
464 2308 556 2336 ﬁdeles
578 2309 695 2344 possint,
720 2316 806 2344 neque
825 2309 933 2337 decreta
957 2310 1041 2338 duces

1098 2319 1196 2345 φαμεν,
1220 2311 1280 2336 ἐπεὶ
1301 2310 1371 2344 τάχα
1391 2310 1489 2342 δόξειεν
1512 2310 1640 2345 ἄντικρυς
1671 2309 1741 2336 κατὰ
1763 2309 1810 2335 τὸν
1834 2309 1879 2335 ἐν·

266 2355 395 2384 Ecclesiaa
410 2356 565 2391 praecipere.
577 2356 758 2385 Veracissima
777 2357 859 2392 igitur
877 2365 938 2384 cum
955 2357 990 2384 sit
1005 2358 1043 2384 di-

266 2401 367 2429 vinitus
382 2401 513 2436 inspirata
529 2401 682 2438 Scriptura,
699 2403 863 2430 credendum
876 2407 919 2431 est
933 2411 980 2431 eos
991 2403 1042 2430 du-

265 2455 309 2475 ces
324 2455 378 2475 non
396 2448 507 2476 omnino
515 2448 660 2482 defecisse,
675 2449 724 2477 etsi
735 2449 896 2484 quibusdam
910 2449 1042 2477 defecisse

264 2491 417 2520 videantur.
439 2493 510 2521 Deus
526 2494 598 2521 enim
619 2494 758 2530 Propheta:
773 2495 866 2522 dicens
884 2502 892 2521 :
911 2505 920 2520 ε
935 2495 1042 2530 Reliqui

264 2540 330 2566 mihi
347 2544 449 2575 septem
472 2541 557 2569 millia
578 2542 710 2574 virorum,
723 2542 770 2576 qui
788 2549 843 2569 non
859 2546 1042 2569 curvaverunt

265 2594 353 2621 genua
366 2592 429 2614 ante
450 2587 513 2614 Baal
526 2588 560 2620 ⁸¹,
582 2597 591 2613 ι
609 2589 734 2623 querenti
769 2588 841 2623 quod
862 2588 948 2616 solum
978 2595 1039 2615 eum

265 2633 370 2660 caeteris
382 2633 495 2660 sublatis
503 2633 668 2669 re1iquisset,
679 2634 736 2669 ipse
751 2642 823 2661 nunc
830 2638 857 2661 et
865 2633 960 2669 dignos
973 2632 1041 2661 Pro-

264 2677 382 2704 videntia
403 2685 453 2706 sua
475 2679 595 2714 inspicit,
620 2689 629 2705 ι
655 2680 783 2715 reliquias
807 2681 957 2707 secundum
987 2679 1041 2708 ele-

264 2724 380 2750 ctionem
399 2724 492 2759 gratiae
503 2725 565 2745 ³’-³¹
584 2735 594 2751 ι
612 2730 639 2753 et
647 2726 724 2753 nobis
733 2733 897 2753 conservans
913 2733 927 2751 a
942 2733 971 2752 se
982 2733 1042 2752 mu-

265 2767 338 2795 nitos
349 2772 377 2796 et
390 2777 420 2797 se
436 2778 519 2797 unum
542 2771 764 2806 contemplantes.
781 2770 818 2798 De
835 2771 934 2806 quibus
947 2776 974 2798 et
989 2771 1041 2806 ipsi

264 2814 417 2843 diceremus
441 2825 448 2842 :
479 2826 489 2841 ι
516 2816 572 2844 Nisi
599 2817 728 2845 Dominus
752 2817 869 2844 Sabaoth
889 2817 1042 2852 reliquisset

304 2893 326 2908 ³⁵⁸
345 2891 417 2920 Bsal.
435 2900 488 2923 Liv.
507 2894 539 2921 Μ
587 2895 607 2911 ⁸·
627 2895 704 2923 Rom.
722 2903 765 2925 ιιι.
782 2897 808 2922 4.
847 2895 909 2916 ⁸²ο⁸³
927 2894 991 2923 ibid.
1008 2895 1035 2922 5.

1095 2356 1199 2383 εστῶτα
1208 2356 1325 2391 διωγμὸν
1335 2357 1464 2383 τάναντία
1478 2355 1676 2391 συμϐεϐηκέναι
1691 2357 1747 2386 τοῖς
1763 2355 1878 2390 εἰρημέ-

1097 2412 1162 2435 νοις,
1179 2402 1224 2429 διὰ
1237 2403 1267 2429 τὸ
1286 2403 1352 2438 μηδὲ
1374 2402 1509 2438 ἄθροισμα
1535 2401 1581 2429 νῦν
1606 2402 1762 2428 συνεστάναι
1776 2402 1877 2433 δοκεῖν,

1097 2450 1164 2485 μήτε
1174 2449 1219 2475 τὸν
1231 2449 1330 2475 κανόνα
1341 2448 1395 2475 τῶν
1402 2450 1450 2484 τῆς
1458 2447 1617 2481 Ἐκκλησίας
1629 2447 1774 2483 ἀρχόντων.
1785 2447 1879 2481 Ἀψευ-

1095 2494 1155 2526 δοῡς
1164 2494 1300 2529 τοιγάρτοι
1313 2492 1495 2528 τυγχανούσης
1505 2493 1555 2528 τῆς
1564 2491 1740 2519 θεοπνεύστου
1751 2491 1875 2526 Γμφῆςι

1096 2540 1239 2567 πεπεῖσθαι
1256 2539 1308 2575 χρὴ
1319 2541 1360 2566 ὃτι
1382 2539 1418 2575 μὴ
1434 2539 1541 2570 πάντως
1557 2538 1692 2570 ἐξέλειπον
1704 2538 1729 2563 οἱ
1745 2546 1877 2572 προειρη-

1096 2587 1181 2622 μένοι,
1196 2587 1221 2612 εί
1235 2587 1281 2613 καὶ
1291 2585 1392 2612 δοκοῖέν
1406 2593 1475 2612 τισιν
1489 2583 1670 2611 ἐκλελοιπέναι
1679 2593 1686 2599 ’
1698 2585 1712 2610 ὁ
1725 2583 1779 2620 γὰρ
1791 2584 1876 2610 εἰπὼν

1092 2633 1131 2668 τῷ
1147 2634 1276 2669 Προφήτῃ
1291 2632 1355 2664 Θεὸς
1367 2651 1374 2663 ,
1389 2642 1398 2657 ι
1416 2632 1568 2659 Κατέλιπον
1585 2630 1694 2666 ἐμαυτῷ
1716 2631 1876 2665 ἑπτακισχιν

1093 2679 1165 2710 λίους
1181 2679 1290 2715 ἄνδρας,
1312 2678 1406 2709 οἵτινες
1421 2678 1471 2704 ούκ
1486 2677 1609 2712 ἔκαμψαν
1622 2677 1685 2710 γόνυ
1707 2677 1741 2711 τῇ
1762 2676 1846 2707 Βάαλ,
1863 2686 1872 2700 ι

1093 2725 1252 2760 ὑπειληφότι
1272 2724 1352 2760 μόνον
1369 2724 1448 2752 αὐτὸν
1469 2722 1668 2758 περιλελεῖφθαι
1692 2722 1746 2748 τῶν
1772 2720 1876 2747 λοιπῶν

1093 2771 1278 2807 ἀνῃρημένων,
1292 2773 1306 2797 ὁ
1324 2771 1403 2802 αὐτὸς
1416 2770 1462 2797 καὶ
1477 2769 1525 2796 νῦν
1540 2769 1602 2801 τοὺς
1617 2767 1708 2801 ἀξίους
1727 2767 1778 2803 τῆς
1793 2766 1875 2793 αὑτοῦ

1095 2817 1220 2853 προνοίας
1233 2818 1328 2852 ἐφορᾷ,
1350 2827 1359 2843 ι
1373 2817 1473 2852 λεῖμμα
1487 2816 1544 2842 κατ’
1558 2814 1670 2848 ἐκλογὴν
1682 2813 1795 2849 χάριτος
1806 2821 1815 2838 ι
1828 2811 1875 2838 καὶ
