2037 3215
127 188 198 215 1049

638 189 782 217 ECLOGA)
804 189 1042 220 PROPIIETlC/E.
1060 208 1095 212 ——
1113 192 1176 219 LIB.
1199 193 1217 219 l.

1671 201 1739 229 1050

125 248 192 282 ἡμῖν
208 247 392 281 διαφυλάττων
409 249 471 280 τοὺς
492 248 558 284 πρὸς
583 247 665 275 αὑτοῦ
685 249 902 284 φρουρουμένους

966 251 1046 278 nobis
1064 259 1167 283 semen,
1186 251 1256 279 sicut
1274 252 1390 280 Sodoma
1406 254 1466 281 facti
1484 263 1615 292 essemus,
1633 262 1659 283 ‹-ι
1670 259 1740 285 sicut

126 293 174 320 καὶ
188 293 256 328 πρὸς
266 293 349 320 αὑτοῦ
368 294 448 328 μόνου
465 294 677 330 θεωρουμένους,
695 296 759 332 περὶ
773 291 810 322 ὦν
825 295 911 322 εἴποι-

127 349 178 375 μεν
192 339 225 366 ἂν
242 340 289 366 καὶ
303 340 380 366 αὐτοὶ
392 340 431 372 τὸ,
447 341 491 367 «Εἰ
511 340 548 376 μὴ
566 341 666 376 Κύριος
680 341 790 368 Σαϐαὼθ
812 342 909 375 ἐγκατ-

125 385 218 411 έλιπεν
229 385 294 420 ἡμῖν
309 385 428 420 σπέρμα,
443 385 480 416 ὡς
496 385 600 420 Σόδομα
621 385 654 412 ἂν
672 386 850 421 ἐγενήθημεν,
864 386 910 412 καὶ

124 430 163 462 ὡς
185 430 312 465 Γόμορρα
346 430 379 457 ἂν
400 430 589 466 ὡμοιώθημεν.
611 441 620 456 ι
645 431 680 457 Τὸ
699 431 794 466 γάρτοι
818 432 858 464 εἰς
879 433 910 458 τὸ

125 476 258 508 παντελὲς
272 475 456 503 ἐκλελοιπέναι
475 476 594 511 νομίζειν
613 477 675 509 τοὺς
688 477 734 503 τοῦ
752 477 829 512 λόγου
843 486 910 513 προ-

124 521 257 553 εστῶτας,
277 522 409 557 ἄρχοντας
426 522 472 548 καὶ
491 522 656 559 ἡγουμένους
669 523 721 549 ὑπὸ
736 523 785 558 τῆς
803 532 908 559 προφη-

123 567 201 599 τείας
214 567 434 602 ὠνομασμένους,
449 568 477 594 ἐν
488 577 514 594 τι
531 568 584 594 τῶν
603 568 750 603 ἀμηχάνων
768 569 907 604 τυγχάνει,

123 612 170 640 διὰ
183 612 214 639 τὸ
232 613 278 640 καὶ
296 613 357 648 ὅρον
371 613 506 639 τεθεῖσθαι
518 613 565 640 τοῦ
580 623 589 639 ι
604 614 640 649 μὴ
659 614 794 649 ἐκλείψειν
809 615 860 647 ἕως
875 615 907 642 ἂν

123 658 190 694 ἔλθῃ
203 657 237 685 τὰ
246 653 416 693 ’ἀποκείμενα
437 659 525 695 αὐτῷ·
542 669 551 685 ι
570 659 642 686 τοῦτ’
657 660 714 686 ἔστι
738 660 772 687 τὰ
786 660 837 688 ὑπὸ
859 660 906 687 τοῦ

123 704 231 739 [ἰατρὸς
247 705 437 740 ἐπηγγελμένα
450 705 488 740 τῷ
503 705 622 742 Χριστῷ,
635 706 750 742 φήσαντι
763 706 827 743 (τος)
841 707 908 743 πρὸς

122 750 223 782 αὐτὸν,
250 751 363 778 (Κάθου
386 752 418 778 ἐκ
439 751 532 785 δεξιῶν
551 760 620 787 μου,
645 752 698 784 ἕως
723 752 755 780 ἂν
781 753 818 779 θῶ
844 755 908 786 τοὺς

121 793 237 828 ἐχθρούς
253 802 300 820 σου
322 795 464 822 ὑποπόδιον
484 795 538 822 τῶν
560 796 648 823 ποδῶν
669 806 731 824 σοψ
750 807 760 823 ι
775 798 819 824 ὅτε
842 799 904 825 καί-

125 849 135 865 ι
150 840 208 866 Πᾶν
230 840 293 875 γόνυ
319 840 420 876 κάμψει
445 842 612 877 ἐπουρανίων
635 843 682 869 καὶ
707 844 836 878 ἐπιγείων
860 845 907 872 καὶ

121 886 322 921 καταχθονίων,
336 887 382 914 καὶ
401 888 475 914 πᾶσα
492 888 601 922 γλῶσσα
624 888 847 924 ἐξομολογήσεται
865 891 905 917 ὅτι

122 931 224 967 Κύριος
242 932 344 968 Ἰησοῦς
357 933 488 969 Χριστός·
507 944 516 959 ι
540 935 687 969 τηνικαῦτα
713 935 765 972 γὰρ
781 936 827 962 καὶ
852 937 905 963 τῶν

120 978 208 1005 seu?»
231 979 377 1014 προσδοκία
401 979 456 1007 τῶν
481 980 527 1006 ἐπὶ
541 980 587 1007 τοῦ
610 981 741 1016 παρόντος
763 983 803 1014 είς
824 983 905 1010 αὑτὸν

119 1025 341 1052 πεπιστευκότων
377 1026 471 1061 καιρὸν
507 1025 563 1059 ἕξει
594 1025 644 1057 τὰς
676 1027 905 1063 προσδοκηθείσας

118 1070 285 1104 ἐπαγγελίας
310 1071 474 1106 κομίσασθαι
497 1072 526 1098 ἐν
548 1072 580 1106 τῇ
613 1072 823 1110 προσδοκωμένη
851 1074 904 1101 τῶν

117 1116 241 1152 οὐρανῶν
257 1116 388 1152 βασιλείᾳ.
404 1117 458 1144 Καὶ
472 1117 557 1144 ταῦτα
575 1119 623 1153 μὲν
634 1119 719 1156 ταύτῃ
730 1128 736 1134 ·
755 1119 789 1146 τὰ
802 1120 824 1146 δ’
841 1120 904 1156 ἑξῆς

921 921 942 948 Β

961 296 1111 324 Gomorrha
1135 298 1239 326 similes
1262 299 1405 327 fuissemus
1422 301 1455 327 δ”.
1473 311 1482 327 ι
1509 301 1611 329 Idcirco
1631 303 1742 332 minime

961 343 1171 370 existimandum
1185 348 1226 372 est
1237 345 1312 372 verbi
1329 347 1484 380 magistros,
1499 347 1582 374 duces
1592 348 1741 384 principes-

959 397 1013 424 que
1029 397 1043 416 a
1058 390 1196 425 prophetis
1213 396 1334 423 vocatos,
1348 393 1456 427 penitus
1472 392 1614 424 defecisse,
1631 401 1742 428 prteser-

960 435 1007 462 tim
1023 444 1083 463 eum
1102 436 1203 471 praefixi
1216 437 1271 464 sint
1293 437 1411 469 termini,
1430 447 1439 463 ι
1456 446 1510 465 ηοη
1525 438 1682 466 auferentnr
1694 440 1742 467 do-

959 488 1009 508 nec
1025 481 1135 508 veniant
1152 490 1212 516 qua:
1227 482 1277 517 ipsi
1294 482 1400 510 decreta
1408 487 1487 516 sunt;
1504 494 1513 509 ι
1534 484 1636 511 scilicet
1653 493 1712 519 quae
1726 492 1741 511 a

959 525 1038 553 Patre
1048 527 1158 554 Christo
1169 529 1294 554 nuntiata
1308 533 1382 559 sunt,
1394 529 1426 556 ad
1439 537 1499 556 eum
1509 529 1633 557 dicente:
1648 539 1656 555 ι
1673 530 1742 558 Sede

959 579 974 598 a
991 572 1094 600 dextris
1109 573 1187 605 meis,
1203 574 1289 601 donec
1307 582 1403 609 ponam
1423 575 1550 603 inimicos
1564 580 1625 603 tuos
1638 577 1742 604 scabel-

959 617 1013 644 lum
1028 619 1124 652 pedum
1140 623 1250 646 tuorum
1262 619 1300 653 “5;
1315 630 1323 646 ›
1338 628 1388 648 nec
1398 628 1452 648 non
1463 621 1508 648 illa
1524 630 1530 648 :
1546 631 1555 647 ε
1574 622 1659 649 Omne
1671 631 1739 657 genu

958 663 1082 691 ﬂectatur
1096 665 1260 698 caelestium,
1277 667 1445 694 terrestrium
1465 672 1493 696 et
1508 668 1676 696 infernarum
1689 678 1697 702 ;
1711 674 1739 696 et

958 710 1048 738 omnis
1067 711 1157 746 lingua
1174 711 1335 739 confiteatur
1348 713 1412 748 quia
1427 712 1559 741 Dominus
1569 714 1649 742 Jesus
1661 714 1740 742 Chri—

957 759 1016 785 stus
1028 755 1061 784 ⁸⁶.
1079 766 1088 782 ι
1104 756 1180 784 Tunc
1193 757 1266 785 enim
1277 761 1303 785 et.
1316 758 1437 793 gentium
1452 760 1618 794 exspectatio
1631 767 1691 794 qum
1706 760 1739 786 ab

957 809 989 828 eo
1005 805 1127 837 tempore
1152 811 1238 838 usque
1271 804 1304 831 ad
1333 805 1399 831 illud
1426 805 1453 831 in
1476 813 1537 831 eum
1554 806 1737 837 crediderunt,

957 848 1168 882 promissionum
1180 851 1442 877 consummationem
1453 850 1566 882 videbit,
1577 856 1739 887 speratoquc

957 893 1087 921 caelorum
1099 903 1182 930 regno
1197 897 1324 930 potietur.
1340 896 1402 924 Haac
1413 897 1520 932 quidem
1536 898 1588 930 ita;
1603 905 1663 932 quae
1675 906 1739 925 vero

956 944 1109 975 sequuntur
1125 950 1133 968 :
1153 949 1163 966 ι
1190 941 1289 976 Ligans
1312 941 1346 971 ad
1368 942 1472 968 vineam
1490 942 1593 977 pullum
1610 950 1688 970 suum
1701 963 1709 973 ,
1727 953 1736 968 ο

956 985 1102 1020 allegorice
1114 986 1316 1022 interpretanda
1328 988 1458 1015 studiosis
1468 988 1534 1015 viris
1545 988 1737 1023 relinquemus,

956 1032 1083 1066 pluribus
1100 1032 1156 1067 jam
1176 1033 1267 1066 dictis,
1289 1041 1343 1061 non
1361 1034 1434 1069 quod
1454 1034 1488 1061 ad
1506 1034 1673 1069 propositum
1691 1042 1740 1060 no-

955 1081 1058 1111 strum;
1073 1080 1174 1114 quippe
1189 1087 1249 1114 qua
1271 1079 1304 1106 ad
1322 1079 1394 1107 hunc
1414 1080 1501 1107 locum
1519 1080 1660 1115 perspicue
1675 1080 1738 1107 illu—

955 1123 1096 1150 strandum
1118 1125 1330 1159 requirerentur.

118 1161 240 1194 ἀπὸτοῦ,
256 1172 264 1187 ι
276 1162 418 1197 Δεσμεύων
437 1163 504 1198 πρὸς
522 1163 643 1198 ἄμπελον
661 1165 707 1192 τὸν
719 1165 806 1192 πῶλον
819 1165 911 1198 αὑτοῦ,
933 1177 943 1193 ι
964 1171 1013 1204 τῆς
1027 1169 1059 1196 δι’
1075 1170 1236 1206 ἀλληγορίας
1253 1172 1378 1203 ὑπονοίας
1396 1171 1536 1207 ἠρτημένα
1555 1173 1608 1203 τοῖς
1625 1172 1738 1212 φιλομει-

119 1208 180 1235 θέσι
209 1208 298 1243 ζητεῖν
317 1208 531 1244 καταλείψομεν,
563 1209 756 1242 πλεονάσαντες
773 1212 818 1238 καὶ
837 1212 866 1238 ἐν
884 1215 940 1245 τοῖς
958 1215 1127 1250 εἰρημένοις,
1153 1218 1183 1243 οὐ
1205 1218 1274 1244 κατὰ
1297 1218 1341 1244 τὸν
1365 1218 1528 1253 προτεθέντα
1555 1218 1604 1253 μὲν
1627 1208 1736 1247 σκοπὸν,

117 1259 194 1291 ὅμως
203 1255 225 1282 δ’
235 1254 264 1287 ἐξ
275 1255 395 1291 ἀνάγκης
409 1255 480 1292 ὑπὲρ
491 1256 591 1290 σαφοῦς
601 1257 750 1293 διηγήσεως
762 1258 815 1284 τῶν
828 1259 898 1286 κατὰ
916 1261 960 1287 τὸν
975 1262 1065 1289 τόπον.

384 1302 580 1329 ΚΕΦΔΔΛῐΟΝ
599 1303 638 1329 Θ’.

370 1347 435 1374 Ἀπὸ
453 1347 509 1382 τῆς
527 1348 658 1380 Ἐξόδου.

158 1403 168 1419 ‹
184 1393 238 1420 Καὶ
251 1393 370 1429 Μωῦσῆς
378 1391 412 1428 ἦν
420 1394 570 1429 ποιμαίνων
581 1394 614 1420 τὰ
627 1395 749 1430 πρόϐατα
763 1395 844 1432 Ἰοθόρ
855 1393 903 1423 τοῦ

119 1441 152 1475 (Ῑ.
165 1440 192 1475 8)
206 1439 330 1475 γαμϐροῦ
345 1439 436 1467 αὐτοῦ.
451 1449 460 1465 ›
474 1439 529 1466 Καὶ
546 1441 606 1475 μετ’
618 1441 695 1475 ὀλίγα
706 1451 712 1457 -
729 1452 738 1467 ί
752 1442 805 1469 Καὶ
823 1441 904 1478 ἦλθον

118 1489 160 1518 εἰς
169 1487 199 1513 τὸ
211 1486 272 1522 ὅρος
284 1486 331 1513 τοῦ
342 1486 409 1512 Θεοῦ
420 1487 520 1522 Χωρήϐ
531 1495 537 1502 ·
551 1487 628 1522 ὤφθη
641 1488 668 1514 δὲ
680 1488 793 1522 ἄγγελος
801 1489 904 1524 Κυρίου

119 1532 194 1568 αὐτῷ
213 1534 242 1559 ἐν
265 1532 344 1567 φλογὶ
363 1532 458 1568 πυρός.
475 1542 484 1558 ι
508 1533 563 1560 Καὶ
589 1533 648 1569 μέθ’
663 1534 760 1568 ἕτερα·
779 1543 788 1559 ι
813 1535 857 1566 Ὠς
875 1535 904 1560 δὲ

118 1576 189 1605 εἶδεν
210 1578 310 1614 Κύριος
324 1578 365 1604 ὅτι
383 1578 516 1614 προσάγει
535 1579 609 1610 ἰδεῖν,
622 1579 749 1606 ἐκάλεσεν
766 1579 846 1606 αὐτὸν
871 1581 904 1607 ἐκ

120 1624 204 1660 μέσον
232 1623 278 1651 τοῦ
303 1624 381 1659 βάτου
407 1623 502 1658 λέγων.
519 1635 529 1650 ι
550 1625 606 1651 Καὶ
627 1624 719 1657 αὖθις·
742 1636 751 1652 ι
771 1625 852 1653 Εἶπεν
873 1627 902 1654 δὲ

118 1669 220 1705 Κύριος
248 1669 316 1705 πρὸς
341 1669 430 1696 αὐτόν’
452 1668 519 1703 Ὲγόι
542 1671 601 1705 εἰμι
625 1671 639 1696 ό
660 1670 706 1696 ῶν.
727 1680 734 1695 ι
756 1672 810 1697 Καὶ
835 1671 904 1706 μετὰ

118 1716 249 1743 πλεῖστα·
267 1727 276 1742 ι
295 1716 437 1751 Ἐλάλησεν
456 1716 484 1742 δὲ
497 1717 512 1742 ὁ
528 1716 594 1747 Θεὸς
617 1717 685 1752 πρὸς
699 1717 818 1751 Μωῦσῆν
828 1726 834 1732 ·
854 1717 902 1744 καὶ

118 1761 196 1789 εἶπεν
215 1762 282 1798 πρὸς
303 1762 400 1789 αὐτόν·
422 1761 492 1796 Ἐγὼ
506 1761 616 1797 Κύριος,
641 1763 687 1789 καὶ
715 1761 808 1798 ὤφθην
834 1763 902 1798 πρὸς

125 1807 250 1843 Ἀϐραὰμ
261 1808 308 1834 καὶ
328 1807 418 1834 Ἰσαὰκ
430 1808 475 1834 καὶ
491 1807 596 1839 Ἰακὼϐ,
612 1808 677 1840 Θεὸς
690 1809 727 1835 ὢν
740 1809 839 1842 αὐτῶν,
853 1810 902 1837 καὶ

118 1855 150 1881 τὸ
172 1854 257 1890 δνομὰ
283 1862 333 1889 μου
362 1854 462 1890 Κύριος
490 1854 540 1880 οὐχ
570 1854 692 1890 ἐδήλωσα
722 1856 828 1887 αὐτοῖς·
853 1856 900 1882 καὶ

119 1902 220 1936 ἕστησα
232 1900 279 1936 τὴν
292 1900 428 1935 Διαθήκην
442 1909 490 1936 μοι)
507 1901 574 1936 πρὸς
584 1901 691 1933 αὐτοὺς,
705 1911 714 1926 ι
727 1902 772 1928 καὶ
783 1902 817 1928 τὰ
829 1902 902 1937 ἐξῆς.

120 1947 227 1982 Σφόδρα
243 1946 509 1982 παρατετηρημένως
532 1948 560 1973 ἐν
577 1946 679 1978 τούτοις
699 1947 749 1982 οὐχ
769 1948 784 1973 ὁ
800 1947 905 1983 Κύριος

119 1992 177 2019 ἀλλ’
191 1993 206 2018 ό
218 1991 330 2025 ἄγγελος
340 1988 427 2025 ὦφθαι
436 1990 474 2026 τῷ
488 1992 598 2017 Μωῦσεί
605 1991 862 2028 ἀναγέγραπται,δι“
873 1990 904 2019 οὗ

120 2039 166 2065 καὶ
185 2038 200 2064 ὁ
216 2037 317 2072 Κύριος
343 2037 438 2072 ὥσπερ
453 2037 486 2063 δι’
503 2037 642 2072 ἑρμηνέως
666 2038 838 2074 χρηματίζων
863 2038 901 2065 δι-

119 2086 224 2115 δάσκει,
237 2084 278 2110 ὅτι
300 2083 336 2119 μὴ
352 2083 393 2119 εἴη
414 2083 600 2118 ὑπώεϐηκυίἁ
617 2092 658 2115 τις
676 2083 789 2119 δύναμις
804 2085 819 2119 ἠ
836 2093 903 2120 χρη-

121 2131 280 2166 ματίζουσα,
291 2129 347 2156 ἀλλ’
355 2129 433 2161 αὐτὸς
445 2130 459 2156 ὁ
469 2129 515 2155 ὥν.
529 2129 696 2165 Σαφέστερον
710 2130 738 2156 δὲ
748 2129 789 2161 τίς
801 2131 874 2156 ἐστιν
889 2131 903 2156 ὁ

119 2177 156 2204 ὣν
164 2177 283 2213 παριστᾷ
293 2178 321 2203 ἐν
330 2176 367 2212 τῷ
377 2176 414 2210 (1)
423 2184 514 2210 φησιν’
530 2185 538 2201 ι
551 2175 620 2210 Ἐγὼ
633 2175 742 2211 Κύριος·
754 2177 801 2203 καὶ
813 2176 904 2212 ὤφθην

1253 1310 1366 1338 CAPUT
1393 1311 1439 1340 IX.

1261 1358 1300 1384 Ab
1319 1358 1422 1385 Exodo.

994 1409 1004 1426 ‹
1029 1401 1136 1438 Moyses
1170 1407 1261 1430 autem
1289 1405 1418 1438 pascebat
1441 1412 1504 1432 oves
1534 1404 1627 1432 Jethro
1650 1407 1737 1433 soceri

957 1447 1000 1474 sui
1015 1447 1049 1475 ⁸⁷.
1066 1457 1075 1474 ›
1089 1447 1122 1475 Et
1139 1453 1200 1484 post
1216 1457 1301 1485 pauca
1315 1459 1322 1477 :
1337 1459 1345 1475 ι
1363 1449 1496 1485 Venitque
1515 1450 1546 1477 ad
1560 1456 1677 1478 montem
1691 1451 1738 1479 Dei

959 1492 1063 1526 Horeh;
1083 1495 1261 1530 apparuitque
1276 1495 1301 1522 ei
1325 1495 1430 1522 Domini
1448 1496 1558 1530 angelus
1582 1497 1608 1523 in
1631 1497 1736 1524 flamma

918 1551 938 1579 α
958 1538 1028 1574 ignis
1043 1539 1084 1572 ⁸⁸;
1104 1549 1113 1564 ι
1130 1547 1162 1566 ac
1187 1540 1284 1568 deinde
1302 1550 1308 1567 :
1326 1551 1335 1566 ί
1352 1540 1474 1568 Cernens
1492 1545 1581 1568 autctn
1607 1541 1738 1569 Dominus

956 1584 1029 1620 quod
1045 1590 1169 1620 pergeret
1183 1585 1215 1612 ad
1234 1586 1390 1619 videndum,
1405 1587 1512 1613 vocavit
1528 1595 1588 1614 eum
1600 1588 1633 1614 de
1649 1587 1738 1615 medio

954 1629 1015 1656 rubi
1030 1633 1057 1655 et
1072 1629 1109 1655 ait
1127 1629 1166 1661 ⁸⁹;
1184 1638 1192 1654 ι
1206 1633 1232 1656 et
1249 1637 1365 1657 rursus:
1382 1639 1391 1656 ι
1410 1629 1483 1657 Dixit
1499 1634 1586 1658 autem
1607 1630 1737 1658 Dominus

955 1674 988 1701 ad
1002 1682 1064 1701 eum
1078 1684 1083 1701 :
1099 1674 1154 1709 Ego
1170 1682 1229 1702 sum
1245 1675 1291 1710 qui
1306 1683 1366 1702 sum
1383 1676 1417 1702 ³ο.
1437 1686 1445 1701 ι
1463 1676 1494 1702 Et
1512 1677 1581 1703 infra
1599 1687 1605 1703 :
1623 1686 1633 1702 ς
1650 1676 1738 1703 Locu-

955 1722 1000 1746 tus
1013 1724 1056 1746 est
1078 1719 1150 1747 Deus
1171 1719 1205 1746 ad
1226 1719 1356 1755 Moysem,
1382 1721 1503 1756 dixitque
1517 1721 1550 1748 ad
1572 1730 1633 1749 eum
1659 1732 1665 1748 :
1682 1722 1737 1757 Ego

955 1762 1097 1795 Dominus,
1124 1764 1171 1799 qui
1197 1765 1308 1799 apparui
1326 1765 1473 1797 Abraham,
1497 1766 1569 1792 Isaac
1594 1770 1620 1793 et
1641 1766 1736 1798 Jacob,

955 1816 1016 1836 cum
1030 1817 1119 1836 essem
1135 1809 1206 1836 Deus
1217 1817 1322 1841 eorum,
1335 1817 1488 1844 nomenque
1503 1818 1591 1838 meum
1607 1810 1737 1838 Dominus

954 1862 1008 1881 non
1034 1854 1153 1881 iudicavi
1177 1855 1238 1888 eis;
1264 1854 1408 1890 pepigique
1433 1855 1521 1882 fedus
1556 1863 1644 1883 meum
1674 1864 1735 1883 cum

954 1900 1036 1932 eis",
1056 1909 1066 1926 ι
1083 1904 1109 1927 et
1126 1900 1242 1936 reliqua.
1254 1901 1468 1928 Accuratissime
1487 1901 1514 1928 in
1536 1901 1597 1929 istis
1611 1910 1666 1929 non
1685 1901 1736 1929 Do-

955 1944 1056 1976 minus,
1075 1946 1123 1972 sed
1137 1946 1250 1980 angelus
1264 1946 1338 1973 visus
1355 1946 1440 1973 fuisse
1454 1946 1580 1978 refertur,
1595 1955 1642 1981 per
1655 1955 1734 1982 quem

956 1990 1096 2023 Dominus,
1111 1994 1190 2026 quasi
1203 1999 1251 2026 per
1266 1992 1440 2026 interpretem
1458 1992 1658 2025 manifestatus,
1672 1993 1738 2020 edo-

955 2039 998 2062 cet
1016 2035 1135 2070 seipsum
1156 2044 1210 2064 non
1227 2038 1344 2072 aliquam
1363 2045 1424 2065 esse
1447 2037 1600 2065 inferiorem
1617 2043 1736 2073 potesta-

954 2085 1019 2114 tem,
1041 2082 1088 2110 sed
1110 2083 1180 2110 hunc
1203 2083 1290 2118 ipsum
1308 2084 1354 2118 qui
1377 2088 1427 2111 est.
1450 2083 1516 2116 Quis
1529 2085 1574 2111 ille
1590 2085 1672 2119 igitur
1689 2085 1736 2120 qui

955 2132 1006 2161 est,
1026 2129 1082 2162 inec
1098 2129 1176 2156 nobis
1193 2130 1300 2164 plenius
1317 2130 1506 2157 demonstrant
1520 2140 1526 2157 :
1548 2139 1556 2155 ι
1576 2130 1631 2165 Ego
1649 2126 1737 2158 Domi-

955 2183 1018 2207 nus,
1034 2175 1080 2210 qui
1105 2175 1217 2210 apparui
1237 2175 1384 2207 Abraham,
1409 2175 1482 2204 Isaac
1507 2180 1533 2203 et
1554 2175 1655 2210 Jacob;
1674 2183 1736 2203 cum

119 2224 189 2260 πρὸς
218 2222 341 2259 ’Δϐραὰμ
367 2223 413 2248 καὶ
441 2222 534 2248 Ἰσαὰκ
558 2223 605 2248 καὶ
636 2221 752 2253 Ἰακὼϐ,
778 2222 842 2254 Θεὸς
865 2222 902 2249 ὢν

955 2228 1041 2248 essem
1055 2220 1124 2247 Deus
1138 2228 1244 2253 eorum,
1260 2229 1412 2256 nomenque
1429 2230 1518 2249 meum
1535 2221 1666 2249 Dominus
1681 2230 1737 2249 non

119 2269 226 2297 αὐτῶν·
241 2268 287 2295 καὶ
305 2268 334 2294 τὸ
354 2267 438 2302 ὄνομά
453 2276 503 2302 μου
517 2267 618 2302 Κύριος
639 2268 690 2294 οὐκ
711 2267 832 2302 ἐδήλωσα
852 2268 902 2293 αὺ-

118 2317 192 2348 τοῖς·
210 2325 219 2341 »
237 2314 252 2341 ὃ
267 2315 313 2342 καὶ
326 2314 443 2341 τοιοῦτον
460 2314 533 2340 δοκεί
548 2322 592 2349 μοι
608 2314 670 2340 νοῦν
687 2315 839 2350 περιέχειν·
859 2315 904 2341 Σο)⁸

120 2363 172 2398 μὲν
184 2361 214 2388 τὸ
225 2361 310 2396 ὄνομά
325 2369 374 2396 μου
386 2359 453 2392 τέως
465 2360 529 2386 αὐτὸ
543 2360 620 2395 μόνον
632 2359 718 2395 δηλῶν
733 2369 802 2395 φημι
815 2369 819 2376 ·
835 2360 904 2395 Ἐγὼ

119 2408 239 2444 Κύριος·
256 2407 312 2438 τοῖς
327 2406 355 2432 δέ
370 2407 425 2437 σοῖς
440 2405 558 2440 πατράσι
582 2406 612 2432 τὸ
627 2405 676 2440 μὲν
694 2406 778 2441 ὄνομα
793 2415 843 2441 μου
856 2407 905 2433 οὐκ

118 2456 257 2490 ἐδήλωσα,
272 2454 318 2481 καὶ
335 2452 455 2489 μείζονος
468 2452 523 2488 γὰρ
539 2451 607 2484 ἄξιοι
623 2453 672 2488 τῆς
689 2453 816 2488 τοιαύτης
835 2453 903 2487 γνώ-

120 2510 192 2534 σεως
215 2500 360 2536 ἐτύγχανον
381 2499 470 2530 ὅντες
493 2497 574 2530 αὐτὸς
592 2498 620 2524 δὲ
641 2497 734 2532 ὤφθην
746 2498 836 2530 αὐτοῖς
856 2499 902 2525 καὶ

118 2548 155 2575 δι’
170 2547 266 2574 ἑαυτοῦ
279 2545 418 2581 (ἐμαυτοῦ)
433 2545 482 2580 τὴν
495 2544 630 2579 Διαθήκην
657 2553 706 2579 μου
723 2545 790 2580 πρὸς
804 2545 902 2576 αὐτοὺς

118 2594 235 2629 germen.
247 2591 381 2628 Πρόδηλον
395 2591 423 2617 δέ
436 2591 468 2617 ἐκ
483 2590 537 2616 τῶν
550 2590 803 2625 προαποδεδομένων
816 2590 858 2622 τίς
868 2588 902 2626 ἦν

118 2641 135 2666 ὁ
161 2640 219 2670 τοῖς
238 2638 372 2674 πατράσιν
394 2636 501 2671 ὀφθείς·
518 2635 611 2662 τοῦτον
635 2635 689 2670 γὰρ
713 2635 903 2671 ἐξεταζόμενος

119 2684 167 2711 τὸν
183 2683 282 2718 τρόπον
294 2683 308 2709 ὁ
317 2681 394 2716 λόγος
408 2681 475 2717 πρὸς
490 2680 534 2707 τὸν
549 2690 557 2705 ε
569 2681 598 2706 ἐν
609 2680 678 2716 ἀρχῇ
690 2680 756 2715 πρὸς
767 2680 812 2707 τὸν
825 2681 901 2712 Θεὸν,

118 2730 189 2756 Θεὸν
200 2728 283 2763 Λόγον
299 2738 308 2753 ι
330 2728 460 2762 ὑπάρχειν
477 2726 657 2753 ἀπεδείκνυεν.
674 2726 776 2753 οὐκοῦν
790 2728 804 2754 ὁ
823 2727 902 2759 αὐτὸς

120 2776 173 2804 καὶ
193 2775 240 2802 νῦν
259 2774 429 2809 ἐπιφαίνεται
442 2792 448 2805 ,
459 2773 515 2800 ἀλλ’
527 2773 576 2807 οὐχ
584 2773 781 2808 ὁμοίωςγετοῖς
791 2773 896 2808 προπα-

160 2833 183 2849 “
204 2831 282 2859 Rom.
299 2840 325 2858 Ix
337 2852 343 2862 ,
357 2831 402 2858 εξ).
440 2832 462 2847 ⁸⁸
481 2830 553 2858 Psal.
570 2839 632 2862 cut,
650 2831 681 2863 i;
701 2832 760 2858 Act.
780 2838 800 2864 I,
824 2831 870 2861 54.
888 2831 932 2860 55.

123 2868 149 2884 ¹⁹
169 2867 234 2895 ibid.
256 2867 282 2894 4.
318 2869 341 2884 ⁹⁰
360 2866 424 2894 ibid.
444 2867 486 2893 Η.
523 2866 544 2882 ⁹¹
565 2865 648 2894 Exod.
667 2873 712 2899 Vl,
726 2866 770 2893 2-4
818 2867 840 2882 ⁹²
858 2866 938 2894 Joan.

164 2925 202 2960 (1)
226 2925 275 2958 Ίὶῖ).
292 2925 372 2954 Fortc
387 2922 419 2959 ᾧ,
440 2925 481 2953 vel
494 2922 542 2956 οἷς.
564 2923 643 2953 Eon.

951 2267 1067 2294 iudicavi
1085 2267 1134 2294 eis.
1147 2277 1156 2293 ι
1165 2267 1230 2300 Quae
1241 2268 1306 2294 mihi
1320 2269 1445 2295 videntur
1457 2269 1497 2296 sic
1510 2269 1711 2304 interpretanda
1727 2289 1735 2296 .

952 2313 1011 2339 Tibi
1027 2321 1125 2340 nomen
1141 2321 1229 2341 meum
1244 2322 1331 2348 usque
1347 2322 1419 2342 nunc
1430 2315 1480 2341 soli
1499 2315 1632 2347 revelans,
1653 2314 1735 2341 dico:

952 2359 1008 2395 Ego
1024 2359 1171 2392 Dominus;
1185 2360 1309 2394 patribus
1324 2368 1388 2387 vero
1400 2360 1455 2388 tuis
1470 2368 1566 2386 nomen
1581 2368 1668 2387 metun
1681 2367 1736 2386 non

954 2405 1082 2436 iudicavi,
1098 2405 1197 2440 quippe
1213 2406 1309 2441 majori
1324 2406 1438 2433 scientia
1456 2406 1556 2441 dignis.
1573 2405 1632 2440 Ipse
1646 2409 1735 2432 autem

956 2451 1066 2485 apparui
1083 2451 1133 2482 eis,
1160 2455 1187 2478 et
1205 2459 1253 2486 per
1268 2452 1402 2486 meipsum
1418 2452 1620 2479 Testamentum
1646 2459 1735 2477 meum

955 2505 1015 2524 cum
1035 2497 1075 2524 eis
1095 2497 1193 2532 pepigi.
1210 2498 1325 2526 Constat
1348 2498 1511 2533 supradictis
1537 2498 1598 2532 quis
1613 2497 1735 2532 patribus

956 2544 1119 2578 apparuerit.
1133 2543 1220 2579 Hujus
1236 2546 1308 2572 enim
1331 2545 1382 2572 loci
1398 2545 1551 2579 explanatio
1565 2552 1626 2571 eum
1643 2547 1735 2570 osten-

955 2590 995 2617 dit
1017 2598 1078 2618 esse
1106 2600 1115 2616 ι
1141 2591 1168 2618 in
1191 2591 1327 2626 principio
1350 2592 1420 2626 apud
1446 2591 1539 2621 Deum,
1565 2590 1647 2618 Deum
1671 2589 1735 2616 Ver-

956 2636 1020 2663 bum
1033 2637 1066 2663 ”.
1087 2646 1096 2661 ι
1115 2636 1188 2664 Idem
1209 2637 1291 2672 igitur
1318 2645 1390 2664 nunc
1409 2644 1516 2672 quoque
1535 2636 1734 2666 manifestatur.

956 2681 1003 2709 sed
1026 2690 1081 2709 non
1096 2683 1190 2710 eodem
1217 2683 1298 2710 modo
1312 2691 1365 2717 quo
1391 2682 1523 2717 patribus.
1549 2681 1595 2708 liis
1618 2681 1689 2708 enim
1708 2686 1735 2707 ut

955 2728 1104 2763 majoribus
1120 2732 1147 2757 et
1160 2729 1370 2764 perfectioribus
1384 2728 1442 2763 ipse
1457 2728 1531 2754 visus
1542 2731 1584 2753 est
1597 2732 1622 2753 et
1638 2735 1683 2761 per
1695 2734 1733 2752 st-

954 2774 1043 2809 ipsum
1062 2774 1265 2803 Testamentum
1281 2783 1360 2804 suum
1380 2782 1440 2802 cum
1464 2774 1498 2801 iis
1519 2774 1628 2809 pepigit.
1651 2772 1735 2807 Moysi

983 2832 1006 2894 εἱ
1025 2832 1121 2869 Philip.
1138 2842 1176 2868 ll,
1198 2835 1240 2861 10.
1291 2834 1313 2850 ³⁷
1334 2833 1419 2861 Exod.
1440 2841 1488 2860 Ill.
1508 2833 1532 2859 ι.
1583 2832 1605 2848 ⁸⁸
1626 2831 1691 2859 ibid.
1707 2831 1735 2858 2.

955 2875 975 2899 l,
993 2875 1017 2895 ‘l.
