2037 3215
290 191 357 220 1051

658 191 792 220 EUSEBll
808 192 1048 221 CIESARIENSIS
1067 192 1142 220 OPP.
1164 192 1254 220 PARS
1268 192 1558 221 lll.—EXEGETICA.

1843 191 1907 220 {05!

289 257 356 278 vero
369 249 446 277 visus
461 252 503 277 est
519 255 573 276 non
599 247 742 281 Dominus,
761 249 808 278 sed
824 257 952 285 angelus;
969 250 1077 277 vocavit

1136 257 1219 284 τορσιν
1232 257 1238 264 ·
1265 249 1378 280 ἐκείνοις
1406 248 1460 284 γὰρ
1479 249 1527 276 ἆτε
1548 248 1651 284 μείζοσι
1668 249 1715 275 καὶ
1736 249 1907 286 τελειοτέροις

288 303 353 323 eum
370 302 425 322 non
435 294 491 329 jam
508 294 630 329 angelus,
647 295 694 322 sed
712 294 851 323 Dominus.
869 295 1000 324 Dominus
1014 297 1075 331 qui-

291 343 352 369 dem
369 344 427 368 erat
441 340 610 375 praecipiens,
629 341 740 376 angelus
757 349 822 368 vero
836 342 926 369 divina
946 350 1077 378 exseque—

290 387 371 414 batur
387 385 524 412 mandata.
542 384 606 412 Inde
623 385 760 413 interdum
778 386 866 420 legere
879 390 921 414 est
939 387 966 414 in
981 391 1076 415 sancto

289 431 435 466 Apostolo:
448 440 457 456 ι
469 431 520 463 Qui
538 431 613 459 solus
628 431 740 459 ordinas
755 440 804 467 per
820 433 931 468 angelos
947 433 975 460 in
993 441 1075 460 manu

291 477 451 504 Mediatoris
467 477 508 509 ⁹³;
527 487 536 503 ι
553 480 580 504 et
594 486 601 504 :
622 487 631 502 ι
650 476 679 504 Si
694 478 766 505 enim
783 478 830 513 qui
846 486 893 513 per
911 479 1022 514 angelos
1035 479 1076 506 di-

289 526 352 549 ctus
373 525 414 549 est
435 529 535 553 sermo,
559 520 649 548 factus
671 526 713 549 est
735 522 829 550 ﬁrmus
844 523 878 550 θ’.
901 532 911 548 ι
934 522 1077 551 Manifesta

289 567 375 602 igitur
392 567 505 602 angelus
517 567 654 601 apparuit,
671 570 698 594 et
714 567 845 595 Dominus
856 576 904 603 per
915 576 977 596 eum
989 569 1078 595 mani-

290 615 452 642 festabatur.
470 614 525 641 Nec
541 615 624 642 semel
651 615 773 644 invenias
788 616 818 643 in
837 617 912 644 omni
929 617 987 652 lege
1003 617 1078 644 Scri-

291 664 400 694 pturam
419 659 583 686 indicantem
602 658 687 694 Moysi
703 660 792 687 visum
814 660 900 689 fuisse
927 661 1012 689 Deum
1035 662 1077 690 vel

293 702 449 735 Dominum,
463 703 536 738 quod
555 702 589 730 de
609 705 676 731 solis
690 705 780 733 tribus
793 706 959 740 patriarchis
973 706 1080 734 videtur

293 756 355 776 esse
368 748 482 776 dictum.
494 749 516 775 E
532 750 631 785 quibus
652 755 774 785 apertum
797 756 839 779 est
864 759 973 780 omnem
991 753 1077 788 legem

294 793 434 821 Hebraicae
451 796 538 829 gentis
554 795 721 828 hominibus,
735 800 765 824 ut
781 801 871 825 mente
883 798 1079 828 inﬁrmioribus

294 842 321 865 ct
332 839 384 866 sub
399 839 468 867 duce
479 841 645 874 constitutis,
658 841 785 869 traditam
800 845 880 878 quasi
892 851 941 878 per
955 845 1081 881 paedago-

295 894 344 921 gos
359 891 441 922 atque
464 889 650 918 moderatores
674 889 770 922 fuisse,
788 899 838 918 nec
861 899 915 919 non
934 893 1024 928 typice
1039 895 1078 922 eis

295 937 322 960 et
338 934 486 968 symbolice
501 935 593 976 divina
611 937 738 965 mandata
750 939 869 966 revelata
885 939 979 974 fuisse,
997 946 1077 976 prout

296 979 421 1007 altiorem
445 974 650 1017 spiritalemque
677 983 849 1019 disciplinam
875 974 1006 1021 accipere
1024 995 1079 1015 non

294 1026 461 1059 valentibus,
484 1027 646 1069 quippe-qui
672 1029 834 1066 Egyptiaca
860 1032 974 1059 mollitie
1002 1034 1080 1068 pueri

296 1072 404 1100 educati
419 1077 506 1105 erant,
523 1078 550 1102 et
562 1075 646 1103 multa
661 1076 750 1103 adhuc
764 1078 942 1106 conversione
957 1079 1099 1114 indigen-‘

296 1120 354 1149 tes;
365 1118 464 1152 quibus
482 1119 552 1153 ignis
562 1127 624 1147 esse
642 1121 712 1148 Deus
725 1121 828 1148 dicitur
845 1131 852 1150 :
871 1132 880 1148 ι
902 1122 974 1151 Deus
989 1128 1083 1152 noster

297 1164 368 1198 ignis
381 1172 546 1193 consumens
565 1166 599 1198 θ’,
620 1175 630 1192 ι
644 1167 717 1202 quod
735 1168 846 1196 minime
861 1169 894 1196 de
918 1170 1081 1204 patriarchis

297 1209 409 1238 dicitur.
426 1210 526 1239 Verum
539 1220 601 1240 cum
616 1214 677 1241 illos
689 1214 765 1249 jubet
781 1223 810 1242 se
824 1215 969 1250 purificare
984 1220 1014 1244 ut
1025 1217 1083 1252 glo-

297 1256 366 1283 riam
384 1257 490 1286 Domini
508 1259 628 1292 videant,
643 1267 697 1287 non
719 1261 789 1288 sicut
814 1261 848 1289 de
871 1262 1038 1295 Abrahamo,
1056 1267 1083 1292 et

297 1302 403 1335 lsaaco,
416 1308 443 1330 et
455 1303 557 1331 Jacobo
571 1306 728 1340 simpliciter
735 1306 835 1333 dicitur
845 1306 929 1334 Deum
939 1308 978 1336 eis
994 1309 1082 1337 visum

297 1356 370 1380 esse,
394 1349 442 1376 sed
463 1350 519 1377 haec
543 1351 640 1378 eadem
655 1353 740 1379 multo
764 1356 792 1379 et
813 1353 933 1381 terriﬁco
950 1359 1083 1390 apparatu

299 1398 494 1422 narranturzc
523 1395 639 1431 Jamque
667 1397 813 1425 advenerat
831 1400 929 1427 tertius
958 1399 1027 1432 dies,
1056 1405 1084 1429 et

301 1446 381 1466 mane
393 1439 560 1467 inclaruerat
571 1450 577 1468 :
589 1445 616 1469 et
626 1449 689 1469 ecce
703 1448 845 1477 occperunt
853 1444 941 1472 audiri
952 1445 1083 1478 tonitrua,

301 1492 333 1511 ac
357 1485 457 1513 micare
483 1484 609 1521 fulgura,
636 1491 664 1514 et
687 1488 774 1516 nubes
793 1489 956 1518 densissima
978 1491 1085 1525 operire

301 1534 433 1562 montem,
454 1531 619 1568 clangorque
634 1533 756 1562 buccinae
776 1535 962 1564 vehementius
979 1541 1084 1572 strepe-

302 1575 358 1602 bat.
374 1575 406 1602 Et
423 1577 513 1604 timuit
528 1579 645 1612 populus
662 1579 707 1614 qui
722 1584 781 1607 erat
797 1581 825 1608 in
843 1582 950 1609 castris.
962 1582 1086 1618 Cumque

302 1620 441 1649 eduxisset
448 1629 496 1650 eos
504 1622 610 1658 Moyses
618 1624 645 1650 in
652 1631 797 1653 occursum
807 1625 854 1654 Dei
865 1626 898 1653 de
909 1626 970 1654 loco
980 1632 1086 1656 castro-

303 1675 376 1700 rum,
405 1672 539 1697 steterunt
564 1670 598 1697 ad
624 1671 732 1699 radices
758 1673 870 1700 montis.
892 1672 976 1701 Totus
996 1678 1085 1703 autem

303 1721 382 1741 mons
400 1713 475 1742 Siuai
493 1715 638 1744 fumabat;
654 1725 687 1744 eo
703 1718 775 1752 quod
791 1718 978 1747 descendisset
995 1719 1087 1748 Domi-

303 1767 356 1787 nus
368 1767 450 1795 super
462 1769 524 1788 eum
540 1761 566 1788 in
583 1763 655 1797 igne,
671 1768 698 1790 et
713 1764 872 1792 ascenderet
897 1765 990 1794 fumus
1009 1775 1042 1794 ex
1055 1775 1088 1795 eo

303 1806 383 1839 quasi
400 1806 434 1834 de
458 1806 567 1835 fornace
587 1818 593 1835 :
610 1812 637 1836 et
655 1810 746 1836 stabat
765 1811 854 1838 omnis
875 1812 991 1847 populus
1006 1814 1088 1841 vehe—

305 1855 411 1878 menter
430 1854 607 1881 conterritus.
635 1854 669 1882 Et
691 1856 798 1884 sonitus
819 1856 943 1885 buccina:
959 1859 1088 1893 paulatim

305 1897 446 1924 crescebat
460 1898 487 1925 in
502 1899 592 1933 majus
607 1904 634 1927 et
649 1900 780 1934 prolixius
795 1902 966 1930 tendebatur.
984 1903 1090 1939 Moyses

307 1942 470 1977 loquebatur
485 1948 512 1971 et
530 1944 602 1972 Deus
624 1947 805 1981 respondebat
828 1949 863 1976 ei.
893 1948 1091 1984 Descenditque

310 1987 440 2015 Dominus
454 1998 536 2025 super
553 1994 673 2018 montem
687 1991 774 2025 Sinai,
792 1993 819 2019 in
835 1993 895 2028 ipso
916 1995 1016 2022 montis
1031 2003 1091 2022 ver-

307 2033 371 2065 tice,
387 2038 414 2061 ct
432 2036 537 2062 vocavit
555 2035 673 2071 Moysen]
697 2037 731 2070 ",
751 2047 760 2063 ι
777 2042 805 2065 et
823 2039 936 2074 reliqua.
956 2039 1017 2067 "me
1031 2040 1093 2075 qui-

275 2096 278 2099 .
309 2079 370 2106 dem
389 2080 565 2109 descendisse
590 2081 734 2110 Dominum
750 2088 894 2116 testantur,
912 2085 989 2113 visus
1001 2090 1091 2113 autem

309 2123 394 2152 fuisse
417 2126 528 2154 minime
559 2127 655 2160 fertur,
682 2130 754 2164 quod
780 2129 814 2157 de
840 2131 906 2158 solis
930 2131 1092 2166 patriarchis

308 2169 482 2198 observatum
498 2177 549 2200 est.
567 2173 673 2202 Domini
705 2176 787 2210 igitur
814 2177 956 2210 praesentia
982 2177 1091 2212 quidem

310 2214 380 2241 facta
412 2220 465 2247 est,
488 2225 541 2244 non
556 2223 647 2246 autem
665 2222 734 2248 visio
757 2222 859 2256 ipsius;
878 2221 936 2251 sed,
958 2225 987 2247 ut
1006 2226 1089 2255 patet,

308 2260 456 2287 satellitum
481 2262 533 2289 sibi
559 2265 725 2299 angelorum,
744 2267 844 2301 quibus
870 2266 974 2293 utiliter
991 2268 1089 2302 populo
1108 2285 1129 2312 Β

311 2305 509 2334 formidandam
537 2316 569 2334 ac
586 2309 732 2337 terrificam
748 2311 878 2339 visionem
904 2311 1004 2343 ctTeeit,
1027 2321 1092 2347 prn-

309 2351 403 2379 dcnter
412 2353 557 2381 consulens
572 2358 601 2381 ut
611 2363 704 2382 eorum
720 2357 852 2384 cautelam
862 2358 942 2385 simul
953 2362 980 2386 et
989 2365 1092 2386 metum

304 2404 328 2426 ιιι
354 2399 381 2425 in
411 2408 440 2426 se
468 2399 546 2427 fidem
566 2402 699 2429 stabiliret
723 2403 756 2430 ad
770 2404 923 2431 custodiatur
945 2405 1094 2433 observan-

303 2447 432 2482 iia'mque
449 2448 537 2483 legum
553 2457 622 2484 quas
642 2450 682 2477 eis
712 2455 897 2486 praeceptumst
919 2456 987 2478 erat.
1015 2452 1091 2485 Quod

311 2497 401 2519 xulem
418 2493 509 2527 plures
523 2498 601 2521 erant
623 2494 736 2522 Domino
759 2495 844 2531 legem
863 2495 982 2525 edicenti
1006 2496 1095 2524 tamu-

305 2539 349 2566 Ιτιη
359 2543 399 2566 tes
414 2541 512 2574 angeli,
526 2541 582 2575 ipse
593 2541 698 2576 Moyses
711 2542 736 2569 in
750 2542 985 2570 benedictionibus
1000 2547 1094 2570 osten-

303 2584 344 2612 dit
371 2586 464 2613 dicens
480 2596 486 2613 :
502 2596 511 2612 ι
539 2587 667 2615 Dominus
684 2588 717 2615 de
742 2587 808 2619 Sina
829 2589 911 2622 venit,
935 2593 962 2616 et
980 2589 1014 2616 de
1034 2588 1094 2616 Seir

314 2636 391 2659 ortus
407 2636 449 2660 est
473 2633 551 2661 nobis
570 2643 576 2661 :
604 2634 729 2669 apparuit
752 2635 785 2662 d’e
807 2639 899 2662 monte
933 2633 1050 2666 Pharan,
1067 2639 1093 2662 et

315 2686 376 2704 cum
394 2686 426 2705 eo
441 2683 597 2706 sanctorum
621 2680 714 2707 millia.
740 2679 768 2707 In
797 2680 892 2707 dextra
920 2681 979 2715 ejus
1006 2681 1095 2715 angeli

315 2730 376 2750 cum
393 2731 425 2750 eo
436 2725 469 2751 θ’.
481 2735 489 2750 ι
505 2724 620 2759 Ideoque
632 2725 786 2760 Stephanus
799 2727 826 2753 in
840 2726 963 2759 Actibus,
973 2734 1097 2761 cum-po-

317 2769 408 2802 pulum
435 2771 606 2798 vehementer
630 2773 796 2807 obiurgaret,
808 2773 869 2800 ait:
890 2783 899 2799 ι
916 2773 967 2806 Qui
988 2773 1095 2808 accepi-

354 2889 378 2906 "
409 2891 494 2918 Galat.
513 2900 556 2925 ιιι,
576 2894 618 2920 l9.
655 2895 677 2910 "
698 2893 778 2923 Hebr.
797 2903 832 2926 11,
850 2893 877 2922 2.

1127 295 1207 326 αὐτὸς
1221 293 1309 329 ὤφθη,
1323 294 1368 320 xui
1383 293 1416 320 δι’
1433 294 1526 320 ἑαυτοῦ
1539 294 1587 328 τὴν
1597 292 1734 328 Διαθήκην
1747 293 1830 320 αὑτοῦ
1842 294 1908 330 πρὸς

1126 341 1224 372 αὐτοὺς
1238 331 1351 375 ἔστησεν
1361 349 1367 355 ·
1386 340 1431 367 ἐπὶ
1448 340 1475 366 δὲ
1486 339 1533 366 τοῦ
1548 339 1686 372 Μωῡσέως
1696 339 1774 374 ὤφθη
1798 341 1846 375 μὲν
1861 341 1910 375 οὐχ

1126 387 1140 412 6
1157 386 1268 421 Κύριος,
1283 386 1340 412 ἀλλ’
1354 387 1369 412 6
1393 386 1508 420 ἄγγελος
1519 394 1526 401 ·
1549 386 1659 412 ἐκάλεσε
1672 385 1700 412 δὲ
1723 383 1804 412 αὑτὸν
1821 386 1909 412 οὐκέτι

1126 433 1140 458 6
1157 431 1283 466 ἅγγελος,
1295 431 1353 458 ἀλλ’
1371 432 1386 457 6
1401 431 1517 466 Κύριος·
1533 431 1635 466 Κύριος
1652 431 1701 466 μὲν
1715 431 1769 466 γὰρ
1782 429 1818 466 ἦν
1829 433 1844 457 6
1856 431 1911 458 δια-

1127 477 1305 511 ταττόμενοςο
1324 476 1437 511 ἄγγελος
1458 476 1486 502 δὲ
1501 477 1516 502 ό
1531 476 1597 508 τοὺς
1605 476 1692 508 θείους
1708 475 1804 510 λόγους
1823 476 1910 503 διακο-

1128 524 1254 559 νούμενος
1266 532 1272 539 ·
1287 523 1348 550 ὅθεν
1372 523 1396 549 εἰ
1418 523 1465 552 καί
1480 531 1506 549 τι
1530 523 1594 549 ἄλλο
1616 522 1773 558 θαυμασίως
1787 523 1912 557 ὲκπεξὼ-

1127 576 1206 603 νηται
1218 568 1257 603 τῷ
1275 567 1339 604 ἱερῷ
1357 567 1519 602 ’Δποστόλῳ,
1539 567 1585 594 xui.
1606 567 1646 600 τὸ,
1673 576 1681 593 ι
1700 567 1729 594 '0
1751 567 1832 602 μόνος
1855 568 1911 593 δια-

1127 615 1214 649 ταγῆς
1228 614 1296 648 (γεὶς
1309 614 1354 649 δι’)
1369 613 1493 648 ἀγγέλων
1507 614 1536 640 ὲν
1548 613 1619 649 χειρὶ
1637 613 1756 649 μεσίτου·
1773 623 1782 639 ›
1800 613 1848 640 καὶ
1865 613 1910 639 τό·

1131 669 1140 685 ι
1153 660 1184 686 El
1198 659 1252 696 γὰρ
1274 660 1288 686 6
1306 660 1338 686 δι’
1362 659 1485 694 ἀγγέλων
1502 659 1626 695 λαληθεὶς
1641 659 1719 693 λόγος
1743 659 1851 694 ἐγένετο
1871 659 1913 694 βέ-

1129 706 1212 737 ϐαιος.
1225 715 1234 731 ι
1252 705 1348 740 Σαφῶς
1361 705 1426 740 γοῦν
1446 705 1558 740 ἄγγελος
1577 706 1700 741 εἰσῆκται
1716 706 1763 732 xui.
1781 706 1795 732 6
1813 705 1915 740 Κύριος

1129 752 1161 778 δι’
1188 751 1271 778 αὑτοῦ
1293 750 1488 787 χρηματίζων,
1512 752 1560 778 xui.
1583 752 1643 778 οὐδὲ
1669 751 1742 784 ἅπαξ
1767 751 1802 778 ἂν
1824 751 1914 787 εὕροις

1129 797 1161 824 δι’
1177 798 1240 832 ὃλης
1253 799 1303 833 τῆς
1313 797 1471 832 νομοθεσίας
1481 798 1530 833 τὴν
1541 797 1650 833 Γραφὴν
1664 798 1866 834 σημειουμένην
1877 797 1914 829 ὡς

1129 843 1169 869 ὅτι
1186 842 1218 878 δὴ
1233 842 1309 877 ὤφθη
1324 843 1338 869 6
1348 842 1441 878 Θεὸςῆ
1458 843 1473 868 6
1487 842 1588 878 Κύριος
1601 843 1639 878 τῷ
1655 843 1774 877 Μωῠσεῖ,
1788 844 1859 879 ὅπερ
1870 844 1914 870 ἐπὶ

1133 887 1220 922 μόνων
1233 887 1286 913 τῶν
1300 887 1382 922 τριῶν
1393 887 1569 923 πατριαρχῶν
1581 888 1723 923 εἰρημένον
1734 889 1895 924 ἐμφαίνεται
1906 898 1913 904 ·

1130 931 1168 963 ὡς
1193 932 1226 958 ὲκ
1241 932 1342 958 τούτων
1360 932 1443 966 σαφὲς
1459 929 1544 964 εἶναι,
1561 932 1610 967 τὴν
1641 933 1730 959 πᾶσαν
1756 933 1915 968 νομοθεσίαν

1131 979 1186 1010 τοῖς
1201 978 1272 1004 κατὰ
1284 978 1329 1004 τὸν
1353 979 1413 1004 τότε
1427 978 1500 1010 λαὸν,
1516 975 1560 1005 οἶα
1579 978 1611 1014 δὴ
1627 979 1733 1013 νηπίοις
1756 979 1807 1011 τὰς
1829 979 1915 1014 ψυχάς

1132 1026 1178 1051 xui
1199 1024 1393 1060 εἰσαγομένοις,
1405 1024 1543 1060 διδομένην
1565 1024 1657 1060 ὥσπερ
1673 1024 1716 1051 διὰ
1733 1025 1915 1059 παιδαγωγῶν

1133 1071 1180 1098 καὶ
1194 1071 1342 1106 οἰκονόμων
1354 1070 1561 1106 παραδεδόσθαι,
1578 1071 1700 1103 τυπικῶς
1710 1080 1740 1097 τε
1761 1072 1857 1103 αὐτοῖς
1871 1072 1915 1098 καὶ

1133 1115 1272 1147 είκονικῶς
1282 1115 1315 1141 τὰ
1332 1114 1391 1141 θεῖα
1403 1114 1446 1141 διὰ
1469 1113 1610 1150 συμϐόλων
1621 1114 1739 1150 ᾐνίχθαι,
1760 1113 1800 1150 τῷ
1817 1115 1856 1150 μὴ
1869 1115 1916 1149 τὴν

1135 1161 1339 1197 μυστικωτέραν
1355 1160 1403 1187 καὶ
1425 1161 1611 1196 πνευματικὴν
1628 1158 1683 1187 οἷόν
1695 1170 1724 1188 τε
1742 1161 1918 1193 αὑτοὺςὲπι»

1133 1206 1259 1238 δέξασθαι
1272 1207 1454 1239 διδασκαλίαν,
1469 1207 1517 1234 ἆτε
1531 1207 1596 1241 γοῦν
1613 1208 1690 1234 παισὶ
1708 1207 1820 1244 τρόποις
1837 1208 1917 1242 Λίγι-

1134 1253 1221 1285 πτίοις
1237 1253 1450 1289 ὲκδιῃτημένοις,
1469 1254 1515 1280 xui
1528 1252 1627 1288 πολλῆς
1636 1253 1676 1280 ἐτι
1694 1254 1842 1289 χρῄζουσιν
1858 1255 1917 1280 ἐπι-

1135 1298 1288 1336 στρεφείας,
1313 1299 1368 1334 πῦρ
1388 1297 1455 1326 εἶναι
1472 1300 1487 1326 6
1512 1299 1588 1331 Θεὸς,
1613 1299 1682 1327 κατὰ
1697 1299 1743 1325 τοι
1771 1309 1780 1325 ι
1799 1299 1827 1326 '0
1853 1297 1917 1330 Θεὸς

1135 1345 1212 1380 ἡμῶν
1233 1345 1288 1380 πῦρ
1304 1344 1509 1376 καταναλίσκον,
1531 1355 1540 1371 ι
1562 1345 1630 1380 ὅπερ
1649 1345 1774 1380 οὐδαμῶς
1795 1345 1842 1371 ἐπὶ
1865 1344 1916 1370 τῶν

1135 1390 1311 1426 πατριαρχῶν
1342 1391 1457 1426 εἴρηται.
1494 1391 1572 1418 Ἀλλὰ
1603 1392 1650 1418 καὶ
1677 1392 1721 1418 ὅτε
1755 1391 1918 1427 προστάττει

1135 1436 1294 1470 ἀγνίσασθαι
1314 1437 1410 1468 αὐτοὺς
1431 1437 1506 1468 ὅπως
1523 1436 1556 1472 (Γ.
1569 1437 1586 1464 8
1603 1438 1648 1472 v")
1671 1437 1744 1464 ἴδωσι
1766 1438 1817 1473 τήν
1842 1438 1919 1471 δόξαν

1136 1483 1249 1518 Κυρίου,
1267 1483 1316 1518 οὐχ
1326 1482 1420 1519 ὥσπερ
1437 1484 1484 1510 ἐπὶ
1497 1483 1544 1510 τοῦ
1562 1484 1686 1520 Ἀϐραὰμ
1701 1484 1748 1510 xui
1762 1483 1811 1510 τοῦ
1828 1485 1920 1511 Ἰσαὰκ

1137 1529 1183 1555 xui.
1206 1528 1251 1555 τοῦ
1272 1529 1368 1555 Ἰακὼϐ
1389 1529 1481 1561 ἁπλῶς
1497 1529 1603 1565 εἴρηται
1625 1530 1665 1556 ὅτι
1692 1529 1768 1565 ὤφθη
1793 1531 1886 1562 αὐτοῖς
1907 1531 1922 1556 6

1138 1574 1202 1606 Θεὸς
1212 1594 1219 1606 ,
1235 1574 1304 1610 μετὰ
1320 1574 1420 1610 πολλῆς
1440 1575 1469 1601 δὲ
1490 1575 1682 1611 καταπλήξεως
1698 1575 1744 1602 xui
1771 1576 1923 1609 φαντασίας

1138 1618 1206 1645 αὐτὰ
1214 1618 1246 1654 δὴ
1255 1618 1340 1646 ταῦτα
1351 1619 1563 1654 άναγέγραπται-
1580 1629 1588 1645 ι
1598 1614 1652 1646 Καὶ
1667 1613 1774 1653 ἐγένετο
1786 1622 1820 1655 τῇ
1830 1621 1923 1656 ἡμέρα

1138 1665 1170 1699 τῇ
1197 1664 1276 1700 τρίτῃ
1310 1664 1467 1699 γενηθέντος
1492 1664 1560 1700 πρὸς
1584 1665 1696 1701 ὄρθρον,
1728 1666 1775 1691 xui.
1805 1666 1924 1700 ὲγὶνοντο

1139 1713 1227 1747 φωναὶ
1240 1712 1286 1738 καὶ
1307 1712 1444 1747 ἀστραπαὶ
1465 1712 1512 1738 καὶ
1531 1712 1627 1748 νεφέλη
1648 1712 1788 1748 γνοφώδης
1812 1714 1860 1739 ἐπὶ
1880 1713 1923 1740 τεῦ

1139 1757 1234 1793 ὅρους,
1257 1758 1304 1785 καὶ
1327 1758 1401 1792 φωνὴ
1425 1759 1475 1793 τῆς
1500 1757 1646 1792 σάλπιγγος
1669 1759 1729 1793 ἤχει
1757 1759 1849 1794 μέγα,
1881 1760 1924 1785 καὶ

1139 1805 1257 1840 ἐπτοήθη
1274 1805 1328 1836 πᾶς
1340 1805 1355 1831 6
1370 1803 1432 1841 λαὸς
1449 1805 1477 1830 ὲν
1491 1805 1524 1840 τῇ
1548 1804 1702 1840 παρεμϐολῇ
1713 1813 1720 1819 ·
1746 1805 1795 1831 καὶ
1808 1805 1924 1840 ἐξήγαγί

1140 1850 1260 1884 Μωῦσῆς
1273 1850 1318 1877 τὸν
1329 1850 1392 1877 λαὸν
1405 1852 1445 1883 είς
1460 1851 1509 1886 τὴν
1524 1851 1682 1885 συνάντησιν
1696 1850 1742 1878 τοῦ
1753 1851 1822 1878 Θεοῦ
1838 1853 1872 1878 ὲκ
1881 1854 1927 1886 τῆς

1141 1896 1325 1932 παρεμϐολῆς,
1343 1897 1390 1923 xui.
1406 1897 1582 1933 παρέστησαν
1592 1897 1643 1924 ὑπὸ
1657 1898 1686 1924 τὸ
1701 1897 1764 1933 ὅρος
1789 1897 1798 1932 (
1807 1898 1886 1924 Σινά·
1899 1898 1928 1924 τὸ

1141 1943 1224 1978 ὅρος)
1244 1942 1310 1969 Σινά
1333 1941 1491 1974 ὲκαπνίζετο
1511 1942 1570 1969 ὅλον
1589 1943 1633 1969 διὰ
1657 1943 1686 1969 τὸ
1710 1942 1927 1978 καταϐεϐηκέναι

1142 1990 1184 2015 ἐπ’
1199 1987 1280 2015 αὑτοῦ
1295 1988 1341 2014 τὸν
1355 1987 1421 2014 Θεὸν
1438 1989 1467 2014 ὲν
1484 1988 1550 2024 πυρί
1560 1997 1566 2003 ·
1583 1989 1630 2015 καὶ
1645 1988 1784 2015 ἀνέϐαινεν
1796 1989 1810 2014 6
1825 1988 1927 2019 καπνὸς

1142 2034 1223 2065 αὑτοῦ
1238 2033 1304 2062 ὡσεὶ
1320 2035 1421 2066 καπνὸς
1438 2034 1567 2070 καμίνου·
1583 2034 1629 2061 καὶ
1648 2034 1742 2069 ἐξέστη
1762 2035 1818 2066 πᾶς
1833 2035 1848 2061 6
1869 2034 1929 2065 λαὸς

1144 2081 1261 2116 σφόδρα·
1283 2080 1401 2114 ἐγίνοντο
1424 2080 1453 2106 δὲ
1468 2081 1554 2114 φωναὶ
1576 2082 1626 2115 τῆς
1649 2080 1799 2114 σάλπιγγος
1814 2080 1928 2115 τεροϐαὶ-

1142 2135 1234 2153 νουσαι
1251 2126 1421 2161 ἰσχυρότεραι
1430 2126 1541 2161 σφόδρα.
1550 2126 1671 2161 Μωῦσῆς
1685 2125 1784 2157 ἐλάλει,
1795 2127 1810 2152 6
1823 2127 1852 2152 δὲ
1865 2127 1930 2158 Θεὸς

1142 2172 1307 2208 ἀπεκρίνατο
1331 2171 1404 2207 αὑτῷ
1431 2173 1515 2207 φωνῇ,
1537 2171 1639 2207 κατέϐη
1662 2171 1690 2198 δὲ
1706 2171 1810 2206 Κύριος
1836 2173 1886 2198 ἐπὶ
1902 2171 1931 2198 τὸ

1143 2216 1204 2252 ὅρος
1214 2216 1245 2243 τὸ
1257 2217 1322 2243 Σινὰ
1332 2217 1377 2243 ἐπὶ
1388 2217 1436 2252 τὴν
1447 2216 1567 2252 κορυφὴν
1580 2215 1627 2242 τοῦ
1642 2216 1734 2251 ὄρους’
1753 2216 1801 2242 καὶ
1816 2217 1930 2243 ἐκάλεσε

1143 2263 1244 2299 Κύριος
1258 2263 1388 2298 Μωῡσῆν,
1401 2272 1411 2288 ι
1428 2262 1475 2289 xui.
1491 2262 1524 2289 τά
1535 2261 1607 2297 ἑξῆς.
1622 2262 1683 2288 Ὅτι
1700 2262 1749 2296 μὲν
1765 2259 1814 2289 οὖν
1826 2262 1929 2296 κατέϐη

1146 2310 1247 2346 Κύριος
1264 2309 1307 2336 διὰ
1321 2309 1421 2336 τούτων
1439 2308 1660 2344 μεμαρτύρηται·
1674 2309 1715 2334 ὁτι
1731 2308 1760 2334 δὲ
1780 2309 1829 2334 καὶ
1854 2309 1929 2343 ὤφθη

1145 2355 1236 2382 οὐκέτι
1257 2355 1374 2390 εἴρηται,
1389 2355 1403 2381 ὂ
1424 2354 1469 2380 ἐπὶ
1486 2353 1573 2389 μόνων
1587 2353 1640 2379 τῶν
1658 2352 1836 2388 πατριαρχῶν
1851 2353 1929 2387 τετής

1146 2410 1234 2437 ρηται.
1250 2401 1352 2428 Οὐκοῦν
1371 2400 1504 2436 παρουσία
1531 2399 1579 2434 μὲν
1600 2399 1718 2432 ἐγεγόνει
1734 2399 1781 2425 τοῦ
1807 2399 1928 2434 Κυρίου·

1145 2447 1260 2473 ὀπτασία
1279 2447 1307 2472 δὲ
1323 2447 1373 2473 οὐκ
1395 2446 1487 2478 αὐτοῦ,
1503 2445 1571 2472 ἀλλὰ
1585 2445 1662 2480 δῆλον
1675 2444 1784 2471 ὅτιτῶν
1798 2444 1870 2479 ἀμφ’
1885 2445 1932 2470 ui».

1144 2493 1190 2520 τὸν
1205 2493 1361 2529 δορυφόρων
1377 2492 1515 2526 ἀγγέλων,
1533 2492 1566 2518 δι’
1588 2488 1624 2518 ὧν
1652 2489 1795 2526 χρησίμως
1818 2490 1858 2524 τῷ
1876 2489 1932 2524 λαῴ

1145 2539 1262 2575 φοϐερὰν
1272 2540 1318 2566 καὶ
1329 2538 1551 2574 καταπληκτικὴν
1564 2537 1710 2572 ἐποιήσατο
1722 2536 1772 2571 τὴν
1784 2537 1930 2565 ὀπτασίαν,

1146 2585 1287 2612 εὐλάϐειαν
1300 2584 1368 2620 όμοῦ
1385 2594 1432 2611 και
1455 2583 1534 2618 φόϐον
1551 2583 1597 2610 καὶ
1620 2582 1710 2608 πίστιν
1726 2581 1775 2617 τὴν
1790 2583 1831 2613 εἰς
1849 2581 1932 2608 αὑτὸν

1146 2632 1277 2668 κρατῦναι
1295 2633 1323 2658 ὲν
1342 2631 1432 2662 αὐτοῖς
1443 2628 1719 2665 προμηθούμενοςείς
1741 2627 1868 2662 φυλακὴν
1886 2626 1934 2653 καὶ

1145 2679 1261 2714 τήρησιν
1277 2686 1330 2704 των
1346 2677 1495 2712 μελλόντων
1506 2675 1598 2706 αὐτοῖς
1617 2673 1810 2709 παραδίδοσθαι
1829 2672 1931 2707 νόμων.

1147 2725 1202 2751 Καὶ
1213 2725 1253 2751 ὅτι
1266 2733 1298 2758 γε
1311 2723 1419 2754 πλείους
1433 2724 1578 2757 ὲτυγχανον
1595 2722 1619 2747 οἱ
1630 2719 1669 2754 τῷ
1684 2719 1779 2754 Κυρίῳ
1797 2718 1870 2745 κατὰ
1884 2718 1934 2751 τὴν

1147 2771 1305 2807 νομοθεσίαν
1324 2769 1524 2804 διακονούμενοι
1537 2767 1656 2802 ἄγγελοι,
1672 2765 1752 2797 αὐτὸς
1765 2766 1889 2799 Rimini;
1904 2764 1935 2789 ἐν

916 2895 937 2909 ⁹¹⁶
959 2894 1034 2921 Deut.
1053 2902 1088 2924 IV,
1109 2893 1154 2920 ει.
1193 2893 1215 2908 *³⁵
1235 2891 1318 2919 Exod.
1337 2899 1391 2923 xix,
1407 2889 1494 2915 lfL‘ZO.
1532 2888 1554 2904 ⁸⁷
1575 2887 1651 2914 Dcut.
1671 2892 1769 2911 tum.
