2037 3215
140 206 154 233 Ι
160 205 213 233 055

651 195 798 225 ECLOGIE
818 192 1058 222 PROPHETICAE.
1079 207 1114 213 —
1133 192 1198 221 LIB.
1217 193 1239 221 Ι.

1664 183 1671 191 ”
1690 193 1760 226 lost

138 269 201 300 ταῖς
219 265 354 300 εὐλογίαις
373 262 518 299 παρίστησι
537 260 638 294 λέγων·
662 267 671 283 ι
687 257 789 293 Κύριος
807 255 840 282 ἐκ
859 253 924 281 Σινὰ

979 253 1026 281 stis
1048 253 1134 289 legem
1153 252 1182 280 in
1195 252 1376 288 dispositione
1385 251 1542 288 angelorum
1553 255 1580 280 et
1596 258 1650 279 non
1665 258 1761 281 custo-

138 299 214 350 ἣκει,
231 299 431 346 καὶγὲπέφανεν
445 310 476 336 ἐκ
493 308 555 342 Σεὶρ
574 307 656 342 ἡμῖν,
671 304 718 332 καὶ
738 302 922 330 κατέσπευσεν
975 299 1056 327 distis
1069 300 1104 327 ’⁸.
1124 309 1134 325 ι
1615 299 1617 305 ν

140 343 172 394 ἐξ
183 343 262 396 ὅρους
274 343 365 394 om)
376 356 423 383 σὺν
441 353 568 390 μυριάσιν
582 351 684 385 Κάδης,
696 351 727 376 ὲκ
756 347 849 380 δεξιῶν
863 345 945 373 αὐτοῦ
964 346 1074 380 ἄγγελοι
1096 346 1155 381 μετ’
1173 344 1267 377 αὐτοῦ,
1293 354 1302 371 ι
1319 344 1413 372 καὶτὰ
1427 344 1505 380 ἑξῆς·
1523 344 1556 370 δι’
1573 343 1586 370 ὃ
1600 344 1646 370 καὶ
1665 345 1680 370 ὁ
1696 344 1761 370 Στέ-

140 391 226 442 φανος
242 407 270 432 ἐν
285 391 344 436 ταῖς
358 402 491 439 Πράξεσιν
502 401 539 432 ὡς
559 399 627 435 πρὸς
647 398 690 425 τὸν
710 397 773 424 λαὸν
789 394 996 430 ἀποτεινόμενος
1006 401 1098 430 φησιν’
1113 403 1121 419 ι
1137 393 1242 425 Οῖτινες
1260 392 1371 420 ἐλάϐετε
1398 393 1445 420 τὸν
1473 393 1555 428 νόμον
1573 393 1613 425 εἰς
1631 391 1760 426 διαταγὰς

138 451 275 487 ἀγγέλων,
289 449 336 476 καὶ
352 448 401 475 οὐκ
417 444 575 481 ἐφυλάξατε.
594 453 603 469 ι

411 499 606 529 ΚΕΦΑΛΑΙΟΝ
626 500 656 526 Ι’.

393 548 460 576 Ἀπὸ
475 547 529 582 τῆς
547 545 678 578 Ἐξόδου.

181 609 191 625 ι
209 597 320 633 Ἐξῆρεν
335 595 363 622 δὲ
376 595 390 621 ὁ
401 593 515 628 ἄγγελος
528 592 575 618 τοῦ
588 591 653 618 Θεοῦ
665 591 679 616 6
691 587 926 626 προπορευόμενος

140 645 198 673 τῶν
215 643 280 670 υἱῶν
301 640 407 677 Ἰσραὴλ
420 660 428 672 ,
446 640 492 666 καὶ
520 637 654 673 ἐπορεύθη
679 637 711 662 ὲκ
738 635 792 662 τῶν
813 633 923 660 ὄπισθεν

141 689 249 717 αὐτῶν*
270 687 365 722 ἐξῆρεν
387 685 415 711 δὲ
441 684 487 711 καὶ
509 684 523 710 ὁ
540 682 634 713 στῦλος
661 681 709 716 τῆς
737 680 849 715 νεφέλης
872 678 924 713 πρὸ

141 734 289 770 προσώπου
315 731 418 759 αὐτῶν·
443 730 488 757 καὶ
511 728 644 764 ἐπορεύθη
667 727 713 754 καὶ
737 727 800 762 ἔστη
818 727 850 752 ἐκ
871 725 924 751 τῶν

141 781 230 808 ὀπίσω
249 779 348 808 αὐτῶν,
371 777 416 804 καὶ
430 775 551 811 εἰσῆλθεν
576 774 627 801 ἀνὰ
643 774 722 809 μέσον
747 773 795 807 τῆς
821 779 926 807 παρεμ-

142 827 226 861 ϐολῆς
242 825 294 852 τῶν
317 823 472 858 Αἰγυπτίων
497 823 544 849 καὶ
570 820 621 848 ἀνὰ
639 821 719 856 μέσον
744 819 792 854 τῆς
821 826 925 852 παρεμ-

143 872 226 907 6ολῆς
241 871 293 897 τῶν
309 869 375 896 υἱῶν
399 868 514 904 Ἰσραήλ.
529 877 538 892 ι
555 865 611 893 Εἶτ’
627 867 655 892 ὲν
677 866 732 896 τοῖς
749 864 811 899 ἑξῆς
827 864 844 898 ἡ
867 862 926 889 θεία

1288 490 1402 518 CAPUT
1417 490 1451 518 Χ.

1288 537 1327 563 Ab
1348 536 1451 564 Exodo.

1014 595 1024 611 ι
1042 583 1153 612 Tollens
1168 592 1197 612 se
1213 584 1328 619 angelus
1341 583 1460 618 Domini,
1476 585 1522 618 qui
1533 586 1704 620 praecedebat
1716 595 1763 615 ce-

977 637 1034 660 stra
1056 631 1151 664 lsrael,
1168 631 1234 658 abiit
1260 634 1322 665 post
1340 638 1387 657 eos
1402 641 1408 657 :
1432 634 1459 657 et
1474 638 1535 658 cum
1553 639 1586 659 eo
1599 633 1703 667 pariter
1715 642 1763 662 co—

977 679 1070 706 lumna
1085 678 1178 711 nubis,
1193 677 1286 712 priora
1299 677 1451 710 dimittens,
1468 681 1530 712 post
1556 682 1660 714 tergum
1674 681 1761 711 stetit.

977 725 1053 752 inter
1078 727 1169 751 castra
1197 722 1389 758 Egyptiorum
1420 726 1447 749 et
1473 728 1563 751 castra
1592 723 1723 752 Israel”.
1750 735 1761 751 ι

977 768 1081 797 Deinde
1093 769 1120 795 in
1132 769 1165 795 iis
1178 775 1238 803 qua:
1253 772 1406 803 sequuntur
1420 768 1511 795 divina
1527 769 1606 797 docet
1620 769 1763 805 Scriptura

979 824 1039 852 quae
1052 820 1125 843 esset
1141 815 1199 842 haec
1216 816 1314 846 nubes,
1332 815 1446 842 dicens:
1467 824 1476 840 ι
1496 815 1540 842 Ait
1557 820 1647 843 autent
1670 816 1765 844 Domi-

978 871 1031 890 nus
1046 863 1080 890 ad
1096 862 1216 898 Moysem
1236 871 1242 889 :
1256 861 1315 888 Jam
1330 870 1404 889 nunc
1417 862 1525 890 veniam
1546 863 1580 890 ad
1597 867 1622 890 te
1646 864 1674 890 in
1696 863 1765 890 cali-

141 917 262 944 διδάσκει
286 914 379 951 Γραφὴ
393 935 399 946 ,
415 914 440 941 τί
466 921 530 939 ποτε
551 909 585 947 ἦν
601 912 618 946 ἡ
643 910 740 944 νεφέλη
767 908 924 943 φάσκουσα·

979 909 1038 944 gine
1049 909 1141 939 nubis.
1163 912 1193 935 ut
1209 908 1302 935 audiat
1318 916 1362 935 me
1374 908 1492 943 populus
1519 908 1674 943 loquentem
1689 909 1722 936 ad
1738 913 1764 935 te

145 961 250 990 ιΕἷπεν
269 962 298 989 δὲ
321 960 421 996 Κύριος
433 959 500 995 πρὸς
522 958 656 992 Μωῡσῆν·
679 955 743 982 Ἰδοὺ
765 953 821 989 ἐγὼ
839 962 925 989 παρα-

141 1009 253 1044 γίνομαι
279 1007 346 1043 πρὸς
371 1007 400 1033 σὲ
417 1007 444 1031 ὲν
470 1005 501 1031 ὲκ
517 1003 636 1039 (στόλῳ)
653 1002 702 1037 τῆς
727 1000 856 1035 νεφέλης,
884 999 926 1025 ἵνα

141 1055 249 1090 ἀκούσῃ
262 1055 275 1080 ὁ
296 1053 358 1084 λαὸς
374 1051 517 1083 λαλοῦντός
533 1059 583 1086 μου
603 1050 671 1085 πρὸς
700 1048 739 1081 σὲ,
760 1047 805 1074 καί
822 1055 862 1073 σοι
883 1055 927 1072 πι-

145 1101 294 1128 στεύσωσιν
304 1109 310 1115 ·
325 1110 334 1126 ι
349 1099 396 1126 καὶ
410 1098 506 1125 πάλιν·
523 1106 531 1122 ι
551 1097 580 1123 Ὀ
595 1096 622 1122 δὲ
638 1095 704 1127 Θεὸς
721 1096 813 1130 ἡγεῖτο
836 1092 926 1120 αὐτῶν

141 1148 249 1183 ἡμέρας
271 1148 300 1173 ὲν
316 1145 402 1180 στύλῳ
420 1144 549 1178 νεφέλης,
566 1141 648 1175 δεῖξαι
671 1142 761 1172 αὐτοῖς
784 1140 833 1175 τὴν
849 1139 907 1166 ὁδόν
919 1148 925 1154 ·

141 1194 194 1228 τὴν
207 1193 235 1219 δὲ
250 1191 344 1224 νύκτα,
365 1191 394 1216 ὲν
409 1189 496 1225 στύλῳ
510 1188 594 1225 πυρὸς
607 1187 654 1214 τοῦ
670 1187 774 1222 φαίνειν
791 1187 882 1217 αὺτοῖς
892 1194 898 1200 -
915 1195 924 1210 ι

143 1239 193 1265 καὶ
208 1236 294 1269 αὖθις·
309 1247 317 1262 ι
328 1237 382 1264 Καὶ
396 1235 498 1270 κατέϐη
511 1234 612 1270 Κύριος
630 1235 658 1260 ὲν
672 1233 760 1268 στόλῳ
776 1232 898 1266 νεφέλης.
915 1241 924 1257 ι

144 1284 250 1312 Οὐκοῦν
269 1284 312 1311 διὰ
330 1283 431 1310 τούτων
447 1282 539 1317 ἔτερος
554 1279 587 1316 ἦν
603 1279 696 1313 σαφῶς
713 1278 763 1313 τῆς
784 1277 897 1311 νεφέλης
913 1277 928 1302 ὁ

144 1329 382 1366 προπορευόμενος
401 1328 454 1355 τῶν
474 1327 539 1354 υἱῶν
567 1326 673 1362 Ἰσραὴλ
691 1324 821 1359 ἅγγελος,
843 1323 890 1349 καὶ
911 1323 927 1358 ἡ

142 1377 242 1411 νεφέλη
257 1376 285 1402 δὲ
299 1375 366 1410 ἄλλη
384 1375 432 1410 μέν
449 1383 490 1406 τις
506 1373 652 1408 ἐτύγχανεν
674 1372 738 1406 παρ’
753 1371 833 1397 αὐτὸν
847 1369 929 1404 ἄγγε-

143 1421 201 1452 λον,
214 1419 260 1446 τοῦ
274 1419 301 1446 δὲ
319 1419 422 1454 Κυρίου
437 1418 518 1445 αὐτοῦ
534 1416 687 1452 σωματικὸν
706 1415 800 1450 ὥσπερ
814 1415 928 1450 ὄργανον

141 1464 178 1500 ἦν
189 1473 195 1480 ’
212 1465 243 1492 δι’
260 1461 289 1491 οὗ
306 1464 336 1500 (Γ.
350 1464 388 1497 9),
405 1463 453 1499 τὴν
467 1463 546 1498 φύσιν
561 1462 597 1489 ὢν
613 1462 693 1494 αὐτὸς
712 1461 865 1496 ἀσώματος,
882 1460 929 1486 καὶ

145 1511 236 1545 πάσης
262 1511 389 1537 ἐπέκεινα
414 1509 545 1544 αἰσθητῆς
569 1509 615 1535 καὶ
632 1507 727 1542 ὑλικῆς
751 1507 861 1538 οὐσίας,
895 1505 927 1532 δι’

143 1557 276 1592 αἰσθητῆς
303 1556 392 1591 φωνῆς
411 1554 460 1589 τῆς
481 1554 547 1585 ἰδίας
558 1554 634 1588 ἠξίου
652 1552 760 1588 ὁμιλίας
781 1552 828 1578 τὸν
848 1550 928 1586 θερά-

977 959 1004 984 et
1024 955 1183 982 credat‘tibi
1199 955 1226 981 in
1241 958 1404 990 perpetuum
1422 955 1443 981 ί.
1459 963 1467 979 ι
1487 953 1519 980 Et
1527 963 1644 982 rursus:
1664 967 1672 980 ι
1692 954 1765 982 Deus

978 1005 1068 1028 autem
1092 1001 1264 1036 praecedebat
1289 1008 1338 1028 eos
1359 1000 1393 1027 ad
1408 1000 1605 1028 ostendendam
1628 1001 1698 1028 viam
1715 1009 1766 1036 per

977 1048 1049 1075 diem
1066 1048 1094 1075 in
1107 1047 1235 1075 columna
1248 1047 1341 1078 nubis,
1353 1050 1380 1073 et
1396 1053 1444 1081 per
1456 1051 1565 1074 noctem
1588 1047 1616 1074 in
1638 1047 1766 1074 columna

977 1094 1049 1130 ignis
1064 1095 1086 1120 ’.
1107 1103 1116 1119 ι
1141 1093 1231 1128 Atque
1254 1092 1322 1120 alias
1349 1103 1355 1119 :
1380 1102 1390 1118 ι
1417 1093 1565 1121 Descendit
1586 1092 1719 1120 Dominus
1737 1094 1765 1119 in

977 1140 1105 1168 columna
1116 1139 1198 1166 nubis
1214 1139 1235 1166 ³.
1257 1149 1266 1164 ›
1285 1138 1370 1173 Igitur
1389 1146 1421 1166 ex
1433 1139 1467 1166 iis
1481 1139 1551 1166 alius
1570 1143 1629 1166 erat
1648 1137 1765 1166 manife-

977 1192 1018 1215 ste
1029 1186 1110 1214 nttbis
1122 1186 1237 1221 angelus
1252 1185 1299 1220 qui
1324 1185 1494 1220 praecedebat
1515 1184 1585 1212 illius
1602 1184 1697 1214 Israel.
1712 1184 1766 1211 alia

977 1239 1004 1262 et
1017 1234 1104 1261 nubes
1116 1233 1190 1260 circa
1202 1240 1264 1260 eum
1283 1232 1420 1266 angelum,
1436 1238 1496 1266 quae
1512 1231 1592 1265 quasi
1617 1230 1705 1265 ipsius
1717 1229 1766 1256 Do-

977 1280 1044 1308 mini
1065 1287 1228 1314 corporeum
1248 1283 1307 1305 erat
1325 1277 1528 1305 indumentum.
1552 1276 1611 1310 Qua
1641 1276 1763 1311 quidem,

978 1333 1040 1354 cum
1054 1330 1153 1352 natura
1166 1325 1346 1359 incorporeus
1357 1327 1439 1356 esset,
1455 1323 1601 1357 omnisque
1614 1330 1712 1350 sensus
1722 1323 1766 1349 vel

978 1370 1130 1398 materialis
1146 1369 1308 1397 substantiae
1322 1368 1463 1400 immunis,
1481 1375 1529 1402 per
1539 1368 1616 1394 vocis
1639 1367 1764 1394 auditum

978 1416 1089 1451 propria
1115 1415 1324 1443 conversatione
1352 1422 1460 1442 servum
1492 1421 1571 1441 suum
1589 1413 1764 1448 dignabatur.

979 1461 1066 1496 Hujus
1080 1460 1270 1495 dispositionis
1285 1460 1343 1494 ipse
1359 1459 1491 1486 Dominus
1504 1459 1639 1485 rationem
1649 1458 1766 1485 reddens

979 1507 1064 1543 Moysi
1076 1507 1142 1534 dicit
1155 1517 1160 1534 :
1174 1516 1183 1532 ‹
1202 1506 1238 1534 Ut
1248 1506 1343 1533 audiat
1355 1513 1398 1532 me
1410 1505 1527 1540 populus
1554 1504 1712 1538 loquentem
1732 1503 1766 1529 ad

983 1557 1021 1585 te,
1035 1556 1062 1579 et
1070 1552 1164 1579 credat
1179 1551 1227 1578 tibi
1237 1551 1264 1578 in
1282 1555 1444 1585 perpetuum
1455 1551 1476 1578 ⁸.
1493 1559 1501 1575 ι
1521 1549 1573 1576 Sed
1582 1556 1644 1575 cum
1657 1548 1766 1583 populo,

143 1611 247 1628 ποντα·
276 1602 322 1628 καὶ
353 1601 402 1636 τῆς
425 1600 552 1634 τοιαύτης
578 1607 607 1624 τε
631 1598 786 1633 οἰκονομίας
811 1596 891 1627 αὐτὸς
913 1597 927 1622 ὁ

980 1602 1008 1625 ιιι
1020 1599 1106 1633 magis
1122 1597 1267 1632 corporali,
1285 1597 1361 1623 vocis
1382 1596 1476 1622 auditu
1491 1599 1691 1626 conversatur;
1704 1602 1766 1620 eum

144 1649 247 1684 Κύριος
263 1648 306 1674 τὸν
322 1647 398 1682 λόγον
420 1645 559 1676 ἀποδιδοὺς
571 1645 609 1680 τῷ
625 1645 735 1671 Μωῡσεῖ
745 1651 833 1679 φησιν·
846 1653 855 1668 ε
871 1643 928 1669 Ἵνα

145 1695 251 1732 ἀκούσῃ
271 1695 285 1721 ὸ
299 1695 362 1726 λαὸς
384 1693 525 1725 λαλοῦντός
544 1700 595 1726 μου
611 1691 679 1725 πρὸς
702 1691 741 1722 σὲ,
755 1690 801 1716 καί
824 1699 865 1715 σοι
883 1698 928 1715 πι-

146 1740 311 1767 στεύσωσιν·
328 1750 337 1766 ι
359 1739 416 1766 ἀλλ’
433 1739 478 1766 ἐπὶ
495 1737 543 1773 μὲν
567 1737 613 1764 τοῦ
634 1736 716 1768 λαοῦ,
739 1733 783 1762 οἷα
808 1743 928 1770 σωματι-

145 1785 265 1820 κωτέρου
289 1785 475 1820 τυγχάνοντος,
498 1784 531 1810 δι’
558 1782 688 1817 αἰσθητῆς
717 1781 806 1816 φωνῆς
830 1780 927 1815 ὁμιλεῖ,

145 1833 194 1859 ἐπὶ
209 1832 237 1859 δὲ
252 1832 305 1864 ¹τῶν
322 1831 508 1867 πατριαρχῶν,
526 1830 587 1857 οὔτε
610 1829 724 1864 νεφέλης
746 1828 808 1854 οὔτε
832 1827 927 1854 στύλου

145 1878 232 1914 πυρὸς
248 1878 393 1913 δεομένων,
411 1877 504 1912 ἔτερος
529 1876 651 1909 ἐγίγνετο
673 1875 722 1909 τῆς
745 1882 775 1900 τε
797 1868 933 1904 ὀπτασίας

144 1924 256 1959 καὶτῆς
276 1923 343 1959 πρὸς
361 1923 458 1954 αὐτοὺς
482 1921 613 1956 ὁμιλίαςὸ
634 1920 742 1956 τρόπος.
757 1919 811 1945 Καὶ
832 1919 873 1944 ὅτι
897 1926 928 1952 γε

144 1970 196 1997 οὐκ
218 1968 252 2005 ἧν
271 1968 401 2003 ἀγγελική
423 1976 464 1998 τις
491 1967 603 2001 δύναμις
629 1967 646 2001 ἡ
676 1965 718 1992 διὰ
744 1965 793 1999 τῆς
816 1964 930 2000 νεφέλης

144 2014 360 2052 χρηματίζουπα,
376 2013 432 2040 ἀλλ’
447 2013 528 2043 αὑτὸς
542 2013 556 2038 ὁ
570 2011 645 2043 Θεὸς,
660 2011 728 2047 πρὸς
743 2012 797 2042 τοῖς
810 2019 929 2045 προαπο-

143 2062 325 2097 δεδειγμένοις
352 2059 477 2095 δηλοῦται
500 2059 546 2085 καὶ
571 2058 614 2085 διὰ
635 2058 683 2093 τῆς
709 2057 795 2088 οὕτως
815 2057 929 2092 ἐχούσης

144 2108 268 2144 Γραφῆς·
285 2117 293 2132 ι
305 2106 386 2137 Εἶπεν
402 2105 428 2131 δὲ
438 2105 537 2141 Κύριος
553 2103 619 2140 πρὸς
629 2104 757 2138 Μωῦσῆν·
774 2102 868 2134 Βάδιζε
883 2102 929 2128 καὶ

143 2155 277 2190 ὁδήγησον
292 2153 337 2179 τὸν
352 2151 416 2178 λαὸν
436 2152 475 2182 εἰς
489 2150 534 2176 τὸν
550 2149 632 2175 τόπον
643 2148 671 2175 δν
686 2148 784 2183 εἴρηκά
800 2155 855 2174 σοι·
876 2147 929 2173 ἰδοὺ

143 2203 158 2227 ὁ
173 2199 287 2234 ἄγγελός
304 2207 353 2233 μου
379 2196 593 2232 προπορεύσεταιι
611 2194 665 2230 πρὸ
680 2193 824 2229 προσώπου
843 2201 900 2219 σου.
917 2202 926 2218 ι

145 2246 201 2273 Καὶ
214 2245 310 2272 πάλιν·
330 2254 338 2269 ι
357 2243 411 2270 Καὶ
423 2241 484 2270 εἷπε
501 2242 602 2278 Κύριος
625 2241 693 2276 πρὸς
712 2239 849 2274 Μωῡσῆν·
876 2239 929 2265 Πο-

145 2291 226 2327 ρεύου
240 2290 287 2316 καὶ
310 2288 424 2324 ἀνάϐηθι
440 2288 573 2318 ἐντεῦθεν,
589 2287 620 2313 σὺ
635 2287 681 2313 καὶ
695 2287 708 2312 ὁ
722 2286 794 2317 λαὸς,
808 2295 816 2310 ι
833 2285 880 2311 καὶ
894 2284 929 2310 τὰ

145 2337 222 2371 ἑξῆς·
240 2336 288 2362 καὶ
306 2333 492 2361 συναποστελῶ
504 2333 558 2373 ςιτρὸ
573 2332 716 2367 προσώπου
732 2340 778 2358 σου
790 2331 835 2358 τὸν
847 2331 929 2364 ἄγγε-

144 2383 191 2410 λόν
212 2390 272 2418 μου.
298 2381 389 2408 Ταῦτα
411 2379 465 2415 γὰρ
488 2378 595 2413 ἀγγέλῳ
614 2378 664 2413 μὲν
687 2377 812 2412 οὐδαμῶς
840 2376 928 2410 λέγειν

144 2428 286 2464 ἁρμόττει,
298 2426 357 2461 Θεῴ
369 2426 396 2452 δὲ
413 2425 495 2461 μόνῳ,
512 2425 559 2451 καὶ
578 2424 616 2459 τῷ
632 2423 692 2450 καθ’
705 2423 768 2458 ὃλην
784 2422 833 2458 τὴν
860 2423 929 2448 ἱστο-

146 2474 208 2510 ρίαν
227 2472 270 2499 διὰ
283 2471 330 2498 τοῦ
346 2470 558 2505 τετραγράμμου
575 2468 729 2504 δηλουμένῳ
743 2468 849 2503 Κυρίῳ.
863 2468 926 2504 ’Ἆρ’

145 2518 193 2547 οὖν
204 2521 218 2547 ὁ
233 2519 287 2546 τῶν
302 2518 369 2545 ὅλων
394 2516 507 2552 ποιητὴς
528 2516 574 2542 καὶ
589 2515 653 2545 Θεὸς
669 2514 723 2541 τῶν
748 2514 874 2540 ἁπάντων
888 2515 928 2545 εις

144 2565 271 2593 τοσοῦτον
288 2564 393 2600 κατῄει.
408 2562 445 2594 ὼς
465 2562 511 2587 ἐπὶ
531 2559 685 2596 σωματικοῦ
698 2559 777 2594 ὅρους
797 2558 926 2594 ὀχεῖσθαι,

145 2612 195 2641 καὶ
210 2609 384 2643 παιδαγωγοῦ
406 2608 482 2643 δίκην
500 2606 673 2642 συμϐαδίζειν
692 2605 844 2641 ἀνθρώποις
857 2607 871 2632 ὁ
883 2605 927 2632 τὸν

143 2657 259 2694 οὐρανὸν
287 2656 333 2682 καὶ
355 2655 403 2690 τὴν
419 2654 471 2689 γῆν
499 2652 626 2688 πληρῶν;
650 2652 674 2694 ἣΔ
691 2651 768 2678 τοῦτο
795 2652 844 2687 μὲν
867 2651 928 2678 οὔτε

143 2703 266 2735 δυνατὸν,
283 2701 337 2728 οὗθ’
356 2702 427 2727 ὅσιον
440 2700 549 2731 ἐννοεῖν,
563 2691 753 2734 εὐσεϐέστερον
765 2698 792 2724 δὲ
806 2697 863 2732 ἅμα
881 2697 928 2724 καὶ

143 2750 257 2777 δυνατὸν
271 2749 316 2775 τὸν
327 2748 397 2774 θεῖον
410 2745 609 2780 ὑπολαμϐάνειν
623 2745 717 2778 Λόγον,
731 2744 928 2773 διάκονονιὸντα

143 2797 193 2824 τοῦ
202 2795 336 2831 πατρικοῦ
345 2795 521 2830 βουλήματος,
530 2792 643 2819 innima
651 2790 733 2818 αὐτοῦ
742 2791 843 2826 Κυρίου
852 2790 927 2822 um;

980 1644 1155 1681 patriarcltis.
1169 1643 1270 1678 quibus
1280 1650 1370 1676 neque
1380 1641 1452 1668 nube
1467 1648 1556 1675 neque
1570 1639 1643 1675 ignis
1659 1639 1768 1666 colum-

979 1697 1015 1717 na
1029 1697 1099 1724 opus
1112 1692 1182 1720 erat,
1193 1689 1264 1715 alius
1284 1687 1362 1714 [lebat
1377 1686 1493 1713 visiOnis
1506 1690 1531 1712 et
1545 1684 1767 1712 conversationis

979 1735 1086 1761 modus.
1107 1733 1185 1766 Quod
1206 1740 1270 1760 vero
1284 1739 1340 1758 non
1360 1731 1480 1766 angelica
1504 1729 1628 1764 quaedam
1645 1732 1767 1764 potestas

979 1789 1038 1816 quae
1050 1789 1098 1816 per
1109 1780 1208 1807 nubem
1222 1778 1457 1809 manifestabatur.
1470 1777 1517 1804 sed
1531 1777 1587 1811 ipse
1600 1775 1682 1806 Deus,
1697 1783 1767 1810 prae-

980 1831 1022 1853 ter
1034 1834 1065 1854 ea
1083 1833 1143 1861 quae
1155 1825 1211 1860 jam
1229 1825 1414 1853 demonstrata
1431 1827 1494 1850 sunt
1508 1822 1560 1848 hoc
1576 1822 1658 1849 etiam
1674 1826 1768 1848 osten-

980 1874 1054 1901 ditur
1069 1873 1219 1908 Scripturae
1239 1872 1299 1899 loco
1315 1880 1321 1897 ε
1340 1879 1348 1895 ι
1371 1869 1444 1896 Dixit
1462 1874 1553 1895 autem
1579 1867 1711 1894 Dominus
1731 1867 1765 1894 ad

980 1917 1098 1953 Moysem
1116 1927 1123 1944 :
1140 1916 1215 1943 Vade
1227 1919 1254 1944 et
1270 1915 1323 1942 duc
1339 1913 1469 1949 populum
1483 1913 1565 1940 istum
1583 1919 1637 1947 quo
1652 1912 1763 1938 locutus

980 1971 1040 1992 sum
1056 1963 1105 1990 tibi
1119 1964 1140 1990 ⁵.
1161 1962 1232 1989 Ecce
1247 1961 1358 1996 angelus
1375 1967 1452 1987 meus
1478 1957 1613 1993 praecedet
1642 1962 1677 1984 te.
1701 1966 1710 1982 ι
1732 1956 1768 1983 Ει

980 2017 1099 2038 rursus:
1116 2018 1125 2034 ι
1155 2007 1187 2035 Ει
1214 2007 1282 2034 dixit
1310 2006 1440 2033 Dominus
1468 2005 1501 2031 ad
1525 2003 1642 2039 Moysem
1661 2002 1767 2032 :Vade.

980 2055 1096 2084 ascende
1120 2055 1154 2082 de
1176 2054 1237 2081 loco
1259 2054 1313 2080 isto
1340 2055 1379 2083 tu,
1403 2057 1430 2078 et
1448 2050 1565 2086 populus
1582 2054 1646 2076 tuus
1662 2049 1682 2080 ε,
1711 2058 1720 2074 ι
1741 2052 1768 2074 et

981 2107 1092 2134 caetera;
1105 2111 1112 2127 ι
1128 2105 1155 2128 et
1162 2101 1266 2127 mittam
1276 2105 1472 2134 praecursorem
1485 2097 1523 2123 tui
1536 2096 1672 2130 angelum.
1684 2104 1693 2120 ι
1704 2094 1768 2121 Hac

981 2149 1054 2176 enim
1067 2147 1192 2182 angelum
1209 2152 1380 2181 nequaquam
1396 2143 1487 2170 dicere
1497 2142 1585 2174 decet,
1601 2141 1685 2168 Deum
1698 2149 1763 2168 vero

968 2187 1080 2225 solum,
1097 2192 1296 2226 Dominumque
1309 2191 1355 2225 qui
1379 2190 1406 2216 in
1424 2193 1481 2216 tota
1506 2188 1666 2215 narratione
1681 2190 1768 2214 tetra-

981 2242 1135 2275 grammato
1150 2238 1319 2272 designatur.
1333 2235 1472 2270 Numquid
1485 2234 1568 2269 igitur
1576 2233 1767 2260 universarum

981 2293 1071 2314 rerum
1088 2288 1194 2315 auctor,
1207 2282 1333 2317 Deusque
1349 2281 1471 2308 omnium
1488 2280 1521 2308 ad
1537 2279 1564 2306 id
1580 2278 1722 2307 descendit
1739 2281 1769 2303 ut

982 2339 1065 2366 super
1092 2330 1260 2358 matcrialem
1286 2328 1394 2355 veniret
1417 2330 1553 2358 montem,
1578 2330 1605 2353 et
1628 2324 1766 2359 paedagogi

981 2379 1071 2406 instar
1098 2385 1160 2404 eum
1187 2375 1346 2404 hominibus
1364 2374 1529 2405 ambularet,
1544 2372 1592 2407 qui
1617 2371 1716 2398 malum
1740 2374 1768 2396 et

981 2429 1081 2453 terram
1099 2423 1210 2458 implet?
1224 2421 1320 2449 Nonne
1335 2421 1402 2448 illud
1429 2426 1517 2454 neque
1542 2417 1700 2448 verisimile,
1717 2424 1766 2443 ne-

981 2479 1034 2506 que
1049 2473 1174 2498 sanctum
1191 2469 1358 2499 existimare,
1375 2466 1530 2501 religiosius
1549 2471 1615 2491 vero
1629 2467 1656 2490 et
1673 2463 1768 2498 proba-

980 2516 1064 2543 bilius
1091 2514 1214 2549 eogitare
1239 2513 1376 2548 expletum
1393 2512 1444 2539 hoc
1459 2518 1560 2537 munus
1578 2517 1593 2535 a
1618 2507 1709 2535 Verbo
1725 2507 1767 2534 di-

981 2561 1066 2593 vino,
1095 2563 1215 2594 paternae
1243 2557 1392 2585 voluntatis
1424 2556 1548 2583 ministro
1564 2575 1570 2586 ,
1596 2554 1767 2588 Dominoque

981 2607 1051 2642 ipso,
1068 2606 1115 2639 qui
1131 2609 1158 2633 et
1175 2614 1184 2630 ι
1205 2604 1294 2632 factus
1308 2608 1351 2631 est
1365 2611 1428 2638 pars
1444 2601 1540 2633 Jacob.
1556 2600 1694 2641 funiculus
1707 2600 1763 2627 ba:-

982 2653 1106 2680 reditatis
1129 2652 1189 2687 ejus
1206 2650 1291 2678 lsrael
1306 2650 1331 2682 7;
1362 2659 1371 2674 ›
1399 2649 1483 2680 hunc,
1507 2638 1631 2682 inquam;
1656 2653 1686 2673 ea
1715 2653 1766 2680 pro

981 2703 1058 2734 parte
1075 2703 1154 2733 atque
1167 2697 1324 2724 haereditate
1337 2694 1502 2729 suscepisse,
1520 2698 1546 2721 et
1563 2701 1593 2721 se
1610 2693 1699 2727 ipsum
1715 2700 1765 2718 ex-

982 2745 1157 2775 inanientem,
1168 2739 1449 2774 consubstantialique
1463 2737 1652 2774 magnitudine
1669 2740 1762 2767 exuta,

981 2790 1121 2818 hominum
1146 2790 1236 2822 saluti,
1261 2788 1343 2816 etiam
1359 2791 1423 2814 ante
1438 2785 1652 2813 incarnationem
1669 2787 1768 2812 contu-

181 2885 206 2901 "
225 2885 283 2913 Act.
301 2894 353 2916 vn.
371 2886 415 2912 53.
452 2884 474 2899 ³³³
495 2883 578 2909 Exod.
595 2890 649 2910 xiv.
670 2881 713 2912 l9,
736 2880 781 2908 20.
822 2881 829 2895 '
851 2880 933 2907 Exod.
956 2888 1016 2910 xix,
1038 2880 1064 2907 9.
1103 2881 1113 2896 ⁸
1134 2879 1217 2908 Exod.
1239 2887 1298 2912 xui,
1315 2879 1361 2906 εει.
1399 2878 1409 2893 ³
1429 2877 1514 2906 Exod.
1533 2875 1628 2910 xtx,9.
1666 2875 1677 2890 ⁸
1695 2873 1763 2902 ibid.

150 2921 161 2936 '
183 2920 267 2948 Exod.
287 2929 380 2953 xxx”,
398 2920 441 2946 S-l.
479 2919 488 2934 ⁵
508 2918 591 2946 Exod.
613 2925 715 2948 xxxm,
734 2917 759 2943 l.
797 2916 807 2932 ⁷
829 2915 906 2943 Deut.
926 2923 1016 2948 x-xxu,
1034 2917 1050 2942 9
