2037 3215
269 182 338 210 1055
366 148 377 178 ὁ

636 176 770 205 EUSEBH
789 172 1028 203 CIESARIENSIS
1047 171 1120 200 OPP.
1143 169 1232 198 PARS
1251 167 1538 196 [IL—EXEGETICA.

1818 163 1889 190 1056

269 238 374 267 luisse?
387 237 465 271 Quod
479 236 503 263 si
525 235 668 270 diligenter
680 234 912 269 perspiceremus.
932 231 1050 258 invenie-

1132 228 1248 264 ἐγενήθη
1263 227 1340 263 μερὶς
1361 225 1456 252 Ἰακὼὸ
1478 225 1524 252 καὶ
1541 224 1685 259 σχοίνισμα
1710 220 1890 256 κληρονομίας

269 294 331 313 mus
347 292 410 312 eum
423 282 562 310 interdum
573 281 685 316 propria
698 281 783 308 forma
800 282 934 314 praecepta
949 277 1054 305 denun-

269 333 393 362 tiantem,
407 330 478 357 sicut
493 335 554 356 cum
570 327 640 354 dixit
653 336 662 355 :
676 336 685 352 ι
704 326 764 354 Non
781 325 927 361 apparebis
942 325 971 352 in
988 331 1054 351 con-

269 379 364 410 spectu
379 381 439 401 meo
461 381 564 400 vacuus
580 373 601 399 ⁸.
619 371 711 399 Altare
726 371 760 399 de
775 375 848 398 terra
867 370 974 398 facietis
987 369 1053 396 mihi

268 426 296 449 et
309 420 427 447 aﬂ‘eretis
441 427 523 454 super
539 426 572 445 eo
587 418 782 444 holocausta...
799 416 914 444 Veniam
931 416 963 443 ad
986 419 1014 442 te
1027 419 1054 442 et

271 466 434 495 benedicam
463 465 512 492 tibi
528 466 556 497 9;
583 475 591 489 ι
622 464 757 491 interdum
786 463 864 498 quasi
882 462 915 490 de
932 462 986 489 alio
1003 461 1056 488 Do-

267 513 354 545 mino,
372 512 426 539 Deo
436 511 541 539 scilicet
556 515 582 537 et
596 510 678 536 Patre
689 510 760 544 ejus,
774 509 966 541 disserentem,
985 507 1056 535 sicut

268 559 296 586 in
308 558 442 593 Deealogo
468 565 530 584 cum
553 557 611 583 ait:
631 565 640 581 ι
666 555 725 582 Non
743 562 868 582 assumes
884 561 985 581 nomen
1002 553 1056 580 Do-

269 604 337 632 mini
353 604 399 632 Dei
415 604 455 631 tui
474 604 501 631 in
514 611 633 636 vanum;
657 602 774 637 septimo
790 601 834 628 die
848 600 993 628 sabbatum
1010 599 1055 626 Dei

269 651 308 677 tui
321 654 373 677 est.
398 649 452 677 Sex
467 649 539 677 enim
556 648 652 676 diebus
678 647 740 674 fecit
762 646 895 673 Dominus
909 645 1008 673 cmlum
1028 648 1055 671 et

269 701 382 727 terram,
400 700 426 723 et
441 703 527 727 mare,
543 699 570 723 et
584 695 676 721 omnia
687 700 747 729 qua:
761 693 790 720 in
803 692 843 719 eis
863 695 945 725 sunt;
968 693 995 718 et
1010 690 1057 717 be-

269 742 376 770 nedixit
396 741 528 769 Dominus
555 741 608 768 diei
639 739 799 767 Sabbati”.
831 748 840 763 ν
871 737 905 764 Et
934 743 1056 764 rursus:

273 798 283 814 ι
310 788 420 815 Honora
442 792 547 822 patrem
570 790 648 813 tuum
675 789 702 812 et
727 788 844 812 matrem
859 787 946 815 tuam,
964 786 994 810 ut
1009 782 1059 809 tibi

269 834 340 861 bene
356 833 392 860 sit
406 837 433 860 et
450 833 489 860 sis
503 832 641 867 longzevus
658 838 742 866 super
753 833 857 857 terram
867 836 950 864 quam
967 828 1059 855 Domi-

270 887 324 906 nus
341 878 413 906 Deus
429 882 492 905 tuus
507 877 584 905 dabit
602 876 650 904 tibi
668 876 701 903 ¹¹.
723 885 732 901 ι
749 874 814 902 Haec
836 873 909 901 enim
931 881 986 900 non
1011 880 1060 908 per

1107 274 1190 302 αὐτοῦ
1211 273 1329 309 Ἰσραὴλ,
1344 282 1353 298 ι
1369 269 1412 298 οἶα
1432 271 1501 307 ὑπὲρ
1519 270 1625 306 μερίδος
1648 269 1695 295 καὶ
1710 265 1892 303 κληρονομίας

1108 321 1276 358 φροντίζειν,
1302 317 1433 346 κενοῦντα
1449 326 1479 343 τε
1494 316 1587 343 ἑαυτὸν
1612 314 1658 341 καὶ
1681 312 1728 340 τοῦ
1753 311 1894 346 συμφυοῦς

1110 357 1239 405 μεγέθους
1253 365 1435 402 σμικρύνοντα
1445 365 1477 399 τῇ
1491 362 1545 389 τῶν
1559 360 1710 397 ἀνθρώπων
1722 359 1767 385 καὶ
1777 357 1829 393 πρὸ
1844 357 1895 405 της

1109 401 1340 450 ενανθρωπήσεως
1361 407 1611 446 συμπεριφέρεσθαι
1624 405 1760 440 σωτηρίᾳ;
1776 404 1806 430 Εἰ
1831 401 1896 436 γοῦν

1109 460 1286 496 εὐγνωμόνως
1299 458 1506 492 ὲπιστήσαιμεν,
1522 454 1648 490 εὕροιμεν
1667 451 1748 478 αὑτὸν
1765 449 1832 476 ποτὲ
1847 449 1894 484 μὲν

1109 495 1228 539 είςνῖδιον
1245 505 1389 540 πρόσωπον
1413 501 1581 536 ἀναφέροντα
1595 498 1644 529 τὰς
1671 495 1896 532 παρακελεύσεις,

1109 553 1146 585 ὠς
1173 553 1236 578 ὅταν
1260 550 1336 585 λέγῃ·
1355 559 1364 574 ι
1383 549 1440 575 Οὐκ
1458 546 1565 582 όφθήσῃ
1587 543 1701 570 ἐνώπιόν
1727 551 1776 577 μου
1801 541 1896 585 κενός·

1110 598 1157 625 καὶ
1173 584 1364 630 Θυσιαστήρνιον
1391 594 1423 620 ὲκ
1450 593 1499 628 γῆς
1522 589 1662 625 ποιήσεταί
1689 596 1749 623 μοι·
1777 586 1826 612 καὶ
1841 584 1900 620 ἥξω

1111 643 1179 678 πρὸς
1194 641 1224 668 σὲ
1243 641 1291 667 καὶ
1305 639 1443 674 εὐλογήσω
1460 645 1504 663 σε·
1524 646 1534 662 ›
1554 635 1618 662 ποτὲ
1632 635 1660 661 δὲ
1673 633 1711 666 ὡς
1724 633 1789 668 περὶ
1804 631 1904 666 ἐτέρου

1111 677 1213 724 Kupiou
1224 706 1232 718 ,
1255 685 1302 713 τοῦ
1323 684 1390 711 Θεοῦ
1403 682 1503 719 δηλαδὴ
1519 682 1565 708 καὶ⁴
1580 680 1686 716 Πατρδς
1700 677 1794 710 αὑτοῦ,
1812 677 1902 704 διαλε-

1111 734 1235 770 γόμενον,
1250 732 1287 763 ὡς
1302 731 1347 757 ἐπὶ
1363 730 1414 764 τῆς
1442 728 1591 762 Δεκαλόγου
1612 727 1675 753 ὅταν
1700 725 1808 760 φάσκῃ·
1834 733 1844 748 ι
1865 723 1900 749 Οὐ

1111 779 1182 815 λήψῃ
1204 778 1235 805 τὸ
1259 777 1344 812 ὄνομα
1359 775 1461 811 Κυρίου
1486 773 1533 800 τοῦ
1557 772 1624 799 Θεοῦ
1641 779 1686 797 σου
1712 771 1759 796 ἐπὶ
1776 769 1902 805 ματαίῳ·

1112 827 1160 853 καὶ
1170 827 1202 861 τῇ
1214 824 1305 861 ἡμέρᾳ
1317 825 1350 859 τῇ
1363 821 1464 857 ἑϐδόμῃ
1478 819 1600 847 σάϐϐατα
1613 818 1707 854 Κυρίῳ
1717 816 1757 852 τῷ
1766 815 1826 850 Θεῷ
1838 823 1884 841 σου
1894 823 1903 830 ·

1114 873 1160 900 καὶ
1172 872 1225 908 γὰρ
1235 872 1262 898 ὲν
1269 871 1298 904 ἒξ
1310 870 1426 906 ἡμέραις
1439 867 1564 903 ἐποίησεν
1575 865 1676 903 Κύριος
1688 865 1733 891 τόν
1745 873 1774 891 τε
1789 863 1905 899 οὐρανὸν

271 924 409 959 angelum,
423 923 470 951 sed
488 923 546 958 ipse
562 929 611 957 per
636 921 756 956 seipsum
774 919 907 947 Dominus
932 918 1056 954 profecto

1119 919 1155 946 ιαὶ
1175 918 1224 953 τὴν
1236 918 1299 952 γῆν·
1321 915 1367 941 καὶ
1382 913 1512 949 εὐλόγησε
1532 911 1633 947 Κύριος
1658 910 1707 946 τὴν
1727 909 1834 945 ἡμέραν
1856 908 1905 943 τὴν

271 971 299 999 in
317 971 452 1006 Decalogo
462 970 544 1002 dixit;
563 976 655 996 nonne
668 969 741 996 enim
756 966 911 995 evidentius
935 969 977 994 est
992 973 1056 993 eum

271 1019 310 1045 ita
323 1017 452 1052 populum
467 1024 548 1043 suum
557 1015 591 1043 de
609 1015 708 1051 pietate
725 1021 791 1050 erga
811 1012 977 1041 altissimum
1008 1010 1061 1038 Pa-

271 1069 342 1092 trem
356 1064 454 1099 ipsius,
470 1063 610 1099 Deumque
625 1062 748 1090 omnium
760 1060 923 1089 edocuisse?

1114 965 1244 1000 ὲόδόμην·
1264 973 1273 989 ι
1290 962 1337 989 καὶ
1357 958 1449 992 αὖθις·
1473 969 1483 985 ι
1500 959 1575 994 Τίμα
1598 958 1643 984 τὸν
1664 957 1770 992 πατέρα
1794 964 1842 981 σου
1859 954 1907 981 καὶ

1112 1011 1163 1046 τὴν
1180 1009 1285 1045 μητέρα
1300 1016 1357 1039 σου,
1373 1007 1417 1033 ἵνα
1431 1001 1460 1032 εὖ
1476 1014 1517 1031 σοι
1530 1004 1655 1039 γένηται,
1671 1001 1719 1029 κα)⁵
1735 1001 1787 1038 ἔσῃ
1802 1008 1908 1036 μακρο-

1116 1045 1222 1093 χρόνιος
1239 1055 1286 1081 ἐπὶ
1299 1055 1348 1089 τῆς
1360 1053 1421 1088 γῆς,
1441 1049 1475 1087 ἧς
1491 1050 1592 1087 Κύριος
1608 1050 1622 1077 ὸ
1645 1049 1711 1080 Θεός
1724 1056 1770 1074 σου
1797 1045 1908 1093 δίδωσίν

1119 1090 1169 1127 σοι.
1182 1110 1190 1126 ι
1201 1098 1294 1126 Ταῦτα
1307 1097 1360 1133 γὰρ
1373 1097 1401 1124 οὐ
1416 1097 1449 1123 δι’
1463 1095 1590 1130 ἀγγέλου,
1604 1094 1661 1121 ἀλλ’
1671 1093 1752 1125 αὐτὸς
1763 1092 1797 1118 δι’
1808 1090 1908 1119 ἑαυτοῦ

273 1156 287 1182 ὁ
301 1155 403 1191 Κύριος
415 1154 636 1190 πεπιστευμένως
648 1154 678 1180 ὲν
687 1153 742 1185 τοῖς
754 1151 912 1186 δεκαλόγοις
925 1149 1064 1186 εἰρηκέναι
1084 1147 1142 1180 πῶς
1175 1147 1225 1174 οὐκ
1240 1146 1273 1173 ἂν
1285 1145 1390 1180 γένοιτο
1405 1142 1548 1180 πρόδηλος,
1565 1140 1700 1169 παιδεύων
1731 1139 1777 1166 τὸν
1793 1138 1862 1166 λαὸν
1876 1137 1910 1164 τὰ

274 1201 338 1232 περὶ
355 1201 405 1237 τῇς
424 1201 465 1232 είς
478 1200 523 1227 τὸν
537 1200 667 1227 ἀνωτάτω
686 1199 796 1234 Πατέρα
814 1197 912 1224 ἑαυτοῦ
934 1196 982 1223 καὶ
1003 1195 1068 1222 Θεὸν
1087 1193 1140 1221 τῶν
1155 1193 1222 1220 ὅλων
1235 1191 1395 1224 εὐσεϐείας

572 1245 688 1274 CAPUT
715 1245 762 1274 XI.

312 1302 322 1318 (
342 1292 412 1320 Ecce
432 1299 482 1328 ego
501 1292 608 1319 mittam
627 1292 753 1326 angelum
769 1297 870 1322 meum,
886 1288 935 1324 qui
960 1295 1063 1323 praece-

1372 1237 1571 1266 ΚΕΦΔΛΑΙΟΝ
1588 1237 1640 1263 IA’.

1151 1297 1160 1314 ι
1178 1287 1243 1314 Ἰδοὺ
1259 1285 1314 1321 ἐγὼ
1328 1284 1484 1313 ἀποστέλλω
1498 1284 1543 1310 τὸν
1559 1282 1674 1317 ἄγγελόν
1684 1291 1733 1318 μου
1750 1281 1804 1317 πρὸ
1821 1289 1911 1316 προσ-

275 1339 322 1367 (lat
350 1343 388 1370 te,
413 1342 440 1365 et
465 1337 604 1365 custodiat
633 1337 662 1364 in
678 1337 733 1368 via,
759 1339 787 1363 et
809 1335 967 1362 introducat
983 1334 1009 1360 in
1024 1333 1065 1360 lo-

1119 1333 1189 1360 ώπου
1206 1341 1263 1365 σου,
1282 1333 1325 1359 ῐνα
1341 1331 1446 1368 φυλάξῃ
1466 1339 1496 1357 σε
1515 1330 1544 1356 ὲν
1561 1330 1594 1365 τῇ
1609 1328 1671 1362 ὀδῷ,
1684 1329 1758 1360 ὅπως
1771 1327 1910 1362 εἰσαγάγῃ

276 1391 339 1411 cum
358 1390 438 1418 quem
462 1382 567 1418 paravi.
585 1381 708 1409 Observa
732 1388 795 1408 eum
818 1384 845 1408 et
869 1379 934 1407 audi
965 1386 1059 1406 vocem

276 1430 348 1462 ejus.
366 1436 416 1456 nec
442 1427 672 1456 contemnendum
688 1430 767 1462 putes
783 1436 790 1453 :
808 1426 872 1461 quia
896 1433 952 1453 non
973 1425 1066 1452 dimit-

278 1479 318 1502 tet
334 1482 396 1502 cum
411 1473 579 1509 peccaveris,
596 1476 624 1499 et
636 1475 678 1500 est
688 1478 788 1498 nomen
800 1478 890 1497 meum
908 1470 935 1496 in
948 1469 994 1496 illo
1005 1470 1037 1495 ".
1054 1478 1063 1494 ι

279 1520 343 1548 Haec
361 1528 424 1547 cum
441 1520 502 1547 aliis
518 1519 662 1555 praeceptis
685 1517 817 1545 Dominus
842 1517 943 1551 populo
954 1516 1068 1544 denun—

279 1567 339 1593 tiat.
358 1566 384 1592 Si
398 1565 506 1601 quidem
519 1565 600 1600 igitur
615 1568 675 1599 post
693 1563 793 1598 Moysis
812 1561 916 1589 obitum
940 1568 995 1587 non
1010 1560 1068 1595 ipse

1117 1390 1146 1408 σε
1162 1382 1201 1412 είς
1217 1379 1266 1415 τὴν
1280 1379 1344 1413 γῆν,
1359 1379 1391 1414 ἣν
1405 1375 1541 1413 ἡτοίμασά
1556 1384 1607 1402 σοι.
1623 1374 1743 1410 Πρόσεχε
1767 1373 1844 1408 αὐτῷ
1863 1374 1910 1400 καὶ

1119 1427 1245 1454 εἰσάκουε
1259 1425 1352 1457 αὑτοῦ,
1369 1423 1405 1459 μὴ
1420 1423 1526 1451 ἀπείθει
1539 1423 1568 1449 ὲν
1583 1421 1666 1456 αὐτῷ,
1682 1421 1712 1447 οὐ
1724 1420 1778 1456 γὰρ
1794 1419 1832 1455 μὴ
1846 1419 1911 1446 ὕπο-

1121 1470 1255 1507 στείληταί
1274 1478 1303 1496 σε
1314 1477 1321 1484 ·
1339 1469 1370 1495 τὺ
1385 1468 1441 1504 γὰρ
1456 1467 1542 1503 ὄνομά
1565 1475 1614 1502 μου
1636 1465 1710 1493 ἐστὶν
1734 1465 1778 1491 ἐπ’
1792 1464 1878 1499 αὐτῷ.
1898 1473 1907 1489 ι

1120 1516 1212 1543 Ταῦτα
1237 1515 1304 1551 μετὰ
1326 1514 1380 1541 τῶν
1403 1513 1504 1540 λοιπῶν
1530 1511 1570 1548 (i.
1585 1512 1601 1540 9
1619 1511 1664 1546 νο)
1689 1510 1884 1545 δικαιωμάτων
1897 1511 1914 1535 ὸ

1121 1562 1222 1598 Κύριος
1234 1561 1273 1597 τῷ
1285 1559 1342 1596 λαῷ
1356 1559 1551 1587 διαστέλλεται.
1572 1559 1603 1585 Εί
1630 1558 1679 1593 μὲν
1698 1555 1744 1584 οὖν
1767 1556 1838 1592 μετὰ
1864 1557 1912 1591 τὴν

279 1611 413 1639 Dominus
427 1612 474 1646 qui
490 1611 518 1638 in
530 1611 638 1638 deserto
653 1609 880 1637 manifestabatur
895 1607 1004 1635 adesset
1015 1613 1064 1642 po-

1119 1610 1254 1640 Μωῦσέως
1267 1607 1396 1642 τελευτὴν
1415 1606 1451 1642 μὴ
1465 1607 1478 1632 ὁ
1489 1605 1569 1636 αὐτὸς
1585 1604 1685 1640 Κύριος
1694 1604 1708 1630 ὁ
1723 1603 1769 1630 ὲπὶ
1779 1603 1828 1638 τῆς
1847 1603 1912 1638 ἐρή-

280 1658 355 1693 pulo,
373 1657 421 1685 sed
443 1657 603 1693 angelorum
619 1656 718 1691 aliquis
733 1663 782 1683 eos
805 1654 983 1690 praecederet,
998 1653 1066 1680 nihil

281 1704 333 1732 hoc
350 1704 378 1731 in
393 1704 454 1731 loco
471 1702 666 1738 inquirendum
684 1701 764 1729 foret.
783 1700 851 1728 Cum
862 1704 954 1727 autem
972 1707 1068 1726 narra-

280 1747 355 1778 tione
365 1753 472 1777 constet
486 1754 513 1776 et
531 1752 593 1784 post
610 1747 712 1783 Moysis
735 1747 840 1774 obitum
862 1745 1007 1773 Dominum
1026 1744 1068 1779 ip-

281 1803 344 1823 sum
356 1795 439 1823 Iosue
453 1794 658 1822 manifestatum
672 1800 744 1826 esse,
762 1796 788 1820 et
806 1795 900 1827 aperte
916 1791 946 1818 in
962 1790 995 1817 iis
1009 1797 1070 1825 quae

282 1841 317 1867 ad
333 1848 394 1868 eum
413 1839 586 1874 loquebatur,
605 1839 707 1866 dixisse
723 1847 730 1865 :
750 1847 759 1863 ι
771 1829 857 1864 εἱοιιι
870 1836 909 1863 fui
921 1843 983 1862 cum
995 1834 1071 1870 Moy-

286 1895 327 1917 se,
345 1887 382 1913 ita
397 1894 444 1913 ero
460 1889 548 1912 tecum
564 1894 570 1912 :
587 1892 643 1913 non
660 1884 806 1916 dimittam,
822 1890 873 1910 nec
881 1882 1069 1916 derelinquam

281 1935 318 1959 te.
346 1931 507 1959 Confortare
529 1935 556 1959 et
575 1935 636 1959 esto
662 1930 802 1958 robustus.
832 1928 874 1956 Tu
894 1928 966 1956 enim
996 1931 1071 1955 sorte

283 1978 388 2006 divides
411 1978 512 2014 populo
537 1978 603 2005 huic
627 1981 740 2009 terram,
757 1983 806 2011 pro
817 1966 972 2011 quajuravi
991 1974 1072 2009 patri-

284 2025 336 2052 bus
365 2024 432 2056 tuis,
457 2028 488 2050 ut
514 2023 650 2050 traderem
672 2030 732 2050 eam
755 2022 809 2049 illis
825 2021 856 2047 η.
878 2031 887 2047 ι
907 2020 940 2047 Et
954 2021 982 2047 in
998 2019 1073 2046 omni

285 2069 428 2104 Scriptura
446 2070 559 2105 angelus
580 2069 690 2104 quidem
707 2075 882 2103 nequaquam
898 2075 1018 2102 prmsens
1031 2066 1074 2093 vel

285 2116 478 2144 manifestatus
495 2116 578 2144 Josue
596 2119 774 2147 memoratur,
790 2114 837 2143 sed
854 2114 911 2149 ipse
927 2113 1070 2145 Dominus,

284 2163 332 2197 qui
355 2163 426 2197 apud
442 2161 561 2198 Moysem
581 2164 803 2196 tetragrammato
820 2159 985 2192 ostenditur,
1009 2159 1074 2193 qui-

284 2217 339 2244 que
355 2209 419 2235 mihi
435 2208 506 2235 idem
526 2215 587 2236 esse
599 2208 708 2235 videtur
719 2215 750 2234 ac
766 2207 812 2242 qui
828 2206 911 2234 semel
925 2204 1008 2232 Iosue
1022 2205 1072 2232 viri

285 2256 379 2283 habitu
411 2254 536 2290 apparuit
550 2255 581 2281 ".
607 2253 842 2287 Quemadmodum
881 2252 954 2279 enim
991 2258 1074 2286 appa-

1121 1665 1171 1692 μου
1187 1654 1365 1692 χρηματίζων
1389 1652 1538 1688 συμπαρῆν
1558 1650 1596 1686 τῷ
1615 1650 1686 1685 λαῷ,
1707 1649 1763 1676 ἀλλ’
1787 1649 1915 1683 ἀγγέλων

1120 1711 1160 1734 τις
1178 1701 1267 1728 αὐτῶν
1282 1701 1447 1736 προηγεῖτο,
1466 1698 1542 1724 οὐδὲν
1556 1696 1589 1723 ἂν
1603 1697 1642 1728 εἰς
1660 1697 1723 1727 τοὺς
1740 1695 1841 1726 τόπους
1864 1695 1912 1730 ζη-

1120 1748 1249 1783 τούμενον
1265 1744 1315 1781 ἦν·
1334 1746 1394 1772 ἐπεὶ
1406 1745 1434 1771 δὲ
1451 1745 1484 1771 ἐκ
1503 1743 1554 1778 τῆς
1577 1741 1698 1778 ἱστορίας
1717 1742 1847 1776 φαίνεται
1868 1741 1915 1767 καὶ

1123 1794 1190 1830 μετὰ
1198 1793 1246 1829 τὴν
1254 1792 1391 1823 Μωῦσέως
1400 1790 1528 1826 τελευτὴν
1541 1790 1556 1815 ὁ
1570 1788 1649 1819 αὐτὸς
1660 1787 1764 1824 Κύριος
1775 1787 1815 1822 τῷ
1823 1787 1915 1822 Ἰησοῦ

1121 1839 1298 1876 χρηματίζων
1313 1838 1360 1865 καὶ
1374 1836 1471 1871 σαφῶς,
1484 1837 1512 1862 ὲν
1526 1837 1582 1866 τοῖς
1598 1834 1665 1870 πρὸς
1678 1833 1760 1860 αὑτὸν
1776 1834 1912 1869 χρησμοῖς

1122 1886 1217 1920 λέγων·
1228 1894 1236 1910 ι
1247 1885 1307 1910 Ὅτι
1315 1883 1408 1918 ὥσπερ
1421 1882 1493 1918 ἥμην
1504 1881 1572 1916 μετὰ
1582 1879 1696 1915 Μωῦσῆ,
1712 1878 1801 1910 οὕτως
1813 1879 1912 1913 ἔσομαι

1125 1931 1193 1968 μετὰ
1207 1930 1265 1963 σοῦ,
1278 1930 1325 1957 καὶ
1336 1929 1386 1955 οὐκ
1399 1927 1588 1962 ἐγκαταλείψω
1605 1935 1634 1952 σε
1644 1946 1652 1958 ,
1668 1925 1720 1952 οὐδ’
1739 1925 1916 1960 ὑπερόψομαί

1124 1987 1164 2005 σε.
1179 1978 1270 2013 Ἴσχυε
1293 1977 1339 2003 καὶ¹
1360 1973 1504 2010 ἀνδρίζθυ·
1524 1973 1556 2000 σὺ
1577 1972 1631 2007 γὰρ
1655 1971 1861 2002 ἀποδιαστελεῖς
1877 1970 1915 2004 τῷ

1123 2024 1180 2060 λαῴ
1194 2023 1282 2058 τούτῳ
1299 2023 1348 2058 τὴν
1368 2022 1429 2057 γῆν,
1446 2021 1479 2056 ἣν
1494 2020 1589 2055 ὤμοσα
1605 2020 1661 2050 τοῖς
1681 2018 1820 2053 πατράσιν
1837 2017 1915 2052 ὑμῶν

1122 2071 1213 2099 δοῦναι
1234 2071 1323 2101 αὐτοῖς
1335 2078 1341 2084 ·
1362 2079 1370 2094 ι
1388 2069 1434 2094 καὶ
1453 2067 1488 2094 δι’
1507 2067 1570 2101 ὅλης
1589 2066 1638 2100 τῆς
1664 2065 1774 2100 Γραφῆς
1798 2064 1914 2098 ἄγγελος

1127 2118 1175 2154 μὲν
1203 2115 1330 2151 οὐδαμῶς
1360 2113 1502 2149 ἐπιπαρὼν
1528 2112 1545 2148 ἢ
1571 2111 1747 2148 χρηματίζων
1772 2110 1814 2145 τῷ
1830 2109 1918 2145 Ἰησοῦ

1125 2163 1257 2197 φαίνεται,
1266 2161 1322 2188 ἀλλ’
1331 2160 1430 2191 αὺτὺςό
1447 2159 1547 2193 Κύριος
1559 2159 1573 2184 ό
1586 2158 1633 2183 καὶ
1646 2156 1721 2192 παρὰ
1735 2157 1853 2183 Μωῡσεῖ
1874 2156 1916 2181 Eri

1124 2209 1170 2235 τοῦ
1191 2206 1402 2242 τετραγράμμου
1425 2204 1604 2240 δηλούμενος,
1621 2203 1649 2234 ὃς
1671 2203 1716 2229 καὶ
1737 2202 1813 2228 δοκεῖ
1848 2211 1892 2236 μοι
1905 2202 1919 2227 ὁ

1126 2253 1205 2284 αὐτὸς
1216 2250 1284 2278 εἴναι
1298 2252 1336 2287 τῷ
1354 2251 1383 2277 ὲν
1397 2249 1491 2285 ἀνδρὸς
1504 2250 1622 2284 σχήματι
1634 2249 1672 2279 εἰς
1686 2247 1758 2280 ἅπαξ
1774 2248 1857 2282 μόνον
1871 2256 1918 2273 πα-

285 2303 374 2330 ruisse
389 2301 545 2328 Abrahamo
559 2304 586 2327 et
599 2299 701 2327 Jacobo
720 2303 859 2330 narratur,
876 2299 914 2326 sic
944 2303 970 2326 et
999 2307 1065 2325 num

1127 2299 1271 2336 ραφανέντι
1298 2298 1337 2333 τῷ
1363 2296 1460 2332 Ἰησοῦ.
1483 2296 1585 2331 Ὥσπερ
1621 2294 1674 2330 γὰρ
1708 2294 1855 2328 ἐπιφανεὶς
1883 2293 1919 2328 τῷ

285 2350 320 2377 ad
337 2348 507 2378 edocendum
525 2354 634 2375 servum
649 2354 740 2379 suum,
750 2353 805 2372 non
818 2345 906 2380 ipsum
918 2344 1071 2373 existimari

285 2397 404 2432 primum
431 2399 458 2422 et
488 2394 639 2421 increatum
667 2399 727 2420 esse
752 2392 848 2424 Deum,
867 2391 914 2419 sed
937 2398 1075 2419 summum

286 2443 346 2478 ejus
359 2441 497 2470 exercitus
513 2440 611 2468 ducem
626 2439 804 2466 demonstrat.
822 2437 893 2473 Ergo
913 2437 935 2465 si
954 2438 980 2464 in
999 2436 1076 2464 omni

287 2489 370 2522 Josue
391 2489 461 2516 libro
480 2487 594 2522 angelus
617 2485 729 2521 quidem
753 2485 865 2512 minime
888 2491 1009 2519 praesens
1030 2491 1073 2510 re-

290 2536 385 2567 fertur,
406 2530 453 2562 sed
469 2534 539 2561 idem
556 2533 614 2569 ipse
627 2533 759 2560 Dominus
774 2531 821 2566 qui
834 2531 861 2558 in
876 2530 950 2558 omni
975 2529 1075 2564 Moysis

289 2582 462 2619 legislatione
483 2580 639 2608 ostenditur
656 2589 663 2606 ι
688 2581 805 2606 testatur
832 2576 980 2604 manifeste
997 2575 1073 2602 Scri-

289 2633 367 2662 ptura
385 2627 477 2654 dicens
494 2636 500 2654 :
523 2635 532 2651 ι
554 2625 616 2652 Fuit
631 2633 695 2660 ergo
706 2625 838 2652 Dominus
849 2631 911 2650 cum
927 2621 1011 2650 Josue
1023 2622 1072 2654 ¹⁸,›

290 2672 323 2699 de
338 2680 392 2707 quo
408 2665 570 2699 diceretur:
602 2680 611 2696 ι
640 2670 710 2698 Ecce
737 2678 787 2705 ego
812 2670 922 2697 mittam
945 2669 1070 2703 angelum

291 2725 380 2744 uie-un
395 2718 441 2752 qui
456 2717 591 2752 prmeedat
603 2722 628 2745 te
640 2720 667 2745 et
678 2716 835 2744 introducat
850 2716 878 2742 in
892 2715 982 2742 locum
994 2722 1074 2749 quem

292 2771 383 2796 parum
398 2763 444 2790 tibi
465 2763 504 2790 ’δί’
524 2773 532 2789 ι
554 2763 667 2790 Videtur
680 2770 746 2798 ergo
761 2770 815 2789 non
831 2762 914 2789 alium
929 2769 962 2788 ac
986 2760 1074 2795 ipsum

291 2808 434 2835 ostendere
448 2809 541 2837 Josuc.
562 2809 620 2844 Ipse
637 2808 710 2836 enim
726 2808 803 2836 duxit
817 2807 947 2842 populum
967 2806 994 2834 in
1014 2813 1075 2841 νιος

1132 2345 1257 2382 Ἀϐραὰμ
1271 2344 1318 2371 καὶ
1333 2343 1370 2378 τῷ
1385 2342 1481 2370 Ἰακὼϐ
1497 2342 1714 2377 ἀναγέγραπται,
1727 2341 1800 2367 οὕτω
1813 2341 1862 2366 καὶ
1875 2340 1918 2366 νῦν

1125 2393 1171 2418 ἐπὶ
1184 2391 1222 2427 τῷ
1238 2390 1382 2418 παιδεῦσαι
1395 2390 1440 2416 τὸν
1454 2389 1607 2424 Θεράποντα
1629 2387 1666 2422 μὴ
1686 2387 1766 2414 αὑτὸν
1793 2387 1919 2421 ἡγεῖσθαι

1124 2439 1169 2466 τὸν
1184 2438 1290 2474 πρῶτον
1306 2437 1352 2464 καὶ
1366 2435 1496 2470 ἀγένητον
1509 2432 1578 2461 εἶναι
1598 2434 1673 2466 Θεὸν,
1694 2433 1751 2460 ἀλλ’
1768 2433 1918 2469 ἀρχιπρά-

1125 2493 1209 2521 τηγον
1225 2484 1272 2519 τῆς
1289 2483 1394 2509 ἐκείνου
1411 2481 1550 2516 δυνάμεως
1572 2480 1762 2514 ἀποφαίνεται.
1785 2479 1862 2514 Εἰδὴ
1875 2477 1919 2505 οὖν

1125 2531 1169 2558 διὰ
1182 2530 1271 2564 πάσης
1293 2529 1342 2564 τῆς
1354 2527 1399 2554 τοῦ
1417 2526 1503 2562 Ἰησοῦ
1525 2526 1634 2562 γραφῆς
1659 2525 1773 2559 ἅγγελος
1799 2526 1849 2560 μὲν
1866 2525 1918 2551 οὐδ’

1125 2578 1193 2609 ὅλως
1210 2576 1304 2612 παρὼν
1316 2573 1489 2610 ὀνομάζεται,
1505 2572 1562 2599 ἀλλ’
1573 2572 1654 2603 αὐτὸς
1669 2573 1682 2598 ὁ
1697 2571 1742 2597 διὰ
1758 2571 1855 2607 πάσης
1871 2570 1920 2605 τῆς

1126 2622 1202 2658 παρὰ
1216 2622 1329 2649 Μωῦσεῖ
1338 2619 1495 2655 νομοθεσίας
1507 2618 1668 2653 δηλούμενος
1680 2616 1782 2652 Κύριος
1791 2626 1797 2631 ·
1817 2625 1920 2652 μαρτυ-

1129 2670 1170 2705 ρεῖ
1187 2668 1251 2703 γοῦν
1266 2667 1358 2701 σαφῶς
1385 2667 1402 2701 ἡ
1418 2664 1512 2701 Γραφὴ
1535 2664 1662 2698 λέγουσα·
1679 2673 1688 2686 ι
1703 2664 1759 2690 Καὶ
1772 2660 1806 2698 ἦν
1818 2662 1920 2697 Κύριος

1129 2713 1197 2750 μετὰ
1214 2713 1316 2748 Ἰησοῦ·
1337 2721 1345 2737 ι
1363 2711 1433 2742 τίνος
1456 2710 1488 2737 ἂν
1504 2709 1624 2744 λέγοιτο·
1648 2718 1657 2734 ι
1669 2709 1735 2735 Ἰδοὺ
1759 2707 1919 2735 ἀποστέλλω

1127 2761 1172 2787 τὸν
1190 2759 1304 2793 ἄγγελόν
1321 2767 1371 2792 μου
1390 2757 1442 2792 πρὸ
1455 2756 1600 2792 προσώπου
1619 2764 1675 2787 σου,
1691 2755 1766 2786 ὅπως
1780 2755 1874 2789 ἀγάγῃ
1890 2761 1919 2778 σε

1129 2807 1167 2837 εἰς
1184 2805 1233 2840 τὴν
1247 2804 1310 2839 γῆν,
1323 2804 1356 2839 ἣν
1371 2802 1507 2838 ἡτοίμασά
1519 2810 1577 2834 σοις
1594 2810 1603 2826 ›
1620 2801 1726 2827 Ἔοικεν
1739 2799 1786 2827 οὖν
1798 2801 1843 2827 διὰ
1858 2799 1919 2826 τοὺ-

327 2865 337 2879 ¹
357 2864 441 2892 Exod.
461 2873 542 2898 χχιιι,
562 2866 605 2893 15.
642 2867 653 2882 ⁹
672 2865 757 2893 Exod.
772 2873 817 2897 xx.
835 2864 880 2892 Ἃ.
921 2864 941 2880 ¹⁰
961 2863 1026 2890 ibid.
1047 2863 1061 2889 Ἰ

1119 2883 1126 2894 ,
1149 2862 1191 2889 ll.
1231 2861 1251 2898 ’A‘
1271 2861 1336 2889 ibid.
1356 2860 1399 2887 l2.
1437 2860 1459 2876 “
1478 2857 1564 2886 Exod.
1577 2865 1655 2891 nm,
1671 2857 1776 2890 20,21.
1818 2858 1839 2874 ”
1858 2856 1918 2884 ,11ης-

295 2909 319 2932 ι,
338 2900 372 2932 5,
389 2900 417 2927 6.
456 2901 477 2916 ”
495 2900 551 2929 εἰοε-
569 2909 596 2934 v,
617 2901 658 2928 l5.

717 2901 737 2916 ”
755 2900 811 2928 Jos.
830 2908 866 2933 γι,
883 2899 928 2927 27.
969 2899 991 2915 ’⁸
1010 2898 1095 2925 Exod.
1113 2906 1198 2930 xxnl,
1213 2896 1258 2924 20.
