2037 3215
157 203 227 230 1057

682 198 828 227 ECLOGE
849 196 1090 226 PROPHETlCrE.
1112 213 1143 217 —
1166 196 1228 224 [ΑΒ.
1247 196 1266 223 1.

1711 199 1778 226 1033

155 272 211 290 των
227 263 277 290 οὐκ
290 262 367 290 ἄλλον
380 262 437 290 ἀλλ’
451 262 531 290 αὐτὸν
550 262 646 298 δηλοῦν
666 251 712 288 τὸν
726 261 829 298 Ἰησοῦν
839 270 845 276 ·
864 260 943 292 αὐτὸς

997 260 1138 288 missionis
1165 265 1284 292 terram,
1313 261 1383 288 sicut
1409 261 1557 289 ostendunt
1585 261 1618 289 ad
1645 269 1707 289 eum
1732 261 1780 289 Dei

155 310 211 345 γὰρ
227 309 373 345 εἰσήγαγεν
385 313 430 336 τον
443 309 505 336 λαὸν
521 310 559 341 εις
575 309 624 345 τὴν
636 309 688 344 γῆν
700 309 749 344 τῆς
764 307 940 342 ἐπαγγελίας,

154 355 193 386 ὡς
209 356 256 381 καὶ
273 356 300 381 αί
315 355 383 391 πρὸς
402 354 482 381 αὑτὸν
495 354 620 390 δηλοῦσιν
642 354 689 380 τοῦ
708 353 775 380 Θεοῦ
790 354 878 388 φωναὶ
896 353 941 379 λέ-

154 410 259 436 γοντος·
279 410 288 427 ι
304 402 394 436 Ἴσχυε
407 401 454 428 καὶ
467 401 606 436 ἀνδρίζου·
623 401 655 427 σὺ
671 400 725 436 γὰρ
740 399 942 430 ἀποδιαστελείς

154 449 195 484 τῷ
213 448 270 484 λαῷ
293 448 379 483 τούτῳ
401 448 451 484 τὴν
473 448 534 483 γῆν,
557 447 589 483 ἢν
612 447 706 482 ὤμοσα
729 447 785 478 τοῖς
805 446 941 481 πατράσιν

155 495 233 530 ὑμῶν
248 495 311 529 περὶ
323 493 415 520 αὑτοῦ.
432 503 441 516 ι
457 493 528 528 Ἀρα
540 493 765 529 πρώιατάσσεται
775 492 813 527 τῷ
826 492 883 528 λαῷ
896 492 941 518 λέ-

154 547 222 574 γων*
244 549 252 565 ι
267 539 386 574 Πρόσεχε
407 538 499 574 αὐτῷ,
525 540 571 565 καὶ
596 539 753 566 εἰσάκουσον
779 538 877 565 αὑτοῦ·
905 538 941 574 μὴ

155 585 263 612 ἀπείοει
281 585 310 611 ὲν
324 585 406 620 αὐτῷ.
426 594 434 610 ι
463 585 499 611 Οὐ
521 584 561 611 δεῖ
581 585 610 611 δὲ
626 584 774 620 θαυμάζειν
788 586 812 611 εί
827 584 942 618 ἄγγελον

154 630 236 657 αὑτὸν
248 631 432 665 ἐπωνόμασεν,
447 630 506 656 ἐπεὶ
519 630 566 656 καὶ
580 630 704 665 Ἰωάννην
714 629 803 664 τούτῳ
815 629 892 655 καλεῖ
903 628 942 663 τῷ

155 676 330 711 προσρήματι
343 676 360 710 ἡ
377 675 517 710 φάσκουσα
534 675 695 712 προφητείω
713 685 722 700 ι
734 676 797 702 Ἰδοὺ
809 675 864 709 ὲγὼ
875 676 942 702 ἀπο-

159 721 262 748 στέλλω
283 721 328 747 τὸν
347 721 461 755 ἄγγελόν
482 729 532 756 μου
545 722 597 757 πρὸ
611 720 758 758 προσώπου
773 730 829 754 σου,
843 721 872 753 ὃς
891 730 941 748 κα-

154 768 319 795 τασκευάσει
333 767 382 802 τὴν
397 768 456 794 ὁδόν
472 776 522 802 μου
533 767 687 803 ἔμπροσθέν
699 776 756 794 σου.
774 777 782 793 ›
801 767 863 794 Εἰδ
874 768 942 800 ὅλως

155 815 197 845 εἰς
211 813 311 849 Ἰησοῦν
328 813 489 849 ἀναφέροιτο
511 813 559 839 τὸν
580 813 626 840 τοῦ
650 813 729 848 Ναυῆ
755 813 790 839 τὰ
811 821 940 849 προεκτε-

156 859 249 892 θέντα,
265 859 315 895 ὅρα
327 859 385 891 πῶς
397 859 460 894 περὶ
474 859 556 885 αὑτοῦ
570 867 651 894 φησιν
662 860 676 886 ὁ
690 859 799 895 Κύριος-
819 869 827 884 ι
841 859 877 885 Τὸ
888 858 942 893 γὰρ

155 905 242 941 ὄνομα
265 913 316 941 μου
339 904 515 940 ἐπικέκληται
540 906 582 931 ἐπ’
604 904 687 940 αὐτῷ.
704 914 713 930 ι
741 905 819 931 Ποῖον
840 904 868 931 δὲ
888 905 941 940 ἄρα

995 308 1078 334 verba
1094 307 1210 335 dicentis
1227 317 1232 334 :
1249 318 1257 333 ι
1285 307 1447 336 Confortare
1463 312 1491 335 et
1505 313 1564 335 esto
1578 309 1707 336 robustus
1727 319 1733 336 :
1751 313 1781 336 tu

994 353 1067 380 enim
1097 357 1171 381 sorte
1187 353 1293 381 divides
1318 355 1418 389 populo
1445 354 1508 382 huic
1531 360 1642 387 terram,
1661 363 1711 390 pro
1726 363 1780 390 qua

992 398 1082 433 juravi
1101 398 1224 433 patrihus
1246 398 1311 431 tuis,
1329 403 1359 426 ut
1379 399 1515 427 traderem
1532 407 1592 427 eam
1615 400 1680 427 illis.
1700 409 1710 426 ι
1727 399 1780 427 Po-

995 445 1060 479 pulo
1076 444 1158 480 igitur
1168 444 1290 479 praecipit
1305 445 1400 472 dicens
1413 455 1420 472 :
1439 455 1448 471 ι
1465 445 1585 473 Observa
1600 453 1662 473 eum
1676 450 1704 474 et
1715 447 1779 474 audi

994 498 1089 518 vocem
1116 490 1187 525 ejus,
1215 498 1265 518 nec
1286 491 1515 519 contemnendum
1539 497 1617 527 putes
1633 492 1665 519 ".
1683 502 1692 518 ι
1719 492 1779 519 Non

995 541 1085 563 autem
1100 535 1255 563 mirandum
1267 537 1343 564 estsi
1362 538 1488 572 angelum
1504 546 1565 565 curti
1584 539 1778 571 nominaverit,

995 591 1057 610 cum
1074 582 1206 610 Joannem
1234 583 1286 611 hac
1307 584 1529 612 denominatione
1542 589 1621 612 vocet
1636 586 1780 620 prophetia

995 628 1039 656 his
1053 629 1145 657 verbis
1162 639 1168 656 :
1189 638 1198 655 ι
1216 629 1285 657 Ecce
1300 637 1351 666 ego
1366 631 1444 657 mitto
1461 631 1587 666 angelum
1613 639 1702 659 meum
1715 636 1780 659 ante

995 674 1094 702 faciem
1121 680 1207 708 tuam,
1234 676 1281 711 qui
1307 677 1470 711 praeparabit
1502 677 1574 704 viam
1600 686 1688 705 meam
1716 683 1781 706 ante

996 724 1022 747 te
1040 721 1072 747 ¹³.
1093 731 1102 746 ι
1119 720 1197 754 Quod
1215 721 1237 748 si
1263 721 1344 756 plane
1359 721 1392 748 ad
1406 721 1488 749 Josue
1504 722 1586 748 ﬁliuni
1603 721 1664 749 Nun
1682 724 1780 758 prwci-

995 771 1051 793 tata
1077 770 1213 800 spectant.
1243 767 1419 801 perspicuum
1446 771 1487 794 est
1512 774 1562 793 cur
1583 767 1616 794 de
1632 774 1665 795 eo
1681 768 1781 795 dixerit

997 811 1126 840 Dominus
1144 821 1151 839 :
1171 821 1180 838 ι
1200 811 1233 839 Ει
1247 817 1289 840 est
1305 820 1404 839 nomen
1417 820 1507 839 meum
1520 812 1548 839 in
1564 813 1609 839 illo
1619 814 1648 840 η.
1669 823 1679 839 ι
1695 813 1781 846 Quale

996 858 1080 894 igitur
1096 858 1162 886 illud
1177 866 1275 886 nomen
1293 863 1334 886 est
1345 859 1398 886 nisi
1411 858 1505 890 Josuc,
1519 859 1592 893 quod
1605 859 1677 886 idem
1691 863 1733 887 est
1750 867 1781 886 ac

995 903 1078 931 Jesu?
1091 903 1160 931 Huic
1171 903 1245 931 enim
1263 903 1346 932 Iosue
1366 912 1420 931 non
1438 904 1579 938 proprium
1597 912 1694 931 nomen
1711 909 1780 937 erat,

155 952 242 987 ὄνομα
258 951 274 988 ἢ
291 951 357 978 αὐτὸ
378 951 407 978 τὸ
421 951 536 986 Ἰησοῦς;
557 951 610 978 Τοῦ
629 951 676 986 μὲν
699 950 753 987 γὰρ
778 950 940 986 φαινομένου

995 950 1071 985 prius
1083 949 1152 978 Osee
1164 954 1271 977 vocato.
1280 949 1389 978 Primus
1403 958 1465 978 eum
1480 949 1585 985 Moyses
1597 958 1612 976 a
1627 951 1682 977 Deo
1696 950 1782 985 inspi-

155 996 218 1023 τότε
229 996 325 1031 ἀνδρὸς
336 997 385 1022 οὐκ
395 993 427 1031 ἦν
440 996 503 1022 ῐδιον
513 996 543 1022 τὸ
557 996 659 1031 Ἰησοῦς
674 997 758 1032 δνομα
768 1005 774 1012 ”
786 996 877 1032 Λὺσὴς
888 997 941 1032 γὰρ

155 1041 279 1068 ἐκαλεῖτο
289 1041 319 1068 τὸ
337 1042 466 1078 πρότερον
475 1051 481 1056 ⁸
496 1041 602 1077 πρῶτος
614 1041 642 1068 δὲ
658 1042 739 1068 αὐτὸν
751 1042 871 1077 Μωῡσῆς
883 1042 942 1069 θεο-

156 1087 323 1122 φορούμενος
337 1086 439 1122 Ἰησοῦν
459 1086 639 1122 ἀναγορεύει,
660 1087 795 1123 πνεύματι
811 1081 890 1123 δῆλον
902 1088 942 1114 ὃτι

156 1133 285 1168 θειοτέρῳ
298 1132 465 1168 κινούμενος
481 1133 518 1165 ὡς
531 1133 564 1160 ἂν
579 1134 594 1159 ὁ
606 1133 728 1169 χρησμὸς
741 1135 756 1160 ὁ
771 1134 869 1169 φήσας·
884 1143 892 1159 ι
907 1133 943 1160 Τὸ

155 1179 212 1215 γὰρ
236 1180 321 1215 δνομά
345 1188 395 1215 μου
419 1180 493 1206 ἐστὶν
516 1179 558 1206 ἐπ’
579 1179 663 1214 αὐτῷ,
679 1189 688 1206 ι
717 1179 871 1216 πληρωθείη
894 1179 942 1206 τοῦ

156 1225 371 1261 χρηματίζοντος
385 1226 488 1260 Κυρίου
499 1246 505 1257 ,
522 1225 550 1252 ὃν
567 1225 696 1258 πολλάκις
713 1225 892 1261 ἀπεδείξαμεν
906 1224 944 1252 εἶ-

156 1281 202 1298 ναι
220 1272 266 1298 τὸν
287 1271 405 1307 προόντα
426 1271 472 1298 τοῦ
490 1272 557 1298 Θεοῦ
574 1272 677 1306 Λόγον,
695 1272 797 1308 Ἰησοῦς
810 1270 844 1308 ἦν
859 1272 943 1308 δνομα

156 1318 225 1353 ὅπερ
240 1317 278 1353 τῷ
292 1318 368 1353 Αὺσῆ
380 1318 500 1353 Μωῦσῆς
515 1317 736 1350 ὲπιτέθεικεν,ὡς
748 1319 765 1354 ὴ
778 1318 836 1344 θεία
850 1318 944 1354 Γραφὴ

159 1364 302 1399 μαρτυρεῖ,
318 1363 422 1398 σφόδρα
436 1362 673 1398 ἀπηκριϐωμένως
687 1363 840 1398 τηρήσασα,
853 1363 894 1389 ὄτι
906 1363 944 1399 μὴ

156 1408 251 1435 ἄλλοτε
265 1408 281 1443 ἢ
295 1408 409 1443 ἄγγελον
433 1408 514 1435 αὐτὸν
531 1408 684 1440 ἀκολούθως
703 1409 742 1444 τῷ
761 1409 880 1445 χρησμῷ
894 1410 944 1444 τὴν

157 1453 209 1490 γῆν
222 1453 272 1488 τῆς
287 1454 452 1488 ἐπαγγελίας
464 1454 516 1489 πρὸ
528 1453 673 1490 προσώπου
688 1454 734 1481 τοῦ
749 1454 814 1481 λαοῦ
825 1463 943 1490 προσκε-

156 1499 274 1534 ψάμενον
291 1500 454 1535 ἐξέπεμπεν,
476 1500 562 1535 τούτῳ
583 1500 716 1536 κέκληκεν
733 1501 814 1528 αὐτὸν
829 1501 867 1537 τῷ
885 1501 943 1528 ὀνό-

160 1554 236 1581 ματι.
252 1545 356 1573 Οὐκοῦν
371 1546 415 1573 διὰ
428 1546 530 1573 τούτων
543 1547 588 1573 καὶ
602 1547 651 1582 τὴν
664 1546 709 1574 τοῦ
727 1547 851 1582 Σωτῆρος
866 1547 944 1583 ἡμῶν

163 1593 251 1628 Ἰησοῦ
260 1595 442 1629 προσηγορίαν
449 1594 567 1630 Μωῡσῆς
574 1594 695 1628 φαίνεται
705 1593 797 1629 σαφῶς
807 1594 942 1628 ἐγνωκώς·

158 1639 254 1676 ὥσπερ
266 1640 294 1666 δὲ
305 1640 336 1666 τὸ
351 1640 437 1676 Ἰησοῦ
448 1640 532 1676 όνομα
544 1640 618 1676 παρὰ
636 1639 736 1676 πρώτῳ
748 1640 821 1676 αὐτῷ
832 1640 944 1676 εὓρηται

158 1686 230 1712 κατὰ
243 1687 304 1718 τοὺς
320 1686 529 1722 ἐξεταζομένους
547 1686 646 1718 τόπους
656 1706 664 1719 ,
679 1686 751 1714 οὕτω
767 1687 814 1713 καὶ
827 1686 945 1722 Χριστὸν

157 1732 266 1768 πρῶτος
276 1733 356 1765 αὐτὸς
371 1734 556 1770 ἀναγορεύσας
571 1734 696 1768 φαίνεται
706 1754 713 1767 ,
731 1733 785 1769 πρὸ
797 1732 852 1759 τῶν
863 1732 945 1759 αὑτοῦ

157 1779 262 1816 χρόνων
273 1779 303 1812 ἐξ
316 1780 411 1811 αἰῶνος
425 1780 537 1816 μηδενὸς
556 1780 668 1816 μηδέπω
684 1780 750 1806 ποτὲ
772 1781 841 1815 μήτε
857 1779 944 1815 Ἰησοῦ

160 1827 230 1862 μήτε
250 1826 369 1862 Χριστοῦ
392 1826 468 1862 παρά
491 1835 561 1853 τισιν
591 1826 864 1862 προσαγορευθέντος.
891 1827 945 1853 Καὶ

156 1872 283 1907 φαίνεταί
306 1881 338 1907 γε
359 1872 443 1908 ὲνθέῳ
459 1872 581 1908 λογισμῷ
606 1873 654 1904 τὰς
673 1872 839 1908 δηλουμένας
862 1881 945 1909 προσ-

144 1918 272 1954 μηγορίας
296 1919 432 1953 τιμήσας’
455 1910 514 1944 δυσὶ
540 1918 604 1953 γοῦν
627 1920 682 1950 τοῖς
701 1919 777 1954 παρὰ
798 1919 886 1946 πάντα
899 1919 945 1945 τὸν

156 1964 222 1992 λαὸν
241 1964 417 2000 ὲξοχωτάτοις
436 1965 549 2001 ἀνδράσι
564 1965 610 1992 καὶ
626 1966 702 2001 παρὰ
713 1966 771 2001 Θεῷ
781 1966 946 2002 διαπρέπου-

158 2019 201 2037 σιν
226 2011 329 2046 ἑτέροις
350 2020 379 2038 τε
405 2011 478 2043 ἰδίοις
498 2012 610 2047 ὀνόμασι
631 2012 811 2048 κεχρημένοις
829 2011 879 2044 τὰς
899 2011 945 2039 δύο

155 2056 259 2088 ταύτας
276 2056 435 2092 ὲπιφημίζει
451 2057 634 2093 προσηγορίας
644 2077 651 2089 ,
665 2057 705 2092 τῷ
717 2066 747 2084 τε
767 2057 824 2092 ίδίῳ
837 2056 945 2092 ἀδελφῷ

155 2101 197 2137 τῷ
211 2102 325 2137 ’Δαρὼν,
338 2104 384 2129 καὶ
399 2103 438 2138 τῷ
450 2103 497 2130 τοῦ
511 2104 589 2139 Ναυῆ
601 2103 651 2139 υιῷ
660 2124 668 2137 ,
686 2103 834 2140 Ade-rimi];
848 2104 946 2139 πρότε-

158 2157 206 2183 ρον
219 2147 468 2184 ὀνομαζομένου[ς],
484 2148 559 2185 παρὰ
572 2149 661 2176 πάντα
673 2149 720 2176 τὸν
731 2149 793 2176 λαὸν
807 2149 874 2176 Θεοῦ
885 2149 945 2176 νεύ-

159 2201 226 2228 ματι
247 2193 377 2228 ἄρχοντας
402 2193 448 2219 τοῦ
473 2195 573 2226 παντὸς
590 2194 682 2227 ἔθνους
703 2196 945 2232 προχειρισάμενος

155 2239 219 2269 ταῖς
244 2238 290 2264 τοῦ
314 2239 439 2274 Σωτῆρος
463 2239 542 2275 ἡμῶν
566 2239 652 2275 Ἰησοῦ
677 2239 794 2276 Χριστοῦ
821 2240 945 2273 ἐδόξασεν

995 1000 1073 1024 ratus
1085 997 1232 1032 appellavit
1243 996 1344 1030 Josue;
1365 996 1461 1031 procul
1478 996 1561 1023 dubio
1577 1001 1619 1023 est
1635 996 1725 1031 ipsum
1738 996 1781 1023 di-

996 1043 1060 1070 vino
1089 1047 1156 1070 tunc
1183 1042 1286 1077 Spiritu
1310 1042 1419 1078 agitari,
1441 1046 1471 1069 ut
1495 1042 1673 1077 implerentur
1700 1042 1782 1070 verba

996 1089 1070 1117 haec:
1087 1098 1096 1114 ι
1112 1088 1144 1116 Et
1155 1092 1197 1116 est
1210 1096 1309 1116 nomen
1325 1096 1416 1116 meum
1432 1088 1460 1116 in
1475 1088 1531 1121 illo,
1553 1098 1562 1115 ι
1578 1087 1782 1115 manifestantis

997 1144 1026 1164 se
1053 1136 1173 1168 Domini,
1204 1143 1285 1171 quem
1316 1135 1416 1171 saepius
1442 1136 1694 1164 demonstravimus
1720 1143 1783 1162 eSse

996 1183 1189 1218 praeexsistens
1201 1181 1248 1210 Dei
1259 1181 1388 1214 Verbum,
1399 1180 1479 1210 Jesus
1493 1181 1598 1217 (Josue)
1609 1185 1669 1209 erat
1682 1189 1782 1209 nomen

996 1227 1069 1262 quod
1082 1227 1152 1255 Osee
1165 1227 1271 1263 Moyses
1284 1228 1425 1263 imposuit,
1438 1232 1466 1255 ut
1477 1227 1569 1255 divina
1582 1231 1700 1255 testatur
1711 1228 1784 1254 Scri-

996 1277 1076 1307 ptura
1097 1273 1131 1305 '°,
1157 1273 1355 1301 sollicitissime
1381 1272 1602 1300 animadvertcns
1628 1273 1701 1308 quod
1728 1281 1781 1300 non

997 1319 1066 1346 alias
1087 1319 1142 1348 nisi
1164 1326 1226 1347 cum
1254 1319 1379 1354 angelum
1399 1327 1473 1351 eum.
1498 1319 1652 1347 secundum
1675 1319 1781 1347 oraculi

996 1365 1092 1397 verba,
1119 1365 1312 1400 promissionis
1344 1369 1445 1392 terram
1473 1369 1535 1392 ante
1561 1364 1657 1392 faciem
1686 1365 1782 1400 populi

997 1415 1206 1445 prospecturum
1221 1410 1354 1444 emiserit,
1381 1410 1433 1438 huc
1455 1411 1563 1438 vocavit
1579 1419 1641 1438 eum
1659 1411 1781 1440 nomine.

997 1456 1033 1484 lis
1047 1457 1130 1492 igitur
1144 1459 1253 1484 constat
1266 1459 1294 1484 et
1307 1455 1458 1484 Salvatoris
1470 1457 1557 1484 nostri
1575 1455 1640 1484 Jesu
1656 1457 1782 1485 denomi-

997 1503 1136 1530 nationem
1151 1502 1237 1538 Moysi
1252 1507 1345 1537 aperte
1366 1503 1502 1538 cognitam
1523 1502 1618 1531 fuisse.
1646 1503 1784 1536 Quemad-

997 1549 1108 1577 modum
1129 1548 1195 1577 Jesu
1211 1556 1311 1576 nomen
1331 1548 1448 1584 primum
1468 1547 1539 1584 apud
1551 1556 1614 1576 eum
1630 1549 1658 1576 in
1670 1550 1705 1576 iis
1723 1557 1785 1584 qua:

998 1596 1195 1631 investigamus
1212 1595 1280 1622 locis
1302 1595 1447 1630 reperitur,
1474 1595 1512 1622 ita
1529 1599 1556 1622 et
1572 1594 1713 1622 Christum
1727 1597 1784 1631 pri-

995 1649 1058 1670 mus
1079 1641 1151 1669 idern
1178 1640 1371 1676 praedicavisse
1394 1640 1511 1672 videtur,
1529 1641 1556 1667 in
1570 1641 1717 1668 anterioris
1733 1642 1783 1668 ειη-ἰ

995 1687 1166 1723 temporibus
1179 1687 1237 1714 sive
1250 1686 1315 1714 Jesu
1333 1686 1390 1714 sive
1413 1685 1514 1713 Christi
1538 1686 1697 1713 nominibus
1714 1687 1783 1714 nulli

996 1740 1117 1768 unquam
1134 1732 1295 1767 compertis.
1307 1731 1341 1758 Et
1356 1731 1464 1759 videtur
1481 1731 1591 1766 quidem
1606 1732 1700 1759 divina
1712 1740 1782 1767 quae

995 1779 1057 1807 dam
1077 1778 1259 1813 inspiratione
1276 1778 1411 1805 revelatas
1424 1778 1664 1806 denominationes
1685 1779 1782 1806 honori

995 1825 1134 1852 habuisse.
1146 1823 1256 1851 Duobus
1267 1823 1347 1859 igitur
1355 1823 1472 1850 maxime
1478 1830 1510 1850 ex
1525 1823 1598 1850 omni
1607 1824 1705 1858 populo
1714 1832 1784 1860 pra-

995 1871 1156 1900 cellentibus
1167 1870 1246 1901 viris,
1256 1869 1364 1904 Deoque
1377 1869 1589 1904 acceptissimis,
1599 1877 1661 1897 eum
1671 1871 1780 1906 utrique

995 1917 1068 1944 aliud
1081 1921 1152 1945 esset
1165 1917 1303 1952 proprium
1313 1923 1422 1948 nomen,
1432 1915 1567 1951 duplicem
1577 1915 1650 1942 illam
1666 1916 1782 1951 imponit

995 1962 1255 1994 denominationcm,
1279 1962 1390 1997 proprio
1405 1961 1515 1996 quidem
1537 1961 1616 1989 fratri
1631 1963 1732 1997 Aaron,
1754 1968 1782 1991 et

994 2009 1067 2036 Nave
1078 2009 1133 2036 lilio
1145 2007 1214 2036 Osee
1227 2008 1304 2044 prius
1311 2008 1454 2044 appellatis
1463 2017 1470 2041 ;
1480 2015 1597 2043 namque
1606 2015 1697 2036 coram
1707 2011 1781 2036 omni

995 2056 1095 2091 populo
1101 2055 1147 2083 Dei
1161 2055 1241 2090 jussu
1250 2055 1334 2082 totius
1344 2054 1436 2090 gentis
1445 2054 1528 2082 duces
1539 2062 1586 2082 eos
1596 2055 1708 2090 eligens,
1722 2055 1783 2083 Sal-

994 2102 1098 2130 vatoris
1122 2101 1209 2129 nostri
1235 2100 1301 2128 Jesu
1318 2100 1420 2128 Christi
1437 2100 1596 2128 nominibus
1614 2101 1780 2135 illustravit;

995 2149 1110 2176 alterum
1126 2147 1236 2182 quidem
1249 2146 1389 2174 Christum
1401 2146 1610 2181 cognominans,
1624 2146 1671 2181 qui
1681 2148 1782 2174 summi

994 2196 1107 2230 verique
1134 2194 1237 2221 ferebat
1261 2193 1408 2228 imaginem
1432 2192 1582 2228 pontiﬁcis,
1604 2193 1782 2228 omniumque

996 2243 1128 2274 auctoris,
1143 2241 1230 2276 ipsius
1250 2249 1258 2265 ι
1280 2239 1362 2267 Verbi
1381 2240 1440 2272 Dei,
1457 2240 1502 2275 qui
1519 2243 1578 2267 erat
1600 2240 1628 2267 in
1646 2239 1782 2275 principio

157 2285 356 2320 προσηγορίαις
365 2294 372 2300 ”
389 2285 434 2312 τὸν
452 2286 500 2321 μὲν
513 2286 640 2321 Χριστὸν,
655 2286 688 2312 δι’
700 2287 733 2322 ἥν
746 2287 842 2322 ἔφερεν
853 2287 943 2314 εἰκόνα

996 2288 1067 2323 apud
1086 2287 1169 2315 Deum
1189 2288 1229 2320 “;
1262 2296 1271 2312 ι
1292 2293 1480 2314 successorem
1503 2294 1567 2313 vero
1592 2293 1671 2313 suum
1688 2285 1781 2313 Jesum

156 2330 205 2357 τοῦ
221 2331 279 2357 κατ’
293 2331 421 2366 ἀλήθειαν
437 2332 585 2368 ἀρχιερέως
605 2332 659 2358 τῶν
681 2333 749 2359 ὅλων
765 2332 848 2359 αὑτοῦ
872 2342 881 2358 ι
894 2332 942 2359 τοῦ

157 2378 188 2403 ὲν
199 2377 269 2412 ἀρχῇ
286 2377 353 2412 πρὸς
363 2377 407 2404 τὸν
417 2377 482 2404 Θεὸν
494 2378 560 2404 Θεοῦ
577 2379 663 2412 Λόγου
680 2389 688 2404 ι
714 2379 883 2415 προσειπών·
898 2379 944 2406 τὸν

156 2424 186 2450 δὲ
201 2424 296 2450 ἑαυτοῦ
312 2424 432 2459 διάδοχον
446 2423 549 2459 Ἰησοῦν
559 2425 753 2461 ἀναγορεύσας,
771 2426 804 2452 δι’
818 2426 848 2453 ὃν
858 2426 942 2458 ἔσωζε

157 2470 205 2496 καὶ
218 2470 298 2500 αὐτὸς
310 2469 394 2496 τύπον
411 2469 457 2496 τοῦ
476 2470 600 2505 Σωτῆρος
615 2471 693 2505 ἡμῶν
709 2471 795 2507 Ἰησοῦ
805 2491 812 2503 ,
828 2472 857 2503 ὃς
874 2480 944 2498 παυ-

159 2516 280 2551 σαμένης
294 2516 344 2551 τῆς
360 2516 404 2542 διὰ
415 2516 553 2547 Μωῦσέως
563 2517 762 2552 παραδοθείσης
773 2517 944 2552 συμϐολικῶς

157 2561 295 2597 λατρείας,
306 2563 351 2588 καὶ
367 2562 460 2589 τοῦτόν
473 2571 531 2593 πως
540 2562 584 2589 τὸν
598 2563 695 2599 τρόπον
706 2564 844 2595 Μωῡσέως
854 2565 942 2591 τελευ-

158 2607 306 2641 τήσαντος,
327 2607 375 2642 τὴν
396 2608 435 2639 εις
455 2607 485 2634 τὺ
506 2607 576 2634 θεῖον
590 2608 728 2635 εὐσέϐειαν
743 2609 941 2645 διαδεξάμενος,

158 2652 250 2684 πάσας
264 2653 312 2687 μὲν
324 2653 373 2685 τὰς
387 2653 518 2688 ἀοράτους
535 2654 661 2689 δυνάμεις
681 2654 879 2691 ἀνθισταμένας
895 2657 943 2683 αὐ-

157 2698 206 2725 τοῦ
220 2699 259 2734 τῷ
271 2699 341 2734 λόγῳ
354 2699 464 2735 πολέμῳ
480 2701 594 2736 νικήσας
607 2702 779 2737 κεχείρωται,
798 2703 847 2738 τὴν
858 2703 880 2730 δ’
890 2704 942 2730 ὑπὸ

997 2334 1148 2369 appellans,
1163 2341 1210 2368 per
1223 2340 1303 2368 quem
1317 2333 1443 2360 servabat
1456 2335 1482 2359 et
1497 2332 1555 2367 ipse
1568 2336 1661 2367 typum
1686 2331 1781 2358 Salva-

995 2381 1064 2408 toris
1079 2380 1164 2407 nostri
1174 2378 1250 2411 Jesu,
1266 2379 1325 2414 qui,
1342 2379 1468 2406 absoluto
1486 2385 1566 2412 quem
1578 2377 1683 2413 Moyses
1693 2377 1780 2404 tradi-

996 2428 1074 2455 derat
1096 2426 1247 2461 symbolico
1277 2426 1351 2452 cultu
1367 2445 1375 2457 ,
1404 2424 1549 2460 Moyseque
1577 2423 1781 2458 quodammodo

997 2478 1115 2504 mortuo,
1128 2480 1189 2500 cum
1206 2472 1335 2507 pietatem
1352 2472 1379 2498 in
1393 2471 1477 2498 Deum
1496 2471 1656 2505 accepisset,
1683 2477 1783 2497 omnes

996 2519 1150 2548 invisibiles
1166 2511 1303 2552 potentias
1325 2516 1378 2544 sibi
1404 2516 1591 2547 adversantes,
1608 2515 1694 2542 victas
1710 2523 1780 2549 prie—

997 2568 1042 2598 lio,
1059 2565 1142 2593 verbo
1162 2564 1313 2599 superavit,
1329 2563 1540 2596 univcrsamque
1559 2564 1656 2588 terram
1688 2560 1721 2587 ab
1746 2561 1781 2588 iis

997 2611 1138 2649 tyrannica
1153 2610 1274 2638 habitam
1289 2609 1426 2645 propriam
1442 2607 1504 2635 fecit
1515 2607 1541 2634 in
1553 2607 1681 2634 omnibus
1693 2607 1780 2641 genti-

997 2661 1048 2687 bus
1060 2657 1273 2694 possessionem,
1291 2663 1395 2690 suoque
1410 2655 1502 2682 divisit
1518 2654 1627 2690 populo,
1648 2652 1780 2680 Ecclesiis

997 2706 1023 2732 in
1040 2704 1166 2731 universa
1178 2707 1249 2730 terra
1261 2701 1428 2729 constitutis.

157 2748 271 2780 ταύταις
285 2748 392 2774 ἅπασαν
407 2749 623 2784 τυραννουμένην
635 2750 695 2785 γῆν,
710 2750 758 2786 τὴν
774 2752 803 2778 ὲν
817 2753 882 2778 πᾶσι
897 2754 952 2784 τοῖς
971 2753 1073 2780 ἔθνεσιν
1091 2752 1155 2778 ἴδιον
1172 2750 1265 2785 κτῆμα
1282 2749 1476 2785 ποιησάμενος.
1493 2747 1531 2782 τῷ
1545 2747 1642 2774 ἑαυτοῦ
1660 2746 1718 2782 λαῷ
1737 2746 1780 2772 δια

157 2795 213 2822 τῶν
225 2795 277 2822 ἀνὰ
291 2797 379 2823 πᾶσαν
391 2796 440 2832 τὴν
451 2797 610 2833 οἰκουμένην
625 2798 788 2834 Ἐκκλησιῶν
808 2800 1080 2836 κατεκληροδὸτησεν.

196 2934 216 2949 ¹⁷
239 2933 321 2962 Exod.
338 2941 415 2966 mn,
435 2934 478 2961 21.
518 2936 538 2951 "
557 2934 651 2964 Matth.
669 2944 712 2970 tu,
731 2936 772 2964 10.
812 2937 832 2952 ¹⁹
852 2935 936 2962 Exod.

995 2944 1036 2968 ιιι,
1053 2936 1097 2963 2i.
1135 2936 1157 2951 "
1175 2935 1254 2962 Num.
1276 2942 1334 2966 xm,
1354 2934 1394 2962 l7.
1434 2935 1455 2949 “
1475 2933 1553 2960 .loan.
1572 2939 1598 2960 I.
1618 2933 1643 2959 l.
