2037 3215
302 195 370 222 1059

599 249 713 276 CAPUT
730 249 787 277 XII.

338 308 346 323 ι
358 297 676 332 Cumqueingrederctur
694 296 801 332 Moyses
824 297 851 324 in
866 297 1082 328 tabernaculum.

301 341 486 371 descendebat
507 342 634 369 columna
648 342 743 374 nubis,
761 348 790 369 et
811 343 900 369 stabat
915 343 948 370 ad
970 344 1083 374 ostium,

298 387 516 422 loquebatur-que
542 395 604 414 cum
630 387 730 422 Moyse,
750 388 924 415 cernentibus
949 388 1084 416 universis

295 432 368 467 quod
382 434 509 460 columna
528 433 608 460 nubis
626 437 711 461 staret
727 434 759 461 ad
777 434 877 462 ostium
904 434 1082 462 tabernaculi.

295 479 466 514 Stabantque
483 480 535 514 ipsi
559 485 586 507 et
600 479 750 507 adorabant
770 488 818 515 per
832 480 907 507 fores
920 480 1083 508 tabernacu-

295 525 384 551 lorum
417 533 540 552 suorum.
574 525 747 560 Loquebatur
776 531 865 553 autent
891 526 1021 554 Dominus
1049 527 1082 554 ad

295 570 415 605 Moyscm
433 570 502 598 facie
520 571 552 598 ad
570 572 677 603 faciem,
693 572 765 599 sicut
778 573 847 600 solet
864 573 936 607 loqui
953 563 1034 600 homo
1049 573 1082 600 ad

294 617 413 644 amicum
430 626 522 645 suum.
538 617 662 653 Cumque
678 618 723 646 ille
741 623 921 647 reverteretur
936 620 963 646 in
980 625 1081 653 castra,

293 662 419 690 minister
436 663 496 697 ejus
508 663 591 691 Josue
606 664 678 692 ﬁlius
691 664 761 695 Non,
779 672 855 699 puer,
871 672 925 691 non
939 665 1082 692 recedebat

294 708 329 735 de
344 709 533 736 tabernaculo.
553 709 626 736 Dixit
640 714 729 736 autem
743 709 850 744 Moyses
865 710 897 737 ad
915 709 1058 738 Dominum
1073 720 1079 738 :

291 753 425 788 Praecipis
444 758 473 780 ut
487 754 600 781 educam
617 755 746 789 populum
761 755 838 782 illum
853 765 858 782 :
878 759 904 782 ct
932 763 986 782 non
1010 756 1081 783 indi-

291 806 338 826 cas
355 799 420 827 mihi
450 807 531 834 quem
558 799 694 827 missurus
718 808 748 828 es
774 808 906 834 mecum,
929 802 1079 835 praesertim

292 853 356 872 cum
380 845 505 873 dixeris:
535 845 603 872 Novi
632 849 659 873 te
685 853 717 872 ex
750 846 870 879 nomine,
897 851 924 874 et
951 847 1080 874 invenisti

291 892 408 925 gratiam
425 898 518 918 coram
536 899 588 918 me.
608 890 636 918 Si
652 898 716 926 ergo
734 892 822 918 inveni
840 892 955 926 gratiam
972 893 999 920 in
1013 901 1080 920 con-

659 192 790 221 EUSEBH
810 192 1051 221 C.VES.\RIENSIS
1069 192 1144 220 OPP.
1164 191 1256 220 PARS
1277 191 1564 220 lll.—EXEGETICA.

1100 252 1123 280 Λ

1847 193 1913 221 1060

1392 249 1586 276 ΚΕΦᾹΛΑΙΟΝ
1606 248 1656 275 IK.

1172 304 1180 319 ι
1193 295 1287 322 ’Πνίκα
1297 295 1320 321 δ’
1332 295 1365 322 ἂν
1377 295 1482 331 εἰσῆλθε
1491 295 1608 329 Μωῦσῆς
1617 295 1656 325 είς
1665 295 1714 330 τὴν
1731 294 1841 330 σκηνὴν,
1852 303 1915 322 κατ-

1135 340 1240 367 έϐαινεν
1264 342 1278 367 ό
1305 341 1398 373 στῦλος
1416 341 1466 376 τῆς
1487 340 1609 375 νεφέλης,
1629 340 1675 366 καὶ
1694 340 1786 366 ῐστατο
1805 341 1850 366 ἐπὶ
1861 340 1917 366 τῶν

1134 387 1222 422 ουρῶν
1237 387 1286 422 τῆς
1303 388 1404 423 σκηνῆς
1413 408 1419 419 ,
1436 387 1483 414 καὶ
1497 387 1608 418 στάντες
1620 387 1634 412 6
1646 386 1709 418 λαὸς
1720 406 1727 417 ,
1745 386 1917 421 προσεκύνη-

1134 442 1183 460 σαν
1206 434 1319 465 ⁹ἕκαστος
1341 433 1394 460 ἀπὸ
1417 433 1465 468 τῆς
1488 434 1596 468 σκηνῆς.
1617 433 1671 459 Καὶ
1689 432 1802 468 ἐλάλησε
1815 432 1918 468 Κύριος

1133 479 1200 515 πρὸς
1214 480 1333 515 Μωῡσῆν
1345 500 1353 511 ,
1371 479 1484 510 ὲνώπιος
1498 479 1604 514 ὲνωπίῳ
1615 499 1622 510 ,
1643 479 1680 510 ὡς
1700 480 1725 506 εί
1741 479 1857 515 λαλήσαι
1876 488 1918 510 τις

1133 525 1200 560 πρὸς
1216 525 1291 558 φίλον
1308 524 1405 550 ἑαυτοῦ
1416 533 1422 540 ’
1437 524 1483 550 καὶ
1494 524 1680 559 ἀπηλλάττετο
1693 525 1732 556 εἰς
1743 525 1792 560 τὴν
1808 533 1902 560 παρεμ
1911 540 1918 544 -

1132 569 1229 604 ϐολήν
1246 571 1260 596 ό
1281 569 1309 596 δὲ
1329 568 1455 604 Θεράπων
1470 569 1551 595 αὐτοῦ
1573 569 1674 604 Ἰησοῦς
1690 570 1746 601 υἱὸς
1766 570 1844 605 Ναυῆ
1867 570 1919 597 οὐκ

1131 614 1308 651 ἐξεπορεύετο
1324 615 1356 641 ὲκ
1370 615 1421 650 τῆς
1436 615 1547 650 σκηνῆς.
1564 615 1617 641 Καὶ
1627 613 1687 642 εἷπε
1705 616 1826 651 Μωῡσῆς
1849 616 1918 652 πρὸς

1131 661 1243 697 Κύριον
1259 661 1334 693 Ἰδοὺ,
1353 662 1386 688 σὺ
1401 661 1488 696 λέγεις
1504 670 1558 696 μοι·
1568 661 1700 695 Ἀνάγαγε
1713 662 1758 688 τὸν
1774 662 1838 690 λαὸν
1857 664 1919 690 τοῦ·

1129 719 1185 742 τον,
1202 711 1233 737 σὺ
1251 710 1279 736 δὲ
1292 710 1342 736 οὐκ
1360 709 1497 745 ὲδήλωσάς
1515 718 1576 744 μοι,
1592 709 1620 736 ὃν
1634 710 1666 736 σὺ
1684 710 1842 742 ἀποστελεῖς
1859 711 1917 746 μετ’

1130 755 1212 791 ἐμοῦ·
1238 756 1269 782 σὺ
1292 755 1319 781 δέ
1337 764 1381 790 μοι
1403 753 1484 786 εῐπας
1495 762 1501 768 ·
1519 753 1584 782 Οἶδά
1600 763 1629 781 σε
1645 755 1720 790 παρὰ
1736 756 1840 787 πάντας
1850 777 1857 787 ,
1871 756 1918 782 ml.

1130 802 1201 837 ἔχεις
1225 802 1304 837 χάριν
1323 801 1388 836 παρ’
1400 801 1470 837 ἐμοί.
1485 802 1516 828 Εἰ
1529 799 1575 828 οὖν
1589 801 1693 837 εὕρηκα
1705 802 1784 836 χάριν
1798 802 1918 829 ἐναντίον

1131 858 1188 879 σου,
1206 848 1354 884 ἐμφάνισον
1373 857 1417 884 μοι
1432 848 1543 874 σεαυτόν
1555 857 1560 862 ·
1574 848 1700 882 γνωστῶς
1717 848 1763 874 ἴδω
1783 857 1811 875 σε
1821 869 1828 880 ,
1842 850 1918 880 ὅπως

1131 894 1164 921 ἂν
1179 892 1201 920 ὦ
1214 894 1338 930 εὑρηκὼς
1358 894 1437 929 χάριν
1451 894 1568 920 ἐναντίον
1587 903 1650 925 σου,
1670 895 1714 921 καὶ
1735 895 1777 920 ἵνα
1800 895 1858 928 γνῶ
1877 895 1917 921 ὅτι

291 942 385 971 spectu
399 941 458 968 tuo,
479 938 592 965 ostende
616 938 682 965 mihi
711 937 808 965 faciem
825 943 899 965 tuam
911 958 918 971 ,
948 943 977 965 ut
995 939 1078 966 sciam

1131 941 1192 972 λαός
1209 929 1256 966 σου
1272 941 1302 966 τὺ
1316 940 1391 971 ἔθνος
1412 940 1498 966 τοῦτο.
1526 940 1580 966 Καὶ
1602 940 1686 974 λέγει’
1708 941 1793 972 Αὐτὸς
1816 949 1918 976 προπο-

291 992 328 1019 te,
344 991 371 1014 et
384 987 520 1014 inveniam
539 988 654 1022 gratiam
678 991 740 1015 ante
755 987 850 1014 oculos
864 991 927 1015 tuos
943 996 950 1014 :
976 987 1081 1023 respice

291 1033 422 1068 populum
441 1037 518 1060 tuum
543 1038 649 1068 gentem
667 1033 746 1062 hanc.
775 1033 902 1068 Dixitque
928 1033 1079 1062 Dominus:

293 1079 388 1106 Facies
408 1087 468 1107 mea
486 1079 620 1114 praecedet
642 1086 678 1112 te,
696 1085 722 1107 et
739 1081 861 1115 requiem
883 1080 955 1108 dabo
973 1081 1032 1107 tibi.
1048 1080 1081 1108 Et

291 1126 329 1152 ait
344 1125 471 1161 Moyses:
491 1126 520 1152 Si
546 1134 600 1153 non
616 1130 644 1153 tu
668 1127 726 1161 ipse
755 1127 903 1161 praecedas,
922 1135 956 1154 ne
979 1127 1080 1154 educas

291 1179 342 1199 nos
359 1171 392 1199 de
408 1173 469 1199 loco
484 1172 547 1200 isto.
566 1173 594 1199 In
610 1180 666 1208 quo
692 1173 764 1199 enim
781 1174 852 1201 scire
867 1174 1016 1208 poterimus
1030 1181 1080 1208 ego

289 1221 316 1244 et
330 1219 447 1253 populus
461 1223 524 1246 tuus
539 1219 678 1246 invenisse
693 1227 743 1246 nos
760 1220 874 1254 gratiam
890 1220 917 1247 in
931 1224 1079 1255 conspectu

290 1269 348 1296 tuo,
365 1265 418 1291 nisi
431 1265 614 1293 ambulaveris
628 1266 783 1296 nobiscum,
803 1270 832 1292 ut
846 1266 1030 1301 glorificemur
1046 1266 1080 1293 ab

289 1311 417 1338 omnibus
434 1311 542 1345 populis
556 1311 602 1346 qui
623 1312 746 1339 habitant
765 1320 847 1346 super
871 1316 983 1339 terram.
1008 1312 1080 1339 Dixit

290 1359 381 1382 autent
408 1355 541 1383 Dominus
567 1358 599 1383 ad
632 1356 771 1392 Moysen]:
796 1357 827 1384 Et
853 1358 964 1384 verbum
993 1357 1077 1390 istud,

288 1402 362 1436 quod
379 1402 488 1429 locutus
501 1410 543 1434 es,
571 1402 668 1430 faciam
686 1412 692 1429 :
719 1403 847 1430 invenisti
867 1404 939 1430 enim
964 1405 1078 1438 gratiam

289 1460 383 1479 coram
405 1460 458 1484 me,
475 1456 502 1480 et
528 1453 665 1488 te-ipsum
681 1452 743 1480 novi
759 1462 790 1481 ex
811 1454 930 1482 nomine.
953 1454 1005 1488 Qui
1020 1456 1056 1482 ait
1070 1465 1076 1483 :

288 1498 411 1526 Ostende
428 1499 494 1525 mihi
507 1499 622 1534 gloriam
635 1504 721 1527 tuam.
734 1499 885 1535 Respondit
900 1511 907 1528 :
921 1502 976 1536 Ego
990 1507 1080 1530 osten-

288 1544 351 1570 dam
371 1551 452 1570 onme
467 1544 569 1571 bonum
595 1545 654 1576 tibi,
672 1550 699 1572 et
716 1546 818 1573 vocabo
843 1546 871 1573 in
896 1548 1006 1575 nomine
1023 1548 1077 1576 Do-

1132 987 1262 1023 ρεύσομαι
1279 988 1325 1014 καὶ
1340 987 1506 1014 καταπαύσω
1521 995 1560 1013 σε.
1577 988 1632 1013 Καὶ
1650 987 1723 1021 λέγει
1739 989 1807 1022 πρὸς
1823 988 1915 1014 αὐτόν·

1131 1035 1162 1061 Εἰ
1178 1035 1215 1070 μὴ
1228 1034 1306 1065 αὐτὸς
1323 1035 1354 1060 σὺ
1370 1033 1539 1069 συμπορεύῃ,
1560 1034 1595 1069 μή
1610 1042 1643 1068 με
1667 1034 1806 1070 ἀναγάγῃς
1826 1035 1918 1061 ὲντεῦ-

1131 1081 1186 1107 θεν.
1204 1080 1259 1106 Καὶ
1275 1079 1334 1111 πῶς
1345 1079 1463 1114 γνωστὸν
1477 1080 1551 1106 ἔσται
1565 1080 1603 1106 ὅτι
1618 1079 1722 1115 εὕρηκα
1745 1081 1826 1115 χάριν
1843 1082 1917 1117 παρὰ

1132 1127 1172 1153 σοὶ
1186 1125 1240 1160 ἐγὼ
1258 1127 1305 1152 καὶ
1325 1127 1338 1152 ὁ
1352 1125 1414 1157 λαός
1431 1134 1475 1152 σου
1489 1147 1496 1158 ,
1510 1125 1565 1152 ἀλλ’
1582 1125 1598 1160 ἢ
1614 1127 1854 1161 συμπορευομένου
1872 1135 1916 1153 σου

1132 1172 1189 1207 μεθ’
1204 1171 1298 1207 ήμῶν;
1315 1171 1361 1198 καὶ
1377 1171 1626 1206 ὲνδοξασθησόμεθα
1638 1172 1693 1205 ἐγώ
1705 1180 1734 1198 τε
1754 1172 1801 1198 καὶ
1814 1174 1828 1198 ὀ
1854 1172 1916 1205 λαός

1131 1227 1176 1244 σου
1193 1217 1267 1253 παρὰ
1284 1218 1372 1244 πάντα
1387 1217 1421 1244 τὰ
1438 1217 1511 1251 ἔθνη,
1525 1217 1575 1244 ὅσα
1590 1218 1636 1244 ἐπὶ
1646 1219 1695 1253 τῆς
1708 1218 1760 1253 γῆς
1772 1219 1842 1245 ἐστι.
1863 1219 1917 1245 Καὶ

1129 1263 1205 1290 εἶπεν
1217 1265 1230 1290 ὁ
1245 1264 1345 1299 Κύριος
1360 1264 1427 1300 πρὸς
1436 1264 1567 1298 Μωῦσῆν·
1584 1265 1638 1290 Καὶ
1653 1264 1784 1298 τὸνλόγον
1800 1273 1842 1291 σοι
1857 1266 1917 1291 τοῦ·

1129 1318 1184 1341 τον,
1199 1310 1228 1336 ὃν
1241 1310 1366 1345 εἴρηκας,
1379 1310 1498 1344 ποιήσω·
1513 1310 1633 1345 εὕρηκας
1643 1309 1698 1344 γάρ
1708 1310 1787 1345 χάριν
1802 1309 1916 1336 ἐνώπιόν

1131 1365 1192 1392 μου,
1210 1357 1257 1383 καὶ
1270 1354 1328 1383 οἶδά
1343 1364 1371 1382 σε
1387 1355 1461 1391 παρὰ
1478 1355 1590 1388 πάντας,
1604 1356 1651 1382 καὶ
1666 1355 1736 1390 ἔχεις
1758 1356 1838 1392 χάριν
1854 1357 1915 1391 παρ’

1129 1404 1200 1438 ἐμοί.
1215 1403 1269 1429 Καὶ
1283 1401 1374 1429 εἴπεψ
1391 1402 1481 1435 Δεῖξόν
1497 1410 1541 1437 μοι
1553 1402 1601 1438 τὴν
1619 1402 1730 1428 σεαυτοῦ
1748 1402 1838 1435 δόξαν.
1864 1403 1917 1430 Καὶ

1129 1448 1214 1476 εἶπεν·
1233 1449 1303 1484 Ἐγὼ
1320 1448 1529 1485 ’παρελεύσομαι
1553 1448 1682 1485 πρότερος
1704 1450 1737 1484 τῇ
1762 1449 1826 1486 δόξῃ
1853 1458 1916 1485 μου,

1129 1496 1175 1523 καὶ
1200 1495 1306 1522 καλέσω
1329 1496 1356 1521 ὲν
1378 1494 1489 1530 ὀνόματι
1514 1494 1616 1529 Κυρίου
1638 1495 1758 1521 ἐναντίον
1780 1503 1844 1521 σου·
1871 1496 1919 1522 καὶ

1129 1542 1242 1577 ὲλεήσω,
1257 1541 1286 1568 ὃν
1298 1541 1331 1567 ἂν
1346 1540 1422 1573 ἐλεῶ,
1439 1541 1486 1567 καὶ
1498 1541 1670 1576 οἰκτειρήσω,
1685 1541 1714 1567 ὃν
1730 1541 1762 1568 ἂν
1776 1542 1916 1578 οἰκτείρω.

287 1590 356 1617 mini
368 1597 461 1617 coram
478 1595 524 1617 te:
543 1595 570 1618 et
590 1591 742 1620 miserebor
759 1593 804 1619 cui
822 1593 945 1624 voluero.
968 1598 995 1621 et
1021 1595 1076 1622 cle-

1130 1589 1186 1614 Ka‘.
1200 1585 1285 1614 εἶπεν·
1298 1587 1334 1614 οὗ
1349 1587 1449 1622 δυνήσῃ
1466 1586 1527 1613 ἰδεῖν
1540 1586 1569 1612 τὸ
1582 1587 1725 1621 πρόσωπόν
1740 1596 1790 1622 μου
1799 1597 1805 1602 ·
1821 1589 1854 1615 οὐ
1865 1589 1919 1624 γὰρ

287 1645 366 1665 mens
380 1645 428 1664 ero
444 1637 472 1664 in
483 1645 564 1672 quem
581 1638 647 1665 mihi
666 1639 808 1673 placuerit.
828 1639 1003 1676 Rursumque
1019 1642 1076 1669 ait:

286 1683 347 1712 Non
368 1684 470 1720 poteris
490 1684 584 1711 videre
600 1684 696 1711 faciem
711 1693 799 1712 meam
814 1693 822 1712 :
840 1694 894 1714 non
912 1687 983 1714 enim
1003 1688 1079 1714 vide-

288 1729 329 1757 bit
346 1737 389 1757 me
403 1730 496 1763 homo,
513 1734 539 1757 et
558 1730 641 1758 vivet.
668 1729 700 1756 Et
726 1730 824 1758 iterum
841 1741 848 1759 ε
872 1731 952 1765 Ecce,
979 1734 1077 1768 inquit,

286 1783 328 1807 est
361 1780 438 1808 locus
456 1780 528 1816 apud
555 1789 609 1814 me,
625 1785 652 1809 et
667 1781 755 1810 stabis
788 1790 870 1817 supra
898 1788 1024 1819 petram;
1052 1789 1078 1812 et

285 1831 427 1863 protegam
459 1827 572 1854 dextera
603 1835 664 1855 mea
679 1847 687 1860 ,
713 1828 800 1855 donec
832 1833 990 1857 transeam:
1024 1831 1077 1858 tol-

291 1879 401 1914 lamque
415 1887 526 1906 manum
541 1887 640 1911 meam,
656 1884 682 1906 et
703 1880 809 1908 videbis
824 1882 975 1916 posteriora
997 1891 1056 1911 mea
1069 1894 1076 1912 :

287 1924 387 1952 faciem
406 1928 498 1952 autem
521 1932 609 1952 meam
635 1925 728 1953 videre
754 1934 809 1954 non
833 1929 936 1962 poteris
957 1929 1001 1963 ";
1022 1939 1030 1955 ι
1051 1933 1078 1957 et

285 1975 405 2009 reliqua.
434 1974 539 2008 Quibus
571 1975 665 2002 addit:
697 1985 706 2001 ι
741 1975 865 2012 Cumque
891 1978 1078 2008 descendisset

285 2020 419 2049 Dominus
433 2029 481 2057 per
496 2021 607 2055 nubem,
623 2022 698 2050 stetit
717 2021 826 2059 Moyses
847 2032 910 2051 cum
928 2033 971 2057 eo.
1000 2027 1078 2054 invo-

286 2077 354 2097 cans
375 2077 474 2097 nomen
497 2063 616 2098 Domini.
643 2069 704 2104 ἡ)υο
729 2076 890 2100 transeunte
914 2081 1008 2101 coram
1033 2081 1076 2107 eo,

287 2115 349 2143 ait:
376 2115 537 2144 Dominator
562 2116 677 2145 Domine
702 2117 785 2150 Deus,
805 2119 962 2147 misericors
979 2125 1006 2147 et
1022 2120 1077 2148 cle-

286 2169 377 2194 mens,
394 2162 502 2196 patiens
516 2167 543 2190 et
558 2164 651 2191 multae
662 2164 858 2198 miserationis,
873 2173 905 2192 ac
919 2174 1013 2200 verax,
1031 2167 1076 2202 qui

287 2207 413 2235 custodis
430 2208 648 2236 misericordiam
669 2210 697 2240 in
719 2211 823 2239 millia:
850 2212 897 2246 qui
914 2212 1006 2241 aufers
1025 2213 1078 2240 ini-

287 2254 432 2290 quitatem,
448 2259 475 2282 et
485 2255 602 2288 scelera,
615 2259 697 2292 atque
710 2261 832 2292 peccata,
846 2258 994 2294 nullusque
1005 2259 1076 2294 apud

285 2304 314 2328 te
330 2308 378 2336 per
397 2308 427 2328 se
441 2300 574 2329 innocens
590 2306 648 2335 est;
664 2302 712 2337 qui
729 2303 821 2331 reddis
838 2304 1010 2339 iniquitatem
1026 2313 1076 2341 pa-

285 2350 361 2374 trum
391 2346 455 2374 liliis
480 2350 512 2374 ac
539 2348 685 2383 nepotibus
708 2349 735 2376 in
763 2350 870 2377 tertiam
895 2354 922 2378 et
948 2356 1074 2387 quartam

286 2395 456 2430 progeniem.
471 2395 654 2432 Festinusque
669 2396 775 2434 Moyses
795 2404 926 2428 curvatus
942 2405 985 2429 est
1012 2410 1076 2437 pro—

286 2448 339 2467 nus
351 2441 379 2468 in
394 2445 507 2474 terram.
533 2446 560 2470 et
577 2443 695 2471 adorans
721 2445 779 2472 ait:
799 2445 828 2472 Si
849 2447 940 2474 inveni
958 2449 1074 2483 gratiam

287 2486 316 2514 in
339 2493 490 2523 conspectu
516 2493 574 2522 tuo,
602 2489 726 2524 Domine,
753 2493 868 2520 obsecro
892 2499 921 2521 ut
942 2495 1077 2530 gradiaris

286 2533 432 2562 nobiscum
461 2533 530 2562 facie
556 2535 590 2562 ad
609 2535 705 2564 faciem
719 2537 751 2564 ".
771 2546 780 2562 ι
808 2537 915 2574 Moyses
937 2548 999 2567 eum
1022 2541 1075 2568 Deo

286 2578 439 2607 collocutus
467 2580 606 2610 inducitur
630 2591 661 2610 ea
689 2583 786 2612 fiducia
803 2589 830 2612 et
858 2586 992 2617 libertate.
1022 2596 1076 2623 qua

287 2628 412 2652 uteretur
426 2626 531 2655 amicus
548 2635 609 2654 cum
631 2629 720 2656 amico
736 2629 927 2659 confabulans.
956 2633 1075 2668 Apparet

287 2674 379 2697 autem
393 2678 426 2698 ex
442 2671 504 2700 istis
517 2681 571 2700 non
585 2673 728 2709 Propheta:
745 2683 926 2711 progressus;
942 2679 989 2706 sed
1005 2685 1076 2714 post-

284 2725 369 2754 ‘quam
386 2721 547 2756 loquebatur
559 2723 584 2750 ei
600 2723 730 2752 Dominus
751 2725 820 2754 facie
833 2727 867 2754 ad
895 2727 1004 2761 faciem,
1020 2737 1075 2758 non

288 2769 379 2793 tamen
395 2775 516 2802 unquam
539 2769 615 2797 visus
640 2774 683 2797 est
706 2772 731 2798 ei
755 2772 828 2799 sicut
853 2774 1020 2809 Abrahamo,
1048 2782 1075 2805 et

288 2815 382 2843 lsaaco
397 2821 424 2844 et
439 2816 552 2846 Iacobo.
569 2819 654 2854 Cujus
679 2821 763 2856 igitur
777 2823 893 2857 gratiam
912 2826 1014 2859 expetit
1031 2827 1073 2853 di-

290 2869 355 2889 cens
381 2871 388 2888 :
419 2871 428 2887 ‹
459 2863 488 2890 Si
519 2865 609 2892 inveni
639 2867 755 2901 gratiam
781 2867 808 2895 in
836 2874 984 2905 conspectu
1016 2877 1073 2906 tuo,

284 2950 294 2958 .
318 2919 348 2957 1"
366 2918 452 2946 Exod.
470 2922 574 2956 xxxmj,
593 2922 670 2951 9-25.
710 2924 733 2940 "
753 2923 838 2951 Exod.
862 2934 961 2957 xrxw,
979 2928 1040 2956 5-9.

1130 1634 1166 1670 μὴ
1180 1634 1221 1670 ἴδῃ
1231 1634 1260 1660 τὸ
1269 1633 1413 1669 πρόσωπόν
1425 1641 1474 1668 μου
1483 1632 1625 1667 ἄνθρωπος
1643 1633 1677 1667 (f.
1692 1633 1724 1661 10
1734 1635 1774 1668 νο)
1787 1635 1834 1661 καὶ
1842 1634 1919 1670 ζήσε-

1127 1688 1180 1706 ται.
1208 1679 1262 1705 Kal.
1281 1677 1341 1705 εἷπε
1365 1679 1475 1715 Κύριος·
1494 1679 1570 1711 Ἰδοὺ,
1584 1680 1665 1711 τόπος
1687 1679 1750 1715 παρ’
1767 1681 1845 1714 ἐμοὶ,
1873 1681 1920 1707 καὶ

1129 1727 1214 1761 στήσῃ
1229 1725 1274 1751 ἐπὶ
1286 1726 1335 1760 τῆς
1351 1725 1461 1759 πέτρας·
1475 1726 1520 1753 καὶ
1530 1726 1659 1752 σκεπάσω
1670 1727 1703 1762 τῇ
1718 1727 1790 1761 χειρί
1807 1735 1862 1761 μου
1875 1727 1920 1753 ἐπὶ

1129 1770 1169 1802 σὲ,
1194 1771 1246 1802 ἕως
1261 1770 1294 1797 ἂν
1315 1771 1448 1806 παρέλθω.
1467 1771 1521 1798 Καὶ
1548 1771 1639 1806 ἀφελῶ
1664 1772 1712 1807 τὴν
1741 1773 1822 1808 χεῖρά
1850 1781 1919 1808 μου.

1128 1817 1176 1842 καὶ
1188 1816 1247 1843 τότε
1260 1816 1311 1852 ὄψῃ
1331 1817 1365 1843 τὰ
1379 1817 1465 1844 ὀπίσω
1481 1827 1546 1852 μου·
1556 1817 1587 1844 τὺ
1601 1818 1630 1844 δὲ
1645 1819 1791 1854 πρόσωπόν
1804 1827 1858 1854 μου
1871 1820 1920 1846 οὐκ

1127 1861 1275 1897 ὀφθήσεταί
1306 1871 1356 1895 σοι,
1376 1873 1385 1888 ι
1401 1864 1448 1890 καὶ
1469 1863 1503 1890 τὰ
1529 1864 1601 1899 ἑξῆς,
1619 1861 1659 1896 οἷς
1681 1864 1818 1899 ὲπιςὲρευ
1836 1875 1846 1890 ι
1867 1866 1920 1894 Καὶ

1128 1908 1230 1944 κατέση
1254 1908 1355 1945 Κύριος
1368 1909 1397 1935 ἐν
1411 1910 1510 1945 νεφέλῃ
1521 1931 1527 1942 ,
1543 1911 1591 1936 καὶ
1605 1910 1729 1946 παρέστη
1744 1911 1820 1946 αὺτῷ
1840 1912 1900 1938 ἐκεῖ
1910 1920 1918 1926 ·

1128 1955 1175 1981 καὶ
1190 1955 1320 1982 ἐκάλεσεν
1334 1957 1363 1982 ὲν
1379 1955 1490 1990 ὀνόματι
1508 1956 1609 1992 Κυρίου
1619 1965 1625 1971 ·
1642 1956 1690 1983 xal.
1704 1957 1846 1992 παρῆλθεν
1863 1958 1919 1984 Κύ-

1129 2009 1186 2036 ριος
1210 2001 1263 2036 πρὸ
1288 2001 1432 2036 προσώπου
1460 2002 1559 2035 αὑτοῦ,
1587 2003 1634 2029 καὶ
1658 2003 1788 2030 ἐκάλεσε·
1815 2004 1919 2040 Κύριος

1128 2045 1228 2081 Κύριος
1244 2046 1258 2072 ὁ
1273 2046 1339 2078 Θεος
1356 2046 1504 2082 οἰκτίρμων
1525 2048 1570 2074 καὶ
1591 2048 1722 2083 ἐλεήμων,
1740 2049 1919 2084 μακρόθυμος

1127 2091 1175 2117 καὶ⁸
1187 2091 1327 2123 πολυέλεος
1339 2093 1384 2119 καὶ
1395 2092 1520 2128 ἀληθινὸς
1531 2094 1576 2120 καὶ
1587 2094 1758 2130 δικαιοσύνην
1769 2095 1919 2131 διατηρῶν,

1127 2137 1212 2163 ποιῶν
1227 2137 1300 2169 ἕλεος
1314 2139 1353 2169 είς
1368 2138 1489 2173 χιλιάδας
1499 2160 1506 2170 ,
1526 2140 1651 2176 ἀφαιρῶν
1666 2141 1781 2176 ἀνομίας
1796 2142 1845 2168 καὶ
1863 2142 1919 2169 ἀδι-

1128 2183 1190 2215 κίας
1203 2184 1250 2210 καὶ
1273 2184 1409 2220 ἁμαρτίας
1422 2205 1428 2216 ,
1450 2187 1496 2212 καὶ
1516 2186 1561 2212 τὸν
1574 2186 1664 2222 ἔνοχον
1680 2188 1710 2213 οὺ
1726 2187 1857 2223 καθαριεῖ
1870 2188 1919 2214 ἒπ-

1127 2231 1201 2264 άγων
1216 2230 1330 2265 ἀνομίας
1340 2231 1466 2267 πατέρων
1477 2233 1522 2259 ἐπὶ
1536 2232 1630 2265 τέκνα,
1643 2233 1691 2259 καὶ
1705 2233 1752 2260 ἐπὶ
1765 2233 1856 2261 τέκνα
1874 2235 1919 2261 τέ-

1092 2286 1115 2314 D
1129 2285 1209 2309 κνων,
1225 2277 1271 2303 ἐπὶ
1286 2277 1381 2313 τρίτην
1390 2278 1436 2305 καὶ
1447 2279 1494 2305 ἐπὶ
1507 2279 1639 2314 τετάρτην
1649 2280 1755 2314 γενεάν.
1765 2281 1821 2307 Καὶ
1834 2281 1918 2308 σπεύ-

1130 2329 1180 2352 σας
1193 2322 1312 2357 Μωῡσῆς
1327 2323 1416 2357 κύψας
1429 2324 1474 2350 ἐπὶ
1492 2324 1541 2359 τὴν
1556 2325 1608 2360 γῆν
1628 2326 1835 2361 προσεκύνησεν
1845 2348 1854 2360 ,
1873 2327 1919 2355 καὶ

1129 2364 1206 2393 εἶπεν
1217 2376 1224 2382 ·
1239 2368 1269 2393 Et
1283 2367 1315 2403 δὴ
1327 2368 1433 2404 εὕρηκα
1443 2370 1522 2405 χάριν
1534 2370 1648 2397 ἐνώπιόν
1664 2380 1721 2403 σου,
1736 2373 1836 2408 Κύριε,
1852 2382 1919 2408 συμ-

1130 2413 1276 2449 πορεύθητι
1289 2414 1346 2450 μεθ’
1362 2415 1439 2450 ἡμῶν
1450 2415 1566 2448 ὲνώπιος
1580 2417 1698 2453 ὲνωπίῳ.
1713 2427 1722 2444 ι
1743 2418 1868 2454 Μωῦαῆς
1881 2419 1919 2454 τῷ

1129 2460 1189 2496 Θεῷ
1205 2461 1292 2488 λαλῶν
1305 2463 1512 2498 ἀναγέγραπται
1530 2463 1599 2498 μετὰ
1614 2463 1731 2499 θάρσους
1745 2465 1794 2491 καὶ
1811 2467 1918 2501 παρρη-

1129 2507 1190 2538 σίας
1203 2507 1346 2544 τοσαύτης,
1363 2509 1458 2536 ὁποίαν
1471 2509 1570 2543 ἀγάγοι
1584 2510 1617 2536 ἂν
1633 2510 1679 2537 καὶ
1695 2510 1773 2544 φίλος
1789 2519 1833 2542 τις
1850 2511 1918 2546 ἀνὴρ

1126 2553 1227 2588 ὁμιλῶν
1242 2554 1337 2580 ἑαυτοῦ
1354 2555 1433 2591 φίλῳ.
1450 2555 1624 2592 Ἐμφαίνεται
1643 2556 1671 2583 δὲ
1692 2557 1737 2583 διὰ
1753 2557 1860 2584 τούτων
1872 2558 1919 2591 οὐχ

1127 2599 1143 2633 ή
1158 2599 1276 2634 τυχοῦσα
1296 2600 1343 2626 τοῦ
1361 2601 1503 2637 Προφήτου
1525 2603 1666 2638 προκοπή·
1680 2603 1738 2629 ἀλλ’
1753 2603 1816 2629 ἐπεὶ
1829 2593 1918 2630 ιλάλεὶ

1129 2645 1178 2679 μὲν
1191 2645 1265 2681 αὐτῷ
1279 2647 1381 2682 Κύριος
1395 2647 1508 2680 ὲνώπιος
1521 2648 1636 2684 ὲνωπίῳ,
1652 2649 1682 2675 οὐ
1699 2649 1753 2684 μὴν
1770 2650 1819 2676 καὶ
1841 2649 1917 2684 ὤφθη

1129 2699 1173 2717 πω
1183 2692 1257 2727 αὑτῷ
1272 2693 1371 2728 ὁμοίως
1383 2694 1422 2729 τῷ
1439 2694 1563 2730 Ἀϐραὰμ
1575 2695 1621 2722 καὶ
1638 2695 1731 2722 Ἰσαάκ
1747 2697 1795 2723 καὶ
1809 2696 1916 2725 Ἰακώῦ·

1127 2737 1221 2764 τούτου
1236 2738 1267 2774 δὴ
1284 2739 1363 2775 χάριν
1385 2740 1456 2773 ἀξιοί
1477 2740 1573 2775 λέγων·
1592 2750 1601 2766 ‹
1617 2741 1647 2767 Ei
1663 2741 1695 2776 δὴ
1714 2741 1822 2777 εὕρηκα
1839 2743 1920 2778 χάριν

1127 2783 1247 2812 ἐναντίον
1260 2794 1323 2818 σου,
1346 2787 1492 2822 ὲμφάνισόν
1515 2796 1559 2823 μοι
1581 2788 1703 2821 σεαυτὸν,
1722 2789 1857 2823 γνωπῶς
1869 2789 1920 2816 ῐδω

1128 2837 1168 2856 σε.
1183 2840 1192 2856 ι
1211 2832 1250 2858 Δι’
1264 2829 1294 2859 οὗ
1307 2833 1469 2869 παρίστησιν
1484 2835 1525 2860 ὃτι
1543 2833 1579 2869 μὴ
1595 2834 1695 2869 ὁμοίως
1708 2835 1748 2871 τῷ
1761 2835 1854 2862 λαλεῖν
1869 2835 1919 2862 αὖ·

1127 2876 1164 2911 τῷ
1181 2877 1226 2904 καὶ
1247 2878 1296 2910 τὰς
1319 2879 1386 2914 πρὸς
1407 2881 1486 2907 αὐτὸν
1502 2882 1660 2916 ἐπιφανείας
1676 2883 1690 2908 ὁ
1705 2881 1773 2914 Θεὸς
1790 2883 1917 2908 Ξποιεῖτο.
