2037 3215
130 202 197 230 1061

654 208 800 236 ECLOGJE
821 209 1059 238 PROPIIETICE.
1081 227 1114 230 —
1133 211 1197 238 LIB.
1219 212 1239 239 l.

1683 211 1752 238 1062

129 263 162 290 Et
176 263 241 300 γὰρ,
256 265 294 297 ὡς
308 266 442 301 νομίσειεν
453 275 504 299 τις,
519 267 614 294 ταυτόν
629 269 685 295 ἐστι
699 269 729 296 τὸ
741 270 912 305 λελαληκέναι

964 271 1079 298 ostende
1096 272 1162 298 mihi
1188 271 1285 299 faciem
1304 276 1388 304 luam,
1408 276 1437 298 ut
1455 272 1539 298 sciam
1561 276 1596 299 te.
1618 281 1626 296 ι
1646 271 1752 299 Exinde

128 309 205 344 αὺτῷ
216 310 262 336 τὸν
269 310 334 338 Θεὸν
345 321 354 337 ι
365 311 478 338 ἐνώπιον
492 313 598 348 ὲνωπὶῳ
612 326 620 339 ι
637 314 681 349 τῷ·
690 311 778 350 ὦφθαι
787 315 870 350 αὐτῷ,
879 316 916 347 ὡς

129 355 165 382 ἂν
179 356 249 382 εἴποι
263 365 314 389 τις,
325 358 483 393 «πρόσωπον
498 359 565 393 πρὸς
574 359 727 394 πρόσωπον,
741 371 750 386 ι
759 361 806 387 καὶ
817 361 880 387 ποία
893 361 916 388 δ’

127 401 162 428 ἂν
185 401 226 428 ἐτι
253 402 329 438 χώρα
350 403 467 431 λείποιτο
489 406 521 440 τῇ
545 405 687 443 φασκούσῃ
707 406 789 433 αὐτοῦ
807 406 916 440 ἀξιώσει

127 449 170 475 τό·
191 458 201 473 ‹
217 449 247 475 Et
272 449 304 484 δὴ
319 449 423 485 εὕρηκα
442 450 521 486 χάριν
548 452 667 478 ἐναντίον
689 461 752 484 σου,
769 453 916 488 ἐμφάνισον

128 502 174 528 μοι
195 494 315 526 σεαυτὸν,
329 495 456 528 γνωστῶς
471 495 518 522 ἴδω
531 505 575 529 σε;
598 507 607 523 ι
626 497 684 529 πῶς
698 498 736 530 δὲ,
752 500 776 525 εἰ
790 500 836 525 καὶ
849 500 916 536 πρό-

125 548 207 575 τερον
227 540 301 575 αὐτῷ
325 541 468 577 πρόσωπον
494 542 562 578 πρὸς
585 544 729 579 πρόσωπον
754 545 792 577 ὡς
812 545 914 581 οἰηθείη

127 585 162 611 ἅν
189 595 240 617 τις,
262 587 381 622 ἑωρᾶτο,
407 587 532 624 ἐπιφέρει
559 588 644 623 λέγων
667 590 740 625 αὑτῴ
763 592 777 617 6
800 591 914 627 Κύριος·

130 639 139 656 ι
157 631 196 657 Οὐ
213 631 315 668 δυνήσῃ
333 632 396 658 ἰδεῖν
415 633 445 659 τὺ
464 635 608 670 πρόσωπόν
624 644 690 671 μου’
708 637 738 662 οὺ
750 637 804 672 γὰρ
820 637 857 673 μὴ
875 638 916 675 ἴδῃ

125 676 158 702 τὸ
171 677 317 713 πρόσωπόν
332 687 381 714 μου
393 678 534 716 ἄνθρωπος
555 682 601 708 καὶ
618 681 745 717 ζήσεται;
761 683 823 710 »Διὰ
837 684 914 717 τίδὲ,

127 721 231 757 λεγέτω
242 724 256 749 6
269 723 436 760 βουλόμενος,
445 727 502 753 οὐδ’
522 727 593 760 ἅπαξ
608 728 621 753 6
634 727 712 762 λόγος
725 731 858 766 μαρτυρεί
873 730 916 756 λέ-

127 777 196 802 γων,
215 769 256 795 ὅτι
274 769 350 805 ὤφθη
363 771 436 806 αὑτῷ
447 772 460 798 6
476 772 586 807 Κύριος,
604 773 641 805 ὡς
653 774 697 800 ἐπὶ
715 773 769 800 τῶν
781 782 914 810 πατριαρ-

127 814 185 849 χῶν
200 815 316 850 εἰρηκὼς
328 817 483 853 τετήρηται·
503 818 570 844 ἀλλὰ
582 818 636 854 γὰρ
648 819 690 846 διὰ
704 820 805 847 τούτων
820 820 916 856 πρόδη-

127 861 186 891 λον,
195 861 234 887 ὅτι
247 863 270 887 εἰ
283 862 329 888 καὶ
341 862 427 889 ἐλάλει
439 863 512 898 αὑτῷ
522 864 622 899 Κύριος
633 875 642 890 ‹
654 864 768 897 ἐνώπιος
779 866 896 901 ὲνωπὶῳ,
904 876 912 892 ι

126 909 204 943 ὅμως
219 908 262 934 διὰ
280 909 329 943 τῆς
350 909 461 944 νεφέλης
477 910 564 937 ἐλάλει
584 910 673 946 αὐτῷ·
691 911 768 937 τοῦτο
779 912 832 947 γὰρ
847 920 914 947 προ-

967 317 996 343 lit
1016 317 1192 344 manifestum
1208 317 1281 352 quod
1295 324 1350 344 non
1368 317 1439 345 idem
1453 321 1522 350 erat,
1543 324 1605 344 cum
1630 317 1755 351 loquere-

966 367 1012 390 tur
1027 363 1051 391 ei
1071 363 1211 396 Dominus,
1228 367 1326 392 etcum
1343 363 1519 391 manifestum
1534 363 1577 390 sui
1592 363 1681 391 visum
1697 363 1754 390 elli-

966 413 1050 438 ceret.
1060 409 1088 437 Si
1097 410 1181 442 enim,
1193 413 1221 436 ut
1235 410 1358 437 nonnulli
1370 410 1527 437 existimare
1539 409 1754 444 possent,collo-

966 460 1058 483 cutum
1068 456 1153 484 fuisse
1160 464 1221 484 cum
1231 464 1264 484 eo
1271 457 1354 484 Deum
1363 460 1512 492 conspectu
1521 457 1554 484 ad
1564 461 1751 492 conspectum,

966 500 1036 528 idem
1045 505 1117 529 esset
1133 508 1164 528 ac
1181 502 1270 529 visum
1281 501 1367 530 fuisse
1376 502 1412 534 ei,
1428 506 1456 529 ut
1469 502 1523 529 dici
1538 507 1639 537 posset,
1660 512 1669 527 ι
1684 501 1753 529 faeie

966 547 999 573 ad
1009 545 1199 582 faciem,»quis
1209 547 1268 582 ejus
1283 548 1460 582 postulationi
1470 549 1667 583 relinqueretur
1677 549 1752 576 locus

965 591 1102 620 dicentis:
1123 601 1134 618 ι
1160 593 1190 620 Si
1209 593 1300 621 inveni
1322 594 1437 629 gratiam
1463 594 1491 621 in
1519 598 1668 629 conspectu
1693 600 1752 626 tuo,

966 638 1079 665 ostende
1097 638 1163 666 mihi
1187 639 1284 667 faciem
1306 643 1390 670 tuam,
1413 644 1443 666 ut
1468 640 1552 668 sciam
1580 644 1605 667 te
1623 640 1634 666 ἒν
1652 650 1661 666 ι
1680 640 1753 673 Quo-

966 683 1048 710 modo
1061 688 1162 716 autem,
1176 685 1198 713 si
1212 688 1238 712 et
1253 685 1330 720 prius
1342 686 1367 719 ei
1381 685 1451 713 faeie
1463 686 1496 712 ad
1511 686 1620 718 faciem,
1638 690 1667 713 ut
1685 694 1752 713 non-

967 729 1036 755 nulli
1050 734 1189 764 putarent,
1204 730 1279 759 visus
1297 730 1405 762 fuisset,
1421 731 1530 765 subjicit
1545 731 1639 759 dicens
1655 731 1678 759 ei
1700 731 1755 758 Do-

967 773 1078 803 minus:
1101 783 1111 800 ‹
1130 774 1190 802 Non
1207 775 1311 810 poteris
1335 775 1427 803 videre
1448 775 1546 803 faciem
1564 784 1670 803 meam:
1698 785 1753 804 non

966 820 1038 847 enim
1053 820 1154 848 videbit
1168 828 1211 848 me
1231 821 1313 848 homo
1329 825 1355 849 et
1380 821 1469 848 vivet?
1490 831 1499 848 ι
1521 821 1657 857 Quidquid
1671 822 1753 857 objici

967 867 1064 901 possit,
1090 874 1145 894 non
1174 867 1261 894 semel
1292 868 1415 895 narratio
1442 872 1638 895 commemorat
1663 868 1752 895 visum

967 911 1052 940 fuisse
1069 913 1093 940 ei
1109 912 1267 944 Dominum,
1284 917 1313 940 ut
1328 913 1362 940 de
1380 913 1543 948 patriarcliis
1563 921 1692 948 expresse
1709 922 1753 941 re-

127 953 293 988 παρίστησιν
309 954 325 989 ή
338 954 430 990 Γραφὴ
448 955 571 989 λέγουσα·
590 966 599 982 r
612 956 778 984 Κατέϐαινεν
790 959 804 984 6
817 945 912 990 ﬁcio;

966 957 1062 985 fertur.
1080 958 1226 986 Enimvero
1242 967 1273 986 ex
1291 959 1325 986 iis
1341 962 1457 991 ,constat
1480 959 1563 994 quod.
1583 960 1604 986 si
1628 959 1752 994 loquere-

126 998 178 1034 τῆς
195 1000 308 1035 νεφέλης
324 1001 370 1027 καὶ
385 1001 476 1028 ἵστατο
491 1001 535 1028 ἐπὶ
559 1002 611 1028 τῶν
636 1002 724 1039 θυρῶν
738 1004 786 1039 τῆς
800 1005 912 1040 σκηνῆς,

127 1046 176 1071 καὶ
190 1045 277 1073 ἐλάλει
291 1046 329 1081 τῷ
340 1047 459 1074 Μωῦσεῖ.
472 1058 480 1073 ι
493 1047 595 1075 Οὐκοῦν
609 1048 653 1075 διὰ
670 1050 719 1085 τῆς
730 1050 843 1085 νεφέλης
854 1050 914 1077 ἑλά-

127 1092 180 1123 λει,
193 1093 223 1119 οὗ
242 1093 294 1129 μὴν
310 1094 356 1120 καὶ
377 1094 475 1129 ὁμοίως
494 1094 532 1129 τῷ
549 1094 673 1130 Ἀϐραὰμ
689 1096 706 1132 ἢ
727 1095 766 1131 τῷ
788 1097 880 1123 Ἰσαὰκ
895 1098 912 1133 ἢ

125 1139 168 1173 τῷ
187 1138 282 1165 Ἰακὼϐ
297 1138 372 1175 ὤφθη
390 1140 480 1175 αὐτῷ·
499 1140 612 1171 ἐκείνοις
624 1140 672 1176 μὲν
684 1141 737 1177 γὰρ
747 1142 857 1177 γυμνῶς
867 1143 914 1169 καὶ

125 1185 235 1220 τρανῶς
249 1185 311 1212 ἄνευ
327 1185 397 1216 τινὸς
410 1186 496 1217 εἴδους
512 1186 603 1220 ὀφθεὶς
623 1187 837 1223 ἀναγέγραπται,
854 1189 913 1215 τού-

125 1240 166 1266 τῳ
183 1231 210 1257 δὲ
226 1231 269 1258 διὰ
284 1231 331 1258 τοῦ
343 1231 540 1268 ὀνομαζομένου
555 1232 639 1264 εἴδους
661 1233 706 1259 καὶ
721 1234 770 1269 τῆς
787 1234 911 1270 νεφέλης,

124 1279 161 1314 ἢν
187 1279 235 1306 καὶ
265 1279 342 1311 δόξαν
367 1278 469 1314 Κυρίου
496 1277 622 1313 ὀνομάζει
650 1280 664 1305 6
687 1279 764 1313 λόγος
791 1281 910 1314 φάσκων·

128 1326 246 1352 «Ἦνίκα
276 1326 304 1352 δὲ
329 1326 417 1352 ἐλάλει
442 1325 561 1360 Μωῦσῆς
580 1326 653 1361 πάσῃ
680 1328 824 1362 συναγωγῇ
848 1327 913 1354 υίῶν

131 1371 252 1407 Ἰσραὴλ,
267 1372 313 1398 καὶ
326 1371 535 1407 ἐπεστράφησαν
548 1373 587 1404 εἰς
599 1372 649 1407 τὴν
666 1372 777 1408 ἔρημον,
793 1373 840 1400 καὶ
858 1373 912 1400 ίδοὺ

124 1420 142 1453 ἡ
161 1418 224 1450 δόξα
238 1418 338 1453 Κυρίου
354 1417 431 1453 ὤφθη
447 1419 476 1444 ὲν
488 1418 596 1454 νεφέλῃ,
609 1419 656 1446 xal
671 1419 799 1455 ἐλάλησεν
812 1420 913 1456 Κύριος

125 1464 196 1499 πρὸς
211 1464 361 1499 Μωῠσῆν.ι
375 1464 429 1491 Kal
445 1463 524 1491 πάλιν
535 1473 541 1478 ι
561 1474 570 1490 ‹
582 1465 676 1501 Ἀνέϐη
692 1465 813 1501 Μωῦσῆς
829 1467 868 1498 είς
883 1467 913 1492 τὸ

124 1512 205 1547 ὅρος·
230 1511 277 1537 καὶ
300 1511 432 1546 ἐκάλυψεν
450 1511 576 1547 ήνεφέλη
594 1511 625 1538 τὸ
640 1511 710 1547 ὅρος.
735 1513 790 1539 Kal
809 1513 912 1549 κατέΰη

123 1559 142 1592 ἡ
158 1557 221 1589 δόξα
236 1557 336 1592 Κυρίου
353 1557 398 1583 ἐπὶ
414 1557 461 1583 τοῦ
478 1557 556 1593 ὅρους
571 1557 618 1584 καὶ
632 1557 764 1593 ἐκάλυψεν
781 1559 861 1585 αὑτὸν
875 1568 913 1585 νε-

125 1603 195 1638 φέλη
212 1603 241 1650 εξ
257 1603 377 1650 ἠμέρας·
403 1603 448 1629 καὶ
465 1603 594 1650 ἐλάλησεν
611 1603 647 1638 (f.
661 1603 711 1639 Μ)
728 1604 828 1640 Κύριος
845 1605 912 1640 πρὸς
925 1622 945 1650 C

123 1649 246 1684 Μωῦσῆν
262 1650 294 1684 τῇ
309 1649 400 1685 ἡμέρᾳ
413 1650 445 1684 τῇ
462 1649 561 1684 ἐϐδόμῃ
575 1650 606 1675 ἐκ
623 1649 706 1684 μέσου
719 1650 768 1685 τῆς
786 1649 909 1685 νεφέλης.

123 1694 164 1722 Ίὺ
177 1695 205 1722 δὲ
221 1693 290 1726 εἶδος
303 1695 353 1730 τῆς
370 1695 448 1730 δόξης
469 1696 582 1731 Κυρίου,
596 1695 661 1721 ὡσεὶ
682 1695 738 1731 πῦρ
753 1695 850 1729 φλέγον
866 1695 911 1721 ἐπὶ

123 1741 176 1775 τῆς
192 1739 314 1776 κορυφῆς
329 1740 376 1770 τοῦ
397 1740 486 1775 ὅρους,
501 1751 510 1767 ι
530 1741 626 1776 Σαφῶς
645 1738 690 1767 οὖν
707 1740 750 1767 διὰ
765 1740 866 1766 τούτων
881 1740 912 1766 τὸ

124 1786 311 1822 θεωρούμενον
327 1785 365 1821 τῷ
381 1787 492 1813 Μωῦσεῖ
514 1786 622 1820 λέγεται
646 1784 714 1813 εἶναι
731 1786 780 1812 οὐκ
802 1785 885 1817 αὐτὸς
898 1787 911 1812 6

124 1833 239 1868 Κύριος,
255 1832 310 1859 ἀλλ’
332 1830 400 1864 εἶδος
417 1833 529 1868 Κυρίου,
547 1833 594 1859 καὶ
614 1832 711 1867 νεφέλη
738 1832 784 1858 καὶ
809 1832 876 1867 πῦρ,
894 1831 911 1858 ἃ

124 1880 176 1907 καὶ
194 1879 271 1911 δόξαν
294 1880 396 1915 Κυρίου
421 1878 547 1914 ὀνομάζει
563 1880 577 1905 6
599 1878 689 1912 λόγος·
705 1877 801 1904 οὐκοῦν
814 1878 844 1904 τὸ
862 1877 911 1912 μὲν

124 1925 196 1958 εἶδος
211 1926 284 1962 ἑώρα
300 1926 402 1961 Κυρίου
414 1925 461 1952 καὶ
474 1924 523 1959 τὴν
539 1923 616 1957 δόξαν
631 1923 725 1956 αὐτοῦ,
742 1923 867 1958 οὐδαμῶς
882 1923 911 1950 δὲ

123 1973 206 2000 αὐτὸν
222 1973 266 1999 τὸν
282 1972 392 2008 Κύριον,
410 1971 455 1998 τόν
481 1979 510 1997 τε
536 1969 698 2005 λαλούμενον
722 1970 807 2004 Λόγον
829 1969 910 1996 αὐτοῦ

122 2019 173 2046 τοῦ
197 2019 313 2053 Κυρίου·
330 2018 386 2046 ἀλλ’
401 2018 475 2053 ὅμως
498 2017 542 2044 διὰ
563 2017 612 2052 τῆς
631 2016 745 2052 νεφέλης
768 2016 911 2046 λαλοῦντος

123 2065 235 2101 ήκουεν,
243 2065 283 2092 διὸ
295 2065 409 2100 εἴρηται·
425 2064 494 2091 (Καὶ
506 2063 634 2099 ἐλάλησεν
642 2062 743 2098 Κύριος
753 2063 820 2098 πρὸς
831 2063 911 2089 Μωῦ-

124 2111 176 2146 σῆν
193 2111 306 2142 ὲνὼπιος
320 2110 437 2145 ὲνωπίῳ.
451 2120 460 2135 ι
476 2110 513 2136 Οὺ
527 2109 579 2144 μὴν
595 2109 641 2135 καὶ
659 2108 735 2143 ὤφθη
752 2108 826 2143 αὐτῷ
843 2107 908 2134 ἐνώ-

123 2165 187 2188 πιος
200 2156 307 2192 ὲνωπίῳ
323 2156 483 2191 τετήρηται·
498 2155 575 2182 τοῦτο
591 2155 643 2190 γὰρ
660 2154 697 2186 ὡς
713 2154 816 2180 οὐδέπω
831 2160 910 2188 γεγο-

121 2203 169 2234 νὸς
184 2202 253 2234 ἀξιοί
268 2202 363 2236 λέγων’
383 2211 392 2227 ι
403 2201 564 2236 Ἐμφάνισόν
583 2210 627 2237 μοι
647 2199 769 2232 σεαυτὸν,
782 2199 910 2234 γνωστῶς

123 2247 173 2274 ἴδω
190 2256 230 2274 σε,
246 2258 255 2273 ι
271 2247 326 2274 Kal
349 2247 377 2273 ὲν
394 2246 478 2282 ἑτέρῳ
501 2246 529 2272 δὲ
551 2246 626 2280 τόπῳ
647 2245 767 2271 διδάσκει
792 2245 806 2271 ὁ
822 2243 909 2278 λόγος,

964 1009 1010 1032 tur
1025 1005 1050 1032 ei
1068 1004 1201 1033 Dominus
1222 1004 1291 1032 facie
1306 1005 1338 1032 ad
1355 1005 1464 1037 faciem,
1482 1009 1570 1032 tamen
1587 1013 1634 1040 per
1651 1005 1750 1033 nubem

964 1050 1131 1086 loquebatur
1154 1050 1190 1077 ei.
1219 1049 1275 1078 Hoc
1299 1050 1370 1077 enim
1400 1050 1570 1077 demonstrat
1596 1048 1751 1084 Scriptura,

964 1103 1027 1123 eum
1042 1095 1127 1124 dicit:
1147 1105 1156 1121 ι
1172 1095 1358 1124 Descendebat
1373 1095 1500 1122 columna
1517 1095 1598 1122 nubis
1618 1099 1644 1122 et
1661 1095 1752 1123 stabat

964 1143 997 1170 ad
1013 1143 1111 1170 ostium
1128 1143 1306 1174 tabernaculi,
1321 1146 1348 1169 et
1366 1142 1529 1177 loquebatur
1545 1141 1577 1168 ad
1592 1140 1723 1177 Moysem.
1739 1151 1748 1167 ι

963 1187 1034 1223 Ergo
1053 1195 1102 1222 per
1117 1188 1218 1215 nubem
1244 1187 1418 1222 loquebatur,
1442 1194 1498 1213 non
1511 1193 1576 1214 vero
1593 1187 1695 1221 pariter
1709 1187 1751 1213 vi-

964 1241 1011 1261 sus
1028 1238 1070 1262 est
1086 1234 1111 1261 ei
1136 1241 1168 1261 ac
1192 1233 1359 1265 Abraliamo,
1385 1232 1428 1260 vel
1446 1232 1551 1263 lsaaco,
1576 1232 1620 1259 vel
1638 1231 1751 1259 Jacobo.

964 1279 1018 1306 Illis
1036 1279 1110 1306 enim
1126 1278 1199 1306 nude
1214 1283 1240 1306 et
1256 1277 1401 1305 manifeste
1417 1277 1493 1303 nulla
1508 1276 1559 1303 sub
1575 1276 1661 1305 forma
1676 1276 1753 1303 visus

963 1329 1100 1356 narratur,
1111 1324 1175 1351 huic
1191 1332 1255 1351 vero
1268 1323 1321 1351 sub
1331 1323 1419 1350 forma
1432 1330 1514 1357 quam
1526 1323 1681 1354 retulimus,
1693 1321 1751 1349 for-

963 1378 1062 1405 maque
1077 1370 1168 1403 nubis,
1183 1378 1264 1405 quam
1287 1370 1404 1404 gloriam
1421 1368 1528 1395 Domini
1546 1368 1687 1407 Scriptura
1704 1375 1753 1395 vo-

964 1421 1019 1450 cat,
1034 1416 1129 1444 dicens
1145 1426 1151 1444 :
1170 1425 1179 1442 ι
1198 1416 1267 1446 Cum
1287 1420 1378 1443 autem
1403 1416 1561 1450 loqueretur
1586 1414 1693 1450 Moyses
1716 1414 1752 1441 ad

963 1469 1071 1490 omnem
1086 1467 1185 1490 costum
1202 1461 1319 1488 filiorum
1341 1460 1435 1492 Israel,
1462 1463 1641 1494 respexerunt
1657 1459 1691 1486 ad
1707 1466 1752 1486 so-

964 1508 1129 1535 litudinem:
1145 1512 1172 1535 et
1186 1515 1249 1534 ecce
1263 1507 1349 1542 gloria
1360 1505 1467 1532 Domini
1479 1504 1606 1540 apparuit
1618 1504 1645 1531 in
1659 1504 1731 1532 nube
1743 1513 1750 1532 :

963 1555 1070 1581 locutus
1086 1558 1127 1581 est
1136 1557 1225 1581 autem
1241 1553 1372 1580 Dominus
1390 1551 1422 1579 ad
1436 1551 1568 1586 Moysem,
1580 1551 1674 1578 dicens
1685 1550 1722 1583 l";
1740 1560 1749 1576 ›

963 1603 990 1627 et
1028 1606 1158 1627 rursus”:
1190 1609 1199 1625 ‹
1229 1598 1351 1633 Cumque
1383 1597 1553 1624 ascondisset
1590 1596 1697 1631 Moyses
1724 1596 1752 1623 in

961 1649 1092 1677 montem,
1109 1645 1216 1680 operuit
1231 1644 1317 1671 nubes
1332 1647 1464 1670 montem.
1482 1642 1514 1668 Et
1528 1641 1670 1669 descendit
1694 1642 1753 1676 glo-

962 1691 1002 1718 ria
1020 1689 1127 1717 Domini
1143 1697 1225 1725 super
1252 1694 1382 1720 montem,
1400 1691 1494 1722 tegens
1520 1687 1597 1714 illum
1613 1687 1685 1714 nube
1703 1694 1752 1714 sex

961 1738 1068 1765 diebus.
1087 1736 1120 1763 Et
1134 1736 1295 1770 loquebatur
1306 1734 1438 1761 Dominus
1452 1734 1485 1760 ad
1501 1732 1620 1768 Moysem
1635 1733 1751 1768 septimo

962 1785 1005 1812 die
1019 1784 1053 1811 de
1067 1782 1159 1811 medio
1179 1781 1315 1816 caliginis.
1334 1779 1398 1806 Erat
1418 1783 1509 1806 autem
1531 1779 1638 1813 species
1658 1778 1751 1813 gloria:

964 1831 1081 1862 Domini,
1098 1829 1176 1864 quasi
1195 1828 1266 1862 ignis
1292 1826 1391 1854 ardens
1410 1832 1493 1862 super
1518 1825 1649 1852 verticem
1672 1831 1750 1850 mon-

962 1877 997 1904 tis
1008 1877 1041 1903 ”.
1063 1885 1072 1901 ι
1090 1875 1188 1910 Aperte
1202 1876 1276 1908 patet
1289 1879 1323 1899 ex
1339 1872 1373 1899 iis
1388 1873 1477 1899 visum
1495 1871 1579 1898 fuisse
1594 1869 1680 1905 Moysi
1695 1876 1750 1896 non

961 1923 1050 1958 ipsum
1065 1920 1220 1951 Dominum,
1233 1919 1280 1946 sed
1295 1919 1414 1954 speciem
1426 1916 1543 1949 Domini,
1557 1915 1711 1950 nubemque
1723 1918 1750 1942 et

963 1969 1065 2003 ignem,
1078 1975 1137 2002 qua:
1152 1966 1258 1992 Domini
1271 1965 1384 2000 gloriam
1400 1971 1476 1992 sacer
1493 1970 1581 1990 sermo
1596 1965 1684 1988 vocat.
1699 1959 1749 1987 Vi-

961 2006 1042 2042 debat
1057 2014 1139 2049 igitur
1153 2012 1270 2048 speciem
1286 2010 1405 2043 Domini,
1422 2010 1536 2044 ejusque
1552 2007 1677 2043 gloriam,
1693 2006 1747 2033 mi-

961 2059 1036 2087 nime
1059 2063 1148 2086 autem
1175 2058 1264 2092 ipsum
1293 2055 1447 2086 Dominum,
1474 2053 1615 2089 ipsiusque
1640 2049 1749 2078 Domini

962 2107 1092 2139 Verbum,
1115 2105 1167 2133 sibi
1184 2104 1360 2132 collocutum.
1376 2101 1570 2129 Verumtamen
1587 2104 1634 2133 per
1649 2097 1748 2124 nubem

961 2162 1023 2182 eum
1047 2153 1203 2187 loquentem
1231 2149 1369 2179 audiebat,
1395 2147 1509 2181 ideoque
1532 2145 1654 2172 dicitur:
1680 2151 1690 2169 ί
1715 2141 1749 2168 Et

961 2201 1070 2228 locutus
1081 2201 1125 2226 est
1140 2197 1273 2224 Dominus
1296 2195 1329 2222 ad
1344 2194 1464 2229 Moysem
1477 2191 1546 2218 faeie
1561 2190 1595 2218 ad
1609 2189 1717 2218 faciem.
1737 2197 1746 2214 ι

962 2246 1021 2273 Non
1037 2248 1129 2272 autem
1142 2243 1167 2270 ei
1183 2240 1344 2277 apparuisse
1360 2239 1430 2266 facie
1442 2237 1476 2265 ad
1493 2236 1591 2264 faciem
1608 2234 1726 2262 refertur
1740 2241 1746 2247 ο

121 2293 165 2320 ὅτι
181 2293 214 2329 δή
232 2293 318 2328 στόμα
336 2292 423 2319 ἐλάλει
440 2280 514 2327 αύτῷ
534 2293 548 2319 6
563 2291 640 2324 Θεὸς,
653 2291 682 2318 οὑ
702 2290 755 2326 μὴν
775 2289 910 2324 καταλλή-

963 2291 1027 2319 illud
1057 2290 1128 2317 enim
1154 2288 1275 2315 nonduin
1307 2285 1439 2313 accidisse
1467 2285 1599 2310 memorat
1631 2280 1747 2307 dicens:

121 2341 178 2371 λως
195 2339 241 2366 καὶ
254 2340 367 2374 ἑωρᾶτο,
382 2339 438 2366 ἀλλ’
453 2339 482 2365 ὲν
498 2338 561 2365 εῐδει
576 2339 622 2364 καὶ
636 2337 680 2364 διὰ
694 2337 744 2372 τῆς
761 2336 909 2372 προαποδε-

121 2387 240 2422 δομένης
256 2386 334 2422 δόξης
348 2385 428 2412 αὐτοῦ
440 2393 447 2400 ·
462 2385 536 2419 λέγει
552 2385 581 2410 δὲ
596 2384 696 2415 οὕτως·
714 2393 723 2409 t
739 2383 794 2410 Kal
808 2382 908 2417 κατέϐη

122 2433 227 2469 Κύριος
252 2433 281 2458 ὲν
305 2432 392 2467 στύλῳ
410 2431 534 2465 νεφέλης,
549 2430 596 2457 καὶ
618 2429 681 2465 ἔστη
696 2429 742 2456 ἐπὶ
759 2429 809 2464 τῆς
828 2428 912 2464 θύρας

120 2480 173 2515 τῆς
197 2478 299 2513 σκηνῆς
321 2478 368 2504 τοῦ
386 2476 553 2513 μαρτυρίου’
570 2476 617 2502 καὶ
631 2475 785 2510 ἐκλήθησαν
805 2474 910 2509 Ἀαρὼν

121 2526 171 2552 καὶ
186 2525 312 2560 Μαριὰμ,
330 2525 377 2550 καὶ
392 2522 501 2558 ἐξῆλθον
517 2522 674 2557 ἀμφότεροι.
691 2521 745 2547 Καὶ
759 2518 832 2546 εἶπεν
842 2521 911 2556 πρὸς

120 2570 386 2603 αὺτούς-Ἀκούσατε
408 2570 439 2604 δὴ
462 2570 515 2595 τῶν
538 2568 623 2602 λόγων
643 2576 702 2603 μου’
724 2566 787 2593 Ἐὰν
800 2567 910 2602 γένηται

121 2618 268 2654 προφήτης
290 2617 366 2652 ὑμῶν
389 2616 427 2651 τῷ
447 2617 550 2651 Κυρίῳ,
567 2617 596 2642 ὲν
609 2616 725 2650 ὁράματι
748 2614 822 2649 αὺτῷ
842 2621 911 2648 γνω-

122 2664 270 2699 σθήσομαι,
288 2664 334 2690 καὶ
356 2664 384 2689 ὲν
407 2663 483 2698 ὕπνῳ
497 2662 606 2697 λαλήσω
621 2660 705 2696 αὐτῷ.
724 2660 780 2695 Οὐχ
796 2659 881 2691 οὓτως
895 2660 909 2685 6

122 2711 251 2746 Θεράπων
276 2718 325 2744 μου
346 2708 465 2743 Μωῦσῆς
479 2708 572 2739 πιστός
586 2708 658 2733 ἐστιν
676 2707 704 2733 ἐν
720 2706 772 2741 ὅλῳ
788 2705 827 2741 τῷ
843 2706 909 2740 οἴκῳ

123 2766 186 2793 μου.
208 2756 298 2791 Στόμα
322 2755 393 2782 κατὰ
415 2754 501 2789 στόμα
514 2754 624 2789 λαλήσω
639 2752 713 2788 αὑτῷ
729 2753 759 2778 ὲν
771 2752 846 2783 εῖδει,
863 2752 910 2778 καὶ

120 2804 152 2829 οὐ
171 2802 206 2829 δι’
221 2802 397 2838 αἰνιγμάτων,
415 2801 461 2827 καὶ
478 2800 527 2835 τὴν
548 2799 626 2832 δόξαν
643 2800 744 2835 Κυρίου
766 2797 846 2830 εἶδεν.
862 2799 908 2826 καὶ

120 2849 200 2876 διὰτί
215 2849 266 2875 οὐκ
281 2847 431 2883 messem
443 2845 626 2881 καταλαλῆσαι
637 2845 705 2872 κατὰ
721 2844 766 2871 τοῦ
775 2845 907 2881 ﬂagitav-

159 2926 183 2942 ¹⁴
203 2925 286 2953 Exod.
306 2933 365 2956 H‘l,
383 2925 428 2953 10.
467 2925 489 2941 "
510 2923 594 2953 Exod.
613 2932 684 2955 xm,
708 2923 747 2950 l5.

963 2348 972 2364 ‹
989 2336 1110 2365 Ostende
1125 2334 1192 2362 mihi
1207 2333 1305 2360 faciem
1318 2335 1403 2362 tuam,
1419 2333 1450 2356 ut
1462 2328 1548 2356 sciam
1566 2330 1602 2353 te.
1622 2335 1631 2351 ι
1653 2324 1683 2351 In
1695 2323 1749 2350 alio

961 2386 1022 2414 loco
1036 2384 1115 2411 docet
1130 2381 1272 2416 Scriptura
1294 2378 1367 2414 quod
1390 2385 1437 2404 ore
1454 2375 1564 2410 quidem
1587 2370 1747 2416 loquebatur

965 2431 989 2459 ei
1018 2430 1101 2459 Deus,
1117 2435 1172 2455 non
1194 2414 1291 2453 tamen
1317 2424 1421 2460 pariter
1444 2421 1600 2449 videbatur,
1624 2416 1671 2444 sed
1695 2414 1748 2460 sub

959 2476 1050 2511 specie
1058 2478 1095 2506 et,
1104 2476 1133 2500 ut
1143 2479 1224 2507 supra
1233 2459 1335 2498 dictum
1348 2472 1456 2502 est,per
1468 2465 1554 2500 ipsius
1565 2463 1690 2498 gloriam.
1701 2459 1747 2486 Sic

961 2509 1044 2558 Igitur
1057 2520 1124 2548 dicit
1139 2529 1145 2546 :
1166 2527 1175 2543 ι
1193 2514 1339 2544 Descendit
1363 2513 1494 2540 Dominus
1511 2511 1539 2538 in
1555 2509 1682 2536 columna
1696 2514 1748 2533 nu-

959 2555 1012 2600 bis,
1033 2572 1060 2595 et
1076 2565 1152 2594 stetit
1173 2565 1202 2591 in
1221 2562 1336 2590 introitu
1353 2557 1524 2587 tabernaculi
1539 2562 1640 2583 vocans
1655 2555 1748 2600 Aaron

959 2619 986 2643 et
1001 2597 1125 2641 liiariam.
1137 2610 1263 2644 Quicum
1279 2607 1422 2638 exiissem,
1439 2603 1507 2631 dixit
1523 2601 1556 2628 ad
1569 2608 1617 2627 eos
1630 2611 1636 2627 ;
1647 2597 1748 2625 Audite

961 2667 1103 2689 sermones
1125 2664 1201 2685 meos
1216 2666 1222 2683 :
1237 2655 1267 2682 Si
1287 2654 1348 2689 quis
1364 2650 1447 2678 fuerit
1462 2649 1533 2676 inter
1548 2654 1596 2674 vos
1615 2644 1747 2681 propheta

961 2706 1079 2740 Domini,
1104 2705 1133 2732 in
1149 2704 1254 2731 visione
1277 2698 1414 2736 apparebo
1428 2696 1464 2728 ei,
1482 2694 1524 2721 vel
1548 2700 1594 2728 per
1609 2689 1746 2740 somnium

960 2753 1057 2787 loquar
1072 2736 1107 2778 ad
1124 2749 1210 2776 illum.
1226 2747 1261 2774 At
1278 2753 1332 2773 non
1348 2743 1412 2770 talis
1421 2747 1521 2769 servus
1534 2745 1612 2766 meus
1626 2736 1744 2785 Moyses,

961 2781 1006 2834 qui
1024 2798 1051 2824 in
1064 2796 1136 2824 omni
1152 2795 1234 2822 domo
1255 2799 1314 2820 mea
1337 2788 1511 2817 fidelissimus
1525 2789 1587 2813 est:
1604 2790 1658 2834 Iore
1671 2781 1743 2834 enini

961 2829 993 2871 ad
1008 2852 1037 2871 os
1055 2843 1150 2877 loquor
1165 2841 1189 2869 ei
1204 2850 1210 2867 :
1228 2843 1254 2867 et
1270 2837 1370 2873 palam,
1386 2838 1413 2862 et
1429 2840 1483 2860 non
1499 2839 1546 2868 per
1560 2830 1704 2865 aenigmata
1719 2829 1746 2853 et
