2037 3215
312 191 381 219 10ῧῦ

680 187 813 216 EUSEBII
833 187 1071 215 CIESAlllENSlS
1091 187 1164 214 ΟΡΡ.
1187 186 1579 214 Ρ.ὶ1ἰ8111.-ΕΧΕ(ΖΙΞΤΙΟᾹ.

1857 186 1913 212 1066

311 256 337 277 et
351 251 450 285 figuras
466 248 608 275 Dominum
620 247 704 274 videt.
717 247 808 280 Quare
819 255 884 282 ergo
896 255 949 274 non
964 247 1090 275 timuistis

1145 248 1191 279 τός
1206 256 1256 282 μου
1266 248 1401 279 Μωῦσέως
1413 249 1503 284 ;ι“Ἀρ’
1512 246 1558 274 οὖν
1571 248 1618 283 τὴν
1625 247 1701 280 δόξαν
1714 247 1762 282 μὲν
1771 246 1871 282 Κυρίου
1883 244 1914 271 εἷ-

311 293 453 325 Uctraliere
469 303 547 322 serto
563 302 623 321 meo
646 293 732 329 Moysi
741 294 782 320 ἐἳ
801 303 809 319 ι
823 293 893 329 Ergo
911 294 1025 329 gloriam
1035 294 1095 328 qui-

311 344 372 370 (lem
390 340 496 368 Domini
510 340 587 372 vidit,
601 344 630 366 et
646 340 697 367 sub
713 340 803 375 specie
827 347 856 366 se
873 339 898 366 ei
920 338 1095 366 manifestan-

310 395 375 421 tem,
390 392 417 415 ct
433 396 480 415 ore
506 388 539 414 ad
553 395 584 415 os
608 388 763 422 loquentem
787 386 900 419 audivit,
925 393 980 413 non
1004 390 1094 415 tamen

311 435 399 468 ipsum
425 441 546 468 unquam
574 433 731 465 Dominum,
747 433 819 460 sicut
841 432 965 467 patribus
981 431 1095 459 manife-

309 484 399 507 status
424 484 476 510 est,
498 479 650 513 conspexit.
671 478 705 505 Et
728 486 782 505 non
799 478 896 505 mirum
918 477 990 512 quod
1009 477 1095 513 Moysi

306 533 357 552 ore
373 525 406 551 ad
423 533 453 552 os
469 525 628 559 colloquens
647 524 786 551 inducitur
800 523 884 555 Deus,
897 531 958 551 cum
973 528 1000 551 et
1020 523 1094 550 omni

310 571 411 606 populo
433 571 501 598 facie
526 570 561 597 ad
586 570 683 597 faciem
708 570 797 604 ipsum
822 570 942 596 locutum
968 570 1052 597 fuisse.
1066 569 1094 596 in

311 616 521 644 Deuteronomio
533 615 613 642 docet
629 615 734 650 Moyses
749 615 843 641 dicens
857 625 863 641 :
885 614 963 642 «Non
975 622 1037 642 cum
1050 622 1095 649 pa-

312 664 398 691 tribus
411 664 513 690 nostris
527 663 588 689 iniit
602 667 710 696 pactum
726 661 866 693 Dominus,
880 662 927 689 sed
940 662 1092 691 nobiscum.

309 709 355 744 qui
375 709 402 735 in
419 709 626 743 praesentiarum
650 715 746 735 sumus
760 712 787 734 et
806 708 933 734 vivimus.
959 706 1038 734 Facie
1060 707 1093 734 ad

309 755 406 782 faciem
418 755 524 782 locutus
535 758 576 781 est
590 754 669 780 nobis
681 754 707 780 in
717 757 809 780 monte
819 753 852 780 de
862 753 950 780 medio
961 754 1069 788 ignis".
1081 763 1090 778 ι

311 802 343 828 At
356 802 379 828 si
394 801 446 828 hoc
462 800 542 827 modo
557 799 640 835 Moysi
657 803 684 826 et
699 799 773 826 omni
789 799 889 833 populo
904 798 1093 826 manifestatus

310 851 364 879 est,
383 846 568 873 animadverte
581 846 657 876 illud,
672 845 778 872 scilicet
791 845 862 879 quod
890 845 995 872 locutus
1009 844 1094 872 fuisse

309 894 349 920 eis
360 901 406 919 ore
416 892 450 919 ad
462 900 494 919 os
505 896 531 919 et
547 891 614 918 facie
623 891 656 918 ad
670 891 765 918 faciem
776 890 886 924 dicitur,
894 898 948 917 non
960 894 1048 917 tamen
1060 891 1093 918 iis

1145 293 1188 319 δεν
1203 294 1249 320 καὶ
1262 294 1292 320 ἐν
1306 293 1369 320 εἴδει
1389 294 1463 330 αὐτῷ
1477 295 1696 330 χρηματίζοντος,
1711 293 1798 328 στόμα
1812 301 1842 318 τε
1855 292 1916 318 κατὰ

1147 339 1232 374 στόμα
1245 339 1387 372 λαλοῦντος
1401 340 1526 376 ἧκουσεν,
1540 340 1571 366 οὐ
1585 340 1638 375 μὴν
1654 340 1700 366 καὶ
1722 339 1801 365 αὐτόν
1824 347 1864 364 πω
1878 337 1918 364 τὸν

1145 385 1246 420 Κύριον
1261 386 1360 421 ὁμοίως
1377 388 1433 418 τοῖς
1452 386 1584 422 πατράσιν
1604 386 1728 421 ἑωράκει.
1745 385 1800 412 Καὶ
1813 385 1843 410 οὑ
1859 383 1918 410 θαυ-

1147 431 1246 466 μαστόν
1262 440 1293 466 γε
1310 433 1334 458 εἱ
1354 433 1393 468 τῷ
1408 434 1518 460 Μωῡσεῖ
1529 433 1614 467 στόμα
1639 431 1709 458 κατὰ
1732 432 1818 466 στόμα
1841 431 1918 457 λαλῶν

1145 477 1351 512 ἀναγέγραπται
1365 478 1379 504 ὁ
1390 475 1464 509 Θεὸς,
1478 479 1558 504 ὁπότε
1575 479 1620 504 καὶ
1632 477 1670 513 τῷ
1685 478 1765 504 παντὶ
1778 477 1835 511 λαῷ
1849 477 1919 512 πρόσ-

1144 529 1217 546 ωπον
1231 521 1299 556 πρὸς
1315 522 1458 557 πρόσωπον
1473 522 1647 558 λελαληκέναι
1664 522 1743 548 αὑτὸν
1757 523 1785 548 ἐν
1799 524 1918 557 Δευτερο-

1145 565 1229 601 νομίῳ
1243 565 1362 593 διδάσκει
1376 568 1390 593 6
1404 567 1522 602 Μωῦσῆς
1534 567 1627 601 λέγων’
1640 576 1648 592 ι
1665 567 1732 602 Οὐχὶ
1748 568 1805 598 τοῖς
1822 567 1919 602 πατρα-

1145 619 1186 637 σιν
1202 611 1277 646 ὑμῶν
1289 611 1390 638 διέθετο
1403 611 1504 648 Κύριος
1522 613 1571 647 τὴν
1584 612 1718 647 Διαθήκην
1731 612 1842 647 ταύτην,
1858 612 1919 638 ἀλλὰ

1145 657 1212 692 πρὸς
1226 657 1297 692 ὑμᾶς
1307 666 1313 672 ⁸
1331 658 1409 693 ὑμεῖς
1418 658 1495 684 αὐτοὶ
1506 655 1556 685 ὧδε
1571 659 1688 693 σήμερον
1702 657 1802 689 πάντες
1818 657 1917 690 ζῶντες.

1144 703 1291 738 Πρόσωπον
1317 704 1387 730 κατὰ
1412 705 1555 740 πρόσωπον
1580 704 1707 740 ἐλάλησεν
1733 705 1834 739 Κύριος
1859 705 1920 739 πρὸς

1146 749 1216 784 ὑμᾶς
1232 751 1260 776 ἐν
1275 749 1314 784 τῷ
1328 751 1385 786 ὄρει
1404 752 1435 777 ὲκ
1446 751 1532 786 ’μέσου
1548 750 1594 776 τοῦ
1609 751 1703 786 πυρός.
1720 760 1728 775 ι
1752 750 1826 785 Πλὴν
1842 751 1864 776 εί
1877 751 1920 776 καὶ

1144 795 1181 831 τῷ
1194 797 1304 823 Μωῦσεῖ
1318 797 1366 823 καὶ
1378 797 1415 832 τῷ
1430 797 1509 823 παντὶ
1520 796 1576 831 λαῷ
1590 796 1682 823 τοῦτον
1693 795 1873 831 ἐχρημάτιζεν
1879 797 1920 821 τὸν

1144 842 1253 877 τρόπον,
1267 842 1324 868 ἀλλ’
1341 842 1393 877 ὅρα
1407 843 1448 869 ὅτι
1463 842 1635 878 λελαληκὼαι
1655 842 1703 877 μὲν
1726 842 1819 873 αὐτοῖς
1841 843 1921 877 στόμα

1145 889 1214 915 κατὰ
1236 889 1322 924 στόμα
1338 889 1385 916 καὶ
1401 889 1544 924 πρόσωπον
1564 889 1631 922 πρὸς
1647 889 1789 924 πρόσωπον
1811 888 1920 923 εἴρηται,

309 940 385 966 visus
394 938 453 965 sine
466 939 527 973 igne
540 938 581 965 vel
594 938 708 968 nube,ut
722 937 854 972 patribus.
864 936 939 963 Nude
947 936 1019 963 enim
1036 936 1090 963 illis

1144 934 1175 959 οὐ
1203 933 1254 968 μὴν
1278 934 1324 960 καὶ
1347 934 1410 960 ἄνευ
1431 933 1476 960 τοῦ
1499 934 1584 969 πυρὸς
1599 933 1615 968 ἢ
1631 933 1679 968 τῆς
1694 933 1808 967 νεφέλης
1828 934 1921 967 ὁμοίως

309 988 336 1010 ct
344 985 402 1010 sine
411 983 491 1010 nubis
507 983 547 1010 vel
557 983 626 1019 ignis
634 983 751 1017 tegmine
759 982 888 1010 Dominus
896 987 1023 1009 narratur
1033 989 1094 1009 esse

309 1025 481 1052 \‘isus.Dcum
493 1025 574 1060 igitur
587 1026 678 1052 videre
688 1025 869 1059 perfectorum
879 1028 905 1052 et
914 1029 1003 1052 mente
1011 1032 1092 1060 quam

310 1071 427 1098 maxime
446 1071 638 1098 mundatorum
654 1071 793 1106 proprium
806 1079 866 1098 esse
877 1070 956 1098 docet
970 1070 1094 1098 Salvator

307 1121 334 1144 ct
348 1117 480 1144 Dominus
497 1121 590 1144 noster
607 1127 613 1144 :
635 1127 644 1142 ι
664 1117 751 1149 Beati,
766 1117 866 1151 inquit,
890 1116 985 1144 mundi
999 1117 1091 1149 corde,

308 1165 437 1198 quoniam
455 1164 508 1198 ipsi
532 1163 617 1190 Deum
644 1163 774 1190 videbunt
791 1163 823 1190 “.
841 1173 850 1188 ι
875 1163 990 1198 Ideoque
1014 1163 1092 1198 quasi

309 1211 406 1236 horum
422 1209 507 1236 Deum
523 1217 553 1237 se
572 1209 706 1236 Dominus
734 1209 846 1240 indicat,
863 1209 896 1236 ad
917 1209 1037 1244 Moysem
1051 1209 1093 1236 di-

308 1263 399 1282 cens:
424 1265 432 1280 ι
459 1255 522 1282 Hazc
542 1255 618 1282 dices
644 1255 706 1283 filiis
739 1255 820 1282 lsrael
838 1265 845 1282 :
863 1255 992 1282 Dominus
1022 1255 1092 1282 Deus

307 1305 415 1336 patrum
436 1306 600 1333 vestrorum,
618 1301 690 1329 Deus
715 1301 862 1333 Abraham,
878 1300 948 1328 Deus
972 1301 1047 1328 Isaac
1066 1305 1092 1327 et

308 1346 382 1374 Deus
398 1346 483 1373 Jacob
499 1346 632 1374 misit.lne
648 1346 681 1373 ad
695 1355 743 1373 vos
757 1356 763 1373 ε
780 1347 831 1373 bos
847 1354 946 1373 nomen
965 1346 1030 1373 mihi
1050 1350 1092 1373 est

308 1393 336 1419 in
350 1396 491 1424 :cternum,
510 1397 537 1418 et
550 1392 768 1419 bocmemoriale
784 1399 872 1419 meum
892 1392 920 1419 in
939 1393 1091 1427 generatio-

308 1445 371 1465 nem
384 1441 410 1464 et
422 1438 624 1472 generationem
641 1439 675 1466 ’°.
691 1447 701 1463 ι
716 1437 871 1465 Αἰηιυιιιιυε
882 1438 963 1473 igitur
975 1438 1091 1473 majores

307 1483 429 1518 gratias,
454 1483 607 1517 similisque
631 1484 828 1519 cupidissimus
853 1483 954 1512 favoris
985 1483 1091 1520 Moyses

308 1528 453 1554 Dominum
471 1527 514 1555 bis
532 1532 659 1562 precatur
673 1529 765 1556 verbis
781 1538 789 1555 :
809 1537 818 1554 ι
839 1529 958 1557 Ostende
971 1530 1037 1556 mihi
1052 1531 1091 1557 fa-

306 1571 375 1599 ciem
393 1576 481 1604 tuam,
500 1576 529 1598 ιιι
548 1572 632 1599 sciam
653 1577 689 1600 te.
709 1583 718 1598 ι
739 1573 796 1600 Sibi
813 1574 885 1601 enim
902 1574 991 1601 animo
1008 1574 1091 1610 finge-

307 1618 353 1644 bat
368 1617 532 1644 manifestati
551 1617 596 1645 Dei
615 1617 695 1645 Verbi
718 1619 943 1654 magnitudinem,
957 1624 984 1648 et
1005 1620 1088 1647 subli—

306 1663 440 1695 mitatem,
456 1668 483 1690 et
507 1663 669 1691 ineffabilem
688 1665 911 1701 inacccssamque
935 1667 1090 1701 praecellen-

305 1709 383 1740 tiam,
400 1709 564 1744 videbatque
578 1710 665 1744 ipsius
689 1711 721 1737 ad
740 1718 769 1738 se
791 1711 1027 1740 manifestationes
1043 1721 1091 1748 per

305 1755 494 1783 ministrantes
512 1757 624 1791 angelos
639 1756 698 1785 fieri
716 1767 722 1784 :
737 1757 798 1785 ideo
813 1758 969 1793 postulabat
987 1763 1016 1785 ut
1031 1766 1089 1786 ma-

305 1801 436 1829 nifestius
450 1806 477 1828 et
493 1802 665 1837 splendidius
687 1803 776 1839 ipsum
791 1804 844 1831 sibi
863 1805 1037 1832 manifestum
1051 1805 1090 1832 ef-

305 1846 410 1878 ﬁceret,
422 1855 477 1874 non
490 1847 546 1882 jam
560 1848 611 1875 sub
625 1848 798 1883 velamentis,
808 1857 858 1877 nec
875 1850 1007 1878 ministris
1016 1850 1088 1882 aliis,

306 1892 377 1920 nude
391 1896 481 1919 autem
494 1897 522 1920 et
538 1893 642 1928 pariter
657 1901 690 1921 ac
706 1894 872 1927 Abrahamo,
889 1895 948 1923 sine
963 1896 1033 1931 ignis
1048 1896 1090 1924 vel

306 1938 388 1965 nubis
404 1939 505 1973 specie.
536 1939 614 1972 Quod
635 1940 717 1975 igitur
743 1941 849 1968 videtur
874 1942 940 1969 mihi
970 1942 1090 1970 indicare

307 1983 450 2019 Scriptura
468 1986 564 2013 dicens
579 1996 585 2013 :
605 1995 614 2012 ι
635 1985 756 2015 Ostende
768 1987 834 2014 mihi
852 1987 949 2016 faciem
965 1992 1049 2021 tuam,
1061 1993 1090 2016 ut

304 2033 390 2060 sciam
407 2038 433 2060 te
444 2033 477 2061 ιθ.
489 2043 499 2060 ι
518 2033 586 2061 Cum
603 2035 754 2062 audivisset
770 2034 856 2062 Deum
867 2036 918 2062 sibi
932 2035 1067 2063 dicentem
1081 2046 1088 2063 :

305 2087 317 2103 ac
347 2078 417 2106 Ecce
439 2080 552 2114 angelus
576 2087 654 2108 meus
679 2081 813 2115 praecedet
842 2085 868 2108 te
905 2085 968 2108 ante
994 2082 1089 2109 faciem

302 2127 380 2150 tuam
395 2124 428 2156 ³¹,
449 2134 458 2150 ι
483 2125 643 2160 ampliorem
674 2126 777 2161 expetit
802 2120 929 2162 gratiam,
943 2127 1062 2162 dicitque
1081 2137 1087 2154 :

304 2179 318 2195 ι
331 2168 360 2196 Si
380 2178 434 2196 non
446 2174 475 2197 tu
491 2171 549 2206 ipse
571 2172 719 2207 praecedas,
739 2180 773 2200 ne
791 2173 893 2200 educas
911 2180 961 2200 nos
981 2173 1015 2200 de
1030 2174 1089 2201 loco

305 2215 359 2242 isto
367 2216 398 2242 ³¹.
407 2226 416 2242 ν
432 2216 576 2245 Annuente
589 2218 704 2246 Domino
718 2219 905 2254 postulationi,
922 2228 954 2247 ac
966 2220 1089 2250 dicente;

1145 981 1201 1011 τοῖς
1223 980 1356 1015 πατράσιν
1381 977 1470 1013 ὦφθαι
1492 980 1598 1011 αὐτοῖς·
1621 979 1730 1014 γυμνὼς
1747 979 1800 1014 γὰρ
1814 979 1921 1010 ἐκείνοις

1145 1025 1192 1051 καὶ
1213 1025 1276 1051 ἄνευ
1296 1025 1518 1060 ἐπικαλύμματος
1532 1025 1578 1052 τοῦ
1596 1025 1639 1052 διὰ
1655 1025 1768 1060 νεφέλης
1783 1026 1800 1060 ἢ
1815 1025 1897 1060 πυρὸς
1909 1026 1922 1051 ὁ

1145 1070 1245 1106 Κύριος
1265 1071 1356 1105 ὀφθεὶς
1377 1071 1589 1107 ἀναγέγραπται,
1607 1071 1721 1098 Τελείων
1738 1071 1803 1106 γοῦν
1818 1072 1866 1098 καὶ
1878 1072 1922 1106 τὴν

1144 1116 1260 1143 διάνοιαν
1281 1118 1320 1148 εἰς
1345 1117 1427 1152 ἄκρον
1450 1117 1659 1153 κεκαθαρμένων
1679 1118 1724 1144 καὶ
1739 1119 1753 1144 ὁ
1769 1118 1864 1154 Σωτὴρ
1880 1118 1922 1144 καὶ

1144 1162 1244 1198 Κύριος
1259 1163 1338 1198 ἡμῶν
1352 1163 1383 1190 τὸ
1397 1163 1442 1189 τὸν
1459 1163 1524 1190 Θεὸν
1540 1164 1605 1199 ὁρᾷν
1618 1161 1686 1190 εἴναι
1703 1164 1833 1190 διδάσκει“
1852 1165 1923 1191 «Μα-

1144 1208 1243 1243 κάριοι,
1255 1208 1351 1242 λέγων,
1365 1209 1388 1235 οι
1414 1208 1528 1244 καθαροὶ
1553 1209 1586 1244 τῇ
1607 1208 1715 1245 καρδίᾳ,
1731 1210 1772 1236 ὅτι
1790 1210 1866 1236 αὐτοὶ
1882 1211 1923 1236 τὸν

1143 1254 1207 1280 Θεὸν
1223 1253 1342 1288 ὄψονται.
1362 1264 1371 1280 ι
1389 1253 1434 1280 Διὸ
1456 1254 1502 1280 καὶ⁵
1525 1253 1562 1285 ὡς
1581 1254 1707 1280 τοιούτων
1720 1255 1734 1280 ὁ
1747 1255 1850 1290 Κύριος
1863 1256 1922 1282 Θεὸν

1143 1300 1237 1326 ἑαυτὸν
1261 1300 1429 1335 ἀναγορεύει,
1453 1299 1536 1334 λέγων
1555 1299 1623 1333 πρὸς
1645 1301 1780 1336 Μωῡσῆν·
1809 1311 1820 1325 ι
1836 1302 1924 1333 Οὕτως

1142 1345 1215 1380 ἐρεῖς
1228 1346 1284 1376 τοῖς
1300 1345 1366 1376 υἱοῖς
1387 1345 1503 1380 Ἰσραὴλ,
1520 1345 1620 1380 Κύριος
1634 1347 1648 1372 ὁ
1660 1345 1724 1377 Θεὸς
1736 1346 1791 1373 τῶν
1804 1347 1925 1382 πατέρ-*ειν

1144 1390 1230 1426 ὑμῶν,
1249 1390 1314 1422 Θεὸς
1328 1391 1462 1427 Ἀϐραὰμ,
1478 1393 1523 1418 καὶ
1534 1391 1600 1424 Θεὸς
1614 1392 1715 1424 Ἰσαὰκ,
1733 1393 1779 1419 καὶ
1794 1393 1862 1424 Θεὸς
1875 1394 1925 1419 ἰα-

1142 1436 1210 1468 κὼὸ,
1227 1437 1380 1463 ἀπέσταλκε
1409 1446 1442 1472 με
1469 1438 1536 1472 πρὸς
1557 1438 1628 1473 ὑμᾶς
1638 1447 1645 1453 ν
1660 1437 1738 1464 τοῦτό
1753 1439 1830 1465 ἐστιν
1845 1439 1926 1474 begs

1144 1492 1192 1519 μου
1211 1484 1328 1515 αἰώνιον,
1347 1485 1393 1512 καὶ
1412 1485 1580 1520 μνημόσυνον
1598 1485 1699 1519 γενεῶν
1713 1487 1831 1520 γενεαῖς.
1851 1496 1860 1511 ι
1876 1488 1926 1522 Ζη-

1141 1529 1194 1556 λῶν
1207 1529 1239 1565 δὴ
1254 1528 1299 1557 οὖν
1315 1530 1348 1556 τὰ
1359 1531 1514 1566 χαρίσματα
1528 1531 1562 1557 τὰ
1578 1531 1695 1566 μείζονα,
1710 1532 1819 1567 καὶτῆς
1835 1533 1927 1567 ὁμοίας

1141 1576 1254 1608 ἐκείνοις
1268 1576 1427 1612 ὀρεγόμενος
1441 1578 1455 1603 ὁ
1469 1576 1587 1611 Μωῡοῆς
1600 1579 1752 1613 προκοπῆς,
1760 1577 1833 1610 ἀξιοί
1844 1578 1927 1612 uno.

1141 1621 1186 1647 τὸν
1203 1621 1315 1657 Κύριον·
1328 1631 1337 1647 ι
1349 1622 1510 1657 Ἐμφάνισόν
1528 1621 1601 1658 (fail
1617 1623 1654 1658 v°)
1670 1631 1715 1658 μοι
1728 1623 1927 1658 σεαυτὺνητνω-

1142 1666 1211 1698 στῶς
1227 1666 1273 1692 ἴδω
1286 1675 1315 1692 σε
1325 1675 1331 1681 ·
1347 1677 1356 1692 ι
1365 1666 1528 1701 ὲφαντάζετο
1538 1668 1586 1703 μὲν
1593 1667 1646 1703 γὰρ
1656 1668 1873 1703 χρηματίζοντος
1886 1669 1928 1695 αὖ·

1141 1711 1180 1747 τῷ
1204 1712 1272 1738 Θεοῦ
1294 1712 1379 1746 Λόγου
1399 1713 1429 1739 τό
1452 1721 1481 1738 τε
1505 1713 1618 1748 μέγεθος
1632 1714 1678 1740 καὶ
1695 1714 1725 1740 τὸ
1741 1713 1809 1748 ὕψος
1821 1715 1870 1740 καὶ
1883 1716 1929 1750 τὴν

1140 1757 1243 1791 ἄφατον
1260 1757 1305 1784 καὶ
1319 1756 1462 1791 ἀνέφικτον
1479 1758 1623 1794 ὑπεροχὴν,
1641 1758 1713 1794 ἑώρα
1734 1759 1763 1785 δὲ
1783 1759 1823 1790 ὡς
1839 1760 1882 1785 ὃτι
1898 1760 1928 1786 δι’

1141 1803 1314 1839 ὑπηρετικῶν
1336 1804 1460 1838 ἀγγέλων
1476 1804 1526 1836 τὰς
1539 1804 1606 1840 πρὸς
1621 1805 1699 1831 αὐτὸν
1718 1805 1841 1831 ἐποιεῖτο
1865 1805 1928 1832 Θεω-

1141 1848 1218 1884 ρίας·
1244 1848 1282 1874 διὸ
1304 1848 1457 1884 παρακαλεῖ
1479 1849 1638 1884 τρανότερον
1663 1848 1710 1875 καὶ
1736 1849 1929 1885 καθαρώτερον

1141 1893 1259 1929 ἐμφῆναι
1279 1895 1373 1920 ἑαυτὸν
1397 1894 1480 1929 αὐτῷ,
1499 1895 1595 1930 μηκέτι
1614 1895 1662 1929 μὲν
1684 1894 1716 1921 δι’
1733 1895 1929 1930 ἑπικαλυμμά-

1140 1947 1205 1972 των,
1231 1939 1297 1975 μηδὲ
1313 1939 1365 1966 ὑπὸ
1377 1939 1504 1967 διακόνων
1519 1940 1628 1975 ἐτέρων,
1643 1940 1754 1975 γυμνῶς
1768 1940 1798 1966 δὲ
1812 1941 1864 1967 καὶ
1876 1942 1930 1972 τοῖς

1140 1986 1211 2020 ἀμφὶ
1224 1985 1269 2011 τὸν
1289 1985 1411 2021 Ἀϐραὰμ
1425 1985 1632 2021 παραπλησίως,
1646 1986 1708 2013 ἄνευ
1725 1985 1772 2013 τοῦ
1787 1986 1834 2013 διὰ
1846 1987 1929 2021 πυρὸς

1140 2031 1187 2058 καὶ
1199 2031 1312 2067 νεφέλης
1335 2031 1429 2063 εἴδους.
1444 2032 1529 2058 Τοῦτο
1554 2029 1618 2066 γοῦν
1637 2031 1709 2058 δοκεῖ
1723 2041 1768 2066 μοι
1784 2033 1929 2067 σημαίνειν

1140 2078 1157 2113 ἡ
1175 2077 1314 2112 φάσκουσα
1337 2078 1418 2111 λέξις·
1439 2078 1620 2113 ιἘμφάνισόν
1646 2086 1691 2113 μοι
1716 2079 1842 2110 σεαυτὸν,
1859 2087 1928 2112 γνω-

1142 2123 1211 2155 στῶς
1225 2124 1271 2150 ἴδω
1288 2132 1327 2150 σε.
1343 2134 1352 2149 ι
1375 2124 1467 2160 Ταύτῃ
1486 2124 1514 2150 δὲ
1536 2124 1583 2150 καὶ
1598 2123 1771 2160 προακούσας
1785 2125 1929 2161 εἰρηκότος

1140 2170 1214 2205 αὐτῷ
1234 2169 1281 2196 τοῦ
1296 2170 1397 2205 Κυρίου
1411 2171 1451 2196 τό·
1470 2179 1479 2195 ι
1491 2171 1556 2197 Ἰδοὺ
1573 2170 1685 2205 ἄγγελός
1702 2179 1753 2206 μου
1774 2172 1929 2206 προπορεύ-

1141 2225 1216 2243 σεται
1229 2216 1282 2251 πρὸ
1297 2215 1442 2251 προσώπου
1461 2225 1517 2248 σου,
1535 2226 1544 2242 ι
1561 2217 1788 2252 ὑποπαραιτείται
1804 2217 1855 2243 τοῦ
1874 2217 1929 2252 μεί-

308 2270 317 2286 ι
336 2260 454 2289 Verbum
472 2262 554 2294 istud,
570 2264 642 2298 quod
666 2265 774 2293 locutus
797 2274 826 2293 cs
844 2265 944 2293 faciam
957 2267 990 2298 ³³,
1012 2277 1020 2292 ι
1040 2267 1085 2295 Dei

1142 2263 1214 2296 ζονος
1228 2264 1396 2299 ὀρεγόμενος,
1412 2264 1458 2290 καί
1470 2272 1567 2299 φησιν·
1589 2273 1599 2289 ε
1613 2265 1644 2290 El
1657 2265 1693 2300 μὴ
1710 2264 1792 2296 αὐτὸς
1807 2265 1844 2290 σὺ
1863 2273 1930 2299 συμ-

305 2308 535 2342 magniﬂcentiam
550 2308 666 2344 benigne
682 2309 840 2344 dispositam
856 2312 1084 2343 animadverteris.

305 2362 365 2386 qua:
397 2358 425 2382 ct
451 2363 549 2390 magna
573 2357 747 2391 cupientibus
778 2358 894 2388 favebat.
918 2360 1043 2394 quamvis
1060 2368 1089 2387 se

306 2401 394 2435 ipsum
411 2401 575 2434 exinaniret,
594 2402 798 2437 majoribusque
820 2404 961 2439 indignum
990 2405 1088 2433 fatere-

305 2451 359 2477 tur,
374 2447 454 2473 aliam
477 2455 538 2481 qua:
561 2447 679 2482 priorem
695 2449 829 2483 compleat
853 2450 1028 2486 perficiatque
1042 2460 1087 2478 e\-

303 2491 372 2525 .pctit
397 2492 513 2526 gratiam
539 2491 634 2520 dicens
665 2503 671 2520 :
699 2503 709 2519 ι
739 2493 857 2522 Ostende
875 2496 941 2522 mibi
972 2496 1086 2531 gloriam

304 2541 379 2563 tuam
394 2537 426 2565 “.
442 2548 453 2564 ι
479 2538 550 2567 Deus
579 2543 669 2567 autem
701 2541 771 2568 votis
792 2541 852 2575 ejus
877 2549 1001 2569 annuens
1027 2542 1086 2568 ait:

305 2591 318 2607 ι
334 2581 389 2617 Ego
407 2584 558 2618 praecedam
576 2589 603 2612 te
624 2585 710 2620 gloria
734 2594 804 2617 mea,
819 2590 845 2613 et
873 2587 975 2613 vocabo
996 2587 1022 2614 in
1040 2596 1087 2613 no-

306 2629 379 2655 mine
407 2626 514 2657 Domini
541 2638 634 2658 coram
659 2632 732 2662 te“.
754 2642 763 2658 ι
781 2637 808 2659 et
824 2636 932 2660 camera.
961 2633 1088 2660 Ostendit

307 2674 390 2709 igitur
405 2675 535 2709 majorem
555 2684 616 2704 esse
628 2677 718 2711 priore
736 2685 785 2704 sua
800 2678 823 2704 ei
840 2678 1021 2712 apparitione.
1037 2678 1087 2704 Pa-

307 2719 363 2747 tris’
370 2719 472 2754 Deique
484 2722 604 2748 omnium
626 2723 779 2755 scientiam,
796 2731 876 2757 quam
890 2731 919 2750 se
931 2723 955 2750 ei
971 2725 1087 2750 traditu-

307 2772 368 2791 rum
384 2773 444 2794 esse
457 2767 611 2801 pollicetur,
627 2768 660 2794 de
678 2775 708 2795 se
729 2769 786 2802 ipso
808 2769 901 2796 dicens
918 2779 924 2796 :
947 2779 956 2794 ‹
981 2769 1085 2796 Prince-

342 2853 365 2868 "
383 2854 462 2891 Num.
481 2864 532 2885 xu.
551 2858 608 2886 5-8.
647 2860 668 2874 ²⁷
689 2859 765 2887 Deut.
785 2869 811 2891 γ,
828 2861 853 2887 5.

892 2862 914 2877 ¹³
934 2861 1028 2889 Matth.
1049 2871 1073 2891 ι·,
1093 2863 1120 2889 8.
1158 2863 1180 2879 ’³
1201 2861 1286 2890 Exod.
1306 2872 1345 2895 ιιι,
1365 2864 1407 2891 15.

312 2890 446 2921 ulmi?»
485 2891 506 2906 ³¹
527 2892 611 2919 Emd.
629 2901 733 2927 xxxm,
752 2895 796 2922 15.
835 2896 857 2912 ³³
877 2896 942 2923 ibid.
964 2897 1004 2924 Π.
1044 2898 1064 2914 ³³
1087 2899 1090 2923 l

1145 2898 1170 2924 d.
1191 2906 1294 2931 xxxul,

1140 2310 1254 2345 πορεύῃ,
1272 2311 1308 2345 μή
1326 2318 1358 2345 με
1373 2310 1512 2346 ἀναγάγῃς
1526 2309 1658 2337 ἐντεῦθεν·
1676 2320 1684 2336 ι
1704 2310 1772 2346 πρὸς
1786 2311 1840 2345 τὴν
1851 2311 1929 2342 ἀξίω-

1139 2364 1180 2381 σιν
1197 2356 1387 2387 ἐπινεύσαντος
1397 2355 1442 2382 τοῦ
1457 2356 1559 2391 Κυρίου
1569 2356 1616 2383 καὶ
1625 2357 1770 2392 φήσαντος,
1789 2367 1798 2382 ι
1815 2359 1874 2385 Καὶ
1886 2359 1931 2384 τόν

1137 2401 1214 2435 λόγον
1239 2409 1285 2427 σου
1309 2401 1412 2432 τοῦτον,
1426 2401 1455 2427 ὃν
1468 2401 1591 2437 εἴρηκας,
1609 2404 1723 2438 ποιήσω,
1737 2413 1745 2428 ι
1767 2403 1799 2429 τὸ
1822 2404 1931 2439 ἕτοιμον

1141 2445 1252 2472 συνιδὼν
1265 2447 1314 2481 τῆς
1330 2446 1403 2478 θείας
1418 2447 1630 2482 μεγαλώωρεᾶς,
1646 2447 1799 2484 φθανούσης
1820 2449 1875 2484 τῆς
1890 2450 1924 2475 εὖ

1140 2494 1265 2528 εργεσίας
1278 2494 1340 2525 τοὺς
1357 2494 1481 2529 μεγάλων
1495 2495 1683 2530 ὀρεγομένους,
1698 2493 1758 2522 εἶτα
1775 2496 1932 2532 σμικρύνας

1141 2539 1245 2571 ἑαυτὸν,
1262 2540 1307 2566 καὶ
1319 2540 1356 2571 ὠς
1372 2541 1408 2575 μὴ
1422 2541 1495 2573 ἄξιόν
1509 2550 1553 2568 πω
1567 2542 1621 2568 τῶν
1635 2541 1765 2577 μειζόνων
1779 2543 1932 2578 λογισάμε-

1139 2595 1195 2619 νος,
1207 2586 1303 2621 ἑτέραν
1317 2586 1354 2618 ὡς
1371 2587 1399 2612 ἐν
1415 2587 1554 2623 συγκρίσει
1568 2589 1617 2624 τῆς
1633 2589 1771 2624 προτέρας
1785 2590 1934 2616 ἐνδέουσαν

1140 2632 1251 2665 ἀξίωσιν
1263 2632 1399 2668 προτείνει
1411 2632 1507 2667 λέγων,
1522 2643 1531 2658 ι
1543 2634 1631 2666 Δεῑξόν
1644 2643 1688 2669 μοι
1696 2636 1746 2670 τὴν
1757 2635 1840 2669 δόξαν
1855 2645 1917 2666 σου,
1925 2646 1932 2659 ι

1141 2678 1253 2714 πληρῶν
1270 2679 1298 2705 δὲ
1312 2678 1395 2705 αὐτοῦ
1413 2679 1458 2705 τὸν
1474 2679 1552 2713 λόγον
1566 2681 1579 2706 ὁ
1594 2681 1713 2716 Κύριος,
1738 2691 1747 2707 ι
1767 2682 1842 2716 Ἐγὼ
1861 2691 1935 2717 πταρ-

1139 2725 1284 2761 ελεύσομαι
1301 2726 1432 2761 πρότερός
1446 2734 1491 2752 σου
1504 2728 1537 2762 τῇ
1550 2727 1612 2762 δόξῃ
1627 2736 1676 2762 μου
1687 2737 1693 2742 ·
1710 2729 1758 2755 καὶ
1773 2730 1887 2756 καλέσω
1909 2730 1937 2755 ἐν

1139 2771 1250 2807 ὀνόματι
1264 2771 1366 2807 Κυρίου
1389 2771 1509 2798 ἐναντίον
1537 2781 1593 2805 σου,
1610 2783 1619 2798 ι
1644 2774 1691 2800 καὶ
1711 2775 1746 2802 τὰ
1763 2775 1846 2811 ἑξῆς”
1863 2776 1939 2802 arar

1445 2865 1467 2879 ³⁰
1490 2865 1574 2891 Exod.
1596 2874 1691 2897 xui”,
1716 2867 1757 2894 l3.
1799 2869 1819 2883 ³¹
1846 2868 1936 2894 [τηε.

1399 2900 1419 2915 ³⁵
1440 2900 1506 2928 ibid.
1530 2902 1570 2927 lt).
