2037 3215
175 212 244 240 1055

701 212 847 242 Εοιοορρ]
867 212 1108 242 ΡΒΟΡΗΕΤΙΕᾹΞ.
1127 226 1162 235 ·-
1182 214 1246 243 LIB.
1263 215 1284 245 Ῑ.

1727 221 1794 248 ιοεσ

172 283 246 301 σχων
260 275 343 311 ὄτι⁴δὴ
361 275 449 311 πάσης
465 274 565 311 μείζων
588 275 638 310 τῆς
658 276 789 312 πρότερον
808 275 881 310 αύτῷ
894 275 957 301 θεωα

1011 276 1073 302 dam
1090 283 1115 305 te
1124 278 1209 313 gloria
1221 286 1290 309 mea.
1305 289 1313 304 ι
1330 283 1357 306 et
1373 279 1406 307 de
1423 278 1511 306 Patris
1526 279 1567 308 sui
1583 279 1717 312 doctrina,
1734 291 1742 306 ι
1763 281 1795 309 Et

172 321 308 358 ρουμένης
324 322 454 354 ὀπτασίας
469 323 484 357 ἡ
502 322 548 348 τοῦ
562 322 666 358 Πατρός
679 323 726 348 καὶ
743 321 808 348 Θεοῦ
824 321 877 348 τῶν
891 322 959 348 ὅλων

171 370 301 404 τυγχάνει
315 370 423 404 γνῶσις,
437 371 470 406 ἢν
481 371 527 397 καὶ
541 370 712 406 παραδώσειν
731 369 806 405 αὑτῷ
821 368 958 405 ὑπισχνεῖ-

172 424 229 447 ται,
246 416 310 452 περὶ
327 416 375 451 μὲν
390 416 484 443 ἑαυτοῦ
497 416 592 451 λέγων,
614 426 622 442 ι
639 416 844 452 Παρελεύσομαι
861 415 958 451 πρότε-

174 462 220 497 ρός
238 471 283 489 σου
301 464 333 498 τῇ
351 463 414 500 δόξῃ
433 472 493 498 μου.
510 473 518 489 ι
536 464 603 499 Περὶ
616 463 643 490 δὲ
658 463 708 498 τῆς
722 463 768 490 τοῦ
783 462 889 498 Πατρὸς
911 471 960 497 μυ-

173 509 329 544 σταγωγίας
337 510 377 540 τὸ,
390 519 398 535 ι
410 510 456 536 καὶ
468 509 573 536 καλέσω
581 511 609 536 ἐν
622 509 732 545 ὀνόματι
742 509 853 544 Κυρίου’
861 519 870 535 ι
882 507 958 535 ποίου

171 554 227 590 γὰρ
236 555 348 590 Κυρίου,
365 555 445 587 αὐτὸς
457 555 494 582 ὢν
502 556 516 582 ὁ
525 555 567 582 διὰ
581 555 628 582 τοῦ
644 556 854 591 τετραγράμμου
866 554 960 591 δηλού-

172 609 252 635 μενος
267 601 378 637 Κύριος,
396 603 419 628 εὶ
437 601 473 637 μὴ
489 601 542 637 ἄρα
554 602 600 628 τοῦ
610 601 716 636 Πατρδς
731 601 855 629 καλέσειν
872 602 958 636 ἑπαγ-

170 645 294 679 γὲλλεται
305 654 312 678 ;
330 647 385 673 Καὶ
400 646 507 681 ἀληθῶς
518 654 550 680 γε
561 648 584 673 εἰ
597 647 634 683 μὴ
646 646 742 674 διέλθοι
755 647 815 674 τινὰ
828 647 959 683 πρότερον

168 691 185 718 ὁ
197 692 243 719 τοῦ
257 692 323 718 Θεοῦ
336 693 432 727 Λόγος,
446 694 492 720 καὶ
512 694 535 720 ει
557 693 594 728 μὴ
610 693 690 724 αὐτὸς
706 693 899 720 ἀνακαλέσοιτο
913 694 959 721 τὸν

169 739 289 776 Πατέρα,
306 739 360 766 οὐδ’
380 740 466 771 άλλως
491 739 601 767 δυνατὸν
624 739 674 775 τὴν
705 739 752 766 τοῦ
778 739 883 777 Πατρὸς
905 740 958 767 τῶν

169 785 240 812 ὅλων
254 785 397 812 ἀναλαϐεῖν
421 785 537 820 γνῶσιν-
558 795 566 811 ι
591 786 652 812 ἐπεὶ
674 785 734 821 μηδ’
759 784 799 818 εἷς
821 786 890 819 ἔγνω
912 787 957 812 τὸν

170 829 280 866 Πατέρα
296 832 321 857 εί
338 830 374 866 μὴ
389 832 402 857 ό
418 830 490 862 Υἱὸς,
508 831 553 857 καὶ
566 827 588 864 ᾧ
602 830 634 858 ἂν
650 832 664 858 ὁ
683 831 744 862 Υἱὸς
757 830 930 868 ἀποκαλύψῃ.
946 841 955 856 ›

169 875 255 906 Αὐτὸς
268 875 333 909 γοῦν
350 877 421 902 ἐστιν
438 877 454 911 ἡ
469 875 538 911 θύρα
548 875 622 910 καὶὴ
636 875 694 907 ὁδὸς
709 875 742 901 δι’
752 871 782 901 οὗ
795 875 873 910 μόνου
884 874 958 901 ἐστιν

171 922 235 948 ἰδεῖν
251 921 295 948 τὸν
309 921 436 948 ἐπέκεινα
451 922 497 948 καὶ
513 921 642 948 ἀνωτάτω
656 921 709 947 τῶν
725 921 792 948 ὅλων
804 922 899 953 αἴτιον,
910 922 958 948 αὺ-

168 967 214 994 τὸν
228 969 272 994 τὸν
287 967 396 1003 Πατέρα
406 976 412 982 ·
427 968 450 993 εἰ
462 967 515 1003 γὰρ
531 967 578 994 καί
592 967 626 994 τὰ
638 967 753 1002 μάλιστα
766 964 810 994 οἷά
822 976 863 999 τις
876 966 957 994 αὐτοῦ

169 1014 323 1051 πρόδρομος
335 1013 516 1050 προεπιδημεῖ
530 1015 590 1045 ταῖς
606 1013 660 1040 τῶν
673 1013 814 1050 μακαρίων
829 1014 928 1049 ψυχαῖς
944 1014 958 1039 ὀ

169 1060 242 1092 θεῖος
258 1060 353 1094 Λόγος,
365 1060 413 1096 τῆς
430 1060 495 1091 ἰδίας
509 1059 587 1095 δόξης
602 1059 757 1094 μεταδιδοὺς
780 1060 886 1091 αὑταῖς,
901 1059 957 1086 ἀλλ’

168 1106 218 1142 οὐχ
233 1106 338 1133 ἵσταταί
352 1115 383 1140 γε
400 1106 439 1137 εἰς
453 1105 527 1137 τέλος
540 1105 575 1131 τὰ
586 1105 636 1141 τῆς
653 1105 796 1138 αὐθεντίας
811 1107 850 1138 εἰς
864 1105 959 1133 ἑαυτὸν

169 1151 378 1187 ἀναλαμϐάνων,
397 1152 662 1188 προπαρασκευάσας
676 1153 704 1179 δὲ
717 1152 764 1179 καὶ
780 1152 958 1188 προευτρεπίι

170 1205 221 1227 σας
242 1197 290 1232 τὴν
309 1197 402 1231 μονὴν,
419 1197 556 1232 ὑποχωρεί
576 1196 622 1223 καὶ
648 1196 884 1233 μεταπαραὸίδωσι
909 1197 958 1232 τὴν

170 1241 309 1277 βασιλείαν
323 1241 361 1277 τῷ
375 1241 434 1277 Θεῷ
444 1242 490 1268 καὶ
502 1242 598 1278 Πατρί.
608 1242 693 1269 Τοῦτο
703 1243 730 1269 δὲ
742 1242 789 1268 καὶ
802 1242 882 1274 αὐτὸς
892 1244 958 1278 ὁμο·

169 1289 246 1322 λογεῖ
262 1288 384 1322 φάσκων,
405 1298 413 1313 ι
426 1287 495 1322 Ἐγὼ
507 1288 708 1324 παρελεύσομαι
722 1288 852 1324 πρότερός
867 1297 912 1315 σου
924 1289 957 1324 τῇ

167 1333 232 1368 δόξῃ
252 1341 312 1367 μου,
331 1333 377 1359 καὶ
392 1332 498 1360 καλέσω
517 1334 546 1360 ἐν
563 1333 674 1368 ὀνόματι
689 1333 801 1368 Κυρίου.
817 1343 825 1358 ι
840 1331 895 1360 Νῦν
911 1333 959 1369 μὲν

168 1376 216 1405 οὖν
226 1378 296 1413 λόγῳ
308 1377 386 1405 τοῦτο
397 1378 510 1414 πράξειν
525 1379 722 1413 ἐπαγγέλλεται
731 1387 738 1393 ι
755 1377 817 1414 ἑξῆς
830 1378 859 1405 δὲ
871 1379 917 1406 καὶ
928 1378 959 1406 τὸ

170 1425 251 1462 ἔργον
269 1426 365 1460 ἐπάγει
381 1425 444 1452 ἔνθα
459 1425 574 1462 εἴρηται,
593 1435 601 1451 ι
614 1426 668 1453 Καὶ
690 1425 790 1461 κατέϐη
807 1425 907 1462 Κύριος
930 1427 959 1453 ὲν

169 1471 280 1507 νεφέλῃ,
295 1471 342 1498 καὶ
355 1471 476 1506 παρέστη
488 1471 562 1506 αὑτῷ
577 1471 634 1497 ἐκεῖ
643 1479 650 1485 ·
665 1470 711 1497 καὶ
724 1470 852 1498 ἐκάλεσεν
866 1471 895 1497 ὲν
906 1470 961 1497 ὀνό-

170 1526 237 1554 ματι
255 1517 366 1553 Κυρίου.
385 1517 440 1544 Καὶ
463 1516 599 1552 παρῆλθεν
616 1516 716 1552 Κύριος
736 1515 788 1551 πρὸ
812 1515 958 1551 προσώπου

169 1563 254 1591 αὑτοῦ
269 1564 315 1590 καὶ
330 1563 452 1595 ἐκάλεσε,
464 1562 684 1599 ΚύριοςγΚύριος
697 1563 712 1589 ὁ
722 1561 787 1594 Θεὸς
798 1562 957 1597 οἰκτίρμων,

1010 323 1112 351 vocabo
1129 325 1156 351 in
1170 325 1280 352 nomine
1297 324 1402 352 Dnmini
1416 333 1507 352 coram
1529 330 1565 353 te.
1580 337 1588 352 ι
1603 325 1688 359 Quem
1703 331 1794 355 autem

1011 368 1166 402 Dominum,
1184 378 1246 397 cum
1275 370 1311 398 sit
1339 371 1397 407 ipse
1422 370 1552 399 Dominus
1572 376 1793 407 tetragrammato

1010 416 1179 451 designatus,
1196 416 1247 444 nisi
1265 415 1372 444 Patrem
1389 424 1469 444 suum
1491 423 1650 444 vocaturum
1664 426 1725 446 esse
1746 419 1793 447 de—

1010 461 1276 490 nuntiat?Profecto
1302 464 1354 491 nisi
1377 464 1506 498 praevium
1530 469 1573 491 eat
1590 464 1635 491 Dei
1662 464 1791 497 Verbum.

1011 509 1063 536 nisi
1080 509 1138 543 ipse
1158 509 1267 536 Patrem
1283 510 1406 543 advocet,
1425 510 1593 545 impossibile
1609 515 1650 538 cst
1669 513 1793 546 quemvis

1010 553 1131 580 omnium
1147 553 1235 580 Patris
1251 555 1391 581 scientiam
1401 555 1536 589 excipere.
1554 565 1562 580 ι
1581 554 1673 591 Neque
1685 555 1793 584 Patrem

1009 599 1071 634 quis
1090 599 1175 629 novit.
1191 601 1244 627 nisi
1260 599 1356 632 Filius,
1368 605 1395 627 et
1410 601 1453 628 cui
1470 601 1557 629 Filius
1573 603 1691 630 voluerit
1717 611 1792 631 reve-

1010 646 1066 673 lare
1081 646 1113 673 “.
1132 657 1141 673 ι
1161 647 1220 682 Ipse
1238 647 1321 682 igitur
1336 651 1377 675 est
1395 649 1480 683 janua
1494 649 1591 683 viaque
1606 657 1659 684 qua
1675 650 1732 677 sola
1746 657 1794 677 ex-

1009 692 1191 719 celsissimam
1221 693 1514 729 immensissimamque
1542 702 1632 721 rerum
1671 695 1792 722 omnium

1009 745 1130 770 causam,
1145 737 1253 766 Patrem
1284 739 1384 774 ipsum,
1399 740 1557 775 conspicere
1581 748 1735 775 possumus.
1763 739 1792 768 Si

1009 784 1080 811 enim
1099 792 1180 820 quam
1195 785 1324 818 maxime,
1344 785 1417 813 velut
1437 786 1535 820 aliquis
1551 785 1611 820 ejus
1628 794 1791 821 praecursor,

1009 829 1150 857 beatorum
1178 831 1283 858 animas
1308 831 1427 858 divinum
1445 830 1662 866 prmithrbum,
1679 832 1791 867 partici-

1010 883 1057 911 pes
1068 884 1115 904 eos
1129 877 1245 912 propria:
1265 877 1357 912 gloriae
1370 877 1498 909 eﬂiciens,
1513 878 1559 905 sed
1577 886 1631 905 non
1645 879 1745 906 desinit
1759 878 1792 906 ad

1009 922 1088 950 ﬁnem
1105 924 1276 952 auctoritatis
1288 929 1378 959 partes
1392 925 1419 952 in
1431 933 1460 953 se
1476 925 1625 960 suscipere,
1643 929 1792 961 praeparato

1010 972 1099 995 autem
1124 976 1156 996 ac
1167 967 1300 1004 disposito
1313 969 1479 1002 habitaculo,
1499 970 1614 998 discedit
1638 976 1664 998 et
1680 979 1792 1006 regnum

1010 1013 1065 1041 Deo
1082 1018 1109 1041 et
1129 1013 1202 1042 Patri
1214 1014 1354 1042 transfert.
1372 1014 1450 1048 Quod
1469 1022 1495 1043 et
1513 1016 1570 1051 ipse
1586 1017 1730 1045 conﬁtetur
1752 1017 1792 1044 di¢

1009 1069 1100 1089 cens:
1127 1070 1136 1086 ι
1160 1060 1215 1096 Ego
1230 1062 1379 1096 praecedam
1395 1066 1421 1089 te
1440 1062 1525 1097 gloria
1549 1069 1619 1094 mea,
1643 1067 1669 1090 et
1692 1063 1794 1091 vocabo

1011 1106 1037 1133 in
1054 1107 1164 1134 nomine
1179 1105 1296 1134 Domini.
1320 1117 1329 1133 ι
1346 1106 1423 1134 Nunc
1441 1108 1550 1143 quidem
1573 1108 1655 1135 verbo
1671 1108 1736 1136 illud
1753 1108 1794 1136 fa-

1010 1156 1118 1179 cturum
1147 1160 1207 1180 esse
1221 1153 1370 1188 promittit;
1384 1154 1454 1188 quod
1478 1161 1508 1181 re
1531 1154 1645 1189 peragit.
1658 1158 1687 1181 ut
1701 1159 1793 1182 osten-

1011 1198 1079 1226 dunt
1098 1207 1159 1234 quae
1170 1204 1322 1234 sequuntur
1339 1209 1345 1227 :
1365 1209 1373 1225 ι
1393 1200 1517 1235 Cumque
1537 1201 1724 1230 desoendisset
1740 1201 1793 1228 Do-

1010 1245 1101 1271 minus
1121 1252 1170 1279 per
1185 1245 1296 1276 nubem,
1310 1245 1385 1272 stetit
1401 1245 1507 1281 Moyses
1522 1253 1585 1272 cum
1603 1253 1646 1280 eo,
1662 1247 1792 1275 invocans

1010 1297 1109 1317 nomen
1125 1289 1241 1317 Domini.
1264 1289 1296 1316 Et
1319 1291 1427 1318 transiit
1453 1290 1584 1318 Dominus
1610 1295 1672 1318 ante
1696 1291 1793 1319 faciem

1009 1334 1080 1368 ejus,
1097 1335 1256 1369 vocavitque
1271 1344 1278 1362 :
1301 1334 1460 1362 Dominator
1477 1335 1590 1363 Domine
1611 1335 1692 1368 Deus,
1711 1337 1792 1364 mise-

1011 1380 1097 1407 ricors
1123 1385 1150 1408 et
1165 1381 1296 1414 clemens,
1314 1385 1341 1409 et
1357 1381 1474 1416 patiens,
1489 1385 1516 1409 et
1533 1381 1624 1409 multae
1641 1382 1793 1410 miseratio-

1010 1426 1062 1458 nis,
1078 1433 1110 1453 ac
1127 1433 1219 1458 verax,
1234 1427 1281 1461 qui
1299 1427 1422 1455 custodis
1445 1427 1660 1455 misericordlam
1680 1427 1708 1454 in
1731 1427 1793 1454 mil-

1010 1473 1055 1506 lia,
1069 1472 1114 1508 qui
1133 1473 1225 1501 aufers
1241 1473 1413 1508 iniquitatem
1432 1477 1459 1502 et
1475 1474 1589 1505 scelera,
1605 1478 1686 1509 atque
1698 1481 1794 1509 pecca-

1010 1523 1047 1550 ta,
1068 1519 1214 1554 nullusque
1229 1519 1300 1555 apud
1319 1523 1345 1547 te
1361 1527 1409 1555 per
1424 1527 1452 1547 se
1465 1520 1597 1547 innocens
1607 1523 1658 1547 est.
1669 1517 1719 1552 Qui
1734 1519 1794 1547 red~

1009 1566 1052 1594 dis
1063 1566 1233 1601 iniquitatem
1255 1570 1363 1601 patrum
1385 1566 1459 1598 ﬁliis,
1474 1573 1505 1594 ac
1536 1566 1679 1601 nepotibus
1695 1566 1721 1593 in
1738 1570 1794 1593 ter-

169 1611 217 1637 καὶ
231 1610 363 1646 ἐλεήμων,
379 1609 409 1644 (Γ.
426 1609 470 1643 12)
488 1607 672 1644 μακρόθυμος,
690 1607 738 1634 καὶ
750 1606 900 1639 πολυέλεος,
912 1607 957 1633 καὶ

1010 1614 1074 1640 tiam
1086 1616 1112 1639 et
1128 1616 1252 1647 quartam
1269 1612 1423 1647 progeniem
1439 1612 1483 1639 η’.
1501 1622 1510 1638 ι
1527 1612 1590 1639 Haec
1604 1613 1675 1639 enim
1689 1612 1745 1648 ipse
1756 1611 1795 1640 di-

168 1655 304 1691 άληθινὸς,
320 1655 366 1682 καὶ
381 1655 552 1690 δικαιοσύνην
567 1654 713 1690 διατηρῶν,
729 1653 812 1680 ποιῶν
830 1653 903 1684 ἕλεος
919 1653 958 1683 εἰς

168 1701 302 1737 χιλιάδας,
315 1701 439 1737 ἀφαιρῶν
461 1700 585 1735 ἀνομίας,
604 1700 650 1726 καὶ
669 1699 785 1731 ἀδικίας,
803 1698 849 1725 καὶ
867 1698 957 1733 ἁμαρ-

167 1748 239 1780 τίας,
256 1747 304 1774 καὶ
325 1747 370 1775 τὸν
388 1747 478 1782 ἔνοχον
501 1746 531 1772 οὐ
555 1745 694 1781 καθαριεῖ·
711 1745 820 1779 ὲπάγων
844 1744 958 1779 ἀνομίας

169 1794 282 1830 πατρῶν
297 1794 342 1821 ἐπὶ
355 1794 448 1825 τέκνα,
462 1792 509 1820 καὶ
528 1792 574 1818 ἐπὶ
590 1791 672 1818 τέκνα
687 1790 789 1817 τέκνων
804 1790 850 1816 ἐπὶ
863 1789 957 1825 τρίτην

169 1841 217 1868 καὶ
235 1840 366 1876 τετάρτην
380 1839 486 1874 γενεάν.
503 1848 512 1863 ι
527 1838 619 1864 Ταῦτα
632 1838 686 1872 γὰρ
697 1836 778 1868 αὐτός
793 1845 858 1871 φησι
873 1843 958 1863 κατα-

171 1886 223 1918 ϐὰς
235 1887 265 1918 ἐν
279 1886 375 1921 νεφέλῃ
387 1886 434 1912 καὶ
443 1884 584 1920 παραστὰς
599 1884 637 1919 τῷ
644 1884 756 1910 Μωῦσεῖ
766 1883 780 1908 ὁ
794 1882 837 1910 διὰ
851 1881 896 1909 τοῦ
912 1890 957 1908 τε-

172 1932 355 1968 τραγράμμου
376 1931 538 1967 δηλούμενος
560 1930 660 1966 Κύριος
670 1937 678 1945 ⁸
693 1929 722 1961 ὃς
738 1928 798 1955 καθ’
812 1928 845 1964 ἢν
863 1928 958 1954 πεποί-

170 1987 234 2014 ηται
252 1978 396 2014 ὑπόσχεσιν
418 1977 558 2012 παρελθὼν
575 1977 627 2012 πρὸ
643 1974 786 2012 προσώπου
804 1974 896 2007 αὑτοῦ,
911 1974 957 2000 τὸν

168 2025 217 2052 καὶ
233 2024 328 2051 ἑαυτοῦ
346 2023 447 2060 Κύριον
459 2024 505 2050 καὶ
518 2023 636 2058 Πατέρα,
651 2022 696 2048 τὸν
711 2020 817 2056 ἀληθῶς
831 2021 894 2047 ὄντα
905 2019 957 2046 Κύ-
977 2023 982 2028 “

169 2079 227 2108 ριον
243 2070 355 2107 Κύριον,
366 2070 405 2102 δὶς
417 2070 460 2096 διὰ
480 2070 525 2096 τοῦ
542 2068 754 2104 τετραγράμμου
773 2066 957 2102 ἐμφερόμενον

170 2116 344 2144 ἀνακαλεῖται
357 2115 443 2150 λέγων
453 2115 492 2147 τὸ,
508 2125 516 2140 ι
529 2114 639 2151 Κύριος,
649 2112 750 2149 Κύριος
760 2114 773 2138 ὁ
781 2113 846 2144 Θεὸς
856 2111 957 2147 οἰκτίρ-

170 2171 230 2199 μων
248 2163 292 2189 καὶ
308 2162 440 2198 ἐλεήμων,
458 2172 466 2187 ι
484 2162 529 2188 καὶ
553 2161 586 2188 τὰ
611 2161 684 2195 ἑξῆς.
702 2160 732 2186 Et
755 2159 782 2185 δὲ
799 2158 956 2193 βιαζόμενός

167 2217 211 2240 τις
223 2208 321 2242 φάσκοι
339 2208 374 2243 μὴ
388 2207 433 2234 τδν
448 2207 560 2242 Κύριον,
575 2206 642 2233 ἀλλὰ
657 2205 775 2239 Μωῦσῆν
788 2204 874 2231 ταῦτα
882 2204 957 2239 εἰρη-

167 2255 257 2286 κέναι,
276 2257 378 2290 πεῖσμα
396 2254 501 2289 βέϐαιον
520 2253 680 2289 λαμϐανέτω
693 2252 721 2285 εξ
737 2251 825 2278 αὐτῶν
840 2250 893 2277 τῶν
909 2249 955 2276 τοῦ

1012 1657 1059 1689 cit,
1080 1664 1142 1684 cum
1156 1657 1297 1684 descendit
1313 1657 1341 1684 in
1358 1657 1431 1684 nube
1445 1660 1472 1683 et
1486 1662 1570 1692 prope
1581 1655 1698 1692 Moysem
1719 1657 1794 1685 stetit

1011 1705 1234 1737 tetragrammato
1255 1701 1412 1736 designatus
1433 1701 1574 1730 Dominus.
1591 1701 1667 1733 Dein,
1681 1702 1716 1729 ob
1731 1709 1794 1738 pro-

1011 1747 1169 1775 missionem
1194 1755 1274 1782 quam
1303 1749 1361 1783 ipse
1389 1747 1501 1780 fecerat,
1516 1748 1655 1775 transiens
1679 1751 1741 1774 ante
1756 1746 1795 1774 fa-

1010 1793 1079 1820 ciem
1095 1793 1164 1827 ejus,
1181 1794 1280 1820 suimet
1296 1793 1439 1820 Dominum
1451 1798 1477 1820 et
1491 1792 1608 1825 Patrem,
1623 1800 1687 1820 vere
1704 1792 1794 1819 Doml-

1011 1846 1086 1871 num,
1101 1837 1315 1870 Dominatorem,
1328 1839 1370 1866 bis
1388 1842 1608 1874 tetragrainmato
1622 1838 1793 1873 designatum

1011 1884 1119 1912 invocat
1131 1885 1226 1912 dicens
1242 1894 1247 1911 :
1263 1894 1271 1910 ι
1291 1884 1449 1912 Dominator
1466 1884 1577 1912 Domine
1589 1884 1670 1915 Deus,
1688 1883 1795 1911 miseri-

1010 1939 1072 1959 cors
1079 1935 1105 1958 et
1120 1931 1250 1965 clemens,
1264 1941 1273 1957 ι
1284 1936 1310 1959 et
1323 1931 1436 1966 reliqua.
1449 1930 1477 1958 Si
1494 1931 1557 1966 quis
1572 1934 1662 1958 autem
1673 1930 1725 1957 loci
1735 1937 1794 1957 sene

1011 1984 1070 2003 sum
1086 1976 1251 2011 detorquens
1266 1976 1378 2004 minime
1392 1984 1407 2003 a
1422 1975 1538 2013 Domino
1549 1976 1705 2007 contendat,
1716 1976 1765 2004 sed
1777 1984 1793 2002 ι

1011 2021 1101 2058 Moyse
1116 2022 1174 2049 haec
1188 2030 1250 2049 esse
1266 2022 1354 2054 dicta,
1371 2021 1436 2050 illud
1459 2023 1539 2058 plane
1555 2026 1723 2057 compertum
1743 2021 1792 2049 ha-

1010 2067 1084 2095 bebit
1100 2067 1167 2102 ipsis
1177 2067 1278 2103 Moysis
1289 2067 1415 2101 vocibus,
1433 2067 1490 2095 hac
1509 2075 1571 2095 esse
1585 2067 1668 2095 verba
1683 2067 1790 2095 Domini

1009 2113 1185 2144 confitentis,
1208 2121 1270 2141 cum
1297 2113 1325 2141 in
1352 2113 1405 2140 alio
1431 2113 1490 2140 loco
1514 2118 1641 2148 precatur
1672 2113 1790 2140 dlcens:

1012 2167 1022 2184 ε
1041 2157 1229 2194 Magniﬁcetur
1239 2167 1304 2195 ergo
1324 2159 1455 2187 fortitudo
1471 2158 1578 2186 Domini
1594 2159 1664 2187 sicut
1682 2157 1792 2193 iurasti,

1009 2204 1102 2233 dicens
1119 2214 1126 2232 :
1141 2205 1272 2233 Dominus
1291 2205 1398 2240 patiens
1420 2210 1446 2233 et
1472 2206 1563 2233 multa:
1587 2205 1792 2238 misericordiae,

1011 2251 1138 2280 auferens
1165 2252 1336 2288 iniquitatem
1363 2258 1390 2280 et
1415 2253 1541 2284 scelera,
1564 2253 1724 2287 nullumque
1752 2252 1791 2280 in—

169 2300 308 2332 Μωῦσέως
323 2300 420 2334 φωνῶν
434 2298 625 2335 όμολογοῦντος
644 2297 691 2325 τοῦ
711 2297 812 2333 Κυρίου
827 2295 895 2323 εἶναι
910 2295 957 2327 τὰς

1011 2300 1122 2327 noxium
1146 2299 1348 2334 derelinquens,
1375 2300 1421 2334 qui
1448 2300 1542 2327 visitas
1557 2304 1667 2334 peccata
1684 2303 1791 2334 patrum

170 2345 380 2380 προεκτεθείσας
399 2344 495 2376 λέξεις,
510 2344 544 2371 δι’
560 2341 596 2370 ὦν
611 2344 755 2379 εὐχόμενος
769 2345 797 2370 ὲν
811 2343 896 2378 ἑτέρῳ
911 2341 956 2368 τό-

170 2398 215 2425 πῳ
230 2391 306 2426 φησὶ,
325 2391 398 2417 (Καὶ
411 2389 458 2416 νῦν
476 2390 609 2424 ὑψωθήτω
627 2390 643 2424 ἡ
665 2389 725 2425 χείρ
740 2397 797 2421 σου,
810 2387 895 2424 Κύριε
907 2396 914 2402 ·
927 2387 956 2413 ὃν

169 2435 270 2472 τρόπον
286 2434 365 2467 εἶπας
381 2436 476 2470 λέγων,
491 2435 592 2471 Κύριος
610 2436 793 2471 μακρόθυμος,
812 2436 858 2461 καὶ
877 2434 957 2461 πολυ-

170 2481 256 2514 ἐλεος,
275 2482 322 2508 καὶ
345 2482 479 2518 ἀληθινός·
498 2481 621 2517 ἀφαιρῶν
650 2481 763 2516 ἀνομίας
778 2481 824 2507 καὶ
840 2481 955 2512 ἀδικίας,

169 2528 218 2554 καὶ
228 2527 378 2563 ἁμαρτίας·
392 2527 438 2554 καὶ
448 2527 610 2563 καθαρισμῷ
621 2527 651 2553 οὐ
663 2527 788 2562 καθαριεῖ
801 2527 846 2553 τὸν
856 2528 954 2562 ἔνοχον,

169 2573 312 2604 ἀποδιδοὺς
337 2572 473 2608 ἁμαρτίας
496 2572 606 2608 πατρῶν
632 2573 677 2599 ἐπὶ
698 2573 781 2599 τέκνα
796 2572 848 2603 ἓως
863 2573 958 2608 τρίτης

169 2620 219 2646 καὶ
231 2620 362 2656 τετάρτης
375 2620 480 2654 γενεᾶς.
497 2629 506 2644 ι
517 2618 717 2654 Ἑναργέστατα
732 2619 763 2654 δὴ
781 2617 825 2645 οὖν
842 2619 887 2645 καὶ
906 2627 955 2645 σα-

169 2665 292 2700 φέστατα
310 2665 353 2691 διὰ
366 2664 466 2691 τούτων
481 2664 560 2696 αὐτὸς
574 2665 587 2690 ὁ
608 2663 709 2700 Κύριος
723 2663 771 2695 τὰς
787 2663 957 2699 προεκτεθεί-

170 2719 222 2742 σας
245 2710 363 2746 εἰρηκὼς
382 2712 501 2746 παριστᾷ
517 2718 546 2736 τε
560 2709 759 2746 (παρίσταται)
778 2709 878 2744 φωνὰς,
896 2710 954 2745 μεί-

170 2757 236 2788 ζονα
243 2756 344 2792 Κύριον
358 2757 402 2783 τὸν
417 2756 523 2791 ἀληθῶς
537 2755 647 2792 Κύριον,
658 2756 737 2790 δῆλον
750 2755 772 2782 δ’
786 2755 826 2782 ὅτι
842 2755 886 2782 τὸν
900 2755 956 2782 Πα-

168 2803 237 2838 τέρα
262 2802 368 2834 ὲαυτοῦ,
390 2802 605 2837 ἀνακαλούμενος
618 2810 624 2817 ·
647 2802 663 2837 ἢ
686 2803 708 2828 εἰ
728 2802 878 2833 δυσπειθῶς
901 2801 956 2836 ἔχοι

170 2847 240 2884 πρὸς
249 2848 346 2879 ταῦτα,
363 2848 463 2881 λεγέτω
477 2847 504 2874 εἴ
516 2856 575 2874 τινα
589 2847 670 2882 ἄλλην
689 2845 742 2879 οἷός
756 2847 786 2874 τέ
800 2848 874 2874 ἐστιν
886 2847 956 2874 κατὰ

1008 2343 1035 2370 in
1059 2344 1127 2371 ﬁlios
1145 2344 1172 2371 in
1189 2345 1297 2371 tertiam
1314 2348 1341 2371 et
1362 2349 1486 2379 quartam
1513 2344 1714 2379 generationem
1730 2342 1762 2369 "’.
1779 2352 1788 2369 ι

1008 2389 1167 2417 Clarissime
1181 2389 1263 2424 igitur
1272 2393 1298 2416 et
1309 2389 1533 2417 manifestissime
1549 2393 1621 2423 patet
1631 2395 1662 2415 ex
1687 2388 1719 2415 iis
1734 2387 1791 2415 haec

1008 2444 1069 2471 qum
1084 2436 1227 2463 retulimus
1248 2435 1391 2463 Dominum
1408 2435 1520 2466 dixisse,
1543 2435 1672 2469 majorem
1699 2433 1792 2467 Domi-

1009 2488 1074 2509 num
1090 2485 1118 2509 et
1134 2489 1197 2509 vere
1209 2481 1362 2513 Dominum,
1382 2481 1485 2509 scilicet
1501 2480 1608 2507 Patrem
1625 2480 1695 2515 ejus,
1714 2482 1791 2507 invo—

1008 2532 1127 2555 cantem.
1145 2527 1194 2554 Cui
1213 2528 1236 2555 si
1253 2526 1318 2555 fides
1335 2526 1443 2554 diﬂicile
1459 2526 1630 2556 adhibeatur,
1647 2526 1737 2553 videre
1749 2531 1791 2554 est

1008 2582 1042 2601 an
1053 2574 1106 2600 alia
1121 2581 1182 2600 esse
1196 2573 1283 2608 possit
1299 2571 1723 2608 hujus-lociexplanatio.Quippe
1732 2572 1792 2598 ani-

1007 2617 1229 2647 madvertendum
1238 2623 1279 2646 est
1286 2626 1339 2645 non
1349 2618 1474 2653 angelum
1483 2616 1684 2645 manifestatum
1695 2616 1789 2648 fuisse,

1008 2666 1054 2693 sed
1063 2666 1150 2700 ipsum
1163 2668 1384 2700 tetragrammato
1396 2663 1566 2699 designatum
1578 2662 1733 2696 Dominum,
1743 2663 1790 2697 qui

1007 2716 1034 2739 et
1052 2710 1119 2738 facio
1135 2710 1167 2737 ad
1187 2710 1282 2738 faciem
1297 2717 1358 2738 cum
1367 2709 1458 2746 Moyse
1470 2709 1626 2745 perhibetur
1643 2707 1727 2735 fuisse
1734 2708 1791 2735 cols

1007 2758 1126 2789 locutus.
1144 2764 1224 2792 quem
1240 2761 1267 2785 et
1281 2756 1385 2792 Moyses
1403 2756 1521 2788 invocat,
1542 2755 1789 2783 manifestationem

1007 2811 1055 2838 per
1069 2803 1178 2838 angelos
1193 2802 1355 2839 deprecatus
1368 2801 1410 2829 his
1424 2801 1532 2829 verbis:
1548 2810 1558 2826 ι
1577 2800 1605 2828 Si
1620 2808 1676 2828 non
1690 2805 1717 2828 tu
1733 2799 1790 2835 ipse

1008 2847 1193 2882 praeredasme
1201 2847 1302 2874 educas
1309 2853 1359 2873 nos
1365 2846 1398 2873 de
1406 2846 1466 2873 loco
1472 2846 1525 2873 isto
1530 2845 1550 2862 ³⁷
1556 2847 1562 2857 '
1568 2866 1575 2873 .
1582 2855 1592 2872 ι
1603 2845 1781 2874 Verumenim

210 2926 231 2942 "
252 2926 347 2954 Matth.
368 2934 408 2957 τι.
424 2927 468 2953 27.
507 2926 541 2942 ⁸⁸⁸
560 2924 645 2952 Exod.
663 2933 751 2958 xxxtv,
770 2923 830 2952 5-7.
868 2924 889 2940 ³⁷
910 2923 957 2951 Nm

1009 2931 1062 2956 xiv,
1084 2924 1131 2957 l7,
1151 2924 1194 2951 18.
1234 2924 1268 2939 "'
1288 2921 1374 2951 Exod.
1392 2930 1497 2956 ιιιιιι,
1516 2923 1559 2951 15.

295 2976 429 3005 Pan-nos.
454 2974 512 3004 Gn.
537 2974 641 3005 XXII.

1575 2971 1612 3002 3";
