2037 3215
267 182 277 208 1
284 183 333 208 067

619 179 752 206 EUSEBII
767 177 1006 206 CESARIENSIS
1026 177 1099 205 OPP.
1119 177 1207 204 PARS
1228 177 1525 206 IlI.—EXEGETlC.\.

1819 181 1829 207 1
1835 179 1886 207 οςς

266 245 330 266 vero
342 245 394 264 non
405 240 518 271 possunt
527 237 583 263 haec
590 235 623 263 de
630 236 684 263 alio
693 235 745 263 nisi
754 236 841 263 solum
849 236 882 264 de
890 236 944 263 Deo
954 236 1051 269 Verbo,

1105 238 1166 269 τοὺς
1184 237 1280 268 τόπους
1295 237 1431 263 ἐπιϐαλεῖν
1442 237 1566 272 διήγησιν
1577 245 1583 251 ·
1600 237 1738 270 φυλάττων
1749 239 1778 264 τὸ
1791 238 1827 273 μὴ
1838 239 1887 272 ἆγ-

267 284 294 311 in
310 283 443 320 principio
457 282 526 318 apud
544 281 639 313 Deum,
658 282 753 309 referri
768 291 774 315 ;
791 283 837 317 qui
864 291 962 318 magna
982 291 1048 310 con-

266 334 361 356 secuto
375 328 459 364 Moysi
477 328 609 362 majorum
627 328 747 356 ostendit
767 328 922 361 scientiam,
948 329 1049 356 docens

266 382 327 401 eum
354 378 383 401 ut
409 374 496 401 solum
523 381 617 401 verum
643 377 789 409 cognoscat
807 373 901 405 Deum,
925 378 952 401 et
969 381 1049 409 quem

267 421 340 447 misit
353 419 435 447 Deum
450 418 582 450 Verbum,
597 423 624 446 et
638 420 727 454 ipsum
744 424 805 454 post
822 418 930 446 Patrem
957 419 1050 447 Domi-

267 474 387 501 numque
415 465 564 501 Deumque.
580 465 613 492 Et
628 466 742 500 primam
761 465 871 500 quidem
896 466 921 493 ci
939 466 1009 493 hanc
1025 470 1051 493 et

266 514 383 540 maxime
400 513 584 540 necessariam
597 513 698 547 praebet
710 512 867 543 utilitatem,
884 520 918 540 ne
928 520 1050 547 unquam

266 559 300 587 de
316 559 437 587 omnium
455 558 508 586 Deo
522 559 665 593 opiniones
681 558 713 585 ad
727 558 932 586 manifestatum
944 559 968 586 ei
984 558 1050 586 Ver-

267 606 330 632 bnm
347 613 393 640 per
409 606 568 632 immensam
583 612 674 632 rerum
699 604 818 632 visaruzn
837 605 950 640 gloriam
977 605 1051 631 acci-

270 653 334 687 piat.
349 651 430 678 Docet
442 651 524 687 igitur
544 651 661 685 seipsum
693 651 810 686 primum
834 651 980 686 solumque
1004 659 1051 678 ve-

267 706 327 725 rum
345 697 428 725 Deum
442 697 605 732 prazcedere.
622 704 701 732 quem
716 697 774 732 ipse
786 697 926 724 invocabat
939 697 1048 724 dicens:

269 753 277 768 ι
296 742 454 770 liominator
471 742 582 769 Domine
600 742 681 773 Deus.
701 743 858 770 misericors
875 747 903 770 et
917 743 1048 776 clemens,

266 789 382 823 patiens,
395 793 421 816 et
433 789 522 816 multm
533 788 737 821 misericordia,
747 793 773 816 et
787 797 877 817 verus.
898 799 906 816 ι
920 789 1050 817 Eamdem

266 835 388 870 profecto
401 836 454 862 vim
466 835 547 862 habet
561 845 570 860 ι
582 843 674 868 verus,
686 845 695 860 ›
708 835 790 862 acilia
802 844 808 862 :
819 845 828 860 ι
841 835 1051 871 Utcognoscant

265 884 291 908 te
301 881 388 907 solum
400 880 484 908 Deum
495 888 587 907 verum
595 881 627 911 ",
642 891 650 906 ι
660 880 693 907 ab
705 880 764 915 ipso
771 879 911 908 Salvatore
929 881 955 908 in
967 881 1052 908 Evan-

1104 284 1181 319 γελον
1199 282 1268 310 εἶναι
1282 283 1327 310 τὸν
1342 283 1552 318 χρηματίζοντα,
1571 283 1628 309 ἀλλ’
1639 283 1719 309 αὐτὸν
1731 283 1777 309 τὸν
1788 284 1832 310 διὰ
1840 284 1888 310 τοῦ

1104 330 1315 366 τετραγράμμου
1339 329 1501 364 δηλούμενον
1525 329 1637 364 Κύριον,
1651 329 1680 360 ὂς
1705 329 1752 355 καὶ
1777 329 1890 361 ὲνώπιος

1104 376 1211 412 ὲνωπίῳ
1222 376 1260 411 τῷ
1267 377 1334 403 Μωῦ
1339 377 1379 402 σεῖ
1390 375 1594 412 ἀναγέγραπται
1606 375 1793 410 λελαληκέναι.
1804 375 1832 401 ὃν
1842 376 1892 402 καὶ

1103 421 1174 454 ἀξιοῖ
1196 422 1246 457 τὴν
1268 422 1302 448 δι’
1315 421 1438 456 ἀγγέλων
1467 421 1632 457 προστασίαν
1646 420 1860 456 παραιτούμενος
1877 421 1893 446 6

1104 468 1225 502 Μωῡσῆς
1236 467 1334 501 λέγων,
1351 476 1359 492 ι
1374 467 1405 493 Et
1423 466 1460 502 μὴ
1476 466 1555 497 αὐτὸς
1570 466 1600 492 σὺ
1619 465 1787 502 συμπορεύῃ,
1803 465 1839 500 μή
1859 474 1893 499 με

1104 514 1245 549 ἀναγάγῃς
1260 513 1393 541 ἐντεῦθεν,
1409 523 1418 539 ι
1429 512 1508 539 Ἄλλὰ
1519 512 1572 547 γὰρ
1585 512 1632 547 ούχ
1645 508 1699 538 οἶόν
1712 520 1740 537 τε
1753 511 1841 538 ταῦτα
1851 511 1893 544 ἐφ’

1104 560 1197 597 ἓτερον
1215 561 1232 596 ἢ
1248 561 1293 587 ἐπὶ
1314 561 1392 594 μόνον
1409 560 1453 587 τὸν
1468 560 1496 586 ἐν
1511 559 1580 594 ἀρχῇ
1598 559 1666 594 πρὸς
1680 558 1725 585 τὸν
1745 557 1810 584 Θεὸν
1826 556 1895 583 Θεὸν

1105 607 1190 641 Λόγον
1216 607 1361 641 ἀναφέρειν
1371 614 1377 620 '
1392 606 1420 637 ὂς
1437 605 1560 641 μεγάλων
1581 604 1715 639 ἐφιεμένῳ
1727 603 1765 638 τῷ
1781 604 1896 630 Μωῡςεῖ

1104 652 1153 687 τὴν
1176 651 1223 678 τοῦ
1239 651 1360 687 μείζονος
1380 651 1506 686 ἐμφαίνει
1523 650 1632 684 γνῶσιν,
1648 649 1781 676 παιδεύων
1798 648 1895 675 ἑαυτὸν

1104 698 1178 729 ὅπως
1198 697 1232 725 ἂν
1255 696 1375 732 γινώσκῃ
1400 696 1444 723 τὸν
1468 696 1546 732 μόνον
1570 695 1693 731 ἀληθινὸν
1714 695 1790 726 Θεὸν,
1803 694 1851 721 καὶ
1865 694 1895 720 ὃν

1105 744 1247 771 ἀπέστειλε
1261 743 1326 770 Θεὸν
1339 743 1434 777 Λόγον,
1463 743 1597 779 δευτέρως
1611 742 1656 768 καὶ
1670 741 1749 768 αὑτὸν
1768 741 1833 767 ὄντα
1848 749 1895 776 με·

1104 789 1139 816 τὰ
1153 789 1199 816 τὸν
1214 789 1325 824 Πατέρα
1338 789 1385 816 καὶ
1405 788 1506 824 Κύριον
1523 789 1569 815 καὶ
1581 788 1646 814 Θεὸν
1657 796 1663 803 ·
1678 788 1725 815 καὶ
1736 787 1849 823 πρώτην
1862 796 1894 821 γε

1105 834 1179 871 αὐτῷ
1199 835 1302 870 ταύτην
1320 835 1368 862 καὶ
1390 834 1608 870 ἀναγκαιοτάτην
1630 834 1744 869 παρέχει
1760 833 1810 869 τὴν
1822 833 1897 868 ὠφέ-

1105 881 1190 911 λειαν,
1204 880 1242 913 ὼς
1255 880 1288 907 ἂν
1307 880 1412 916 μήποτε
1426 880 1475 912 τὰς
1494 880 1558 916 περὶ
1580 879 1647 906 Θεοῦ
1663 879 1717 906 τῶν
1738 880 1807 906 ὅλων
1827 880 1894 906 ὑπο-

266 926 343 960 geliis
354 926 436 952 dicta.
448 925 509 952 Hzcc
519 933 572 953 non
582 926 760 953 intellexisset
772 926 861 953 omnis
875 926 1001 961 populus,
1017 927 1051 954 ad

1105 927 1176 958 νοίας
1201 927 1247 953 ἐπὶ
1274 926 1320 953 τὸν
1342 926 1544 962 χρηματίζοντα
1566 925 1641 961 αὺτῷ
1664 926 1750 960 Λόγον
1776 925 1819 952 διὰ
1846 926 1896 961 τὴν

265 980 357 1006 quem,
366 972 459 998 rudem
471 971 571 1002 adhuc,
584 979 598 998 a
608 971 799 999 manifestante
811 979 840 999 se
850 971 966 999 Domino
977 972 1052 999 dice-

266 1018 364 1045 batur:
379 1027 388 1044 ‹
398 1017 453 1053 Ego
464 1026 535 1050 sum.
545 1022 570 1045 et
588 1026 641 1045 non
655 1022 696 1046 est
704 1018 772 1045 alius
783 1022 881 1053 praeter
889 1026 931 1045 me
939 1017 982 1045 "‘.
998 1028 1006 1043 ›
1017 1017 1053 1045 lis

265 1064 337 1091 enim
352 1071 419 1099 opus
426 1069 484 1091 erat
494 1064 572 1098 quasi
589 1064 753 1092 rudimentis
766 1064 799 1091 ad
812 1072 925 1100 regnum
935 1063 994 1093 Dei.
1006 1064 1052 1099 qui

268 1110 390 1137 nondum
406 1109 495 1137 Patris
507 1115 533 1137 ct
543 1110 601 1137 Filii
615 1110 740 1146 dogmata
750 1111 895 1138 conciliare
915 1114 1052 1146 poterant,

269 1156 460 1192 Egyptiorum
482 1157 636 1185 idololatria
660 1158 816 1193 nuperrime
839 1157 955 1192 abjecta.
972 1167 981 1184 ‹
996 1157 1052 1193 Ego

265 1211 336 1233 sum.
347 1207 373 1230 et
385 1211 438 1230 non
450 1208 492 1231 est
502 1204 573 1231 alius
585 1207 681 1239 praeter
693 1212 750 1235 me;
765 1213 774 1228 ι
788 1211 819 1230 ex
833 1202 878 1230 Dei
895 1202 976 1230 Verbi
989 1211 1051 1238 per-

267 1256 334 1276 sona
347 1248 484 1276 diceretur
502 1249 628 1276 similiter
638 1257 670 1276 ac
691 1258 698 1276 -.
717 1258 726 1274 ‹
750 1248 806 1284 Ego
827 1254 854 1276 et
873 1248 952 1275 Pater
968 1256 1051 1275 unum

267 1303 362 1321 sumus
372 1294 411 1326 ";
429 1303 437 1320 ι
448 1298 474 1321 et
485 1304 490 1321 :
504 1304 513 1320 ι
524 1294 604 1322 Pater
613 1294 640 1321 in
650 1302 692 1321 me
700 1298 752 1326 est,
763 1298 790 1321 et
799 1302 849 1329 ego
859 1295 885 1321 in
896 1294 975 1322 Patre
982 1294 1025 1320 ³⁵⁸.
1040 1303 1049 1319 ι

267 1339 500 1374 Quemadmodum
517 1341 564 1375 qui
576 1340 641 1367 vidit
657 1348 719 1367 eum
730 1360 736 1372 ,
753 1340 820 1367 vidit
836 1340 953 1370 Patrem,
982 1340 1052 1367 sicut

267 1387 370 1414 dictum
381 1391 439 1413 est:
455 1396 463 1411 α
483 1386 534 1419 Qui
557 1386 630 1413 videt
650 1394 704 1417 me,
723 1386 795 1412 videt
820 1389 846 1412 et
863 1385 970 1412 Patrem
980 1385 1021 1418 ‘°;
1041 1395 1051 1411 ι

267 1431 304 1458 ita
315 1432 360 1466 qui
372 1439 434 1458 eum
457 1431 542 1463 audit,
559 1431 635 1458 audit
656 1436 679 1458 et
702 1431 810 1458 Patrem
836 1431 882 1465 qui
905 1435 947 1457 est
968 1430 994 1457 in
1010 1438 1053 1461 eo,

268 1485 330 1503 cum
343 1477 409 1503 dicit
422 1487 428 1504 :
445 1486 454 1501 ι
472 1476 526 1511 Ego
542 1484 614 1508 sum,
628 1481 654 1503 et
670 1485 723 1503 non
734 1481 774 1504 est
789 1477 859 1503 alius
869 1479 965 1510 praeter
975 1483 1028 1503 me.
1045 1485 1053 1501 ι

1106 971 1258 1008 ὑπερϐολὴν
1271 972 1321 1006 τῆς
1333 971 1412 1008 δόξης
1427 972 1480 999 τῶν
1497 972 1691 1008 θεωρουμένων
1709 971 1819 998 ἐκλάΰοι
1830 980 1837 986 ·
1853 971 1895 997 δι-

1103 1019 1197 1045 δάσκει
1218 1018 1266 1054 [εἰ]
1287 1018 1308 1045 δ’
1321 1016 1367 1045 οὖν
1383 1018 1464 1045 αὐτὸν
1479 1019 1586 1054 πρῶτον
1602 1018 1649 1046 καὶ
1666 1018 1745 1054 μόνον
1767 1017 1897 1053 ἀληθινὸν

1103 1065 1170 1091 Θεὸν
1191 1064 1315 1100 ἡγεῖσθαι
1338 1064 1441 1096 τοῦτον,
1456 1065 1486 1091 ὅν
1511 1064 1590 1096 αὐτὸς
1613 1064 1770 1091 ἐπεκαλεῖτο
1794 1063 1896 1098 λέγων.

1106 1120 1115 1136 ι
1135 1111 1246 1146 Κύριος,
1256 1110 1358 1146 Κύριος
1367 1112 1381 1137 ὁ
1389 1111 1454 1143 Θεὸς
1464 1111 1613 1146 οἰκτίρμων
1629 1111 1675 1137 καὶ
1685 1110 1816 1146 ἐλεήμων,
1843 1117 1898 1144 μα-

1104 1155 1249 1192 κρόθυμος,
1262 1157 1309 1183 καὶ
1319 1156 1468 1188 πολυέλεος,
1477 1156 1523 1183 καὶ
1534 1156 1669 1192 ἀληθινός.
1683 1166 1692 1182 ι
1707 1156 1828 1191 Πρόσχες
1840 1155 1897 1190 γὰρ

1104 1201 1240 1237 ἐπιμελῶς
1254 1201 1292 1237 τῷ
1310 1212 1319 1227 ι
1332 1202 1456 1238 ἀληθινὸς
1470 1212 1479 1228 ›
1493 1202 1690 1237 παραπλησίως
1704 1202 1843 1238 εἰρημένῳ
1856 1201 1897 1235 τῷ

1107 1247 1180 1274 «Ἵνα
1193 1247 1366 1281 γιγνώσκωσι
1384 1256 1413 1274 σε
1428 1248 1472 1274 τὸν
1490 1248 1569 1283 μόνον
1586 1247 1711 1283 ἀληθινὸν
1723 1247 1798 1279 Θεὸν,
1817 1257 1826 1272 ι
1843 1247 1897 1273 ὑπὸ

1104 1292 1151 1319 τοῦ
1175 1292 1255 1320 αὐτοῦ
1279 1293 1404 1329 Σωτῆρος
1426 1294 1454 1320 ὲν
1469 1295 1524 1323 τοῖς
1540 1293 1714 1328 Εὐαγγελίοις
1736 1293 1894 1329 εἰρημένῳ·

1104 1339 1191 1366 ταῦτα
1205 1339 1226 1366 δ’
1242 1340 1292 1366 οὐκ
1306 1340 1338 1366 ἂν
1352 1339 1489 1376 ἐχώρησεν
1504 1341 1518 1366 6
1535 1341 1587 1372 πᾶς
1602 1340 1664 1372 λαὸς
1676 1340 1743 1376 πρὸς
1755 1340 1793 1372 ὃν,
1807 1337 1853 1366 οἷα
1863 1339 1897 1374 δὴ

1107 1385 1295 1419 εἰσαγόμενον,
1310 1385 1362 1411 ὑπὸ
1380 1385 1426 1411 τοῦ
1441 1385 1655 1422 χρηματίζοντος
1670 1385 1788 1420 ἐλέγετο,
1803 1395 1812 1411 ι
1825 1385 1897 1420 Ἐγὼ

1108 1429 1164 1464 ειμι
1179 1430 1225 1455 καὶ
1239 1430 1288 1456 οὐκ
1300 1429 1373 1456 ἐστιν
1387 1430 1427 1457 ἔτι
1438 1431 1508 1465 πλὴν
1519 1430 1600 1466 ἐμοῦ·
1618 1441 1627 1457 ι
1643 1431 1746 1458 ἐδέοντο
1757 1431 1811 1467 γὰρ
1822 1429 1897 1458 οὗτοι

1111 1475 1294 1510 στοιχειώδους
1307 1476 1461 1511 εἰσαγωγῆς
1474 1476 1514 1502 ἔτι
1524 1477 1573 1510 τῆς
1589 1477 1653 1512 περὶ
1665 1476 1731 1503 Θεοῦ
1745 1477 1899 1512 μοναρχίας

266 1524 315 1559 οὐχ
325 1520 375 1550 οἷοί
390 1524 419 1550 τέ
431 1531 487 1554 πως
497 1523 571 1554 ὄντες
588 1523 620 1550 τὰ
636 1523 700 1559 περὶ
710 1523 815 1559 Πατρὸς
826 1524 872 1550 καὶ
880 1523 944 1549 Υἱοῦ
955 1522 1077 1557 δόγματα
1095 1520 1248 1557 διαρθροῦν,
1259 1522 1305 1549 ac:
1318 1522 1430 1557 ἔναγχος
1449 1523 1497 1558 τῆς
1516 1522 1671 1556 Αἰγυπτίων
1684 1523 1814 1550 πολυθέου
1828 1523 1898 1550 πλά-

267 1580 315 1606 νης
331 1571 523 1607 ἀφεστηκότες.
540 1571 577 1597 Τὸ
588 1570 616 1597 δὲ
632 1581 641 1596 ι
654 1571 722 1605 Ἐγώ
734 1572 791 1606 εἰμι
808 1571 855 1597 καὶ
873 1571 923 1598 οὐκ
953 1570 1026 1597 ἔστιν
1048 1570 1089 1597 ἔτι
1109 1570 1177 1605 πλὴν
1188 1569 1255 1605 ἐμοῦ
1271 1580 1280 1595 ι
1296 1570 1392 1605 λέγοιτ’
1407 1570 1439 1597 ἂν
1455 1568 1486 1597 ἐκ
1502 1571 1648 1607 προσώπου
1665 1571 1711 1598 τοῦ
1727 1572 1795 1598 Θεοῦ
1807 1572 1898 1606 Λόγου

266 1619 366 1655 ὁμοίως
381 1611 428 1654 τῷ,
449 1629 458 1644 ι
470 1619 540 1653 Ἐγὼ
555 1620 602 1646 καὶ
615 1621 629 1646 6
646 1619 676 1654 (Γ.
695 1620 728 1647 12
742 1620 785 1655 νο)
803 1619 897 1656 Πατὴρ
911 1620 940 1646 ἓν
957 1620 1038 1655 ἐσμεν
1049 1627 1055 1634 ·
1077 1619 1123 1646 καὶ
1134 1618 1188 1653 ἐγὼ
1199 1620 1228 1645 ὲν
1237 1619 1275 1654 τῷ
1289 1619 1376 1655 Πατρὶ
1389 1620 1435 1646 καὶ
1445 1620 1459 1646 6
1470 1620 1564 1656 Πατὴρ
1576 1620 1604 1647 ἐν
1616 1621 1687 1656 ἐμοί.
1703 1631 1712 1646 ι
1731 1621 1774 1652 Ὠς
1786 1622 1812 1655 γ’
1821 1619 1870 1648 οὖν
1882 1623 1898 1648 6

267 1668 397 1704 ἑωρακὼς
407 1667 487 1694 αὑτὸν
499 1667 603 1702 ἑώρακε
623 1667 668 1694 τὸν
687 1668 808 1704 Πατέρα,
826 1668 896 1695 κατὰ
907 1668 961 1699 τὸ,‹
973 1665 1002 1694 ’σ
1010 1667 1203 1703 ὲωρακὼς,ὲμὲ
1217 1667 1322 1702 ἑώρακε
1341 1667 1386 1694 τὸν
1407 1667 1517 1704 Πατέρα
1533 1668 1578 1694 τὸν
1592 1668 1737 1703 πέμψαντά
1756 1677 1805 1704 με·
1820 1679 1830 1695 ι
1851 1670 1899 1696 τὸν

267 1716 454 1751 αὐτὸντρόπον
463 1717 477 1742 6
486 1715 568 1742 αὑτοῦ
578 1715 684 1743 ἀκούων
692 1715 739 1742 τοῦ
759 1716 788 1742 ἐν
803 1715 876 1751 αὑτῷ
887 1716 992 1752 Πατρὸς
1011 1716 1093 1750 1ἤκουε
1111 1714 1234 1749 λέγοντος
1243 1714 1282 1746 τὸ,
1295 1725 1303 1740 ι
1317 1715 1386 1749 Ἐγώ
1400 1717 1457 1751 εἰμι
1471 1717 1517 1742 καὶ
1527 1716 1578 1743 οὐκ
1592 1716 1664 1744 ἐστιν
1673 1717 1710 1743 ἔτι
1720 1717 1789 1752 πλὴν
1799 1717 1896 1752 ἐμοῦ..

304 1764 367 1792 Hmc
397 1764 510 1792 etl'usius
534 1764 663 1797 diximus,
687 1764 877 1792 demonstrare
901 1768 1052 1800 quaerentes

1141 1763 1234 1790 Ταῦτα
1256 1763 1278 1790 δ’
1293 1765 1360 1799 ἡμῖν
1383 1764 1420 1796 ὠς
1437 1765 1465 1791 ὲν
1486 1764 1656 1800 τηλικούτοις
1677 1766 1783 1801 εἴρηται
1804 1774 1898 1801 παρα-

267 1811 338 1846 quod
352 1811 446 1847 procul
467 1811 549 1838 dubio
565 1819 653 1846 neque
666 1812 789 1838 omnium
804 1811 888 1843 Deus,
903 1820 991 1847 neque
1003 1819 1052 1838 an-

1105 1809 1202 1844 στῆσαι
1218 1809 1397 1844 βουλομένοις,
1410 1811 1450 1836 ὅτι
1464 1810 1496 1846 δὴ
1514 1811 1721 1846 ἀναμφιλέκτως
1735 1811 1796 1838 οὔτε
1813 1814 1829 1838 6
1844 1813 1899 1838 τῶν

267 1858 352 1892 gelica
381 1857 484 1892 qtucvis
513 1861 648 1892 potestas,
675 1857 722 1884 sed
748 1857 837 1892 ipsum
863 1857 909 1885 Dei
934 1857 1052 1885 Verbum

1105 1856 1171 1882 ’ὁλων
1187 1856 1262 1888 Θεὸς,
1277 1855 1339 1882 οὔτε
1358 1857 1489 1892 ἀγγελική
1512 1866 1552 1889 τις
1568 1857 1682 1892 δύναμις
1705 1856 1738 1893 ἦν
1753 1859 1770 1893 ἡ
1788 1867 1900 1894 χρημα-

269 1903 354 1939 Moysi
381 1903 518 1938 apparuit,
537 1904 609 1939 quod
642 1903 757 1932 ﬁrmiter
781 1904 960 1937 credidimus,
991 1909 1052 1940 post

267 1951 388 1977 omnium
403 1949 510 1978 Patrem
528 1954 554 1977 et
571 1950 726 1982 Dominum.
739 1951 889 1978 secundum
905 1959 966 1979 esse
993 1960 1052 1978 om-

268 1998 342 2025 nium
372 1997 513 2024 Dominum
529 2001 556 2024 et
577 1997 682 2029 Deum;
699 1997 769 2025 sicut
796 1997 917 2025 Joannes
935 2005 1054 2033 evange-

267 2044 329 2072 lista
345 2043 425 2071 nobis
439 2043 613 2078 apertissime
625 2043 755 2076 ostendit,
772 2044 867 2072 dicens
882 2054 888 2071 :
906 2053 915 2069 ι
935 2044 962 2071 1η
976 2045 1052 2079 prin-

267 2089 340 2124 cipio
356 2093 414 2117 erat.
425 2089 554 2120 Verbum,
573 2094 600 2117 et
614 2089 732 2116 Verbum
752 2093 811 2116 erat
826 2090 898 2125 apud
916 2090 1009 2121 Deum,
1025 2093 1051 2117 et

271 2134 343 2162 Dens
357 2139 415 2162 erat
427 2135 546 2163 Verbum
559 2136 605 2162 ⁸⁸⁸.
625 2145 634 2161 ι
653 2135 748 2163 Nimia:
762 2140 853 2163 autem
867 2143 956 2171 opera!
967 2143 1054 2170 neque

268 2181 400 2216 propositi
431 2181 517 2208 nostri
544 2185 617 2209 esset
643 2182 788 2217 exquirere
809 2182 871 2216 quis
887 2182 974 2212 locus,
991 2189 1053 2216 qua:

268 2232 344 2262 petra
359 2226 456 2260 forent,
473 2227 506 2253 de
525 2227 625 2262 quibus
643 2227 709 2255 dicit
726 2228 859 2255 Dominus
874 2237 881 2255 :
902 2237 911 2253 ι
930 2227 1000 2255 Ecce
1012 2232 1053 2255 est

268 2272 344 2298 locus
370 2271 440 2306 apud
465 2279 508 2298 me
531 2275 558 2298 et
586 2272 672 2299 stabis
691 2280 774 2307 super
798 2277 902 2307 petram
917 2273 950 2300 δι.
971 2283 980 2298 ι
1000 2272 1052 2299 Sed

266 2318 336 2345 banc
354 2322 457 2352 petram
485 2318 631 2352 Apostolus
649 2318 779 2345 indicavit
799 2318 893 2345 dicens
912 2328 918 2345 ε
940 2328 948 2343 ι
968 2317 1048 2345 Petra

267 2367 357 2391 autem
372 2368 430 2391 erat
443 2363 570 2391 Christus
581 2363 627 2390 δί’.
646 2374 654 2388 ι
668 2363 749 2391 Petra
768 2364 899 2399 iocusque
914 2368 992 2391 erant
1007 2372 1054 2391 ea-

266 2409 339 2440 dem,
354 2409 489 2444 suspicor,
504 2416 565 2444 quae
576 2409 656 2436 obvia
675 2409 784 2436 fuerunt
795 2407 897 2435 Jacobo
908 2429 915 2440 ,
931 2416 993 2435 cum
1011 2409 1053 2435 di-

267 2454 361 2481 citur:
381 2464 390 2480 l
405 2441 542 2489 Egressus
574 2453 657 2488 igitur
679 2452 764 2481 Iacob
795 2453 829 2481 de
862 2458 944 2489 puteo
973 2454 1050 2488 jura-
1069 2441 1092 2469 D

267 2500 372 2532 menti,
404 2500 532 2536 pergebat
559 2499 680 2533 Harrah;
699 2504 725 2527 et
747 2500 856 2527 obvium
884 2500 980 2527 habuit
1011 2501 1053 2527 lo-

267 2553 329 2572 cum
339 2546 374 2578 “,
394 2556 403 2572 ι
423 2553 466 2578 ac,
485 2546 530 2573 ubi
550 2546 577 2573 in
594 2546 697 2573 somnis
712 2545 807 2573 videns
823 2546 924 2574 scalam
935 2566 942 2578 ,
959 2546 1052 2581 illique

268 2591 391 2618 innixum
428 2591 592 2622 Dominum,
638 2599 701 2618 cum
739 2592 921 2625 evigilasset.
952 2591 1050 2619 dixit:

271 2645 280 2662 ι
299 2636 508 2665 VereDomiuus
521 2641 563 2664 est
588 2637 614 2664 in
631 2637 690 2664 loco
712 2637 764 2664 isto
776 2637 822 2668 η’,
843 2646 852 2662 ι
870 2644 902 2664 ac
929 2645 1026 2664 rursus
1045 2647 1050 2664 :

270 2691 280 2708 ι
296 2681 382 2715 Quam
398 2683 528 2710 terribilis
542 2689 584 2711 est
604 2683 680 2711 locus
695 2683 764 2710 iste!
783 2682 843 2710 Non
858 2687 899 2710 est.
912 2683 956 2710 hic
976 2683 1050 2710 aliud

269 2728 322 2755 nisi
336 2729 434 2756 domus
451 2728 497 2755 Dei
523 2734 550 2756 et
574 2735 650 2765 porta
677 2730 739 2756 mali
752 2729 788 2756 ".
807 2739 816 2755 ι
834 2729 963 2762 Quasnam
988 2738 1053 2756 vero

269 2773 397 2801 sitlacies
411 2774 457 2802 Dei
472 2775 561 2806 Verbi.
578 2783 659 2810 quam
669 2776 762 2811 nequit
777 2775 893 2811 Moyses,
905 2776 931 2804 id
943 2779 985 2804 est
999 2777 1052 2807 lex,

1103 1901 1214 1934 τίζουσα
1230 1902 1269 1937 τῷ
1280 1903 1402 1935 Μωῦσεῖ,
1422 1903 1501 1935 αὐτὸς
1511 1903 1539 1929 δέ
1556 1904 1570 1930 6
1584 1903 1656 1935 Θεῖος
1672 1904 1766 1938 Λόγος,
1777 1904 1806 1930 ὃν
1816 1905 1898 1940 ἀκρι-

1105 1948 1159 1980 σῶς
1174 1948 1396 1984 πεπιστεύκαμεν
1416 1949 1484 1984 μετὰ
1506 1949 1552 1975 τὸν
1566 1949 1619 1976 τῶν
1636 1949 1703 1976 ὅλων
1721 1950 1834 1985 Πατέρα
1851 1951 1899 1978 καὶ

1105 1996 1206 2032 Κύριον
1221 1996 1346 2032 δεύτερον
1365 1993 1433 2022 εἶναι
1450 1995 1504 2022 τῶν
1517 1995 1646 2023 ἀπάντων
1659 1996 1724 2022 Θεόν
1738 2005 1766 2022 τε
1785 1997 1834 2022 καὶ
1844 1997 1899 2023 Κύ-

1106 2051 1179 2078 ριον⁸
1193 2042 1287 2077 ὥσπερ
1313 2041 1345 2076 δὴ
1362 2042 1408 2068 καὶ
1424 2042 1438 2068 6
1454 2041 1648 2077 εὐαγγελιστὴς
1670 2042 1797 2077 Ἰωάννης
1815 2043 1899 2076 σαφέ-

1105 2097 1199 2124 στερον
1214 2089 1288 2123 ἡμᾶς
1299 2087 1423 2114 παιδεύει
1433 2087 1529 2121 λέγων’
1546 2097 1554 2112 ι
1578 2087 1621 2113 Ἐν
1633 2088 1702 2124 ἀρχῇ
1717 2085 1750 2123 ἦν
1764 2089 1779 2114 6
1799 2088 1897 2123 Λόγοςι

1104 2135 1151 2161 καὶ
1163 2135 1177 2160 6
1191 2134 1276 2168 Λόγος
1286 2131 1319 2169 ἦν
1331 2133 1398 2169 πρὸς
1410 2132 1455 2158 τὸν
1465 2132 1530 2159 Θεὸν
1542 2141 1549 2147 '
1563 2133 1610 2159 καὶ
1625 2133 1691 2165 Θεὸς
1701 2131 1735 2168 ἦν
1746 2135 1760 2159 ὁ
1776 2135 1878 2169 Λόγος·
1887 2145 1896 2159 ι

1105 2179 1205 2215 πολλῆς
1221 2180 1242 2205 δ’
1259 2179 1291 2206 ἂν
1306 2179 1408 2213 γένοιτο
1425 2179 1472 2205 καὶ
1491 2178 1551 2213 οὐχὶ
1569 2179 1619 2214 τῆς
1632 2180 1773 2215 παρούσης
1798 2181 1898 2216 σχολῆς

1105 2226 1262 2262 σαφηνίζειν
1287 2226 1329 2258 τίς
1347 2225 1390 2261 ἄρ’
1402 2226 1444 2261 εῐη
1462 2227 1476 2252 6
1494 2225 1575 2257 τόπος
1592 2226 1666 2261 καὶὴ
1682 2226 1768 2261 πέτρα
1780 2228 1847 2262 περὶ
1862 2224 1899 2254 ὧν

1104 2269 1180 2297 εἶπεν
1196 2273 1209 2297 6
1225 2271 1336 2307 Κύριος,
1357 2280 1366 2296 ι
1388 2271 1453 2298 Ἰδοὺ
1469 2271 1550 2304 τόπος
1578 2273 1643 2307 παρ’
1658 2273 1719 2308 ἐμοὶ
1738 2274 1786 2299 καὶ
1812 2275 1898 2310 στήσῃ

1104 2316 1149 2342 ἐπὶ
1164 2316 1212 2351 τῆς
1228 2316 1330 2351 πέτρας
1340 2325 1346 2331 ³
1362 2326 1371 2342 ι
1391 2316 1447 2343 ἀλλ’
1464 2318 1478 2343 6
1488 2317 1538 2352 μὲν
1561 2317 1721 2349 ’Λπόστολος
1730 2318 1781 2353 τὴν
1795 2319 1899 2354 πέτραν

1105 2362 1237 2397 ἐδήλωσεν
1251 2362 1346 2393 εἰπὼν,
1366 2371 1376 2388 ι
1398 2362 1430 2389 'H
1446 2363 1532 2398 πέτρα
1546 2363 1574 2390 δὲ
1594 2361 1628 2399 ἦν
1639 2365 1653 2390 6
1671 2363 1798 2400 Χριστός.
1813 2376 1823 2391 ι
1842 2367 1899 2393 οὐχ

1105 2408 1183 2435 ἄλλον
1197 2408 1224 2434 δέ
1239 2409 1288 2443 τῆς
1300 2409 1404 2444 πέτρας
1419 2409 1484 2436 ὄντα
1498 2410 1545 2436 καὶ
1561 2411 1607 2437 τὸν
1615 2410 1696 2437 τόπον
1709 2411 1898 2447 ὑπολαμὸάνω

1106 2454 1151 2481 τὸν
1167 2454 1246 2481 αὑτὸν
1276 2456 1443 2490 τυγχάνοντα
1470 2455 1508 2490 τῷ
1534 2456 1719 2492 ἀπαντήσαντι
1737 2457 1777 2492 τῷ
1800 2458 1898 2485 Ἰακὼΰ

1108 2501 1171 2528 ἔνθα
1196 2501 1360 2537 γέγραπται,
1381 2512 1389 2528 ε
1423 2501 1548 2536 Ἐξῆλθεν
1571 2502 1599 2529 δὲ
1622 2503 1637 2529 6
1661 2502 1757 2529 ’ἰακὼὸ
1775 2505 1830 2531 ἀπὸ
1851 2505 1897 2531 τοῦ

1108 2547 1224 2583 φρέατος
1248 2546 1294 2573 τοῦ
1309 2548 1401 2582 ὅρκου,
1427 2548 1473 2574 καὶ
1489 2547 1624 2584 ἐπορεύθη
1642 2550 1681 2581 είς
1696 2550 1822 2586 Χαῤῥάν.
1847 2551 1900 2577 Καὶ

1107 2593 1246 2628 ἀπήντησε
1261 2593 1336 2628 τόπῳ
1353 2603 1362 2619 ι
1382 2593 1445 2620 ἔνθα
1459 2593 1507 2620 καὶ
1523 2593 1584 2620 ἰδὼν
1598 2595 1627 2621 ἑν
1637 2595 1756 2630 ὁράματι
1770 2596 1820 2631 τὴν
1838 2596 1898 2622 κλί-

1109 2648 1182 2674 μακα
1198 2639 1297 2666 καὶτὸν
1307 2639 1350 2665 ἐπ’
1365 2639 1448 2674 αὐτῆς
1464 2640 1659 2676 ἐστηριγμένον
1673 2641 1899 2676 Κύριον,διυπνι-

1107 2685 1180 2717 σθείς
1194 2694 1286 2721 φησιν,
1304 2695 1314 2711 ‹
1330 2685 1391 2712 Ὅτι
1404 2685 1461 2711 ἔστι
1477 2685 1578 2721 Κύριος
1594 2687 1622 2713 ἐν
1635 2686 1673 2722 τῷ
1686 2688 1762 2723 τόπῳ
1779 2688 1896 2723 τούτῳ-ι

1107 2732 1154 2758 καὶ
1182 2731 1263 2758 πάλιν
1285 2729 1370 2758 εἶπενθ
1387 2742 1395 2757 ι
1422 2732 1465 2763 Ὠς
1488 2732 1602 2768 φοΰερὸς
1622 2734 1636 2759 6
1655 2733 1737 2765 τόπος
1748 2730 1838 2766 οὗτος.
1850 2735 1898 2761 οὒκ

1109 2777 1165 2804 ἐστι
1184 2777 1262 2804 τοῦτο
1287 2777 1343 2804 ἀλλ’
1358 2778 1375 2812 ῆ
1393 2775 1466 2808 οἶκος
1481 2777 1528 2804 τοῦ
1545 2777 1627 2804 Θεοῦ·
1644 2780 1691 2806 καὶ
1711 2780 1811 2815 αὑτὴή
1827 2780 1897 2816 πύλη

304 2863 331 2904 δί
345 2862 423 2904 Ιοξιη.
440 2873 511 2896 xvu,
593 2865 725 2904 "quetu.
743 2873 834 2904 xxxnr.
853 2867 905 2904 ὅθι
933 2866 958 2904 ξ’
979 2867 1046 2894 Joan

1105 2869 1168 2896 .30.
1207 2868 1241 2904 ιε’
1255 2867 1319 2904 ibid.
1338 2868 1382 2895 58.
1422 2868 1645 2900 ‘°Joan.xtv,9
1696 2869 1824 2899 wJoau.
1838 2871 1896 2904 1,4.

269 2897 292 2914 ⁶¹
313 2898 397 2927 Exod.
418 2907 518 2934 xum,
537 2900 581 2928 21.
619 2901 652 2917 ⁴¹¹
674 2901 756 2929 lCor.
773 2910 800 2935 ιι,
817 2903 844 2930 Δ.
886 2902 906 2917 δ’
928 2902 995 2931 Gen.
1015 2911 1049 2930 xx

1105 2924 1110 2936 ,
1130 2904 1171 2931 10.
1211 2903 1244 2919 ⁸⁸⁸
1265 2903 1330 2931 ibid.
1351 2905 1393 2932 l6.
1432 2905 1454 2920 ”
1474 2904 1540 2932 ibid.
1560 2905 1601 2932 l7.
