2037 3215
173 226 241 256 1069

698 224 845 258 ΕΩιΟϐΛΕ
862 230 1098 258 ΡΒΟΡΗΕΤΙΕίΕ.
1118 245 1153 250 -
1171 224 1234 257 LIB.
1256 224 1275 256 Ι.

1726 227 1794 259 ὶθῖθ

170 288 217 314 τοῦ
235 288 359 324 οὐρανοῦ.
386 298 395 314 ι
419 289 498 316 Ἀλλὰ
514 288 561 316 καὶ
575 289 600 315 τί
623 289 652 315 τὺ
669 290 813 326 πρόσωπον
829 291 875 318 τοῦ
889 290 955 318 Θεοῦ

1012 294 1040 316 ιιι
1055 290 1173 316 humana
1203 289 1285 316 nimis
1311 289 1524 324 corporalisque,
1541 288 1654 322 intueri;
1669 296 1793 324 quaenam

170 332 292 367 Λόγου,ὃ
306 334 342 369 μὴ
351 333 460 361 δύναται
469 335 587 370 Μωῡσῆς
598 335 612 361 6
625 336 716 370 νόμος,
732 336 778 362 ἆτε
792 336 958 372 ἀνθρώπινος

170 379 218 405 καὶ
234 378 459 414 σωματικώτερος
468 379 515 412 ὢν,
531 380 643 416 θεωρεῖν
653 389 659 396 ·
677 381 738 407 τίνα
752 390 781 407 τε
797 382 831 408 τὰ
847 383 957 410 ὀπίσθια

170 423 264 455 αὑτοῦ,
281 423 298 450 a
316 422 395 459 μόνον
411 426 509 460 χωρεῖν
523 424 577 458 οἶός
591 435 620 452 τε
639 424 673 462 ἦν
688 428 702 452 ὁ
716 427 829 460 τυπικὸς
844 429 890 454 καὶ
905 428 958 456 τῶν

170 470 273 505 νοητῶν
290 470 460 505 συμϐολικῶς
474 471 541 506 (κὸς)
555 472 651 507 νόμος·
672 473 731 504 πῶς
748 482 777 500 τε
796 473 902 510 εἴρηται
916 474 955 506 τὸ,

174 524 183 540 ιι
202 515 336 542 Σκεπὰσω
358 517 389 551 τῇ
409 517 479 551 χειρί
498 525 549 552 μου
570 517 616 544 ἐπὶ
632 518 671 550 σὲ,
693 528 701 544 ι
720 518 895 554 καλύμματος
910 521 957 548 καὶ

171 561 276 597 σκέπης
302 562 487 597 ἐπιτιθεμένου
511 563 548 598 τῷ
570 563 659 599 νόμῳ,
690 563 727 596 ὼς
755 565 798 591 διὰ
827 565 906 592 τοῦτο
928 566 957 592 τὸ

170 606 302 642 κάλυμμα
316 607 351 634 τὰ
368 609 416 643 μὲν
429 609 516 635 ὀπίσω
530 609 657 646 δύνασθαι
671 610 748 646 ὁρᾷν,
766 611 855 638 οὐκέτι
877 613 905 639 δὲ
924 613 958 640 τὰ

171 654 364 690 προηγούμενα
385 655 430 681 καὶ
456 654 634 691 διαφέροντα·
653 651 706 693 ἰδία
729 656 799 684 κατὰ
816 659 920 695 καιρὸν,
936 656 957 694 ᾧ

172 699 248 735 μέλει
260 700 309 736 τῆς
315 700 417 727 τούτων
433 701 556 737 ἐρεύνης.
575 696 850 740 ἐπιστήσαςεῖσεται.

434 756 630 785 ΚΕΦΑΛΑΙΟΝ
648 759 695 785 1Γ¹.

177 801 224 828 Ἐκ
234 800 293 827 τῶν
313 800 449 836 Ἀριθμῶν
463 801 518 837 τῆς
528 804 611 837 γ’τοῦ
627 805 751 839 Βαλαὰμ
764 806 953 841 προφητείας.
1006 806 1011 813 ’

209 857 219 872 «
243 846 425 879 Ἐξελεύσεται
435 848 577 885 ἄνθρωπος
587 850 618 876 ὲκ
633 850 679 877 τοῦ
691 852 846 887 σπέρματος
862 853 955 885 αὑτοῦ,

170 893 222 927 καὶ.
233 893 370 928 κυριεύσει
389 894 473 921 ἐθνῶν
486 894 589 923 πολλῶν
598 905 605 911 ·
620 896 666 922 καὶ
683 897 853 934 ὑψωθήσεται
866 900 882 934 ὴ
896 899 957 934 Γὼγ

171 937 304 989 per-etlam,
329 938 576 989 καὶιαὺξηθήσεται
598 942 614 976 ὴ
640 941 761 977 βασιλεία
776 944 872 971 αὑτοῦ·
891 945 956 977 Θεὸς
973 961 992 989 Β

168 982 311 1019 ὡδήγησεν
330 984 411 1011 αὑτὸν
423 986 452 1018 ἐξ
464 986 610 1020 Αἰγύπτου,
628 988 664 1020 ὼς
680 989 758 1021 δόξαν
772 991 956 1026 μονοκέρωτος

169 1029 246 1064 αὐτῷ
255 1038 261 1044 ·
276 1030 363 1057 ἔδεται
375 1030 437 1067 ἔθνη
452 1031 556 1068 ἐχθρῶν
569 1033 661 1066 αὑτοῦ,
674 1034 762 1061 καὶτὰ
777 1035 849 1071 πάχη
867 1035 956 1062 αὑτῶν

171 1076 320 1111 ὲκμυελιεῐ,
331 1078 378 1104 καὶ
386 1079 444 1110 ταῖς
454 1078 554 1113 βολίσιν
562 1080 643 1106 αὑτοῦ
657 1081 832 1114 κατατοξεύει
848 1082 954 1118 ἐχθρόν.

169 1121 353 1153 Κατακλιθεὶς
372 1123 543 1150 ἀνεπαύσατο
560 1123 597 1155 ὠς
612 1124 688 1157 λέων,
705 1126 751 1152 καὶ
768 1126 805 1158 ὡς
819 1127 954 1161 σκύμνος

170 1169 212 1201 τίς
223 1170 368 1206 ἀναστήσει
384 1171 464 1198 αὑτόν
477 1180 483 1204 ;
501 1173 525 1198 οἱ
538 1171 710 1206 εὐλογοῦντές
727 1181 767 1206 σε,
783 1173 954 1210 ηὺλόγηνταισ

169 1216 218 1242 καὶ
244 1217 269 1242 oi
296 1216 484 1252 καταρώμενοι
512 1227 551 1250 σε,
575 1219 784 1254 κεκατήρανται.
808 1230 817 1246 ν
840 1220 956 1256 Χριστός

170 1262 244 1288 ἐστιν
260 1262 273 1287 6
290 1263 322 1288 ὲκ
335 1263 489 1298 σπέρματος
511 1263 618 1299 Ἰσραὴλ
629 1262 659 1290 τὺ
671 1266 739 1292 κατὰ
757 1265 846 1302 σάρκα
860 1276 956 1303 γεννη-

170 1307 237 1339 θεὶς,
255 1308 300 1334 καὶ
317 1306 462 1344 κυριεύσας
482 1307 565 1336 ὲθνῶν
576 1311 679 1337 πολλῶν
689 1320 696 1327 ·
714 1313 787 1339 ποῖον
803 1313 856 1349 γὰρ
871 1313 957 1351 ὑπῆρ-

171 1353 216 1385 ξεν
231 1353 304 1385 ἔθνος
318 1354 453 1389 ὰγνοῆσαν
473 1355 522 1390 τὴν
540 1356 584 1382 ὑπ’
603 1356 683 1384 αὑτὸν
697 1357 828 1391 δουλείαν,
847 1361 886 1392 είς
905 1362 956 1387 πᾶ-

171 1406 221 1423 σαν
234 1398 281 1433 τὴν
289 1396 340 1434 γῆν
348 1399 500 1432 ἐξελθόντος
510 1401 556 1427 τοῦ
566 1401 644 1436 λόγου
658 1402 712 1428 τῶν
723 1403 850 1439 μαθητῶν
861 1406 954 1439 αὑτοῦ,

169 1444 218 1470 καὶ
231 1445 269 1476 εἰς
285 1445 319 1472 τά
334 1446 478 1482 σπέρματα
501 1449 549 1483 τῆς
562 1449 722 1485 οἰκουμένης
748 1451 802 1477 τῶν
827 1453 956 1488 ῥημάτων

168 1490 277 1535 αὑτῶνς
296 1492 374 1527 Παρά
388 1494 413 1526 γ’
438 1491 484 1520 οὖν
505 1494 640 1527 πλείστοις
656 1496 701 1522 καὶ
716 1497 805 1523 αὐτῶν
820 1499 874 1525 τῶν
890 1499 956 1535 βαρ-

169 1532 263 1572 ϐάρων
275 1537 388 1569 πολλοὺς
400 1538 473 1565 ἔστιν
494 1540 557 1566 ἰδεῖν
569 1540 612 1567 διὰ
628 1542 677 1577 τῆς
695 1544 735 1574 εἰς
746 1544 827 1570 αὑτὸν
840 1532 956 1578 πίστεως

169 1582 218 1608 ἐπὶ
235 1583 283 1617 τὴν
296 1583 343 1609 τοῦ
355 1584 413 1616 ένὺς
425 1584 491 1611 Θεοῦ
507 1585 537 1620 (Γ.
550 1586 593 1621 15)
608 1587 708 1620 γνῶσιν
725 1588 895 1624 ἐληλυθότας,
909 1593 955 1618 καὶ

1009 338 1035 361 et
1048 338 1123 369 terga
1145 334 1217 369 ejus,
1241 342 1302 370 quae
1322 338 1427 362 tantum
1444 334 1602 370 conspicere
1624 335 1730 362 valebat
1749 339 1794 370 ιιι

1007 382 1070 417 pica
1085 386 1112 409 et
1125 381 1296 416 spiritalium
1311 382 1459 417 symbolice
1479 381 1539 413 lex;
1555 382 1691 416 quomodo
1716 381 1794 409 dicae

1008 431 1072 454 tur:
1088 436 1097 452 α
1113 426 1256 462 Protegam
1280 430 1307 454 te
1330 428 1440 454 dextera
1460 434 1530 458 mea,
1546 435 1557 452 ι
1573 427 1652 462 quasi
1681 427 1742 454 velo
1766 432 1795 454 et

1009 473 1129 507 tegmine
1143 473 1193 508 legi
1210 472 1339 506 obducto,
1355 477 1385 501 ut
1395 481 1443 508 per
1455 473 1521 500 illud
1534 474 1622 500 velum
1638 474 1792 508 posteriora

1007 519 1096 553 possit
1114 519 1248 553 aspicere,
1274 527 1329 546 non
1353 524 1444 547 autem
1467 520 1604 547 anteriora
1628 524 1656 548 et
1673 519 1789 554 potiora,

1010 566 1168 600 singulatim
1187 566 1213 592 in
1230 569 1353 600 tempore
1369 572 1524 601 opportuno
1545 566 1628 601 hujus
1644 566 1792 602 investigad

1007 609 1090 638 tionis
1107 610 1239 639 studiosis
1259 611 1458 646 explanabitur.

1298 749 1412 782 CAPUT
1430 751 1498 781 Xlll.

1086 801 1127 829 Ea:
1143 800 1322 830 Numerorum
1337 803 1542 830 tertia'Balaam
1558 803 1700 837 prophelia.

1046 857 1056 874 ι
1075 847 1235 883 Egredietur
1251 849 1330 876 homo
1344 849 1376 876 de
1389 849 1492 877 semine
1509 849 1577 884 ejus,
1599 853 1626 876 et
1638 845 1791 877 dominabi‘

1007 888 1051 921 tur
1068 895 1094 921 in
1115 895 1240 930 gentibus
1258 896 1363 923 multis.
1380 895 1502 922 Tolletur
1526 895 1600 930 Agag
1614 903 1661 923 rex
1677 896 1748 930 ejus.
1764 898 1792 923 ct

1008 940 1148 968 auferetur
1162 948 1274 980 regnum
1289 941 1372 968 illius.
1397 940 1468 968 Deus
1488 940 1581 968 eduxit
1598 940 1673 967 illum
1693 940 1727 968 de
1742 939 1792 968 Εά

1008 989 1100 1021 gypto,
1118 985 1198 1020 cujus
1214 985 1346 1013 fortitudo
1360 985 1457 1012 similis
1473 986 1515 1012 est
1531 985 1722 1012 rhinocerotis.
1739 983 1791 1012 Deo'

1008 1031 1143 1058 vorabunt
1159 1036 1250 1066 gentes
1264 1031 1356 1058 hostes
1372 1031 1456 1063 illius,
1475 1037 1591 1065 ossaque
1603 1038 1698 1057 eorum
1723 1037 1791 1057 con-

1008 1077 1127 1111 fringent
1140 1081 1167 1103 et
1181 1076 1359 1112 perforahunt
1373 1077 1491 1111 sagittis.
1508 1076 1653 1103 Accuhans
1662 1075 1791 1103 dormivit

1007 1127 1037 1150 ut
1054 1123 1094 1150 leo
1108 1127 1135 1150 et
1157 1123 1234 1157 quasi
1248 1123 1334 1150 leonis
1351 1123 1468 1150 catulus.
1485 1122 1552 1155 Quis
1573 1129 1634 1149 eum
1656 1122 1792 1149 suscitare

1007 1169 1138 1197 audebit?
1151 1169 1201 1202 Qui
1219 1168 1406 1196 benedixerint
1421 1169 1480 1200 tibi,
1495 1171 1574 1196 erunt
1589 1171 1616 1195 et
1642 1167 1692 1202 ipsi
1709 1167 1791 1195 bene-

1007 1215 1083 1246 dicti;
1101 1215 1147 1249 qui
1159 1214 1358 1246 malediXei-int,
1375 1215 1401 1241 in
1417 1215 1606 1241 maledictione
1622 1214 1790 1249 reputabun'é

1006 1262 1051 1285 tur
1060 1258 1103 1285 ⁸³⁸.
1116 1268 1125 1284 ι
1136 1259 1263 1286 Christus
1274 1260 1368 1293 estqui
1382 1267 1414 1286 ex
1428 1259 1510 1286 Israel
1524 1259 1628 1286 semine
1639 1259 1790 1286 secundum

1007 1312 1116 1332 carnem
1144 1309 1226 1332 natus
1237 1324 1244 1336 ,
1263 1305 1411 1340 multisque
1426 1305 1551 1340 gentibus
1564 1305 1721 1332 dominatus
1737 1308 1789 1333 est’.

1006 1348 1136 1383 Quaenam
1159 1351 1231 1378 enim
1250 1358 1316 1386 gens
1341 1358 1395 1377 non
1420 1351 1549 1377 ditionem
1563 1351 1622 1385 ejus
1638 1351 1788 1386 agnoVerit.

1007 1395 1035 1422 in
1051 1403 1158 1424 omnem
1174 1400 1274 1423 terram
1289 1395 1388 1423 diﬂuso
1405 1396 1601 1431 discipulorum
1615 1396 1675 1431 ejus
1695 1396 1790 1433 verbo.

1007 1441 1302 1476 praedicationibusque
1328 1449 1422 1468 eorum
1436 1441 1513 1476 quasi
1527 1441 1676 1469 seminibus
1691 1442 1717 1468 in
1730 1442 1791 1468 uni-

1007 1495 1087 1515 versa
1112 1491 1183 1515 terra
1205 1487 1424 1522 sparsis?lgitur
1438 1487 1509 1522 apud
1537 1488 1683 1523 plerosque
1707 1489 1790 1516 etiam

1007 1532 1185 1560 barbarorum
1203 1533 1303 1559 multos
1319 1532 1411 1560 videre
1427 1537 1470 1560 est
1495 1532 1542 1568 qni
1559 1536 1608 1560 sua
1623 1533 1651 1560 in
1664 1541 1725 1560 eum
1739 1533 1791 1561 ﬁde

1007 1579 1040 1606 ad
1063 1579 1109 1606 Dei
1136 1579 1217 1606 unius
1241 1579 1383 1606 scientiam
1412 1583 1610 1613 pervenerunt,
1637 1587 1742 1614 suaque
1762 1579 1791 1606 in

170 1628 242 1663 ὑπερ
263 1628 311 1664 τῆς
340 1630 380 1661 είς
399 1630 479 1656 αὑτὸν
500 1631 641 1663 εὐσεϐείας
657 1634 787 1666 παντοίας
807 1635 886 1670 μέχρι
908 1636 955 1662 καὶ

1006 1625 1131 1652 eumdem
1144 1626 1242 1660 pietate
1257 1633 1339 1652 omne
1347 1629 1544 1652 tormentorum
1555 1633 1640 1660 genus
1665 1629 1792 1653 mortemt

169 1673 285 1702 θανάτου
307 1675 431 1708 κολάσεις
452 1677 660 1712 ὑπομείναντας.
677 1678 768 1715 Πέρας
788 1681 884 1716 ἔχουσα
902 1681 956 1708 τοί-

168 1715 217 1746 νυν
236 1720 282 1746 καὶ
299 1720 367 1756 αὓτη
383 1721 473 1755 σαφῶς
489 1722 506 1757 ἡ
521 1723 673 1758 προφητεία
690 1725 735 1751 ἐπὶ
755 1725 801 1751 τοῦ
813 1715 954 1762 θήμετέρου

169 1764 297 1800 Σωτῆρος
312 1766 518 1794 ἀποδείκνυται·
532 1767 548 1802 ἢ
571 1770 735 1805 παραστήτω
746 1777 788 1802 τις
802 1771 879 1803 ἄλλος
895 1773 955 1799 ἐπι-

169 1811 277 1842 δεικνὺς
291 1812 337 1838 ἐπὶ
352 1812 412 1838 τίνα
437 1813 470 1839 ἂν
482 1813 567 1840 ταῦτα
580 1815 741 1850 ἀναφέροιτο
750 1824 756 1831 ⁵
772 1816 833 1843 καθ’
845 1815 917 1853 ἡμᾶς
928 1818 955 1845 δὲ

169 1855 313 1892 πρόδηλον,
337 1857 374 1888 ὡς
401 1857 447 1884 καὶ
469 1857 579 1890 αὔξεται
601 1860 736 1895 ὁσημέραι
756 1860 803 1886 τοῦ
829 1861 955 1896 Σωτῆρος

167 1900 248 1936 ἡμῶν
265 1903 281 1937 ἡ
303 1903 384 1938 νοητὴ
399 1903 520 1938 βασιλεία
536 1913 566 1930 τε
580 1905 626 1931 καὶ
646 1905 788 1933 δεσποτεία
803 1907 878 1942 παρὰ
894 1909 954 1940 ταῖς

168 1947 380 1982 ὑποδεξαμέναις
404 1949 448 1976 τὸν
472 1949 548 1985 λόγον
573 1951 652 1978 αὐτοῦ
675 1952 790 1987 ψυχαῖς·
807 1952 900 1988 ὑψώθη
927 1953 954 1979 δὲ

167 1992 241 2020 κατὰ
261 1994 311 2029 τὴν
330 1996 480 2030 παρουσίαν
502 1996 584 2023 αὑτοῦ
601 1998 647 2024 καὶ
664 1998 680 2033 ἡ
695 1997 756 2032 Γὼγ
773 1998 904 2033 βασιλεία,
920 1999 954 2034 ἢν

168 2038 334 2074 ὑπειλήφασί
356 2049 427 2073 τινες
454 2039 522 2068 εἴναι
549 2043 598 2078 τὴν
626 2043 768 2078 Ῥωμαίων
787 2045 951 2080 ἠγεμονίαν,

166 2084 242 2111 ἄλλοι
254 2085 283 2112 δὲ
295 2087 431 2122 τροπικῶς
458 2087 506 2123 τὴν
526 2088 596 2115 κατὰ
610 2087 639 2116 τὺ
655 2089 819 2124 Εὐαγγέλιον
835 2090 954 2126 ἐπουρὰ-

165 2139 222 2157 νιον
245 2131 389 2162 πολιτείαν,
411 2133 458 2160 καὶ
481 2134 528 2169 τὴν
549 2135 602 2161 τῶν
617 2135 719 2171 νοητῶν
731 2136 871 2170 δογμάτων
888 2136 954 2163 θεω-

166 2175 239 2211 ρίαν,
264 2176 308 2203 διὰ
335 2177 413 2203 τοῦτο
436 2176 584 2215 Γὼγ,ὃπερ
609 2178 788 2215 ἑρμηνεύεται
810 2180 952 2216 δόγματα,

165 2221 344 2256 σημαίνεσθαι
360 2222 532 2259 ἐξειλήφασιν
543 2233 550 2240 ·
563 2225 629 2252 ἀλλὰ
643 2227 691 2252 καὶ
705 2227 718 2252 6
731 2226 795 2258 Θεὸς
813 2226 953 2262 ὡδήγησεν

164 2267 247 2294 αὑτὸν
272 2268 301 2300 ἐξ
329 2269 477 2302 Αἰγύπτου,
499 2270 588 2306 ῥητῶς
609 2271 657 2306 μὲν
672 2272 716 2298 ὅτε
730 2271 925 2308 χρηματισθεὶς
938 2274 952 2299 ὁ

171 2315 270 2350 Ἰωσὴφ
298 2316 328 2348 ἐξ
349 2317 486 2351 Αἰγύπτου
504 2318 666 2353 παραλαῦὼν
687 2319 736 2354 τὴν
753 2319 869 2355 Μαριὰμ
892 2320 950 2354 ἅμα

163 2360 204 2395 τῷ
217 2361 292 2388 παιδὶ
313 2363 399 2398 Ἰησοῦ
417 2363 584 2399 ὑπέστρεψεν
595 2365 633 2395 εἰς
643 2365 693 2400 γῆν
713 2365 819 2401 Ἰσραὴλ
831 2366 950 2401 πληρου-

165 2406 250 2441 μένης
267 2407 315 2442 τῆς
331 2415 361 2433 τε
376 2407 422 2434 νῦν
435 2408 482 2434 καὶ
498 2408 548 2444 τῆς
566 2411 595 2436 ἐν
617 2410 694 2446 Ὠσηὲ
705 2411 774 2437 κατὰ
790 2411 821 2437 τὸ
843 2411 950 2447 Ἑϐραῖ-

163 2451 215 2477 κὸν
230 2452 275 2478 καὶ
291 2453 340 2488 τὴν
361 2452 472 2480 ’Δκύλου
486 2455 632 2490 ἑρμηνείαν
648 2456 816 2491 προφητείας
829 2457 948 2491 φασκού-

163 2505 226 2532 σης,
247 2508 256 2524 ‹
281 2499 325 2532 Ἐξ
349 2499 485 2533 Αἰγύπτου
504 2500 619 2526 ἐκάλεσα
639 2501 684 2526 τὸν
708 2501 764 2527 υιόν
787 2510 853 2536 μου·
875 2513 884 2528 ι
903 2503 950 2529 καὶ

162 2543 236 2570 κατὰ
252 2543 370 2571 διάνοιαν
386 2544 424 2577 δὲ,
450 2545 567 2580 ὁπηνίκα
587 2546 618 2572 ὲκ
637 2546 687 2580 τῆς
702 2546 800 2581 νοητῆς
813 2547 949 2581 Αἰγύπτου

1007 1679 1059 1706 que
1089 1671 1176 1705 ipsam
1204 1671 1404 1698 sustinuerunt.
1440 1670 1621 1705 Apertissime
1649 1671 1732 1705 igitur
1756 1670 1790 1698 ad

1007 1717 1175 1744 Salvatorem
1196 1721 1321 1744 nostrum
1338 1716 1395 1743 haec
1410 1720 1516 1751 spectat
1531 1716 1683 1751 prophelia.
1701 1715 1729 1743 Si
1745 1716 1790 1744 cui

1005 1763 1117 1790 dubium
1139 1763 1272 1795 videatur,
1290 1763 1353 1793 alia.
1371 1762 1450 1794 libet.
1469 1767 1637 1797 proponatur
1656 1763 1791 1797 interpre-

1006 1808 1083 1835 tatio.
1098 1808 1182 1835 Nobis
1197 1811 1286 1834 autem
1295 1808 1467 1842 perspicuum
1484 1811 1526 1835 est
1541 1815 1665 1835 crescere
1678 1807 1705 1834 in
1717 1808 1788 1835 diem

1005 1854 1128 1890 spiritale
1145 1853 1296 1881 Salvatoris
1312 1854 1399 1880 nostri
1419 1861 1531 1888 regnum
1558 1853 1585 1880 in
1611 1853 1709 1880 animis
1726 1861 1788 1888 qua

1004 1901 1117 1929 verbum
1134 1900 1194 1935 ejus
1210 1902 1384 1935 aCCeperunt.
1398 1898 1502 1926 Elatum
1518 1903 1560 1926 est
1570 1899 1630 1934 ejus
1643 1900 1788 1934 praesentia

1004 1947 1079 1982 Agag
1103 1953 1225 1981 regnum,
1240 1946 1312 1980 quod
1335 1945 1444 1980 quidam
1465 1945 1615 1972 Romanum
1644 1945 1788 1980 imperium

1005 1993 1174 2028 interpretati
1188 1998 1260 2024 sunt,
1273 1992 1318 2019 alii
1328 1999 1391 2019 vero
1400 1991 1543 2026 allegorice
1553 1991 1691 2018 cwlestem
1699 1991 1789 2018 Evans

1005 2040 1066 2075 gelii
1083 2039 1278 2074 rempublicam
1297 2043 1324 2065 et
1340 2037 1503 2073 spiritalium
1516 2037 1672 2072 dogmatum
1690 2045 1789 2071 ερρωμ-

1004 2085 1132 2111 lationem
1144 2104 1151 2116 ,
1173 2083 1230 2119 Gog
1246 2084 1322 2119 (sive
1336 2083 1426 2118 Agag)
1448 2083 1572 2118 dogmata
1604 2082 1785 2117 signiﬁcante.

1005 2130 1058 2157 Sed
1072 2135 1098 2157 et
1110 2130 1181 2157 Deus
1199 2130 1293 2157 eduxit
1306 2137 1368 2157 eum
1388 2129 1421 2156 de
1437 2121 1565 2164 Egypto,
1584 2128 1709 2156 videlicet
1724 2136 1787 2157 cum

1004 2176 1124 2211 Josepli,
1157 2176 1249 2203 divina
1280 2175 1449 2211 apparitione
1477 2175 1651 2207 admonitus,
1674 2174 1786 2202 Mariam

1003 2231 1065 2250 cum
1081 2230 1165 2257 puero
1180 2222 1288 2250 reduxit
1303 2223 1331 2249 in
1350 2226 1451 2249 terram
1465 2222 1560 2253 lsrael,
1577 2225 1607 2248 ut
1628 2221 1686 2248 hate
1712 2228 1788 2248 com-

1005 2269 1124 2304 pleretnr
1145 2276 1252 2296 necnon
1282 2268 1362 2300 Osee,
1392 2267 1541 2295 secundum
1568 2266 1730 2294 Hebraicum
1760 2270 1786 2294 et

965 2308 988 2336 D
1003 2315 1106 2350 Aquilae
1128 2315 1396 2350 interpretationem,
1419 2312 1561 2348 prophetia
1579 2313 1673 2339 dicens
1691 2319 1697 2337 :
1718 2320 1727 2337 ι
1745 2312 1787 2339 Ab

1003 2360 1120 2396 Egypto
1148 2360 1243 2387 vocavi
1269 2360 1353 2386 lilium
1379 2366 1468 2386 meum
1479 2358 1512 2391 “;
1531 2367 1540 2383 ›
1557 2361 1584 2384 at
1610 2365 1624 2384 e
1652 2358 1785 2385 sententia

1004 2411 1106 2438 nostra,
1121 2414 1182 2433 cum
1200 2406 1234 2433 ab
1250 2405 1367 2441 [Egypto
1383 2404 1500 2439 spiritali
1516 2407 1542 2430 ct
1557 2403 1625 2430 locis
1647 2402 1786 2430 terrestri-

1007 2454 1058 2481 bus
1074 2453 1108 2480 ad
1123 2453 1207 2480 caelos
1215 2452 1295 2479 Pater
1303 2459 1364 2478 eum
1372 2450 1474 2478 eduxit.
1491 2459 1500 2474 ι
1510 2449 1652 2476 Fortitudo
1665 2459 1674 2475 ι
1694 2453 1785 2477 autem

1006 2510 1015 2526 ι
1027 2499 1209 2527 rhinocerotis
1220 2509 1228 2524 ι
1241 2499 1267 2525 in
1283 2497 1424 2525 Salvatore
1437 2496 1526 2523 innuit
1535 2495 1663 2522 deitatem
1679 2496 1784 2530 patemi

1003 2547 1080 2582 regni
1093 2553 1153 2580 qua:
1164 2550 1205 2572 est
1222 2544 1248 2571 in
1260 2552 1303 2571 eo.

162 2589 274 2616 καὶτῶν
292 2590 354 2626 τῇδε
380 2591 471 2618 τόπων
487 2591 533 2618 ἐπὶ
544 2592 607 2623 τοὺς
623 2593 753 2627 οὐρανοὺς
769 2593 826 2627 ἅμα
841 2593 985 2629 λαμϐάνων
1001 2595 1080 2621 αὑτὸν
1091 2594 1105 2620 6
1135 2591 1228 2627 Πατὴρ
1247 2591 1386 2626 ὡδήγησεν
1397 2599 1403 2606 ι
1422 2592 1438 2626 ἡ
1471 2590 1498 2616 δὲ
1515 2589 1646 2625 λεγομένη
1678 2598 1688 2615 ι
1721 2588 1784 2622 δόξα

163 2637 358 2673 μονοκερώτων
377 2648 386 2663 ι
405 2640 433 2665 ἐν
445 2638 484 2674 τῷ
495 2639 599 2675 Σωτῆρι
620 2639 669 2675 τὴν
689 2641 716 2666 ὲν
741 2641 815 2676 αὐτῷ
832 2641 946 2677 θεότητα
963 2644 1013 2678 τῆς
1024 2641 1158 2677 πατρικῆς
1172 2639 1317 2666 αἰνίττεται
1332 2638 1489 2674 μοναρχίας.

199 2684 277 2710 Μετὰ
290 2684 374 2711 ταῦτα
388 2684 504 2720 εἴρηται,
515 2696 523 2710 α
540 2685 626 2712 ἔδεται
640 2685 701 2722 ἔθνη
717 2687 821 2722 ἐχθρῶν
834 2688 915 2714 αὐτοῦ
925 2697 948 2714 Ἱ

160 2731 213 2757 ὅσα
229 2730 282 2766 γὰρ
295 2731 347 2757 ὑπὸ
362 2730 411 2766 τὴν
426 2731 536 2767 διδαχὴν
553 2732 634 2758 αὑτοῦ
649 2732 759 2766 γέγονεν
776 2733 849 2768 ἔθνη,
866 2734 950 2761 ταῦτα

162 2776 295 2812 πρότερον
311 2778 389 2812 μερὶς
402 2777 570 2811 τυγχάνοντα
586 2777 640 2803 τῶν
652 2777 755 2813 ἐχθρῶν
773 2779 865 2809 αὑτοῦ,
882 2780 950 2814 μετὰ

161 2822 211 2857 τὴν
235 2824 275 2854 εἰς
300 2822 381 2849 αὑτὸν
409 2823 499 2849 πίστιν
527 2823 664 2858 ἐπιτήδεια
683 2823 775 2860 ὥσπερ
795 2827 834 2857 εἰς
848 2825 948 2860 βρῶσιν

161 2868 251 2903 ἑαυτῷ
273 2868 472 2898 κατεσκεύασε·
494 2869 527 2896 τὰ
551 2869 598 2905 μὲν
613 2870 697 2905 πάχη,
719 2871 790 2896 τοῦτ’
812 2871 869 2898 ἔστι
896 2872 949 2899 πᾶν

254 2947 335 2974 Num.
355 2955 427 2981 XIlV,
446 2948 461 2974 Ἰ
477 2948 503 2975 9,
542 2949 563 2965 ⁵⁵
583 2948 645 2977 Ose.
664 2957 703 2982 ιι,
721 2949 746 2976 1,

1035 2688 1101 2715 Post
1118 2688 1173 2714 lure
1184 2686 1296 2718 dicitur,
1314 2695 1323 2710 ι
1340 2685 1514 2712 Devorabunt
1525 2687 1619 2719 gentes
1641 2683 1735 2710 hostes
1752 2682 1785 2708 il-

999 2734 1062 2761 lius.
1084 2744 1092 2759 »
1110 2733 1284 2767 Qmecunque
1298 2732 1349 2759 sub
1364 2731 1423 2766 ejus
1438 2731 1581 2765 disciplina
1597 2730 1708 2757 fuerunt
1722 2737 1785 2764 gen-

999 2785 1050 2810 tes,
1068 2787 1129 2806 eum
1146 2779 1222 2814 prius
1240 2778 1330 2813 praeda
1341 2777 1466 2804 hostibus
1484 2777 1580 2804 devota
1592 2780 1695 2807 essent.
1710 2781 1784 2802 nmo

998 2826 1050 2853 ﬁde
1062 2826 1088 2852 in
1104 2834 1165 2853 eum
1182 2829 1304 2860 accepta.
1321 2824 1372 2858 ipsi
1389 2823 1467 2851 facta:
1481 2827 1545 2850 sunt
1566 2822 1645 2857 quasi
1660 2829 1722 2849 esca
1735 2829 1783 2856 pa-

998 2876 1066 2900 rata.
1084 2871 1152 2900 Ossa
1164 2879 1239 2904 vero,
1256 2871 1282 2897 id
1306 2875 1348 2898 est
1376 2870 1568 2905 quodcumque
1584 2869 1612 2896 in
1629 2869 1669 2896 eis
1685 2874 1778 2895 carna-
