2037 3215
215 803 218 805 Δ
262 775 359 798 rentur
386 775 413 799 et
443 771 488 798 illa
514 781 520 799 :

267 207 335 236 {071

625 207 758 234 EUSEBII
777 206 1018 235 CESARIENSIS
1035 207 1111 235 OPP.
1132 201 1521 236 ιδΑη8111.έΕΧΕϐΕΤ1οΔ.

1824 206 1887 233 f0?!

265 266 291 294 le
305 270 334 294 et
347 270 490 298 terrestre,
520 265 684 293 imminuens
697 270 724 293 et
750 266 882 294 attentius
896 267 1049 302 explorans,

1106 265 1283 301 συμπεφυκὸς
1295 266 1385 297 αὐτοῖς
1401 265 1491 292 ὑλικὸν
1514 264 1560 292 καὶ
1576 264 1677 300 γήϊνον,
1691 261 1830 290 λεπτύνων
1843 263 1886 312 καὶ

263 314 420 343 esculentos
439 313 547 348 propria
563 313 670 340 cultura
694 313 801 341 fructus
817 314 858 341 eis
874 313 973 342 etfacit.
991 313 1053 341 llaec

264 365 354 388 autem
382 359 553 395 spiritalibus
578 364 606 387 et
628 360 837 388 rationabilibus
850 364 997 388 exsecutus
1011 365 1055 398 es;

264 406 380 441 sagittis,
399 411 515 434 veterem
531 406 653 442 gentium
670 407 779 437 ducem.
796 407 895 442 suique
911 407 1052 434 inimicum

263 452 429 487 porfodiens,
445 452 549 480 scilicet
567 453 716 482 diabolum.
730 452 807 486 Quod
821 453 866 485 ad,
885 462 894 478 ι
908 453 1052 480 Accubans

263 498 393 526 dormivit
408 503 437 525 ut
452 499 504 529 leo.
521 508 530 524 ι
550 498 601 526 hoc
618 498 673 526 fere
701 498 799 526 iisdem
817 499 907 526 verbis
922 506 937 525 a
949 498 1052 526 Iacobo

263 544 291 571 in
304 544 362 572 suis
377 544 411 572 de
427 543 496 572 Juda
511 545 660 579 prophetiis
684 545 787 572 dictum
813 550 873 579 est;
896 545 976 580 cujus
990 553 1052 572 sen-

264 597 323 616 sum
340 589 395 624 jam
413 590 440 616 in
467 598 517 617 suo
534 590 594 617 loco
621 591 776 625 expositum
794 598 848 618 non
879 591 1050 618 iterabimus.

264 632 437 661 Manifestum
452 639 493 661 est
506 638 596 661 autem
614 635 686 670 quod
704 635 814 663 Christo
828 635 1051 663 benedicentibus

263 678 336 707 Deus
348 679 497 706 benedicet.
510 679 548 706 Ac
564 679 586 707 si
603 687 652 707 nos
671 685 882 708 exsecrarentur
901 686 929 707 ut
942 685 967 709 et
980 684 1052 709 vete-

264 733 320 752 rem
339 724 385 752 Dei
401 725 530 760 populum
548 725 679 761 IEgyplii,
700 726 726 753 in
750 727 829 754 nobis
845 731 935 754 tamen
953 727 1050 762 imple-

547 781 555 797 ι
575 771 739 807 Quantaque
763 773 955 808 opprimebant
980 781 1028 800 eos
1043 793 1050 804 ,

262 820 339 844 tanto
351 818 437 851 magis
452 817 705 852 multiplicabantur
720 822 747 846 et
761 818 922 846 crescebant
934 819 978 846 Ψ.
991 828 1000 844 ι
1019 818 1052 845 Ει

263 870 329 891 sane
346 863 463 898 quodam
480 863 561 891 modo
582 863 805 892 maledictionem
824 868 990 900 acceperunt
1005 865 1051 900 qui

262 910 326 938 olim
347 910 371 937 ei
397 909 609 942 maledixerunt,
640 912 828 940 exclamantes
845 919 852 938 :
873 921 883 937 ι
900 911 1050 948 Crucifige,

1105 311 1259 346 ἐξιχνεύων,
1287 311 1410 346 καρποὺς
1432 311 1459 337 δὲ
1482 310 1630 346 τροφίμους
1649 309 1693 336 διὰ
1718 310 1768 343 τῆς
1794 306 1887 335 ἑαυτοῦ

1103 357 1240 393 γεωργίας
1257 356 1349 388 αὐτοῖς
1375 357 1505 392 ἐμποιῶν.
1524 357 1615 383 Ταῦτα
1632 356 1660 383 δὲ
1674 356 1820 392 εἰργάσατο
1836 356 1888 387 τοίς

1103 404 1208 440 νοητοῖς
1219 403 1265 429 καὶ
1277 403 1396 437 λογικοῖς
1409 403 1507 438 βέλεσι,
1524 403 1570 429 τὸν
1583 402 1665 430 πάλαι
1676 402 1730 428 τῶν
1744 402 1828 428 ἐθνῶν
1844 401 1889 437 ἆρ-

1103 458 1183 484 χοντα
1196 449 1291 485 ἐχθρὸν
1303 449 1367 476 ὄντα
1383 449 1479 475 ἑαυτοῦ
1488 448 1696 482 κατατοξεύσας,
1711 448 1834 474 τουτέστι
1847 448 1890 474 τὸν

1102 495 1234 523 διάῦολον.
1264 495 1304 522 Τὰ
1325 495 1347 521 δ’
1370 495 1422 521 ἀπὸ
1437 494 1483 520 τοῦ
1504 504 1512 520 ι
1529 494 1709 525 Κατακλιθεὶς
1721 494 1891 520 ἀνεπαύσατο

1102 541 1139 573 ὡς
1154 542 1231 573 λέων,
1247 551 1256 567 ι
1275 541 1366 576 σχεδὸν
1383 541 1473 573 αὐτοῖς
1484 541 1586 577 ῥήμασι
1602 540 1648 567 καὶ
1662 541 1714 566 ὑπὸ
1724 540 1770 566 τοῦ
1795 539 1890 567 Ἰακὼό

1103 589 1131 615 ἐν
1144 589 1204 619 ταῖς
1219 587 1282 623 περί
1299 587 1346 614 τοῦ
1368 587 1453 614 Ἰούδα
1477 587 1657 622 προφητείαις
1675 586 1782 622 εἴρηται
1793 594 1799 599 ·
1814 586 1892 612 ἅτινα

1102 635 1193 661 ὁποῖον
1206 633 1262 668 ἔχει
1277 633 1337 659 νοῦν
1352 633 1421 660 κατὰ
1440 632 1474 659 τὰ
1490 632 1658 659 ὑποπεσόντα
1673 632 1737 667 ἡμῖν
1750 631 1891 666 ὲκΘὲμενοι

1101 680 1132 706 οὐ
1144 679 1359 715 παλιλογήσομεν
1369 688 1375 694 ·
1392 679 1470 715 δῆλον
1483 679 1512 705 δὲ
1533 679 1660 714 τυγχάνει
1679 679 1752 709 ὅπως
1775 679 1855 712 ἡμεῖς
1867 679 1890 704 οι

1101 726 1147 752 τὸν
1170 725 1288 762 Χριστὸν
1302 725 1475 760 εὐλογοῦντες
1495 725 1542 752 τοῦ
1558 724 1622 752 Θεοῦ
1632 724 1823 760 ηὺὶογήμεθα·
1841 723 1890 751 κᾶν

1102 771 1156 807 γὰρ
1179 771 1364 807 βδελύσσοιντο
1384 772 1456 807 ἡμᾶς
1478 770 1515 802 ὡς
1530 770 1576 797 καὶ
1600 771 1645 796 τὸν
1665 770 1748 796 πάλαι
1764 769 1812 796 τοῦ
1824 768 1890 796 Θεοῦ

1102 817 1165 844 λαὸν
1180 818 1203 844 οἱ
1219 817 1372 852 Αἰγύπτιοι,
1397 817 1471 851 ὅμως
1486 816 1635 852 πληροῦταὶ
1649 825 1681 851 γε
1698 816 1745 843 καὶ
1764 817 1807 852 ἐφ’
1827 817 1891 852 ἡμῖν

1101 863 1142 894 τὸ,
1155 873 1162 888 ι
1175 863 1235 890 καθ’
1252 864 1311 890 ὅσον
1323 863 1351 890 δὲ
1362 863 1521 890 ὲταπείνουν
1532 863 1640 894 αὐτοὺς,
1656 863 1775 898 τοσούτῳ
1785 862 1892 894 πλείους

1103 908 1231 943 ἐγίνοντο,
1242 909 1288 936 καὶ
1306 908 1395 944 ἴσχυον
1411 908 1512 945 σφόδρα
1524 909 1623 944 σφόδρα
1633 917 1639 923 ·
1656 918 1663 933 ι
1680 909 1727 934 καὶ
1740 908 1824 942 σαφὲς
1834 908 1892 935 τίνα

262 955 392 990 crucifige
406 963 468 982 eum
486 955 520 982 ".
540 965 548 982 ι
567 955 722 984 Ma|edictio
738 957 810 984 enim
829 965 896 984 crux
909 961 978 990 erat,
995 958 1049 985 sic-

1102 955 1203 991 τρὸπον
1227 955 1276 991 τὴν
1303 954 1425 990 κατάραν
1449 955 1589 990 εἰλήφασιν
1616 955 1639 980 οἱ
1665 953 1784 989 ὲξαρχῆς
1811 954 1892 980 αὐτὸν

262 1004 291 1026 ιιι
307 1000 408 1028 dictum
429 1004 471 1028 est
488 1011 494 1027 :
511 1010 520 1026 ι
541 1001 702 1029 Maledictus
719 1002 809 1030 omnis
832 1003 880 1038 qui
906 1003 1005 1038 pendet
1021 1003 1050 1030 in

262 1046 337 1082 ligno
353 1047 397 1074 δ”.
419 1057 428 1073 ι
445 1047 497 1080 Qui
509 1053 599 1075 autem
615 1048 723 1074 illorum
739 1048 866 1083 injuriam
884 1057 981 1084 passus
998 1053 1049 1082 est,

262 1100 277 1119 ι
291 1092 370 1120 Patre
385 1093 541 1126 extollitur;
554 1093 580 1120 lii
591 1101 664 1125 vero,
677 1094 747 1129 quia
762 1094 817 1121 Deo
828 1094 963 1122 maledicti
975 1100 1049 1128 sunt,

263 1143 423 1174 perpetuum
441 1141 468 1166 in
483 1140 582 1167 saecula
600 1144 766 1175 acceperunt
790 1141 965 1176 supplicium.
983 1141 1050 1170 Illud

261 1184 334 1212 enim
350 1186 480 1213 attentius
492 1186 690 1218 consideranti,
712 1187 758 1215 Dei
773 1188 918 1222 potestatis
933 1196 1051 1224 appare-

263 1232 302 1260 bit
315 1233 485 1268 magnitudo,
499 1241 546 1261 eos
562 1234 662 1269 quibus
675 1235 759 1262 semel
779 1235 929 1267 maledixit,
947 1235 974 1262 in
989 1242 1052 1270 pcr-

262 1283 373 1313 petuum
401 1280 601 1314 persequentis.
633 1279 690 1307 Hoc
706 1279 863 1315 signiﬁcant
888 1288 919 1308 ea
947 1281 1048 1308 verba:

265 1333 274 1349 ί
292 1324 344 1356 Qui
362 1324 552 1353 benedixerint
569 1326 631 1358 tibi,
644 1330 723 1353 erunt
738 1330 765 1353 et
777 1326 827 1361 ipsi
837 1326 973 1353 benedicti
985 1335 992 1360 ;
1004 1327 1050 1362 qui

263 1370 461 1403 maledixcrint,
477 1371 504 1398 in
518 1371 708 1400 maledictione
723 1372 932 1407 reputabuntur.
952 1382 961 1398 ι

555 1469 670 1498 CAPUT
683 1470 754 1497 XIV.

437 1515 480 1542 Ex
492 1521 588 1552 quarta
600 1516 713 1543 Balaam
728 1517 872 1551 prophetia.

300 1571 309 1586 ι
327 1561 437 1590 Orietur
452 1563 532 1590 stella
555 1570 587 1589 ex
606 1561 701 1596 Jacob,
725 1567 753 1590 et
773 1566 920 1599 consurget
947 1563 990 1591 vir
1018 1563 1052 1591 de

263 1605 357 1637 Israel,
376 1611 403 1634 et
419 1607 553 1643 percutiet
563 1607 647 1635 duces
665 1608 755 1640 Moab,
769 1609 942 1644 vastabitque
956 1616 1053 1637 omnes

1100 1002 1317 1038 καταρασάμενοι
1330 1002 1372 1028 διὰ
1392 1001 1451 1033 τοῦ,
1464 1011 1473 1027 ι
1484 1001 1614 1037 Σταύρου,
1635 1000 1752 1037 σταύρου
1766 1000 1848 1027 αὐτόν
1857 1009 1864 1014 ·
1882 1010 1892 1025 ι

1100 1048 1221 1084 κατάρας
1235 1048 1288 1084 γὰρ
1303 1046 1336 1083 ἦν
1347 1049 1361 1075 ὁ
1378 1048 1580 1083 σταυρὸς,κατὰ
1593 1047 1633 1079 τὸ,
1645 1056 1654 1072 ι
1678 1047 1894 1082 Ἐπικατάρατος

1100 1095 1154 1126 πᾶς
1166 1095 1180 1120 ὁ
1195 1095 1368 1130 κρεμάμενος
1382 1094 1426 1120 ἐπὶ
1438 1093 1526 1125 ξύλου.
1547 1103 1555 1119 ι
1577 1093 1647 1120 ’Δλλ’
1659 1093 1673 1119 ὁ
1685 1093 1733 1128 μὲν
1743 1092 1793 1127 τὴν
1805 1092 1895 1118 αὐτῶν

1100 1139 1248 1175 ὑπομείνας
1266 1139 1387 1174 κατάραν
1407 1139 1458 1165 ὑπὸ
1471 1139 1517 1165 τοῦ
1537 1138 1644 1175 Πατρὸς
1656 1138 1852 1174 ὑπερῦψωται·
1870 1137 1895 1163 οἱ

1101 1185 1128 1212 δὲ
1146 1185 1213 1220 πρὸς
1231 1184 1314 1212 αὐτοῦ
1341 1184 1388 1211 τοῦ
1405 1184 1472 1211 Θεοῦ
1487 1184 1686 1220 καταραοέντες
1701 1184 1832 1219 ἐπίμονον
1857 1184 1896 1215 εἰς

1101 1230 1186 1257 αἰῶνα
1206 1231 1346 1267 εἰλήφασιν
1367 1231 1475 1267 ὀλεθρον
1488 1240 1494 1246 ·
1510 1231 1538 1258 ὃν
1554 1232 1578 1258 εἰ
1598 1231 1640 1258 ἐπ’
1657 1231 1768 1266 ἀκριϐές
1786 1239 1828 1262 τις
1848 1231 1896 1256 ἑπ-

1101 1276 1178 1310 εξίοι,
1197 1277 1337 1313 δυνάμεως
1351 1277 1418 1304 Θεοῦ
1440 1278 1586 1313 κατόψεται
1605 1277 1726 1313 μέγεθος,
1741 1278 1782 1310 εἰς
1797 1278 1838 1304 ἔτι
1850 1278 1896 1304 νῦν

1103 1323 1247 1359 μετιούσης
1277 1324 1339 1355 τοὺς
1373 1323 1446 1356 ἆπαξ
1476 1323 1544 1360 πρὸς
1568 1324 1651 1350 αὑτοῦ
1676 1324 1894 1359 κατηραμένους.

1102 1369 1192 1395 Ταῦτα
1210 1368 1286 1403 (1215
1301 1372 1337 1403 v°-)
1354 1369 1393 1400 είς
1407 1368 1438 1395 τὸ
1457 1377 1466 1394 ι
1485 1368 1539 1394 Καὶ
1551 1369 1574 1395 ot
1586 1367 1759 1402 εὐλογοῦντες
1774 1376 1805 1394 σε
1818 1367 1895 1394 εὐλό-

1104 1424 1213 1450 γηνται,
1227 1415 1274 1441 καὶ
1285 1415 1310 1441 οἱ
1326 1414 1516 1450 καταρώμενοὶ
1532 1423 1560 1441 σε
1571 1415 1618 1441 καὶ
1628 1415 1806 1450 κατάρανται,
1829 1423 1840 1440 υ

1368 1472 1565 1499 ΚΕΦΑΔΑΙΟΝ
1577 1473 1624 1498 1Δ’.

1206 1519 1254 1545 Ἐκ
1263 1518 1318 1552 τῆς
1330 1518 1354 1545 δ’
1371 1518 1425 1546 τοῦ
1448 1518 1572 1552 Βαλαὰμ
1597 1518 1793 1552 προφητείας.

1142 1576 1150 1592 ι
1175 1565 1311 1593 Ἀνατελεῖ
1328 1566 1427 1601 ἄστρον
1457 1564 1487 1597 ἐξ
1509 1564 1615 1597 Ίακὼὸ,
1637 1564 1684 1591 καὶ
1707 1564 1898 1599 ἀναστήσεται

1103 1611 1244 1647 ἄνθρωπος
1258 1609 1289 1642 ἐξ
1305 1610 1422 1646 Ἰσραὴλ,
1438 1610 1486 1637 καὶ
1502 1609 1614 1646 Θραύσει
1638 1609 1774 1644 ἡγεμόνας
1795 1609 1896 1640 Matii,

262 1652 333 1680 ﬁlios
355 1652 420 1680 Scth
437 1653 471 1681 “.
492 1663 501 1679 ι
532 1652 579 1681 Dei
589 1653 720 1685 Verbum,
740 1663 749 1679 ι
765 1661 827 1681 cum
844 1655 995 1682 exinauivit
1010 1663 1049 1684 se-

1105 1659 1152 1685 καὶ
1164 1657 1344 1694 προνομεύσει
1374 1657 1478 1689 πάντας
1505 1657 1579 1688 υἱοὺς
1604 1656 1669 1692 Σήθ.
1687 1666 1696 1681 ι
1717 1657 1746 1682 '0
1763 1656 1811 1682 τοῦ
1828 1656 1898 1683 Θεοῦ

262 1698 418 1732 ιιιηίρειιιιι,
437 1697 553 1726 formam
579 1699 651 1726 servi
677 1699 826 1734 accipiens,
843 1703 870 1726 et
896 1700 989 1727 habitu
1007 1700 1049 1727 in-

261 1749 358 1772 ventus
371 1749 413 1772 est
431 1749 460 1771 ut
475 1744 556 1772 homo
573 1745 606 1777 '7,
626 1754 636 1771 ι
657 1745 735 1772 stella
750 1753 804 1773 non
817 1753 901 1780 parva
916 1747 1047 1779 Surrexit,

261 1797 316 1817 non
329 1797 394 1818 vero
409 1789 504 1822 Iacob,
520 1791 566 1818 sed
585 1797 618 1818 ex
647 1790 741 1818 Jacob.
770 1791 914 1826 Corporali
931 1793 1047 1827 primum

262 1837 361 1872 populo
370 1836 602 1868 circu-mcisionis.
615 1837 713 1865 deinde
723 1838 830 1865 cunctis
843 1838 970 1873 gentibus
986 1839 1048 1866 illu-

261 1883 310 1909 xit.
327 1881 471 1918 Digressus
489 1883 524 1910 ab
540 1883 585 1915 iis,
611 1891 665 1910 non
694 1891 778 1918 parva
807 1884 938 1911 sustinuit
965 1885 1046 1917 bella,

260 1929 408 1963 puriticans
427 1938 436 1954 ι
457 1929 589 1957 adversus
607 1933 758 1965 potestates
771 1933 798 1957 et
828 1930 980 1965 spiritualia
998 1938 1047 1958 ne-

261 1974 355 2008 quitia
361 1974 384 1990 “
393 1983 417 2008 ;›
426 1974 526 2009 quibus
537 1973 662 2006 devictis,
671 1974 798 2009 pabulum
810 1976 915 2010 paravit
925 1976 953 2002 in
964 1976 1049 2003 luere-

259 2020 371 2048 ditatem
386 2027 475 2052 suam,
498 2024 592 2055 gentes
604 2021 770 2056 suscipiens.
788 2029 959 2056 quaecunque
971 2022 1047 2056 prius

261 2066 312 2093 sub
328 2073 422 2094 eorum
438 2066 542 2094 ditione
556 2071 644 2094 erant.
670 2066 708 2094 Dc
725 2068 825 2101 quibus
850 2067 931 2095 Pater
945 2068 969 2096 ei
998 2076 1047 2096 ex-

262 2118 356 2146 presse
384 2113 521 2146 pollicitus
544 2118 587 2140 est
610 2113 704 2141 dicens
722 2122 727 2139 :
745 2123 754 2139 (
777 2113 887 2142 Postula
909 2122 924 2141 a
947 2123 1000 2147 me,
1021 2119 1048 2143 et

260 2156 332 2183 dabo
347 2157 397 2184 tibi
426 2161 521 2192 gentes
536 2158 722 2186 luereditatcm
738 2163 824 2192 tuam,
839 2165 866 2187 et
891 2161 1047 2194 possessio-

261 2209 323 2229 nem
336 2206 411 2229 tuam
426 2203 563 2231 terminos
572 2208 652 2232 terra:
665 2205 696 2232 δ’.
718 2215 727 2231 ι

562 2302 676 2330 CAPUT
695 2303 752 2330 XV.

380 2348 420 2375 Ex
436 2348 650 2377 Deulerouomio.
669 2349 771 2384 Moyses
785 2355 823 2378 est
834 2349 942 2377 dicens:

297 2403 307 2420 ι
326 2393 490 2430 Prophetam
507 2394 540 2422 de
553 2395 684 2423 fratribus
707 2396 773 2429 tuis,
789 2396 862 2424 sicut
890 2404 943 2430 me,
958 2397 1048 2424 susci-

258 2441 328 2469 tabit
339 2440 469 2469 Dominus
485 2441 556 2469 Deus
581 2445 644 2469 tuus
660 2450 666 2468 :
685 2443 773 2478 ipsum
789 2442 894 2475 audies,
912 2446 940 2470 ut
956 2443 1047 2478 petisti

259 2496 275 2516 ε
286 2487 401 2515 Domino
418 2487 473 2515 Ι)οο
490 2492 537 2514 tuo
553 2488 579 2514 in
596 2487 695 2520 lloreb,
709 2489 820 2523 quando
831 2489 1048 2524 conciocongre—

259 2537 320 2569 gata
336 2539 387 2566 est,
404 2538 484 2568 atque
499 2533 591 2560 dixisti
612 2541 618 2559 :
639 2532 714 2561 Ultra
742 2542 797 2562 non
823 2535 933 2561 audiam
951 2541 1045 2561 vocem

259 2579 367 2607 Domini
379 2579 426 2607 Dei
440 2580 504 2611 mei,
520 2583 547 2606 et
561 2579 650 2614 ignem
663 2580 737 2608 hunc
762 2581 911 2607 maximum
925 2580 1045 2615 amplius

259 2633 315 2653 non
331 2626 439 2658 videbo,
455 2633 489 2653 ne
506 2626 620 2653 moriar.
632 2626 665 2653 Et
673 2627 711 2654 ait
723 2626 855 2654 Dominus
868 2626 934 2652 milii
951 2635 957 2652 :
973 2625 1045 2653 Bene

259 2672 351 2699 omnia
366 2676 430 2699 sunt
447 2672 539 2699 locuti.
555 2672 721 2707 Prophetam
729 2672 871 2700 suscitabo
885 2672 925 2699 eis
941 2672 974 2699 de
988 2679 1046 2699 me-

260 2717 306 2745 dio
321 2717 436 2744 fratrum
452 2725 563 2745 suorum
580 2718 697 2746 similem
711 2718 751 2745 tui
767 2728 774 2745 -.
788 2722 814 2746 et
839 2725 938 2753 ponam
963 2717 1047 2745 verba

261 2766 321 2790 mea
338 2763 365 2790 in
376 2771 424 2791 ore
439 2764 509 2798 ejus,
542 2764 722 2799 loqueturque
746 2765 781 2791 ad
807 2771 854 2792 eos
870 2764 961 2791 omnia
986 2771 1046 2798 quae

261 2814 414 2843 [Irmcepem
428 2810 463 2837 ei.
475 2802 633 2843 Qui'au'tem
643 2810 727 2838 verba
753 2810 825 2845 ejus,
843 2818 904 2845 quae
920 2809 1046 2844 loquetur

1103 1705 1188 1739 Λόγος
1202 1714 1210 1729 ι
1226 1704 1348 1736 κενώσας
1372 1703 1468 1730 ἑαυτὸν
1496 1703 1543 1730 καὶ
1559 1702 1665 1738 μορφὴν
1685 1701 1778 1728 δούλου
1794 1701 1897 1734 λαϐὼν,

1103 1752 1149 1778 καὶ
1164 1751 1284 1787 σχήματι
1295 1749 1417 1786 εὑρεθεὶς
1437 1749 1474 1780 ὡς
1489 1748 1643 1784 ἄνθρωπος,
1663 1758 1672 1773 ι
1687 1748 1786 1783 ἄστρον
1801 1748 1835 1774 οὐ
1854 1757 1899 1783 μι-

1102 1797 1167 1833 κρὸν
1182 1797 1244 1832 οὐχὶ
1260 1795 1298 1830 τῷ
1322 1795 1418 1822 Ἰακὼϐ
1434 1794 1579 1826 ἀνέτειλεν,
1595 1794 1651 1821 ἀλλ’
1667 1795 1698 1820 ὲκ
1708 1793 1755 1820 τοῦ
1777 1793 1879 1820 Ἰακώϐ
1889 1803 1897 1809 υ

1102 1843 1156 1870 ἀπὸ
1170 1843 1224 1878 γὰρ
1233 1841 1280 1869 τοῦ
1305 1841 1461 1877 σωματικοῦ
1478 1840 1543 1867 λαοῦ
1559 1839 1614 1867 τῶν
1634 1841 1665 1866 ὲκ
1681 1841 1835 1875 περιτομῆς
1848 1841 1898 1876 ἁρ-

1102 1889 1226 1924 ξάμενος,
1257 1888 1339 1914 πᾶσιν
1361 1886 1501 1922 ἐπέλαμψε
1517 1888 1574 1917 τοῖς
1598 1885 1703 1912 ἔθνεσι⁸
1722 1886 1898 1920 μεωναστάς

1101 1944 1131 1961 τε
1160 1935 1207 1961 ἀπ’
1227 1933 1348 1964 ἐκείνων,
1372 1933 1403 1959 οὐ
1421 1932 1537 1968 μικροὺς
1558 1931 1691 1967 πολέμους
1702 1930 1896 1966 διεχειρίσατο,

1102 1981 1242 2016 καθαίρων
1256 1989 1265 2006 ι
1281 1980 1331 2011 τὰς
1341 1979 1530 2014 ἀντικειμένας
1545 1978 1683 2013 δυνάμεις,
1696 1977 1743 2003 καὶ
1762 1977 1797 2003 τὰ
1815 1985 1899 2003 πνευ-

1103 2027 1205 2063 ματικὰ
1221 2028 1269 2062 τῆς
1287 2025 1429 2061 πονηρίας,
1449 2034 1457 2050 ι
1472 2024 1521 2055 οὓς
1545 2023 1802 2058 καταγωνισάμενος
1830 2031 1898 2057 προ-

1102 2073 1186 2108 νομὴν
1210 2072 1355 2106 ἐποιήσατο
1377 2071 1416 2102 είς
1439 2070 1486 2096 τὸν
1515 2069 1596 2096 αὐτοῦ
1619 2069 1731 2104 κλῆρον,
1746 2067 1897 2095 ἁπολαΰὼν

1102 2120 1151 2146 ὅσα
1165 2118 1296 2153 πρότερον
1311 2117 1358 2143 ὑπ’
1371 2116 1492 2148 ἐκείνους
1515 2115 1663 2150 ἐτύγχανεν
1680 2114 1744 2150 ἔθνη
1756 2123 1762 2130 ·
1775 2114 1843 2149 περὶ
1857 2110 1896 2140 ὧν

1100 2165 1115 2190 ὸ
1138 2164 1233 2199 Πατὴρ
1263 2162 1336 2198 αὐτῷ
1364 2161 1600 2198 κατεπηγγείλατο
1623 2159 1723 2187 εἰπών·
1747 2170 1756 2185 ε
1777 2160 1895 2195 Ait-qm.

1102 2210 1166 2246 παρ’
1181 2209 1258 2245 ἐμοῦ,
1275 2209 1321 2235 καὶ
1333 2207 1411 2235 δώσω
1425 2215 1466 2234 σοι
1485 2207 1548 2242 ἔθνη
1565 2206 1613 2241 τὴν
1628 2205 1814 2241 κληρονομίαν
1836 2213 1894 2234 σου,

1102 2255 1149 2281 κα)⁵
1162 2254 1210 2289 τὴν
1226 2252 1388 2287 κατάσχεσίν
1401 2261 1447 2279 σου
1462 2251 1497 2278 τὰ
1515 2251 1621 2287 πέρατα
1635 2251 1684 2285 τῆς
1699 2251 1760 2284 γῆς.
1784 2260 1793 2276 ν

1363 2308 1561 2335 ΚΕΦΔΛΑΙΟΝ
1575 2308 1626 2334 IE'.

1064 2337 1086 2364 Ι)
1108 2357 1154 2382 Ἐκ
1168 2356 1220 2382 τοῦ
1240 2355 1480 2389 Δευτερονομίου.
1500 2353 1631 2387 Μωῦσῆς
1650 2353 1765 2379 ἐστίνό
1785 2352 1894 2386 λέγων·

1139 2410 1148 2426 ι
1166 2401 1311 2436 Προφήτην
1322 2402 1355 2427 ὲκ
1369 2400 1423 2426 τῶν
1439 2398 1560 2433 ἀδελφῶν
1574 2406 1631 2429 σου,
1644 2397 1682 2428 ὡς
1700 2397 1761 2432 ἐμὲ,
1775 2397 1897 2431 ἀναστή-

1102 2456 1143 2473 σει
1169 2455 1209 2473 σοι
1231 2446 1332 2483 Κύριος
1352 2447 1366 2472 ὁ
1389 2445 1454 2477 Θεός
1470 2454 1515 2472 σου
1527 2453 1533 2460 ·
1548 2444 1629 2471 αὐτοῦ
1646 2442 1797 2470 ἀκούσεσθε
1822 2443 1895 2469 κατὰ

1101 2494 1199 2524 πάντα,
1227 2493 1277 2520 ὅσα
1300 2493 1393 2528 ᾐτήσω
1415 2492 1490 2528 παρὰ
1512 2491 1615 2526 Κυρίου
1627 2489 1672 2516 τοῦ
1694 2488 1763 2515 Θεοῦ
1792 2497 1841 2514 σου
1866 2490 1897 2514 ὲν

1099 2539 1200 2575 Χωρὴὸ
1224 2540 1258 2574 τῇ
1274 2539 1365 2574 ἡμέρᾳ
1377 2536 1587 2573 τῆςὲκκλησίας,
1605 2536 1738 2569 λέγοντες,
1755 2535 1794 2561 Οὐ
1811 2542 1897 2570 προσ-

1099 2585 1218 2620 θήσομεν
1241 2583 1357 2611 ακοῦσαι
1373 2584 1422 2618 τῆς
1438 2582 1530 2617 φωνῆς
1545 2581 1648 2616 Κυρίου
1659 2580 1706 2606 τοῦ
1721 2579 1790 2606 Θεοῦ
1801 2579 1896 2614 ἡμῶν,

1099 2631 1145 2656 καὶ
1161 2630 1192 2656 τὸ
1208 2629 1262 2665 πῦρ
1275 2630 1305 2655 τὸ
1320 2629 1390 2664 μέγα
1411 2627 1490 2654 τοῦτο
1510 2628 1559 2654 οὐκ
1573 2625 1693 2661 ὀψόμεθα
1710 2625 1761 2656 ἔτι,
1779 2625 1842 2651 οὐδὲ
1858 2623 1896 2659 μὴ

1097 2674 1276 2710 ἀμάρτωμεν.
1304 2675 1359 2700 Καὶ
1385 2671 1461 2699 εἶπεν
1486 2671 1588 2707 Κύριος
1615 2670 1682 2705 πρὸς
1705 2671 1757 2704 με·
1788 2668 1895 2704 Ὀρθῶς

1101 2717 1200 2750 πάντα,
1210 2719 1260 2744 ὅσα
1275 2717 1422 2753 ἐλάλησαν·
1441 2717 1583 2751 προφήτην
1598 2715 1742 2750 ἀναστήσω
1754 2714 1848 2745 αὐτοῖς
1861 2714 1897 2739 ἐκ

1100 2764 1183 2799 μέσου
1197 2764 1252 2791 τῶν
1274 2763 1395 2799 ἀδελφῶν
1417 2758 1518 2794 αὐτῶν,
1536 2762 1630 2797 ὥσπερ
1642 2761 1671 2787 σε
1681 2769 1687 2776 ο
1700 2760 1748 2787 καὶ
1771 2760 1852 2786 δώσω
1865 2760 1897 2786 τὸ

1098 2810 1174 2846 ῥῆμά
1187 2819 1237 2844 μου
1252 2810 1282 2837 ὲν
1300 2809 1339 2845 τῷ
1360 2809 1473 2844 στόματι
1489 2808 1582 2841 αὐτοῦ,
1598 2801 1645 2834 καὶ
1666 2806 1779 2842 λαλήσει
1799 2807 1896 2836 αὐτοῖς

296 2885 331 2922 ξι·
342 2885 426 2922 Exod.
440 2894 458 2916 ι,
469 2887 511 2915 12.
550 2887 658 2915 "Joun.
674 2895 729 2919 ne,
741 2888 784 2915 l5.
823 2887 926 2915 “‘Gal.
937 2894 978 2919 ιιι,
993 2887 1036 2915 15.

1106 2887 1187 2915 Num.
1205 2895 1278 2920 xuv,
1292 2888 1333 2915 l7.
1372 2886 1502 2922 "Philip.
1523 2893 1555 2918 ιι,
1573 2885 1598 2913 7.
1637 2885 1658 2902 ⁸⁸
1678 2883 1780 2920 Eplies.
1796 2883 1894 2916 τμη.

261 2921 284 2937 δ’
303 2920 375 2948 Psal.
395 2929 427 2953 ιι,
446 2921 472 2948 8.
