2037 3215
154 195 225 223 I073

667 190 811 219 ECLOGA:
833 187 1075 216 PROPIIETICE.
1097 202 1133 209 —-
1155 188 1218 217 LIB.
1238 188 1247 214 I

1702 182 1779 220 me

152 251 214 278 καθ’
229 252 270 278 ὅτι
284 251 316 278 ἂν
334 251 496 286 ὲντείλωμαι
511 250 592 286 αὑτῷ,
609 250 664 277 Καὶ
677 251 691 277 6
709 250 850 286 ἄνθρωπος
864 249 892 280 ὃς
906 248 935 275 ἂν

990 249 1016 274 in
1029 248 1138 275 nomine
1157 255 1228 279 meo,
1247 246 1342 274 audire
1369 245 1499 278 noluerit,
1527 251 1578 280 ego
1607 244 1679 270 ultor
1700 241 1773 274 essi-

154 296 192 333 μὴ
206 288 310 333 ἀκούσῃ
323 297 411 324 πάντα
423 297 472 323 ὅσα
489 296 522 323 ἂν
542 297 644 332 λαλήσῃ
659 297 673 322 6
694 296 836 331 προφήτης
845 295 891 321 ἐπὶ
901 294 939 330 τῷ

151 333 263 378 ὀνόματί
276 342 398 378 μου,ὲγὼ
408 342 542 378 ἐκδικήσω
553 342 582 374 ἐξ
596 342 694 369 αὐτῶν.
713 352 721 368 ι
735 341 789 368 Καὶ
799 341 824 367 τί
839 340 940 375 μᾶλλον

150 386 207 422 ἔχοι
219 396 262 419 τις
270 388 301 414 εκ
309 387 356 414 τοῦ
369 386 477 423 Ἰσραὴλ
485 386 555 413 κατὰ
565 386 683 414 Μωῠσέα
700 385 852 422 προφήτην,
865 384 937 411 τοῦτ’

150 431 209 460 εστι
235 432 394 468 νομοθέτην.
423 432 470 459 τοῦ
491 432 545 459 τῶν
568 431 718 468 ἀνθρώπων
735 431 829 466 γένους
841 430 934 457 ἀναδε-

150 477 292 514 δειγμένον
305 478 447 512 ἐπιδεῖξαι,
460 478 477 514 ἢ
495 479 573 515 μόνον
597 478 700 513 Ἰησοῦν
712 478 757 504 τὸν
773 478 884 511 Σωτῆρα
892 477 939 502 καὶ

151 524 253 561 Κύριον
268 523 356 560 ἡμῶν,
374 523 403 556 ὃς
421 524 470 560 τῆς
492 524 595 559 Καινῆς
614 523 751 559 Διαθήκης
761 522 808 549 τοῦ
825 522 894 549 κατὰ
910 521 938 548 τὺ

150 570 317 605 Εὑαγγέλιον
334 570 393 606 βίου
406 570 554 606 νομοθέτης
567 571 667 598 ἅπασιν
683 570 870 603 ἀναπέφανται
883 570 939 600 τοῖς

150 617 259 650 ἔθνεσι,
288 617 358 644 κατὰ
378 617 426 652 τὴν
448 618 477 644 ὲν
501 616 600 652 ψαλμῷ
623 617 746 652 φήσασαν
767 615 938 650 προφητικὴν

149 662 250 698 εὐχήν⁶
273 672 282 688 ι
305 663 496 698 Κατάστησον,
525 663 623 698 Κύριε,
652 662 801 697 νομοθέτην
829 662 935 692 αὐτοῖς·

148 708 295 742 γνώτωσαν
323 708 385 744 ἔθνη
400 708 440 734 ὃτι
460 708 598 744 ἄνθρωποί
617 709 703 741 είσιν;
724 717 732 733 ι
750 704 832 738 Οὗτος
845 707 874 733 δὲ
892 706 938 732 καὶ

147 752 321 788 ἑλυτρώσατο
344 755 394 788 τῆς
411 754 509 789 νοητῆς
533 752 680 787 Αἰγύπτου,
702 752 749 779 καὶ
763 753 812 788 τῆς
827 753 855 778 ὲν
869 752 936 787 αὐτῇ

149 798 344 830 πλινθοποιίας,
360 799 411 834 τῆς
434 807 464 825 τε
485 799 586 834 πικρᾶς
600 798 652 825 ὑπὸ
666 798 711 824 τὸν
726 798 819 833 νοητὸν
839 796 937 832 Φαραῶ

147 843 268 876 δουλείας
296 845 359 876 τοὺς
381 845 415 871 δι’
444 844 526 871 αὑτοῦ
548 843 804 880 προ(σ)εληλυθότας
829 843 867 878 τῷ
883 842 936 869 τῶν

146 889 216 917 ὅλων
232 891 291 927 Θεῷ
301 899 307 905 ·
324 890 370 917 καὶ
392 890 481 917 πάντα
501 890 528 916 δὲ
546 890 639 921 ἁπλῶς
654 890 690 917 τὰ
705 889 868 925 σωματικῶς
883 889 935 915 ὑπὸ

146 936 286 968 Μωῦσέως
299 936 439 971 γεγονέναι
456 936 632 972 ἱστορούμενα
640 936 710 963 κατὰ
725 937 770 963 τὸν
784 944 933 970 πνευματι-

146 981 195 1008 κὸν
216 982 297 1017 νόμον
321 983 335 1009 ό
363 983 456 1018 Σωτὴρ
473 983 521 1009 καὶ
546 983 647 1018 Κύριος
666 981 745 1017 ἡμῶν
762 981 935 1017 διεπράξατο.

152 1027 296 1063 Ἐλήλυθεν
311 1028 364 1064 ἄρα
382 1029 430 1055 καὶ
445 1030 460 1055 6
479 1028 618 1062 διαὸόητος
631 1028 670 1054 ἔτι
693 1027 739 1054 καὶ
755 1027 803 1054 νῦν
820 1027 895 1062 παρά
906 1035 936 1053 τε

145 1073 301 1108 Σαμαρεῦσι
313 1075 359 1100 καὶ
365 1074 512 1106 Ἰουδαίοις,
520 1074 549 1101 ὃν
563 1075 609 1101 καὶ
621 1075 742 1109 Μωῡσῆς
754 1073 938 1109 προεθέσπισε

145 1120 298 1154 προφήτης,
314 1121 378 1155 περὶ
404 1117 435 1147 οῦ
462 1120 714 1156 προδιεμαρτύρατο
724 1121 738 1146 6
753 1119 819 1152 Θεὸς
835 1119 932 1154 λέγων·

147 1173 156 1188 ο
174 1164 228 1191 Καὶ
246 1165 260 1191 6
274 1165 415 1201 ἄνθρωπος
428 1165 457 1197 ὃς
471 1165 518 1192 ἐὰν
534 1166 571 1201 μὴ
591 1165 695 1202 ἀκούσῃ
707 1165 795 1192 πάντα
823 1165 873 1191 ὅσα
889 1165 937 1192 ἐὰν

143 1209 249 1246 λαλήσῃ
268 1210 283 1236 6
296 1212 438 1246 προφήτης
452 1213 480 1238 ὲν
494 1210 533 1246 τῷ
551 1211 663 1246 ὀνόματί
679 1219 740 1247 μου,
757 1211 891 1247 ἐκδικήσω
906 1212 936 1244 ἐξ

142 1256 238 1283 αὐτοῦ.
255 1266 264 1282 ι
285 1256 469 1292 Ἐκδεδίκηταί
485 1257 511 1292 γ’
537 1255 584 1284 οὖν
607 1256 638 1283 τὸ
658 1255 728 1293 αἷμα
750 1258 856 1284 πάντων
881 1257 936 1284 τῶν

143 1303 200 1329 ἀπὸ
217 1301 298 1329 Ἀσελ
309 1303 390 1338 μέχρι
410 1303 545 1339 Ζαχαρίου
571 1303 617 1330 τοῦ
642 1303 817 1338 φονευθέντος
834 1304 934 1338 μεταξὺ

142 1348 192 1376 τοῦ
205 1349 269 1376 ναοῦ
288 1350 335 1377 καὶ
359 1350 406 1377 τοῦ
420 1350 451 1386 (f.
468 1350 510 1383 I4)
526 1349 717 1386 θυσιαστηρίου
729 1371 736 1382 ,
755 1350 809 1377 ἀπὸ
828 1351 878 1385 τῆς
890 1358 936 1384 γε-

141 1395 208 1426 νεᾶς
224 1395 274 1431 τῆς
296 1397 366 1423 κατὰ
388 1396 513 1431 Σωτῆρος
537 1396 730 1431 ὲπισυστάσης,
755 1396 802 1423 καὶ
820 1396 936 1431 μάλιστα

141 1440 200 1467 τῶν
213 1441 405 1477 τολμησάντων
422 1443 530 1476 ἀφεῖναι
547 1442 607 1468 κατ’
624 1442 706 1469 αὐτοῦ
717 1442 766 1478 τὴν
777 1451 786 1467 ι
801 1441 934 1478 Σταύρου,

143 1485 262 1521 σταύρου
277 1486 373 1513 αὑτὸν»
387 1487 489 1523 φωνὴν,
499 1495 508 1512 ι
520 1484 586 1522 Αἶρε
598 1487 652 1514 ἀπὸ
663 1487 712 1522 τῆς
722 1487 775 1521 γῆς
788 1487 834 1513 τὸν
845 1486 933 1513 τοιοῦ-

141 1539 199 1558 τον·
213 1532 242 1558 τὸ
254 1529 323 1567 αἷμα
335 1532 417 1559 αὐτοῦ
426 1533 467 1567 ἐφ’
479 1534 552 1568 ἡμᾶς
567 1533 612 1560 καὶ
621 1534 666 1560 ἐπὶ
678 1534 711 1560 τὰ
724 1534 806 1560 τέκνα
819 1534 898 1570 ἡμῶν
907 1542 931 1559 ·›

991 295 1060 319 stam
1075 291 1109 319 ⁸ο.
1125 301 1134 317 ι
1149 291 1234 324 Quem
1244 298 1307 317 vero
1324 290 1453 324 majorem
1465 297 1498 317 ex
1514 289 1609 318 Israel,
1625 291 1685 322 post
1701 287 1773 322 Μογ-

990 345 1045 364 sem
1056 337 1225 372 prophetam,
1240 336 1266 363 id
1275 340 1317 364 est
1329 336 1524 371 legislatorem,
1537 334 1676 361 hominum
1693 340 1774 368 gene.

989 388 1018 410 na
1033 388 1134 414 ortmn,
1151 382 1258 410 ostendi
1272 387 1373 417 potest,
1390 381 1443 409 nisi
1455 381 1544 409 solum
1569 379 1660 408 Jesum
1679 378 1775 406 Salva-

989 435 1073 457 torem
1091 430 1288 465 Dominnmque
1303 434 1438 462 nostrum,
1455 429 1501 464 qui
1515 427 1581 455 Navi
1597 427 1773 458 Testamenti,

989 477 1050 503 vitae
1074 476 1225 504 secundum
1256 475 1430 510 Evangelium
1445 494 1452 507 ,
1482 474 1622 509 Iegislator
1647 472 1775 500 omnibus

989 522 1178 550 manifestatus
1192 525 1234 549 est.
1247 522 1385 557 gentibus,
1403 521 1553 549 secundum
1580 520 1654 547 illam
1677 519 1778 554 psalmi

987 569 1138 596 orationem
1155 576 1161 594 :
1180 578 1189 594 ι
1205 567 1360 599 Constitue,
1385 567 1511 600 Domine,
1527 566 1710 601 Iegislatorem
1725 571 1775 592 su-

988 621 1035 648 per
1043 622 1090 642 eos
1101 622 1107 640 :
1117 618 1146 641 ut
1160 614 1248 642 sciant
1260 619 1355 648 gentes
1370 613 1500 648 quoniam
1511 612 1637 639 homines
1649 615 1713 639 sunt
1721 611 1754 636 ".
1762 620 1776 635 ι.

989 659 1037 686 Hic
1052 665 1141 687 autem
1167 660 1292 687 liberavit
1323 659 1439 695 spiritali
1461 658 1588 694 A‘ngpto,
1604 658 1719 692 ejusque
1732 657 1775 684 Ia-

969 717 973 721 -
988 707 1106 738 terariis,
1119 711 1146 733 et
1161 706 1258 733 acerba
1274 705 1327 733 sub
1343 705 1459 740 spiritali
1488 704 1630 732 Pharaone
1641 703 1776 731 servitute

987 756 1121 787 quotquot
1131 752 1191 787 ipso
1206 752 1275 779 duce
1291 751 1326 778 ad
1340 751 1463 778 omnium
1479 750 1564 777 Deum
1579 753 1773 785 pervenerunt.

987 797 1020 824 Et
1028 798 1119 824 omnia
1136 805 1196 833 qua:
1207 798 1383 832 corporaliter
1394 805 1408 824 a
1423 797 1515 832 Moyse
1532 797 1602 824 facta
1616 800 1772 827 narrantur,

987 843 1103 878 spiritali
1137 844 1194 879 lege
1213 843 1338 870 Salvator
1358 843 1545 878 Dominusque
1573 846 1665 869 noster
1686 841 1775 877 perfe-

987 894 1034 916 cit.
1053 889 1132 917 Venit
1147 897 1213 925 ergo
1226 894 1253 916 et
1268 897 1343 917 nunc
1358 889 1447 916 adhuc
1460 888 1636 924 pervulgatus
1647 892 1689 915 est
1703 887 1774 922 apud

987 935 1173 963 Samaritanos
1187 939 1214 962 et
1225 934 1343 967 Iudaeos,
1354 942 1434 970 quem
1450 939 1476 963 et
1486 934 1593 970 Moyses
1607 935 1774 969 praenuntia-

986 983 1025 1009 vit
1042 982 1183 1017 propheta,
1196 983 1230 1011 de
1245 990 1300 1017 quo
1327 981 1400 1010 Deus
1429 981 1616 1009 testimonium
1643 980 1773 1012 reddidit,

986 1028 1081 1056 dicens
1098 1036 1104 1053 :
1124 1037 1132 1053 ι
1154 1027 1207 1060 Qui
1229 1032 1318 1055 autem
1337 1027 1417 1055 verba
1444 1026 1515 1062 ejus,
1532 1034 1593 1062 quae
1605 1027 1729 1061 loquetur
1745 1027 1773 1052 in

986 1075 1097 1102 nomine
1110 1082 1180 1106 meo.
1198 1074 1294 1102 audire
1307 1074 1437 1105 noluerit,
1452 1081 1502 1108 ego
1517 1073 1588 1100 ultor
1599 1073 1739 1100 exsistaiu.
1761 1081 1771 1097 ι

987 1119 1065 1148 Ultus
1082 1124 1125 1148 est
1136 1128 1201 1156 ergo
1213 1120 1374 1155 sanguinem
1405 1119 1526 1147 omnium
1544 1119 1579 1146 ab
1593 1118 1676 1146 Ahele
1688 1125 1775 1152 usque

986 1166 1019 1193 ad
1030 1165 1189 1194 Zachariam
1198 1167 1269 1194 inter
1278 1166 1406 1201 templum
1418 1171 1445 1193 et
1454 1166 1539 1192 altare
1552 1164 1724 1192 interfectum
1733 1164 1771 1197 ";

986 1213 1060 1240 ultus
1072 1216 1115 1240 est
1127 1212 1279 1240 Salvatoris
1311 1212 1465 1247 passionem
1489 1211 1640 1246 praesertim
1666 1210 1693 1237 in
1711 1210 1775 1237 illos

986 1257 1032 1292 qui
1060 1258 1192 1285 adversus
1219 1265 1283 1285 eum
1299 1257 1453 1284 exclamare
1469 1256 1605 1284 audebant
1622 1263 1629 1281 :
1647 1265 1657 1282 ι
1677 1255 1774 1282 Cruci-

986 1304 1048 1339 Iige,
1066 1304 1196 1339 cruciIIge
1219 1311 1301 1337 eum;
1328 1303 1393 1331 tolle
1419 1310 1480 1330 eum
1510 1310 1524 1329 a
1551 1305 1624 1329 terra
1641 1301 1664 1317 "
1681 1310 1687 1328 ι
1707 1308 1772 1328 san-

985 1351 1046 1386 guis
1067 1354 1128 1386 ejus
1151 1359 1234 1386 Super
1265 1358 1315 1378 nos
1332 1353 1360 1377 et
1387 1357 1470 1384 super
1486 1349 1557 1376 ﬁlios
1574 1351 1684 1375 nostros
1710 1347 1742 1373 ⁵⁸.
1761 1357 1770 1372 ι

985 1396 1063 1430 Quod
1076 1401 1102 1424 et
1118 1397 1245 1432 protinus
1257 1396 1357 1428 evenit,
1370 1395 1535 1426 vind-icante,
1557 1398 1587 1421 ut
1601 1394 1773 1429 praedixerat,

987 1442 1043 1470 Deo
1059 1443 1220 1478 sanguinem
1235 1442 1338 1470 Christi
1356 1442 1383 1469 in
1404 1442 1465 1469 illos
1480 1441 1642 1476 illorumque
1661 1446 1771 1475 pueros.

986 1487 1032 1515 Sic
1045 1488 1116 1515 cnim
1129 1495 1177 1515 eos
1192 1487 1346 1522 insequitur
1356 1493 1448 1522 poena,
1465 1490 1494 1513 ut
1518 1485 1619 1513 abhinc
1633 1491 1719 1520 usque
1739 1483 1773 1510 ad

985 1541 1106 1569 prasens
1115 1537 1222 1569 tempus
1238 1542 1304 1569 gens
1320 1534 1410 1561 omnis
1424 1536 1506 1568 caput
1516 1532 1646 1560 extollere
1659 1531 1773 1558 minimo

141 1577 213 1614 ὅπερ
224 1578 271 1604 καὶ
285 1579 442 1614 παραυτίκα
463 1579 568 1613 γέγονε,
586 1577 633 1605 τοῦ
646 1578 724 1610 Θεοῦ,
738 1579 829 1611 καθὼς
844 1581 935 1615 προεῖ-

986 1580 1118 1615 potuerit,
1137 1579 1248 1614 impleta
1265 1583 1292 1606 et
1309 1579 1363 1605 alia
1385 1579 1470 1606 Amos
1486 1577 1628 1613 prophetia
1643 1576 1771 1604 dicente:

197 1605 202 1614 ,
326 1605 331 1614 ,
469 1605 474 1613 .
502 1605 507 1612 .
562 1605 568 1610 ,
719 1605 724 1610 ,
818 1605 828 1611 ,
848 1605 871 1615 ν.
888 1605 891 1606 ν

143 1631 207 1655 πεν,
223 1623 416 1659 ὲκδικὴσαντος
430 1624 460 1650 τὸ
476 1621 545 1660 αἷμα
561 1625 606 1651 τοῦ
621 1624 739 1660 Χριστοῦ
753 1625 784 1652 ἐκ
800 1634 829 1651 τε
844 1625 934 1652 αὐτῶν

987 1605 1031 1615 τήν
1138 1605 1154 1606 η
1177 1605 1187 1614 π
1209 1605 1216 1606 κ
1444 1605 1467 1606 η
1487 1605 1495 1613 .
1538 1605 1547 1613 .

988 1635 997 1651 ι
1014 1625 1116 1652 Domus
1141 1624 1224 1652 Israel
1249 1625 1360 1656 cecidit,
1378 1628 1404 1652 et
1428 1632 1482 1651 non
1497 1623 1607 1657 adjiciet
1621 1626 1651 1649 ut
1678 1629 1772 1649 resur-

142 1669 255 1696 ὲκείνων
270 1671 317 1696 καὶ
330 1670 383 1696 τῶν
395 1670 497 1697 τέκνων
515 1670 614 1703 αὐτῶν,
631 1671 688 1705 ἃμα
703 1679 734 1697 τε
752 1671 934 1707 μετελθούσης

986 1675 1030 1706 gat
1044 1671 1077 1698 ⁸⁵.
1097 1681 1106 1696 ι
1119 1670 1185 1703 Quae
1200 1675 1226 1698 et
1242 1670 1389 1704 Apostolus
1410 1669 1508 1705 spiritu
1525 1668 1687 1704 praevidens,
1703 1674 1773 1702 [πως

141 1715 243 1747 αὐτοὺς
252 1716 303 1751 τῆς
317 1716 405 1752 δίκης,
422 1716 460 1747 ὡς
474 1716 503 1749 ἐξ
518 1717 622 1744 ἐκείνου
637 1718 675 1749 είς
688 1717 767 1753 δεῦρο
791 1717 851 1753 μηδ’
865 1718 935 1750 ὅλως

987 1717 1090 1745 dicavit
1105 1717 1148 1745 his
1169 1717 1261 1744 verbis
1275 1725 1280 1741 :
1297 1726 1305 1741 ι
1325 1716 1451 1744 Pervenit
1471 1715 1546 1743 enim
1562 1715 1602 1742 ira
1617 1714 1664 1741 Dei
1691 1719 1772 1747 super

142 1757 210 1794 ἆραι
224 1761 349 1796 κεφαλὴν
362 1761 392 1787 τὺ
406 1762 461 1787 πᾶν
482 1760 557 1793 ἔθνος
572 1761 727 1797 δυνηθῆναι,
744 1760 935 1796 πληρωθείσης

988 1762 1050 1789 illos
1067 1770 1154 1797 usque
1171 1763 1198 1789 in
1214 1763 1294 1789 linem
1310 1762 1344 1789 “.
1364 1771 1373 1787 ι

140 1805 192 1832 καὶ
217 1806 312 1842 ἑτέρας
334 1807 502 1842 προφητείας
523 1806 614 1842 Ἀμῶς
635 1807 802 1842 φασκούσης,
821 1816 830 1832 ι
849 1804 929 1838 Οἶκος
955 1808 1062 1844 Ἰσραὴλ
1073 1808 1225 1839 πέπτωκεν,
1239 1807 1330 1835 οὐκέτι
1355 1807 1504 1842 προσθήσει
1516 1806 1562 1833 τοῦ
1578 1806 1736 1841 ἁναστῆνσ.ι’
1759 1815 1770 1831 ι

141 1851 215 1888 ἅπερ
230 1854 277 1880 καὶ
293 1854 307 1880 6
326 1854 486 1886 Ἀπόστολος
507 1854 545 1890 τῷ
558 1854 692 1890 πνεύματι
715 1854 842 1890 προϊδὼν,
869 1854 1042 1892 ἀνεφώνησεν
1067 1856 1162 1888 εἰπὼν,
1187 1865 1196 1882 α
1213 1856 1332 1891 Ἐφθασε
1359 1855 1387 1882 δὲ
1405 1857 1448 1881 ἐπ’
1482 1855 1580 1887 αὐτοὺς
1599 1856 1616 1890 ἡ
1633 1854 1701 1890 ὀργὴ
1733 1855 1773 1886 εἰς

139 1898 259 1931 τέλος..

403 1957 601 1984 ΚΕΦΑΛΑΙΟΝ
620 1959 678 1991 ις’.

448 2012 505 2047 Τῆς
529 2012 625 2048 ᾨδῆς·

181 2079 192 2096 ι
204 2069 392 2105 Εὐφράνθητε,
408 2070 527 2105 οὐρανοὶ,
541 2071 598 2105 ἅμα
613 2070 687 2106 αὐτῷ
704 2071 933 2107 προσκυνησάτω-

141 2123 194 2143 σαν
214 2115 288 2150 αὐτῷ
315 2115 414 2147 πάντες
438 2114 548 2149 ἄγγελοι
559 2115 626 2142 Θεοῦ
638 2124 644 2131 ·
661 2115 840 2152 εὐφράνθητε,
856 2115 931 2151 ἔθνη,

143 2162 214 2197 μετὰ
230 2161 276 2189 τοῦ
296 2161 361 2188 λαοῦ
376 2161 469 2193 αὑτοῦ,
483 2162 528 2188 καὶ
543 2162 763 2197 ἐνισχυσάτωσαν
778 2161 853 2197 αὐτῷ
863 2162 931 2189 πάν-

140 2216 189 2240 τες
205 2207 258 2234 υἱοὶ
281 2206 360 2233 Θεοῦ.
382 2217 391 2232 ι
408 2207 462 2233 Καὶ
485 2207 537 2234 τίνι
560 2207 632 2243 ἄλλῳ
653 2208 851 2243 προσκυνήσειν
876 2209 933 2239 τοῖς

1277 1956 1391 1984 CAPUT
1407 1956 1478 1984 XVI.

1298 2013 1322 2040 E
1336 2013 1457 2041 Cantica.

1022 2080 1031 2096 ‹
1051 2069 1202 2102 ιλωιιιιιιίιιί,
1220 2070 1294 2103 cmli,
1312 2071 1394 2097 simul
1410 2074 1473 2098 ante
1487 2078 1548 2098 eum
1561 2075 1770 2105 prosternamur

983 2116 1128 2143 adorantes
1140 2123 1235 2144 omnes
1251 2116 1340 2152 angeli
1356 2116 1419 2148 Dei;
1430 2116 1571 2148 Izetamini,
1588 2122 1692 2151 gentes,
1706 2125 1769 2144 cum

987 2163 1087 2198 populo
1113 2163 1185 2198 ejus,
1215 2167 1243 2191 ct
1272 2163 1470 2191 conllrmentur
1499 2164 1525 2190 in
1551 2172 1584 2192 eo
1606 2170 1702 2192 omnes
1726 2165 1772 2192 ﬁlii

987 2208 1041 2236 Dei.
1050 2210 1084 2235 ⁵⁷.
1101 2219 1109 2234 ι
1130 2209 1215 2242 Quem
1231 2210 1314 2236 alium
1339 2209 1454 2237 adorare
1469 2210 1573 2245 angelis
1589 2210 1650 2245 ejus
1677 2211 1773 2246 [mnci-

142 2254 270 2289 ἀγγέλοις
282 2253 363 2280 αὐτοῦ
381 2253 545 2288 προστάττοι
558 2253 591 2280 ἂν
606 2254 635 2280 τὸ
651 2253 722 2280 θεῖον
737 2253 849 2289 Πνεῦμα
864 2254 880 2289 ἦ
894 2252 932 2288 τῷ

986 2260 1061 2291 peret
1077 2256 1196 2291 Spiritus
1208 2256 1328 2288 divinus,
1347 2256 1401 2283 nisi
1417 2256 1569 2289 Christum,
1599 2256 1680 2292 cujus
1707 2264 1774 2285 sane

142 2298 265 2336 Χριστῷ,
279 2295 308 2325 οὗ
324 2298 417 2332 σαφῶς
435 2298 481 2324 ἐπὶ
497 2299 530 2334 τῇ
548 2298 684 2334 παρουσίᾳ
704 2298 848 2334 ηὐφράνθη
867 2298 936 2334 μετὰ

139 2345 191 2372 τοῦ
210 2343 273 2370 λαοῦ
285 2343 367 2370 αὑτοῦ
380 2343 414 2369 τὰ
426 2343 489 2378 ἔθνη
504 2343 551 2370 τοῦ
568 2343 621 2370 τῶν
633 2343 743 2371 δικαίων
759 2345 935 2380 πατριαρχῶν

141 2391 192 2419 καὶ
208 2390 354 2427 προφητῶν
370 2390 467 2426 χοροῦ·
492 2391 556 2426 περὶ
577 2388 614 2417 ὧν
630 2390 714 2418 ἐθνῶν
737 2389 814 2423 αὖθις
830 2391 876 2418 ἐπὶ
886 2393 935 2426 τῆς

141 2438 230 2474 αὐτῆς
258 2438 329 2474 ᾠδῆς
355 2438 393 2469 ὡς
418 2438 486 2473 πρὸς
509 2438 601 2473 ἕτερον
620 2438 682 2464 λαὸν
700 2439 907 2474 ἀποτεινόμενος
921 2440 935 2465 6

142 2485 211 2516 Θεός
238 2493 330 2520 φησιν,
349 2492 358 2509 ι
378 2484 459 2510 Αὐτοὶ
487 2483 681 2520 παρεξήλωσάν
711 2493 743 2519 με
760 2485 803 2510 ἐπ’
819 2485 848 2511 οὺ
866 2484 930 2519 θεῷ,

142 2531 324 2567 ¹ηαρώργισά.ν
348 2539 380 2566 με
395 2532 424 2557 ὲν
437 2532 492 2563 τοῖς
501 2531 619 2563 εἰδώλοις
629 2531 718 2558 αὐτῶν
730 2540 736 2547 ·
752 2531 829 2566 κάγὼ
844 2540 932 2567 παρα-

143 2576 261 2612 ζηλώσω
288 2577 385 2609 αὐτοὺς
401 2577 450 2604 οὐκ
475 2578 517 2604 ἐπ’
541 2576 610 2604 ἔθνει
623 2598 629 2608 .
655 2578 698 2604 ἐπ’
718 2577 789 2604 ἔθνει
810 2578 933 2614 ἀσυνέτῳ

143 2622 288 2659 παροργιῶ
312 2622 420 2654 αὐτούς.
443 2632 452 2648 ι
468 2623 523 2649 Καὶ
539 2623 672 2659 πρόδηλόν
691 2631 722 2657 γε
740 2623 780 2649 ὅτι
802 2623 870 2658 μετὰ
885 2625 937 2660 τὴν

142 2668 258 2696 ἐκείνων
274 2668 409 2704 ἀποὸολὴν
426 2677 435 2694 α
455 2668 490 2695 τὰ
503 2668 581 2704 μωρὰ
597 2668 643 2695 τοῦ
655 2669 756 2704 κόσμου
770 2668 911 2702 ἐξελέξατο
921 2671 934 2696 6

142 2713 221 2745 Θεὸς,
237 2714 279 2740 ἵνα
291 2713 457 2750 καταισχύνῃ
471 2714 534 2743 τοὺς
548 2714 612 2750 παρ’
628 2714 742 2746 ἐκείνοις
759 2714 856 2749 σοφούς
867 2723 874 2730 ·
887 2715 934 2741 καὶ

141 2760 178 2786 τὰ
194 2759 294 2794 ἀσθενῆ
315 2759 362 2786 τοῦ
385 2759 487 2794 κόσμου
501 2759 652 2792 ἐξελέξατο,
669 2760 716 2786 καὶ
726 2760 760 2786 τὰ
773 2761 868 2796 ἀγενῆ,
886 2761 933 2788 καὶ

141 2804 177 2830 τὰ
193 2804 401 2839 ἐξουθενημένα,
427 2806 473 2831 καὶ
498 2805 530 2832 τὰ
546 2805 582 2840 μὴ
599 2806 673 2837 ὄντα,
694 2807 738 2833 ἵνα
752 2807 786 2833 τὰ
802 2807 933 2842 πρότερον

985 2302 1131 2337 ιιιιπεειιιίιι
1149 2302 1245 2330 Ιωῑοιω
1257 2306 1322 2329 sunt
1337 2308 1400 2329 cum
1423 2302 1524 2337 popqu
1538 2302 1598 2336 ejus
1609 2306 1714 2337 gentes,
1728 2300 1773 2337 ju-

985 2353 1090 2376 storum
1120 2349 1247 2376 videlicet
1272 2348 1491 2383 patriarcharum
1522 2349 1773 2384 prophetarumque

984 2395 1096 2423 chorus.
1111 2395 1150 2422 De
1161 2395 1262 2430 quibus
1272 2394 1400 2430 gentibus
1416 2402 1526 2429 quoque
1555 2394 1583 2421 in
1599 2393 1694 2421 eodem
1708 2401 1773 2420 can-

985 2443 1041 2470 tico
1059 2442 1139 2478 quasi
1162 2442 1245 2469 alium
1257 2442 1386 2478 populum
1412 2442 1568 2477 increpans,
1586 2440 1658 2468 Deus
1679 2441 1746 2468 dicit
1764 2448 1771 2467 :

989 2499 998 2515 ι
1015 2489 1067 2524 Ipsi
1084 2496 1127 2516 me
1138 2491 1359 2523 provocaverunt
1382 2487 1409 2514 in
1424 2495 1456 2515 eo
1471 2488 1518 2523 qui
1544 2495 1597 2515 non
1614 2491 1672 2514 erat
1693 2488 1772 2519 deus,

986 2539 1013 2563 et
1030 2535 1209 2562 irritaverunt
1227 2535 1253 2562 in
1271 2534 1439 2561 vanitatibus
1466 2534 1523 2561 suis
1546 2542 1552 2560 :
1572 2537 1599 2561 et
1609 2541 1659 2568 ego
1675 2541 1774 2568 provo-

985 2581 1054 2608 cabo
1067 2589 1115 2608 eos
1144 2581 1171 2607 in
1186 2588 1219 2608 eo
1242 2581 1289 2616 qui
1306 2588 1361 2607 non
1376 2585 1418 2607 est
1447 2579 1574 2615 populus,
1596 2582 1623 2606 et
1649 2579 1676 2606 in
1693 2583 1774 2614 gente

986 2627 1067 2654 stulta
1092 2626 1206 2654 irritabo
1228 2634 1276 2654 eos
1298 2626 1331 2653 δελ.
1358 2636 1367 2652 ι
1403 2625 1434 2653 Et
1456 2625 1633 2653 manifestum
1664 2624 1774 2660 quidem

988 2671 1061 2706 quod
1077 2675 1138 2706 post
1164 2671 1273 2698 illorum
1297 2671 1484 2705 rejectionem,
1504 2680 1513 2695 ι
1533 2678 1593 2705 quae
1609 2670 1691 2697 stulta
1712 2674 1776 2697 sunt

988 2716 1082 2743 mundi
1094 2715 1174 2751 elegit
1190 2714 1272 2748 Deus,
1298 2719 1328 2742 ut
1343 2714 1492 2742 confundat
1516 2715 1673 2750 sapientes;
1690 2718 1718 2741 et
1735 2713 1776 2739 in-

989 2761 1065 2799 Ilrma
1084 2761 1178 2788 mundi
1205 2761 1287 2796 elegit
1306 2761 1388 2794 Deus,
1407 2766 1436 2787 ut
1458 2760 1609 2788 confundat
1625 2760 1705 2787 fortia
1723 2769 1730 2792 ;
1748 2766 1775 2787 ct

988 2807 1119 2843 ignobilia
1137 2807 1232 2834 mundi
1242 2811 1269 2834 et
1283 2807 1499 2842 contemptibilia
1512 2807 1593 2842 elegit
1608 2807 1689 2839 Deus,
1705 2809 1732 2833 et
1743 2814 1775 2833 ca

181 2882 205 2919 ’ᾖ
224 2883 305 2909 Deut.
323 2891 406 2912 xvm.
426 2883 516 2919 IVS-19.
555 2885 575 2900 “
597 2884 668 2911 Psal.
687 2892 732 2911 IX.
748 2884 792 2911 21.
832 2885 854 2900 ³·
877 2883 971 2911 Matth.
991 2892 1076 2914 uni.
1093 2885 1138 2912 35.
1176 2884 1203 2900 "
1219 2883 1298 2912 Joan.
1317 2893 1380 2918 nx,
1400 2883 1426 2912 6.
1465 2886 1488 2901 ⁵³
1508 2885 1602 2914 Matth.
1620 2892 1710 2919 axvu,
1727 2883 1773 2913 25.

141 2917 167 2934 "
185 2917 268 2946 Amos
287 2926 314 2951 ν,
334 2918 358 2946 I.
397 2920 420 2935 '°
440 2918 449 2945 I
467 2918 564 2948 Thess.
584 2928 618 2953 ιι,
639 2919 681 2948 16.
720 2920 741 2935 ⁵⁷
763 2919 841 2948 Deut.
860 2927 934 2947 xm:

986 2920 1010 2947 5.
1049 2921 1071 2936 ⁸⁵
1091 2919 1158 2948 ibid.
1174 2920 1220 2948 21.
1373 2917 1377 2918 ν
1619 2919 1622 2924 λ
