2037 3215
332 166 364 194 73
648 164 781 193 EUSEBII
801 164 1040 192 CAESARIENSIS
1057 164 1131 192 OPP.
1147 163 1235 191 PARS
1251 163 1293 191 lll.
1315 179 1350 184 -—-
1370 163 1580 192 EXEGETICA.‘

1847 163 1908 192 {9'6

293 231 354 259 qua!
369 231 422 250 non
440 226 513 254 sunt,
528 226 594 249 utea
607 229 668 256 quae
677 227 752 253 sunt,
763 222 917 249 destrueret
928 223 962 248 ³³.
978 233 987 248 ι
1001 222 1068 249 Priu:

1132 222 1196 256 παρ’
1211 221 1323 253 ἐκείνοις
1337 221 1401 248 ὄντα
1412 223 1586 259 καταργήσῃ·
1606 231 1615 247 ι
1635 222 1675 248 ὅτι
1691 222 1723 257 δὴ
1739 223 1867 258 πρότερον
1882 225 1910 250 ὲκ

293 271 386 307 igitur.
405 270 431 296 in
450 269 549 304 llioysis
566 268 652 303 ipsius
667 268 847 303 temporibus,
864 268 945 295 idolis
961 269 1080 295 servien-

293 321 345 348 tes,
361 316 407 343 Dei
428 315 495 342 iram
515 314 704 342 excitaverunt
728 317 754 341 et
780 319 1007 349 provocaverunt,
1034 323 1079 341 ve-

292 364 465 396 nientemque
480 361 619 387 Christum
638 361 697 395 ejus
718 368 772 387 non
788 365 970 396 acceperunt;
984 365 1078 396 gentes

292 413 381 435 autem
396 407 430 434 ab
444 414 476 434 eo
496 407 528 434 ad
545 406 634 433 Patris
661 405 761 440 Deique
785 407 907 433 omnium
932 407 1077 440 scientiam

291 453 423 484 adductae,
450 453 600 480 secundum
627 457 787 488 priesentem
805 455 986 488 prophetiam,
1015 463 1076 482 eum

291 503 448 527 sanctorum
463 499 523 533 ejus
552 500 652 534 populo
669 500 850 533 lietabuntur;
865 501 1005 528 Christum
1027 509 1078 528 au-

291 549 344 573 tem
362 545 539 572 ﬁrmaverunt
555 553 650 572 onmes
665 546 711 572 lilii
738 546 797 578 Dei,
813 551 840 574 et
856 547 902 581 qui
918 547 983 574 olim
996 547 1030 574 de
1044 555 1078 574 eo

290 591 532 626 prophetaverunt,
545 595 572 618 et
584 592 631 626 qui
641 596 701 626 post
711 592 770 626 ejus
781 593 937 624 adventum,
953 593 1078 628 adoptio-

289 637 333 664 nis
349 636 476 671 spiritum
487 637 640 667 consecuti,
658 644 720 663 eum
741 645 790 671 per
807 637 963 665 universam
975 642 1077 665 terram

289 683 497 710 nuntiaverunt.
511 682 574 709 Hzee
590 682 700 718 quidem
721 682 754 710 de
770 682 974 716 Pentateucho;
1003 691 1077 710 nunc

289 734 353 759 vero
368 731 515 766 sequentes
530 727 678 765 Scriptura:
690 728 774 757 libros
788 728 988 764 aggrediamur.

565 829 688 862 ,CAPUT
705 829 786 857 XVII.

568 871 610 901 Εξτ
619 875 701 902 Josue
712 875 789 902 libro.

326 929 335 945 ι
353 920 420 947 (Zum
436 925 525 948 autem
541 926 613 948 esset
630 920 714 948 Josue
730 922 757 948 in
772 929 838 957 agro
861 921 938 950 urbis
951 921 1071 953 Iericho,

281 967 386 994 elevavit.
403 967 508 1000 oculos,
530 971 558 995 et
575 968 642 995 vidit
664 968 753 995 virum
772 972 890 995 stantem
907 973 1001 995 contra
1032 976 1072 1000 se,

285 1012 457 1047 evaginatum
477 1016 610 1040 tenentem
623 1013 754 1048 gladium,
774 1014 947 1048 perrexitque
961 1014 995 1041 ad
1009 1022 1072 1041 eum

285 1060 312 1084 et
326 1057 380 1084 ait:
395 1056 493 1085 Noster
509 1066 550 1089 es,
567 1066 601 1084 an
630 1058 870 1086 adversariorum?
886 1059 937 1092 Qui
957 1068 1072 1095 respon—

285 1101 325 1130 dit
338 1111 345 1128 :
359 1102 537 1138 Nequaquam
552 1114 558 1131 :
576 1104 623 1132 sed
642 1112 702 1132 smn
724 1105 853 1141 princeps
867 1107 1005 1134 exercitus
1020 1107 1072 1134 Do-

284 1149 360 1182 mini,
379 1153 406 1177 et
423 1158 496 1177 nunc
508 1151 600 1178 venio.
617 1151 722 1178 Cecidit
742 1151 825 1180 Josue
851 1161 954 1187 pronus
970 1154 997 1180 in
1019 1158 1074 1180 ter-

284 1201 354 1222 ram.
371 1195 404 1222 Et
418 1196 538 1224 adorans
552 1197 590 1224 ait
605 1207 612 1223 :
626 1197 696 1230 Quid
716 1198 844 1226 dominus
857 1206 934 1226 meus
952 1199 1073 1234 loquitur

283 1241 318 1271 ad
348 1250 456 1270 servum
484 1243 584 1270 suum?
611 1243 702 1275 Solve,
729 1244 834 1278 inquit,
859 1244 1071 1272 enlceamentum

283 1290 360 1314 tuum
390 1287 423 1315 de
455 1289 570 1322 pedibus
605 1289 660 1317 tuis
687 1299 693 1316 :
727 1289 804 1317 locus
832 1289 903 1316 enim
922 1310 929 1322 ,
960 1289 986 1316 in
1016 1298 1071 1324 quo

283 1336 361 1364 stas,
387 1338 499 1361 sanctus
524 1339 566 1362 est
590 1335 624 1362 '°.
650 1345 659 1361 ι
693 1335 760 1369 Quis
792 1337 862 1365 alius
887 1345 948 1364 esse
979 1342 1072 1372 posset

285 1377 411 1413 princeps
443 1381 583 1415 copiarum
612 1380 716 1408 Domini
736 1402 743 1413 ,
772 1383 825 1410 nisi
855 1383 982 1410 Christus
1013 1383 1069 1415 Dei,

285 1425 404 1452 universi
429 1426 484 1453 dux
513 1428 601 1454 sancti
628 1428 817 1463 spiritalisque
847 1428 894 1456 Dei
913 1429 1072 1457 exercitus?

284 1469 350 1497 l'lud
376 1471 456 1498 etiam
481 1473 599 1503 attende.
629 1481 719 1501 annon
739 1474 809 1501 idem
838 1475 885 1509 qui
913 1474 997 1510 Moysi
1021 1483 1071 1510 per

285 1517 409 1551 angelum
438 1518 630 1546 tnanil‘estatus
655 1521 682 1547 in
706 1524 797 1548 monte
811 1529 844 1548 ex
875 1521 942 1556 ipsis
971 1522 1004 1549 ad
1021 1521 1068 1550 Jo-

282 1569 330 1589 sue
353 1563 444 1590 verbis
467 1563 679 1593 demonstratur.
702 1565 769 1599 Quae
792 1567 863 1593 enim
893 1568 957 1595 huic
982 1576 1067 1602 nunc,
1083 1581 1103 1608 α

283 1608 339 1634 hac
352 1611 378 1635 et
390 1608 474 1645 Moysi
488 1610 614 1638 similiter
626 1612 653 1638 in
669 1612 757 1647 prima
770 1612 803 1639 ad
818 1621 879 1640 eum
893 1613 998 1641 Domini
1010 1622 1069 1641 ma-

279 1655 457 1684 nifestatione
471 1665 519 1692 per
536 1658 661 1692 angelum
677 1659 750 1685 dicta
778 1665 852 1690 sunt,
877 1670 886 1685 ‹
908 1659 989 1688 Solve
1012 1662 1070 1689 cal-

280 1705 453 1728 ceamentum
468 1705 544 1729 tuum
553 1703 586 1730 de
601 1704 715 1738 pedibus
726 1706 792 1737 tuis,
806 1716 815 1731 ι
825 1710 852 1733 et
863 1711 970 1735 etetera.
984 1707 1066 1736 Multa

278 1751 342 1774 sunt
356 1747 467 1775 Christo
483 1749 528 1777 Dei
542 1751 652 1778 nomina
669 1759 675 1776 2
690 1760 765 1779 utine
792 1753 912 1788 seipsum
931 1764 941 1780 ι
960 1754 1066 1782 Domini

277 1793 414 1821 exercitus
436 1794 587 1830 principem
604 1805 613 1822 ι
632 1796 772 1831 declarat;
803 1803 886 1833 atque
917 1799 943 1826 in
969 1800 1039 1827 lsaia
1057 1821 1064 1832 ,

280 1846 289 1863 ε
310 1839 399 1874 magni
417 1840 525 1866 consilii
548 1840 690 1875 Angelum,
714 1852 722 1868 ι
748 1842 800 1870 hoc
820 1844 848 1870 in
870 1844 930 1871 loco
949 1854 955 1871 :
974 1854 984 1870 ‹
1000 1843 1065 1872 Om—

276 1884 319 1911 nis
335 1885 452 1912 violenta
468 1886 598 1920 praedatio
618 1888 669 1914 erit
691 1889 718 1914 in
740 1889 957 1917 combustionem
972 1895 999 1918 et
1027 1891 1063 1918 ci-

275 1930 329 1961 bus
350 1930 428 1965 ignis.
447 1930 581 1959 Parvulas
594 1934 666 1961 enim
685 1939 765 1963 natus
790 1940 831 1962 est
847 1936 937 1968 nobis,
951 1940 978 1963 et
993 1937 1064 1964 ﬁlius

275 1975 356 2006 datus
370 1982 411 2004 est
423 1977 513 2011 nobis,
530 1982 557 2006 et
572 1978 662 2008 factus
675 1985 717 2013 est
735 1981 906 2019 principatus
920 1990 1001 2017 super
1013 1983 1064 2010 hn~

274 2030 379 2051 merum
402 2023 462 2057 ejus
485 2033 491 2052 :
513 2029 539 2052 et
561 2025 703 2053 vocabitur
727 2035 824 2056 nomen
847 2029 942 2062 ejus,..
972 2029 1062 2064 magni

273 2069 382 2096 consilii
391 2069 510 2105 Angelus
520 2071 589 2099 ⁶¹·⁶¹.
598 2082 606 2098 ι
616 2072 741 2100 Invenies
749 2079 775 2100 et
785 2074 811 2101 in
824 2074 956 2102 Malaehia
972 2075 1061 2109 ipsum

276 2123 286 2138 ‹
306 2113 438 2148 Angelum
454 2118 608 2144 testamenti
627 2118 649 2133 ⁸³
667 2128 676 2143 ›
703 2122 840 2150 vocatum,
862 2120 907 2146 ubi
938 2120 1037 2155 legitur
1053 2127 1059 2144 ῖ

276 2168 286 2185 ι
305 2158 338 2185 Et
362 2161 453 2186 statim
475 2162 565 2188 veniet
587 2163 621 2190 ad
642 2164 773 2198 templum
794 2172 874 2191 suum
891 2164 1058 2198 Dominator,

272 2213 353 2241 quem
376 2214 425 2233 vos
442 2208 575 2242 quaeritis.
604 2214 631 2236 et
646 2209 765 2251 Angelus
789 2211 956 2245 testamenti,
978 2219 1059 2246 quem

271 2258 321 2282 vos
336 2252 419 2279 vultis
432 2252 465 2279 Μ’.
486 2263 495 2282 ι

554 2310 669 2338 CAPUT
682 2302 774 2340 xvnt.

344 2353 366 2380 E
376 2355 461 2388 primo
475 2354 571 2390 Regum
586 2356 663 2389 libro,
681 2365 714 2384 ea;
727 2360 811 2385 Annw
825 2361 985 2393 precatione.

308 2407 317 2424 ι
336 2398 468 2427 Dominus
489 2401 613 2428 ascendit
629 2401 656 2428 in
672 2402 757 2430 caelos
775 2406 802 2430 et
823 2404 921 2431 tonuit.
940 2404 999 2439 Ipse
1013 2405 1058 2441 ju-

269 2444 372 2471 tlicabit
387 2445 454 2473 lines
475 2449 563 2480 teri-te,
575 2451 601 2474 et
616 2447 691 2474 dabit
709 2448 852 2483 imperium
881 2451 937 2485 regi
953 2458 1013 2484 suo,
1030 2456 1058 2479 et

270 2490 427 2518 sublimabit
453 2500 539 2523 cornu
562 2493 664 2521 Christi
688 2494 729 2521 sui
753 2495 786 2522 θ’.
808 2505 816 2520 ι
843 2495 895 2528 Qui
917 2495 951 2523 de
978 2497 1057 2524 caelis

268 2537 449 2569 descenderat
463 2538 596 2567 Dominus
622 2539 667 2567 Dei
686 2539 816 2574 Verbum,
834 2542 892 2581 ipse
916 2550 1012 2570 rursus
1028 2543 1055 2570 in

267 2584 353 2610 C(Blns
363 2585 501 2618 ascendit;
514 2588 538 2611 et
551 2593 613 2612 cum
623 2586 803 2620 ascendisset,
816 2587 907 2615 divina
920 2592 1055 2624 potestate

267 2635 316 2656 sua
340 2631 526 2665 evangelicum
554 2632 679 2659 nuntium
704 2633 804 2667 tonuit,
832 2638 860 2660 ut
876 2634 902 2660 in
927 2636 1054 2663 universa

266 2679 340 2704 terra
355 2677 476 2703 auditum
496 2677 570 2706 illum
596 2678 724 2706 efﬁceret.
744 2679 803 2714 ipse
817 2687 906 2711 autem
920 2681 1055 2715 judicabit

266 2719 334 2748 ﬁnes
351 2727 430 2751 terrae
444 2728 471 2750 et
493 2727 626 2759 quotquot
654 2725 726 2753 intra
753 2734 800 2754 eos
828 2727 961 2759 habitant,
978 2730 1053 2758 omni

263 2763 368 2799 judicio
392 2775 407 2793 a
432 2767 512 2799 Patre
537 2773 658 2805 accepto.
689 2769 740 2797 Sed
766 2771 847 2799 etiarn
868 2772 951 2799 rohur
976 2773 1052 2800 dedit

300 2844 322 2859 "
343 2842 352 2869 l
369 2844 430 2872 (Aur.
460 2853 479 2878 ι,
497 2846 541 2874 27.

263 2886 300 2911 ιι,
324 2878 363 2906 l0.

600 2849 620 2861 ‘°
640 2846 695 2875 Jos.
723 2857 749 2881 γ,
779 2849 869 2877 15-16,

923 2850 980 2865 ""‘"
1003 2850 1053 2880 isa.
1083 2859 1127 2879 Ix.
1157 2854 1182 2881 5.

1131 267 1185 294 τῶν
1210 267 1293 293 αὑτοῦ
1306 267 1446 300 Μωῦσέως
1462 269 1564 303 χρόνων
1587 268 1705 300 εἰδώλοις
1731 268 1909 304 λατρεύοντες.

1132 314 1177 340 καὶ
1198 314 1244 340 τὸν
1271 313 1336 340 Θεὸν
1366 313 1577 349 παροργίζοντες
1608 314 1655 340 καὶ
1681 313 1909 349 παραζηλοῦντες,

1131 359 1242 386 ἐλθόντα
1271 359 1353 386 αὑτοῦ
1377 360 1422 386 τὸν
1442 360 1558 396 Χριστὸν
1579 360 1628 387 οὐκ
1644 360 1768 394 ἐδέξαντο
1779 369 1785 375 ·
1802 360 1866 387 ἀλλὰ
1880 362 1912 387 τὰ

1131 405 1194 442 ἔθνη
1223 414 1253 440 γε
1274 406 1307 432 δι’
1328 406 1410 433 αὑτοῦ
1430 407 1474 433 τὸν
1496 406 1604 442 Πατέρα
1624 407 1670 433 καὶ
1691 406 1756 432 Θεὸν
1774 407 1828 433 τῶν
1850 406 1912 434 ὅλων

1131 450 1274 483 ἐπιγνόντα
1301 450 1371 477 κατὰ
1390 450 1438 486 τὴν
1451 452 1480 477 ἐν
1491 452 1568 487 χερσὶ
1585 452 1751 486 προφητείαν
1765 452 1914 487 εὐφρανθή-

1131 503 1206 521 σεται
1219 494 1288 530 μετὰ
1297 495 1345 522 τοῦ
1363 495 1417 522 τῶν
1435 495 1520 530 ἁγίων
1535 495 1599 524 λαοῦ
1623 495 1705 522 αὑτοῦ
1718 504 1725 510 ·
1741 496 1787 522 τὸν
1802 495 1913 531 Χριστὸν

1128 539 1155 566 δὲ
1174 541 1221 566 καὶ
1231 541 1376 575 ἐνίσχυσαν
1395 541 1494 572 πάντες
1512 542 1535 567 οἱ
1551 541 1605 568 υἱοὶ
1618 540 1663 567 τοῦ
1678 540 1757 572 Θεοῦ,
1772 541 1838 567 οἵτε
1853 542 1914 577 πρό.

1127 594 1206 622 τερον
1221 586 1255 613 τὰ
1273 587 1337 623 περὶ
1357 587 1438 614 αὑτοῦ
1462 587 1704 623 προφητεύσαντες,
1723 588 1769 614 καὶ
1780 588 1838 614 ὅσοι
1850 589 1915 623 μετὰ

1127 631 1176 667 τὴν
1187 632 1338 667 παρουσίαν
1359 632 1441 659 αὑτοῦ
1454 632 1484 658 τὸ
1506 632 1612 668 πνεῦμα
1624 632 1673 668 τῆς
1683 632 1819 664 υἱοθεσίας
1830 634 1916 669 χωρή-

1128 685 1234 710 σαντες,
1253 678 1299 704 ἐπὶ
1315 679 1404 705 πᾶσαν
1425 678 1507 705 αὑτὸν
1532 678 1666 714 ἐκήρυξαν
1682 679 1730 715 τὴν
1743 680 1914 715 οἰκουμένην.

1127 724 1166 750 Τὰ
1187 724 1235 759 μὲν
1251 724 1283 760 δὴ
1300 724 1352 751 ἀπὸ
1369 725 1417 760 τῆς
1429 724 1611 760 Πεντατεύχου
1628 725 1746 755 τοσαῦτα
1758 734 1764 740 ·
1781 726 1915 762 μετίωμεν

1127 770 1155 801 δὲ
1168 771 1215 797 καὶ
1227 771 1273 800 ἐπὶ
1289 771 1338 803 τὰς
1356 771 1418 807 ἑξῆς
1435 771 1556 806 Γραφάς.

1391 827 1588 854 ΚΕΦΑΛΑΙΟΝ
1605 828 1653 854 ΙΖ¹.

1290 873 1357 900 Ἀπὸ
1372 872 1428 906 τῆς
1446 873 1498 900 τοῦ
1522 873 1618 907 Ἰησοῦ
1631 873 1756 908 γραφῆς.

1165 926 1174 942 ί
1193 918 1247 944 Καὶ
1261 918 1376 954 ἐγενήθη
1393 919 1430 950 ὡς
1443 916 1476 954 ἦν
1497 919 1598 954 Ἰησοῦς
1615 920 1643 945 ὲν
1665 919 1778 955 ’1εριχὼ,
1791 921 1840 946 καὶ
1852 921 1915 949 ἀνα-

1126 962 1228 997 ϐλέψας
1244 965 1294 1000 ὁρᾷ
1308 964 1451 1000 ἄνθρωπον
1466 965 1599 1000 ἑστηκότα
1610 965 1751 992 κατέναντι
1764 966 1857 998 αὑτοῦ,
1871 969 1915 995 καὶ

1125 1011 1140 1046 ή
1155 1012 1277 1046 ρομφαῖα
1292 1011 1452 1046 ὲσπασμένη
1469 1013 1498 1038 ἐν
1513 1012 1546 1046 τῇ
1562 1011 1633 1047 χειρὶ
1648 1012 1739 1038 αὑτοῦ.
1760 1013 1816 1038 Καὶ
1832 1021 1915 1048 προσ-

1125 1056 1209 1083 ελθὼν
1231 1057 1346 1092 Ἰησοῦς,
1366 1055 1452 1089 εἶπεν,
1474 1057 1622 1093 Ἦμέτερος
1643 1055 1678 1091 εἴ,
1694 1058 1711 1092 ἦ
1734 1058 1789 1084 τῶν
1802 1059 1916 1085 ὑπεναν-

1123 1103 1206 1135 τίων;
1227 1103 1282 1130 Καὶ
1296 1101 1372 1130 εἶπεν
1396 1102 1480 1138 αὐτῷ,
1503 1103 1573 1137 Ἐγὼ
1599 1104 1818 1140 ἀρχιστράτηγος
1838 1105 1915 1131 δυνά-

1125 1158 1197 1184 μεως
1215 1150 1318 1186 Κυρίου
1346 1150 1404 1176 νυνὶ
1428 1150 1612 1185 παραγέγονα.
1628 1151 1683 1177 Καὶ
1701 1151 1805 1185 Ἰησοῦς
1818 1152 1915 1179 ἔπεσεν

1124 1196 1169 1222 ἐπὶ
1182 1197 1326 1231 πρόσωπον
1339 1197 1385 1222 ἐπὶ
1400 1196 1448 1231 τὴν
1459 1197 1521 1231 γῆν,
1537 1197 1585 1223 χαί
1595 1194 1670 1223 εἶπεν
1682 1197 1765 1232 αὐτῷ,
1780 1197 1914 1229 Δέσποτα,

1122 1242 1148 1268 τί
1161 1243 1342 1278 προστάσσεις
1356 1242 1396 1278 τῷ
1413 1242 1452 1278 σῷ
1463 1243 1555 1279 οἰκέτῃ
1565 1252 1572 1275 ;
1584 1243 1638 1269 Καὶ
1648 1243 1722 1277 λέγει
1737 1244 1751 1270 ὁ
1764 1243 1915 1279 ἀρχιστρά-

1123 1297 1206 1324 τηγος
1219 1289 1321 1323 Κυρίου
1337 1289 1405 1324 πρὸς
1422 1288 1534 1324 Ἰησοῦν,
1548 1289 1633 1315 Λύσαι
1647 1288 1677 1315 τὸ
1687 1289 1814 1324 ὑπόδημα
1831 1289 1863 1322 (Γ.
1880 1289 1911 1316 Η

1122 1336 1160 1367 v“)
1175 1333 1207 1360 ἐκ
1219 1333 1272 1359 τῶν
1289 1333 1376 1360 ποδῶν
1390 1342 1447 1366 σου,
1461 1334 1475 1360 ό
1489 1333 1542 1369 γὰρ
1550 1333 1641 1365 τόπος,
1653 1334 1681 1359 ὲν
1696 1330 1718 1367 ᾧ
1733 1334 1765 1360 σὺ
1781 1334 1911 1369 ἕστηκας,

1121 1379 1202 1411 τόπος
1217 1380 1293 1414 ἅγιός
1307 1381 1375 1406 ἐστι.
1397 1390 1406 1405 ι
1423 1379 1478 1406 Καὶ
1492 1379 1534 1411 τίς
1543 1378 1575 1406 ἃν
1590 1378 1668 1410 ἄλλος
1680 1378 1723 1414 εἴη
1736 1380 1751 1405 ὁ
1763 1379 1912 1414 ἀρχιστρά-

1121 1432 1204 1458 τηγος
1231 1424 1371 1460 δυνάμεως
1398 1424 1509 1459 Κυρίου,
1527 1424 1543 1459 ἢ
1564 1425 1578 1450 ὁ
1591 1424 1708 1459 Χριστὸς
1737 1423 1783 1450 τοῦ
1804 1425 1884 1457 Θεοῦ,
1899 1425 1913 1451 ὁ

1122 1468 1212 1504 πάσης
1226 1468 1317 1504 ἄρχων
1333 1469 1413 1503 ἁγίας
1425 1470 1472 1496 καὶ
1485 1469 1671 1504 πνευματικῆς
1681 1469 1728 1496 τοῦ
1744 1470 1813 1496 Θεοῦ
1832 1479 1913 1505 στρα-

1120 1514 1198 1546 τιᾶς;
1212 1514 1282 1550 Ὅρα
1293 1514 1321 1540 δὲ
1338 1514 1375 1550 μὴ
1390 1515 1413 1540 εἰ
1425 1515 1470 1541 καὶ
1482 1515 1496 1540 ὁ
1510 1515 1590 1546 αὐτὸς
1600 1516 1614 1541 ό
1630 1515 1725 1550 καὶτῷ
1740 1516 1856 1542 Μωῦσεῖ
1869 1516 1912 1542 διὰ

1121 1560 1167 1587 τοῦ
1197 1561 1313 1595 ἀγγέλου
1340 1562 1510 1598 χρηματίσας
1529 1562 1557 1588 ὲν
1575 1561 1613 1597 τῷ
1631 1562 1688 1598 ὄρει
1704 1563 1758 1589 ἀπὸ
1772 1563 1830 1588 τῶν
1845 1563 1913 1598 πρὸς

1120 1608 1165 1632 τὸν
1195 1606 1298 1642 Ἰησοῦν
1325 1607 1410 1641 λόγων
1434 1608 1631 1642 ὑποφαίνεται*
1651 1609 1722 1645 ἅπερ
1744 1609 1799 1645 γὰρ
1823 1610 1913 1646 τούτῳ

1120 1651 1177 1683 νῦν,
1190 1653 1277 1680 ταῦτα.
1292 1654 1338 1680 καὶ
1353 1654 1570 1689 Μωῡσεῖὁμοίως
1577 1655 1720 1690 ἀρχομένῳ
1733 1655 1783 1690 τῆς
1793 1655 1913 1691 Θεωρίας

1120 1699 1187 1735 πρὸς
1203 1699 1249 1725 τοῦ
1271 1700 1374 1735 Κυρίου
1396 1701 1439 1727 διὰ
1460 1700 1506 1727 τοῦ
1524 1701 1638 1735 ἀγγέλου
1656 1701 1762 1737 εἴρηται
1782 1704 1855 1729 κατὰ
1869 1703 1916 1734 τὺ..

1121 1755 1130 1772 ι
1145 1744 1232 1772 Addat
1245 1745 1275 1772 τὺ
1284 1746 1409 1781 ὑπόδημα
1423 1747 1455 1772 ὲκ
1468 1746 1522 1772 τῶν
1530 1746 1618 1774 ποδῶν
1633 1755 1690 1779 σου,
1706 1756 1716 1772 ι
1726 1748 1774 1774 καὶ
1786 1748 1823 1774 τὰ
1835 1748 1908 1783 ἑξῆς.

1119 1791 1298 1827 Πολυώνυμος
1324 1792 1352 1819 δέ
1378 1801 1420 1824 τις
1436 1793 1565 1828 ὑπάρχων
1585 1795 1600 1820 ὁ
1622 1794 1738 1828 Χριστὸς
1760 1794 1809 1821 τοῦ
1829 1795 1910 1827 Θεοῦ,

1118 1838 1165 1865 νῦν
1174 1848 1183 1864 ι
1199 1839 1427 1874 Ἀρχιστράτηγος
1440 1840 1579 1874 δυνάμεως
1587 1840 1690 1876 Κυρίου
1700 1851 1708 1866 ι
1725 1850 1777 1876 χρη
1783 1841 1910 1875 ματίζει·

1116 1884 1153 1916 ὡς
1163 1885 1209 1911 καὶ
1223 1886 1250 1911 ὲν
1258 1885 1364 1921 Ἡσαΐᾳ.
1376 1896 1384 1910 ι
1393 1886 1512 1921 μεγάλης
1529 1886 1624 1921 βουλῆς
1634 1886 1765 1921 Ἀγγελος
1776 1896 1782 1902 ⁸
1798 1897 1808 1912 ι
1818 1889 1850 1915 ἐν
1862 1888 1910 1923 τῷ.

1120 1939 1128 1954 ι
1141 1930 1195 1956 Καὶ
1212 1930 1367 1966 θελήσουσιν
1378 1932 1401 1957 ει
1419 1931 1539 1965 ἐγένοντο
1556 1932 1744 1966 πυρίκαυστοι.
1760 1933 1824 1959 Ὀτι
1844 1942 1908 1959 παι-

1115 1975 1170 2002 δίον
1189 1976 1320 2011 ἐγεννήθη
1339 1978 1415 2011 ἡμῖν,
1429 1976 1485 2007 υίὸς
1504 1976 1550 2002 καὶ
1566 1976 1643 2013 ἐδόθη
1660 1978 1735 2012 ἡμῖν,
1752 1974 1784 2003 οὗ
1801 1978 1819 2012 ἡ
1836 1978 1907 2013 ἁρχὴ

1116 2021 1163 2047 ἐπὶ
1178 2021 1224 2047 τοῦ
1250 2021 1324 2057 ὤμου
1350 2022 1442 2054 αὑτοῦ,
1461 2023 1506 2049 καὶ
1522 2023 1684 2050 καλεῖταιτὸ
1697 2023 1785 2058 ὄνομα
1808 2024 1906 2055 αὑτοῦ,

1117 2066 1237 2101 μεγάλης
1255 2066 1352 2102 βουλῆς
1370 2067 1510 2101 Ἄγγελος.
1532 2078 1540 2093 ι
1554 2068 1651 2104 Εὗροις
1674 2069 1696 2094 δ’
1710 2068 1743 2095 ἂν
1762 2069 1811 2095 καὶ
1829 2070 1860 2095 ὲν
1869 2069 1907 2104 τῷ

1115 2111 1242 2148 Μαλαχίᾳ
1256 2123 1264 2137 ι
1281 2112 1410 2146 ’Ἄγγελον
1423 2113 1554 2149 διαθήκης
1573 2124 1582 2139 ι
1598 2114 1677 2140 αὑτὸν
1691 2114 1904 2149 ὀνομαζόμενον,

1114 2157 1178 2184 ἔνθα
1190 2158 1306 2192 λέγεται,
1326 2167 1334 2182 ι
1356 2158 1409 2184 Καὶ
1423 2159 1550 2194 ἐξαίφνης
1561 2159 1620 2195 ἥξει
1629 2160 1669 2191 εἰς
1683 2160 1728 2185 τὸν
1741 2160 1806 2186 ναὸν
1822 2159 1906 2186 αὑτοῦ

1115 2203 1225 2239 Κύριος,
1248 2204 1276 2230 ὃν
1291 2205 1369 2239 ὑμεῖς
1389 2205 1504 2240 ζητεῖτε,
1519 2206 1565 2232 καὶ
1579 2207 1593 2232 ὁ
1608 2206 1739 2240 Ἀγγελος
1749 2207 1800 2241 τῆς
1812 2207 1906 2242 διαθή-

1076 2258 1097 2287 D
1114 2258 1174 2284 κης,
1189 2249 1218 2276 ὃν
1234 2251 1312 2286 ὑμεῖς
1329 2250 1429 2278 Θέλετε.
1450 2261 1459 2276 ι

1368 2320 1563 2346 ΚΕΦΑΛΑΙΟΝ
1579 2321 1631 2346 IH'.

1137 2363 1183 2389 Ἐκ
1200 2362 1252 2396 τῆς
1268 2366 1293 2389 α’
1310 2363 1369 2389 τῶν
1386 2364 1562 2391 Βασιλειῶν.
1581 2364 1638 2398 Τῆς
1652 2364 1746 2399 εὐχῆς
1764 2367 1884 2398 Ἅννας.

1149 2418 1158 2435 ε
1179 2409 1280 2444 Κύριος
1297 2410 1380 2446 ἀνέϐη
1406 2411 1445 2442 εἰς
1465 2411 1614 2446 οὐρανοὺς,
1644 2412 1692 2438 καὶ
1718 2411 1901 2447 ἐϐρόντησεν·

1112 2454 1194 2486 αὐτὸς
1208 2456 1297 2492 κρινεῖ
1309 2455 1381 2492 ἄκρα
1397 2456 1448 2491 γῆς
1462 2477 1469 2488 ,
1484 2457 1530 2483 καὶ
1549 2456 1629 2483 δώσει
1649 2457 1726 2492 ἰσχὺν
1746 2459 1804 2489 τοῖς
1822 2458 1901 2492 βασι⁸

1110 2499 1202 2527 λεῦσιν
1223 2501 1312 2536 ἡμῶν,
1337 2503 1384 2528 καὶ
1399 2502 1501 2537 ὑψώσει
1525 2503 1608 2538 κέρας
1623 2503 1741 2538 Χριστοῦ
1772 2504 1866 2531 αὐτοῦ.
1890 2514 1897 2530 ι

1114 2547 1142 2573 ’0
1161 2548 1284 2580 καταϐὰς
1298 2549 1328 2574 ὲκ
1341 2549 1394 2575 τῶν
1413 2549 1534 2584 οὑρανῶν
1551 2550 1652 2584 Κύριος
1665 2551 1679 2576 ὸ
1691 2550 1738 2576 τοῦ
1764 2550 1835 2577 Θεοῦ
1853 2551 1900 2577 Λό-

1108 2601 1166 2626 γος,
1183 2594 1264 2625 αὐτὸς
1278 2594 1359 2621 πάλιν
1373 2595 1542 2630 ἀναϐέϐηκεν
1554 2597 1593 2627 είς
1604 2595 1735 2630 οὐρανούς
1745 2604 1752 2610 ·
1773 2597 1822 2622 καὶ
1833 2597 1898 2623 ἁνα-

1109 2638 1159 2670 6ὰς
1173 2639 1334 2675 ἐϐρόντησεν
1348 2642 1380 2676 τῇ
1391 2641 1461 2674 ,θείῳ
1475 2641 1571 2668 ἑαυτοῦ
1583 2641 1694 2676 δυνάμει
1712 2641 1741 2667 τὺ
1754 2641 1899 2676 εὐαγγελι-

1110 2684 1156 2710 κὺν
1174 2685 1313 2720 κήρυγμαι
1331 2686 1368 2716 ὡς
1381 2686 1541 2718 ἐξάκουστον
1559 2687 1625 2713 αὐτὸ
1644 2685 1771 2720 γενέσθαι
1795 2688 1825 2713 ἐν
1845 2686 1898 2720 ὅλῳ

1109 2729 1147 2764 τῷ
1165 2730 1259 2765 κόσμῳ
1270 2739 1276 2746 -
1292 2731 1372 2763 αὑτὸς
1386 2732 1414 2758 δὲ
1431 2734 1518 2769 κρινεῖ
1533 2733 1605 2769 ἄκρα
1621 2733 1671 2768 γῆς
1694 2734 1742 2761 καὶ
1757 2733 1822 2765 τοὺς
1847 2732 1898 2768 μέ-

1108 2784 1152 2810 χρι
1168 2776 1269 2802 τούτων
1288 2777 1438 2811 οἰκοῦντας,
1458 2778 1494 2810 ὡς
1507 2779 1595 2806 πᾶσαν
1610 2778 1729 2814 εἰληφὼς
1743 2780 1794 2815 τὴν
1807 2779 1898 2814 κρίσιν

1572 2857 1593 2871 ⁵³
1622 2857 1686 2887 ibid.

1238 2855 1259 2870 "
1280 2855 1393 2883 Malach,
1421 2864 1464 2887 nt,
1495 2856 1518 2882 1.
1572 2857 1593 2871 “
1622 2857 1686 2887 ibid.
1741 2859 1763 2874 ⁸⁵
1791 2858 1799 2884 1
1829 2857 1894 2893 Reg.
