2037 3215
161 193 232 220 1077

670 189 816 218 ΕΟΕΟΟΕ
839 186 1082 216 ΡΒΟΡΙΙΕΤΙΩᾸΞ.
1103 199 1124 206 -ι
1157 185 1211 212 LIB
1243 184 1264 211 I.

1715 175 1781 203 1078

162 248 237 284 παρά
251 247 297 274 τοῦ
318 247 438 282 Πατρός’
452 247 517 273 ἀλλά
539 247 585 273 κα).
600 246 698 273 ἔδωκεν
715 247 790 282 ἰσχὺν
811 248 866 278 τοῖς
884 247 944 272 ἑαυ-

998 243 1137 278 diScipulis
1148 242 1217 272 suis,
1232 238 1365 275 apostolis
1381 241 1407 264 et
1431 233 1582 270 prophetis,
1597 233 1645 268 qui
1661 240 1710 259 nos
1738 240 1781 258 re—

160 294 208 321 τοῦ
233 293 282 329 μὲν
311 293 455 328 μαθηταῖς,
473 293 630 325 ἀποστόλοις
659 302 688 319 τε
714 293 761 319 καὶ
785 293 946 328 προφήταις,

160 340 241 375 ἡμῶν
257 337 449 374 δὲ’βὰσιλεῦσι,
465 339 512 364 καὶ
527 338 618 373 ὕψωσε
633 339 663 365 τὸ
674 339 759 375 κέρας
769 338 815 365 τοῦ
831 338 947 374 Χριστοῦ

161 385 255 416 αὐτοῦ,
272 385 332 420 ἢτοι
356 384 402 411 τοῦ
419 383 496 415 λαοῦ,
525 386 626 420 μετοχῇ
647 384 694 410 τοῦ
723 383 840 420 Χριστοῦ
863 383 948 415 οὕτως

159 430 373 467 ὀνομαζομένου,
398 430 414 465 ἣ
426 428 456 457 οὗ
473 430 616 465 ἀνείληφεν
628 429 806 466 ἀνθρωπίνου,
821 426 851 455 οὗ
865 429 948 464 κέρας

160 475 196 512 ἦν
211 477 228 512 ἡ
241 477 335 511 θεότης
345 476 481 511 ὑψωθεῖσα
494 476 565 503 κατὰ
578 476 623 502 τὸν
638 476 708 511 ἱερὸν
716 475 886 502 Ἀπόστολον’
901 475 948 501 καὶ

161 524 190 550 ὲν
205 522 375 558 ὀγδοηκοστῷ
390 522 418 548 δὲ
433 522 518 558 ὀγδόῳ
534 522 633 558 ψαλμῷ
647 522 739 556 σαφῶς
752 522 783 547 τὸ
803 521 946 557 παραπλή-

162 577 218 596 σιον
232 568 270 604 τῷ
286 569 378 596 ἐνθάδε
392 568 512 604 περὶτοῦ
525 567 644 604 Χριστοῦ
658 568 747 598 ὁΘεός
762 576 852 603 φησιν,
869 577 878 592 ι
892 568 946 594 Καὶ

161 615 191 641 ἐν
205 615 244 650 τῷ
257 614 367 650 ὀνόματί
386 623 435 650 μου
449 614 619 650 ὑψωθήσεται
634 614 664 640 τὸ
677 614 761 650 κέρας
775 614 868 642 αὑτοῦ.
891 625 900 641 ι

420 659 617 685 ΚΕΦΑΛΑῘΟΝ
637 658 685 685 ἰΘ’.

198 713 208 730 ι
227 704 282 731 Καὶ
297 701 377 740 ἦλθεν
392 704 533 739 ἄνθρωπος
547 703 614 730 Θεοῦ
630 703 696 739 πρὸς
710 703 793 734 Ἠλεὶ,
803 701 945 735 καὶεῖπεν,

160 750 231 778 Τάδε
247 750 321 785 λέγει
336 750 437 786 Κύριος
448 750 547 784 Κύριος
558 758 564 763 ·
581 759 589 775 ι
604 750 650 776 καὶ
661 750 690 776 ὲν
703 751 758 780 τοῖς
770 750 831 784 ὲξῆς
845 759 850 764 ·
870 759 879 774 ι
894 750 946 776 Καὶ

159 798 306 833 ἀναστήσω
327 796 438 832 ἐμαυτῷ
456 796 532 831 ἱερέα
551 796 654 827 πιστὸν,
672 795 702 827 ὃς
717 795 805 822 πάντα
822 795 854 822 τὰ
869 797 898 821 ὲν
912 797 944 830 τῇ

160 844 260 880 καρδίᾳ
280 853 330 879 μου
341 843 433 870 καὶτὰ
450 844 478 869 ὲν
489 844 521 878 τῇ
538 842 610 877 ψυχῆ
628 850 678 877 μου
698 842 823 877 ποιήσει’
842 843 888 868 καὶ
905 843 945 868 οἱ-

160 890 303 925 κοδομήσω
317 889 391 925 αὐτῷ
410 887 483 915 οἷκον
501 888 605 918 πιστὸν,
629 887 675 914 καὶ
689 887 852 914 διελεύσεται
879 888 944 914 ἑνώ-

160 945 223 963 πιον
235 936 352 972 Χριστοῦ
365 945 414 971 μου
431 936 520 967 πάσας
534 934 582 967 τὰς
597 935 704 970 ἡμέρας
717 943 723 948 ·
741 934 788 961 καὶ
802 934 879 961 ἕσται
893 935 946 966 πᾶς

158 983 174 1008 ὸ
189 982 357 1018 περισσεύων
373 983 401 1008 ὲν
417 981 482 1016 οἴκῳ
498 981 557 1016 ἥξει
581 980 739 1016 προσκυνῶν
762 980 835 1015 αὐτῴ
853 980 946 1007 ὀϐολοῦ

159 1028 304 1064 ἀργυρίου,
322 1027 368 1054 καὶ
386 1028 413 1054 ἐν
426 1027 502 1063 ἄρτῳ
514 1027 563 1058 ἐνὶ,
577 1026 674 1060 λέγων,
685 1026 843 1062 Παράριψόν
857 1035 889 1060 με
902 1027 947 1052 ἐπὶ

161 1073 227 1109 μίαν
241 1073 296 1099 τῶν
309 1073 448 1108 ῑερατείων
462 1080 508 1098 σου
521 1073 618 1106 φαγεῖν
629 1071 721 1106 ἄρτον.
741 1081 749 1096 ι
763 1071 856 1102 Οὐδεὶς
870 1071 947 1102 ἄλλος

158 1120 176 1155 ἢ
195 1119 273 1154 μόνος
297 1120 310 1144 ὁ
342 1118 412 1145 κατὰ
427 1118 474 1153 τὴν
490 1117 566 1150 τάξιν
592 1117 757 1152 Μελχισεδὲκ
784 1117 872 1152 ἱερεὺς
900 1117 946 1143 τοῦ

158 1165 229 1192 Θεοῦ
245 1165 290 1191 τοῦ
305 1165 416 1199 ὑψίστου
441 1163 544 1198 Ἰησοῦς
559 1163 674 1199 Χριστὸς
696 1164 710 1190 ὁ
734 1162 828 1198 Σωτὴρ
852 1162 945 1198 ἡμῶν,

158 1212 190 1238 ὃν
206 1211 323 1246 «ἔχομεν
336 1211 465 1246 ἀρχιερέα
481 1211 577 1246 μέγαν,
597 1221 606 1236 ι
622 1209 693 1236 κατὰ
711 1209 756 1236 τὸν
775 1209 945 1241 Ἀπόστολον,

161 1267 171 1282 ι
193 1256 365 1293 διεληλυθότα
376 1257 437 1288 τοὺς
450 1257 592 1292 οὐρανοὺς,
613 1266 622 1282 ι
642 1256 729 1282 πάντα
741 1256 774 1282 τὰ
790 1257 818 1282 ὲν
829 1257 860 1291 τῇ
881 1264 947 1290 καρ-

158 1302 205 1337 δίᾳ
218 1301 265 1328 τοῦ
279 1301 384 1336 Πατρός
398 1301 548 1336 πεποίηκεν
565 1310 574 1325 ι
591 1301 710 1336 ὑπήκοος
728 1299 801 1335 αὐτῷ
821 1299 947 1334 γενέσθαι

160 1348 245 1383 μέχρι
267 1347 314 1373 καὶ
332 1346 464 1373 θανάτου·
482 1356 490 1371 ι
510 1346 571 1372 ὅθεν
590 1346 637 1373 καὶ
651 1346 807 1380 ἀναστήσας
825 1345 905 1372 αὐτὸν
933 1346 947 1372 ὁ

159 1393 266 1428 Πατὴρ,
284 1393 458 1428 οἰκοδόμησεν
478 1391 551 1427 αὐτῷ
567 1390 639 1418 οἷκον
654 1392 759 1424 πιστὸν,
771 1392 821 1427 τὴν
831 1393 863 1418 ὲκ
876 1392 948 1426 λογι-

158 1439 216 1465 κῶν
230 1439 275 1466 καὶ
296 1439 404 1471 ζώντων
422 1439 468 1465 καὶ
482 1439 584 1466 πιστῶν
599 1439 636 1471 ὼς
656 1439 762 1473 ἀληθῶς
785 1437 865 1464 λίθων
884 1447 947 1465 συν-

157 1486 282 1513 εστῶσαν
298 1486 459 1521 Ἐκκλησίαν
470 1495 476 1501 ·
491 1485 577 1521 τούτῳ
590 1486 618 1512 δὲ
634 1486 681 1512 καὶ
693 1485 816 1520 ἔρχονται
828 1494 948 1521 προσκυ-

157 1533 215 1558 νεῖν
232 1532 256 1558 oi
276 1531 467 1562 πιστεύσαντες
487 1532 527 1563 εἰς
545 1532 635 1563 αὐτὸν,
652 1531 744 1557 ὀϐολοῦ
763 1531 893 1566 ἀργυρίου
910 1530 947 1566 μὴ

158 1577 200 1612 (f.
215 1577 264 1612 15)
281 1577 520 1613 ἀποστρεφομένου
535 1577 639 1613 (όμενοι
650 1577 658 1611 )
671 1597 678 1609 ,
697 1577 765 1613 μήτε
785 1576 947 1612 σωματικῶς

157 1623 209 1658 τὴν
224 1623 269 1649 τὸν
285 1623 434 1658 κοδράντην
450 1623 489 1654 εἰς
503 1623 552 1658 τὴν
566 1622 619 1649 τῶν
634 1622 767 1657 δεομένων
788 1622 947 1659 ἐπικουρίαν

159 1668 390 1703 συνεισφέρουσαν
402 1669 499 1704 χῄραν,
516 1668 585 1703 μήτε
601 1667 653 1703 μὴν
672 1668 743 1694 κατὰ
767 1667 884 1694 διάνοιαν
899 1667 948 1702 τὴν

158 1713 208 1739 ἐπὶ
221 1713 304 1748 μόνην
317 1713 365 1749 (ῃ)
383 1715 415 1749 τῇ
433 1714 522 1744 ¹ιςίστει
535 1713 733 1749 ἐρηρεισμένην
746 1713 834 1748 ψυχὴν
843 1733 851 1744 ,
863 1713 879 1748 ἢ
899 1713 948 1748 τὴν

158 1758 232 1786 κατὰ
247 1759 360 1795 δύναμιν
372 1759 426 1785 τῶν
445 1759 547 1794 νοητῶν
563 1759 647 1794 αὐτῆς
658 1759 834 1794 ὑπαρχόντων
844 1767 948 1786 συνεισ-

158 1804 295 1838 φέρουσαν
310 1804 344 1831 τὰ
358 1805 397 1836 εἰς
423 1805 472 1840 τὴν
486 1804 540 1831 τῶν
554 1805 654 1831 λοιπῶν
678 1804 821 1840 οἰκοδομήν
843 1813 873 1831 τε
901 1805 948 1831 καὶ

157 1850 293 1885 ὠφέλειαν
310 1850 517 1886 συμϐαλλόμενα
529 1858 536 1864 ·
556 1851 590 1877 τά
610 1851 635 1885 γ’
654 1849 699 1877 οῦν
718 1860 727 1875 ι
749 1850 827 1886 μωρά
835 1850 881 1876 τοῦ
903 1850 948 1876 κό-

160 1905 232 1931 σμου
248 1895 388 1929 ἐξελέξατο
407 1906 416 1922 ι
433 1896 479 1922 καὶ
494 1896 528 1923 τὰ
543 1896 643 1931 ἀσθενῆ
657 1896 703 1922 καὶ
713 1896 817 1930 πτωχὰ,
829 1895 876 1922 καὶ
890 1904 899 1920 ι
913 1895 949 1921 τὰ

157 1943 365 1979 ἐξουθενημένα,
381 1942 470 1969 καὶτὰ
486 1943 522 1979 μὴ
532 1943 596 1969 ὄντα
613 1952 622 1968 ι
643 1942 680 1978 μὴ
691 1942 877 1978 ὑπερφρονῶν,
897 1950 948 1977 μη-

157 1988 189 2014 δὲ
212 1987 261 2019 τὰς
278 1987 383 2027 τοιάσδε
398 1987 485 2022 ψυχάς
498 1996 504 2003 '
521 1987 578 2014 ἁλλ’
601 1985 644 2014 οἷα
665 1987 853 2023 φιλάνθρωπος
880 1987 947 2014 Θεοῦ

159 2034 246 2068 Λόγος
257 2034 304 2060 καὶ
316 2034 416 2065 ταύτας
438 2033 635 2069 ἀποδεχόμενος
662 2034 712 2069 τῆς
733 2033 895 2070 προθυμίας,
915 2033 948 2066 ἃς

158 2081 208 2107 καὶ
225 2081 314 2116 κρίσει
327 2080 387 2115 Θείᾳ
403 2080 472 2107 κατὰ
492 2080 541 2115 τὴν
557 2079 635 2112 ἀξίαν
661 2080 689 2106 ὲν
703 2080 840 2116 διαφόροις
856 2082 948 2115 μοναῐς

158 2126 214 2153 τῶν
232 2126 371 2162 ίερατείων
388 2126 469 2152 αὑτοῦ
493 2126 675 2158 κατατάσσει,
695 2126 740 2152 τοῦ
763 2127 825 2162 παρ’
851 2125 947 2153 ἑαυτοῦ

158 2172 243 2208 ἄρτου
260 2172 309 2207 τῆς
324 2173 408 2199 ἀϊδίου
423 2172 494 2208 ζωῆς
510 2172 645 2205 καταξιῶν
658 2174 752 2204 αὑτάς.
769 2173 806 2199 Τὸ
820 2173 848 2199 δὲ
867 2183 876 2198 ε
894 2173 948 2199 Καὶ

157 2218 325 2245 διελεύσεται
336 2217 448 2244 ἐνώπιον
455 2219 577 2254 Χριστοῦ
592 2227 642 2254 μου
653 2219 741 2250 πάσας
752 2218 801 2251 τὰς
814 2219 945 2254 ήμέρας,›

998 277 1076 325 sunt,
1102 292 1128 316 et
1149 286 1307 315 sublimavit
1327 291 1414 311 cornu
1432 281 1532 308 Christi
1556 280 1608 311 sui,
1627 287 1674 306 seu
1690 277 1781 312 populi

999 323 1053 368 sui,
1071 333 1173 361 Christi
1194 333 1229 360 ob
1249 329 1468 358 communionem
1499 325 1539 352 sic
1554 323 1696 354 nominati,
1725 323 1781 350 Sive

998 388 1079 416 quam
1095 379 1201 413 accepit
1216 374 1407 405 humanitatis,
1426 372 1506 406 cujus
1521 378 1606 397 cornu
1618 371 1676 396 erat
1694 368 1781 395 deitas

999 414 1143 455 sublimata
1153 423 1303 452 secundum
1313 425 1437 448 sanctum
1449 417 1617 452 Apostolum.
1629 414 1662 441 Et
1672 416 1697 441 in
1707 417 1781 440 octa-

998 481 1032 499 vo
1045 477 1072 499 et
1085 470 1252 506 octogesimo
1264 467 1368 503 psalmo
1384 463 1529 491 manifeste
1544 461 1600 488 haec
1613 459 1708 487 eadem
1725 457 1780 485 fere

998 517 1031 545 de
1044 502 1237 544 Christo'Deus
1250 502 1317 540 dicit
1335 521 1341 537 :
1361 519 1370 535 ι
1391 509 1423 535 Et
1435 508 1463 535 in
1484 507 1594 534 nomine
1608 512 1667 533 meo
1678 502 1780 531 exalta-

998 563 1071 591 bitur
1084 569 1170 589 cornu
1186 561 1246 595 ejus
1259 559 1291 585 ".
1309 568 1317 583 I

1287 653 1400 683 CAPUT
1415 651 1487 679 XIX.

1034 723 1042 739 ι
1056 713 1135 740 Venit
1147 715 1236 739 autem
1252 711 1294 737 vir
1309 709 1356 736 Dei
1371 708 1404 735 ad
1419 707 1477 735 Heli
1493 709 1519 733 et
1535 706 1572 732 ait
1583 704 1615 731 ad
1624 711 1701 731 eum:
1718 702 1780 729 Haec

996 760 1062 787 dicit
1091 759 1222 786 Dominus
1243 766 1250 784 :
1268 754 1449 790 Numquid“)
1469 774 1476 780 .
1500 774 1507 780 .
1529 772 1536 779 .
1560 756 1587 778 et
1614 751 1642 777 in
1665 750 1699 777 iis
1719 757 1780 784 qua:

997 806 1162 839 sequuntur:
1188 811 1197 827 ι
1213 801 1245 828 Et
1267 801 1409 828 suscitabo
1431 798 1498 826 mihi
1518 796 1689 824 sacerdotem
1712 795 1779 821 ﬁde-

997 851 1060 883 lem,
1080 850 1125 885 qui
1147 849 1224 883 juxta
1238 855 1286 875 cor
1301 854 1389 874 meum
1407 850 1432 873 et
1447 845 1565 872 animam
1582 850 1669 870 meam
1681 841 1778 868 faciet:

997 901 1022 924 et
1033 895 1172 923 rediﬁcabo
1187 894 1211 922 ei
1226 894 1336 921 domum
1354 892 1468 924 ﬁdelem,
1480 894 1506 918 et
1526 888 1676 916 ambulabit
1688 893 1778 914 coram

997 942 1106 969 Christo
1130 948 1191 968 meo
1213 939 1320 967 cunctis
1346 938 1460 965 diebus:
1480 937 1600 964 futurum
1620 938 1662 962 est
1678 939 1778 963 autem,

998 987 1197 1022 utquicunque
1222 984 1386 1013 remanserit
1410 984 1437 1010 in
1463 983 1544 1010 domo
1568 988 1628 1012 sua,
1650 980 1738 1006 veniat
1753 983 1782 1005 ut

997 1037 1091 1061 oretur
1110 1039 1160 1068 pro
1183 1039 1226 1062 eo,
1243 1034 1269 1057 et
1294 1029 1392 1056 offerat
1414 1035 1554 1054 nummum
1573 1030 1740 1061 argenteum,
1755 1027 1781 1050 et

997 1082 1097 1105 tortam
1122 1076 1211 1112 panis,
1225 1075 1370 1109 dicatque:
1397 1072 1508 1099 Dimitte
1528 1079 1580 1102 me,
1597 1071 1722 1101 obsecro,
1747 1068 1780 1095 ad

997 1131 1078 1151 unam
1094 1126 1199 1158 partem
1214 1120 1420 1151 sacerdotalem,
1438 1122 1466 1145 ut
1475 1117 1613 1145 comedam
1631 1114 1780 1142 buccellam

998 1170 1076 1205 panis
1084 1170 1133 1196 ⁸⁸.»
1152 1168 1237 1196 Nemo
1254 1167 1324 1194 alius
1339 1165 1393 1193 nisi
1411 1165 1486 1192 solus
1498 1162 1646 1191 secundum
1657 1160 1779 1188 ordinem

999 1214 1199 1243 Melchisedech
1215 1212 1346 1241 sacerdos
1361 1210 1406 1237 Dei
1422 1208 1550 1236 altissimi
1566 1207 1645 1234 Jesns
1656 1206 1780 1233 Christus

999 1260 1123 1288 Salvator
1138 1263 1242 1290 noster,
1263 1265 1343 1294 quem
1373 1256 1526 1283 «habemus
1546 1252 1703 1280 Pontiﬁcem
1727 1259 1781 1278 ma-

998 1315 1108 1342 gnum,»
1130 1305 1280 1334 secundum
1292 1302 1463 1338 Apostolnm,
1483 1310 1492 1325 ι
1506 1300 1552 1335 qui
1565 1298 1714 1334 penetravit
1725 1305 1781 1324 cce-

998 1352 1040 1379 los
1051 1352 1101 1383 “9,:
1119 1350 1237 1385 fecitque
1252 1348 1344 1376 omnia
1360 1355 1420 1382 quae
1440 1345 1514 1372 Patri
1533 1344 1609 1372 cordi
1621 1347 1709 1374 erant,
1724 1351 1732 1367 ι
1745 1342 1782 1369 fa-

998 1401 1060 1424 ctus
1086 1396 1217 1424 obediens
1233 1403 1319 1429 usque
1341 1393 1375 1420 ad
1400 1391 1544 1419 mortem"
1556 1399 1563 1423 ;
1575 1400 1583 1416 ›
1601 1390 1673 1416 unde
1689 1388 1780 1418 Pater.

998 1451 1060 1470 enin
1082 1450 1145 1469 cum
1163 1441 1305 1471 erexisset,
1321 1438 1465 1466 aedificavit
1491 1437 1515 1464 ei
1539 1436 1648 1462 domum
1665 1433 1781 1466 ﬁdelem,

998 1487 1175 1515 constitutam
1202 1484 1327 1512 videlicet
1361 1482 1543 1510 rationalibus
1571 1480 1781 1513 viventibnsque

999 1542 1030 1562 ac
1060 1542 1122 1562 vere
1148 1533 1273 1561 ﬁdelibus
1303 1532 1440 1567 lapidibus
1476 1529 1626 1557 Ecclesiam
1644 1528 1677 1554 ⁷⁸.
1705 1528 1782 1554 llum:

1000 1581 1142 1608 adoratum
1157 1573 1267 1607 venient
1281 1578 1327 1614 qui
1344 1578 1371 1605 in
1388 1585 1450 1605 eum
1468 1575 1651 1606 crediderunt,
1671 1573 1774 1601 nummi

1000 1626 1123 1662 argentei
1145 1634 1199 1652 non
1229 1625 1418 1657 immemores;
1448 1631 1535 1658 neque
1555 1622 1628 1649 enim
1649 1627 1781 1655 torpor-a-

999 1673 1061 1700 liter
1077 1672 1257 1708 quadrantem
1282 1671 1309 1698 in
1337 1669 1556 1698 necessariorum
1569 1667 1700 1694 auxilium
1717 1674 1783 1692 con-

1000 1717 1132 1746 ferentem
1159 1717 1281 1749 viduam,
1292 1716 1326 1747 τ’,
1351 1722 1439 1749 neque
1462 1713 1622 1748 spiritaliter
1646 1711 1696 1739 soli
1721 1711 1782 1738 ﬁdei

999 1763 1122 1790 innixam
1138 1763 1269 1794 animam,
1283 1760 1326 1787 vel
1343 1759 1494 1787 secundum
1510 1757 1672 1793 spiritalium
1694 1756 1781 1784 bono-

999 1817 1059 1836 rum
1076 1809 1233 1836 facultatem
1249 1811 1412 1834 caeterorum
1430 1804 1604 1832 aadiﬁcationi
1624 1807 1651 1831 et
1672 1803 1781 1830 utilitati

998 1856 1201 1888 consulentem;
1228 1855 1332 1881 «slulta
1356 1862 1365 1878 ι
1389 1852 1481 1887 igitur,
1506 1860 1515 1875 ι
1544 1849 1639 1877 mundi
1658 1849 1739 1885 elegit
1755 1854 1783 1876 et

998 1900 1106 1927 inﬁrma
1120 1910 1129 1925 ι
1143 1903 1170 1926 ct
1186 1898 1287 1933 inopia,
1302 1900 1329 1925 et
1342 1896 1405 1923 vilia
1421 1905 1430 1921 ι
1443 1899 1470 1923 et
1486 1902 1546 1930 qua:
1569 1901 1623 1921 non
1637 1893 1756 1925 erant",
1770 1903 1778 1918 ι

999 1952 1171 1980 nequaquam
1186 1948 1378 1974 contemnens,
1396 1949 1485 1977 neque
1500 1941 1569 1968 tales
1588 1939 1710 1973 animas;
1734 1938 1782 1966 sed

999 1996 1028 2019 ut
1047 1990 1276 2018 humanissimum
1301 1989 1346 2016 Dei
1370 1987 1490 2015 Verbum
1503 1987 1543 2014 eis
1560 1985 1711 2014 studiosam
1735 1993 1782 2011 vo-

999 2037 1131 2064 luntatem
1145 2036 1286 2071 gratulans
1300 2043 1306 2067 ;
1322 2042 1391 2069 quas
1406 2040 1431 2061 et
1454 2033 1547 2060 divino
1568 2031 1673 2067 judicio
1699 2030 1780 2066 digne

999 2084 1028 2112 in
1054 2083 1171 2112 diversis
1182 2082 1329 2110 sacerdotii
1358 2081 1400 2109 sui
1427 2080 1539 2107 sedi-bus
1559 2079 1686 2111 collocat,
1715 2085 1781 2104 suos

998 2135 1107 2159 aeternae
1128 2130 1192 2157 vitaz
1209 2136 1292 2164 panes
1318 2128 1359 2155 eis
1386 2126 1556 2161 impertiens.
1592 2133 1602 2149 ι
1627 2123 1784 2150 Ambulabit

1000 2184 1093 2204 coram
1108 2174 1217 2202 Christo
1234 2182 1295 2200 meo
1309 2172 1416 2199 cunctis
1437 2170 1584 2202 diebus";
1598 2179 1606 2195 ι
1628 2171 1662 2196 de
1679 2169 1781 2196 sanctis

999 2222 1046 2256 qui
1061 2221 1088 2247 in
1106 2220 1229 2247 Ecclesia
1248 2222 1323 2250 sunt,
1341 2217 1452 2248 dicitur,
1466 2216 1578 2244 christis
1597 2220 1623 2242 et
1647 2215 1714 2249 ipsis
1736 2222 1783 2241 eo-

158 2264 226 2299 περὶ
239 2262 294 2289 τῶν
310 2262 394 2296 ἁγίων
407 2263 460 2289 τῶν
474 2264 503 2290 ὲν
514 2265 546 2298 τῇ
571 2264 718 2300 Ἐκκλησία
737 2264 843 2299 εἴρηται
854 2284 861 2296 ,
887 2273 946 2302 χρι-

1000 2266 1176 2303 gnominatis,
1190 2265 1340 2292 secundum
1356 2263 1436 2290 illud:
1456 2271 1465 2288 ι
1477 2262 1565 2288 Nolite
1580 2265 1692 2297 tangere
1715 2259 1785 2286 chri-

159 2309 232 2335 στῶν
245 2308 292 2334 καὶ
305 2307 393 2334 αὐτῶν
408 2310 684 2345 προσαγορευομένων
696 2330 703 2342 ,
721 2309 791 2336 κατὰ
813 2310 859 2340 τὸ,
875 2319 884 2335 ι
901 2310 945 2346 Μὴ

159 2353 267 2390 ἆψησθε
285 2353 338 2380 τῶν
362 2354 478 2389 χριστῶν
497 2355 546 2389 μοῦ
559 2364 565 2369 '
586 2365 594 2380 ι
615 2355 719 2387 τούτοις
738 2355 791 2392 γὰρ
808 2356 876 2392 πρὸς
899 2356 945 2382 τοῦ

158 2400 287 2436 Σωτῆρος
303 2399 410 2434 ἐλέγετο
423 2400 469 2426 καὶ
484 2400 512 2426 ὲν
526 2400 564 2436 τῷ
582 2402 749 2437 Εὑαγγελίῳ,
766 2412 774 2427 ι
799 2402 873 2434 Ἰδοὺ,
891 2401 946 2436 ἐγὼ

160 2446 222 2482 μεθ’
234 2445 310 2481 ὑμῶν
327 2446 384 2480 εἰμι
399 2445 488 2478 πάσας
498 2446 546 2478 τὰς
570 2447 686 2482 ἡμέρας,
702 2448 754 2479 ἓως
779 2448 829 2483 τῆς
853 2456 946 2474 συντε-

157 2491 234 2523 λείας
244 2491 290 2517 τοῦ
301 2491 408 2522 αἰῶνος.
427 2501 435 2515 ι
453 2491 576 2524 Πλείονος
590 2492 619 2518 δὲ
646 2493 793 2526 σαφηνείας
813 2494 946 2527 δεομένων

1001 2316 1058 2340 stos
1086 2320 1160 2339 meos
1176 2311 1225 2337 ".-
1257 2310 1306 2336 llis
1325 2309 1397 2336 enim
1419 2316 1434 2335 a
1456 2307 1596 2334 Salvatore
1619 2306 1720 2333 dictum
1738 2311 1780 2333 est

1001 2358 1028 2383 in
1058 2355 1220 2390 Evangelio:
1240 2354 1331 2381 «Ecce
1354 2361 1404 2389 ego
1428 2352 1568 2380 vobiscum
1594 2359 1655 2379 sum
1676 2351 1784 2378 cunctis

1001 2403 1100 2430 diebus
1125 2409 1211 2437 usque
1229 2402 1256 2428 in
1271 2399 1536 2428 consummationem
1552 2397 1685 2426 saeculi”.
1701 2406 1709 2422 ι
1737 2397 1784 2424 llis

1001 2456 1064 2475 vero
1081 2448 1149 2475 locis
1171 2455 1233 2474 cum
1249 2447 1382 2481 ampliore
1403 2453 1472 2480 opus
1488 2448 1560 2472 esset
1583 2443 1784 2479 explanatione,

1002 2494 1060 2521 haec
1076 2499 1165 2520 tamen
1184 2501 1265 2527 quam
1278 2491 1440 2520 brevissime
1462 2490 1534 2517 dicta
1551 2489 1694 2517 sufficient.

157 2537 215 2564 τῶν
227 2537 327 2569 τόπων,
343 2536 446 2567 τούτοις
460 2536 497 2568 ὼς
513 2533 567 2562 οἷόν
586 2545 616 2563 τε
641 2535 675 2572 ἦν
689 2537 734 2564 διὰ
760 2538 882 2573 βραχέων
908 2539 1062 2576 εἰρημένοις
1077 2537 1312 2574 ἀρκεσθησόμεθα.

431 2595 627 2622 ΚΕΦΑΛΑΙΟΝ
641 2596 682 2622 Κ¹.

160 2639 372 2673 Βασαειῶνβ.
386 2640 536 2678 ’ργιςύριρς
545 2640 592 2678 διᾲ
603 2641 704 2678 Νάθαν
715 2642 755 2674 τῷ
769 2642 858 2670 Δαυὶδ
870 2644 945 2678 μετὰ

351 2676 451 2703 πολλὰ
464 2676 512 2703 καὶ
532 2676 625 2703 ταῦτά
639 2684 733 2711 φησιν
743 2686 749 2692 ·

199 2774 208 2791 ι
227 2763 281 2791 Καὶ
300 2763 376 2790 ἔσται
404 2765 451 2791 ὲάν
471 2765 649 2802 πληρωθῶσιν
666 2769 693 2794 αι
709 2768 811 2804 ἡμέραι
826 2776 882 2800 σου,
901 2769 946 2794 καί

196 2845 220 2860 ⁸⁸
240 2843 311 2872 Psal.
331 2853 470 2876 Lxxxvm.
488 2845 534 2872 ‘25.
572 2846 593 2861 ⁵⁷
614 2845 623 2871 l
644 2845 708 2879 Reg.
746 2854 783 2876 ιι.
812 2845 856 2872 27.
896 2846 918 2861 ⁸⁸⁵
938 2846 945 2872 i

205 2879 214 2906 Ι
233 2879 305 2906 Petr.
325 2888 357 2908 ll.
379 2881 404 2908 .‘j.
465 2882 486 2897 τ’
507 2880 587 2908 Marc.
612 2889 666 2908 xu.
684 2882 726 2908 fr}.
767 2882 789 2896 ⁷³
811 2881 899 2908 lCor.
918 2890 943 2908 ι.

1104 2845 1147 2872 56.

1000 2902 1005 2907 .
1058 2881 1079 2894 ⁷³
1101 2881 1108 2906 l
1127 2880 1147 2905 li

767 2882 789 2896 ⁷³
811 2882 899 2908 lCor.
918 2890 943 2913 ι,
962 2882 1005 2907 ‘27.

159 2881 182 2895 "
205 2879 214 2906 Ι
233 2879 305 2906 Petr.
325 2888 357 2911 ll,
379 2881 404 2908 .‘j.

166 2922 253 2942 nvnl
265 2934 272 2947 ,
290 2915 334 2942 ΞΟ.

465 2882 486 2897 τ’
507 2880 587 2909 Marc.
612 2889 666 2914 χιι,
684 2882 726 2908 fr}.

1289 2593 1404 2622 CAPUT
1428 2591 1486 2619 XX.

998 2642 1022 2669 E
1035 2642 1148 2670 secundo
1164 2641 1261 2677 Regum
1276 2641 1353 2667 libro.
1379 2639 1509 2665 Dominus
1532 2646 1577 2671 per
1599 2637 1708 2665 ΝαιΙιαη
1729 2637 1784 2664 Da-

1138 2688 1191 2716 ιιίάί
1210 2693 1267 2720 post
1283 2687 1367 2714 multa
1382 2685 1435 2712 hac
1453 2692 1553 2719 quoque
1567 2683 1646 2711 dicit:

1038 2778 1046 2794 ι
1063 2768 1187 2802 Cumque
1209 2766 1334 2802 completi
1353 2763 1454 2792 fuerint
1469 2762 1528 2789 dies
1554 2763 1603 2795 tui,
1619 2767 1646 2790 et
1663 2764 1783 2791 dormie-

1203 2845 1224 2859 ⁵⁸
1245 2843 1323 2873 Hebr.
1357 2852 1392 2874 ιν,
1424 2845 1465 2872 14.
1520 2844 1543 2859 ⁷ο
1563 2842 1661 2879 Philip.
1690 2850 1727 2879 ιι.

1058 2881 1079 2894 ⁷⁵
1101 2881 1108 2906 l
1127 2880 1191 2915 Reg.
1212 2888 1245 2911 ιι,
1264 2879 1308 2907 35.
1360 2872 1475 2907 "'Psal.
1494 2888 1547 2912 Civ,
1636 2872 1668 2894 ’τε
1688 2872 1783 2905 Matth.
