2037 3215
270 159 337 188 10⁸⁷9

618 159 751 188 EUSEBH
769 136 1008 189 CAES‘ARIENSIS
1028 160 1102 188 OPP.
1123 160 1212 188 PARS
1229 161 1314 188 il|.——
1335 159 1546 188 EXEGETICA.‘

1804 159 1870 186 i080

267 225 307 246 ris
324 225 385 245 cum
404 217 525 254 patribus
543 218 607 249 tuis,
630 217 769 244 suscitabo
785 225 877 244 semen
892 221 968 244 tuum
985 224 1036 252 pOSl

1096 217 1249 252 κοιμηθήσῃ
1265 215 1333 251 μετὰ
1344 216 1397 242 τῶν
1408 216 1531 250 πατέρων
1546 224 1600 246 σου,
1618 223 1664 241 και
1683 215 1827 248 ἀναστήσω
1840 215 1870 242 τὸ

267 269 303 295 te.
319 263 392 300 quod
416 263 568 299 egredietur
582 263 616 290 de
631 268 709 290 utero
730 267 789 294 tuo,
808 268 835 290 et
862 263 974 293 ﬁrmabo
1001 271 1044 290 re-

265 317 348 345 gnum
375 309 444 343 ejus.
473 308 530 344 ipse
549 308 692 336 ardiiicabit
707 308 816 337 domum
839 308 943 336 nomini
971 316 1042 342 meo,

265 360 292 383 et
307 356 440 383 stabiliam
463 355 588 381 thronum
610 355 683 390 regni
701 355 761 389 ejus
779 363 864 389 usque
891 355 917 381 in
943 355 1043 389 sempi-

264 403 382 427 ternum.
411 399 467 435 Ego
489 407 536 428 ero
556 401 580 427 ei
598 400 625 426 in
641 404 755 434 patrem,
787 405 814 427 et
829 401 887 435 ipse
903 400 954 426 erit
976 399 1043 426 mihi

270 443 298 470 in
318 444 414 471 ﬁliuni.
445 444 495 477 Qui
512 445 535 472 si
561 445 653 479 inique
670 444 771 479 aliquid
787 445 912 479 gesserit,
929 451 1042 478 arguam

265 495 327 515 eum
343 489 370 516 in
387 489 463 524 virga
479 489 610 520 virorum,
625 492 652 515 et
664 488 690 515 in
715 489 800 523 plagis
821 489 936 516 ﬁliorum
954 488 1042 515 homi-

264 542 337 561 num.
367 534 577 562 Misericordiam
601 539 690 561 autem
721 541 808 561 meam
839 542 893 561 non
921 534 1041 561 auferam

262 579 296 607 ab
317 580 367 609 eis.
381 580 451 607 sicut
473 580 570 607 abstuli
589 587 603 606 a
618 580 695 612 Saul,
725 587 803 614 quem
828 580 915 606 amovi
938 587 952 606 a
972 579 1040 607 facie

262 632 331 651 mea.
359 624 391 651 Et
411 625 499 652 iidelis
521 626 572 652 erit
588 626 684 653 domus
701 634 760 656 sua,
777 630 803 652 et
820 633 932 660 regnum
959 633 1038 652 suum

261 677 348 704 usque
364 670 390 696 in
405 673 533 697 aeternum
555 675 616 697 ante
631 670 725 698 faciem
751 677 846 698 meam.
876 670 907 696 Et
927 671 1040 698 thronus

261 723 327 749 suus
343 716 395 742 crit
411 715 504 743 ﬁrmus
517 716 677 751 μείνω-⁷⁷.»
707 717 754 743 llis
770 716 826 743 fere
845 717 944 744 similia
969 722 996 744 et
1013 718 1039 743 in

260 761 428 797 octogesimo
445 765 543 788 octavo
568 762 697 789 dicuntur
714 762 827 796 psalmo.
857 761 933 795 Quod
951 763 972 789 si
991 760 1040 788 Ju-

260 806 325 834 daais
349 808 506 842 ambiguum
523 807 631 834 videtur
647 808 673 834 iu
690 808 731 835 his
745 808 824 841 locis,
847 809 908 843 quis
928 809 979 835 sibi
998 809 1039 835 iu-

261 853 423 888 telligeudus
448 854 493 887 sit,
513 853 619 881 Deusne
646 862 679 881 an
692 853 787 887 David,
800 855 840 881 vel
853 855 913 888 ejus
930 862 1038 882 succes-

1095 263 1203 298 σπέρμα
1220 271 1265 289 σου
1284 262 1351 297 μετὰ
1375 262 1418 293 σὲ,
1435 262 1465 293 ὃς
1488 261 1561 287 ἔσται
1579 263 1611 287 ὲκ
1624 261 1672 295 τῆς
1694 261 1796 292 κοιλίας
1813 269 1870 293 σου,

1093 309 1141 335 καὶ
1155 308 1290 344 ἑτοιμάσω
1304 308 1352 343 τὴν
1362 307 1498 342 βασιλείαν
1508 306 1599 333 αὐτοῦ.
1610 306 1694 338 Αὐτὸς
1704 306 1872 342 οἰκοδομήσει

1095 363 1138 389 μοι
1153 352 1224 381 οἷκον
1236 353 1274 389 τῷ
1286 353 1396 388 ὀνόματί
1417 362 1477 388 μου,
1496 353 1542 379 καὶ
1554 351 1699 388 ἀνορθώσω
1713 352 1758 378 τὸν
1780 352 1873 388 θρόνον

1093 399 1173 426 αὐτοῦ
1187 399 1238 431 ἕως
1254 400 1294 430 είς
1308 399 1352 425 τὸν
1369 398 1464 425 αἰῶνα.
1487 397 1556 431 Ἐγὼ
1567 397 1663 432 ἔσομαι
1680 397 1753 432 αὑτῷ
1765 398 1804 429 εἰς
1821 406 1873 424 πα-

1092 444 1168 480 τέρα,
1184 445 1229 470 καὶ
1243 444 1324 476 αὐτὸς
1338 443 1413 470 ἔσται
1433 452 1477 479 μοι
1488 444 1527 475 εἰς
1546 443 1612 469 υἱόν.
1628 442 1683 468 Καὶ
1696 442 1728 469 ἂν
1741 441 1806 478 ἔλθῃ
1817 443 1873 468 ἀδι-

1092 490 1138 516 κία
1152 489 1245 521 αὑτοῦ,
1259 490 1303 516 καὶ
1322 488 1423 523 ἐλέγξω
1440 489 1519 515 αὐτὸν
1534 489 1561 514 ἐν
1578 488 1666 524 ῥάϐδῳ
1685 488 1805 524 ἀνδρῶν,
1827 488 1873 514 καὶ

1094 535 1122 561 ὲν
1140 535 1221 568 ἁφαῖς
1238 534 1301 561 υἱῶν
1327 534 1495 570 ἀνθρώπων·
1526 533 1554 560 ’τὸ
1578 533 1607 559 δὲ
1630 533 1702 565 ἔλεός
1726 542 1776 568 μου
1789 534 1820 559 οὐ
1836 533 1874 569 μὴ

1091 580 1237 614 ὰποστήσω
1254 579 1300 605 ἀπ’
1315 579 1413 611 αὐτῶν,
1437 577 1527 610 καθὼς
1547 578 1688 612 ἀπέστησα
1706 579 1752 612 ἀφ’
1765 574 1802 604 ὧν
1822 579 1875 604 ἁπ-

1091 625 1192 660 έστησα
1205 626 1236 652 ἐκ
1249 624 1392 661 προσώπου
1408 633 1467 660 μου.
1489 626 1542 651 Καὶ
1559 624 1757 658 πιστωθήσεται
1773 625 1787 650 6
1801 621 1875 655 οἶκος

1090 670 1183 702 αὑτοῦ,
1198 671 1270 706 καὶὴ
1285 670 1405 705 βασιλεία
1420 670 1501 697 αὑτοῦ
1511 670 1561 701 ἓως
1575 669 1671 700 αἰῶνος
1683 668 1798 696 ἐνώπιόν
1810 678 1872 703 μου·

1091 716 1136 742 καὶ
1150 716 1164 742 6
1177 716 1270 751 θρόνος
1286 716 1367 743 αὐτοῦ
1379 716 1452 743 ἔσται
1470 715 1663 750 ἁνωρθωμένος
1689 716 1728 746 εἰς
1750 714 1795 740 τὸν
1808 714 1875 740 αἰῶ-

1090 769 1132 788 να.
1159 770 1168 786 ι
1186 761 1295 792 Τούτοις
1324 761 1358 788 τὰ
1383 760 1558 796 παραπλήσια
1583 761 1628 787 καὶ
1649 760 1677 785 ὲν
1703 759 1875 795 ὀγδοηκοστῷ

1089 806 1172 842 ὀγδόῳ
1189 807 1293 842 εἴρηται
1307 806 1405 842 ψαλμῷ
1417 815 1423 821 ·
1436 804 1469 842 ἧν
1483 806 1504 832 δ’
1522 805 1554 832 ἂν
1574 805 1710 837 Ἰουδαίοις
1719 805 1793 837 ἄξιον
1805 806 1873 831 ἀπο-

1092 852 1170 888 ρῆσαι
1182 852 1251 878 κατὰ
1262 853 1324 883 τοὺς
1338 851 1445 883 τόπους,
1459 851 1501 877 διὰ
1514 851 1573 877 τίνα
1595 849 1649 886 ἆρα
1662 851 1750 877 αἰτίαν
1772 851 1873 885 sci-Iam;—

260 906 306 926 sor
318 897 464 933 Salomon;
479 899 510 926 ad
527 899 622 932 Deum,
639 904 667 926 ut
682 900 827 927 verisimile
846 904 899 932 est,
917 900 1036 927 fatebunt-

1091 906 1132 924 σιν
1144 897 1189 923 τὸν
1205 897 1280 928 Θεὸν,
1296 897 1355 933 ἦτοι
1373 897 1417 923 τὸν
1435 897 1524 928 Δαυὶδ,
1545 896 1560 931 ἦ
1582 895 1628 922 τὸν
1648 895 1677 928 ἐξ
1698 896 1780 922 αὑτοῦ
1798 896 1874 930 βασι-

259 947 303 971 tur
318 944 454 979 pertinere
475 945 643 980 prophetiam
666 953 719 980 qua
743 945 813 972 [ilius
840 946 1036 980 primogenitus

1089 944 1219 970 λεύσαντα
1235 943 1386 977 Σολομῶνα*
1405 943 1468 978 περὶ
1483 940 1524 974 οὗ,
1541 943 1578 974 ὡς
1593 942 1674 974 είκδς,
1689 942 1873 977 ὑπολήψονται

259 991 422 1019 statuendus
442 991 620 1026 promittitur,
635 991 677 1018 his
697 991 802 1018 verbis:
824 1001 832 1016 ο
849 991 908 1026 Ipse
924 993 1036 1019 invoca-

259 1036 297 1064 bit
313 1044 371 1064 me:
387 1036 466 1064 Pater
487 1044 563 1064 meus
578 1045 607 1064 es
621 1041 663 1064 tu:
694 1036 764 1065 Deus
789 1045 864 1065 meus
895 1042 922 1065 et
941 1046 1037 1065 susce-

258 1083 319 1114 ptor
335 1080 431 1107 salutis
457 1088 532 1107 meas.
563 1080 595 1107 Et
618 1088 669 1115 ego
694 1081 903 1116 primogenitum
937 1090 1036 1117 ponam

257 1123 333 1151 iiltln
357 1125 493 1152 excelsum
518 1133 573 1160 prae
590 1127 699 1161 regibus
721 1128 847 1160 terrae”;
866 1137 874 1153 ι
898 1132 924 1155 et
941 1129 967 1155 in
993 1137 1036 1162 eo,

257 1169 300 1196 cui
326 1177 398 1196 nunc
421 1178 530 1206 operam
547 1171 654 1204 damus,
684 1173 762 1200 loco:
795 1173 869 1200 «Ero
894 1174 918 1202 ei
949 1174 975 1202 in
990 1183 1038 1210 pa-

258 1218 338 1245 trem,
355 1219 381 1241 et
394 1215 451 1250 ipse
468 1215 520 1242 erit
537 1216 602 1243 mihi
629 1217 655 1244 in
681 1217 792 1245 ﬁliunm
822 1218 948 1246 Attamen
970 1221 1036 1247 nihil

257 1260 365 1288 diﬂ'erre
381 1269 396 1288 a
410 1262 515 1289 caeteris
528 1262 666 1297 prophetis
687 1263 759 1291 dicet
782 1265 880 1299 aliquis
899 1264 1036 1298 Davidem,

257 1307 303 1341 qui
319 1307 426 1341 culpam
442 1306 474 1334 de
490 1307 562 1334 Uriai
576 1309 689 1336 muliere
710 1309 901 1341 confitebatur,
922 1311 1034 1339 dicens:

260 1359 269 1375 ι
284 1348 342 1376 Tibi
360 1351 409 1377 soli
427 1352 547 1385 peccavi,
566 1356 592 1378 et
617 1354 718 1380 malutn
741 1362 832 1381 coram
859 1360 884 1381 te
912 1355 962 1383 feci
972 1356 1012 1389 ”;
1025 1366 1034 1382 ι

257 1395 298 1422 vel
315 1394 498 1429 Salomonem,
525 1405 604 1432 quem
628 1405 642 1424 a
661 1398 716 1425 Deo
731 1400 878 1428 recessisse
902 1404 929 1428 et
957 1401 1037 1428 idolis

258 1445 368 1476 propter
383 1440 543 1469 feminarum
561 1443 811 1478 concupiscentiam
829 1446 956 1473 serviisse
975 1446 1038 1473 sim-

257 1485 316 1520 plex
346 1486 424 1513 docet
454 1486 602 1522 Scriptura:
631 1488 755 1515 historia.
786 1489 927 1523 Quomodo
945 1495 1037 1518 autem

258 1530 366 1559 Davidis
394 1536 440 1559 attt
459 1532 611 1560 Salomonis
637 1541 772 1568 «regnum
795 1544 883 1570 usque
910 1537 936 1563 in
954 1541 1036 1564 atter-

258 1585 343 1604 num»
375 1579 458 1606 stabit
488 1583 572 1606 «ante
603 1579 723 1608 faciem»
758 1581 820 1614 Dei,
841 1586 868 1609 et
901 1583 1035 1611 «thronus

257 1622 308 1648 erit
328 1622 420 1649 ﬁrmus
451 1622 580 1658 jugiter.»
611 1629 640 1651 ut
667 1625 790 1659 subjecta
819 1627 856 1653 ait
883 1628 1035 1662 prophetia,

257 1675 363 1696 necnon
401 1670 498 1703 psalmi
533 1670 590 1697 haec
619 1671 671 1697 alia
700 1671 755 1699 fere
781 1672 898 1701 similis:
923 1673 1036 1702 duravi

257 1712 341 1740 David
373 1721 451 1741 servo
477 1723 551 1742 meo:
566 1716 659 1751 Usque
680 1717 708 1744 in
729 1721 860 1744 aeternum
876 1720 1037 1754 praeparabo

257 1768 347 1788 semen
364 1765 451 1792 tuum,
475 1765 501 1788 et
517 1762 656 1790 aedificabo
678 1764 704 1790 in
720 1765 922 1798 generationem
946 1771 972 1793 et
987 1775 1034 1801 ge-

257 1808 424 1834 nerationem
439 1807 529 1834 sedem
547 1811 621 1835 tuam
631 1809 665 1840 '°,
679 1818 688 1833 ι
715 1813 743 1835 et
766 1810 846 1844 paulo
864 1814 923 1844 post
940 1810 1034 1838 addit:

258 1852 470 1887 «Semeljuravi
492 1853 520 1880 in
544 1858 640 1881 sancto
659 1862 729 1885 meo.
755 1855 777 1882 si
806 1855 889 1883 David
906 1857 1034 1883 mentiar.

257 1899 354 1926 Semen
377 1899 437 1934 ejus
454 1899 481 1926 in
497 1903 631 1927 :eternum
658 1901 789 1933 manebit,
805 1907 832 1929 et
846 1902 962 1931 thronus
977 1903 1036 1937 ejus

255 1944 326 1971 sicut
344 1945 384 1971 sol
413 1946 439 1971 in
456 1950 606 1980 conspectu
635 1954 696 1973 meo
706 1947 756 1974 “.-
783 1947 816 1974 Et
838 1956 956 1976 rursus:
982 1958 991 1973 α
1005 1948 1037 1975 Et

256 1997 354 2024 ponam
371 1991 398 2017 in
415 1992 544 2018 saxulum
563 1993 654 2019 saeculi
671 2000 762 2020 semen
780 1994 848 2027 ejus.
865 1999 891 2022 et
906 1995 1034 2022 thronum

254 2035 314 2070 ejus
341 2036 412 2063 sicut
426 2037 484 2064 dies
501 2038 621 2064 (-mli".i
648 2037 714 2066 Fere
745 2039 844 2066 similia
860 2040 985 2068 invenias
1006 2041 1035 2068 in

254 2079 380 2112 Ieremia,
400 2081 445 2109 ubi
462 2082 572 2115 dicitur,
597 2093 605 2109 ι
622 2083 692 2117 Quia
713 2084 770 2111 hrec
795 2085 864 2111 dicit
881 2084 1032 2113 Dominus:

255 2126 314 2153 Non
340 2126 460 2154 interibit
476 2128 509 2156 de
536 2128 621 2157 David
638 2130 681 2157 vir
695 2131 741 2165 qui
754 2131 845 2158 sedeat
862 2139 946 2166 super
960 2132 1036 2159 thro-

254 2180 317 2199 num
332 2172 430 2200 domus
447 2173 536 2201 Israel.
552 2174 584 2201 Et
599 2176 632 2202 de
645 2177 832 2204 sacerdotibus
845 2182 871 2204 et
887 2177 921 2204 de
931 2177 1035 2206 Levitis

255 2226 307 2245 non
322 2218 444 2246 interibit
461 2219 503 2246 vir
519 2227 533 2247 a
548 2220 617 2247 facie
638 2229 708 2254 mea,
725 2222 770 2257 qui
790 2222 885 2250 oii‘erat
902 2223 1034 2250 holocau-

254 2267 365 2296 tomata,
382 2268 408 2291 et
423 2264 549 2292 incendat
566 2266 740 2298 sacriﬁcium,
760 2271 787 2294 et
802 2268 888 2294 credat
904 2268 1031 2296 victimas

253 2309 381 2336 omnibus
407 2309 559 2337 diebus”.t
599 2311 663 2344 Quae
693 2312 715 2340 si
741 2312 802 2346 quis
829 2311 950 2339 conferat
970 2320 1032 2339 cum

253 2361 385 2390 praesente
399 2355 553 2383 Judzeorum
577 2357 667 2388 ruina.
685 2365 833 2392 eorumque
858 2357 979 2386 historiis
1000 2359 1034 2386 ab

254 2401 367 2428 Ezechia
381 2405 408 2429 et
423 2401 553 2429 Jcchonia
575 2403 697 2436 regibus,
713 2410 828 2438 quorum
847 2403 898 2430 sub
919 2404 1033 2438 imperio

255 2447 342 2474 deleta
358 2451 399 2474 est
412 2447 566 2475 Iudaeorum
589 2448 673 2483 regia,
696 2449 729 2475 de
747 2447 848 2476 Davide
864 2453 935 2482 orta,
953 2453 1032 2484 pote-

253 2497 319 2524 stas,
330 2493 356 2520 in
370 2493 531 2529 Babylonem
546 2494 711 2529 captivitatis
724 2500 853 2529 tempore,
867 2503 898 2522 ex
912 2503 966 2530 quo
979 2503 1032 2522 non

250 2538 306 2573 jam
320 2538 522 2573 imperaverunt
543 2543 589 2566 aut
603 2544 784 2574 regnaverunt
804 2539 913 2568 Davidis
931 2542 1032 2576 posteri

253 2591 326 2610 nunc
347 2591 450 2618 usque;
475 2584 608 2619 intelliget
624 2593 655 2612 ea
675 2585 748 2612 dicta
769 2586 881 2614 minime
900 2586 934 2613 ad
955 2586 1035 2614 Davi-

253 2629 325 2660 dem,
342 2638 429 2664 neque
453 2631 485 2657 ad
507 2630 681 2658 Salomonem
709 2631 806 2659 referri
829 2640 920 2668 posse.
952 2633 1034 2668 Atqui

254 2674 331 2702 nefas
345 2679 387 2702 est
403 2675 447 2703 Dei
459 2676 659 2709 praedictionem
669 2677 848 2712 jurejurando
863 2678 1033 2713 obsignatam

254 2720 396 2748 mendacio
423 2728 547 2757 arguere.
581 2720 609 2748 Si
635 2726 724 2750 autem
744 2730 836 2750 semen
862 2722 982 2755 Davidis,
1001 2722 1035 2750 de

1049 2239 1070 2266 Ι)

1088 986 1176 1021 λέγειν
1186 987 1233 1022 τὴν
1247 987 1412 1022 προφητείαν
1426 986 1481 1012 υἱὸν
1497 986 1664 1021 πρωτότοκον
1678 985 1770 1021 θήσειν
1787 987 1874 1019 ἐπαγ-

1088 1032 1239 1066 γέλλεσθαι,
1256 1033 1284 1058 ὲν
1305 1031 1354 1067 μὲν
1364 1031 1402 1067 τῷ
1415 1031 1514 1067 ψαλμῷ
1533 1031 1670 1066 εἰρηκότα,
1687 1041 1696 1056 ι
1713 1031 1800 1062 Αὐτὸς
1813 1033 1874 1057 ὲπι-

1088 1079 1228 1107 καλέσεταί
1246 1087 1289 1113 με,
1308 1079 1400 1114 Πατήρ
1416 1086 1464 1113 μου
1477 1076 1502 1104 εἷ
1515 1078 1556 1108 σὺ,
1574 1077 1640 1109 Θεός
1664 1086 1714 1112 μου
1734 1078 1780 1103 καὶ
1797 1078 1870 1103 ἀντι-

1087 1125 1198 1160 λήπτωρ
1211 1125 1261 1160 τῆς
1274 1124 1408 1160 σωτηρίας
1424 1132 1483 1158 μου.
1504 1122 1588 1156 Κάγὼ
1606 1122 1774 1158 πρωτότοκον
1792 1123 1874 1157 θήσο-

1089 1179 1137 1206 μαι
1154 1170 1244 1201 αὑτὸν,
1254 1169 1353 1205 ὑψηλὴν
1372 1169 1445 1204 παρὰ
1455 1170 1510 1200 τοῖς
1525 1168 1662 1203 βασιλεῦσι
1674 1168 1723 1202 τῆς
1738 1169 1801 1202 γῆς’
1817 1178 1826 1194 ι
1845 1169 1875 1194 ἐν

1086 1217 1115 1243 δὲ
1132 1216 1170 1252 τῷ
1184 1216 1251 1251 μετὰ
1265 1217 1356 1252 χεῖρας
1373 1214 1520 1250 κεφαλαίῳ,
1532 1225 1540 1240 ι
1552 1214 1621 1248 Ἐγὼ
1633 1215 1728 1250 ἔσομαι
1743 1214 1818 1249 αὺτῷ
1835 1215 1876 1246 εἰς

1087 1262 1203 1298 πατέρα,
1217 1262 1263 1288 καὶ
1273 1261 1353 1293 αὐτὸς
1369 1261 1442 1287 ἔσται
1456 1269 1500 1296 μοι
1516 1261 1554 1292 εἰς
1565 1261 1630 1288 υἱόν.
1646 1271 1655 1286 ι
1669 1261 1723 1288 Καὶ
1737 1261 1791 1296 μὴν
1808 1260 1870 1286 κατ’

1087 1308 1162 1335 οὐδὲν
1177 1308 1357 1343 διενηνοχέναι
1368 1308 1421 1333 τῶν
1434 1307 1534 1334 λοιπῶν
1549 1306 1694 1343 προφητῶν
1711 1306 1807 1340 φήσειέ
1830 1314 1873 1338 τις

1087 1354 1131 1380 τὸν
1144 1353 1234 1385 Δαυίδ,
1253 1354 1281 1385 ὃς
1296 1354 1342 1380 καὶ
1357 1352 1571 1388 ἐξομολογεῖσθαι
1587 1352 1631 1379 διὰ
1643 1352 1691 1388 τὴν
1705 1351 1753 1378 τοῦ
1770 1352 1805 1378 Ui
1812 1353 1872 1387 ρίου

1088 1399 1172 1425 ἐδεῖτο
1192 1399 1295 1433 λέγων,
1317 1409 1326 1424 ε
1345 1400 1389 1425 Σοὶ
1404 1399 1476 1433 μόνῳ
1489 1399 1610 1435 ἥμαρτον
1632 1398 1679 1424 καί¹
1700 1397 1731 1423 τὸ
1752 1397 1872 1432 πονηρὸν

1088 1444 1202 1471 ἐνώπιόν
1216 1454 1262 1471 σου
1275 1445 1388 1480 ἐποίησα
1398 1454 1405 1460 ·
1424 1455 1432 1470 ι
1448 1446 1463 1481 ἦ
1476 1445 1520 1471 τὸν
1536 1444 1688 1479 Σολομῶνα,
1705 1443 1734 1470 ὃν
1756 1443 1803 1469 καὶ
1827 1445 1873 1469 ἐκο

1088 1488 1174 1514 κλῖναι
1186 1489 1239 1514 ἀπὸ
1250 1488 1296 1514 τοῦ
1311 1488 1377 1514 Θεοῦ
1387 1489 1431 1515 καὶ
1444 1484 1560 1521 είδώλοις
1575 1488 1618 1515 διὰ
1629 1487 1764 1523 γυναικῶν
1778 1488 1874 1514 ἐπιθο-

1090 1534 1154 1569 μίας
1174 1534 1413 1569 προσκεκινηκέναι
1432 1536 1447 1569 ἡ
1464 1534 1528 1570 ψιλὴ
1547 1534 1665 1561 διδάσκει
1690 1534 1738 1569 τῆς
1760 1533 1873 1569 Γραεξῖς

1092 1579 1209 1614 ἱστορία·
1225 1579 1282 1610 πῶς
1300 1579 1327 1605 δὲ
1342 1579 1388 1606 τοῦ
1403 1580 1485 1606 ama
1503 1580 1518 1615 ἢ
1531 1579 1576 1605 τοῦ
1588 1579 1741 1614 Σολομῶνος
1757 1579 1773 1613 ἡ
1795 1578 1874 1613 βασι-

1088 1623 1147 1651 λεία
1159 1624 1210 1656 ἕως
1223 1624 1318 1656 αἰῶνος
1332 1633 1340 1649 l
1361 1624 1473 1651 ἐνώπιον
1486 1626 1549 1660 ἔστη
1567 1624 1613 1650 τοῦ
1629 1623 1706 1654 Θεοῦ,
1722 1624 1769 1649 καὶ
1781 1624 1796 1649 6
1806 1623 1873 1658 Θρό-

1088 1677 1132 1700 νος
1148 1670 1343 1705 ἀνωρθωμένος
1361 1671 1399 1702 εἰς
1415 1671 1458 1697 τὸν
1475 1671 1568 1703 αἰῶνα,
1585 1681 1594 1696 ι
1611 1670 1680 1697 κατὰ
1690 1670 1738 1705 τὴν
1749 1670 1873 1704 εράσκου-

1088 1724 1137 1741 σαν
1151 1715 1159 1750 (
1171 1715 1189 1741 f.
1207 1715 1239 1742 15
1253 1717 1297 1750 νο)
1308 1716 1423 1743 ἐνταῦθα
1436 1717 1610 1752 προφητείαν,
1625 1716 1671 1742 καὶ
1690 1715 1760 1742 κατὰ
1770 1715 1820 1751 τὴν
1843 1717 1873 1742 ἐν

1087 1759 1125 1794 τῷ
1139 1759 1238 1795 ψαλμῷ
1248 1756 1298 1786 ὧδέ
1312 1769 1369 1792 πως
1387 1762 1573 1796 περιέχουσαν,
1593 1770 1602 1786 t
1620 1761 1723 1795 Ὠμοσα
1737 1760 1821 1786 Δαυίδ
1831 1760 1871 1795 τῷ

1087 1805 1171 1840 δούλῳ
1183 1814 1243 1840 μου.
1257 1806 1329 1837 Ἕως
1337 1806 1383 1832 τοῦ
1395 1807 1489 1838 αἰῶνος
1501 1806 1635 1841 ἑτοιμάσω
1647 1806 1675 1832 τὺ
1688 1806 1797 1841 σπέρμα
1810 1814 1871 1836 σου,

1087 1851 1134 1877 καὶ
1140 1851 1307 1887 οἰκοδομήσω
1315 1853 1352 1882 εἰς
1363 1851 1457 1885 γενεὰν
1467 1852 1513 1877 καὶ
1523 1851 1617 1885 γενεὰν
1630 1851 1674 1877 τὸν
1686 1850 1780 1886 θρόνον
1792 1858 1851 1876 σου·
1859 1860 1868 1874 ι

1087 1896 1134 1922 καὶ
1151 1896 1208 1931 μεθ’
1220 1897 1300 1932 ἕτερα
1312 1897 1477 1930 φάσκουσαν,
1487 1895 1592 1928 ("Atrei
1604 1895 1696 1931 ὤμοσα
1708 1896 1736 1921 ἐν
1746 1895 1785 1930 τῷ
1799 1896 1871 1929 ἁγίῳ

1090 1950 1151 1977 μου,
1169 1943 1193 1968 εἰ
1206 1942 1244 1978 τῷ
1255 1943 1335 1968 Δαυίδ
1347 1942 1490 1978 ψεύσομαι.
1501 1942 1538 1968 T6
1549 1942 1658 1978 σπέρμα
1671 1941 1752 1968 αὐτοῦ
1770 1942 1810 1972 εἰς
1826 1941 1872 1967 τὸν

1087 1987 1172 2014 αἰῶνα
1187 1989 1269 2023 μενεῖ,
1288 1989 1335 2014 καὶ
1346 1988 1360 2013 ὁ
1372 1987 1464 2023 θρόνος
1477 1987 1557 2014 αὐτοῦ
1573 1987 1610 2019 ὡς
1622 1988 1636 2013 6
1652 1987 1726 2022 ἥλιος
1748 1986 1872 2013 ἐναντίον

1089 2043 1148 2069 μου.
1171 2043 1180 2060 ι
1196 2034 1250 2061 Καὶ
1263 2033 1359 2060 πάλιν·
1377 2043 1386 2058 ‹
1406 2034 1459 2060 Καὶ
1474 2033 1591 2069 θήσομαι
1603 2034 1642 2065 εἰς
1657 2032 1700 2058 τὸν
1720 2032 1805 2058 αἰῶνα
1822 2031 1869 2058 τοῦ

1086 2080 1182 2112 αἰῶνος
1193 2080 1223 2107 τὸ
1236 2081 1345 2116 σπέρμα
1357 2080 1449 2111 αὐτοῦ,
1463 2081 1510 2106 καί
1517 2080 1562 2106 τὸν
1574 2080 1666 2115 θρόνον
1679 2079 1758 2106 αὐτοῦ
1771 2080 1810 2111 ὡς
1820 2079 1870 2110 τὰς

1086 2126 1191 2162 ἡμέρας
1206 2127 1253 2153 τοῦ
1266 2126 1388 2161 οὐρανοῦ.
1408 2135 1416 2151 ι
1435 2126 1474 2153 Τὰ
1495 2125 1668 2162 παραπλήσια
1684 2125 1704 2152 δ’
1719 2124 1751 2150 ἂν
1778 2124 1871 2159 εὕροις

1087 2169 1133 2196 καὶ
1144 2170 1173 2196 ἐν
1187 2170 1225 2206 τῷ
1244 2170 1372 2205 Ἱερεμίᾳ,
1390 2170 1453 2197 ἔνθα
1466 2170 1572 2206 εἴρηται
1584 2190 1591 2202 ,
1613 2179 1622 2195 ‹
1642 2170 1702 2196 ’Ὁτι
1718 2169 1782 2195 τάδε
1795 2169 1871 2202 λέγει

1088 2215 1189 2252 Κύριος
1201 2224 1207 2231 ·
1225 2216 1280 2242 Οὐκ
1290 2215 1540 2252 ὲξολοθρευθήσεται
1550 2215 1588 2250 τῷ
1604 2215 1685 2241 Δαυὶδ
1700 2215 1769 2249 ἀνὴρ
1789 2215 1871 2250 καθή-

1090 2270 1169 2296 μενος
1179 2263 1224 2289 ἐπὶ
1235 2261 1329 2297 θρόνου
1345 2263 1418 2289 οἴκου
1433 2262 1540 2298 Ἰσραήλ
1551 2270 1558 2277 ·
1571 2263 1617 2289 καί
1628 2263 1683 2293 τοῖς
1701 2261 1805 2297 ἱερεῦσι
1821 2262 1870 2287 καὶ

1086 2311 1142 2342 τοῖς
1153 2310 1277 2341 Λευίταις
1285 2309 1333 2336 οὐκ
1344 2309 1594 2345 ὲξολοθρευθήσεται
1604 2309 1672 2344 ἀνὴρ
1680 2310 1711 2334 ὲκ
1721 2306 1870 2343 προσώπου

1089 2363 1152 2390 μου,
1171 2354 1312 2390 ἀναφέρων
1326 2354 1547 2390 ὁλοκαυτώματα,
1560 2355 1607 2381 καὶ
1621 2355 1691 2381 θύων
1706 2353 1800 2380 θυσίαν
1822 2354 1870 2380 καὶ

1088 2400 1172 2426 ποιῶν
1189 2400 1312 2435 θυμίαμα
1336 2401 1425 2432 πάσας
1443 2400 1491 2432 τὰς
1504 2400 1618 2436 ἡμέρας.
1636 2410 1645 2425 I
1660 2399 1751 2427 Ταῦτα
1771 2400 1826 2435 γὰρ
1845 2400 1869 2426 εἰ

1088 2446 1256 2479 συνεξετάζοι
1270 2456 1310 2479 τις
1329 2449 1361 2482 τῇ
1374 2456 1403 2474 τε
1419 2447 1542 2482 παρούσῃ
1554 2447 1608 2473 τῶν
1629 2446 1762 2473 Ἰουδαίων
1782 2455 1867 2472 κατα-ν

1088 2494 1180 2520 στάσει
1192 2493 1237 2519 καὶ
1249 2495 1308 2524 ταῖς
1319 2494 1378 2519 κατ’
1396 2494 1492 2525 αὐτοὺς
1512 2492 1640 2528 ἱστορίαις
1652 2493 1703 2519 ἀπὸ
1716 2493 1767 2525 τῆς
1793 2492 1869 2524 uage-

1087 2538 1146 2565 κίου
1157 2539 1203 2566 καὶ
1220 2539 1342 2573 Ἰεχονίου
1357 2538 1502 2573 βασιλείας,
1521 2538 1580 2564 καθ’
1595 2537 1640 2569 οὓς
1652 2538 1668 2572 ή
1681 2538 1712 2563 ἐκ
1725 2537 1807 2564 Δαυίδ
1823 2545 1869 2563 πε-

1089 2586 1221 2621 ριεγράφη
1234 2585 1287 2612 τῶν
1303 2585 1436 2611 Ἰουδαίων
1449 2584 1568 2619 βασιλεία
1584 2585 1612 2610 ὲν
1622 2583 1659 2618 τῷ
1669 2583 1717 2618 τῆς
1728 2585 1768 2614 εἰς
1783 2581 1868 2608 Βαϐυ-

1086 2631 1158 2658 λῶνα
1170 2631 1355 2666 αἰχμαλωσίας
1369 2631 1466 2666 καιρῷ,
1491 2630 1548 2665 μεθ’
1564 2629 1593 2656 ὃν
1617 2629 1739 2664 οὐδαμῶς
1762 2628 1865 2663 ἡρχθη-

1088 2685 1137 2703 σαν
1151 2676 1167 2711 ἢ
1182 2675 1392 2711 ὲσασιλεύθησαν
1404 2676 1455 2702 ὑπὸ
1467 2675 1521 2701 τῶν
1533 2676 1565 2701 ὲκ
1590 2675 1670 2701 Δαυ¹ιδ
1692 2674 1866 2708 καταγόντων

1086 2723 1116 2748 τὸ
1130 2722 1208 2756 γένος
1220 2723 1259 2754 εἰς
1270 2722 1321 2751 ἔτι,
1337 2722 1377 2748 ὅτι
1393 2720 1523 2756 μηδαμῶς
1533 2721 1645 2756 ἁρμόζει
1658 2720 1717 2754 ήτοι
1731 2719 1771 2754 τῷ
1786 2718 1866 2745 Ana-.6

288 2809 310 2825 "’
331 2809 350 2836 ll
373 2809 438 2845 Reg.
458 2818 510 2842 VH,
543 2809 633 2837 12-16.
671 2811 693 2826 ⁷⁸
713 2808 784 2837 Psal.
807 2818 943 2843 Lxxxvm,
972 2810 1016 2843 27,
1036 2810 1079 2838 ‘28.
1118 2810 1141 2825 ’ν
1159 2808 1232 2838 Psal.
1254 2817 1285 2840 L,
1304 2809 1329 2836 6.
1368 2808 1391 2824 ὀ
1411 2807 1480 2837 Psal.
1514 2814 1654 2839 tuum,
1688 2807 1714 2834 5.
1753 2807 1775 2822 "
1797 2805 1862 2833 ibid.

253 2844 298 2871 3'5.
337 2845 358 2861 "
378 2844 444 2874 ibid.
463 2846 508 2873 50.
547 2846 569 2860 ⁸⁸
582 2845 743 2876 Jer.xxxut.
762 2845 804 2872 i7.
