2037 3215
179 129 247 156 1031

691 127 839 159 ΕΟΙΩΕᾼΕ
858 126 1096 155 ΡΒΟΡΗΕΤΙΟᾸΞ.
1116 142 1151 147 -
1171 126 1234 154 LIB.
1255 126 1276 154 Ι.

1738 126 1805 154 1022

175 188 194 224 ἢ
209 188 257 219 καὶ
273 187 314 222 τῷ
333 186 467 222 Σολομῶνι
487 186 520 213 τὰ
534 186 696 221 λελεγμένα,
710 187 747 219 ὡς
757 186 785 219 ἐξ
805 186 926 221 ἀνάγκης
948 197 950 210 Α

1002 193 1072 220 ,quo
1087 185 1132 212 hic
1153 185 1256 212 mentio
1274 184 1401 216 habetur,
1428 183 1461 210 ad
1493 183 1631 212 Christum
1653 185 1803 212 secundum

178 233 216 269 μὴ
243 233 321 268 θέμις
341 233 425 268 ψευδῆ
445 232 628 268 διελέγχεσθαι
651 232 808 267 συμϐαίνειν
831 232 881 266 τὴν
903 230 961 266 μεθ’

174 280 264 316 δρκων
279 279 324 306 τοῦ
344 279 411 305 Θεοῦ
423 279 589 315 πρόρρησιν·
610 279 636 305 ετ
653 286 684 312 τε
707 277 760 313 μὴν
780 277 963 312 ἀναφέρωμεν

173 325 205 351 τὸ
228 325 374 360 λεγόμενον
394 324 441 351 τοῦ
459 325 540 357 Δαυὶδ
558 324 667 360 σπέρμα
685 324 730 350 ἐπὶ
754 323 800 350 τὸν
830 323 859 356 ἐξ
880 322 961 349 αὐτοῦ

175 371 245 398 κατὰ
261 372 349 406 σάρκα
363 371 509 405 γενόμενον
527 370 653 406 Χριστὸν,
679 370 761 405 σαφὲς
776 370 834 402 πῶς
847 371 887 402 εἰς
916 369 962 396 τὸν

172 418 260 444 αἰῶνα
271 416 350 444 τοῦτο
365 417 395 443 τὺ
412 417 532 453 σπέρμα,
545 417 616 443 τοῦτ’
637 416 709 443 ἔστιν
723 417 736 442 ὁ
752 415 884 452 Χριστὸς,
904 415 962 442 δια-

173 465 261 500 μενεῖ,
281 463 396 495 καὶπῶς
414 464 428 490 ὀ
439 463 532 499 θρόνος
544 463 625 490 αὑτοῦ
637 463 683 490 καὶ
697 464 713 498 ἡ
728 462 899 498 πνευματικὴ
914 461 961 497 βα-

171 510 259 538 σιλεία
273 510 324 541 ἕως
335 509 431 540 αἰῶνος
441 508 554 535 ἐνώπιον
566 509 682 544 ὑπάρχει
694 508 741 534 τοῦ
756 508 872 543 Πατρὺς,
886 508 961 543 ἀνορ-

170 556 300 592 θούμενος
316 556 360 582 ὑπ’
372 555 453 582 αὑτοῦ
469 556 516 582 καὶ
539 554 796 590 ἁνοικοδομούμενος
820 553 890 580 κατὰ
912 562 959 587 γε-

170 602 235 628 νεὰν
247 603 292 628 καὶ
304 601 400 635 γενεὰν
418 602 447 627 ὲν
460 603 520 632 ταῖς
542 600 596 627 τῶν
623 600 803 627 πιστευόντων
821 600 863 625 ἐπ’
878 599 958 626 αὐτὸν

170 650 280 685 ψυχαῖς.
293 649 394 675 Τούτου
410 647 437 674 δὲ
449 647 494 674 τοῦ
509 647 705 682 ἀποδεδομένον
719 648 784 682 ἡμῖν
802 646 959 682 σπέρματος

169 696 253 724 Δαυὶδ
262 696 384 730 διαμενεῖ
403 695 417 721 ὁ
431 694 533 729 θρόνος,
552 693 589 725 ὡς
605 694 618 719 ὁ
630 693 680 728 τῆς
699 692 871 728 δικαιοσύνης
884 692 958 727 ἥλιος

169 743 290 770 ἐναντίην
301 742 348 768 τοῦ
365 741 481 776 Πατρῖις,
498 741 543 766 καὶ
553 740 590 771 ὼς
602 740 629 765 αί
642 740 745 775 ἡμέραι
762 739 807 766 τοῦ
823 738 938 775 οὐρανοῦ
951 747 957 753 ·

167 788 208 815 διδ
220 788 287 824 πρὸς
306 788 386 814 αὐτὸν
399 787 452 813 ὑπὸ
466 787 512 813 τοῦ
536 786 614 820 ἁγίου
631 785 790 820 Πνεύματος
816 787 844 812 ὲν
870 785 955 821 ἑτέρῳ

166 834 267 870 ψαλμῷ
276 834 414 861 λέλεκται·
429 843 438 859 ι
451 834 478 860 '0
490 833 583 870 θρόνος
593 842 648 865 σου1
658 834 672 859 ὁ
684 833 759 864 Θεὸς,
769 834 808 864 είς
817 832 862 858 τὸν
870 832 955 858 αἰῶνα

165 879 214 906 τοῦ
238 879 335 911 αίῶνος
347 900 354 912 ,
370 879 466 915 ῥάϐδος
481 878 626 914 εὐθύτητος
654 879 670 914 ὴ
701 878 796 914 ῥάϐδος
811 878 860 913 τῆς
881 878 956 912 βασι-

164 926 241 958 λείας
269 934 325 952 σου.
359 926 521 960 Ἠγάπησας
551 924 721 960 δικαιοσύνην
746 924 792 951 καὶ
821 925 954 960 ἐμίσησας

163 971 343 1007 ἁνομίαν,νδιὰ
355 971 433 998 τοῦτο
444 970 537 1008 ἓχρισέ
554 980 582 997 σε
594 972 608 997 ὁ
619 970 683 1002 Θεὸς
693 972 707 997 ὁ
723 970 788 1002 Θεὸς
801 979 846 997 σου
867 971 954 997 ἔλαιον

163 1017 352 1052 ἀγαλλιάσεως
375 1017 451 1053 παρὰ
481 1018 543 1049 τοὺς
571 1017 699 1053 μετόχους
721 1026 776 1044 σου.
809 1027 818 1043 ›
841 1017 869 1044 '0
888 1017 954 1052 Xpt-

163 1062 227 1094 στὸς
241 1063 268 1089 δὲ
280 1063 326 1089 καὶ
343 1062 416 1089 οἷκον
430 1063 478 1098 τὴν
499 1062 660 1098 Ἐκκλησίαν
675 1063 835 1098 οἰκοδόμησε
845 1063 883 1098 τῷ
897 1064 953 1089 Πα-

161 1107 209 1142 τρὶ
221 1108 252 1133 ἐκ
265 1107 345 1133 λίθων
357 1107 464 1146 ζώντων
482 1108 527 1134 καὶ
538 1109 648 1143 νοερὼν,
662 1109 747 1142 ἁγίων
759 1108 806 1134 καὶ
817 1108 953 1143 ὲναρέτων

160 1153 268 1188 ψυχῶν,
284 1154 346 1180 ναὸν
363 1155 473 1190 ἐγείρας
488 1155 554 1182 πολὺ
571 1155 713 1191 κρείττονα
731 1156 778 1182 καὶ
790 1154 953 1190 διαφέροντα

160 1199 212 1234 τῆς
223 1199 276 1226 ὑπὸ
289 1199 442 1236 Σολομῶνος
457 1202 625 1238 προσκαίρου
637 1202 684 1229 καὶ
700 1201 796 1236 μηκέθ’
815 1200 951 1236 ὑπαρχού-

161 1246 373 1283 σηςοῐκοδομῆς.
387 1247 480 1283 Τούτῳ
497 1248 524 1275 δὲ
545 1250 591 1275 καὶ
604 1249 617 1274 6
638 1248 798 1280 Ἀπόστολος
819 1248 952 1283 μαρτυρεῖ

159 1293 310 1328 προσήκειν
327 1294 385 1329 τὴν,
402 1303 412 1320 ε
434 1295 504 1329 Ἐγὼ
520 1295 616 1331 ἔσομαι
634 1295 707 1330 αὑτῷ
722 1297 761 1327 εἰς
779 1295 887 1330 πατέρα.Γ
904 1296 951 1322 καὶ

159 1338 242 1370 αὐτὸς
257 1339 332 1366 ἔσται
347 1349 391 1376 μοι
402 1341 441 1372 εἰς
454 1341 520 1374 υἱὸν,
535 1351 544 1367 ι
559 1341 660 1377 φωνὴν,
674 1341 797 1368 ἐντεῦθεν
811 1341 895 1376 αὐτὴν
910 1342 950 1368 εί»-

158 1383 252 1419 ληφὼς
266 1385 294 1411 ὲν
306 1387 338 1421 τῇ
360 1386 428 1422 πρὸς
447 1387 586 1422 Ἑϐραίους
605 1387 738 1421 συντάξει,
762 1387 826 1414 ἔνθα
848 1388 928 1423 φησίν
941 1395 947 1403 ·

161 1440 171 1456 ε
193 1430 252 1457 Τίνι
270 1432 324 1468 γὰρ
341 1430 415 1458 εἶπέν
440 1442 504 1459 ποτε
525 1433 578 1460 τῶν
602 1434 741 1468 ἀγγέλων,
760 1435 825 1466 Υἱός
849 1444 898 1471 μου
924 1433 951 1462 εἷ

158 1477 204 1508 σὺ,
222 1476 277 1511 ἐγὼ
292 1479 409 1514 σήμερον
424 1479 575 1516 γεγέννηκά
589 1488 618 1506 σε
631 1489 638 1495 ·
660 1490 669 1506 ι
685 1481 732 1507 καὶ
744 1481 833 1513 πάλιν,
850 1491 859 1507 1
878 1481 948 1516 Ἐγὼ

971 862 992 889 Β

1016 239 1126 259 carnem
1155 239 1188 258 ex
1213 239 1246 259 eo
1271 235 1365 258 natum
1401 229 1588 262 attribuimus,
1609 234 1701 266 aperte
1730 235 1803 266 patet

1016 280 1153 314 quomodo
1171 269 1208 307 ἱιῖ
1226 279 1326 308 secula
1343 286 1435 306 semen
1458 278 1537 311 illud,
1555 278 1583 305 id
1599 283 1641 306 est
1663 278 1802 311 Christus,

1016 329 1185 360 permaneat,
1213 330 1241 353 et
1268 326 1405 360 quomodo
1423 326 1540 353 thronus
1559 325 1619 359 ejus
1633 332 1664 351 ac
1680 325 1803 360 spiritale

1015 378 1128 407 regnum
1146 378 1198 399 stet
1214 379 1303 407 usque
1317 372 1344 398 in
1360 375 1495 399 aeternum
1512 375 1575 398 ante
1592 371 1689 398 faciem
1701 370 1801 404 Patris,

1012 417 1047 444 ab
1071 425 1103 445 eo
1129 417 1264 445 firmatum
1295 417 1514 453 aedificatumque
1539 418 1566 445 in
1599 417 1801 452 generationem

1012 467 1039 490 et
1053 463 1257 499 generationem
1276 464 1303 491 in
1327 472 1420 491 eormn
1448 466 1547 492 animis
1567 465 1613 499 qui
1639 465 1754 491 credunt
1772 464 1800 490 in

1011 517 1084 537 eum.
1108 509 1176 536 Dato
1204 510 1277 537 enim
1296 510 1375 538 nobis
1393 510 1445 538 hoc
1464 510 1574 538 Davidis
1600 511 1713 542 semine,
1738 519 1801 546 per-

1011 559 1102 581 manet
1121 555 1248 587 thronus,
1265 559 1295 582 ut
1307 555 1426 590 iustitiae.
1449 557 1491 584 sol
1510 561 1572 583 ante
1590 556 1685 584 faciem
1697 557 1798 589 Patris,

1010 604 1037 627 et
1055 604 1084 627 ut
1108 601 1168 628 (εωιί
1195 601 1264 628 dies.
1291 601 1353 628 ideo
1384 601 1419 628 ad
1438 610 1500 629 eum
1526 610 1540 628 a
1571 607 1668 629 sancto
1694 602 1798 638 Spiritu

1009 647 1036 673 in
1051 647 1105 673 alio
1126 647 1231 681 psalmo
1248 648 1351 674 dictum
1374 651 1435 675 est:
1464 647 1569 676 (Sedes
1591 653 1649 680 tua.
1672 648 1753 681 Deus,
1770 649 1798 676 in

1013 693 1142 720 saeculum
1157 693 1248 720 saeculi
1262 702 1268 720 :
1283 693 1360 728 virga
1376 694 1549 726 directionis,
1567 695 1642 730 virga
1656 696 1730 731 regni
1747 697 1796 724 tui.

1010 738 1133 766 Dilexisti
1143 737 1291 772 justitiam,
1306 743 1333 766 et
1350 739 1432 766 odisti
1447 740 1633 774 iniquitatem:
1655 745 1797 776 propterea

1009 786 1088 812 unxit
1110 789 1136 812 te
1156 785 1240 818 Deus,
1267 785 1338 813 Deus
1360 789 1435 819 tuus,
1459 787 1519 813 oleo
1540 787 1640 814 laetitia:
1660 795 1716 822 pra:
1731 795 1797 815 con-

1011 831 1132 858 sortibus
1149 833 1203 859 tuis
1212 831 1262 858 ⁸⁸.)
1290 831 1418 859 Christus
1441 840 1505 859 vero
1520 832 1630 860 domum
1645 833 1794 862 Ecclesium

1008 877 1152 904 aedificavit
1165 877 1240 904 Patri
1265 878 1402 913 lapidibus
1430 878 1586 907 viventibus
1616 880 1796 915 spiritalibus-

1007 931 1070 958 que,
1088 925 1192 951 sanctis
1208 923 1371 960 eximiisque
1386 925 1498 958 animis,
1522 930 1614 953 erecto
1639 926 1724 953 multo
1747 934 1796 961 po-

1007 970 1085 1003 tiore,
1096 970 1266 1005 multumque
1282 978 1298 997 a
1314 971 1419 998 caduco
1431 979 1558 1006 nuncque
1577 972 1685 1007 penitus
1699 979 1796 1000 everso

1007 1015 1160 1044 Salomonis
1183 1018 1310 1046 dissimili
1327 1018 1437 1053 templo.
1458 1019 1498 1046 Ad
1515 1026 1595 1053 quem
1613 1026 1643 1046 ea
1670 1023 1795 1053 spectare

1004 1064 1106 1089 verba:
1136 1071 1145 1088 ι
1158 1062 1214 1098 Ego
1235 1071 1282 1090 ero
1298 1063 1336 1090 illi
1357 1064 1384 1090 in
1406 1069 1521 1098 patrem,
1539 1069 1565 1091 et
1586 1065 1644 1098 ipse
1657 1064 1709 1091 erit
1724 1064 1791 1091 mihi

1004 1109 1031 1136 in
1051 1109 1145 1141 ﬁlium,
1161 1119 1170 1136 ι
1195 1113 1311 1137 testatur
1336 1114 1363 1137 et
1390 1111 1540 1145 Apostolus
1561 1112 1588 1138 in
1612 1119 1661 1139 sua
1684 1111 1717 1138 ad
1741 1111 1794 1138 He-

1005 1156 1093 1183 bra-os
1110 1157 1317 1184 admonitione:
1345 1166 1353 1181 ι
1370 1157 1421 1185 Cui
1446 1158 1519 1185 enim
1545 1158 1614 1186 dixit
1641 1158 1788 1193 aliquando

1003 1203 1160 1237 angelorum
1171 1212 1178 1230 :
1191 1203 1277 1230 Filius
1293 1212 1369 1231 meus
1379 1212 1409 1231 es
1421 1209 1459 1236 tu,
1474 1212 1524 1240 ego
1539 1204 1619 1232 hodie
1632 1205 1710 1239 genui
1723 1208 1760 1235 te.
1778 1214 1789 1231 ι

1004 1248 1035 1274 lit
1053 1255 1182 1275 rursum:
1218 1257 1226 1274 ι
1245 1248 1301 1283 Ego
1316 1256 1364 1276 ero
1379 1249 1415 1276 illi
1442 1250 1470 1276 in
1493 1253 1610 1284 patrem,
1626 1253 1653 1278 et
1667 1251 1724 1285 ipse
1739 1250 1792 1278 erit

1002 1293 1067 1319 mihi
1086 1294 1113 1320 in
1139 1293 1290 1320 ﬁlium"?»
1319 1294 1385 1327 Quae
1413 1299 1504 1322 autem
1521 1295 1554 1322 ab
1571 1295 1641 1322 illis:
1667 1295 1742 1328 «Qui
1767 1295 1791 1323 si

1003 1337 1096 1372 inique
1123 1338 1226 1373 aliquid
1251 1339 1378 1373 gesserit,
1395 1347 1509 1375 arguam
1530 1347 1592 1366 eum
1610 1340 1637 1366 in
1657 1340 1732 1375 virga
1750 1340 1791 1367 vi-

1001 1391 1094 1410 rormn
1110 1393 1119 1409 ι
1137 1383 1169 1411 de
1182 1385 1282 1419 populo
1296 1385 1323 1411 in
1334 1384 1472 1412 Christum
1486 1386 1614 1413 credente
1625 1385 1698 1413 dicta
1710 1391 1790 1421 sunt;

1000 1437 1100 1465 corpus
1117 1431 1188 1457 enim
1202 1430 1304 1458 Christi
1317 1430 1439 1459 Ecclesia
1461 1437 1502 1459 est
1513 1432 1547 1463 ⁸⁸,
1559 1433 1709 1460 secundum
1722 1433 1791 1467 Apo-

1000 1477 1109 1504 stolum.
1131 1476 1210 1510 Quod
1222 1481 1312 1504 autem
1324 1477 1358 1504 ad
1373 1478 1516 1505 credentes
1531 1478 1558 1504 in
1571 1486 1632 1505 eum
1648 1486 1679 1506 ea
1695 1479 1788 1510 verba.

157 1523 256 1559 ἔσομαι
277 1525 350 1559 αὐτῷ
367 1526 406 1557 εἰς
434 1526 548 1562 πατέρα,
571 1527 617 1553 καὶ
634 1527 714 1558 αὐτὸς
739 1527 815 1554 ἔσται
845 1537 890 1563 μοι
907 1529 947 1560 εἰς

1002 1525 1034 1551 de
1060 1524 1161 1559 quibus
1188 1524 1400 1559 investigaiuus,
1431 1529 1570 1559 spectant,
1603 1525 1790 1552 animadverte

156 1570 225 1596 υἱόν.
248 1580 256 1595 ι
276 1570 316 1597 Τὰ
332 1570 352 1597 δ’
373 1571 428 1597 ἀπὸ
443 1571 500 1604 τοῦ,
521 1582 529 1597 ι
549 1573 595 1598 καὶ
611 1572 644 1599 ἂν
660 1573 724 1609 ἔλθῃ
740 1573 831 1600 ἀδικία
851 1573 944 1606 αὐτοῦ,

157 1617 206 1643 καὶ
223 1615 323 1650 ἐλέγξω
339 1617 419 1644 αὑτὸν
439 1620 468 1645 ἐν
480 1619 570 1654 ῥάϐδῳ
597 1619 711 1654 ἀνδρῶν,
730 1630 739 1645 ι
757 1620 821 1655 περὶ
844 1620 891 1647 τοῦ
909 1621 949 1652 εἰς

156 1663 274 1698 Χριστὸν
291 1664 484 1696 πιστεύσαντος
496 1665 560 1691 λαοῦ
578 1665 700 1701 εἴρηται·
718 1666 778 1692 ἐπεὶ
799 1666 846 1693 καὶ
869 1666 948 1702 σῶμα

155 1709 275 1744 Χριστοῦ
306 1710 323 1744 ὴ
340 1709 487 1746 Ἐκκλησία
514 1711 595 1737 αὑτοῦ
619 1711 791 1747 χρηματίζει,
810 1713 879 1739 κατὰ
903 1713 947 1739 τὸν

154 1753 326 1781 ’Δπόστολον.
345 1755 405 1782 Ὅτι
422 1756 450 1782 δὲ
466 1756 594 1792 περὶτῶν
611 1757 832 1784 πεπιστευκότων
843 1759 883 1790 είς
898 1759 946 1785 αι’)-

99 1819 104 1824 .
153 1801 201 1826 τὸν
221 1800 255 1827 τὰ
268 1801 317 1836 τῆς
338 1802 489 1837 ἐπισκοπῆς
512 1803 628 1838 εἴρηται,
646 1803 792 1839 ἐπίστησον
809 1805 945 1839 ἐπιμελῶς

153 1845 310 1882 λελεγμένῳ
331 1847 521 1882 πληθυντικῶς
536 1848 584 1883 τῷ,
604 1858 612 1873 ι
625 1849 663 1875 Τὸ
676 1849 703 1876 δὲ
730 1849 804 1881 ἔλεός
820 1859 871 1885 μου
894 1850 945 1876 οὐκ

153 1891 301 1928 ἀποστήσω
316 1893 363 1920 ἀπ’
378 1893 482 1920 αὐτῶν·
498 1904 508 1919 ι
528 1894 620 1928 σαφῶς
636 1895 682 1921 καὶ
698 1896 726 1921 ὲν
743 1895 781 1930 τῷ
796 1895 895 1931 ψαλμῷ
912 1896 946 1922 τὰ

153 1938 332 1974 παραπλήσια
345 1941 401 1971 τοῖς
409 1940 441 1975 (f.
452 1940 496 1974 16)
505 1940 596 1968 ἐνθάδε
611 1941 675 1977 περὶ
688 1941 741 1968 τῶν
753 1941 818 1968 υἱῶν
838 1942 944 1978 εἴρηται

151 1983 200 2010 τοῦ
217 1985 465 2019 προφητευομένου,
475 1986 503 2011 ἐν
511 1985 550 2020 τῷ
563 1995 571 2010 ι
584 1986 638 2012 Καὶ
652 1985 699 2012 ἐὰν
712 1986 943 2020 ἐγκαταλείπουσιν

151 2031 177 2057 οἱ
191 2030 244 2057 υἱοὶ
257 2031 337 2057 αὺτοῦ
354 2032 399 2058 τὸν
412 2032 493 2067 νόμον
505 2041 566 2068 μου,
582 2033 628 2060 καὶ
642 2034 696 2065 τοῖς
709 2033 823 2068 κρίμασι
838 2043 895 2068 μου,
907 2034 943 2069 μὴ

151 2077 331 2112 πορευθῶσιν,
346 2078 392 2105 ἐὰν
405 2079 438 2105 τὰ
448 2079 620 2114 δικαιώματά
639 2089 688 2115 μου
701 2079 887 2115 βεϐηλώσωσι,
897 2081 944 2107 καὶ

150 2123 201 2155 τὰς
211 2123 319 2155 ἐντολάς
331 2133 381 2159 μου
396 2125 432 2161 μὴ
444 2126 606 2160 φυλάξωσιν,
617 2127 800 2162 ἐπισκέψομαι
811 2128 840 2154 ὲν
854 2127 943 2163 ῥάόδῳ

149 2167 201 2200 τὰς
224 2169 336 2204 ἀνομίας
353 2169 451 2202 αὐτῶν,
469 2172 515 2197 καὶ
535 2173 563 2198 ἐν
585 2171 694 2206 μάστιξι
711 2171 760 2203 τὰς
773 2172 879 2204 ἀδικίας
893 2173 941 2200 αὺ-

149 2213 205 2240 τῶν
215 2222 221 2228 ·
236 2215 267 2240 τὸ
282 2214 310 2240 δὲ
323 2214 396 2247 ἔλεός
415 2225 464 2250 μου
475 2217 505 2242 οὐ
528 2217 565 2252 μὴ
579 2205 748 2244 θιασκεδάσω
761 2218 809 2244 ἀπ’
822 2218 936 2245 αὐτῶν.)
957 2205 979 2233 D

149 2259 222 2295 Ὀρα
241 2259 269 2286 δὲ
283 2260 341 2292 πῶς
356 2261 469 2296 ῥάΰδους
488 2262 591 2298 ἀνδρῶν
606 2264 652 2289 καὶ
670 2263 741 2298 ἁφὰς
755 2263 820 2290 υἱῶν
834 2264 940 2301 ἀνθρώ-

149 2313 210 2331 πων
227 2305 289 2337 τοὺς
311 2306 381 2332 κατὰ
405 2306 499 2342 καιρὸν
510 2307 649 2343 ὠνόμασεν
663 2310 677 2335 ὀ
695 2308 772 2342 λόγος
788 2309 938 2345 διωγμούςν

148 2350 219 2386 πλὴν
234 2351 327 2378 πολλαὶ
342 2352 387 2378 τοῦ
401 2352 468 2379 Θεοῦ
481 2353 509 2379 αἱ
521 2354 716 2390 παρακλήσεις,
730 2357 776 2382 καὶ
792 2357 819 2382 αί
832 2356 876 2382 διὰ
886 2356 940 2383 τῶν

149 2395 266 2430 Γραφῶν
282 2397 464 2432 παραμυθίαι,
480 2398 515 2434 μὴ
528 2399 649 2435 ἀπαυδᾷν
663 2401 728 2435 ἡμῖν
743 2401 939 2437 ἐπιτρέπουσαι

148 2443 196 2468 ἐπὶ
205 2444 260 2475 τοῖς
278 2443 338 2470 καθ’
352 2444 429 2479 ἡμῶν
445 2445 652 2481 ἐνεργουμὲνοις
663 2447 732 2473 κατὰ
753 2450 864 2484 καιροὺς
876 2449 938 2476 διω-

147 2489 243 2523 γμοῖς·
258 2490 295 2521 ὡς
310 2489 363 2525 γὰρ
378 2490 572 2526 ἐπισκέψεσθαι
585 2492 628 2518 διὰ
645 2493 741 2528 ράὃδου
756 2494 802 2521 τὸν
815 2495 862 2521 τοῦ
875 2496 938 2532 Χριι

148 2535 213 2561 στοῦ
235 2537 350 2571 προεῖπε
363 2537 426 2564 λαὸν
440 2538 607 2573 ἁμαρτόντα,
623 2539 693 2565 οὕτω
708 2541 755 2566 καὶ
769 2540 799 2567 τὸ
816 2541 851 2576 μὴ
867 2542 936 2568 ἀπο-

147 2584 257 2618 στήσειν
268 2584 350 2611 αὐτοῦ
362 2585 392 2611 τὸ
407 2584 481 2617 ἕλεος
497 2586 703 2622 προῦπέσχηται
720 2588 814 2621 εἰπὼν,
832 2599 840 2613 ι
860 2590 896 2615 Τὸ
908 2590 936 2616 δὲ

146 2630 220 2663 ἔλεός
244 2639 294 2666 μου
313 2631 344 2658 οὐ
365 2631 402 2667 μὴ
417 2631 562 2666 ἁποστήσω
582 2633 627 2659 ἀπ’
652 2634 751 2665 αὐτῶν,
771 2634 862 2667 καθὼς
884 2637 936 2663 ὰπ-

1000 1570 1096 1598 sedulo
1122 1571 1224 1598 dictmn
1256 1579 1317 1598 esse
1341 1571 1504 1606 pluraliter:
1549 1580 1557 1596 ι
1574 1570 1788 1598 Misericordiam

1001 1621 1091 1643 autem
1108 1624 1198 1643 meam
1222 1624 1277 1643 non
1306 1616 1430 1643 auferam
1447 1617 1481 1643 ab
1497 1616 1558 1643 iis.»
1587 1616 1730 1644 Manifeste
1759 1619 1787 1643 et

999 1662 1026 1689 in
1049 1662 1158 1697 psalmo
1180 1670 1234 1689 non
1264 1661 1403 1689 absimilia
1431 1662 1465 1689 iis
1491 1663 1524 1689 de
1554 1663 1617 1689 filiis
1640 1662 1713 1701 illius
1741 1662 1788 1696 qui

1001 1708 1177 1743 prophetatus
1197 1712 1251 1740 est,
1269 1708 1417 1738 dicuntur:
1447 1717 1456 1733 ε
1473 1708 1501 1735 Si
1526 1713 1617 1736 autent
1633 1708 1788 1743 derelique-

998 1754 1054 1780 rint
1075 1753 1120 1782 lilii
1141 1754 1201 1792 ejus
1231 1754 1316 1789 legem
1349 1761 1448 1785 meam.
1477 1758 1503 1781 et
1530 1754 1557 1780 in
1583 1754 1696 1788 judieiis
1720 1753 1787 1781 meis

997 1808 1051 1827 non
1064 1799 1280 1832 ambulaverint;
1297 1799 1320 1826 si
1336 1799 1459 1834 justitias
1486 1807 1560 1827 meas
1582 1798 1787 1834 profanaverint

996 1849 1024 1872 et
1039 1845 1166 1872 mandata
1180 1852 1239 1872 mea
1255 1853 1308 1872 non
1322 1845 1518 1872 custodiet-int:
1545 1845 1664 1874 visitabo
1684 1845 1711 1871 in
1727 1844 1785 1871 vir-

996 1899 1028 1926 ga
1045 1891 1202 1926 iniquitates
1215 1898 1321 1923 eorum,
1345 1895 1370 1917 et
1389 1891 1416 1917 in
1434 1890 1596 1921 verberibus
1614 1895 1725 1924 peccala
1739 1899 1781 1918 eos

996 1945 1068 1963 rum.
1098 1936 1315 1964 Misericordiam
1331 1942 1422 1964 autem
1442 1944 1530 1964 meum
1550 1944 1604 1964 non
1626 1936 1787 1973 dispergam:

995 1983 1030 2011 ab
1057 1983 1098 2010 eis
1109 1982 1160 2011 ".t
1193 1983 1311 2011 Attende
1337 1984 1475 2018 quomodo
1502 1993 1510 2008 ι
1527 1983 1617 2018 virgas
1641 1983 1782 2011 hominum

994 2034 1021 2057 et
1037 2030 1130 2066 plagas
1147 2030 1264 2057 ﬁliorum
1289 2030 1442 2062 hominum,
1456 2039 1465 2055 ›
1487 2030 1669 2065 temporarias
1691 2037 1784 2065 perse-

996 2077 1120 2103 cutiones
1138 2083 1216 2103 sacra
1242 2080 1322 2102 vocat
1334 2075 1459 2103 historia.
1482 2075 1674 2102 Verumtamen
1691 2076 1784 2103 multae

995 2126 1058 2150 sunt
1078 2122 1125 2149 Dei
1142 2122 1347 2153 advocationes,
1364 2125 1391 2149 et
1417 2130 1464 2156 per
1480 2121 1638 2156 Scripturas
1652 2121 1781 2149 exhorta-

995 2169 1094 2201 tiones,
1113 2176 1173 2204 qute
1190 2175 1241 2195 nos
1258 2167 1407 2194 admonent
1423 2175 1456 2194 ne
1483 2168 1626 2195 suscitatis
1649 2167 1781 2195 adversus

994 2223 1043 2242 nos
1070 2214 1310 2250 persecutionibus
1336 2213 1516 2248 temperat-iis
1548 2214 1717 2241 cederemus.
1748 2213 1782 2241 Ut

994 2262 1066 2288 enim
1082 2261 1158 2297 virga
1173 2269 1203 2288 se
1219 2261 1419 2296 castigaturum
1437 2268 1499 2287 esse
1512 2261 1637 2294 praedixit
1649 2260 1786 2295 populum.

996 2307 1042 2334 Dei
1059 2311 1232 2342 peccantem,
1249 2307 1289 2334 sic
1311 2310 1338 2333 et
1352 2314 1407 2333 non
1424 2307 1458 2333 ab
1479 2315 1512 2334 eo
1529 2306 1696 2333 defecturam
1718 2313 1780 2333 esse

992 2354 1131 2390 pollicitus
1145 2359 1187 2380 est
1211 2353 1444 2384 misericordiam,
1470 2353 1580 2380 dicens:
1608 2351 1780 2379 «Misericor-

992 2399 1065 2426 diam
1078 2402 1169 2426 autem
1185 2407 1272 2426 meam
1287 2406 1342 2425 non
1367 2397 1489 2425 auferant
1506 2397 1540 2423 ab
1556 2397 1599 2428 iis,
1624 2397 1695 2423 sicut
1717 2395 1781 2423 abs-

990 2446 1039 2472 tuli
1054 2446 1088 2472 ab
1118 2446 1161 2478 iis,
1178 2453 1249 2479 quos
1269 2445 1359 2472 amovi
1377 2453 1392 2471 a
1408 2444 1480 2471 facie
1497 2451 1584 2471 mea.»
1606 2443 1713 2475 Quaeret
1731 2450 1780 2469 au-

991 2499 1045 2522 tem
1065 2494 1135 2529 apud
1158 2501 1227 2529 quos
1253 2497 1327 2522 esset
1351 2497 1415 2521 ante
1446 2492 1566 2528 gentiqu
1586 2491 1715 2526 populum
1732 2490 1778 2517 Dei

991 2541 1191 2572 misericordia,
1209 2548 1290 2576 quam
1306 2540 1419 2567 omnino
1435 2539 1469 2565 ab
1495 2538 1536 2566 eis
1553 2537 1722 2565 abstulerat:
1741 2536 1779 2564 si-

990 2588 1090 2615 militer
1104 2587 1177 2615 enim
1197 2595 1227 2615 se
1243 2587 1379 2614 facturum
1394 2593 1456 2615 esse
1479 2585 1620 2626 promittit
1633 2584 1660 2611 in
1674 2582 1778 2611 Christi

991 2636 1131 2672 pepulum.

145 2679 249 2712 ἐστησα
264 2678 310 2712 ἀφ’
327 2674 364 2707 ὧν
387 2679 540 2714 duim:ch
561 2691 570 2707 ι
589 2680 701 2716 ζητήσει
721 2681 743 2707 δ’
758 2683 803 2709 ἐπὶ
814 2684 897 2720 ⁸τίνας
915 2684 949 2720 ἦν
966 2679 1021 2721 πρὸ
1050 2686 1096 2712 τοῦ
1113 2684 1147 2719 ἐξ
1162 2684 1247 2711 ἐθνῶν
1259 2683 1324 2710 λαοῦ
1337 2682 1367 2709 τὸ
1385 2682 1432 2708 τοῦ
1446 2680 1514 2708 Θεοῦ
1528 2681 1611 2714 ἕλεος,
1629 2681 1696 2717 ὅπερ
1710 2688 1777 2708 πειν-

143 2726 230 2757 τελῶς
248 2725 294 2752 ἀπ’
307 2725 395 2753 αὐτῶν
413 2727 586 2763 ἀπέστησας·
604 2727 635 2756 οὖ
649 2729 679 2755 τὸ
693 2730 790 2765 ιόμοιον
805 2733 928 2767 ποιήσειν
948 2735 1116 2769 ὑπισχνεῖται
1131 2733 1201 2760 κατά
1216 2733 1260 2759 τὸν
1273 2731 1319 2758 τοῦ
1334 2730 1451 2767 Χριστοῦ
1472 2730 1543 2757 λαόν.

179 2851 202 2865 α’
222 2849 293 2877 Psal.
312 2857 389 2883 xuv,
407 2850 437 2883 7,
455 2849 481 2878 8.
521 2851 544 2867 "
564 2851 645 2880 Hebr.
667 2860 694 2887 ι,
712 2853 737 2882 5.
776 2854 799 2870 ⁸⁶
818 2853 924 2883 Coloss.
943 2863 950 2882 ι

1004 2856 1030 2883 4.
1068 2856 1090 2873 ⁸⁷
1111 2855 1183 2885 Psal.
1199 2863 1336 2889 ωιτν-ιιι,
1356 2855 1401 2884 51.
