2037 3215
242 151 311 179 I083

532 219 646 246 CAPUT
666 218 737 245 ΧΧΙ.

280 288 288 304 ι
305 278 424 305 Locutus
445 280 486 304 est
508 280 599 303 autem
615 275 698 302 David
713 275 829 302 Domino
843 275 926 302 verba
942 274 1024 308 hujus

241 323 372 351 carminis
384 344 391 355 ,
409 322 435 349 in
453 322 496 348 die
511 329 565 356 qua
589 321 713 348 liberavit
732 328 794 348 eum
816 319 947 348 Dominus
962 320 995 347 ³⁸.
1013 330 1022 345 ι

242 369 308 396 Dein
324 369 350 395 in
365 367 544 402 sequentibus
559 376 566 394 :
582 376 591 392 ί
609 366 750 393 lnclinavil
769 366 855 393 cmlos
871 369 898 393 et
912 365 1026 392 descen-

242 413 300 440 dit:
316 417 342 440 et
355 413 443 447 caligo
457 411 508 438 sub
521 411 636 446 pedibus
652 411 713 444 ejus
726 411 759 438 θ’.
778 420 786 436 ι
803 410 834 436 Et
850 418 947 437 rursus
965 414 1026 445 post

242 459 299 485 hac
321 467 328 484 :

242 503 310 530 mei:
324 502 461 530 custodics
476 501 554 529 mcin
569 506 651 536 caput
665 501 796 536 gentium.
810 500 931 535 Populus
946 509 1026 535 quem

243 549 339 583 ignoro
362 549 462 575 serviet
484 547 560 574 mihi.
574 546 635 573 Filii
650 546 730 573 alieni
742 546 871 573 resistent
883 546 948 573 mihi
958 566 965 578 ,
979 553 1025 572 au-

243 594 302 620 ditu
319 593 394 620 auris
410 593 536 620 obedient
553 592 617 618 mihi
632 601 638 618 :
652 591 699 618 ﬁlii
717 591 796 617 alieni
819 590 989 618 deﬂuxerunt
1002 594 1029 618 et

243 640 440 668 contrahentur
455 640 481 666 in
513 639 648 674 angustiis
666 638 724 665 suis
739 638 772 665 '°.
788 648 795 663 ι
823 637 887 665 Haec
901 638 1029 664 dicuntur

202 701 207 706 α
244 686 300 713 fere
313 686 415 713 eisdem
431 685 522 712 verbis
537 685 564 711 in
580 684 687 712 decimo
701 683 816 718 septimo
833 684 939 719 psalmo
953 692 960 716 ;
978 691 1028 718 op-

244 733 389 769 portunius
409 732 628 766 explicabuntur,
645 738 706 757 cum
727 729 899 757 Psalmorum
920 730 1030 764 eclogas

245 778 410 806 notabimus.
434 776 512 803 Nunc
537 784 602 803 vero
627 776 678 803 hoc
701 779 806 802 tantum
828 775 1030 803 animadverte-

245 830 326 854 mus,
351 822 424 857 quod
449 821 530 849 verba
556 822 612 848 haec
627 831 632 848 :
654 830 662 846 ι
679 821 822 848 lnclinavit
843 821 929 848 caelos
944 825 970 847 et
984 821 1031 848 dc-

245 867 351 896 scendit
367 877 376 894 )
389 867 422 894 de
443 867 546 894 Christi
562 875 577 894 c
598 867 676 894 caelis
702 866 834 893 descensu
857 866 1031 901 intelligenda

246 918 326 947 sunt;
342 914 399 941 haec
412 917 501 940 autem
513 922 520 940 :
531 923 539 938 ι
551 912 675 940 Salvabis
687 920 729 939 me
741 920 756 938 a
767 912 1032 940 contradictionibus

247 961 356 996 populi.
375 959 429 987 ide
441 959 613 987 circumcisis
629 959 768 989 dicuntur.
786 959 832 993 qui
848 966 903 986 non
925 958 952 985 in
968 966 1031 986 eum

246 1005 419 1032 crediderunt
430 1024 438 1036 ,
455 1004 489 1031 de
501 1005 600 1039 quibus
615 1011 722 1038 quoque
735 1003 761 1029 in
777 1003 845 1030 Isaia
858 1003 940 1030 dicit:
954 1012 962 1027 ι
979 1003 1032 1030 Ex—

247 1050 328 1085 pandi
347 1058 446 1077 manus
458 1057 533 1077 meas
547 1053 601 1077 tota
616 1050 659 1077 die
671 1051 703 1077 ad
717 1050 847 1085 populum
859 1049 1030 1077 incredulum

246 1101 273 1123 et
284 1095 515 1124 contradicentem
531 1095 551 1111 "
562 1105 569 1129 ;
582 1105 590 1121 ι
605 1099 631 1123 et
653 1096 724 1131 quod
735 1117 742 1128 ,
760 1105 768 1121 ι
784 1095 929 1123 Custodies
945 1103 988 1122 me
1002 1096 1031 1122 in

247 1147 330 1177 caput
358 1141 498 1177 gentium'.
514 1152 523 1167 ι
538 1146 620 1176 atque
632 1162 638 1172 .
655 1151 664 1167 ι
680 1141 800 1176 Populus
823 1149 903 1176 quem
934 1142 1030 1176 ignoro

248 1187 348 1215 serviet
355 1187 432 1219 mihi,
440 1187 533 1214 auditu
542 1187 616 1214 auris
623 1187 749 1214 obedient
758 1187 822 1213 mihi
833 1196 841 1212 ι
851 1187 883 1213 de
892 1188 1031 1222 gentilium

249 1234 370 1261 Ecclesia
384 1233 541 1269 pradicitur
551 1242 558 1266 ;
569 1233 634 1260 illud
644 1241 718 1264 vero,
730 1243 738 1257 ι
748 1233 807 1260 Filii
817 1233 896 1260 alieni
905 1234 1034 1261 resistent

249 1281 327 1312 m'hi,
339 1289 348 1305 I
361 1280 504 1314 impiarum
515 1280 767 1307 hmreseonerrorcs
775 1280 809 1307 de
825 1281 964 1307 Salvatore
976 1288 1035 1307 om-

249 1327 277 1353 ni
289 1333 379 1360 Imque
394 1325 447 1353 Deo
464 1325 576 1357 indicat,
592 1333 660 1360 quos
671 1325 815 1353 deﬂuxisse
828 1325 879 1353 fert
896 1325 1036 1359 Scriptura

252 1380 261 1396 ι
271 1370 460 1398 contractosin
470 1371 603 1405 angustiis
612 1370 679 1402 suis,
694 1380 702 1395 ι
714 1370 817 1398 scilicet
828 1371 854 1397 in
862 1378 982 1398 errorem
994 1370 1036 1397 in-

250 1417 348 1444 ductos
363 1416 505 1443 fallacibus
513 1423 606 1443 eorum
615 1416 836 1451 absconditisque
849 1416 1034 1451 opinionibus.

605 146 739 175 EUSEBII
758 145 997 174 CxESARIENSIS
1017 145 1034 172 Ο

1087 166 1090 171 .
1113 145 1203 172 PARS
1219 144 1306 172 IlI.—v~
1322 144 1527 172 EXEGETICA.

354 466 363 482 ‹
383 457 507 484 Salvabis
533 464 575 483 me
601 463 615 482 a
642 455 907 483 contradictionibus
933 454 1045 490 populi‘

1795 145 1865 172 I084

1329 216 1523 242 ΚΕΦΑΛΑῘΟΝ
1544 217 1608 244 KA’.

1114 283 1123 299 ι
1146 273 1200 300 Καὶ
1224 272 1336 308 ὲλὰλησε
1358 271 1437 298 Δαυὶδ
1454 271 1492 307 τῷ
1507 272 1602 307 Κυρίῳ
1621 272 1683 303 τοὺς
1703 271 1798 305 λόγους
1814 271 1865 305 τῆς

1075 320 1146 356 ᾠδῆς
1170 320 1280 354 ταύτης.
1317 328 1326 344 ι
1356 316 1423 345 Εἶτα
1442 319 1470 344 ὲν
1498 319 1553 350 τοῖς
1570 317 1642 354 ἑξῆς-
1664 327 1674 343 t
1695 317 1749 344 Καὶ
1762 317 1867 344 ἔκλινεν

1080 366 1212 402 οὐρανοὺς
1228 365 1274 392 καὶ
1285 364 1398 400 κατέῧη,
1409 364 1455 390 καὶ
1465 364 1563 398 γνόφος
1576 364 1702 390 ὑποκάτω
1714 363 1767 389 τῶν
1779 364 1869 390 ποιῶν

1076 412 1167 439 αὐτοῦ.
1182 421 1190 437 ι
1201 411 1256 438 Καὶ
1271 410 1349 437 πάλιν
1363 410 1429 445 μετὰ
1440 409 1535 442 ταῦτα,
1553 419 1562 435 ι
1574 409 1655 444 Ῥύσῃ
1673 418 1706 444 με
1722 409 1752 441 ἐξ
1768 409 1870 435 ἀντιλο-

1077 457 1143 492 γιῶν
1159 457 1234 489 λαοῦ,
1248 457 1427 491 καταστήσεις
1444 464 1477 491 με
1498 457 1537 487 εἰς
1551 455 1669 490 κεφαλὴν
1687 454 1786 481 ἐθνῶν
1804 454 1869 486 λαὸς

1077 505 1105 531 ὃν
1124 504 1174 530 οὐκ
1193 503 1277 537 ἔγνων
1303 502 1442 529 ὲδοὺλευσέ
1465 510 1525 536 μοι’
1542 502 1581 532 εἰς
1603 500 1686 536 ἀκοὴν
1709 501 1788 526 ὠτίου
1816 501 1868 526 ὑπ-

1079 549 1178 584 ήκουσέ
1197 557 1262 584 μου’
1279 550 1302 575 οι
1315 549 1367 575 υἱοὶ
1387 548 1518 583 ἀλλότριοι
1536 547 1683 582 ἐψεύσαντό
1697 555 1741 582 μοι
1751 555 1758 561 ”
1773 547 1798 573 οἱ
1816 547 1870 572 υἱοὶ

1079 595 1210 630 ἀλλότριοι
1238 595 1487 630 ὰπορῤιῳήσονται·
1511 593 1557 619 καὶ
1586 592 1731 628 σφαλοίσιν
1760 593 1792 618 ὲκ
1816 592 1870 618 τῶν

1081 640 1267 676 συγκλεισμῶν
1291 640 1391 666 αὐτῶν.
1412 650 1420 664 ι
1437 639 1529 666 Ταῦτα
1552 639 1658 674 εἴρηται
1674 639 1765 674 σχεδὸν
1780 639 1872 669 αὐτοῖς

1083 688 1186 722 ῥήμασι
1212 687 1258 714 καὶ
1287 688 1316 713 ὲν
1339 686 1559 721 ἑπτακαιδεκάτῳ
1583 685 1692 720 ψαλμῷ,
1715 685 1873 720 εὐκαιρότε-

1084 741 1130 768 ρον
1146 733 1167 758 δ’
1183 733 1217 759 ἂν
1234 732 1400 764 ἐξετάζοιτο,
1412 731 1521 758 ἐπειδὰν
1545 731 1597 757 ἀπὸ
1618 731 1671 757 τῶν
1684 729 1805 765 Ψαλμῶν
1824 730 1873 760 τὰς

1081 779 1198 813 ἐκλογὰς
1220 778 1427 813 ἀναλεγώμεθα”
1448 777 1496 804 νῦν
1521 778 1642 812 μέντοιγε
1666 776 1872 811 παρασημειοὺ-

1084 824 1153 860 μεθα
1170 825 1234 851 αὐτὸ
1251 824 1339 859 μόνον,
1352 824 1389 855 ὡς
1402 824 1440 850 ὅτι
1455 823 1484 849 τὸ
1501 823 1560 858 μὲν,
1575 832 1583 847 ι
1603 822 1656 848 Καὶ
1677 821 1778 848 ἔκλινεν
1792 821 1874 856 οὐρα-

1083 872 1144 902 νοὺς
1170 871 1218 897 καὶ
1241 870 1343 905 κατέϐη
1366 879 1374 895 ι
1394 870 1470 895 νοοῐτ’
1495 867 1527 895 ἂν
1555 869 1618 904 περὶ
1636 868 1685 903 τῆς
1703 868 1730 901 ἐξ
1750 868 1874 903 οὐρανῶν

1082 917 1258 947 καταϐάσεως
1271 915 1317 941 τοῦ
1328 914 1454 950 Χριστοῦ·
1471 914 1501 941 τὸ
1513 914 1551 945 δὲ,
1565 923 1573 938 ι
1586 913 1668 949 Ῥύσῃ
1681 922 1713 948 με
1730 913 1758 945 ἐξ
1770 913 1875 939 ἀντιλο-

1086 963 1149 996 γίας
1166 962 1241 994 λαοῦ,
1259 972 1267 987 ι
1285 962 1316 988 ὲκ
1335 960 1480 997 προσώπου
1496 959 1577 986 αὑτοῦ
1597 959 1719 985 λέλεκται
1740 959 1805 994 περὶ
1820 959 1876 985 τῶν

1082 1010 1115 1035 ὲκ
1140 1008 1290 1044 περιτομῆς
1315 1008 1351 1043 μὴ
1366 1006 1585 1033 πεπιστευκότων
1602 1006 1641 1037 εἰς
1654 1006 1743 1036 αὐτὸν,
1756 1005 1822 1040 περὶ
1839 1002 1876 1031 ὧν

1083 1056 1129 1082 καλ¹
1145 1056 1174 1081 ὲν
1194 1054 1293 1089 Ἡσαΐᾳ
1309 1053 1399 1089 φησὶν,
1415 1064 1424 1078 ι
1440 1052 1522 1088 ’Όλην
1538 1052 1585 1087 τὴν
1604 1052 1708 1087 ἡμέραν
1723 1051 1877 1083 ἐξεπέτασα

1082 1102 1132 1132 τὰς
1156 1102 1250 1137 χεῖράς
1281 1109 1331 1135 μου
1353 1100 1420 1135 πρὸς
1443 1099 1506 1126 λαὸν
1521 1098 1683 1125 ἀπειθοῦντα
1706 1098 1753 1124 καὶ
1770 1098 1877 1124 ἀντιλέ-

1084 1155 1176 1182 γοντα.
1192 1157 1201 1173 ›
1221 1147 1275 1173 Καὶ
1288 1145 1370 1172 ὅτιτὸ
1390 1146 1449 1181 μὲν,
1464 1155 1473 1171 t
1488 1146 1675 1180 Καταστήσεις
1694 1153 1727 1180 με
1740 1145 1780 1176 εἰς
1791 1153 1877 1178 κεφα-

1085 1192 1135 1228 λὴν
1143 1192 1236 1223 ἐθνῶν,
1251 1202 1261 1218 ι
1271 1192 1317 1218 καὶ
1325 1192 1364 1225 τὺ,
1375 1200 1384 1217 t
1396 1191 1465 1222 Λαὸς
1475 1191 1503 1218 ὃν
1513 1192 1563 1217 οὑκ
1574 1191 1657 1226 ἔγνων
1668 1190 1808 1217 ὲδοὺλευσέ
1822 1198 1877 1225 μοι·

1087 1238 1126 1269 εἰς
1139 1238 1222 1273 ἀκοὴν
1236 1238 1315 1264 ὠτίου
1331 1237 1468 1273 ὑπήκουσέ
1491 1246 1552 1272 μου,
1573 1247 1582 1263 ι
1603 1238 1666 1272 περὶ
1682 1238 1730 1272 τῆς
1747 1236 1777 1268 ἐξ
1793 1236 1878 1263 ἐθνῶν

1095 1284 1255 1318 Ἐκκλησὶας
1264 1284 1474 1319 προφητεύεται·
1485 1284 1515 1311 τὸ
1523 1284 1561 1316 δὲ,
1573 1293 1581 1309 ι
1591 1283 1650 1310 Υἱοὶ
1658 1282 1791 1317 ἀλλότριοι
1799 1282 1877 1317 ἐψεύ-

1091 1330 1170 1355 σαντό
1202 1339 1257 1365 μοι,
1278 1340 1286 1356 ι
1308 1330 1372 1365 περὶ
1396 1330 1450 1357 τῶν
1476 1330 1564 1357 ἀθέων
1586 1329 1717 1365 αἱρέσεων
1739 1327 1774 1354 τὰ
1792 1327 1878 1362 ψευδῆ

1089 1374 1154 1409 περὶ
1165 1374 1247 1400 αὐτοῦ
1261 1375 1308 1401 τοῦ
1325 1375 1450 1411 Σωτῆρος
1465 1376 1510 1402 καὶ
1520 1375 1566 1402 τοῦ
1579 1374 1646 1401 Θεοῦ
1661 1374 1714 1400 τῶν
1729 1374 1798 1400 ὅλων
1814 1373 1878 1399 ἀνα-

1090 1418 1277 1451 πεπλακότων,
1303 1419 1348 1451 οὓς
1373 1421 1419 1446 καὶ
1437 1429 1446 1446 ι
1475 1419 1708 1456 ἀπορῤιφήσεσθαε
1735 1429 1743 1444 ι
1759 1426 1843 1453 φησιν
1865 1419 1879 1444 ὁ

250 1461 328 1497 λόγος
346 1473 355 1488 ι
377 1463 583 1496 ἁποσφαλέντας
601 1463 655 1489 τῶν
683 1463 870 1499 συγκλεισμῶν
899 1464 1012 1497 ἑαυτῶν,
1036 1474 1045 1491 ι
1066 1466 1204 1493 τουτέστιν
1226 1467 1457 1500 ἀποπεπτωκότας
1478 1467 1531 1494 τῶν
1553 1467 1674 1494 ὑπούλων
1705 1467 1752 1494 καὶ
1779 1467 1881 1494 ἀποκεκ-

251 1518 302 1545 κρυ
306 1508 416 1544 μμένων
437 1509 525 1535 αὐτῶν
545 1509 713 1544 ψευ(δο)ὂοξη
718 1509 820 1544 μάτων.

532 1576 648 1603 CAPUT
668 1576 751 1604 XXII.

474 1632 497 1658 E
517 1633 592 1659 tertio
613 1632 710 1667 Regum
733 1633 813 1660 libra.

292 1698 301 1714 ι
316 1690 348 1716 lit
365 1696 452 1719 nunc,
468 1687 583 1716 Domine
598 1688 669 1717 Deus
684 1688 766 1716 Israel
777 1711 784 1720 ,
800 1689 943 1717 firmentur
956 1691 1038 1718 verba

254 1740 316 1768 tua,
339 1744 399 1771 qua).
414 1737 520 1763 locutus
541 1744 571 1763 es
597 1744 676 1764 servo
699 1741 747 1764 tuo
769 1736 852 1764 David
876 1737 945 1772 patri
969 1744 1037 1764 meo.

255 1781 361 1817 Ergone
374 1782 524 1817 putandum
538 1785 580 1809 est
593 1782 665 1817 quod
681 1790 742 1810 vere
755 1782 826 1810 Deus
840 1782 942 1810 habitet
957 1789 1040 1817 super

255 1832 365 1860 terram,
393 1828 416 1854 si
432 1828 504 1855 enim
519 1829 617 1855 coelum
632 1832 660 1855 et
673 1829 735 1855 cali
750 1829 881 1856 cmlorum
903 1833 929 1855 te
942 1836 1039 1863 capere

255 1881 310 1900 non
323 1868 491 1908 possunt-"2'
507 1883 515 1899 ι
532 1872 599 1900 Fere
614 1874 647 1900 iis
662 1874 762 1900 similia
778 1874 805 1900 in
821 1874 942 1901 secundo
957 1874 1039 1900 Para-

255 1919 410 1953 lipomenon
426 1918 497 1945 libro
512 1926 527 1945 a
545 1918 692 1946 Salomone
707 1919 779 1946 dicta
795 1923 859 1946 sunt
883 1919 910 1946 in
933 1927 982 1946 sua
1006 1920 1038 1946 ad

257 1963 340 1991 Deum
356 1963 479 1991 oratione
492 1964 526 1991 ".
543 1963 684 1991 Manifeste
700 1964 780 2000 igitur
795 1964 838 1990 hic
851 1973 960 1999 quoquc
971 1973 1039 1999 prae-

257 2008 323 2035 dicit
339 2007 411 2036 Deus
426 2017 455 2036 sc
471 2016 533 2035 cum
550 2009 705 2036 hominibus
730 2017 812 2044 super
836 2013 936 2036 terram
962 2009 1039 2036 habi-

256 2057 377 2081 taturum
406 2063 477 2082 esse.
500 2054 578 2087 Quod
607 2055 714 2090 quidem
737 2054 817 2082 nobis
837 2055 973 2090 expletum
998 2059 1040 2082 est

255 2098 358 2126 Christi
373 2096 490 2128 adventu
499 2119 506 2132 ,
518 2108 573 2135 quo
586 2100 657 2128 Deus
667 2100 785 2127 Verbum
802 2101 963 2128 incarnatus
977 2107 1038 2127 cum

257 2143 397 2172 hominum
413 2153 511 2179 genere
526 2150 713 2173 commoratus
728 2149 781 2172 est.

532 2210 646 2238 CAPUT
666 2210 762 2238 XXIII.

1344 1579 1541 1606 ΚΕΦΑΛΑΙΟΝ
1562 1578 1627 1606 ΚΒ’.

1276 1637 1319 1662 Ex
1336 1635 1391 1669 τῆς
1405 1639 1429 1670 γ’
1450 1635 1509 1662 τῶν
1527 1635 1702 1663 Βωιλειῶν.

1127 1701 1136 1717 ι
1147 1691 1202 1717 Καὶ
1210 1691 1267 1722 νῦν,
1277 1690 1363 1726 Κύριε
1371 1691 1384 1717 ὁ
1391 1690 1455 1722 Θεὸς
1462 1690 1582 1726 Ἰσραὴλ,
1589 1690 1749 1726 πιστωθήτω
1758 1691 1790 1726 δὴ
1797 1690 1828 1717 τὸ
1838 1691 1883 1727 ῥῆ-

1092 1737 1130 1772 μά
1144 1745 1201 1767 σου,
1216 1737 1230 1763 ὃ
1244 1736 1377 1772 ὲλάλησας
1395 1736 1432 1771 τῷ
1446 1736 1521 1762 παιδί
1535 1744 1582 1762 σου
1596 1736 1634 1771 τῷ
1649 1737 1728 1762 Δαυὶδ
1743 1736 1782 1771 τῷ
1798 1737 1882 1773 πατρί

1091 1790 1141 1817 μου
1153 1791 1158 1797 ·
1171 1782 1211 1808 ὅτι
1229 1783 1253 1808 εἰ
1265 1781 1373 1816 ἀληθῶς
1386 1782 1563 1817 κατοικήσειὸ
1573 1782 1638 1813 Θεὸς
1649 1782 1716 1817 μετὰ
1729 1782 1881 1817 ἀνθρώπων

1090 1829 1190 1864 ὲπὶτῆς
1198 1829 1258 1863 γῆς,
1265 1829 1289 1854 εἰ
1298 1829 1311 1855 ό
1319 1828 1430 1863 οὐρανὸς
1438 1827 1484 1853 τοῦ
1495 1827 1608 1862 οὐρανοῦ
1617 1828 1666 1853 οὐκ
1675 1827 1786 1863 ἀρκέσει
1795 1836 1837 1854 σοι
1847 1836 1854 1860 ;
1869 1837 1878 1853 ι

1091 1876 1130 1902 Τὰ
1151 1875 1329 1911 παραπλήσια
1347 1875 1451 1906 τούτοις
1462 1874 1508 1900 καὶ
1518 1876 1548 1900 ὲν
1559 1876 1592 1910 τῇ
1606 1874 1719 1909 δευτέρᾳ.
1729 1874 1783 1899 τῶν
1793 1874 1882 1909 Παρα-

1090 1922 1254 1957 λειπομένων
1268 1921 1319 1948 ὑπὸ
1329 1921 1375 1947 τοῦ
1386 1920 1538 1955 Σολομῶνος
1548 1920 1653 1955 εἴρηται
1666 1921 1694 1946 ὲν
1704 1921 1737 1954 τῇ
1750 1919 1819 1955 πρὸς
1836 1920 1882 1946 τὸν

1092 1968 1123 2002 (I.
1141 1968 1173 1995 16
1191 1968 1226 2002 \°)
1247 1967 1312 1993 θεὸν
1338 1967 1414 2002 εὐχῇ.
1429 1966 1523 2000 Σαφῶς
1537 1964 1583 1993 οὗν
1602 1966 1649 1992 κα)⁸
1664 1965 1755 1992 ἐνθάδε
1774 1974 1881 2000 προεπη-

1091 2014 1196 2040 τεὺεται
1216 2015 1230 2039 ὁ
1252 2013 1317 2044 Θεὸς
1333 2013 1505 2047 κατοικήσειν
1523 2012 1590 2047 μετὰ
1606 2010 1755 2046 ἀνθρώπων
1770 2012 1817 2037 ἐπὶ
1832 2012 1881 2046 τῆς

1091 2059 1158 2094 γῆς·
1182 2060 1196 2085 ὃ
1222 2060 1268 2086 καὶ
1284 2059 1349 2085 αὐτὸ
1375 2059 1461 2095 πέρας
1485 2058 1578 2094 εἴληφε
1608 2057 1668 2084 καθ’
1688 2058 1762 2092 ἡμᾶς
1781 2058 1828 2083 ἐπὶ
1848 2059 1879 2092 τῇ

1091 2105 1208 2141 Χριστοῦ
1227 2105 1357 2140 γενομένῃ
1378 2105 1523 2140 παρουσία,
1545 2104 1604 2130 καθ’
1622 2105 1654 2138 ἣν
1676 2104 1690 2129 ο
1713 2104 1780 2135 Θεὸς
1797 2104 1882 2137 Λὸγπ

1093 2151 1305 2187 ἐνανθρωπήσας
1322 2151 1489 2187 συνδιέτριψε
1502 2150 1540 2185 τῷ
1556 2150 1630 2184 γένει
1644 2149 1698 2176 τῶν
1718 2149 1879 2186 ἀνθρώπων.

1348 2218 1545 2245 ΚΕΦΑΛΛΙΟΝ
1562 2218 1624 2244 Kl".

258 2267 282 2294 E
292 2267 377 2302 primo
390 2266 611 2300 Paralipomenon
626 2267 702 2294 libro.
732 2267 840 2294 Nat/Ian
862 2267 895 2294 ad
917 2266 1033 2294 Davideu

1099 2265 1156 2302 Ἐζιῄ
1168 2263 1228 2302 ,τῆς
1246 2267 1270 2290 α’
1285 2262 1344 2302 τῶν
1361 2262 1637 2302 ῌαριιλειετομὲιςωιςτ
1659 2262 1689 2289 '0
1703 2263 1811 2302 Κύριος
1833 2262 1881 2302 διὰ

482 2307 538 2337 post
556 2303 611 2329 alia
624 2307 648 2329 et
663 2303 717 2330 hwc
734 2302 810 2329 dicit.

296 2400 306 2416 ι
319 2390 443 2425 Cumque
459 2389 613 2424 impleveris
627 2389 686 2417 dies
707 2394 768 2417 tuos
779 2410 786 2422 ,
803 2393 832 2417 ut
846 2391 930 2418 vadas
945 2390 977 2417 ad
994 2398 1041 2425 pa-

257 2441 314 2464 tres
330 2441 406 2467 tuos,
421 2435 562 2462 suscitabo
576 2442 670 2462 semen
683 2438 759 2462 tuum
772 2439 834 2470 post
850 2440 890 2468 te,
905 2435 978 2470 quod
991 2436 1044 2462 erit

258 2481 292 2508 de
308 2481 371 2508 liliis
387 2481 461 2509 tuis:
483 2485 509 2508 ct
525 2480 661 2508 stabiliam
677 2489 791 2515 regnum
805 2481 865 2515 ejus
879 2490 886 2514 ;
904 2482 962 2516 ipse
976 2481 1042 2509 aedi-

260 2526 350 2554 ﬁcabit
366 2527 431 2554 mihi
446 2526 577 2558 domum,
596 2531 622 2554 et
638 2526 751 2553 ﬁrtnabo
767 2527 865 2554 solium
879 2527 940 2562 ejus
956 2535 1044 2562 usque

259 2572 287 2599 in
301 2576 442 2600 :eternum.
457 2572 511 2608 Ego
523 2580 571 2600 ero
586 2572 623 2599 illi
636 2573 663 2600 in
677 2577 791 2608 putrem.
806 2577 833 2600 ct
846 2574 902 2608 ipse
916 2574 968 2600 erit
981 2573 1045 2600 mihi

259 2617 288 2645 in
305 2618 389 2645 lilium
403 2627 411 2651 ;
427 2623 454 2646 et
474 2618 690 2646 misericordiam
705 2626 789 2646 meam
806 2626 860 2646 non
877 2618 996 2645 auferam
1011 2619 1045 2644 ab

259 2669 293 2690 eo
304 2683 311 2693 ,
329 2664 401 2690 sicut
414 2663 515 2690 abstuli
532 2663 566 2690 ab
577 2671 609 2691 eo
621 2664 666 2698 qui
682 2669 744 2691 ante
759 2668 785 2691 te
801 2664 861 2691 fuit.
881 2664 912 2690 Et
927 2668 1044 2691 statuam

261 2715 322 2736 eum
338 2710 365 2736 in
382 2709 465 2736 domo
478 2717 538 2737 mea
548 2729 555 2743 ,
572 2713 598 2737 et
613 2709 639 2736 in
661 2718 744 2746 regno
759 2718 820 2738 meo
833 2718 920 2745 usque
934 2710 961 2736 in
978 2717 1046 2737 sem-

296 2795 318 2810 ⁸⁸
336 2796 359 2832 II
378 2795 444 2832 Reg.
462 2806 533 2830 xxn,
556 2799 578 2826 l.

261 2830 354 2858 Pal‘al.
374 2840 399 2858 Vl
408 2830 478 2864 ,‘I7.

1131 2298 1232 2361 ἓέὶθαιν
1251 2299 1325 2333 πρὸς
1347 2299 1401 2325 τὸν
1423 2297 1512 2325 Δαυὶδ
1531 2298 1594 2332 μεθ’
1621 2297 1705 2332 ἕτερα
1727 2298 1884 2324 καὶταῦτα

1168 2342 1222 2361 γει.

1168 2342 1222 2368 γει.

1134 2400 1142 2415 α
1161 2390 1214 2416 Καὶ
1239 2390 1315 2416 ἔσται
1327 2390 1390 2416 ὅταν
1406 2387 1584 2424 πληρωθῶσιν
1603 2389 1631 2415 αἱ
1645 2388 1747 2424 ἡμέραι
1765 2398 1824 2420 σου,
1838 2389 1884 2415 καὶ

1095 2434 1249 2471 κοιμηθήσῃ
1267 2434 1335 2470 μετὰ
1349 2433 1403 2460 τῶν
1419 2434 1544 2469 πατέρων
1559 2441 1616 2465 σου,
1632 2435 1679 2460 καὶ
1692 2434 1838 2470 ἀναστήσω
1853 2434 1884 2461 τὸ

1097 2480 1208 2516 σπέρμα
1232 2489 1278 2506 σου
1306 2479 1373 2515 μετὰ
1391 2479 1431 2510 σὲ,
1445 2479 1474 2510 ὃς
1488 2478 1563 2505 ἔσται
1583 2479 1616 2505 ὲκ
1634 2479 1682 2514 τῆς
1697 2479 1801 2510 κοιλίας
1818 2488 1882 2506 σου·

1096 2526 1142 2552 καὶ
1166 2526 1300 2560 ἑτοιμάσω
1314 2526 1362 2561 τὴν
1381 2524 1516 2560 βασιλείαν
1535 2533 1598 2550 σου·
1617 2525 1697 2556 αὐτὸς
1709 2525 1884 2560 οἰκοδομήσει

1099 2581 1142 2608 μοι
1167 2570 1256 2599 οἷκον
1275 2572 1321 2598 καὶ
1345 2570 1491 2608 ἀνορθώσω
1517 2571 1563 2597 τὸν
1584 2570 1677 2606 Θρόνον
1699 2571 1783 2598 αὑτοῦ
1796 2580 1803 2586 ·
1828 2572 1885 2606 ἐγὼ

1098 2618 1193 2653 ἔσομαι
1204 2617 1277 2652 αὐτῴ
1288 2618 1326 2649 εἰς
1335 2617 1450 2652 πατέρα,
1462 2617 1508 2643 καὶ
1520 2617 1599 2648 αὐτὸς
1612 2616 1687 2643 ἔσται
1700 2625 1745 2653 μοι
1758 2619 1800 2649 εἰς
1811 2619 1883 2644 υἱόν

1099 2663 1144 2688 καὶ
1159 2663 1189 2689 τὺ
1205 2662 1277 2694 ἔλεός
1296 2670 1346 2696 μου
1362 2661 1411 2688 οὐκ
1426 2662 1572 2697 ἀποστήσω
1594 2661 1641 2687 ἀπ’
1655 2661 1749 2694 αὐτοῦ,
1770 2662 1809 2694 ὡς
1831 2663 1883 2689 ἀπ-

1099 2708 1200 2743 έστησα
1216 2708 1269 2734 ἀπὸ
1284 2707 1338 2734 τῶν
1349 2707 1502 2744 ἔμπροσθέν
1518 2715 1564 2733 σου
1574 2716 1580 2722 ·
1596 2708 1640 2734 καὶ
1658 2707 1788 2735 πιστώσω
1803 2708 1884 2735 αὐτὸν

616 2800 638 2815 ⁸³
668 2799 733 2827 ibid.
756 2800 797 2827 l0.
835 2800 857 2815 ”
878 2799 944 2827 ibid.
978 2799 1068 2826 “~46.
1109 2799 1129 2814 ⁹¹
1152 2799 1202 2827 lsa.
1234 2807 1294 2832 va,
1314 2800 1340 2826 2.
1380 2799 1401 2815 ³⁸
1421 2797 1453 2827 Ill
1469 2797 1536 2834 Reg.
1556 2807 1621 2832 vm,
1655 2799 1704 2832 26‘,
1731 2800 1778 2828 27.
1817 2800 1841 2816 ’³
1861 2797 1883 2825 II
