2037 3215
171 143 239 171 1085

679 149 826 178 ECLOGA?
847 151 1086 180 PBOPHETICIE.
1107 167 1141 171 —
1154 152 1217 181 LIB.
1240 155 1260 181 1.

1720 137 1794 186 loss

169 205 197 230 ὲν
214 203 281 240 οἴκῳ
297 213 348 240 μου
363 207 410 233 καὶ
421 207 449 233 ὲν
466 207 588 244 βασιλείᾳ
604 209 685 236 αὺτοῦ
699 210 751 242 ἕως
763 210 869 243 αἰῶνος,
885 212 955 238 καὶὸ

1012 212 1148 247 pilernum
1162 222 1168 240 :
1184 217 1211 239 et
1225 214 1342 241 thronus
1357 214 1418 249 ejus
1433 215 1484 242 erit
1502 215 1676 244 ﬁrmissimus
1690 217 1717 244 in
1734 227 1793 252 pcr-

169 250 261 286 θρόνος
277 252 358 278 αὑτοῦ
375 253 569 290 ἀνωρθωμένος
582 255 634 288 ἕως
648 256 753 288 αἰῶνος.
771 267 780 282 )
797 258 850 283 Καὶ
860 257 954 290 ταῦτα,

168 297 249 332 ὅμοια
265 296 330 324 ὄντα
343 300 398 330 τοῖς
410 299 441 325 ὲκ
455 300 504 334 τῆς
519 299 647 336 δευτέρας
663 302 715 328 τῶν
734 302 879 328 Βασιλειῶν
895 311 957 338 προ-

168 343 336 378 εκτεθείσης,
355 345 584 380 σημειωσάμενοι,
598 346 643 373 διὰ
663 347 693 373 τὸ
710 348 746 383 μὴ
769 348 867 385 πολλὴν
887 347 955 376 εἶναι

167 390 217 425 τὴν
231 389 333 416 τούτων
353 391 421 426 πρὸς
433 392 525 419 ἐκεῖνα
540 393 715 430 παραλλαγὴν
732 395 956 431 ἀρκεσθησόμεθα

167 438 224 468 τοῖς
241 437 280 468 είς
296 438 386 464 ὲκετνα
404 439 569 474 εἰρημένοις.

420 508 618 535 ΚΕΦΑΛΑΙΟΝ
641 509 702 536 ΚΔ’.

309 563 359 590 Ἐκ
374 563 430 598 τῆς
445 564 468 590 ϐ’
484 564 544 591 τῶν
563 565 837 601 Παραλειπομένων.

206 628 216 644 ί
240 617 294 645 Καὶ
314 618 371 650 νῦν,
396 619 481 655 Κύριε
500 621 514 646 6
529 620 594 652 Θεὸς
617 620 734 657 Ἰσραὴλ,
747 622 907 657 πιστωθήτω
923 623 954 658 δὴ

166 665 198 690 τὸ
212 665 287 700 ῥῆμά
300 673 357 696 σου,
373 664 387 691 ὃ
403 665 537 701 ὲλάλησας
549 665 588 701 τῷ
605 666 679 693 παιδί
693 675 740 693 σου
757 667 795 703 τῷ
810 667 900 700 Δαυὶδ,
914 668 955 694 ὅτι

167 708 275 743 ἀληθῶς
283 709 440 744 κατοικήσει
450 711 463 736 6
470 709 535 741 Θεὸς
547 710 616 745 μετὰ
624 710 773 747 ἀνθρώπων
783 712 828 738 ἐπὶ
836 712 884 747 τῆς
892 712 954 747 γῆς,

167 757 192 782 εί
209 756 222 782 6
233 756 345 791 οὐρανὸς
358 756 426 783 καὶὸ
437 756 549 792 οὐρανὸς
564 756 609 783 τοῦ
618 756 730 792 οὐρανοῦ
743 758 792 784 οὐκ
811 758 955 792 ἀρκέσουσι

168 811 220 829 σοι.
240 812 248 827 ι
268 803 322 828 Καὶ
339 803 378 834 εἰς
396 802 481 828 ταῦτα
501 802 640 838 εἰρηκότες
656 803 729 836 ἅπαξ
750 804 794 830 ὅτε
809 804 843 830 τὰ
859 805 890 831 ὲκ
906 805 955 839 τῆς

166 852 192 882 γ’
209 848 263 875 τῶν
280 848 427 875 Βασιλειῶν
445 848 603 884 ὲξεθέμεθα,
621 848 667 876 νῦν
693 850 721 875 οὺ
741 849 951 886 δευτερώσομεν.

417 916 615 942 ΚΕΦΑΛΑΙΟΝ
638 916 702 944 KE'.

173 971 225 998 Ἐκ
247 971 300 998 τοῦ
319 971 413 1006 Ἕῷιι.
438 971 469 998 '0
490 971 655 1009 Ζοροϐάϐελ
678 973 713 999 ἐν
738 972 774 1007 τῇ
793 972 956 1009 δημηγορίᾳ

456 1006 549 1034 ταῦτά
565 1014 669 1041 φησιν.

206 1074 215 1090 ι
229 1064 419 1100 Ἀνδρες,οὺχὶ
437 1065 544 1099 ἰσχυραὶ
560 1065 586 1091 αἱ
603 1066 746 1098 γυναῖκες;
762 1065 865 1101 μεγάλη
882 1066 899 1101 ἡ
920 1066 954 1101 γῆ

166 1109 215 1135 κα)⁸
232 1109 332 1144 ὑψηλὸς
347 1111 362 1136 ὁ
376 1110 501 1145 οὐρανός·
517 1110 564 1136 καὶ
583 1111 667 1145 ταχὺς
678 1110 716 1146 τῷ
733 1111 825 1146 δρόμῳ
837 1113 850 1138 6
864 1111 953 1145 ⁴ἥλιος·

166 1155 208 1184 ὅτι
233 1155 377 1190 στρέφεται
399 1156 428 1181 ἐν
441 1154 480 1189 τῷ
500 1155 592 1190 κύκλῳ
606 1154 653 1181 τοῦ
671 1155 796 1191 οὐρανοῦ,
813 1156 859 1182 καὶ
875 1156 955 1183 πάλιν

166 1202 313 1237 ἀποτρέχει
335 1202 376 1232 είς
396 1203 440 1228 τὸν
457 1201 553 1227 ἑαυτοῦ
564 1201 647 1227 τόπον
660 1202 688 1228 ἐν
702 1202 794 1237 ἡμέρᾳ
812 1203 878 1237 μιᾷθ
895 1202 955 1237 οὐχὶ

168 1249 255 1285 μέγας
275 1249 304 1280 ὃς
325 1248 411 1275 ταῦτα
440 1250 527 1280 ποιεῖ,
544 1249 590 1275 καὶ
605 1250 621 1284 ὴ
639 1248 752 1284 ἀλήθεια
777 1249 893 1285 μεγάλη,
908 1250 955 1276 καὶ

168 1296 267 1331 ίσχυρὰ
282 1295 355 1332 παρὰ
369 1295 472 1329 nivea;
490 1297 564 1322 πᾶσα
579 1297 594 1331 ἡ
611 1295 647 1330 γῆ
669 1296 717 1331 τὴν
734 1296 862 1331 ἀλήθειαν
878 1297 956 1322 καλεῖ

167 1341 217 1367 καὶ
242 1342 256 1367 6
277 1341 390 1376 οὐρανὸς
410 1340 494 1376 αὐτὴν
521 1341 640 1375 εὐλογεϊ·
658 1342 705 1368 καὶ
718 1341 807 1368 πάντα
829 1341 862 1367 τὰ
886 1341 956 1376 ἔργα

168 1387 270 1414 σείεται
285 1387 332 1414 καὶ
347 1387 444 1424 τρέμει
454 1396 460 1402 ·
476 1387 523 1414 καὶ
535 1388 585 1414 οὐκ
600 1387 657 1414 ἐστι
676 1388 733 1422 μετ’
753 1387 834 1414 αὑτοῦ
857 1388 911 1415 οὐδ’
926 1387 955 1414 ἓν

166 1432 274 1460 ἄδικον·
297 1432 388 1464 ἄδικος
398 1434 412 1459 6
425 1431 495 1465 οἶνος
505 1441 512 1448 ⁸
527 1433 618 1464 ἄδικος
636 1433 650 1458 6
669 1432 810 1468 βασιλεύς·
827 1433 912 1459 ἄδικοι
926 1433 954 1459 αι

166 1480 309 1513 γυναῖκες·
323 1479 408 1506 ἄδικοι
421 1479 445 1505 οἱ
461 1479 513 1505 υἱοὶ
527 1479 580 1505 τῶν
595 1478 759 1514 ἀνθρώπων
772 1479 819 1506 καὶ
830 1479 908 1506 ἄδικα
921 1479 955 1506 τὰ

166 1525 237 1561 ἔργα
265 1525 353 1551 αὐτῶν
384 1525 472 1551 πάντα
494 1524 529 1551 τὰ
549 1524 676 1551 τοιαῦτα·
694 1525 740 1551 καὶ
759 1525 809 1551 οὐκ
832 1525 905 1551 ἔστιν
926 1525 955 1551 ἐν

165 1570 260 1601 αὐτοῖς
274 1569 401 1605 ἀλήθεια·
418 1570 464 1596 καί
481 1570 509 1596 ὲν
525 1570 557 1604 τῇ
572 1569 662 1604 ἀδικίᾳ
672 1569 761 1595 αὐτῶν
777 1569 953 1596 ἀπολοῦνται·

167 1615 216 1642 καὶ
235 1616 252 1650 ὴ
276 1615 390 1650 ἀλήθεια
417 1615 491 1650 μένει
514 1615 554 1646 εἰς
574 1614 621 1640 τὸν
640 1613 735 1646 αἰῶνα,
751 1614 799 1641 καὶ
817 1614 902 1649 ἰσχύει
915 1615 955 1645 εἰς

165 1661 213 1688 τὸν
240 1661 335 1692 αἰῶνα,
358 1661 405 1687 καὶ
432 1660 464 1696 ζῇ
491 1660 537 1687 καὶ
557 1661 653 1695 κρατεῖ
669 1661 708 1692 είς
737 1660 781 1686 τὸν
804 1660 889 1686 αἰῶνα
907 1659 954 1686 τοῦ

166 1707 279 1739 αἰῶνος·
308 1707 356 1733 καὶ¹
383 1707 432 1733 οὐκ
456 1706 513 1732 ἐστι
541 1707 605 1742 παρ’
619 1706 687 1741 αὐτῇ
710 1706 800 1732 λαϐεῖν
822 1705 955 1741 πρόσωπα

166 1752 228 1779 οὐδὲ
244 1753 371 1788 διαφορά·
390 1753 456 1779 ἀλλὰ
474 1752 508 1778 τὰ
522 1752 613 1778 δίκαια
627 1753 697 1779 ποιεῖ
711 1751 764 1778 ἀπὸ
782 1751 889 1778 πάντων
901 1751 954 1778 τῶν

166 1799 267 1826 ἀδίκων
295 1799 341 1824 καὶ
366 1797 504 1833 πονηρῶν·
526 1797 656 1832 ἀπέχεται
682 1797 800 1828 καὶτοῖς
816 1796 956 1823 εὐδοκοῦσι

165 1846 224 1876 τοῖς
236 1844 326 1879 ἔργοις
344 1843 427 1878 αὐτῆς
437 1852 444 1858 ·
460 1843 506 1870 καὶ
518 1843 567 1869 οὐκ
583 1843 654 1868 ἐστιν
669 1843 697 1868 ἐν
715 1843 747 1877 τῇ
765 1842 854 1877 κρίσει
869 1841 955 1877 αὐτῆς

165 1889 244 1916 οὐθὲν
271 1889 379 1916 ἄδικονο
397 1889 444 1916 καὶ
468 1889 552 1924 αὐτῆς
569 1889 584 1923 ὴ
602 1889 677 1923 ἰσχὺς
695 1887 784 1914 καὶτὸ
800 1887 933 1922 βασίλειον
947 1895 953 1902 ·

166 1936 214 1962 καὶ
232 1937 247 1970 ἡ
269 1935 378 1968 ἐξουσία
393 1936 439 1961 καὶ
452 1936 467 1970 ἡ
483 1935 659 1970 μεγαλειότης
675 1934 783 1961 πάντων
797 1933 851 1960 τῶν
865 1933 896 1965 (f.
910 1933 954 1968 17)

165 1981 290 2008 αἰώνωνσ
305 1981 450 2016 εὐλογητὸς
464 1982 477 2007 6
491 1981 556 2012 Θεὸς
580 1981 628 2015 τῆς
656 1979 794 2015 ἀληθείας.
815 1989 824 2005 ι
854 1978 954 2005 “Επε“ιό

166 2028 262 2064 Σωτὴρ
279 2028 326 2055 καὶ
348 2027 450 2063 Κύριος
462 2027 550 2062 ἡμῶν,
564 2026 649 2060 Λόγος
665 2025 702 2052 ὢν
718 2025 764 2052 τοῦ
781 2025 858 2057 Θεοῦ,
876 2025 952 2060 φησὶ,

166 2074 279 2109 φέρεται
295 2072 424 2108 εἰρηκὼς,
446 2082 455 2098 ι
485 2071 554 2106 Ἐγώ
570 2072 628 2106 ειμι
643 2072 660 2106 ἡ
673 2071 796 2106 ἀλήθεια,
815 2081 825 2096 ι
843 2069 955 2102 εἰκότως

165 2120 200 2146 τὰ
227 2119 394 2154 προκείμενα
423 2116 642 2153 παρατεθείμεθα
673 2117 736 2152 περὶ
758 2116 809 2150 τῆς
827 2115 955 2150 ἀληθείας

164 2166 306 2201 δηλοῦντα,
323 2165 360 2197 ὡς
384 2165 437 2200 ἄρα
461 2164 607 2190 ὑπόστασιν
623 2172 683 2190 τινα
696 2163 770 2198 παρὰ
783 2162 827 2189 τὸν
845 2161 954 2197 Πατέρα

165 2211 229 2238 καθ’
245 2212 345 2246 ἑαυτὴν
369 2211 441 2246 ἔχει·
461 2220 470 2235 ι
495 2210 577 2237 Μένει
593 2209 657 2244 γὰρ,
682 2209 806 2244 φησὶν,ή
829 2207 953 2243 ἀλήθεια,

165 2258 213 2284 καὶ
228 2256 312 2291 ἰσχύει
327 2257 367 2287 είς
381 2256 425 2281 τὸν
441 2254 536 2287 αἰῶνα,
553 2254 600 2280 καὶ
609 2254 641 2289 ζῇ
658 2254 705 2280 καὶ
718 2254 827 2288 κρατεῖ’
843 2253 889 2278 καὶ
904 2252 953 2278 οὐκ

165 2303 225 2330 ἐστι
244 2303 308 2338 παρ’
328 2302 396 2336 αὑτῇ
416 2300 508 2327 λαϐεῖν
528 2300 670 2334 πρόσωπα,
689 2308 697 2324 ι
715 2298 762 2325 καὶ
777 2297 812 2324 τὰ
826 2297 898 2332 ἑξῆς,
912 2295 953 2329 οἷς

164 2349 291 2384 ἐπιφέρει
316 2348 379 2383 περὶ
403 2346 452 2373 τοῦ
477 2346 580 2381 Πατρός
605 2345 672 2371 Θεοῦ
702 2343 879 2380 τυγχάνοντος
905 2343 952 2370 καὶ

164 2396 249 2424 αὐτοῦ
267 2395 313 2422 τοῦ
330 2395 397 2422 Θεοῦ
409 2394 494 2428 Λόγου
508 2394 553 2420 καὶ
567 2393 616 2428 τῆς
628 2392 765 2427 ἀληθείας,
781 2401 790 2418 ι
813 2391 958 2427 εὐλογητὸς
975 2391 989 2418 6

174 2443 271 2478 Ἀμήν.

208 2491 288 2518 Ἀλλὰ
304 2491 358 2526 γὰρ
372 2489 458 2517 ταῦτα
475 2488 521 2515 καὶ
535 2488 590 2515 ἀπὸ
604 2488 654 2523 τῆς
669 2486 715 2513 τοῦ
732 2486 818 2522 Ἔζρα
835 2486 954 2522 Γραφῆς·

164 2540 221 2565 αελό
245 2545 277 2571 γε
300 2538 353 2572 μὴν
375 2537 424 2571 τῆς
444 2534 543 2570 Ἐσθὴρ
567 2533 621 2560 οὐδ’
642 2533 670 2559 ἓν
693 2533 809 2568 εὕρομεν
827 2532 890 2567 περὶ
905 2531 953 2558 τοῦ

166 2582 357 2619 προκειμένουε
379 2582 446 2618 μετὰ
468 2582 499 2616 δή
516 2589 563 2615 ,τοι
579 2580 628 2611 τὰς
653 2579 708 2606 ἀπὸ
732 2578 784 2604 τῶν
813 2577 954 2614 ἱστορικῶν

164 2629 282 2665 ι’ραφῶν
310 2628 423 2662 ἐκλογὰς
453 2628 588 2663 μετίωμεν
610 2626 655 2653 ἐπὶ
673 2625 706 2651 τὰ
723 2624 847 2659 στιχήρη,
865 2624 951 2659 ὁτιδὴ

162 2673 250 2702 ταῦτα
267 2675 322 2704 τοῖς
342 2673 446 2709 χρόνοις
461 2672 514 2698 τῶν
528 2670 628 2697 λοιπῶν
645 2669 815 2706 προφητειῶν
830 2670 951 2704 ἡγεῖται⁸

163 2719 268 2746 τούτων
285 2719 313 2745 δὲ
330 2719 426 2754 πρῶτα
440 2718 540 2753 ἴδωμεν
552 2717 586 2744 τὰ
598 2717 652 2744 ἀπὸ
663 2716 716 2742 τῶν
730 2715 863 2751 Ψαλμῶν.

1010 264 1121 292 petuum
1137 259 1171 285 “.
1186 258 1266 287 iHaac
1280 259 1380 287 similia
1396 260 1430 288 iis
1443 268 1503 295 quae
1516 261 1543 288 in
1557 263 1676 289 secundo
1690 262 1792 299 Regum

1009 305 1079 331 libro
1092 306 1247 333 notavimus
1263 306 1523 342 explanavimusque
1535 327 1542 339 ,
1557 315 1612 334 non
1627 309 1741 335 mullum
1759 309 1793 336 ab

1007 351 1111 378 eisdem
1133 351 1280 379 diﬂ‘erunt:
1304 359 1390 387 quare
1413 352 1445 379 ad
1467 353 1596 387 praedicta
1615 353 1667 382 hoc
1687 354 1714 381 in
1733 354 1793 382 loco

1010 397 1187 426 remittimus.

1285 487 1398 516 CAPUT
1418 488 1511 517 XXIV.

1151 542 1175 569 Ε
1190 543 1304 570 secundo
1325 543 1550 579 Paralipomenon
1569 546 1649 574 libro.

1045 630 1054 647 ι
1071 620 1103 648 Et
1120 629 1210 654 nunc,
1233 620 1346 650 Domine
1361 622 1433 650 Deus
1447 622 1547 656 Israel,
1563 624 1792 653 firmetursermo

1007 671 1089 699 tuus,
1114 675 1195 702 quem
1224 668 1331 696 loculus
1350 677 1380 696 es
1403 677 1482 696 servo
1503 674 1551 696 tuo
1567 670 1661 697 David.
1686 670 1792 706 Ergone

1007 714 1138 741 credibile
1152 717 1196 741 est
1213 719 1242 740 ιιι
1255 714 1361 742 habitet
1377 714 1448 743 Deus
1463 723 1524 742 cum
1541 716 1696 744 hominibus
1711 725 1793 753 super

1008 763 1127 792 terram,
1150 761 1174 787 si
1198 761 1299 787 coelum
1321 765 1348 788 et
1371 761 1433 788 emli
1459 762 1590 789 caelorum
1617 771 1670 789 non
1699 768 1723 790 te
1746 771 1792 790 ca-

1008 806 1086 841 piunt
1101 807 1145 832 '5?
1160 817 1168 832 ι
1187 805 1245 833 Jam
1262 815 1350 842 nuper
1365 815 1396 834 ea
1414 808 1440 834 in
1458 807 1561 843 Regum
1578 809 1648 836 libro
1662 810 1792 844 explana-

1007 852 1114 884 vimus,
1130 859 1180 879 nec
1195 860 1255 887 quae
1273 852 1395 880 diximus
1411 853 1535 880 iteranda
1549 861 1701 881 censemus.

1281 919 1397 948 CAPUT
1428 921 1511 949 XXV.

1007 976 1049 1003 Ea:
1066 976 1160 1004 Esdra:
1174 976 1251 1004 libro.
1273 976 1338 1004 Hau:
1354 977 1502 1004 Zorobabel
1515 985 1604 1004 coram
1618 978 1714 1013 popqu
1734 987 1792 1005 con-

1290 1012 1412 1039 cinnatus
1427 1012 1501 1040 dicit.

1044 1078 1052 1094 ι
1069 1068 1090 1096 0
1108 1069 1169 1101 viri,
1185 1075 1276 1096 nonne
1302 1069 1385 1096 fortes
1401 1073 1465 1096 sunt
1475 1069 1626 1097 mulieres?
1642 1069 1737 1105 Magna
1749 1074 1791 1098 est

1005 1118 1094 1145 terra.
1120 1120 1147 1143 et
1171 1116 1309 1143 excelsum
1332 1119 1374 1143 est
1396 1116 1516 1142 malum:
1540 1119 1566 1143 et
1588 1116 1665 1143 velox
1691 1124 1790 1145 cursus

1007 1161 1074 1188 solis
1095 1162 1232 1189 convertit
1250 1163 1276 1188 in
1301 1168 1367 1196 gyro
1390 1162 1490 1187 cmlum
1512 1161 1539 1188 in
1558 1161 1646 1188 locum
1670 1170 1748 1190 suum
1763 1163 1791 1189 i:

1007 1211 1061 1233 una
1085 1206 1140 1234 die.
1167 1207 1264 1234 Nonne
1285 1207 1447 1242 magniﬁcus
1469 1211 1510 1234 est
1532 1208 1577 1242 qui
1594 1208 1650 1234 haec
1666 1207 1747 1239 facit,
1763 1212 1791 1235 et

1006 1251 1109 1278 veritas
1133 1259 1249 1287 magna,
1273 1257 1299 1280 et
1324 1252 1421 1280 fortior
1444 1261 1499 1287 pra}
1523 1252 1672 1280 omnibus?
1694 1251 1791 1280 Omnis

1006 1300 1080 1323 terra
1096 1297 1238 1324 veritatem
1256 1297 1381 1328 invocat,
1397 1298 1496 1324 ccelum
1511 1297 1593 1324 etiam
1609 1297 1697 1332 ipsam
1710 1297 1791 1324 bene-

1005 1342 1090 1372 dicit,
1106 1345 1132 1369 et
1147 1342 1239 1369 omnia
1255 1349 1338 1377 opera
1353 1346 1508 1373 moventur,
1524 1345 1550 1369 ct
1571 1345 1691 1368 tremunt
1711 1350 1770 1368 eam
1783 1361 1790 1373 ,

1008 1392 1035 1415 et
1049 1396 1103 1415 non
1119 1392 1162 1416 est
1176 1396 1238 1415 cum
1253 1396 1285 1415 ea
1300 1388 1449 1423 quidquam
1465 1389 1599 1423 iniquum.
1621 1387 1721 1414 Vinum
1740 1388 1792 1414 ini-

1007 1443 1091 1469 quum
1104 1455 1110 1467 ,
1127 1435 1238 1470 iniquus
1251 1443 1298 1462 rex
1309 1455 1316 1467 ,
1333 1435 1432 1470 iniquae
1445 1435 1587 1467 mulieres,
1601 1435 1686 1469 iniqui
1697 1442 1792 1462 omnes

1008 1480 1056 1506 lilii
1071 1480 1213 1508 hominum
1224 1501 1231 1514 ,
1247 1485 1274 1508 et
1297 1481 1388 1516 iniqua
1406 1481 1514 1508 illorum
1537 1482 1627 1508 omnia
1648 1488 1748 1516 opera,
1764 1484 1792 1507 et

1008 1533 1062 1552 non
1080 1529 1122 1552 est
1135 1525 1163 1552 in
1178 1526 1245 1560 ipsis
1263 1526 1366 1554 veritas
1378 1547 1385 1559 ,
1404 1530 1431 1553 et
1449 1527 1475 1553 in
1499 1534 1548 1553 sua
1566 1526 1711 1560 iniquitate
1731 1533 1792 1560 per-

1008 1571 1087 1598 ibunt
1100 1581 1106 1597 :
1121 1576 1147 1598 et
1163 1572 1264 1599 veritas
1279 1576 1389 1604 manet,
1402 1576 1428 1599 et
1445 1572 1584 1599 invalescit
1600 1573 1626 1598 in
1640 1576 1770 1599 aeternum
1783 1591 1791 1603 ,

1006 1621 1032 1644 et
1047 1617 1113 1644 vivit
1125 1637 1131 1648 ,
1147 1621 1174 1644 et
1189 1617 1297 1644 obtinet
1314 1617 1339 1644 in
1357 1617 1456 1644 smcula
1478 1618 1651 1644 saeculorum.
1673 1616 1727 1644 Nec
1749 1620 1792 1643 est

1006 1661 1077 1697 apud
1095 1668 1154 1688 eam
1173 1662 1298 1696 accipere
1318 1670 1467 1697 personas,
1489 1670 1578 1697 neque
1601 1662 1789 1689 differentias:

1006 1707 1051 1735 sed
1068 1715 1129 1742 qua).
1141 1707 1216 1741 justa
1245 1711 1309 1734 sunt
1324 1706 1390 1734 facit
1406 1707 1533 1734 omnibus
1543 1728 1549 1737 ,
1568 1707 1678 1741 injustis
1689 1714 1720 1733 ac
1734 1714 1791 1733 ma-

1005 1752 1102 1787 lignis.
1118 1755 1145 1779 et
1161 1760 1256 1780 omnes
1270 1752 1452 1788 benignanlur
1469 1753 1496 1779 in
1522 1753 1650 1787 operibus
1670 1752 1739 1786 ejus.
1759 1751 1791 1778 Et

1005 1805 1060 1824 non
1074 1801 1116 1824 est
1132 1798 1159 1824 in
1174 1797 1278 1832 judicio
1292 1796 1353 1832 ejus
1370 1796 1509 1832 iniquum,
1531 1796 1577 1823 sed
1600 1795 1747 1826 fortitudo,
1764 1799 1791 1821 et

1005 1849 1130 1877 regnum,
1143 1847 1169 1869 et
1178 1845 1310 1876 potestas,
1323 1845 1350 1868 et
1366 1841 1495 1875 majestas
1516 1841 1636 1867 omnium
1657 1847 1788 1866 eevorum.

1007 1887 1170 1915 Benedictus
1190 1886 1261 1914 Deus
1282 1887 1404 1914 veritatis
1417 1887 1449 1913 '°.
1466 1896 1475 1912 ›
1499 1885 1647 1920 Postquam
1666 1885 1790 1912 Salvator

1006 1938 1034 1961 et
1048 1933 1179 1960 Dominus
1202 1938 1307 1966 noster,
1335 1933 1380 1968 qui
1405 1932 1452 1959 Dei
1468 1932 1587 1959 Verbum
1607 1936 1665 1963 est,
1687 1931 1791 1958 dixisse

1005 1979 1113 2007 fertur:
1136 1988 1145 2004 ι
1164 1978 1220 2014 Ego
1245 1987 1305 2006 sum
1332 1979 1434 2006 veritas
1448 1979 1485 2010 ³⁷,
1506 1988 1514 2003 ι
1530 1980 1628 2005 merito
1651 1977 1790 2011 prmcitata

1005 2026 1189 2061 intelligemus
1203 2026 1281 2061 quasi
1295 2025 1329 2052 de
1343 2026 1458 2052 veritate
1471 2023 1686 2051 demonstrantia
1697 2042 1704 2054 ,
1716 2021 1790 2056 quod

1005 2071 1188 2099 substantiam
1205 2071 1275 2105 apud
1288 2071 1396 2098 Patrem
1412 2078 1460 2105 per
1475 2071 1591 2104 seipsam
1603 2069 1695 2096 habet.
1709 2078 1719 2093 ι
1733 2066 1790 2094 Ma-

1006 2121 1052 2145 net
1066 2118 1157 2151 enim,
1171 2118 1225 2150 ait,
1238 2117 1350 2150 veritas,
1364 2121 1391 2145 et
1407 2116 1549 2144 invalescit
1560 2116 1588 2142 in
1601 2119 1732 2142 aeternum
1744 2133 1752 2146 ,
1763 2116 1790 2140 et

1005 2163 1091 2194 vivit,
1113 2166 1140 2189 et
1155 2162 1261 2189 obtinet
1278 2182 1284 2188 .
1303 2181 1310 2188 .
1328 2183 1335 2189 .
1352 2169 1402 2189 nec
1423 2165 1464 2189 est
1490 2159 1560 2195 apud
1584 2167 1643 2186 eam
1668 2159 1790 2193 accipere

1007 2214 1139 2240 personas
1149 2225 1156 2237 ,
1169 2215 1178 2231 ι
1195 2209 1223 2233 et
1238 2211 1334 2233 czetera
1344 2226 1351 2239 ,
1369 2206 1468 2241 quibus
1485 2205 1559 2232 addit
1573 2204 1607 2232 de
1623 2204 1702 2231 Patre
1718 2203 1772 2230 Dco
1782 2222 1790 2235 ,

1007 2254 1120 2287 ipsoque
1136 2253 1189 2280 Deo
1204 2252 1293 2281 Verbo
1304 2272 1311 2284 ,
1326 2257 1353 2280 et
1368 2253 1501 2280 veritate:
1517 2262 1525 2277 ι
1542 2251 1705 2279 Benedictus
1720 2249 1790 2277 Deus

1006 2299 1144 2331 veritatis,
1162 2308 1171 2324 ι
1185 2300 1284 2334 quibus
1301 2303 1328 2326 et
1342 2299 1394 2334 ipsi
1412 2299 1562 2326 addemus:
1581 2297 1678 2325 Amen.

1017 2391 1083 2422 Θεὸς
1097 2391 1147 2426 τῆς
1162 2390 1300 2427 ἀληθείας,
1319 2400 1328 2416 ι
1346 2387 1369 2424 ᾧ
1387 2391 1433 2418 καὶ
1449 2390 1525 2416 αὐτοὶ
1544 2389 1733 2425 προσθήσομεν
1749 2388 1788 2422 τὺ,

1043 2485 1107 2513 llaec
1127 2489 1191 2512 sunt
1214 2484 1247 2511 de
1270 2484 1361 2512 Esdrze
1384 2484 1472 2516 libro;
1488 2483 1514 2510 in
1527 2482 1596 2509 libro
1613 2481 1710 2509 Esther
1723 2481 1789 2509 nihil

1010 2532 1082 2566 quod
1100 2531 1133 2558 ad
1151 2530 1320 2566 propositum
1337 2533 1450 2564 spectet,
1468 2528 1631 2555 invenimus.
1651 2527 1788 2555 Absolutis

1010 2576 1094 2611 igitur
1117 2575 1311 2603 historical-um
1335 2573 1538 2608 Scripturarum
1559 2572 1670 2606 eclogis,
1693 2572 1727 2598 ad
1758 2579 1789 2599 ea

1008 2630 1068 2656 qua:
1097 2621 1222 2648 versibus
1249 2620 1350 2654 scripta
1373 2623 1437 2646 sunt
1465 2622 1649 2650 transeamus,
1673 2625 1743 2652 quae,
1766 2617 1788 2644 si

1007 2673 1160 2703 temporum
1181 2670 1304 2695 servetur
1327 2666 1412 2698 ordo,
1429 2666 1533 2693 caeteris
1550 2665 1699 2701 prophetiis
1715 2670 1788 2693 ante-

1005 2718 1080 2742 eunt.
1098 2713 1120 2740 A
1130 2713 1248 2740 Psalmis
1259 2713 1341 2748 igitur
1356 2711 1539 2740 exordiantur.

201 2801 224 2817 "
245 2800 252 2827 I
271 2799 359 2828 Paral.
379 2807 452 2830 xvn,
473 2799 559 2827 ιι-η.
597 2799 620 2813 ⁹⁷⁵
640 2797 662 2825 li
678 2797 766 2825 Paral.
785 2805 827 2828 v1,
847 2797 888 2823 i7.
927 2797 948 2811 ’³⁵

1021 2796 1099 2824 Ιζειιτ.
1114 2803 1150 2825 iv.
1171 2794 1263 2823 54-40.
1304 2795 1325 2810 ⁸⁷
1346 2792 1423 2821 Ioan.
1442 2801 1497 2826 ιιν,
1514 2792 1542 2821 6.
