  <div class='ocr_page' id='page_1' title='image "/cluster/home/n/w/nwhite01/storage/ocr_20150623/22/njp.32101077772497/621.png"; bbox 0 0 2037 3215; ppageno 0'>
   <div class='ocr_carea' id='block_1_1' title="bbox 277 212 341 238">
    <p class='ocr_par' dir='ltr' id='par_1_1' title="bbox 277 212 341 238">
     <span class='ocr_line' id='line_1_1' title="bbox 277 212 341 238; baseline 0 0"><span class='ocrx_word' id='word_1_1' title='bbox 277 212 341 238; x_wconf 75' lang='grc'><strong>1091</strong></span> 
     </span>
    </p>
   </div>
   <div class='ocr_carea' id='block_1_2' title="bbox 635 203 1563 236">
    <p class='ocr_par' dir='ltr' id='par_1_2' title="bbox 635 203 1563 236">
     <span class='ocr_line' id='line_1_2' title="bbox 635 203 1563 236; baseline -0.003 0"><span class='ocrx_word' id='word_1_2' title='bbox 635 208 770 236; x_wconf 80' lang='lat' dir='ltr'><strong>EUSEBII</strong></span> <span class='ocrx_word' id='word_1_3' title='bbox 790 206 1032 236; x_wconf 68' lang='lat' dir='ltr'><strong>CAESARIENSIS</strong></span> <span class='ocrx_word' id='word_1_4' title='bbox 1051 203 1126 234; x_wconf 79' lang='grc' dir='ltr'><strong>ΟΡΡ.</strong></span> <span class='ocrx_word' id='word_1_5' title='bbox 1147 205 1237 234; x_wconf 78' lang='lat' dir='ltr'><strong>PARS</strong></span> <span class='ocrx_word' id='word_1_6' title='bbox 1258 205 1300 233; x_wconf 91' lang='lat' dir='ltr'><strong>lll.</strong></span> <span class='ocrx_word' id='word_1_7' title='bbox 1321 221 1354 226; x_wconf 92' lang='lat'><strong>—</strong></span> <span class='ocrx_word' id='word_1_8' title='bbox 1370 205 1563 234; x_wconf 71' lang='lat' dir='ltr'><strong>EXECETICA</strong></span> 
     </span>
    </p>
   </div>
   <div class='ocr_carea' id='block_1_3' title="bbox 1835 207 1906 234">
    <p class='ocr_par' dir='ltr' id='par_1_3' title="bbox 1835 207 1906 234">
     <span class='ocr_line' id='line_1_3' title="bbox 1835 207 1906 234; baseline 0 0"><span class='ocrx_word' id='word_1_9' title='bbox 1835 207 1906 234; x_wconf 67' lang='lat'><strong>109?.</strong></span> 
     </span>
    </p>
   </div>
   <div class='ocr_carea' id='block_1_4' title="bbox 276 261 1060 307">
    <p class='ocr_par' dir='ltr' id='par_1_4' title="bbox 276 263 1060 307">
     <span class='ocr_line' id='line_1_4' title="bbox 276 263 1060 307; baseline -0.004 -15"><span class='ocrx_word' id='word_1_10' title='bbox 276 267 314 307; x_wconf 66' lang='lat' dir='ltr'><strong>sit</strong></span> <span class='ocrx_word' id='word_1_11' title='bbox 327 270 354 293; x_wconf 93' lang='lat' dir='ltr'><strong>et</strong></span> <span class='ocrx_word' id='word_1_12' title='bbox 369 265 559 294; x_wconf 82' lang='lat' dir='ltr'><strong>rarissimum?</strong></span> <span class='ocrx_word' id='word_1_13' title='bbox 583 264 671 292; x_wconf 88' lang='lat' dir='ltr'><strong>Mente</strong></span> <span class='ocrx_word' id='word_1_14' title='bbox 695 265 777 291; x_wconf 88' lang='lat' dir='ltr'><strong>etiam</strong></span> <span class='ocrx_word' id='word_1_15' title='bbox 801 263 1060 298; x_wconf 61' lang='lat' dir='ltr'><strong>amplificatunlaus</strong></span> 
     </span>
    </p>
   </div>
   <div class='ocr_carea' id='block_1_5' title="bbox 1112 261 1907 307">
    <p class='ocr_par' dir='ltr' id='par_1_5' title="bbox 1120 261 1907 299">
     <span class='ocr_line' id='line_1_5' title="bbox 1120 261 1907 299; baseline 0.005 -12"><span class='ocrx_word' id='word_1_16' title='bbox 1120 261 1187 296; x_wconf 84' lang='grc' dir='ltr'><strong>μηδέ</strong></span> <span class='ocrx_word' id='word_1_17' title='bbox 1206 261 1258 297; x_wconf 84' lang='grc' dir='ltr'>μὴν</span> <span class='ocrx_word' id='word_1_18' title='bbox 1274 261 1341 293; x_wconf 84' lang='grc' dir='ltr'><strong>ὅλως</strong></span> <span class='ocrx_word' id='word_1_19' title='bbox 1358 262 1485 297; x_wconf 71' lang='grc' dir='ltr'>ἐπιόῆναι</span> <span class='ocrx_word' id='word_1_20' title='bbox 1503 261 1551 297; x_wconf 79' lang='grc' dir='ltr'>τὴν</span> <span class='ocrx_word' id='word_1_21' title='bbox 1566 263 1663 297; x_wconf 80' lang='grc' dir='ltr'>ἀρχὴν,</span> <span class='ocrx_word' id='word_1_22' title='bbox 1685 262 1751 298; x_wconf 81' lang='grc' dir='ltr'><strong>μηδέ</strong></span> <span class='ocrx_word' id='word_1_23' title='bbox 1763 264 1860 299; x_wconf 76' lang='grc' dir='ltr'>στῆναι</span> <span class='ocrx_word' id='word_1_24' title='bbox 1877 265 1907 291; x_wconf 86' lang='grc' dir='ltr'><strong>ἐν</strong></span> 
     </span>
    </p>
   </div>
   <div class='ocr_carea' id='block_1_6' title="bbox 278 308 1068 347">
    <p class='ocr_par' dir='ltr' id='par_1_6' title="bbox 278 308 1068 347">
     <span class='ocr_line' id='line_1_6' title="bbox 278 308 1068 347; baseline -0.006 -7"><span class='ocrx_word' id='word_1_25' title='bbox 278 313 329 340; x_wconf 91' lang='lat' dir='ltr'><strong>viri</strong></span> <span class='ocrx_word' id='word_1_26' title='bbox 343 313 376 340; x_wconf 91' lang='lat' dir='ltr'><strong>de</strong></span> <span class='ocrx_word' id='word_1_27' title='bbox 389 320 443 347; x_wconf 88' lang='lat' dir='ltr'><strong>quo</strong></span> <span class='ocrx_word' id='word_1_28' title='bbox 460 311 504 338; x_wconf 91' lang='lat' dir='ltr'><strong>hic</strong></span> <span class='ocrx_word' id='word_1_29' title='bbox 516 310 619 338; x_wconf 92' lang='lat' dir='ltr'><strong>mentio</strong></span> <span class='ocrx_word' id='word_1_30' title='bbox 635 310 760 337; x_wconf 84' lang='lat' dir='ltr'><strong>habetur.</strong></span> <span class='ocrx_word' id='word_1_31' title='bbox 785 308 878 344; x_wconf 81' lang='lat' dir='ltr'><strong>Neque</strong></span> <span class='ocrx_word' id='word_1_32' title='bbox 900 309 972 336; x_wconf 91' lang='lat' dir='ltr'><strong>enim</strong></span> <span class='ocrx_word' id='word_1_33' title='bbox 991 308 1068 341; x_wconf 85' lang='lat' dir='ltr'><strong>abiit,</strong></span> 
     </span>
    </p>
   </div>
   <div class='ocr_carea' id='block_1_7' title="bbox 278 354 1068 393">
    <p class='ocr_par' dir='ltr' id='par_1_7' title="bbox 278 354 1068 393">
     <span class='ocr_line' id='line_1_7' title="bbox 278 354 1068 393; baseline -0.006 -8"><span class='ocrx_word' id='word_1_34' title='bbox 278 360 326 390; x_wconf 85' lang='lat' dir='ltr'><strong>ait,</strong></span> <span class='ocrx_word' id='word_1_35' title='bbox 342 365 430 393; x_wconf 87' lang='lat' dir='ltr'><strong>neque</strong></span> <span class='ocrx_word' id='word_1_36' title='bbox 446 358 532 389; x_wconf 84' lang='lat' dir='ltr'><strong>stetit,</strong></span> <span class='ocrx_word' id='word_1_37' title='bbox 551 364 639 391; x_wconf 86' lang='lat' dir='ltr'><strong>neque</strong></span> <span class='ocrx_word' id='word_1_38' title='bbox 659 356 730 384; x_wconf 97' lang='lat' dir='ltr'><strong>sedit</strong></span> <span class='ocrx_word' id='word_1_39' title='bbox 751 355 779 382; x_wconf 93' lang='lat' dir='ltr'><strong>in</strong></span> <span class='ocrx_word' id='word_1_40' title='bbox 795 355 894 382; x_wconf 90' lang='lat' dir='ltr'><strong>talibus</strong></span> <span class='ocrx_word' id='word_1_41' title='bbox 911 354 1068 390; x_wconf 88' lang='lat' dir='ltr'><strong>improbita-</strong></span> 
     </span>
    </p>
   </div>
   <div class='ocr_carea' id='block_1_8' title="bbox 276 400 1069 438">
    <p class='ocr_par' dir='ltr' id='par_1_8' title="bbox 276 400 1069 438">
     <span class='ocr_line' id='line_1_8' title="bbox 276 400 1069 438; baseline -0.005 -8"><span class='ocrx_word' id='word_1_42' title='bbox 276 404 312 430; x_wconf 88' lang='lat' dir='ltr'><strong>tis</strong></span> <span class='ocrx_word' id='word_1_43' title='bbox 328 403 471 438; x_wconf 78' lang='lat' dir='ltr'><strong>speciebus</strong></span> <span class='ocrx_word' id='word_1_44' title='bbox 486 411 492 429; x_wconf 89' lang='lat'>:</span> <span class='ocrx_word' id='word_1_45' title='bbox 507 409 592 436; x_wconf 89' lang='lat' dir='ltr'><strong>quare</strong></span> <span class='ocrx_word' id='word_1_46' title='bbox 600 400 681 428; x_wconf 87' lang='lat' dir='ltr'><strong>nobis</strong></span> <span class='ocrx_word' id='word_1_47' title='bbox 691 401 801 428; x_wconf 69' lang='lat' dir='ltr'><strong>videtur</strong></span> <span class='ocrx_word' id='word_1_48' title='bbox 814 401 857 427; x_wconf 90' lang='lat' dir='ltr'><strong>hic</strong></span> <span class='ocrx_word' id='word_1_49' title='bbox 869 404 969 428; x_wconf 71' lang='lat' dir='ltr'><strong>aeterne</strong></span> <span class='ocrx_word' id='word_1_50' title='bbox 987 403 1069 434; x_wconf 88' lang='lat' dir='ltr'><strong>atque</strong></span> 
     </span>
    </p>
   </div>
   <div class='ocr_carea' id='block_1_9' title="bbox 275 446 1068 482">
    <p class='ocr_par' dir='ltr' id='par_1_9' title="bbox 275 446 1068 482">
     <span class='ocr_line' id='line_1_9' title="bbox 275 446 1068 482; baseline -0.003 -6"><span class='ocrx_word' id='word_1_51' title='bbox 275 449 303 476; x_wconf 89' lang='lat' dir='ltr'><strong>in</strong></span> <span class='ocrx_word' id='word_1_52' title='bbox 318 449 446 476; x_wconf 78' lang='lat' dir='ltr'><strong>omnibus</strong></span> <span class='ocrx_word' id='word_1_53' title='bbox 462 448 620 482; x_wconf 63' lang='lat' dir='ltr'><strong>praecellens</strong></span> <span class='ocrx_word' id='word_1_54' title='bbox 636 447 682 474; x_wconf 90' lang='lat' dir='ltr'><strong>illo</strong></span> <span class='ocrx_word' id='word_1_55' title='bbox 699 447 778 474; x_wconf 88' lang='lat' dir='ltr'><strong>beato</strong></span> <span class='ocrx_word' id='word_1_56' title='bbox 795 447 945 481; x_wconf 75' lang='lat' dir='ltr'><strong>designari.</strong></span> <span class='ocrx_word' id='word_1_57' title='bbox 969 446 1068 474; x_wconf 81' lang='lat' dir='ltr'><strong>Multos</strong></span> 
     </span>
    </p>
   </div>
   <div class='ocr_carea' id='block_1_10' title="bbox 274 491 1068 528">
    <p class='ocr_par' dir='ltr' id='par_1_10' title="bbox 274 491 1068 528">
     <span class='ocr_line' id='line_1_10' title="bbox 274 491 1068 528; baseline -0.003 -8"><span class='ocrx_word' id='word_1_58' title='bbox 274 493 385 528; x_wconf 86' lang='lat' dir='ltr'><strong>quidem</strong></span> <span class='ocrx_word' id='word_1_59' title='bbox 414 493 507 520; x_wconf 89' lang='lat' dir='ltr'><strong>videre</strong></span> <span class='ocrx_word' id='word_1_60' title='bbox 533 497 576 520; x_wconf 86' lang='lat' dir='ltr'><strong>est</strong></span> <span class='ocrx_word' id='word_1_61' title='bbox 601 492 744 527; x_wconf 75' lang='lat' dir='ltr'><strong>diligentia</strong></span> <span class='ocrx_word' id='word_1_62' title='bbox 772 497 854 526; x_wconf 84' lang='lat' dir='ltr'><strong>atque</strong></span> <span class='ocrx_word' id='word_1_63' title='bbox 873 491 1068 518; x_wconf 83' lang='lat' dir='ltr'><strong>exercitatione</strong></span> 
     </span>
    </p>
   </div>
   <div class='ocr_carea' id='block_1_11' title="bbox 274 536 1067 574">
    <p class='ocr_par' dir='ltr' id='par_1_11' title="bbox 274 536 1067 574">
     <span class='ocr_line' id='line_1_11' title="bbox 274 536 1067 574; baseline -0.005 -7"><span class='ocrx_word' id='word_1_64' title='bbox 274 540 448 574; x_wconf 85' lang='lat' dir='ltr'><strong>conspicuos.</strong></span> <span class='ocrx_word' id='word_1_65' title='bbox 474 539 521 567; x_wconf 86' lang='lat' dir='ltr'><strong>sed</strong></span> <span class='ocrx_word' id='word_1_66' title='bbox 544 538 699 566; x_wconf 85' lang='lat' dir='ltr'><strong>istiusmodi</strong></span> <span class='ocrx_word' id='word_1_67' title='bbox 723 537 860 564; x_wconf 85' lang='lat' dir='ltr'><strong>neminem</strong></span> <span class='ocrx_word' id='word_1_68' title='bbox 877 537 999 570; x_wconf 82' lang='lat' dir='ltr'><strong>psalmus</strong></span> <span class='ocrx_word' id='word_1_69' title='bbox 1020 536 1067 563; x_wconf 60' lang='lat' dir='ltr'><strong>dev</strong></span> 
     </span>
    </p>
   </div>
   <div class='ocr_carea' id='block_1_12' title="bbox 275 583 1066 621">
    <p class='ocr_par' dir='ltr' id='par_1_12' title="bbox 275 583 1066 621">
     <span class='ocr_line' id='line_1_12' title="bbox 275 583 1066 621; baseline -0.006 -7"><span class='ocrx_word' id='word_1_70' title='bbox 275 587 381 614; x_wconf 86' lang='lat' dir='ltr'><strong>scribit.</strong></span> <span class='ocrx_word' id='word_1_71' title='bbox 423 586 452 613; x_wconf 87' lang='lat' dir='ltr'><strong>Si</strong></span> <span class='ocrx_word' id='word_1_72' title='bbox 475 586 537 621; x_wconf 89' lang='lat' dir='ltr'><strong>quis</strong></span> <span class='ocrx_word' id='word_1_73' title='bbox 562 586 635 613; x_wconf 85' lang='lat' dir='ltr'><strong>enim</strong></span> <span class='ocrx_word' id='word_1_74' title='bbox 666 585 788 612; x_wconf 85' lang='lat' dir='ltr'><strong>attendat</strong></span> <span class='ocrx_word' id='word_1_75' title='bbox 819 588 952 619; x_wconf 89' lang='lat' dir='ltr'><strong>quantum</strong></span> <span class='ocrx_word' id='word_1_76' title='bbox 979 583 1015 610; x_wconf 91' lang='lat' dir='ltr'><strong>sit</strong></span> <span class='ocrx_word' id='word_1_77' title='bbox 1039 584 1066 609; x_wconf 94' lang='lat' dir='ltr'><strong>in</strong></span> 
     </span>
    </p>
   </div>
   <div class='ocr_carea' id='block_1_13' title="bbox 274 628 1066 667">
    <p class='ocr_par' dir='ltr' id='par_1_13' title="bbox 274 628 1066 667">
     <span class='ocr_line' id='line_1_13' title="bbox 274 628 1066 667; baseline -0.008 -8"><span class='ocrx_word' id='word_1_78' title='bbox 274 632 403 659; x_wconf 92' lang='lat' dir='ltr'><strong>omnibus</strong></span> <span class='ocrx_word' id='word_1_79' title='bbox 418 639 549 667; x_wconf 78' lang='lat' dir='ltr'><strong>prospere</strong></span> <span class='ocrx_word' id='word_1_80' title='bbox 572 632 679 663; x_wconf 84' lang='lat' dir='ltr'><strong>cedere,</strong></span> <span class='ocrx_word' id='word_1_81' title='bbox 701 635 775 658; x_wconf 88' lang='lat' dir='ltr'><strong>recte</strong></span> <span class='ocrx_word' id='word_1_82' title='bbox 796 638 888 658; x_wconf 87' lang='lat' dir='ltr'><strong>coram</strong></span> <span class='ocrx_word' id='word_1_83' title='bbox 903 629 957 656; x_wconf 88' lang='lat' dir='ltr'><strong>Deo</strong></span> <span class='ocrx_word' id='word_1_84' title='bbox 971 628 1066 655; x_wconf 88' lang='lat' dir='ltr'><strong>ambu-</strong></span> 
     </span>
    </p>
   </div>
   <div class='ocr_carea' id='block_1_14' title="bbox 275 674 1066 711">
    <p class='ocr_par' dir='ltr' id='par_1_14' title="bbox 275 674 1066 711">
     <span class='ocr_line' id='line_1_14' title="bbox 275 674 1066 711; baseline -0.005 -7"><span class='ocrx_word' id='word_1_85' title='bbox 275 678 342 709; x_wconf 86' lang='lat' dir='ltr'><strong>lare,</strong></span> <span class='ocrx_word' id='word_1_86' title='bbox 365 678 392 704; x_wconf 94' lang='lat' dir='ltr'><strong>in</strong></span> <span class='ocrx_word' id='word_1_87' title='bbox 407 678 480 704; x_wconf 85' lang='lat' dir='ltr'><strong>nulla</strong></span> <span class='ocrx_word' id='word_1_88' title='bbox 497 685 526 704; x_wconf 90' lang='lat' dir='ltr'><strong>re</strong></span> <span class='ocrx_word' id='word_1_89' title='bbox 541 683 645 709; x_wconf 79' lang='lat' dir='ltr'><strong>errare,</strong></span> <span class='ocrx_word' id='word_1_90' title='bbox 664 684 752 711; x_wconf 84' lang='lat' dir='ltr'><strong>neque</strong></span> <span class='ocrx_word' id='word_1_91' title='bbox 767 683 781 703; x_wconf 91' lang='lat' dir='ltr'><strong>a</strong></span> <span class='ocrx_word' id='word_1_92' title='bbox 804 675 913 702; x_wconf 88' lang='lat' dir='ltr'><strong>virtutis</strong></span> <span class='ocrx_word' id='word_1_93' title='bbox 927 674 1066 709; x_wconf 88' lang='lat' dir='ltr'><strong>proposito</strong></span> 
     </span>
    </p>
   </div>
   <div class='ocr_carea' id='block_1_15' title="bbox 275 720 1065 756">
    <p class='ocr_par' dir='ltr' id='par_1_15' title="bbox 275 720 1065 756">
     <span class='ocr_line' id='line_1_15' title="bbox 275 720 1065 756; baseline -0.005 -6"><span class='ocrx_word' id='word_1_94' title='bbox 275 723 423 754; x_wconf 86' lang='lat' dir='ltr'><strong>declinare,</strong></span> <span class='ocrx_word' id='word_1_95' title='bbox 445 723 517 750; x_wconf 82' lang='lat' dir='ltr'><strong>sicut</strong></span> <span class='ocrx_word' id='word_1_96' title='bbox 539 722 566 749; x_wconf 93' lang='lat' dir='ltr'><strong>in</strong></span> <span class='ocrx_word' id='word_1_97' title='bbox 591 722 642 749; x_wconf 89' lang='lat' dir='ltr'><strong>hoc</strong></span> <span class='ocrx_word' id='word_1_98' title='bbox 668 722 774 756; x_wconf 83' lang='lat' dir='ltr'><strong>psalmo</strong></span> <span class='ocrx_word' id='word_1_99' title='bbox 796 721 917 748; x_wconf 90' lang='lat' dir='ltr'><strong>dicitur:</strong></span> <span class='ocrx_word' id='word_1_100' title='bbox 940 731 949 746; x_wconf 74' lang='grc' dir='ltr'><strong>ε</strong></span> <span class='ocrx_word' id='word_1_101' title='bbox 969 720 1065 748; x_wconf 84' lang='lat' dir='ltr'><strong>Omnia</strong></span> 
     </span>
    </p>
   </div>
   <div class='ocr_carea' id='block_1_16' title="bbox 275 767 1065 804">
    <p class='ocr_par' dir='ltr' id='par_1_16' title="bbox 275 767 1065 804">
     <span class='ocr_line' id='line_1_16' title="bbox 275 767 1065 804; baseline -0.003 -9"><span class='ocrx_word' id='word_1_102' title='bbox 275 776 444 804; x_wconf 70' lang='lat' dir='ltr'><strong>quzecunque</strong></span> <span class='ocrx_word' id='word_1_103' title='bbox 458 768 549 799; x_wconf 78' lang='lat' dir='ltr'><strong>faciet,</strong></span> <span class='ocrx_word' id='word_1_104' title='bbox 565 768 803 803; x_wconf 87' lang='lat' dir='ltr'><strong>prosperabuntur</strong></span> <span class='ocrx_word' id='word_1_105' title='bbox 814 769 855 797; x_wconf 71' lang='lat'><strong>9&#39;;</strong></span> <span class='ocrx_word' id='word_1_106' title='bbox 876 777 885 793; x_wconf 76' lang='grc' dir='ltr'><strong>ι</strong></span> <span class='ocrx_word' id='word_1_107' title='bbox 906 767 929 795; x_wconf 82' lang='lat' dir='ltr'><strong>si</strong></span> <span class='ocrx_word' id='word_1_108' title='bbox 941 767 1004 802; x_wconf 88' lang='lat' dir='ltr'><strong>quis</strong></span> <span class='ocrx_word' id='word_1_109' title='bbox 1019 775 1065 794; x_wconf 88' lang='lat' dir='ltr'><strong>re-</strong></span> 
     </span>
    </p>
   </div>
   <div class='ocr_carea' id='block_1_17' title="bbox 275 813 1063 849">
    <p class='ocr_par' dir='ltr' id='par_1_17' title="bbox 275 813 1063 849">
     <span class='ocr_line' id='line_1_17' title="bbox 275 813 1063 849; baseline -0.001 -9"><span class='ocrx_word' id='word_1_110' title='bbox 275 818 351 848; x_wconf 85' lang='lat' dir='ltr'><strong>putet</strong></span> <span class='ocrx_word' id='word_1_111' title='bbox 363 814 443 849; x_wconf 84' lang='lat' dir='ltr'><strong>quale</strong></span> <span class='ocrx_word' id='word_1_112' title='bbox 455 814 501 845; x_wconf 88' lang='lat' dir='ltr'><strong>sit,</strong></span> <span class='ocrx_word' id='word_1_113' title='bbox 513 814 740 848; x_wconf 67' lang='lat' dir='ltr'><strong>praedicariquasi</strong></span> <span class='ocrx_word' id='word_1_114' title='bbox 749 813 774 840; x_wconf 90' lang='lat' dir='ltr'><strong>in</strong></span> <span class='ocrx_word' id='word_1_115' title='bbox 788 813 914 841; x_wconf 89' lang='lat' dir='ltr'><strong>omnibus</strong></span> <span class='ocrx_word' id='word_1_116' title='bbox 926 813 1063 848; x_wconf 82' lang='lat' dir='ltr'><strong>propriam</strong></span> 
     </span>
    </p>
   </div>
   <div class='ocr_carea' id='block_1_18' title="bbox 273 860 1064 896">
    <p class='ocr_par' dir='ltr' id='par_1_18' title="bbox 273 860 1064 896">
     <span class='ocr_line' id='line_1_18' title="bbox 273 860 1064 896; baseline 0 -10"><span class='ocrx_word' id='word_1_117' title='bbox 273 861 439 888; x_wconf 78' lang='lat' dir='ltr'><strong>voluntatem</strong></span> <span class='ocrx_word' id='word_1_118' title='bbox 456 868 518 888; x_wconf 91' lang='lat' dir='ltr'><strong>cum</strong></span> <span class='ocrx_word' id='word_1_119' title='bbox 533 860 638 887; x_wconf 87' lang='lat' dir='ltr'><strong>Domini</strong></span> <span class='ocrx_word' id='word_1_120' title='bbox 655 861 713 896; x_wconf 75' lang='lat' dir='ltr'><strong>lege</strong></span> <span class='ocrx_word' id='word_1_121' title='bbox 733 864 945 888; x_wconf 80' lang='lat' dir='ltr'><strong>consentaneam</strong></span> <span class='ocrx_word' id='word_1_122' title='bbox 962 860 1064 886; x_wconf 88' lang='lat' dir='ltr'><strong>haben-</strong></span> 
     </span>
    </p>
   </div>
   <div class='ocr_carea' id='block_1_19' title="bbox 274 906 1063 942">
    <p class='ocr_par' dir='ltr' id='par_1_19' title="bbox 274 906 1063 942">
     <span class='ocr_line' id='line_1_19' title="bbox 274 906 1063 942; baseline -0.001 -9"><span class='ocrx_word' id='word_1_123' title='bbox 274 910 339 938; x_wconf 86' lang='lat' dir='ltr'><strong>tem,</strong></span> <span class='ocrx_word' id='word_1_124' title='bbox 349 911 430 941; x_wconf 89' lang='lat' dir='ltr'><strong>atque</strong></span> <span class='ocrx_word' id='word_1_125' title='bbox 442 914 551 941; x_wconf 89' lang='lat' dir='ltr'><strong>operam</strong></span> <span class='ocrx_word' id='word_1_126' title='bbox 567 907 722 942; x_wconf 84' lang='lat' dir='ltr'><strong>impendere</strong></span> <span class='ocrx_word' id='word_1_127' title='bbox 736 907 809 934; x_wconf 89' lang='lat' dir='ltr'><strong>illius</strong></span> <span class='ocrx_word' id='word_1_128' title='bbox 823 906 994 934; x_wconf 76' lang='lat' dir='ltr'><strong>meditationi</strong></span> <span class='ocrx_word' id='word_1_129' title='bbox 1009 913 1063 933; x_wconf 89' lang='lat' dir='ltr'><strong>non</strong></span> 
     </span>
    </p>
   </div>
   <div class='ocr_carea' id='block_1_20' title="bbox 1120 307 1906 344">
    <p class='ocr_par' dir='ltr' id='par_1_20' title="bbox 1120 307 1906 344">
     <span class='ocr_line' id='line_1_20' title="bbox 1120 307 1906 344; baseline 0.003 -11"><span class='ocrx_word' id='word_1_130' title='bbox 1120 307 1227 339; x_wconf 74' lang='grc' dir='ltr'>αὐτοῖς,</span> <span class='ocrx_word' id='word_1_131' title='bbox 1257 307 1315 339; x_wconf 82' lang='grc' dir='ltr'>πῶς</span> <span class='ocrx_word' id='word_1_132' title='bbox 1338 308 1368 334; x_wconf 77' lang='grc' dir='ltr'>οὐ</span> <span class='ocrx_word' id='word_1_133' title='bbox 1385 308 1540 343; x_wconf 82' lang='grc' dir='ltr'>θαυμαστόν</span> <span class='ocrx_word' id='word_1_134' title='bbox 1563 317 1588 335; x_wconf 88' lang='grc' dir='ltr'><strong>τι</strong></span> <span class='ocrx_word' id='word_1_135' title='bbox 1608 309 1701 344; x_wconf 80' lang='grc' dir='ltr'>χρῆμα</span> <span class='ocrx_word' id='word_1_136' title='bbox 1725 310 1772 336; x_wconf 75' lang='grc' dir='ltr'>καὶ</span> <span class='ocrx_word' id='word_1_137' title='bbox 1793 311 1906 337; x_wconf 81' lang='grc' dir='ltr'>σπάνιον</span> 
     </span>
    </p>
   </div>
   <div class='ocr_carea' id='block_1_21' title="bbox 1111 354 1918 392">
    <p class='ocr_par' dir='ltr' id='par_1_21' title="bbox 1111 354 1918 392">
     <span class='ocr_line' id='line_1_21' title="bbox 1111 354 1918 392; baseline 0.005 -13"><span class='ocrx_word' id='word_1_138' title='bbox 1111 354 1265 388; x_wconf 77' lang='grc' dir='ltr'><strong>¹τυγ)(άνει;</strong></span> <span class='ocrx_word' id='word_1_139' title='bbox 1290 354 1458 389; x_wconf 83' lang='grc' dir='ltr'>Παρίσταται</span> <span class='ocrx_word' id='word_1_140' title='bbox 1476 354 1504 380; x_wconf 83' lang='grc' dir='ltr'><strong>δὲ</strong></span> <span class='ocrx_word' id='word_1_141' title='bbox 1520 354 1619 390; x_wconf 82' lang='grc' dir='ltr'>μᾶλλον</span> <span class='ocrx_word' id='word_1_142' title='bbox 1641 357 1673 390; x_wconf 86' lang='grc' dir='ltr'>τῇ</span> <span class='ocrx_word' id='word_1_143' title='bbox 1695 355 1799 391; x_wconf 67' lang='grc' dir='ltr'>διανοίᾳ</span> <span class='ocrx_word' id='word_1_144' title='bbox 1817 365 1918 392; x_wconf 66' lang='grc' dir='ltr'><strong>’παρα-⁸</strong></span> 
     </span>
    </p>
   </div>
   <div class='ocr_carea' id='block_1_22' title="bbox 1118 399 1907 438">
    <p class='ocr_par' dir='ltr' id='par_1_22' title="bbox 1118 399 1907 438">
     <span class='ocr_line' id='line_1_22' title="bbox 1118 399 1907 438; baseline 0.005 -13"><span class='ocrx_word' id='word_1_145' title='bbox 1118 399 1236 431; x_wconf 78' lang='grc' dir='ltr'>τατικῶς</span> <span class='ocrx_word' id='word_1_146' title='bbox 1256 399 1389 435; x_wconf 76' lang='grc' dir='ltr'><strong>εἰρημένα</strong></span> <span class='ocrx_word' id='word_1_147' title='bbox 1405 400 1439 426; x_wconf 81' lang='grc' dir='ltr'>τὰ</span> <span class='ocrx_word' id='word_1_148' title='bbox 1457 399 1504 426; x_wconf 74' lang='grc' dir='ltr'>τοῦ</span> <span class='ocrx_word' id='word_1_149' title='bbox 1520 400 1683 436; x_wconf 85' lang='grc' dir='ltr'>δηλουμένου</span> <span class='ocrx_word' id='word_1_150' title='bbox 1705 401 1801 438; x_wconf 79' lang='grc' dir='ltr'>ἀνδρὸς</span> <span class='ocrx_word' id='word_1_151' title='bbox 1818 402 1907 436; x_wconf 75' lang='grc' dir='ltr'>ἐγχώ-</span> 
     </span>
    </p>
   </div>
   <div class='ocr_carea' id='block_1_23' title="bbox 1119 444 1906 484">
    <p class='ocr_par' dir='ltr' id='par_1_23' title="bbox 1119 444 1906 484">
     <span class='ocr_line' id='line_1_23' title="bbox 1119 444 1906 484; baseline 0.005 -13"><span class='ocrx_word' id='word_1_152' title='bbox 1119 454 1169 480; x_wconf 90' lang='grc' dir='ltr'><strong>μια</strong></span> <span class='ocrx_word' id='word_1_153' title='bbox 1179 454 1185 459; x_wconf 88' lang='grc'>·</span> <span class='ocrx_word' id='word_1_154' title='bbox 1204 444 1264 471; x_wconf 78' lang='grc' dir='ltr'>οὔτε</span> <span class='ocrx_word' id='word_1_155' title='bbox 1279 445 1332 480; x_wconf 82' lang='grc' dir='ltr'><strong>γὰρ</strong></span> <span class='ocrx_word' id='word_1_156' title='bbox 1349 445 1492 481; x_wconf 80' lang='grc' dir='ltr'>ἐπορεύθη,</span> <span class='ocrx_word' id='word_1_157' title='bbox 1508 447 1600 482; x_wconf 80' lang='grc' dir='ltr'>φησὶν,</span> <span class='ocrx_word' id='word_1_158' title='bbox 1614 447 1668 473; x_wconf 69' lang='grc' dir='ltr'><strong>οὔτ’</strong></span> <span class='ocrx_word' id='word_1_159' title='bbox 1681 447 1760 484; x_wconf 40' lang='grc' dir='ltr'>ἔστη..</span> <span class='ocrx_word' id='word_1_160' title='bbox 1771 447 1826 474; x_wconf 69' lang='grc' dir='ltr'>οὔτ’</span> <span class='ocrx_word' id='word_1_161' title='bbox 1839 448 1906 475; x_wconf 76' lang='grc' dir='ltr'>ἐκά-</span> 
     </span>
    </p>
   </div>
   <div class='ocr_carea' id='block_1_24' title="bbox 1118 491 1907 528">
    <p class='ocr_par' dir='ltr' id='par_1_24' title="bbox 1118 491 1907 528">
     <span class='ocr_line' id='line_1_24' title="bbox 1118 491 1907 528; baseline 0.005 -11"><span class='ocrx_word' id='word_1_162' title='bbox 1118 491 1192 517; x_wconf 84' lang='grc' dir='ltr'>θισεν</span> <span class='ocrx_word' id='word_1_163' title='bbox 1219 493 1247 518; x_wconf 84' lang='grc' dir='ltr'><strong>ἐν</strong></span> <span class='ocrx_word' id='word_1_164' title='bbox 1273 493 1329 523; x_wconf 83' lang='grc' dir='ltr'>τοῖς</span> <span class='ocrx_word' id='word_1_165' title='bbox 1360 493 1473 519; x_wconf 82' lang='grc' dir='ltr'>τοιοῖσδε</span> <span class='ocrx_word' id='word_1_166' title='bbox 1498 493 1548 528; x_wconf 78' lang='grc' dir='ltr'>τῆς</span> <span class='ocrx_word' id='word_1_167' title='bbox 1571 492 1669 524; x_wconf 85' lang='grc' dir='ltr'>κακίας</span> <span class='ocrx_word' id='word_1_168' title='bbox 1700 493 1792 527; x_wconf 84' lang='grc' dir='ltr'>εἴδεσι,</span> <span class='ocrx_word' id='word_1_169' title='bbox 1823 494 1856 520; x_wconf 81' lang='grc' dir='ltr'><strong>δι’</strong></span> <span class='ocrx_word' id='word_1_170' title='bbox 1870 491 1907 521; x_wconf 78' lang='grc' dir='ltr'><strong>ὢν</strong></span> 
     </span>
    </p>
   </div>
   <div class='ocr_carea' id='block_1_25' title="bbox 1117 536 1907 575">
    <p class='ocr_par' dir='ltr' id='par_1_25' title="bbox 1117 536 1907 575">
     <span class='ocr_line' id='line_1_25' title="bbox 1117 536 1907 575; baseline 0.006 -14"><span class='ocrx_word' id='word_1_171' title='bbox 1117 536 1280 571; x_wconf 72' lang='grc' dir='ltr'><strong>ἐμφαίνεται</strong></span> <span class='ocrx_word' id='word_1_172' title='bbox 1293 538 1310 572; x_wconf 84' lang='grc' dir='ltr'>ἡ</span> <span class='ocrx_word' id='word_1_173' title='bbox 1325 537 1356 563; x_wconf 84' lang='grc' dir='ltr'><strong>ἐκ</strong></span> <span class='ocrx_word' id='word_1_174' title='bbox 1370 537 1417 563; x_wconf 68' lang='grc' dir='ltr'><strong>τοῦ</strong></span> <span class='ocrx_word' id='word_1_175' title='bbox 1433 538 1477 563; x_wconf 83' lang='grc' dir='ltr'><strong>ἀεὶ</strong></span> <span class='ocrx_word' id='word_1_176' title='bbox 1492 538 1538 564; x_wconf 85' lang='grc' dir='ltr'><strong>καί</strong></span> <span class='ocrx_word' id='word_1_177' title='bbox 1550 537 1592 564; x_wconf 82' lang='grc' dir='ltr'><strong>διὰ</strong></span> <span class='ocrx_word' id='word_1_178' title='bbox 1607 538 1706 570; x_wconf 77' lang='grc' dir='ltr'>παντὸς</span> <span class='ocrx_word' id='word_1_179' title='bbox 1720 540 1847 575; x_wconf 81' lang='grc' dir='ltr'>ἐνάρετος</span> <span class='ocrx_word' id='word_1_180' title='bbox 1859 540 1907 566; x_wconf 73' lang='grc' dir='ltr'>τοῦ</span> 
     </span>
    </p>
   </div>
   <div class='ocr_carea' id='block_1_26' title="bbox 1119 582 1908 620">
    <p class='ocr_par' dir='ltr' id='par_1_26' title="bbox 1119 582 1908 620">
     <span class='ocr_line' id='line_1_26' title="bbox 1119 582 1908 620; baseline 0.005 -12"><span class='ocrx_word' id='word_1_181' title='bbox 1119 582 1337 618; x_wconf 78' lang='grc' dir='ltr'>μακαριζομένου</span> <span class='ocrx_word' id='word_1_182' title='bbox 1364 583 1537 615; x_wconf 82' lang='grc' dir='ltr'>κατάστασις.</span> <span class='ocrx_word' id='word_1_183' title='bbox 1568 584 1684 616; x_wconf 79' lang='grc' dir='ltr'>Πολλοὺς</span> <span class='ocrx_word' id='word_1_184' title='bbox 1713 585 1761 620; x_wconf 83' lang='grc' dir='ltr'>μὲν</span> <span class='ocrx_word' id='word_1_185' title='bbox 1779 583 1826 612; x_wconf 77' lang='grc' dir='ltr'>οὖν</span> <span class='ocrx_word' id='word_1_186' title='bbox 1843 587 1908 617; x_wconf 78' lang='grc' dir='ltr'>τοὺς</span> 
     </span>
    </p>
   </div>
   <div class='ocr_carea' id='block_1_27' title="bbox 1116 628 1906 666">
    <p class='ocr_par' dir='ltr' id='par_1_27' title="bbox 1116 628 1906 666">
     <span class='ocr_line' id='line_1_27' title="bbox 1116 628 1906 666; baseline 0.005 -13"><span class='ocrx_word' id='word_1_187' title='bbox 1116 628 1148 654; x_wconf 78' lang='grc' dir='ltr'><strong>ἐκ</strong></span> <span class='ocrx_word' id='word_1_188' title='bbox 1161 629 1297 663; x_wconf 80' lang='grc' dir='ltr'><strong>προσοχῆς</strong></span> <span class='ocrx_word' id='word_1_189' title='bbox 1307 629 1354 655; x_wconf 74' lang='grc' dir='ltr'><strong>καὶ</strong></span> <span class='ocrx_word' id='word_1_190' title='bbox 1365 629 1507 664; x_wconf 79' lang='grc' dir='ltr'>ἀσκήσεως</span> <span class='ocrx_word' id='word_1_191' title='bbox 1520 630 1735 666; x_wconf 85' lang='grc' dir='ltr'>κατωρθωκότας</span> <span class='ocrx_word' id='word_1_192' title='bbox 1748 631 1797 657; x_wconf 71' lang='grc' dir='ltr'>ἴδοι</span> <span class='ocrx_word' id='word_1_193' title='bbox 1810 631 1842 658; x_wconf 78' lang='grc' dir='ltr'>ἄν</span> <span class='ocrx_word' id='word_1_194' title='bbox 1853 640 1906 662; x_wconf 87' lang='grc' dir='ltr'>τις,</span> 
     </span>
    </p>
   </div>
   <div class='ocr_carea' id='block_1_28' title="bbox 1115 674 1905 713">
    <p class='ocr_par' dir='ltr' id='par_1_28' title="bbox 1115 674 1905 713">
     <span class='ocr_line' id='line_1_28' title="bbox 1115 674 1905 713; baseline 0.005 -14"><span class='ocrx_word' id='word_1_195' title='bbox 1115 674 1209 700; x_wconf 74' lang='grc' dir='ltr'>οὐδένα</span> <span class='ocrx_word' id='word_1_196' title='bbox 1224 683 1256 713; x_wconf 77' lang='grc' dir='ltr'><strong>γε</strong></span> <span class='ocrx_word' id='word_1_197' title='bbox 1273 674 1324 709; x_wconf 87' lang='grc' dir='ltr'>μὴν</span> <span class='ocrx_word' id='word_1_198' title='bbox 1341 674 1460 701; x_wconf 72' lang='grc' dir='ltr'>τοιοῦτον</span> <span class='ocrx_word' id='word_1_199' title='bbox 1482 675 1572 701; x_wconf 81' lang='grc' dir='ltr'>ὁποῖον</span> <span class='ocrx_word' id='word_1_200' title='bbox 1588 676 1602 701; x_wconf 87' lang='grc' dir='ltr'>ὁ</span> <span class='ocrx_word' id='word_1_201' title='bbox 1617 675 1723 711; x_wconf 82' lang='grc' dir='ltr'>ψαλμὸς</span> <span class='ocrx_word' id='word_1_202' title='bbox 1741 676 1888 712; x_wconf 79' lang='grc' dir='ltr'><strong>διαγράφει</strong></span> <span class='ocrx_word' id='word_1_203' title='bbox 1898 685 1905 692; x_wconf 83' lang='lat'>&#39;</span> 
     </span>
    </p>
   </div>
   <div class='ocr_carea' id='block_1_29' title="bbox 1116 714 1907 757">
    <p class='ocr_par' dir='ltr' id='par_1_29' title="bbox 1116 714 1907 757">
     <span class='ocr_line' id='line_1_29' title="bbox 1116 714 1907 757; baseline 0.005 -12"><span class='ocrx_word' id='word_1_204' title='bbox 1116 721 1139 746; x_wconf 87' lang='grc' dir='ltr'>εἰ</span> <span class='ocrx_word' id='word_1_205' title='bbox 1156 719 1183 745; x_wconf 77' lang='grc' dir='ltr'>δὲ</span> <span class='ocrx_word' id='word_1_206' title='bbox 1205 719 1352 755; x_wconf 82' lang='grc' dir='ltr'>θεωρήσειέ</span> <span class='ocrx_word' id='word_1_207' title='bbox 1374 729 1415 752; x_wconf 87' lang='grc' dir='ltr'><strong>τις</strong></span> <span class='ocrx_word' id='word_1_208' title='bbox 1436 718 1564 756; x_wconf 67' lang='grc' dir='ltr'>ὁπηλίκον</span> <span class='ocrx_word' id='word_1_209' title='bbox 1586 722 1658 748; x_wconf 73' lang='grc' dir='ltr'>ἐστὶν</span> <span class='ocrx_word' id='word_1_210' title='bbox 1679 721 1709 748; x_wconf 74' lang='grc' dir='ltr'><strong>τὸ</strong></span> <span class='ocrx_word' id='word_1_211' title='bbox 1731 722 1798 757; x_wconf 78' lang='grc' dir='ltr'>πρὸς</span> <span class='ocrx_word' id='word_1_212' title='bbox 1816 714 1907 749; x_wconf 64' lang='grc' dir='ltr'>πάντα</span> 
     </span>
    </p>
   </div>
   <div class='ocr_carea' id='block_1_30' title="bbox 1116 766 1908 803">
    <p class='ocr_par' dir='ltr' id='par_1_30' title="bbox 1116 766 1908 803">
     <span class='ocr_line' id='line_1_30' title="bbox 1116 766 1908 803; baseline 0.004 -12"><span class='ocrx_word' id='word_1_213' title='bbox 1116 766 1219 801; x_wconf 78' lang='grc' dir='ltr'>εὐροεῖν</span> <span class='ocrx_word' id='word_1_214' title='bbox 1237 766 1284 792; x_wconf 75' lang='grc' dir='ltr'>καὶ</span> <span class='ocrx_word' id='word_1_215' title='bbox 1300 766 1372 792; x_wconf 82' lang='grc' dir='ltr'>κατὰ</span> <span class='ocrx_word' id='word_1_216' title='bbox 1384 766 1448 793; x_wconf 79' lang='grc' dir='ltr'>Θεὸν</span> <span class='ocrx_word' id='word_1_217' title='bbox 1464 767 1619 794; x_wconf 78' lang='grc' dir='ltr'><strong>εὐοδοῦσθαι</strong></span> <span class='ocrx_word' id='word_1_218' title='bbox 1637 769 1665 794; x_wconf 89' lang='grc' dir='ltr'><strong>ἐν</strong></span> <span class='ocrx_word' id='word_1_219' title='bbox 1682 768 1776 803; x_wconf 77' lang='grc' dir='ltr'>μηδενὶ</span> <span class='ocrx_word' id='word_1_220' title='bbox 1790 768 1908 802; x_wconf 66' lang='grc' dir='ltr'>σφαλλό-</span> 
     </span>
    </p>
   </div>
   <div class='ocr_carea' id='block_1_31' title="bbox 1117 812 1903 850">
    <p class='ocr_par' dir='ltr' id='par_1_31' title="bbox 1117 812 1903 850">
     <span class='ocr_line' id='line_1_31' title="bbox 1117 812 1903 850; baseline 0.004 -13"><span class='ocrx_word' id='word_1_221' title='bbox 1117 821 1212 846; x_wconf 85' lang='grc' dir='ltr'>μενον,</span> <span class='ocrx_word' id='word_1_222' title='bbox 1237 812 1298 848; x_wconf 73' lang='grc' dir='ltr'>μηδ’</span> <span class='ocrx_word' id='word_1_223' title='bbox 1312 813 1500 840; x_wconf 82' lang='grc' dir='ltr'>ἁποπίπτοντα</span> <span class='ocrx_word' id='word_1_224' title='bbox 1528 814 1574 840; x_wconf 75' lang='grc' dir='ltr'>τοῦ</span> <span class='ocrx_word' id='word_1_225' title='bbox 1597 815 1656 840; x_wconf 80' lang='grc' dir='ltr'>κατ’</span> <span class='ocrx_word' id='word_1_226' title='bbox 1672 814 1771 850; x_wconf 80' lang='grc' dir='ltr'>ἀρετὴν</span> <span class='ocrx_word' id='word_1_227' title='bbox 1789 814 1903 847; x_wconf 80' lang='grc' dir='ltr'>σκοποῦ,</span> 
     </span>
    </p>
   </div>
   <div class='ocr_carea' id='block_1_32' title="bbox 1115 857 1904 896">
    <p class='ocr_par' dir='ltr' id='par_1_32' title="bbox 1115 857 1904 896">
     <span class='ocr_line' id='line_1_32' title="bbox 1115 857 1904 896; baseline 0.004 -13"><span class='ocrx_word' id='word_1_228' title='bbox 1115 857 1152 889; x_wconf 85' lang='grc' dir='ltr'>ὡς</span> <span class='ocrx_word' id='word_1_229' title='bbox 1172 859 1242 884; x_wconf 84' lang='grc' dir='ltr'>κατὰ</span> <span class='ocrx_word' id='word_1_230' title='bbox 1264 858 1343 884; x_wconf 78' lang='grc' dir='ltr'>τοῦτο</span> <span class='ocrx_word' id='word_1_231' title='bbox 1366 858 1492 893; x_wconf 86' lang='grc' dir='ltr'>λέγεσθαι</span> <span class='ocrx_word' id='word_1_232' title='bbox 1518 860 1546 885; x_wconf 85' lang='grc' dir='ltr'><strong>ἐν</strong></span> <span class='ocrx_word' id='word_1_233' title='bbox 1634 859 1734 896; x_wconf 72' lang='grc' dir='ltr'>ψαλμῷ</span> <span class='ocrx_word' id='word_1_234' title='bbox 1758 860 1798 890; x_wconf 76' lang='grc' dir='ltr'><strong>τὸ,</strong></span> <span class='ocrx_word' id='word_1_235' title='bbox 1822 871 1831 886; x_wconf 76' lang='grc' dir='ltr'><strong>ι</strong></span> <span class='ocrx_word' id='word_1_236' title='bbox 1848 861 1904 888; x_wconf 73' lang='lat' dir='ltr'><strong>Kal.</strong></span> 
     </span>
    </p>
   </div>
   <div class='ocr_carea' id='block_1_33' title="bbox 1115 904 1905 941">
    <p class='ocr_par' dir='ltr' id='par_1_33' title="bbox 1115 904 1905 941">
     <span class='ocr_line' id='line_1_33' title="bbox 1115 904 1905 941; baseline 0.005 -12"><span class='ocrx_word' id='word_1_237' title='bbox 1115 904 1204 930; x_wconf 78' lang='grc' dir='ltr'>πάντα</span> <span class='ocrx_word' id='word_1_238' title='bbox 1225 905 1275 931; x_wconf 85' lang='grc' dir='ltr'>ὅσα</span> <span class='ocrx_word' id='word_1_239' title='bbox 1296 905 1328 931; x_wconf 86' lang='grc' dir='ltr'>ἂν</span> <span class='ocrx_word' id='word_1_240' title='bbox 1348 906 1421 940; x_wconf 82' lang='grc' dir='ltr'>ποιῇ,</span> <span class='ocrx_word' id='word_1_241' title='bbox 1445 905 1712 941; x_wconf 78' lang='grc' dir='ltr'>κατευοδωθήσεται’</span> <span class='ocrx_word' id='word_1_242' title='bbox 1731 916 1740 932; x_wconf 76' lang='grc' dir='ltr'><strong>ι</strong></span> <span class='ocrx_word' id='word_1_243' title='bbox 1771 906 1810 933; x_wconf 79' lang='grc' dir='ltr'><strong>ἐτι</strong></span> <span class='ocrx_word' id='word_1_244' title='bbox 1834 906 1864 933; x_wconf 78' lang='grc' dir='ltr'><strong>δὲ</strong></span> <span class='ocrx_word' id='word_1_245' title='bbox 1881 908 1905 933; x_wconf 73' lang='grc' dir='ltr'>εἱ</span> 
     </span>
    </p>
   </div>
   <div class='ocr_carea' id='block_1_34' title="bbox 275 950 1060 988">
    <p class='ocr_par' dir='ltr' id='par_1_34' title="bbox 275 953 1060 988">
     <span class='ocr_line' id='line_1_34' title="bbox 275 953 1060 988; baseline 0 -9"><span class='ocrx_word' id='word_1_246' title='bbox 275 957 380 980; x_wconf 88' lang='lat' dir='ltr'><strong>tantum</strong></span> <span class='ocrx_word' id='word_1_247' title='bbox 393 957 449 980; x_wconf 86' lang='lat' dir='ltr'><strong>tota</strong></span> <span class='ocrx_word' id='word_1_248' title='bbox 461 953 515 985; x_wconf 92' lang='lat' dir='ltr'><strong>die,</strong></span> <span class='ocrx_word' id='word_1_249' title='bbox 529 953 576 981; x_wconf 85' lang='lat' dir='ltr'><strong>sed</strong></span> <span class='ocrx_word' id='word_1_250' title='bbox 589 957 616 980; x_wconf 89' lang='lat' dir='ltr'><strong>et</strong></span> <span class='ocrx_word' id='word_1_251' title='bbox 630 958 721 984; x_wconf 86' lang='lat' dir='ltr'><strong>nocte,</strong></span> <span class='ocrx_word' id='word_1_252' title='bbox 737 953 866 988; x_wconf 82' lang='lat' dir='ltr'><strong>vigilibus</strong></span> <span class='ocrx_word' id='word_1_253' title='bbox 885 953 984 980; x_wconf 86' lang='lat' dir='ltr'><strong>mentis</strong></span> <span class='ocrx_word' id='word_1_254' title='bbox 998 960 1060 979; x_wconf 92' lang='lat' dir='ltr'><strong>ocu-</strong></span> 
     </span>
    </p>
   </div>
   <div class='ocr_carea' id='block_1_35' title="bbox 1112 950 1906 988">
    <p class='ocr_par' dir='ltr' id='par_1_35' title="bbox 1115 950 1906 987">
     <span class='ocr_line' id='line_1_35' title="bbox 1115 950 1906 987; baseline 0.003 -11"><span class='ocrx_word' id='word_1_255' title='bbox 1115 950 1308 985; x_wconf 82' lang='grc' dir='ltr'><strong>κατανοήσειεν</strong></span> <span class='ocrx_word' id='word_1_256' title='bbox 1341 950 1432 976; x_wconf 84' lang='grc' dir='ltr'>ὁποῖόν</span> <span class='ocrx_word' id='word_1_257' title='bbox 1459 951 1516 976; x_wconf 83' lang='grc' dir='ltr'>ἐστι</span> <span class='ocrx_word' id='word_1_258' title='bbox 1548 950 1579 976; x_wconf 80' lang='grc' dir='ltr'>τὸ</span> <span class='ocrx_word' id='word_1_259' title='bbox 1611 951 1815 987; x_wconf 72' lang='grc' dir='ltr'><strong>ἀνακεκρᾶσθαι</strong></span> <span class='ocrx_word' id='word_1_260' title='bbox 1843 952 1906 978; x_wconf 77' lang='grc' dir='ltr'>τινὰ</span> 
     </span>
    </p>
   </div>
   <div class='ocr_carea' id='block_1_36' title="bbox 275 999 1063 1034">
    <p class='ocr_par' dir='ltr' id='par_1_36' title="bbox 275 999 1063 1034">
     <span class='ocr_line' id='line_1_36' title="bbox 275 999 1063 1034; baseline 0.001 -9"><span class='ocrx_word' id='word_1_261' title='bbox 275 999 308 1025; x_wconf 92' lang='lat' dir='ltr'><strong>lis</strong></span> <span class='ocrx_word' id='word_1_262' title='bbox 324 1007 431 1034; x_wconf 86' lang='lat' dir='ltr'><strong>semper</strong></span> <span class='ocrx_word' id='word_1_263' title='bbox 446 1000 472 1026; x_wconf 92' lang='lat' dir='ltr'><strong>in</strong></span> <span class='ocrx_word' id='word_1_264' title='bbox 485 1007 544 1026; x_wconf 87' lang='lat' dir='ltr'><strong>eam</strong></span> <span class='ocrx_word' id='word_1_265' title='bbox 561 1000 711 1031; x_wconf 76' lang='lat' dir='ltr'><strong>conversis,</strong></span> <span class='ocrx_word' id='word_1_266' title='bbox 730 1004 757 1026; x_wconf 88' lang='lat' dir='ltr'><strong>et</strong></span> <span class='ocrx_word' id='word_1_267' title='bbox 770 1007 824 1026; x_wconf 89' lang='lat' dir='ltr'><strong>non</strong></span> <span class='ocrx_word' id='word_1_268' title='bbox 840 1003 944 1026; x_wconf 86' lang='lat' dir='ltr'><strong>tantum</strong></span> <span class='ocrx_word' id='word_1_269' title='bbox 958 999 1063 1026; x_wconf 86' lang='lat' dir='ltr'><strong>diurnis</strong></span> 
     </span>
    </p>
   </div>
   <div class='ocr_carea' id='block_1_37' title="bbox 273 1045 1065 1081">
    <p class='ocr_par' dir='ltr' id='par_1_37' title="bbox 273 1045 1065 1081">
     <span class='ocr_line' id='line_1_37' title="bbox 273 1045 1065 1081; baseline -0.001 -9"><span class='ocrx_word' id='word_1_270' title='bbox 273 1046 402 1080; x_wconf 87' lang='lat' dir='ltr'><strong>operibus</strong></span> <span class='ocrx_word' id='word_1_271' title='bbox 417 1047 458 1073; x_wconf 90' lang='lat' dir='ltr'><strong>vel</strong></span> <span class='ocrx_word' id='word_1_272' title='bbox 475 1046 660 1078; x_wconf 83' lang='lat' dir='ltr'><strong>sermonibus,</strong></span> <span class='ocrx_word' id='word_1_273' title='bbox 686 1046 732 1073; x_wconf 84' lang='lat' dir='ltr'><strong>sed</strong></span> <span class='ocrx_word' id='word_1_274' title='bbox 748 1051 774 1074; x_wconf 78' lang='lat' dir='ltr'><strong>et</strong></span> <span class='ocrx_word' id='word_1_275' title='bbox 789 1054 836 1081; x_wconf 89' lang='lat' dir='ltr'><strong>per</strong></span> <span class='ocrx_word' id='word_1_276' title='bbox 855 1054 980 1073; x_wconf 88' lang='lat' dir='ltr'><strong>somnum</strong></span> <span class='ocrx_word' id='word_1_277' title='bbox 993 1045 1065 1080; x_wconf 80' lang='lat' dir='ltr'><strong>cogi-</strong></span> 
     </span>
    </p>
   </div>
   <div class='ocr_carea' id='block_1_38' title="bbox 273 1091 1063 1127">
    <p class='ocr_par' dir='ltr' id='par_1_38' title="bbox 273 1091 1063 1127">
     <span class='ocr_line' id='line_1_38' title="bbox 273 1091 1063 1127; baseline 0 -10"><span class='ocrx_word' id='word_1_278' title='bbox 273 1092 424 1119; x_wconf 88' lang='lat' dir='ltr'><strong>tationibus</strong></span> <span class='ocrx_word' id='word_1_279' title='bbox 447 1097 529 1127; x_wconf 86' lang='lat' dir='ltr'><strong>atque</strong></span> <span class='ocrx_word' id='word_1_280' title='bbox 551 1092 790 1127; x_wconf 83' lang='lat' dir='ltr'><strong>imaginationibus</strong></span> <span class='ocrx_word' id='word_1_281' title='bbox 817 1093 844 1119; x_wconf 93' lang='lat' dir='ltr'><strong>in</strong></span> <span class='ocrx_word' id='word_1_282' title='bbox 868 1092 920 1118; x_wconf 88' lang='lat' dir='ltr'><strong>hac</strong></span> <span class='ocrx_word' id='word_1_283' title='bbox 947 1091 1063 1119; x_wconf 85' lang='lat' dir='ltr'><strong>medita—</strong></span> 
     </span>
    </p>
   </div>
   <div class='ocr_carea' id='block_1_39' title="bbox 273 1138 1062 1174">
    <p class='ocr_par' dir='ltr' id='par_1_39' title="bbox 273 1138 1062 1174">
     <span class='ocr_line' id='line_1_39' title="bbox 273 1138 1062 1174; baseline 0 -11"><span class='ocrx_word' id='word_1_284' title='bbox 273 1138 347 1166; x_wconf 87' lang='lat' dir='ltr'><strong>tione</strong></span> <span class='ocrx_word' id='word_1_285' title='bbox 370 1143 519 1170; x_wconf 83' lang='lat' dir='ltr'><strong>versatum,</strong></span> <span class='ocrx_word' id='word_1_286' title='bbox 545 1143 712 1174; x_wconf 89' lang='lat' dir='ltr'><strong>compertam</strong></span> <span class='ocrx_word' id='word_1_287' title='bbox 728 1138 839 1165; x_wconf 76' lang='lat' dir='ltr'><strong>habebit</strong></span> <span class='ocrx_word' id='word_1_288' title='bbox 866 1138 1062 1165; x_wconf 80' lang='lat' dir='ltr'><strong>sublimitatem</strong></span> 
     </span>
    </p>
   </div>
   <div class='ocr_carea' id='block_1_40' title="bbox 273 1183 1061 1219">
    <p class='ocr_par' dir='ltr' id='par_1_40' title="bbox 273 1183 1061 1219">
     <span class='ocr_line' id='line_1_40' title="bbox 273 1183 1061 1219; baseline -0.003 -8"><span class='ocrx_word' id='word_1_289' title='bbox 273 1185 347 1212; x_wconf 86' lang='lat' dir='ltr'><strong>illius</strong></span> <span class='ocrx_word' id='word_1_290' title='bbox 369 1193 449 1219; x_wconf 92' lang='lat' dir='ltr'><strong>quem</strong></span> <span class='ocrx_word' id='word_1_291' title='bbox 475 1185 542 1211; x_wconf 91' lang='lat' dir='ltr'><strong>adeo</strong></span> <span class='ocrx_word' id='word_1_292' title='bbox 558 1184 709 1219; x_wconf 86' lang='lat' dir='ltr'><strong>perfectum</strong></span> <span class='ocrx_word' id='word_1_293' title='bbox 733 1184 780 1211; x_wconf 86' lang='lat' dir='ltr'><strong>Dei</strong></span> <span class='ocrx_word' id='word_1_294' title='bbox 799 1183 919 1219; x_wconf 87' lang='lat' dir='ltr'><strong>Spiritus</strong></span> <span class='ocrx_word' id='word_1_295' title='bbox 936 1187 1061 1210; x_wconf 82' lang='lat' dir='ltr'><strong>testatur.</strong></span> 
     </span>
    </p>
   </div>
   <div class='ocr_carea' id='block_1_41' title="bbox 273 1230 1063 1263">
    <p class='ocr_par' dir='ltr' id='par_1_41' title="bbox 273 1230 1063 1263">
     <span class='ocr_line' id='line_1_41' title="bbox 273 1230 1063 1263; baseline -0.001 -7"><span class='ocrx_word' id='word_1_296' title='bbox 273 1230 307 1256; x_wconf 81' lang='lat' dir='ltr'><strong>At</strong></span> <span class='ocrx_word' id='word_1_297' title='bbox 329 1230 351 1257; x_wconf 91' lang='lat' dir='ltr'><strong>si</strong></span> <span class='ocrx_word' id='word_1_298' title='bbox 375 1230 497 1256; x_wconf 90' lang='lat' dir='ltr'><strong>omnium</strong></span> <span class='ocrx_word' id='word_1_299' title='bbox 521 1237 658 1257; x_wconf 79' lang='lat' dir='ltr'><strong>consensu</strong></span> <span class='ocrx_word' id='word_1_300' title='bbox 679 1230 737 1256; x_wconf 68' lang='lat' dir='ltr'><strong>haec</strong></span> <span class='ocrx_word' id='word_1_301' title='bbox 756 1230 902 1256; x_wconf 91' lang='lat' dir='ltr'><strong>humanam</strong></span> <span class='ocrx_word' id='word_1_302' title='bbox 934 1232 1063 1263; x_wconf 85' lang='lat' dir='ltr'><strong>superant</strong></span> 
     </span>
    </p>
   </div>
   <div class='ocr_carea' id='block_1_42' title="bbox 274 1275 1063 1310">
    <p class='ocr_par' dir='ltr' id='par_1_42' title="bbox 274 1275 1063 1310">
     <span class='ocr_line' id='line_1_42' title="bbox 274 1275 1063 1310; baseline -0.003 -8"><span class='ocrx_word' id='word_1_303' title='bbox 274 1281 412 1308; x_wconf 80' lang='lat' dir='ltr'><strong>naturam,</strong></span> <span class='ocrx_word' id='word_1_304' title='bbox 426 1276 472 1302; x_wconf 93' lang='lat' dir='ltr'><strong>uni</strong></span> <span class='ocrx_word' id='word_1_305' title='bbox 485 1275 568 1310; x_wconf 78' lang='lat' dir='ltr'><strong>igitur</strong></span> <span class='ocrx_word' id='word_1_306' title='bbox 583 1276 640 1302; x_wconf 89' lang='lat' dir='ltr'><strong>viro</strong></span> <span class='ocrx_word' id='word_1_307' title='bbox 655 1282 776 1308; x_wconf 77' lang='lat' dir='ltr'><strong>congrua</strong></span> <span class='ocrx_word' id='word_1_308' title='bbox 790 1282 851 1302; x_wconf 88' lang='lat' dir='ltr'><strong>esse</strong></span> <span class='ocrx_word' id='word_1_309' title='bbox 863 1278 989 1309; x_wconf 85' lang='lat' dir='ltr'><strong>possunt,</strong></span> <span class='ocrx_word' id='word_1_310' title='bbox 999 1278 1063 1300; x_wconf 83' lang='lat' dir='ltr'><strong>nato</strong></span> 
     </span>
    </p>
   </div>
   <div class='ocr_carea' id='block_1_43' title="bbox 273 1319 1062 1348">
    <p class='ocr_par' dir='ltr' id='par_1_43' title="bbox 273 1319 1062 1348">
     <span class='ocr_line' id='line_1_43' title="bbox 273 1319 1062 1348; baseline -0.001 0"><span class='ocrx_word' id='word_1_311' title='bbox 273 1322 398 1348; x_wconf 87' lang='lat' dir='ltr'><strong>videlicet</strong></span> <span class='ocrx_word' id='word_1_312' title='bbox 412 1329 427 1348; x_wconf 89' lang='lat' dir='ltr'><strong>e</strong></span> <span class='ocrx_word' id='word_1_313' title='bbox 443 1320 552 1348; x_wconf 86' lang='lat' dir='ltr'><strong>Davidis</strong></span> <span class='ocrx_word' id='word_1_314' title='bbox 576 1321 679 1348; x_wconf 87' lang='lat' dir='ltr'><strong>semine</strong></span> <span class='ocrx_word' id='word_1_315' title='bbox 702 1321 852 1348; x_wconf 86' lang='lat' dir='ltr'><strong>secundum</strong></span> <span class='ocrx_word' id='word_1_316' title='bbox 872 1328 982 1347; x_wconf 87' lang='lat' dir='ltr'><strong>carnem</strong></span> <span class='ocrx_word' id='word_1_317' title='bbox 997 1319 1062 1347; x_wconf 88' lang='lat' dir='ltr'><strong>Jesu</strong></span> 
     </span>
    </p>
   </div>
   <div class='ocr_carea' id='block_1_44' title="bbox 272 1364 1061 1400">
    <p class='ocr_par' dir='ltr' id='par_1_44' title="bbox 272 1364 1061 1400">
     <span class='ocr_line' id='line_1_44' title="bbox 272 1364 1061 1400; baseline -0.001 -8"><span class='ocrx_word' id='word_1_318' title='bbox 272 1365 393 1399; x_wconf 83' lang='lat' dir='ltr'><strong>Christo,</strong></span> <span class='ocrx_word' id='word_1_319' title='bbox 411 1366 525 1392; x_wconf 80' lang='lat' dir='ltr'><strong>Domino</strong></span> <span class='ocrx_word' id='word_1_320' title='bbox 539 1371 565 1393; x_wconf 88' lang='lat' dir='ltr'><strong>et</strong></span> <span class='ocrx_word' id='word_1_321' title='bbox 576 1365 710 1393; x_wconf 84' lang='lat' dir='ltr'><strong>Salvatori</strong></span> <span class='ocrx_word' id='word_1_322' title='bbox 727 1368 833 1397; x_wconf 83' lang='lat' dir='ltr'><strong>nostro,</strong></span> <span class='ocrx_word' id='word_1_323' title='bbox 847 1365 879 1392; x_wconf 91' lang='lat' dir='ltr'><strong>de</strong></span> <span class='ocrx_word' id='word_1_324' title='bbox 894 1372 947 1400; x_wconf 92' lang='lat' dir='ltr'><strong>quo</strong></span> <span class='ocrx_word' id='word_1_325' title='bbox 959 1364 1018 1392; x_wconf 91' lang='lat' dir='ltr'><strong>solo</strong></span> <span class='ocrx_word' id='word_1_326' title='bbox 1034 1364 1061 1391; x_wconf 93' lang='lat' dir='ltr'><strong>in</strong></span> 
     </span>
    </p>
   </div>
   <div class='ocr_carea' id='block_1_45' title="bbox 273 1403 1062 1446">
    <p class='ocr_par' dir='ltr' id='par_1_45' title="bbox 273 1403 1062 1446">
     <span class='ocr_line' id='line_1_45' title="bbox 273 1403 1062 1446; baseline 0 -10"><span class='ocrx_word' id='word_1_327' title='bbox 273 1409 341 1437; x_wconf 83' lang='lat' dir='ltr'><strong>Isaia</strong></span> <span class='ocrx_word' id='word_1_328' title='bbox 356 1419 370 1437; x_wconf 89' lang='lat' dir='ltr'><strong>a</strong></span> <span class='ocrx_word' id='word_1_329' title='bbox 387 1403 490 1445; x_wconf 80' lang='lat' dir='ltr'><strong>Spiritu</strong></span> <span class='ocrx_word' id='word_1_330' title='bbox 505 1410 597 1438; x_wconf 86' lang='lat' dir='ltr'><strong>divino</strong></span> <span class='ocrx_word' id='word_1_331' title='bbox 613 1414 780 1438; x_wconf 88' lang='lat' dir='ltr'><strong>memoratur</strong></span> <span class='ocrx_word' id='word_1_332' title='bbox 790 1430 797 1442; x_wconf 87' lang='lat'><strong>,</strong></span> <span class='ocrx_word' id='word_1_333' title='bbox 819 1419 829 1435; x_wconf 85' lang='grc'><em>‹</em></span> <span class='ocrx_word' id='word_1_334' title='bbox 844 1410 916 1445; x_wconf 89' lang='lat' dir='ltr'><strong>quod</strong></span> <span class='ocrx_word' id='word_1_335' title='bbox 933 1411 1062 1446; x_wconf 87' lang='lat' dir='ltr'><strong>iniquita-</strong></span> 
     </span>
    </p>
   </div>
   <div class='ocr_carea' id='block_1_46' title="bbox 274 1454 1058 1490">
    <p class='ocr_par' dir='ltr' id='par_1_46' title="bbox 274 1454 1058 1490">
     <span class='ocr_line' id='line_1_46' title="bbox 274 1454 1058 1490; baseline 0.003 -10"><span class='ocrx_word' id='word_1_336' title='bbox 274 1458 327 1481; x_wconf 87' lang='lat' dir='ltr'><strong>tem</strong></span> <span class='ocrx_word' id='word_1_337' title='bbox 342 1462 395 1481; x_wconf 89' lang='lat' dir='ltr'><strong>non</strong></span> <span class='ocrx_word' id='word_1_338' title='bbox 411 1454 515 1487; x_wconf 79' lang='lat' dir='ltr'><strong>fecerit,</strong></span> <span class='ocrx_word' id='word_1_339' title='bbox 531 1463 620 1489; x_wconf 86' lang='lat' dir='ltr'><strong>neque</strong></span> <span class='ocrx_word' id='word_1_340' title='bbox 635 1455 714 1481; x_wconf 86' lang='lat' dir='ltr'><strong>dolus</strong></span> <span class='ocrx_word' id='word_1_341' title='bbox 737 1455 818 1482; x_wconf 89' lang='lat' dir='ltr'><strong>fuerit</strong></span> <span class='ocrx_word' id='word_1_342' title='bbox 831 1455 859 1482; x_wconf 94' lang='lat' dir='ltr'><strong>in</strong></span> <span class='ocrx_word' id='word_1_343' title='bbox 872 1463 920 1483; x_wconf 89' lang='lat' dir='ltr'><strong>ore</strong></span> <span class='ocrx_word' id='word_1_344' title='bbox 935 1456 995 1490; x_wconf 85' lang='lat' dir='ltr'><strong>ejus</strong></span> <span class='ocrx_word' id='word_1_345' title='bbox 1010 1457 1030 1483; x_wconf 89' lang='grc'><strong>¹.</strong></span> <span class='ocrx_word' id='word_1_346' title='bbox 1049 1466 1058 1482; x_wconf 76' lang='grc' dir='ltr'><strong>ι</strong></span> 
     </span>
    </p>
   </div>
   <div class='ocr_carea' id='block_1_47' title="bbox 273 1500 1062 1535">
    <p class='ocr_par' dir='ltr' id='par_1_47' title="bbox 273 1500 1062 1535">
     <span class='ocr_line' id='line_1_47' title="bbox 273 1500 1062 1535; baseline 0.004 -9"><span class='ocrx_word' id='word_1_347' title='bbox 273 1502 341 1527; x_wconf 75' lang='lat' dir='ltr'><strong>Cum</strong></span> <span class='ocrx_word' id='word_1_348' title='bbox 357 1507 388 1527; x_wconf 90' lang='lat' dir='ltr'><strong>ea</strong></span> <span class='ocrx_word' id='word_1_349' title='bbox 404 1500 628 1535; x_wconf 84' lang='lat' dir='ltr'><strong>interpretatione</strong></span> <span class='ocrx_word' id='word_1_350' title='bbox 642 1501 722 1535; x_wconf 83' lang='lat' dir='ltr'><strong>plane</strong></span> <span class='ocrx_word' id='word_1_351' title='bbox 737 1502 864 1535; x_wconf 85' lang='lat' dir='ltr'><strong>congruit</strong></span> <span class='ocrx_word' id='word_1_352' title='bbox 876 1501 1009 1529; x_wconf 84' lang='lat' dir='ltr'><strong>Hebraica</strong></span> <span class='ocrx_word' id='word_1_353' title='bbox 1025 1502 1062 1529; x_wconf 89' lang='lat' dir='ltr'><strong>le-</strong></span> 
     </span>
    </p>
   </div>
   <div class='ocr_carea' id='block_1_48' title="bbox 272 1546 1058 1581">
    <p class='ocr_par' dir='ltr' id='par_1_48' title="bbox 272 1546 1058 1581">
     <span class='ocr_line' id='line_1_48' title="bbox 272 1546 1058 1581; baseline 0.003 -7"><span class='ocrx_word' id='word_1_354' title='bbox 272 1547 338 1578; x_wconf 87' lang='lat' dir='ltr'><strong>ctio,</strong></span> <span class='ocrx_word' id='word_1_355' title='bbox 352 1546 466 1573; x_wconf 86' lang='lat' dir='ltr'><strong>articulo</strong></span> <span class='ocrx_word' id='word_1_356' title='bbox 480 1554 608 1581; x_wconf 81' lang='lat' dir='ltr'><strong>expresse</strong></span> <span class='ocrx_word' id='word_1_357' title='bbox 622 1547 744 1573; x_wconf 89' lang='lat' dir='ltr'><strong>adhibito</strong></span> <span class='ocrx_word' id='word_1_358' title='bbox 761 1557 768 1574; x_wconf 88' lang='lat'>:</span> <span class='ocrx_word' id='word_1_359' title='bbox 786 1557 794 1572; x_wconf 82' lang='grc'><em>‹</em></span> <span class='ocrx_word' id='word_1_360' title='bbox 816 1547 915 1575; x_wconf 78' lang='lat' dir='ltr'><strong>Beatus</strong></span> <span class='ocrx_word' id='word_1_361' title='bbox 930 1549 974 1576; x_wconf 93' lang='lat' dir='ltr'><strong>ille</strong></span> <span class='ocrx_word' id='word_1_362' title='bbox 990 1548 1058 1576; x_wconf 67' lang='lat' dir='ltr'><strong>vir.»</strong></span> 
     </span>
    </p>
   </div>
   <div class='ocr_carea' id='block_1_49' title="bbox 1115 995 1905 1032">
    <p class='ocr_par' dir='ltr' id='par_1_49' title="bbox 1115 995 1905 1032">
     <span class='ocr_line' id='line_1_49' title="bbox 1115 995 1905 1032; baseline 0.003 -11"><span class='ocrx_word' id='word_1_363' title='bbox 1115 995 1258 1030; x_wconf 80' lang='grc' dir='ltr'>όμοδοξοῠν</span> <span class='ocrx_word' id='word_1_364' title='bbox 1288 995 1384 1030; x_wconf 78' lang='grc' dir='ltr'>ἔχοντα</span> <span class='ocrx_word' id='word_1_365' title='bbox 1409 995 1440 1022; x_wconf 86' lang='grc' dir='ltr'><strong>τὺ</strong></span> <span class='ocrx_word' id='word_1_366' title='bbox 1472 995 1536 1022; x_wconf 78' lang='grc' dir='ltr'>ἴδιον</span> <span class='ocrx_word' id='word_1_367' title='bbox 1560 996 1642 1023; x_wconf 77' lang='grc' dir='ltr'>αὐτοῦ</span> <span class='ocrx_word' id='word_1_368' title='bbox 1675 996 1780 1032; x_wconf 75' lang='grc' dir='ltr'>θέλημα</span> <span class='ocrx_word' id='word_1_369' title='bbox 1803 997 1833 1023; x_wconf 80' lang='grc' dir='ltr'>τὸ</span> <span class='ocrx_word' id='word_1_370' title='bbox 1857 997 1905 1023; x_wconf 75' lang='grc' dir='ltr'>τοῦ</span> 
     </span>
    </p>
   </div>
   <div class='ocr_carea' id='block_1_50' title="bbox 1115 1042 1906 1078">
    <p class='ocr_par' dir='ltr' id='par_1_50' title="bbox 1115 1042 1906 1078">
     <span class='ocr_line' id='line_1_50' title="bbox 1115 1042 1906 1078; baseline 0.003 -10"><span class='ocrx_word' id='word_1_371' title='bbox 1115 1042 1217 1078; x_wconf 86' lang='grc' dir='ltr'>Κυρίου</span> <span class='ocrx_word' id='word_1_372' title='bbox 1242 1042 1335 1078; x_wconf 86' lang='grc' dir='ltr'>νόμῳ,</span> <span class='ocrx_word' id='word_1_373' title='bbox 1357 1042 1388 1068; x_wconf 91' lang='grc' dir='ltr'><strong>τό</strong></span> <span class='ocrx_word' id='word_1_374' title='bbox 1409 1051 1438 1068; x_wconf 82' lang='grc' dir='ltr'><strong>τε</strong></span> <span class='ocrx_word' id='word_1_375' title='bbox 1468 1042 1581 1078; x_wconf 77' lang='grc' dir='ltr'>μελετᾷν</span> <span class='ocrx_word' id='word_1_376' title='bbox 1607 1044 1636 1069; x_wconf 80' lang='grc' dir='ltr'><strong>ἐν</strong></span> <span class='ocrx_word' id='word_1_377' title='bbox 1660 1043 1733 1078; x_wconf 82' lang='grc' dir='ltr'>αὐτῷ</span> <span class='ocrx_word' id='word_1_378' title='bbox 1759 1044 1795 1078; x_wconf 78' lang='grc' dir='ltr'>μὴ</span> <span class='ocrx_word' id='word_1_379' title='bbox 1825 1043 1906 1078; x_wconf 85' lang='grc' dir='ltr'>μόνον</span> 
     </span>
    </p>
   </div>
   <div class='ocr_carea' id='block_1_51' title="bbox 1114 1087 1905 1125">
    <p class='ocr_par' dir='ltr' id='par_1_51' title="bbox 1114 1087 1905 1125">
     <span class='ocr_line' id='line_1_51' title="bbox 1114 1087 1905 1125; baseline 0.004 -12"><span class='ocrx_word' id='word_1_380' title='bbox 1114 1087 1147 1113; x_wconf 80' lang='grc' dir='ltr'>δι’</span> <span class='ocrx_word' id='word_1_381' title='bbox 1160 1087 1223 1122; x_wconf 80' lang='grc' dir='ltr'>ὅλης</span> <span class='ocrx_word' id='word_1_382' title='bbox 1238 1088 1344 1123; x_wconf 80' lang='grc' dir='ltr'>ἡμέρας</span> <span class='ocrx_word' id='word_1_383' title='bbox 1364 1089 1431 1115; x_wconf 79' lang='grc' dir='ltr'>ἀλλὰ</span> <span class='ocrx_word' id='word_1_384' title='bbox 1446 1090 1491 1116; x_wconf 84' lang='grc' dir='ltr'>καὶ</span> <span class='ocrx_word' id='word_1_385' title='bbox 1507 1089 1551 1115; x_wconf 77' lang='grc' dir='ltr'>διὰ</span> <span class='ocrx_word' id='word_1_386' title='bbox 1563 1087 1613 1124; x_wconf 72' lang='grc' dir='ltr'>τῆς</span> <span class='ocrx_word' id='word_1_387' title='bbox 1626 1089 1722 1121; x_wconf 70' lang='grc' dir='ltr'>νυκτὸς</span> <span class='ocrx_word' id='word_1_388' title='bbox 1740 1090 1905 1125; x_wconf 73' lang='grc' dir='ltr'><strong>ἐγρηγορόσι</strong></span> 
     </span>
    </p>
   </div>
   <div class='ocr_carea' id='block_1_52' title="bbox 1113 1134 1904 1172">
    <p class='ocr_par' dir='ltr' id='par_1_52' title="bbox 1113 1134 1904 1172">
     <span class='ocr_line' id='line_1_52' title="bbox 1113 1134 1904 1172; baseline 0.003 -12"><span class='ocrx_word' id='word_1_389' title='bbox 1113 1135 1170 1165; x_wconf 82' lang='grc' dir='ltr'>τοῖς</span> <span class='ocrx_word' id='word_1_390' title='bbox 1192 1134 1242 1169; x_wconf 80' lang='grc' dir='ltr'>τῆς</span> <span class='ocrx_word' id='word_1_391' title='bbox 1264 1135 1382 1167; x_wconf 77' lang='grc' dir='ltr'>διανοίας</span> <span class='ocrx_word' id='word_1_392' title='bbox 1407 1135 1555 1171; x_wconf 71' lang='grc' dir='ltr'><strong>ὀφθαλμοῖς</strong></span> <span class='ocrx_word' id='word_1_393' title='bbox 1583 1137 1622 1167; x_wconf 87' lang='grc' dir='ltr'><strong>είς</strong></span> <span class='ocrx_word' id='word_1_394' title='bbox 1650 1136 1731 1163; x_wconf 83' lang='grc' dir='ltr'>αὑτὸν</span> <span class='ocrx_word' id='word_1_395' title='bbox 1756 1135 1904 1172; x_wconf 75' lang='grc' dir='ltr'><strong>ἐνορῶντα,</strong></span> 
     </span>
    </p>
   </div>
   <div class='ocr_carea' id='block_1_53' title="bbox 1114 1180 1905 1217">
    <p class='ocr_par' dir='ltr' id='par_1_53' title="bbox 1114 1180 1905 1217">
     <span class='ocr_line' id='line_1_53' title="bbox 1114 1180 1905 1217; baseline 0.003 -11"><span class='ocrx_word' id='word_1_396' title='bbox 1114 1180 1161 1206; x_wconf 74' lang='grc' dir='ltr'><strong>καὶ</strong></span> <span class='ocrx_word' id='word_1_397' title='bbox 1182 1182 1242 1206; x_wconf 79' lang='grc' dir='ltr'>κατ’</span> <span class='ocrx_word' id='word_1_398' title='bbox 1260 1181 1340 1207; x_wconf 73' lang='grc' dir='ltr'>αὑτὸν</span> <span class='ocrx_word' id='word_1_399' title='bbox 1362 1181 1392 1207; x_wconf 80' lang='grc' dir='ltr'><strong>οὺ</strong></span> <span class='ocrx_word' id='word_1_400' title='bbox 1417 1181 1495 1216; x_wconf 87' lang='grc' dir='ltr'>μόνον</span> <span class='ocrx_word' id='word_1_401' title='bbox 1520 1183 1574 1213; x_wconf 87' lang='grc' dir='ltr'>τοῖς</span> <span class='ocrx_word' id='word_1_402' title='bbox 1598 1182 1657 1217; x_wconf 80' lang='grc' dir='ltr'>μεθ’</span> <span class='ocrx_word' id='word_1_403' title='bbox 1680 1182 1784 1217; x_wconf 77' lang='grc' dir='ltr'>ἡμέραν</span> <span class='ocrx_word' id='word_1_404' title='bbox 1813 1182 1905 1217; x_wconf 77' lang='grc' dir='ltr'>ἔργοις</span> 
     </span>
    </p>
   </div>
   <div class='ocr_carea' id='block_1_54' title="bbox 1113 1227 1905 1261">
    <p class='ocr_par' dir='ltr' id='par_1_54' title="bbox 1113 1227 1905 1261">
     <span class='ocr_line' id='line_1_54' title="bbox 1113 1227 1905 1261; baseline 0.001 -8"><span class='ocrx_word' id='word_1_405' title='bbox 1113 1234 1143 1252; x_wconf 83' lang='grc' dir='ltr'><strong>τε</strong></span> <span class='ocrx_word' id='word_1_406' title='bbox 1160 1227 1206 1253; x_wconf 81' lang='grc' dir='ltr'><strong>καὶ</strong></span> <span class='ocrx_word' id='word_1_407' title='bbox 1226 1227 1324 1261; x_wconf 84' lang='grc' dir='ltr'>λόγοις,</span> <span class='ocrx_word' id='word_1_408' title='bbox 1337 1228 1403 1254; x_wconf 75' lang='grc' dir='ltr'>ἀλλὰ</span> <span class='ocrx_word' id='word_1_409' title='bbox 1422 1228 1467 1254; x_wconf 82' lang='grc' dir='ltr'>καὶ</span> <span class='ocrx_word' id='word_1_410' title='bbox 1488 1229 1548 1260; x_wconf 85' lang='grc' dir='ltr'>ταῖς</span> <span class='ocrx_word' id='word_1_411' title='bbox 1569 1228 1638 1255; x_wconf 76' lang='grc' dir='ltr'>κατὰ</span> <span class='ocrx_word' id='word_1_412' title='bbox 1659 1229 1704 1255; x_wconf 73' lang='grc' dir='ltr'><strong>τὸν</strong></span> <span class='ocrx_word' id='word_1_413' title='bbox 1719 1228 1802 1254; x_wconf 84' lang='grc' dir='ltr'>ὕπνον</span> <span class='ocrx_word' id='word_1_414' title='bbox 1825 1228 1905 1255; x_wconf 82' lang='grc' dir='ltr'>ἐνθυ-</span> 
     </span>
    </p>
   </div>
   <div class='ocr_carea' id='block_1_55' title="bbox 1116 1273 1904 1309">
    <p class='ocr_par' dir='ltr' id='par_1_55' title="bbox 1116 1273 1904 1309">
     <span class='ocr_line' id='line_1_55' title="bbox 1116 1273 1904 1309; baseline 0.003 -11"><span class='ocrx_word' id='word_1_415' title='bbox 1116 1273 1213 1308; x_wconf 83' lang='grc' dir='ltr'>μήσεσι</span> <span class='ocrx_word' id='word_1_416' title='bbox 1238 1273 1284 1299; x_wconf 79' lang='grc' dir='ltr'><strong>καὶ</strong></span> <span class='ocrx_word' id='word_1_417' title='bbox 1306 1274 1465 1308; x_wconf 69' lang='grc' dir='ltr'>φαντασίαις</span> <span class='ocrx_word' id='word_1_418' title='bbox 1487 1274 1656 1309; x_wconf 71' lang='grc' dir='ltr'>ἐνεργοῦντα,</span> <span class='ocrx_word' id='word_1_419' title='bbox 1675 1275 1774 1300; x_wconf 74' lang='grc' dir='ltr'>εἵσεται</span> <span class='ocrx_word' id='word_1_420' title='bbox 1799 1274 1830 1300; x_wconf 79' lang='grc' dir='ltr'>τὸ</span> <span class='ocrx_word' id='word_1_421' title='bbox 1854 1274 1904 1309; x_wconf 81' lang='grc' dir='ltr'><strong>μέ-</strong></span> 
     </span>
    </p>
   </div>
   <div class='ocr_carea' id='block_1_56' title="bbox 1113 1318 1903 1356">
    <p class='ocr_par' dir='ltr' id='par_1_56' title="bbox 1113 1318 1903 1356">
     <span class='ocr_line' id='line_1_56' title="bbox 1113 1318 1903 1356; baseline 0.003 -12"><span class='ocrx_word' id='word_1_422' title='bbox 1113 1318 1192 1352; x_wconf 88' lang='grc' dir='ltr'>γεθος</span> <span class='ocrx_word' id='word_1_423' title='bbox 1222 1319 1269 1345; x_wconf 72' lang='grc' dir='ltr'>τοῦ</span> <span class='ocrx_word' id='word_1_424' title='bbox 1293 1320 1378 1346; x_wconf 82' lang='grc' dir='ltr'>ταῦτα</span> <span class='ocrx_word' id='word_1_425' title='bbox 1413 1320 1621 1356; x_wconf 77' lang='grc' dir='ltr'>κατωρθωκέναι</span> <span class='ocrx_word' id='word_1_426' title='bbox 1655 1320 1723 1356; x_wconf 78' lang='grc' dir='ltr'>πρὸς</span> <span class='ocrx_word' id='word_1_427' title='bbox 1751 1319 1798 1346; x_wconf 76' lang='grc' dir='ltr'><strong>τοῦ</strong></span> <span class='ocrx_word' id='word_1_428' title='bbox 1829 1320 1903 1346; x_wconf 81' lang='grc' dir='ltr'>θείου</span> 
     </span>
    </p>
   </div>
   <div class='ocr_carea' id='block_1_57' title="bbox 1114 1363 1904 1400">
    <p class='ocr_par' dir='ltr' id='par_1_57' title="bbox 1114 1363 1904 1400">
     <span class='ocr_line' id='line_1_57' title="bbox 1114 1363 1904 1400; baseline 0.003 -12"><span class='ocrx_word' id='word_1_429' title='bbox 1114 1363 1273 1398; x_wconf 85' lang='grc' dir='ltr'>Πνεύματος</span> <span class='ocrx_word' id='word_1_430' title='bbox 1305 1365 1538 1400; x_wconf 74' lang='grc' dir='ltr'>μαρτυρουμένου,</span> <span class='ocrx_word' id='word_1_431' title='bbox 1579 1365 1647 1391; x_wconf 77' lang='grc' dir='ltr'>Ἀλλ’</span> <span class='ocrx_word' id='word_1_432' title='bbox 1678 1366 1702 1392; x_wconf 84' lang='grc' dir='ltr'><strong>εί</strong></span> <span class='ocrx_word' id='word_1_433' title='bbox 1734 1366 1780 1392; x_wconf 81' lang='grc' dir='ltr'>καὶ</span> <span class='ocrx_word' id='word_1_434' title='bbox 1813 1366 1904 1392; x_wconf 75' lang='grc' dir='ltr'>πᾶσαν</span> 
     </span>
    </p>
   </div>
   <div class='ocr_carea' id='block_1_58' title="bbox 1112 1409 1904 1446">
    <p class='ocr_par' dir='ltr' id='par_1_58' title="bbox 1112 1409 1904 1446">
     <span class='ocr_line' id='line_1_58' title="bbox 1112 1409 1904 1446; baseline 0.003 -12"><span class='ocrx_word' id='word_1_435' title='bbox 1112 1409 1335 1444; x_wconf 76' lang='grc' dir='ltr'><strong>ὁμολογουμένως</strong></span> <span class='ocrx_word' id='word_1_436' title='bbox 1351 1410 1398 1446; x_wconf 85' lang='grc' dir='ltr'><strong>τὴν</strong></span> <span class='ocrx_word' id='word_1_437' title='bbox 1411 1411 1580 1446; x_wconf 82' lang='grc' dir='ltr'>ἀνθρωπείαν</span> <span class='ocrx_word' id='word_1_438' title='bbox 1597 1410 1804 1446; x_wconf 77' lang='grc' dir='ltr'>ὐπερακοντίζει</span> <span class='ocrx_word' id='word_1_439' title='bbox 1822 1411 1904 1446; x_wconf 79' lang='grc' dir='ltr'>φύσιν</span> 
     </span>
    </p>
   </div>
   <div class='ocr_carea' id='block_1_59' title="bbox 1111 1455 1903 1493">
    <p class='ocr_par' dir='ltr' id='par_1_59' title="bbox 1111 1455 1903 1493">
     <span class='ocr_line' id='line_1_59' title="bbox 1111 1455 1903 1493; baseline 0.003 -12"><span class='ocrx_word' id='word_1_440' title='bbox 1111 1455 1146 1481; x_wconf 84' lang='grc' dir='ltr'>τὰ</span> <span class='ocrx_word' id='word_1_441' title='bbox 1164 1455 1321 1491; x_wconf 79' lang='grc' dir='ltr'>λελεγμένα,</span> <span class='ocrx_word' id='word_1_442' title='bbox 1345 1457 1384 1482; x_wconf 83' lang='grc' dir='ltr'>ἐνὶ</span> <span class='ocrx_word' id='word_1_443' title='bbox 1403 1456 1424 1482; x_wconf 76' lang='grc' dir='ltr'><strong>δ’</strong></span> <span class='ocrx_word' id='word_1_444' title='bbox 1439 1455 1485 1483; x_wconf 77' lang='grc' dir='ltr'>οὖν</span> <span class='ocrx_word' id='word_1_445' title='bbox 1507 1457 1583 1492; x_wconf 70' lang='grc' dir='ltr'>ἀνδρὶ</span> <span class='ocrx_word' id='word_1_446' title='bbox 1606 1457 1679 1492; x_wconf 85' lang='grc' dir='ltr'>μόνῳ</span> <span class='ocrx_word' id='word_1_447' title='bbox 1699 1457 1851 1493; x_wconf 74' lang='grc' dir='ltr'>ἐφαρμόζοι</span> <span class='ocrx_word' id='word_1_448' title='bbox 1870 1457 1903 1483; x_wconf 81' lang='grc' dir='ltr'>ἂν</span> 
     </span>
    </p>
   </div>
   <div class='ocr_carea' id='block_1_60' title="bbox 1112 1501 1902 1539">
    <p class='ocr_par' dir='ltr' id='par_1_60' title="bbox 1112 1501 1902 1539">
     <span class='ocr_line' id='line_1_60' title="bbox 1112 1501 1902 1539; baseline 0.003 -11"><span class='ocrx_word' id='word_1_449' title='bbox 1112 1501 1151 1537; x_wconf 84' lang='grc' dir='ltr'>τῷ</span> <span class='ocrx_word' id='word_1_450' title='bbox 1172 1503 1308 1538; x_wconf 84' lang='grc' dir='ltr'>γενομένῳ</span> <span class='ocrx_word' id='word_1_451' title='bbox 1330 1505 1361 1529; x_wconf 82' lang='grc' dir='ltr'><strong>ἐκ</strong></span> <span class='ocrx_word' id='word_1_452' title='bbox 1382 1503 1538 1539; x_wconf 78' lang='grc' dir='ltr'>σπέρματος</span> <span class='ocrx_word' id='word_1_453' title='bbox 1560 1504 1643 1530; x_wconf 76' lang='grc' dir='ltr'>Δαυὶδ</span> <span class='ocrx_word' id='word_1_454' title='bbox 1664 1504 1694 1530; x_wconf 75' lang='grc' dir='ltr'><strong>τὺ</strong></span> <span class='ocrx_word' id='word_1_455' title='bbox 1715 1504 1784 1530; x_wconf 79' lang='grc' dir='ltr'>κατὰ</span> <span class='ocrx_word' id='word_1_456' title='bbox 1811 1503 1902 1539; x_wconf 76' lang='grc' dir='ltr'>σάρκα</span> 
     </span>
    </p>
   </div>
   <div class='ocr_carea' id='block_1_61' title="bbox 1119 1547 1904 1586">
    <p class='ocr_par' dir='ltr' id='par_1_61' title="bbox 1119 1547 1904 1586">
     <span class='ocr_line' id='line_1_61' title="bbox 1119 1547 1904 1586; baseline 0.004 -11"><span class='ocrx_word' id='word_1_457' title='bbox 1119 1549 1205 1583; x_wconf 88' lang='grc' dir='ltr'><strong>Ἰησοῦ</strong></span> <span class='ocrx_word' id='word_1_458' title='bbox 1219 1549 1328 1585; x_wconf 82' lang='grc' dir='ltr'>Χριστῷ</span> <span class='ocrx_word' id='word_1_459' title='bbox 1341 1549 1379 1585; x_wconf 83' lang='grc' dir='ltr'>τῷ</span> <span class='ocrx_word' id='word_1_460' title='bbox 1396 1550 1490 1586; x_wconf 86' lang='grc' dir='ltr'>Κυρίῳ</span> <span class='ocrx_word' id='word_1_461' title='bbox 1506 1551 1552 1577; x_wconf 74' lang='grc' dir='ltr'>καὶ</span> <span class='ocrx_word' id='word_1_462' title='bbox 1565 1550 1670 1586; x_wconf 75' lang='grc' dir='ltr'>Σωτῆρι</span> <span class='ocrx_word' id='word_1_463' title='bbox 1684 1551 1771 1586; x_wconf 79' lang='grc' dir='ltr'>ήμῶν,</span> <span class='ocrx_word' id='word_1_464' title='bbox 1791 1547 1814 1584; x_wconf 84' lang='grc' dir='ltr'>ᾧ</span> <span class='ocrx_word' id='word_1_465' title='bbox 1829 1551 1904 1586; x_wconf 80' lang='grc' dir='ltr'>μόνῳ</span> 
     </span>
    </p>
   </div>
   <div class='ocr_carea' id='block_1_62' title="bbox 268 1592 1060 1636">
    <p class='ocr_par' dir='ltr' id='par_1_62' title="bbox 268 1592 1060 1631">
     <span class='ocr_line' id='line_1_62' title="bbox 268 1592 1060 1631; baseline 0.001 -11"><span class='ocrx_word' id='word_1_466' title='bbox 268 1592 391 1631; x_wconf 33' lang='lat' dir='ltr'><strong>&quot;Decebat</strong></span> <span class='ocrx_word' id='word_1_467' title='bbox 405 1593 514 1627; x_wconf 89' lang='lat' dir='ltr'><strong>quidem</strong></span> <span class='ocrx_word' id='word_1_468' title='bbox 531 1596 634 1628; x_wconf 89' lang='lat' dir='ltr'><strong>patrem</strong></span> <span class='ocrx_word' id='word_1_469' title='bbox 648 1593 797 1620; x_wconf 88' lang='lat' dir='ltr'><strong>secundum</strong></span> <span class='ocrx_word' id='word_1_470' title='bbox 812 1602 921 1621; x_wconf 90' lang='lat' dir='ltr'><strong>carnem</strong></span> <span class='ocrx_word' id='word_1_471' title='bbox 937 1594 1060 1621; x_wconf 83' lang='lat' dir='ltr'><strong>Salvato-</strong></span> 
     </span>
    </p>
   </div>
   <div class='ocr_carea' id='block_1_63' title="bbox 1112 1592 1901 1636">
    <p class='ocr_par' dir='ltr' id='par_1_63' title="bbox 1113 1592 1901 1636">
     <span class='ocr_line' id='line_1_63' title="bbox 1113 1592 1901 1636; baseline 0.003 -12"><span class='ocrx_word' id='word_1_472' title='bbox 1113 1598 1180 1634; x_wconf 80' lang='grc' dir='ltr'>πρὸς</span> <span class='ocrx_word' id='word_1_473' title='bbox 1196 1598 1242 1625; x_wconf 83' lang='grc' dir='ltr'><strong>τοῦ</strong></span> <span class='ocrx_word' id='word_1_474' title='bbox 1259 1600 1287 1625; x_wconf 94' lang='grc' dir='ltr'><strong>ἐν</strong></span> <span class='ocrx_word' id='word_1_475' title='bbox 1300 1592 1398 1635; x_wconf 68' lang='grc' dir='ltr'>Ἠσαίᾳ</span> <span class='ocrx_word' id='word_1_476' title='bbox 1415 1599 1487 1626; x_wconf 84' lang='grc' dir='ltr'>θείου</span> <span class='ocrx_word' id='word_1_477' title='bbox 1501 1599 1658 1636; x_wconf 77' lang='grc' dir='ltr'>Πνεύματος</span> <span class='ocrx_word' id='word_1_478' title='bbox 1677 1600 1901 1636; x_wconf 80' lang='grc' dir='ltr'>μεμαρτύρηται,</span> 
     </span>
    </p>
   </div>
   <div class='ocr_carea' id='block_1_64' title="bbox 268 1628 1060 1682">
    <p class='ocr_par' dir='ltr' id='par_1_64' title="bbox 268 1637 1060 1673">
     <span class='ocr_line' id='line_1_64' title="bbox 268 1637 1060 1673; baseline 0.004 -8"><span class='ocrx_word' id='word_1_479' title='bbox 268 1637 311 1665; x_wconf 87' lang='lat' dir='ltr'><strong>ris</strong></span> <span class='ocrx_word' id='word_1_480' title='bbox 328 1639 415 1666; x_wconf 92' lang='lat' dir='ltr'><strong>nostri</strong></span> <span class='ocrx_word' id='word_1_481' title='bbox 435 1638 562 1666; x_wconf 87' lang='lat' dir='ltr'><strong>Davidem</strong></span> <span class='ocrx_word' id='word_1_482' title='bbox 574 1659 581 1672; x_wconf 87' lang='lat'><strong><em>,</em></strong></span> <span class='ocrx_word' id='word_1_483' title='bbox 596 1639 638 1665; x_wconf 89' lang='lat' dir='ltr'><strong>cui</strong></span> <span class='ocrx_word' id='word_1_484' title='bbox 654 1640 817 1673; x_wconf 88' lang='lat' dir='ltr'><strong>promissum</strong></span> <span class='ocrx_word' id='word_1_485' title='bbox 831 1639 920 1667; x_wconf 81' lang='lat' dir='ltr'><strong>fuerat</strong></span> <span class='ocrx_word' id='word_1_486' title='bbox 939 1641 1060 1668; x_wconf 86' lang='lat' dir='ltr'><strong>nascitu-</strong></span> 
     </span>
    </p>
   </div>
   <div class='ocr_carea' id='block_1_65' title="bbox 1112 1628 1902 1682">
    <p class='ocr_par' dir='ltr' id='par_1_65' title="bbox 1116 1628 1902 1682">
     <span class='ocr_line' id='line_1_65' title="bbox 1116 1628 1902 1682; baseline 0.003 -13"><span class='ocrx_word' id='word_1_487' title='bbox 1116 1628 1182 1670; x_wconf 42' lang='lat' dir='ltr'><strong>rlﬁri</strong></span> <span class='ocrx_word' id='word_1_488' title='bbox 1210 1644 1246 1679; x_wconf 84' lang='grc' dir='ltr'><strong>μὴ</strong></span> <span class='ocrx_word' id='word_1_489' title='bbox 1269 1628 1404 1680; x_wconf 70' lang='grc' dir='ltr'>ἁμαρτίαν</span> <span class='ocrx_word' id='word_1_490' title='bbox 1439 1628 1581 1680; x_wconf 71' lang='grc' dir='ltr'><strong>ἐποίησε,ι</strong></span> <span class='ocrx_word' id='word_1_491' title='bbox 1599 1628 1789 1682; x_wconf 48' lang='grc' dir='ltr'>μηέέιεόρὲθη</span> <span class='ocrx_word' id='word_1_492' title='bbox 1807 1628 1902 1677; x_wconf 49' lang='grc' dir='ltr'>’έόλος</span> 
     </span>
    </p>
   </div>
   <div class='ocr_carea' id='block_1_66' title="bbox 268 1679 1060 1726">
    <p class='ocr_par' dir='ltr' id='par_1_66' title="bbox 268 1679 1060 1721">
     <span class='ocr_line' id='line_1_66' title="bbox 268 1679 1060 1721; baseline 0.005 -12"><span class='ocrx_word' id='word_1_493' title='bbox 268 1679 332 1710; x_wconf 65' lang='grc' dir='ltr'>’γυιη</span> <span class='ocrx_word' id='word_1_494' title='bbox 349 1684 383 1711; x_wconf 91' lang='lat' dir='ltr'><strong>ab</strong></span> <span class='ocrx_word' id='word_1_495' title='bbox 397 1684 483 1718; x_wconf 88' lang='lat' dir='ltr'><strong>ipsius</strong></span> <span class='ocrx_word' id='word_1_496' title='bbox 499 1684 759 1717; x_wconf 84' lang='lat' dir='ltr'><strong>semineChristum,</strong></span> <span class='ocrx_word' id='word_1_497' title='bbox 771 1685 823 1712; x_wconf 88' lang='lat' dir='ltr'><strong>hoc</strong></span> <span class='ocrx_word' id='word_1_498' title='bbox 839 1686 989 1721; x_wconf 85' lang='lat' dir='ltr'><strong>prophetiis</strong></span> <span class='ocrx_word' id='word_1_499' title='bbox 1002 1687 1060 1714; x_wconf 93' lang='lat' dir='ltr'><strong>suis</strong></span> 
     </span>
    </p>
   </div>
   <div class='ocr_carea' id='block_1_67' title="bbox 1112 1679 1902 1726">
    <p class='ocr_par' dir='ltr' id='par_1_67' title="bbox 1113 1689 1902 1726">
     <span class='ocr_line' id='line_1_67' title="bbox 1113 1689 1902 1726; baseline 0.001 -10"><span class='ocrx_word' id='word_1_500' title='bbox 1113 1689 1142 1716; x_wconf 81' lang='grc' dir='ltr'><strong>ἐν</strong></span> <span class='ocrx_word' id='word_1_501' title='bbox 1164 1689 1203 1725; x_wconf 84' lang='grc' dir='ltr'>τῷ</span> <span class='ocrx_word' id='word_1_502' title='bbox 1229 1690 1341 1725; x_wconf 78' lang='grc' dir='ltr'>στόματι</span> <span class='ocrx_word' id='word_1_503' title='bbox 1369 1691 1461 1717; x_wconf 74' lang='grc' dir='ltr'>αὑτοῦ.</span> <span class='ocrx_word' id='word_1_504' title='bbox 1479 1701 1487 1716; x_wconf 76' lang='grc' dir='ltr'><strong>ι</strong></span> <span class='ocrx_word' id='word_1_505' title='bbox 1518 1691 1554 1717; x_wconf 86' lang='grc' dir='ltr'><strong>Τὸ</strong></span> <span class='ocrx_word' id='word_1_506' title='bbox 1578 1691 1600 1717; x_wconf 86' lang='grc' dir='ltr'><strong>δ’</strong></span> <span class='ocrx_word' id='word_1_507' title='bbox 1619 1691 1826 1726; x_wconf 82' lang='grc' dir='ltr'>ἐπιδεδεγμένον</span> <span class='ocrx_word' id='word_1_508' title='bbox 1851 1691 1902 1725; x_wconf 71' lang='grc' dir='ltr'>τῆς</span> 
     </span>
    </p>
   </div>
   <div class='ocr_carea' id='block_1_68' title="bbox 271 1729 1060 1772">
    <p class='ocr_par' dir='ltr' id='par_1_68' title="bbox 271 1729 1060 1767">
     <span class='ocr_line' id='line_1_68' title="bbox 271 1729 1060 1767; baseline 0.004 -11"><span class='ocrx_word' id='word_1_509' title='bbox 271 1729 411 1764; x_wconf 86' lang='lat' dir='ltr'><strong>imponere</strong></span> <span class='ocrx_word' id='word_1_510' title='bbox 431 1731 604 1764; x_wconf 85' lang='lat' dir='ltr'><strong>prooemium.</strong></span> <span class='ocrx_word' id='word_1_511' title='bbox 635 1731 683 1758; x_wconf 86' lang='lat' dir='ltr'><strong>Cui</strong></span> <span class='ocrx_word' id='word_1_512' title='bbox 700 1735 790 1758; x_wconf 89' lang='lat' dir='ltr'><strong>autem</strong></span> <span class='ocrx_word' id='word_1_513' title='bbox 805 1740 861 1759; x_wconf 88' lang='lat' dir='ltr'><strong>non</strong></span> <span class='ocrx_word' id='word_1_514' title='bbox 874 1732 1009 1767; x_wconf 81' lang='lat' dir='ltr'><strong>ingratum</strong></span> <span class='ocrx_word' id='word_1_515' title='bbox 1022 1733 1060 1760; x_wconf 89' lang='lat' dir='ltr'><strong>vi-</strong></span> 
     </span>
    </p>
   </div>
   <div class='ocr_carea' id='block_1_69' title="bbox 1112 1729 1903 1772">
    <p class='ocr_par' dir='ltr' id='par_1_69' title="bbox 1113 1735 1903 1772">
     <span class='ocr_line' id='line_1_69' title="bbox 1113 1735 1903 1772; baseline 0.003 -12"><span class='ocrx_word' id='word_1_516' title='bbox 1113 1735 1226 1770; x_wconf 79' lang='grc' dir='ltr'>ἐκδοχῆς</span> <span class='ocrx_word' id='word_1_517' title='bbox 1248 1736 1411 1771; x_wconf 72' lang='grc' dir='ltr'>παρίστησιν</span> <span class='ocrx_word' id='word_1_518' title='bbox 1430 1738 1446 1771; x_wconf 87' lang='grc' dir='ltr'><strong>ή</strong></span> <span class='ocrx_word' id='word_1_519' title='bbox 1469 1737 1539 1764; x_wconf 77' lang='grc' dir='ltr'>κατὰ</span> <span class='ocrx_word' id='word_1_520' title='bbox 1564 1736 1595 1763; x_wconf 79' lang='grc' dir='ltr'><strong>τὸ</strong></span> <span class='ocrx_word' id='word_1_521' title='bbox 1611 1736 1756 1772; x_wconf 75' lang='grc' dir='ltr'>Ἐϐραῖκὺν</span> <span class='ocrx_word' id='word_1_522' title='bbox 1780 1736 1903 1768; x_wconf 77' lang='grc' dir='ltr'>ἔντευξις</span> 
     </span>
    </p>
   </div>
   <div class='ocr_carea' id='block_1_70' title="bbox 271 1776 1060 1818">
    <p class='ocr_par' dir='ltr' id='par_1_70' title="bbox 271 1776 1060 1812">
     <span class='ocr_line' id='line_1_70' title="bbox 271 1776 1060 1812; baseline 0.004 -10"><span class='ocrx_word' id='word_1_523' title='bbox 271 1776 381 1803; x_wconf 79' lang='lat' dir='ltr'><strong>debitor</strong></span> <span class='ocrx_word' id='word_1_524' title='bbox 394 1784 424 1803; x_wconf 88' lang='lat' dir='ltr'><strong>ea</strong></span> <span class='ocrx_word' id='word_1_525' title='bbox 440 1785 500 1812; x_wconf 76' lang='lat' dir='ltr'><strong>qua:</strong></span> <span class='ocrx_word' id='word_1_526' title='bbox 513 1777 546 1804; x_wconf 91' lang='lat' dir='ltr'><strong>de</strong></span> <span class='ocrx_word' id='word_1_527' title='bbox 558 1777 699 1805; x_wconf 87' lang='lat' dir='ltr'><strong>Salvatore</strong></span> <span class='ocrx_word' id='word_1_528' title='bbox 714 1778 741 1805; x_wconf 93' lang='lat' dir='ltr'><strong>in</strong></span> <span class='ocrx_word' id='word_1_529' title='bbox 756 1778 860 1812; x_wconf 84' lang='lat' dir='ltr'><strong>psalmo</strong></span> <span class='ocrx_word' id='word_1_530' title='bbox 873 1784 1060 1806; x_wconf 87' lang='lat' dir='ltr'><strong>memorantur</strong></span> 
     </span>
    </p>
   </div>
   <div class='ocr_carea' id='block_1_71' title="bbox 1112 1776 1900 1818">
    <p class='ocr_par' dir='ltr' id='par_1_71' title="bbox 1112 1781 1900 1818">
     <span class='ocr_line' id='line_1_71' title="bbox 1112 1781 1900 1818; baseline 0.001 -12"><span class='ocrx_word' id='word_1_531' title='bbox 1112 1781 1350 1816; x_wconf 84' lang='grc' dir='ltr'>ἐπιτετηρημένως</span> <span class='ocrx_word' id='word_1_532' title='bbox 1366 1782 1451 1814; x_wconf 76' lang='grc' dir='ltr'>οὕτως</span> <span class='ocrx_word' id='word_1_533' title='bbox 1467 1782 1580 1818; x_wconf 80' lang='grc' dir='ltr'>ἔχουσα·</span> <span class='ocrx_word' id='word_1_534' title='bbox 1593 1793 1602 1808; x_wconf 78' lang='grc' dir='ltr'><strong>ι</strong></span> <span class='ocrx_word' id='word_1_535' title='bbox 1614 1784 1754 1818; x_wconf 80' lang='grc' dir='ltr'>Μακάριος</span> <span class='ocrx_word' id='word_1_536' title='bbox 1770 1784 1785 1809; x_wconf 80' lang='grc' dir='ltr'><strong>ό</strong></span> <span class='ocrx_word' id='word_1_537' title='bbox 1798 1782 1880 1818; x_wconf 80' lang='grc' dir='ltr'>ἀνὴρ,</span> <span class='ocrx_word' id='word_1_538' title='bbox 1891 1792 1900 1807; x_wconf 80' lang='grc' dir='ltr'><strong>ι</strong></span> 
     </span>
    </p>
   </div>
   <div class='ocr_carea' id='block_1_72' title="bbox 271 1822 1060 1863">
    <p class='ocr_par' dir='ltr' id='par_1_72' title="bbox 271 1822 1058 1858">
     <span class='ocr_line' id='line_1_72' title="bbox 271 1822 1058 1858; baseline 0.005 -10"><span class='ocrx_word' id='word_1_539' title='bbox 271 1822 415 1849; x_wconf 79' lang='lat' dir='ltr'><strong>manifeste</strong></span> <span class='ocrx_word' id='word_1_540' title='bbox 431 1823 594 1858; x_wconf 86' lang='lat' dir='ltr'><strong>perspicere,</strong></span> <span class='ocrx_word' id='word_1_541' title='bbox 618 1824 645 1850; x_wconf 93' lang='lat' dir='ltr'><strong>in</strong></span> <span class='ocrx_word' id='word_1_542' title='bbox 670 1831 731 1850; x_wconf 90' lang='lat' dir='ltr'><strong>eum</strong></span> <span class='ocrx_word' id='word_1_543' title='bbox 753 1824 964 1852; x_wconf 86' lang='lat' dir='ltr'><strong>commentarios</strong></span> <span class='ocrx_word' id='word_1_544' title='bbox 976 1825 1058 1852; x_wconf 84' lang='lat' dir='ltr'><strong>altius</strong></span> 
     </span>
    </p>
   </div>
   <div class='ocr_carea' id='block_1_73' title="bbox 1112 1822 1903 1863">
    <p class='ocr_par' dir='ltr' id='par_1_73' title="bbox 1113 1826 1903 1863">
     <span class='ocr_line' id='line_1_73' title="bbox 1113 1826 1903 1863; baseline 0 -11"><span class='ocrx_word' id='word_1_545' title='bbox 1113 1826 1182 1861; x_wconf 84' lang='grc' dir='ltr'>μετὰ</span> <span class='ocrx_word' id='word_1_546' title='bbox 1205 1827 1254 1861; x_wconf 75' lang='grc' dir='ltr'>τῆς</span> <span class='ocrx_word' id='word_1_547' title='bbox 1267 1826 1367 1863; x_wconf 79' lang='grc' dir='ltr'>ἄρθρου</span> <span class='ocrx_word' id='word_1_548' title='bbox 1394 1827 1568 1863; x_wconf 77' lang='grc' dir='ltr'>προσθήκηςο</span> <span class='ocrx_word' id='word_1_549' title='bbox 1595 1828 1642 1854; x_wconf 73' lang='grc' dir='ltr'>καὶ</span> <span class='ocrx_word' id='word_1_550' title='bbox 1659 1827 1778 1862; x_wconf 79' lang='grc' dir='ltr'>ἕπρεπέν</span> <span class='ocrx_word' id='word_1_551' title='bbox 1802 1836 1835 1861; x_wconf 82' lang='grc' dir='ltr'><strong>γε</strong></span> <span class='ocrx_word' id='word_1_552' title='bbox 1858 1828 1903 1854; x_wconf 72' lang='grc' dir='ltr'><strong>τὸν</strong></span> 
     </span>
    </p>
   </div>
   <div class='ocr_carea' id='block_1_74' title="bbox 271 1869 1060 1910">
    <p class='ocr_par' dir='ltr' id='par_1_74' title="bbox 271 1869 526 1903">
     <span class='ocr_line' id='line_1_74' title="bbox 271 1869 526 1903; baseline 0.004 -8"><span class='ocrx_word' id='word_1_553' title='bbox 271 1869 438 1903; x_wconf 88' lang='lat' dir='ltr'><strong>perscrutari</strong></span> <span class='ocrx_word' id='word_1_554' title='bbox 453 1869 526 1896; x_wconf 92' lang='lat' dir='ltr'><strong>libet.</strong></span> 
     </span>
    </p>
   </div>
   <div class='ocr_carea' id='block_1_75' title="bbox 1112 1869 1903 1910">
    <p class='ocr_par' dir='ltr' id='par_1_75' title="bbox 1112 1872 1903 1910">
     <span class='ocr_line' id='line_1_75' title="bbox 1112 1872 1903 1910; baseline 0.003 -12"><span class='ocrx_word' id='word_1_555' title='bbox 1112 1872 1182 1899; x_wconf 83' lang='grc' dir='ltr'>κατὰ</span> <span class='ocrx_word' id='word_1_556' title='bbox 1209 1873 1297 1909; x_wconf 87' lang='grc' dir='ltr'>σάρκα</span> <span class='ocrx_word' id='word_1_557' title='bbox 1317 1873 1363 1900; x_wconf 81' lang='grc' dir='ltr'>τοῦ</span> <span class='ocrx_word' id='word_1_558' title='bbox 1387 1874 1512 1910; x_wconf 80' lang='grc' dir='ltr'>Σωτῆρος</span> <span class='ocrx_word' id='word_1_559' title='bbox 1533 1874 1611 1909; x_wconf 85' lang='grc' dir='ltr'>ήμῶν</span> <span class='ocrx_word' id='word_1_560' title='bbox 1640 1874 1671 1908; x_wconf 83' lang='lat' dir='ltr'><strong>(l&#39;.</strong></span> <span class='ocrx_word' id='word_1_561' title='bbox 1684 1874 1717 1900; x_wconf 78' lang='grc'><strong>18</strong></span> <span class='ocrx_word' id='word_1_562' title='bbox 1734 1873 1774 1909; x_wconf 74' lang='lat' dir='ltr'><strong>v&quot;)</strong></span> <span class='ocrx_word' id='word_1_563' title='bbox 1791 1882 1903 1909; x_wconf 78' lang='grc' dir='ltr'>χρημα-</span> 
     </span>
    </p>
   </div>
   <div class='ocr_carea' id='block_1_76' title="bbox 271 1914 1902 1956">
    <p class='ocr_par' dir='ltr' id='par_1_76' title="bbox 271 1914 1902 1956">
     <span class='ocr_line' id='line_1_76' title="bbox 271 1914 1902 1956; baseline 0.004 -15"><span class='ocrx_word' id='word_1_564' title='bbox 271 1914 383 1941; x_wconf 84' lang='grc' dir='ltr'>τίσαντα</span> <span class='ocrx_word' id='word_1_565' title='bbox 405 1915 511 1950; x_wconf 79' lang='grc' dir='ltr'>πατέρα</span> <span class='ocrx_word' id='word_1_566' title='bbox 529 1915 626 1947; x_wconf 78' lang='grc' dir='ltr'>Δαυ¹ιδ,</span> <span class='ocrx_word' id='word_1_567' title='bbox 650 1915 816 1949; x_wconf 69' lang='grc' dir='ltr'>ἐπαγγελίαν</span> <span class='ocrx_word' id='word_1_568' title='bbox 836 1915 965 1950; x_wconf 78' lang='grc' dir='ltr'>εἰληφότα</span> <span class='ocrx_word' id='word_1_569' title='bbox 989 1916 1053 1951; x_wconf 74' lang='grc' dir='ltr'>περὶ</span> <span class='ocrx_word' id='word_1_570' title='bbox 1071 1917 1118 1943; x_wconf 81' lang='grc' dir='ltr'><strong>τοῦ</strong></span> <span class='ocrx_word' id='word_1_571' title='bbox 1143 1919 1175 1944; x_wconf 81' lang='grc' dir='ltr'><strong>ἐκ</strong></span> <span class='ocrx_word' id='word_1_572' title='bbox 1211 1919 1367 1954; x_wconf 82' lang='grc' dir='ltr'>σπέρματος</span> <span class='ocrx_word' id='word_1_573' title='bbox 1387 1919 1468 1946; x_wconf 83' lang='grc' dir='ltr'>αὐτοῦ</span> <span class='ocrx_word' id='word_1_574' title='bbox 1493 1920 1672 1956; x_wconf 86' lang='grc' dir='ltr'>τεχθήσεσθαι</span> <span class='ocrx_word' id='word_1_575' title='bbox 1706 1921 1752 1946; x_wconf 78' lang='grc' dir='ltr'>τὸν</span> <span class='ocrx_word' id='word_1_576' title='bbox 1772 1920 1902 1956; x_wconf 72' lang='grc' dir='ltr'>Χριστὸν,</span> 
     </span>
    </p>
   </div>
   <div class='ocr_carea' id='block_1_77' title="bbox 270 1960 1903 2001">
    <p class='ocr_par' dir='ltr' id='par_1_77' title="bbox 270 1960 1903 2001">
     <span class='ocr_line' id='line_1_77' title="bbox 270 1960 1903 2001; baseline 0.003 -15"><span class='ocrx_word' id='word_1_577' title='bbox 270 1960 357 1995; x_wconf 85' lang='grc' dir='ltr'>τούτῳ</span> <span class='ocrx_word' id='word_1_578' title='bbox 382 1960 430 1996; x_wconf 84' lang='grc' dir='ltr'>τὴν</span> <span class='ocrx_word' id='word_1_579' title='bbox 450 1961 574 1996; x_wconf 80' lang='grc' dir='ltr'>ἀπαρχὴν</span> <span class='ocrx_word' id='word_1_580' title='bbox 613 1961 663 1996; x_wconf 84' lang='grc' dir='ltr'>τῆς</span> <span class='ocrx_word' id='word_1_581' title='bbox 685 1961 781 1987; x_wconf 85' lang='grc' dir='ltr'>ἐαυτοῦ</span> <span class='ocrx_word' id='word_1_582' title='bbox 808 1963 975 1996; x_wconf 83' lang='grc' dir='ltr'>προφητείας</span> <span class='ocrx_word' id='word_1_583' title='bbox 1005 1963 1152 1990; x_wconf 83' lang='grc' dir='ltr'>ἀναθεῖναι.</span> <span class='ocrx_word' id='word_1_584' title='bbox 1182 1964 1255 2000; x_wconf 84' lang='grc' dir='ltr'><strong>Ὅτῳ</strong></span> <span class='ocrx_word' id='word_1_585' title='bbox 1284 1965 1311 1991; x_wconf 82' lang='grc' dir='ltr'>δὲ</span> <span class='ocrx_word' id='word_1_586' title='bbox 1352 1965 1428 2000; x_wconf 84' lang='grc' dir='ltr'>φίλον</span> <span class='ocrx_word' id='word_1_587' title='bbox 1467 1965 1612 2000; x_wconf 86' lang='grc' dir='ltr'>διαγνῶναι</span> <span class='ocrx_word' id='word_1_588' title='bbox 1643 1965 1674 1992; x_wconf 80' lang='grc' dir='ltr'>τὸ</span> <span class='ocrx_word' id='word_1_589' title='bbox 1698 1965 1815 2001; x_wconf 76' lang='grc' dir='ltr'>ἀκριῦὲς</span> <span class='ocrx_word' id='word_1_590' title='bbox 1852 1965 1903 1999; x_wconf 72' lang='grc' dir='ltr'>τῆς</span> 
     </span>
    </p>
   </div>
   <div class='ocr_carea' id='block_1_78' title="bbox 272 2008 1903 2049">
    <p class='ocr_par' dir='ltr' id='par_1_78' title="bbox 272 2008 1903 2049">
     <span class='ocr_line' id='line_1_78' title="bbox 272 2008 1903 2049; baseline 0.002 -13"><span class='ocrx_word' id='word_1_591' title='bbox 272 2010 318 2036; x_wconf 78' lang='grc' dir='ltr'><strong>ἐπὶ</strong></span> <span class='ocrx_word' id='word_1_592' title='bbox 349 2008 394 2035; x_wconf 83' lang='grc' dir='ltr'>τὸν</span> <span class='ocrx_word' id='word_1_593' title='bbox 422 2009 534 2044; x_wconf 85' lang='grc' dir='ltr'>Σωτῆρα</span> <span class='ocrx_word' id='word_1_594' title='bbox 560 2008 613 2035; x_wconf 78' lang='grc' dir='ltr'>τῶν</span> <span class='ocrx_word' id='word_1_595' title='bbox 644 2010 672 2035; x_wconf 86' lang='grc' dir='ltr'><strong>ἐν</strong></span> <span class='ocrx_word' id='word_1_596' title='bbox 701 2008 740 2044; x_wconf 80' lang='grc' dir='ltr'>τῷ</span> <span class='ocrx_word' id='word_1_597' title='bbox 768 2009 869 2045; x_wconf 74' lang='grc' dir='ltr'>ψαλμῷ</span> <span class='ocrx_word' id='word_1_598' title='bbox 900 2009 1053 2046; x_wconf 84' lang='grc' dir='ltr'>λεγομένων</span> <span class='ocrx_word' id='word_1_599' title='bbox 1071 2012 1228 2047; x_wconf 82' lang='grc' dir='ltr'>ἀναφορᾶς,</span> <span class='ocrx_word' id='word_1_600' title='bbox 1250 2014 1306 2045; x_wconf 85' lang='grc' dir='ltr'>τοῖς</span> <span class='ocrx_word' id='word_1_601' title='bbox 1325 2014 1365 2045; x_wconf 81' lang='grc' dir='ltr'><strong>είς</strong></span> <span class='ocrx_word' id='word_1_602' title='bbox 1384 2013 1464 2040; x_wconf 82' lang='grc' dir='ltr'>αὐτὸν</span> <span class='ocrx_word' id='word_1_603' title='bbox 1488 2013 1796 2049; x_wconf 80' lang='grc' dir='ltr'>ὐπομνηματισαμένοις</span> <span class='ocrx_word' id='word_1_604' title='bbox 1823 2013 1903 2039; x_wconf 76' lang='grc' dir='ltr'>ἐντυο</span> 
     </span>
    </p>
   </div>
   <div class='ocr_carea' id='block_1_79' title="bbox 272 2055 451 2092">
    <p class='ocr_par' dir='ltr' id='par_1_79' title="bbox 272 2055 451 2092">
     <span class='ocr_line' id='line_1_79' title="bbox 272 2055 451 2092; baseline 0.006 -10"><span class='ocrx_word' id='word_1_605' title='bbox 272 2055 326 2092; x_wconf 87' lang='grc' dir='ltr'><strong>χὼν</strong></span> <span class='ocrx_word' id='word_1_606' title='bbox 340 2055 451 2083; x_wconf 79' lang='grc' dir='ltr'>εἴσεται.</span> 
     </span>
    </p>
   </div>
   <div class='ocr_carea' id='block_1_80' title="bbox 574 2115 750 2144">
    <p class='ocr_par' dir='ltr' id='par_1_80' title="bbox 574 2115 750 2144">
     <span class='ocr_line' id='line_1_80' title="bbox 574 2115 750 2144; baseline -0.006 0"><span class='ocrx_word' id='word_1_607' title='bbox 574 2116 689 2144; x_wconf 83' lang='lat' dir='ltr'><strong>CAPUT</strong></span> <span class='ocrx_word' id='word_1_608' title='bbox 718 2115 750 2143; x_wconf 89' lang='lat' dir='ltr'><strong>ll.</strong></span> 
     </span>
    </p>
   </div>
   <div class='ocr_carea' id='block_1_81' title="bbox 516 2160 808 2197">
    <p class='ocr_par' dir='ltr' id='par_1_81' title="bbox 516 2160 808 2197">
     <span class='ocr_line' id='line_1_81' title="bbox 516 2160 808 2197; baseline 0.01 -9"><span class='ocrx_word' id='word_1_609' title='bbox 516 2160 539 2188; x_wconf 87' lang='lat' dir='ltr'><em>E</em></span> <span class='ocrx_word' id='word_1_610' title='bbox 561 2163 663 2197; x_wconf 75' lang='lat' dir='ltr'><strong>psalmo</strong></span> <span class='ocrx_word' id='word_1_611' title='bbox 685 2163 808 2191; x_wconf 66' lang='lat' dir='ltr'><strong>secundo.</strong></span> 
     </span>
    </p>
   </div>
   <div class='ocr_carea' id='block_1_82' title="bbox 274 2206 1056 2245">
    <p class='ocr_par' dir='ltr' id='par_1_82' title="bbox 274 2206 1056 2245">
     <span class='ocr_line' id='line_1_82' title="bbox 274 2206 1056 2245; baseline 0.008 -12"><span class='ocrx_word' id='word_1_612' title='bbox 274 2223 276 2227; x_wconf 65' lang='grc' dir='ltr'><strong>τ</strong></span> <span class='ocrx_word' id='word_1_613' title='bbox 310 2215 319 2232; x_wconf 80' lang='grc' dir='ltr'><strong>ι</strong></span> <span class='ocrx_word' id='word_1_614' title='bbox 335 2206 424 2240; x_wconf 84' lang='lat' dir='ltr'><strong>Quare</strong></span> <span class='ocrx_word' id='word_1_615' title='bbox 447 2207 615 2236; x_wconf 84' lang='lat' dir='ltr'><strong>fremuerunt</strong></span> <span class='ocrx_word' id='word_1_616' title='bbox 639 2213 745 2244; x_wconf 80' lang='lat' dir='ltr'><strong>gentes.</strong></span> <span class='ocrx_word' id='word_1_617' title='bbox 768 2214 795 2237; x_wconf 91' lang='lat' dir='ltr'><strong>et</strong></span> <span class='ocrx_word' id='word_1_618' title='bbox 819 2211 911 2245; x_wconf 91' lang='lat' dir='ltr'><strong>populi</strong></span> <span class='ocrx_word' id='word_1_619' title='bbox 933 2211 1056 2239; x_wconf 84' lang='lat' dir='ltr'><strong>meditati</strong></span> 
     </span>
    </p>
   </div>
   <div class='ocr_carea' id='block_1_83' title="bbox 271 2252 1056 2293">
    <p class='ocr_par' dir='ltr' id='par_1_83' title="bbox 271 2252 1056 2293">
     <span class='ocr_line' id='line_1_83' title="bbox 271 2252 1056 2293; baseline 0.008 -14"><span class='ocrx_word' id='word_1_620' title='bbox 271 2257 334 2280; x_wconf 89' lang='lat' dir='ltr'><strong>sunt</strong></span> <span class='ocrx_word' id='word_1_621' title='bbox 355 2252 464 2279; x_wconf 88' lang='lat' dir='ltr'><strong>inania?</strong></span> <span class='ocrx_word' id='word_1_622' title='bbox 495 2254 645 2281; x_wconf 88' lang='lat' dir='ltr'><strong>Astiterunt</strong></span> <span class='ocrx_word' id='word_1_623' title='bbox 671 2262 749 2290; x_wconf 77' lang='lat' dir='ltr'><strong>reges</strong></span> <span class='ocrx_word' id='word_1_624' title='bbox 765 2260 861 2287; x_wconf 70' lang='lat' dir='ltr'><strong>terrae.</strong></span> <span class='ocrx_word' id='word_1_625' title='bbox 879 2261 905 2283; x_wconf 92' lang='lat' dir='ltr'><strong>et</strong></span> <span class='ocrx_word' id='word_1_626' title='bbox 917 2257 1056 2293; x_wconf 89' lang='lat' dir='ltr'><strong>principes</strong></span> 
     </span>
    </p>
   </div>
   <div class='ocr_carea' id='block_1_84' title="bbox 220 2299 1056 2340">
    <p class='ocr_par' dir='ltr' id='par_1_84' title="bbox 220 2299 1056 2340">
     <span class='ocr_line' id='line_1_84' title="bbox 220 2299 1056 2340; baseline 0.008 -16"><span class='ocrx_word' id='word_1_627' title='bbox 220 2335 227 2340; x_wconf 73' lang='lat'>_</span> <span class='ocrx_word' id='word_1_628' title='bbox 269 2302 456 2326; x_wconf 84' lang='lat' dir='ltr'><strong>convenerunt</strong></span> <span class='ocrx_word' id='word_1_629' title='bbox 469 2299 494 2325; x_wconf 90' lang='lat' dir='ltr'><strong>in</strong></span> <span class='ocrx_word' id='word_1_630' title='bbox 509 2308 592 2326; x_wconf 92' lang='lat' dir='ltr'><strong>unum</strong></span> <span class='ocrx_word' id='word_1_631' title='bbox 609 2301 740 2328; x_wconf 84' lang='lat' dir='ltr'><strong>adversus</strong></span> <span class='ocrx_word' id='word_1_632' title='bbox 761 2301 905 2329; x_wconf 88' lang='lat' dir='ltr'><strong>Dominum</strong></span> <span class='ocrx_word' id='word_1_633' title='bbox 921 2307 947 2330; x_wconf 92' lang='lat' dir='ltr'><strong>et</strong></span> <span class='ocrx_word' id='word_1_634' title='bbox 959 2304 1056 2331; x_wconf 84' lang='lat' dir='ltr'><strong>adver-</strong></span> 
     </span>
    </p>
   </div>
   <div class='ocr_carea' id='block_1_85' title="bbox 1374 2118 1632 2146">
    <p class='ocr_par' dir='ltr' id='par_1_85' title="bbox 1374 2118 1632 2146">
     <span class='ocr_line' id='line_1_85' title="bbox 1374 2118 1632 2146; baseline -0.004 0"><span class='ocrx_word' id='word_1_635' title='bbox 1374 2118 1572 2146; x_wconf 77' lang='grc' dir='ltr'><strong>ΚΕΦΑΛΑΙΟΝ</strong></span> <span class='ocrx_word' id='word_1_636' title='bbox 1595 2119 1632 2146; x_wconf 86' lang='lat' dir='ltr'><strong>B&#39;.</strong></span> 
     </span>
    </p>
   </div>
   <div class='ocr_carea' id='block_1_86' title="bbox 1357 2165 1652 2200">
    <p class='ocr_par' dir='ltr' id='par_1_86' title="bbox 1357 2165 1652 2200">
     <span class='ocr_line' id='line_1_86' title="bbox 1357 2165 1652 2200; baseline 0.003 -8"><span class='ocrx_word' id='word_1_637' title='bbox 1357 2166 1481 2200; x_wconf 81' lang='grc' dir='ltr'>Ψαλμοῦ</span> <span class='ocrx_word' id='word_1_638' title='bbox 1501 2166 1534 2192; x_wconf 84' lang='grc' dir='ltr'><strong>δε</strong></span> <span class='ocrx_word' id='word_1_639' title='bbox 1538 2165 1652 2200; x_wconf 82' lang='grc' dir='ltr'>υτέρου.</span> 
     </span>
    </p>
   </div>
   <div class='ocr_carea' id='block_1_87' title="bbox 1147 2210 1900 2248">
    <p class='ocr_par' dir='ltr' id='par_1_87' title="bbox 1147 2210 1900 2248">
     <span class='ocr_line' id='line_1_87' title="bbox 1147 2210 1900 2248; baseline 0.001 -10"><span class='ocrx_word' id='word_1_640' title='bbox 1147 2221 1157 2238; x_wconf 86' lang='grc'><strong>(</strong></span> <span class='ocrx_word' id='word_1_641' title='bbox 1169 2212 1248 2239; x_wconf 82' lang='grc' dir='ltr'>Ἰνατί</span> <span class='ocrx_word' id='word_1_642' title='bbox 1262 2211 1399 2247; x_wconf 82' lang='grc' dir='ltr'>ἐφρύαξαν</span> <span class='ocrx_word' id='word_1_643' title='bbox 1417 2211 1491 2248; x_wconf 77' lang='grc' dir='ltr'>ἔθνη,</span> <span class='ocrx_word' id='word_1_644' title='bbox 1506 2212 1552 2238; x_wconf 84' lang='grc' dir='ltr'><strong>καὶ</strong></span> <span class='ocrx_word' id='word_1_645' title='bbox 1567 2212 1626 2238; x_wconf 71' lang='grc' dir='ltr'>λαοὶ</span> <span class='ocrx_word' id='word_1_646' title='bbox 1639 2210 1808 2248; x_wconf 77' lang='grc' dir='ltr'>ἐμελέτησαν</span> <span class='ocrx_word' id='word_1_647' title='bbox 1821 2212 1900 2244; x_wconf 70' lang='grc' dir='ltr'>κενάς</span> 
     </span>
    </p>
   </div>
   <div class='ocr_carea' id='block_1_88' title="bbox 1109 2258 1901 2294">
    <p class='ocr_par' dir='ltr' id='par_1_88' title="bbox 1109 2258 1901 2294">
     <span class='ocr_line' id='line_1_88' title="bbox 1109 2258 1901 2294; baseline -0.003 -8"><span class='ocrx_word' id='word_1_648' title='bbox 1109 2259 1288 2294; x_wconf 81' lang='grc' dir='ltr'>Παρέστησαν</span> <span class='ocrx_word' id='word_1_649' title='bbox 1313 2259 1336 2284; x_wconf 86' lang='lat' dir='ltr'><strong>0i</strong></span> <span class='ocrx_word' id='word_1_650' title='bbox 1359 2258 1479 2293; x_wconf 83' lang='grc' dir='ltr'>βασιλεῖς</span> <span class='ocrx_word' id='word_1_651' title='bbox 1498 2258 1547 2294; x_wconf 82' lang='grc' dir='ltr'>τῆς</span> <span class='ocrx_word' id='word_1_652' title='bbox 1564 2259 1630 2294; x_wconf 82' lang='grc' dir='ltr'>γῆς,</span> <span class='ocrx_word' id='word_1_653' title='bbox 1653 2258 1701 2285; x_wconf 75' lang='grc' dir='ltr'>καὶ</span> <span class='ocrx_word' id='word_1_654' title='bbox 1725 2259 1750 2284; x_wconf 92' lang='grc' dir='ltr'>οἰ</span> <span class='ocrx_word' id='word_1_655' title='bbox 1767 2259 1901 2294; x_wconf 82' lang='grc' dir='ltr'>ἄρχοντες</span> 
     </span>
    </p>
   </div>
   <div class='ocr_carea' id='block_1_89' title="bbox 1110 2304 1901 2341">
    <p class='ocr_par' dir='ltr' id='par_1_89' title="bbox 1110 2304 1901 2341">
     <span class='ocr_line' id='line_1_89' title="bbox 1110 2304 1901 2341; baseline -0.001 -9"><span class='ocrx_word' id='word_1_656' title='bbox 1110 2307 1280 2341; x_wconf 79' lang='grc' dir='ltr'>συνήχθησαν</span> <span class='ocrx_word' id='word_1_657' title='bbox 1296 2305 1342 2331; x_wconf 74' lang='grc' dir='ltr'>ἐπὶ</span> <span class='ocrx_word' id='word_1_658' title='bbox 1363 2304 1393 2330; x_wconf 86' lang='grc' dir='ltr'>τὸ</span> <span class='ocrx_word' id='word_1_659' title='bbox 1406 2304 1472 2331; x_wconf 75' lang='grc' dir='ltr'>αὐτὸ</span> <span class='ocrx_word' id='word_1_660' title='bbox 1490 2304 1561 2331; x_wconf 79' lang='grc' dir='ltr'>κατὰ</span> <span class='ocrx_word' id='word_1_661' title='bbox 1575 2304 1622 2330; x_wconf 78' lang='grc' dir='ltr'>τοῦ</span> <span class='ocrx_word' id='word_1_662' title='bbox 1635 2304 1748 2339; x_wconf 84' lang='grc' dir='ltr'>Κυρίου,</span> <span class='ocrx_word' id='word_1_663' title='bbox 1767 2305 1816 2331; x_wconf 81' lang='grc' dir='ltr'>καὶ</span> <span class='ocrx_word' id='word_1_664' title='bbox 1830 2306 1901 2331; x_wconf 65' lang='lat' dir='ltr'><strong>uti</strong></span> 
     </span>
    </p>
   </div>
   <div class='ocr_carea' id='block_1_90' title="bbox 270 2336 1060 2387">
    <p class='ocr_par' dir='ltr' id='par_1_90' title="bbox 270 2344 1056 2381">
     <span class='ocr_line' id='line_1_90' title="bbox 270 2344 1056 2381; baseline 0.008 -10"><span class='ocrx_word' id='word_1_665' title='bbox 270 2352 317 2372; x_wconf 91' lang='lat' dir='ltr'><strong>sus</strong></span> <span class='ocrx_word' id='word_1_666' title='bbox 329 2344 467 2372; x_wconf 84' lang='lat' dir='ltr'><strong>Christum</strong></span> <span class='ocrx_word' id='word_1_667' title='bbox 485 2346 544 2380; x_wconf 86' lang='lat' dir='ltr'><strong>ejus</strong></span> <span class='ocrx_word' id='word_1_668' title='bbox 555 2347 591 2372; x_wconf 81' lang='grc'><strong>³.)</strong></span> <span class='ocrx_word' id='word_1_669' title='bbox 609 2346 636 2373; x_wconf 90' lang='lat' dir='ltr'><strong>In</strong></span> <span class='ocrx_word' id='word_1_670' title='bbox 653 2348 837 2381; x_wconf 87' lang='lat' dir='ltr'><strong>apostolorum</strong></span> <span class='ocrx_word' id='word_1_671' title='bbox 853 2349 968 2377; x_wconf 82' lang='lat' dir='ltr'><strong>Actibus</strong></span> <span class='ocrx_word' id='word_1_672' title='bbox 985 2350 1056 2378; x_wconf 88' lang='lat' dir='ltr'><strong>hanc</strong></span> 
     </span>
    </p>
   </div>
   <div class='ocr_carea' id='block_1_91' title="bbox 1112 2336 1901 2387">
    <p class='ocr_par' dir='ltr' id='par_1_91' title="bbox 1112 2350 1901 2387">
     <span class='ocr_line' id='line_1_91' title="bbox 1112 2350 1901 2387; baseline -0.003 -9"><span class='ocrx_word' id='word_1_673' title='bbox 1112 2352 1154 2378; x_wconf 74' lang='grc' dir='ltr'>τοῦ</span> <span class='ocrx_word' id='word_1_674' title='bbox 1166 2351 1282 2387; x_wconf 75' lang='grc' dir='ltr'>Χριστοῦ</span> <span class='ocrx_word' id='word_1_675' title='bbox 1300 2351 1392 2378; x_wconf 82' lang='grc' dir='ltr'>αὐτοῦ.</span> <span class='ocrx_word' id='word_1_676' title='bbox 1410 2361 1419 2376; x_wconf 74' lang='grc' dir='ltr'><strong>ι</strong></span> <span class='ocrx_word' id='word_1_677' title='bbox 1443 2352 1486 2377; x_wconf 87' lang='grc' dir='ltr'>Ἐν</span> <span class='ocrx_word' id='word_1_678' title='bbox 1501 2352 1560 2382; x_wconf 79' lang='grc' dir='ltr'>ταῖς</span> <span class='ocrx_word' id='word_1_679' title='bbox 1576 2351 1629 2377; x_wconf 85' lang='grc' dir='ltr'>τῶν</span> <span class='ocrx_word' id='word_1_680' title='bbox 1646 2350 1805 2377; x_wconf 82' lang='grc' dir='ltr'>ἀποστόλων</span> <span class='ocrx_word' id='word_1_681' title='bbox 1825 2351 1901 2386; x_wconf 79' lang='grc' dir='ltr'><strong>Πρά-</strong></span> 
     </span>
    </p>
   </div>
   <div class='ocr_carea' id='block_1_92' title="bbox 270 2391 1054 2431">
    <p class='ocr_par' dir='ltr' id='par_1_92' title="bbox 270 2391 1054 2431">
     <span class='ocr_line' id='line_1_92' title="bbox 270 2391 1054 2431; baseline 0.008 -14"><span class='ocrx_word' id='word_1_682' title='bbox 270 2391 407 2426; x_wconf 88' lang='lat' dir='ltr'><strong>impletam</strong></span> <span class='ocrx_word' id='word_1_683' title='bbox 421 2391 504 2419; x_wconf 80' lang='lat' dir='ltr'><strong>fuisse</strong></span> <span class='ocrx_word' id='word_1_684' title='bbox 516 2393 684 2427; x_wconf 85' lang='lat' dir='ltr'><strong>prophetiam</strong></span> <span class='ocrx_word' id='word_1_685' title='bbox 700 2395 790 2421; x_wconf 86' lang='lat' dir='ltr'><strong>testati</strong></span> <span class='ocrx_word' id='word_1_686' title='bbox 807 2399 871 2422; x_wconf 88' lang='lat' dir='ltr'><strong>sunt</strong></span> <span class='ocrx_word' id='word_1_687' title='bbox 882 2396 929 2431; x_wconf 92' lang='lat' dir='ltr'><strong>qui</strong></span> <span class='ocrx_word' id='word_1_688' title='bbox 944 2395 1054 2424; x_wconf 82' lang='lat' dir='ltr'><strong>Petrum</strong></span> 
     </span>
    </p>
   </div>
   <div class='ocr_carea' id='block_1_93' title="bbox 269 2436 1055 2473">
    <p class='ocr_par' dir='ltr' id='par_1_93' title="bbox 269 2436 1055 2473">
     <span class='ocr_line' id='line_1_93' title="bbox 269 2436 1055 2473; baseline 0.009 -10"><span class='ocrx_word' id='word_1_689' title='bbox 269 2441 295 2463; x_wconf 92' lang='lat' dir='ltr'><strong>et</strong></span> <span class='ocrx_word' id='word_1_690' title='bbox 307 2436 437 2465; x_wconf 77' lang='lat' dir='ltr'><strong>Joannem</strong></span> <span class='ocrx_word' id='word_1_691' title='bbox 455 2437 591 2465; x_wconf 88' lang='lat' dir='ltr'><strong>mirabilia</strong></span> <span class='ocrx_word' id='word_1_692' title='bbox 609 2445 669 2473; x_wconf 70' lang='lat' dir='ltr'><strong>qua:</strong></span> <span class='ocrx_word' id='word_1_693' title='bbox 691 2438 742 2473; x_wconf 86' lang='lat' dir='ltr'><strong>ipsi</strong></span> <span class='ocrx_word' id='word_1_694' title='bbox 768 2439 891 2467; x_wconf 82' lang='lat' dir='ltr'><strong>viderant</strong></span> <span class='ocrx_word' id='word_1_695' title='bbox 912 2446 1055 2470; x_wconf 85' lang='lat' dir='ltr'><strong>narrantes</strong></span> 
     </span>
    </p>
   </div>
   <div class='ocr_carea' id='block_1_94' title="bbox 269 2483 1055 2520">
    <p class='ocr_par' dir='ltr' id='par_1_94' title="bbox 269 2483 1055 2520">
     <span class='ocr_line' id='line_1_94' title="bbox 269 2483 1055 2520; baseline 0.005 -10"><span class='ocrx_word' id='word_1_696' title='bbox 269 2484 406 2511; x_wconf 85' lang='lat' dir='ltr'><strong>audivere.</strong></span> <span class='ocrx_word' id='word_1_697' title='bbox 422 2483 596 2511; x_wconf 85' lang='lat' dir='ltr'><strong>Gratulantes</strong></span> <span class='ocrx_word' id='word_1_698' title='bbox 613 2484 696 2519; x_wconf 77' lang='lat' dir='ltr'><strong>igitur</strong></span> <span class='ocrx_word' id='word_1_699' title='bbox 713 2485 784 2520; x_wconf 91' lang='lat' dir='ltr'><strong>quod</strong></span> <span class='ocrx_word' id='word_1_700' title='bbox 799 2489 839 2513; x_wconf 84' lang='lat' dir='ltr'><strong>tot</strong></span> <span class='ocrx_word' id='word_1_701' title='bbox 855 2487 987 2513; x_wconf 87' lang='lat' dir='ltr'><strong>miracula</strong></span> <span class='ocrx_word' id='word_1_702' title='bbox 1002 2488 1055 2514; x_wconf 89' lang='lat' dir='ltr'><strong>sibi</strong></span> 
     </span>
    </p>
   </div>
   <div class='ocr_carea' id='block_1_95' title="bbox 271 2529 1055 2565">
    <p class='ocr_par' dir='ltr' id='par_1_95' title="bbox 271 2529 1055 2565">
     <span class='ocr_line' id='line_1_95' title="bbox 271 2529 1055 2565; baseline 0.005 -9"><span class='ocrx_word' id='word_1_703' title='bbox 271 2529 440 2562; x_wconf 83' lang='lat' dir='ltr'><strong>acciderunt,</strong></span> <span class='ocrx_word' id='word_1_704' title='bbox 457 2530 500 2557; x_wconf 90' lang='lat' dir='ltr'><strong>bis</strong></span> <span class='ocrx_word' id='word_1_705' title='bbox 515 2535 692 2565; x_wconf 82' lang='lat' dir='ltr'><strong>perrexerunt</strong></span> <span class='ocrx_word' id='word_1_706' title='bbox 709 2532 799 2559; x_wconf 89' lang='lat' dir='ltr'><strong>verbis</strong></span> <span class='ocrx_word' id='word_1_707' title='bbox 814 2541 820 2559; x_wconf 74' lang='grc' dir='ltr'><strong>ι</strong></span> <span class='ocrx_word' id='word_1_708' title='bbox 837 2541 846 2558; x_wconf 71' lang='grc' dir='ltr'><strong>ι</strong></span> <span class='ocrx_word' id='word_1_709' title='bbox 862 2532 1055 2560; x_wconf 80' lang='lat' dir='ltr'><strong>Conrenerunt</strong></span> 
     </span>
    </p>
   </div>
   <div class='ocr_carea' id='block_1_96' title="bbox 269 2576 1054 2614">
    <p class='ocr_par' dir='ltr' id='par_1_96' title="bbox 269 2576 1054 2614">
     <span class='ocr_line' id='line_1_96' title="bbox 269 2576 1054 2614; baseline 0.005 -12"><span class='ocrx_word' id='word_1_710' title='bbox 269 2576 340 2602; x_wconf 88' lang='lat' dir='ltr'><strong>enim</strong></span> <span class='ocrx_word' id='word_1_711' title='bbox 355 2584 418 2603; x_wconf 85' lang='lat' dir='ltr'><strong>vere</strong></span> <span class='ocrx_word' id='word_1_712' title='bbox 430 2576 457 2602; x_wconf 92' lang='lat' dir='ltr'><strong>in</strong></span> <span class='ocrx_word' id='word_1_713' title='bbox 470 2576 580 2603; x_wconf 86' lang='lat' dir='ltr'><strong>civitate</strong></span> <span class='ocrx_word' id='word_1_714' title='bbox 594 2577 644 2604; x_wconf 87' lang='lat' dir='ltr'><strong>ista</strong></span> <span class='ocrx_word' id='word_1_715' title='bbox 659 2577 790 2604; x_wconf 86' lang='lat' dir='ltr'><strong>adversus</strong></span> <span class='ocrx_word' id='word_1_716' title='bbox 804 2583 927 2605; x_wconf 88' lang='lat' dir='ltr'><strong>sanctum</strong></span> <span class='ocrx_word' id='word_1_717' title='bbox 940 2587 1054 2614; x_wconf 91' lang='lat' dir='ltr'><strong>puerum</strong></span> 
     </span>
    </p>
   </div>
   <div class='ocr_carea' id='block_1_97' title="bbox 269 2621 1054 2657">
    <p class='ocr_par' dir='ltr' id='par_1_97' title="bbox 269 2621 1054 2657">
     <span class='ocr_line' id='line_1_97' title="bbox 269 2621 1054 2657; baseline 0.006 -10"><span class='ocrx_word' id='word_1_718' title='bbox 269 2625 344 2648; x_wconf 87' lang='lat' dir='ltr'><strong>tuum</strong></span> <span class='ocrx_word' id='word_1_719' title='bbox 356 2621 459 2654; x_wconf 70' lang='lat' dir='ltr'><strong>Iesum,</strong></span> <span class='ocrx_word' id='word_1_720' title='bbox 477 2630 557 2657; x_wconf 88' lang='lat' dir='ltr'><strong>quem</strong></span> <span class='ocrx_word' id='word_1_721' title='bbox 575 2623 687 2652; x_wconf 83' lang='lat' dir='ltr'><strong>unxisti.</strong></span> <span class='ocrx_word' id='word_1_722' title='bbox 706 2623 825 2652; x_wconf 83' lang='lat' dir='ltr'><strong>Herodes</strong></span> <span class='ocrx_word' id='word_1_723' title='bbox 838 2630 865 2651; x_wconf 87' lang='lat' dir='ltr'><strong>et</strong></span> <span class='ocrx_word' id='word_1_724' title='bbox 879 2624 993 2652; x_wconf 86' lang='lat' dir='ltr'><strong>Pontius</strong></span> <span class='ocrx_word' id='word_1_725' title='bbox 1009 2625 1054 2652; x_wconf 77' lang='lat' dir='ltr'><strong>Pi-</strong></span> 
     </span>
    </p>
   </div>
   <div class='ocr_carea' id='block_1_98' title="bbox 269 2669 1053 2704">
    <p class='ocr_par' dir='ltr' id='par_1_98' title="bbox 269 2669 1053 2704">
     <span class='ocr_line' id='line_1_98' title="bbox 269 2669 1053 2704; baseline 0.006 -10"><span class='ocrx_word' id='word_1_726' title='bbox 269 2670 349 2698; x_wconf 90' lang='lat' dir='ltr'><strong>latus,</strong></span> <span class='ocrx_word' id='word_1_727' title='bbox 371 2676 433 2695; x_wconf 93' lang='lat' dir='ltr'><strong>cum</strong></span> <span class='ocrx_word' id='word_1_728' title='bbox 446 2669 571 2703; x_wconf 77' lang='lat' dir='ltr'><strong>gentibus</strong></span> <span class='ocrx_word' id='word_1_729' title='bbox 593 2674 619 2696; x_wconf 92' lang='lat' dir='ltr'><strong>et</strong></span> <span class='ocrx_word' id='word_1_730' title='bbox 638 2671 744 2704; x_wconf 87' lang='lat' dir='ltr'><strong>populis</strong></span> <span class='ocrx_word' id='word_1_731' title='bbox 760 2670 842 2698; x_wconf 90' lang='lat' dir='ltr'><strong>lsrael</strong></span> <span class='ocrx_word' id='word_1_732' title='bbox 858 2671 879 2698; x_wconf 89' lang='grc'><strong>³.</strong></span> <span class='ocrx_word' id='word_1_733' title='bbox 896 2681 905 2696; x_wconf 74' lang='grc' dir='ltr'><strong>ι</strong></span> <span class='ocrx_word' id='word_1_734' title='bbox 926 2671 984 2698; x_wconf 89' lang='lat' dir='ltr'><strong>Non</strong></span> <span class='ocrx_word' id='word_1_735' title='bbox 1003 2672 1053 2699; x_wconf 93' lang='lat' dir='ltr'><strong>soli</strong></span> 
     </span>
    </p>
   </div>
   <div class='ocr_carea' id='block_1_99' title="bbox 269 2713 1052 2750">
    <p class='ocr_par' dir='ltr' id='par_1_99' title="bbox 269 2713 1052 2750">
     <span class='ocr_line' id='line_1_99' title="bbox 269 2713 1052 2750; baseline 0.006 -10"><span class='ocrx_word' id='word_1_736' title='bbox 269 2713 339 2740; x_wconf 90' lang='lat' dir='ltr'><strong>enim</strong></span> <span class='ocrx_word' id='word_1_737' title='bbox 365 2716 410 2749; x_wconf 87' lang='lat' dir='ltr'><strong>qui</strong></span> <span class='ocrx_word' id='word_1_738' title='bbox 433 2715 485 2742; x_wconf 88' lang='lat' dir='ltr'><strong>hoc</strong></span> <span class='ocrx_word' id='word_1_739' title='bbox 505 2719 626 2750; x_wconf 90' lang='lat' dir='ltr'><strong>tempore</strong></span> <span class='ocrx_word' id='word_1_740' title='bbox 650 2716 783 2743; x_wconf 86' lang='lat' dir='ltr'><strong>Salvatori</strong></span> <span class='ocrx_word' id='word_1_741' title='bbox 808 2721 905 2744; x_wconf 89' lang='lat' dir='ltr'><strong>nostro</strong></span> <span class='ocrx_word' id='word_1_742' title='bbox 931 2718 1052 2745; x_wconf 84' lang='lat' dir='ltr'><strong>insidiati</strong></span> 
     </span>
    </p>
   </div>
   <div class='ocr_carea' id='block_1_100' title="bbox 270 2759 1052 2799">
    <p class='ocr_par' dir='ltr' id='par_1_100' title="bbox 270 2759 1052 2799">
     <span class='ocr_line' id='line_1_100' title="bbox 270 2759 1052 2799; baseline 0.006 -13"><span class='ocrx_word' id='word_1_743' title='bbox 270 2764 343 2792; x_wconf 87' lang='lat' dir='ltr'><strong>sunt,</strong></span> <span class='ocrx_word' id='word_1_744' title='bbox 360 2759 490 2788; x_wconf 84' lang='lat' dir='ltr'><strong>adversus</strong></span> <span class='ocrx_word' id='word_1_745' title='bbox 505 2769 566 2788; x_wconf 88' lang='lat' dir='ltr'><strong>eum</strong></span> <span class='ocrx_word' id='word_1_746' title='bbox 582 2766 778 2791; x_wconf 88' lang='lat' dir='ltr'><strong>convenerunt.</strong></span> <span class='ocrx_word' id='word_1_747' title='bbox 807 2763 853 2789; x_wconf 88' lang='lat' dir='ltr'><strong>sed</strong></span> <span class='ocrx_word' id='word_1_748' title='bbox 878 2767 905 2790; x_wconf 91' lang='lat' dir='ltr'><strong>et</strong></span> <span class='ocrx_word' id='word_1_749' title='bbox 924 2763 1052 2799; x_wconf 81' lang='lat' dir='ltr'><strong>deinceps</strong></span> 
     </span>
    </p>
   </div>
   <div class='ocr_carea' id='block_1_101' title="bbox 271 2807 1053 2845">
    <p class='ocr_par' dir='ltr' id='par_1_101' title="bbox 271 2807 1053 2845">
     <span class='ocr_line' id='line_1_101' title="bbox 271 2807 1053 2845; baseline 0.008 -14"><span class='ocrx_word' id='word_1_750' title='bbox 271 2812 342 2831; x_wconf 85' lang='lat' dir='ltr'><strong>nutu:</strong></span> <span class='ocrx_word' id='word_1_751' title='bbox 360 2814 446 2841; x_wconf 78' lang='lat' dir='ltr'><strong>usque</strong></span> <span class='ocrx_word' id='word_1_752' title='bbox 462 2815 539 2842; x_wconf 75' lang='lat' dir='ltr'><strong>reges</strong></span> <span class='ocrx_word' id='word_1_753' title='bbox 560 2811 587 2834; x_wconf 90' lang='lat' dir='ltr'><strong>et</strong></span> <span class='ocrx_word' id='word_1_754' title='bbox 603 2807 757 2843; x_wconf 80' lang='lat' dir='ltr'><strong>principes,</strong></span> <span class='ocrx_word' id='word_1_755' title='bbox 783 2809 971 2844; x_wconf 76' lang='lat' dir='ltr'><strong>universaeque</strong></span> <span class='ocrx_word' id='word_1_756' title='bbox 987 2818 1053 2845; x_wconf 73' lang='lat' dir='ltr'><strong>gen-</strong></span> 
     </span>
    </p>
   </div>
   <div class='ocr_carea' id='block_1_102' title="bbox 270 2853 1053 2891">
    <p class='ocr_par' dir='ltr' id='par_1_102' title="bbox 270 2853 1053 2891">
     <span class='ocr_line' id='line_1_102' title="bbox 270 2853 1053 2891; baseline 0.008 -14"><span class='ocrx_word' id='word_1_757' title='bbox 270 2855 311 2878; x_wconf 86' lang='lat' dir='ltr'><strong>tes</strong></span> <span class='ocrx_word' id='word_1_758' title='bbox 325 2855 352 2878; x_wconf 89' lang='lat' dir='ltr'><strong>et</strong></span> <span class='ocrx_word' id='word_1_759' title='bbox 368 2853 476 2887; x_wconf 85' lang='lat' dir='ltr'><strong>populi,</strong></span> <span class='ocrx_word' id='word_1_760' title='bbox 500 2855 546 2888; x_wconf 88' lang='lat' dir='ltr'><strong>qui</strong></span> <span class='ocrx_word' id='word_1_761' title='bbox 568 2854 828 2888; x_wconf 83' lang='lat' dir='ltr'><strong>blaspliemaverunt</strong></span> <span class='ocrx_word' id='word_1_762' title='bbox 849 2863 913 2883; x_wconf 88' lang='lat' dir='ltr'><strong>eum</strong></span> <span class='ocrx_word' id='word_1_763' title='bbox 938 2856 1053 2891; x_wconf 87' lang='lat' dir='ltr'><strong>ejusque</strong></span> 
     </span>
    </p>
   </div>
   <div class='ocr_carea' id='block_1_103' title="bbox 1109 2396 1900 2432">
    <p class='ocr_par' dir='ltr' id='par_1_103' title="bbox 1109 2396 1900 2432">
     <span class='ocr_line' id='line_1_103' title="bbox 1109 2396 1900 2432; baseline -0.001 -9"><span class='ocrx_word' id='word_1_764' title='bbox 1109 2396 1166 2428; x_wconf 80' lang='grc' dir='ltr'>ξεσι</span> <span class='ocrx_word' id='word_1_765' title='bbox 1188 2397 1235 2423; x_wconf 78' lang='grc' dir='ltr'>καὶ</span> <span class='ocrx_word' id='word_1_766' title='bbox 1256 2396 1358 2431; x_wconf 84' lang='grc' dir='ltr'>ταύτην</span> <span class='ocrx_word' id='word_1_767' title='bbox 1390 2396 1585 2432; x_wconf 82' lang='grc' dir='ltr'>πεπληρῶσθαι</span> <span class='ocrx_word' id='word_1_768' title='bbox 1611 2396 1660 2431; x_wconf 80' lang='grc' dir='ltr'>τὴν</span> <span class='ocrx_word' id='word_1_769' title='bbox 1682 2396 1855 2431; x_wconf 82' lang='grc' dir='ltr'>προφητείαν</span> <span class='ocrx_word' id='word_1_770' title='bbox 1876 2397 1900 2422; x_wconf 75' lang='grc' dir='ltr'><strong>οἱ</strong></span> 
     </span>
    </p>
   </div>
   <div class='ocr_carea' id='block_1_104' title="bbox 1107 2441 1899 2478">
    <p class='ocr_par' dir='ltr' id='par_1_104' title="bbox 1107 2441 1899 2478">
     <span class='ocr_line' id='line_1_104' title="bbox 1107 2441 1899 2478; baseline -0.001 -9"><span class='ocrx_word' id='word_1_771' title='bbox 1107 2443 1154 2469; x_wconf 76' lang='grc' dir='ltr'>τοῦ</span> <span class='ocrx_word' id='word_1_772' title='bbox 1169 2444 1271 2478; x_wconf 78' lang='grc' dir='ltr'>Πέτρου</span> <span class='ocrx_word' id='word_1_773' title='bbox 1294 2443 1341 2469; x_wconf 72' lang='grc' dir='ltr'>καὶ</span> <span class='ocrx_word' id='word_1_774' title='bbox 1367 2443 1489 2469; x_wconf 85' lang='grc' dir='ltr'>Ἰωάννου</span> <span class='ocrx_word' id='word_1_775' title='bbox 1509 2441 1543 2468; x_wconf 80' lang='grc' dir='ltr'>τὰ</span> <span class='ocrx_word' id='word_1_776' title='bbox 1558 2441 1618 2468; x_wconf 78' lang='grc' dir='ltr'>κατ’</span> <span class='ocrx_word' id='word_1_777' title='bbox 1634 2442 1732 2473; x_wconf 79' lang='grc' dir='ltr'>αὐτοὺς</span> <span class='ocrx_word' id='word_1_778' title='bbox 1757 2441 1899 2478; x_wconf 77' lang='grc' dir='ltr'>παράδοξα</span> 
     </span>
    </p>
   </div>
   <div class='ocr_carea' id='block_1_105' title="bbox 1107 2488 1900 2526">
    <p class='ocr_par' dir='ltr' id='par_1_105' title="bbox 1107 2488 1900 2526">
     <span class='ocr_line' id='line_1_105' title="bbox 1107 2488 1900 2526; baseline -0.001 -10"><span class='ocrx_word' id='word_1_779' title='bbox 1107 2490 1291 2526; x_wconf 85' lang='grc' dir='ltr'>διηγουμένων</span> <span class='ocrx_word' id='word_1_780' title='bbox 1310 2489 1475 2520; x_wconf 79' lang='grc' dir='ltr'>ἀκούσαντες</span> <span class='ocrx_word' id='word_1_781' title='bbox 1495 2488 1699 2524; x_wconf 79' lang='grc' dir='ltr'>ἐμαρτύρησαν.</span> <span class='ocrx_word' id='word_1_782' title='bbox 1726 2489 1900 2524; x_wconf 80' lang='grc' dir='ltr'>Εὺχαριστή-</span> 
     </span>
    </p>
   </div>
   <div class='ocr_carea' id='block_1_106' title="bbox 1108 2532 1899 2574">
    <p class='ocr_par' dir='ltr' id='par_1_106' title="bbox 1108 2532 1899 2574">
     <span class='ocr_line' id='line_1_106' title="bbox 1108 2532 1899 2574; baseline -0.003 -12"><span class='ocrx_word' id='word_1_783' title='bbox 1108 2544 1201 2566; x_wconf 82' lang='grc' dir='ltr'>σαντες</span> <span class='ocrx_word' id='word_1_784' title='bbox 1226 2534 1281 2570; x_wconf 82' lang='grc' dir='ltr'>γὰρ</span> <span class='ocrx_word' id='word_1_785' title='bbox 1308 2536 1365 2566; x_wconf 85' lang='grc' dir='ltr'>τοῖς</span> <span class='ocrx_word' id='word_1_786' title='bbox 1386 2535 1428 2569; x_wconf 78' lang='grc' dir='ltr'>ἐφ’</span> <span class='ocrx_word' id='word_1_787' title='bbox 1453 2532 1494 2574; x_wconf 76' lang='grc' dir='ltr'>οἷς</span> <span class='ocrx_word' id='word_1_788' title='bbox 1521 2535 1618 2569; x_wconf 78' lang='grc' dir='ltr'>ἢκουον</span> <span class='ocrx_word' id='word_1_789' title='bbox 1650 2534 1813 2569; x_wconf 84' lang='grc' dir='ltr'>θαυμασίοις</span> <span class='ocrx_word' id='word_1_790' title='bbox 1841 2536 1899 2565; x_wconf 80' lang='grc' dir='ltr'>τοῖς</span> 
     </span>
    </p>
   </div>
   <div class='ocr_carea' id='block_1_107' title="bbox 1107 2581 1899 2618">
    <p class='ocr_par' dir='ltr' id='par_1_107' title="bbox 1107 2581 1899 2618">
     <span class='ocr_line' id='line_1_107' title="bbox 1107 2581 1899 2618; baseline -0.003 -9"><span class='ocrx_word' id='word_1_791' title='bbox 1107 2581 1294 2618; x_wconf 81' lang='grc' dir='ltr'>προεκτεθεῐσι</span> <span class='ocrx_word' id='word_1_792' title='bbox 1312 2582 1403 2617; x_wconf 81' lang='grc' dir='ltr'>ῥητοῖς</span> <span class='ocrx_word' id='word_1_793' title='bbox 1419 2581 1560 2616; x_wconf 85' lang='grc' dir='ltr'>ἐπήγαγον</span> <span class='ocrx_word' id='word_1_794' title='bbox 1572 2581 1697 2615; x_wconf 78' lang='grc' dir='ltr'>λέγοντες</span> <span class='ocrx_word' id='word_1_795' title='bbox 1707 2589 1714 2596; x_wconf 91' lang='grc'><strong>·</strong></span> <span class='ocrx_word' id='word_1_796' title='bbox 1734 2590 1743 2606; x_wconf 80' lang='grc' dir='ltr'><strong>ι</strong></span> <span class='ocrx_word' id='word_1_797' title='bbox 1761 2581 1899 2616; x_wconf 81' lang='grc' dir='ltr'>Συνήχθη-</span> 
     </span>
    </p>
   </div>
   <div class='ocr_carea' id='block_1_108' title="bbox 1108 2627 1895 2663">
    <p class='ocr_par' dir='ltr' id='par_1_108' title="bbox 1108 2627 1895 2663">
     <span class='ocr_line' id='line_1_108' title="bbox 1108 2627 1895 2663; baseline 0 -9"><span class='ocrx_word' id='word_1_798' title='bbox 1108 2637 1157 2655; x_wconf 86' lang='grc' dir='ltr'><strong>σαν</strong></span> <span class='ocrx_word' id='word_1_799' title='bbox 1181 2628 1236 2663; x_wconf 79' lang='grc' dir='ltr'><strong>γὰρ</strong></span> <span class='ocrx_word' id='word_1_800' title='bbox 1259 2629 1302 2654; x_wconf 81' lang='grc' dir='ltr'>ἐπ’</span> <span class='ocrx_word' id='word_1_801' title='bbox 1328 2627 1456 2663; x_wconf 83' lang='grc' dir='ltr'>ἀληθείας</span> <span class='ocrx_word' id='word_1_802' title='bbox 1484 2628 1530 2654; x_wconf 77' lang='grc' dir='ltr'><strong>ἐπὶ</strong></span> <span class='ocrx_word' id='word_1_803' title='bbox 1555 2628 1585 2654; x_wconf 81' lang='grc' dir='ltr'>τὸ</span> <span class='ocrx_word' id='word_1_804' title='bbox 1611 2628 1676 2654; x_wconf 82' lang='grc' dir='ltr'>αὐτὸ</span> <span class='ocrx_word' id='word_1_805' title='bbox 1703 2628 1732 2653; x_wconf 84' lang='grc' dir='ltr'><strong>ἐν</strong></span> <span class='ocrx_word' id='word_1_806' title='bbox 1759 2630 1793 2663; x_wconf 80' lang='grc' dir='ltr'>τῇ</span> <span class='ocrx_word' id='word_1_807' title='bbox 1821 2628 1895 2654; x_wconf 78' lang='grc' dir='ltr'>πόλει</span> 
     </span>
    </p>
   </div>
   <div class='ocr_carea' id='block_1_109' title="bbox 1106 2673 1895 2724">
    <p class='ocr_par' dir='ltr' id='par_1_109' title="bbox 1106 2673 1895 2724">
     <span class='ocr_line' id='line_1_109' title="bbox 1106 2673 1895 2724; baseline 0 -24"><span class='ocrx_word' id='word_1_808' title='bbox 1106 2673 1190 2710; x_wconf 78' lang='grc' dir='ltr'>ταύτῃ</span> <span class='ocrx_word' id='word_1_809' title='bbox 1202 2675 1250 2724; x_wconf 58' lang='grc' dir='ltr'>ἐπὶ</span> <span class='ocrx_word' id='word_1_810' title='bbox 1264 2674 1308 2700; x_wconf 83' lang='grc' dir='ltr'><strong>τὸν</strong></span> <span class='ocrx_word' id='word_1_811' title='bbox 1324 2674 1401 2708; x_wconf 79' lang='grc' dir='ltr'>ἆγιον</span> <span class='ocrx_word' id='word_1_812' title='bbox 1412 2673 1495 2700; x_wconf 79' lang='grc' dir='ltr'>παῖδά</span> <span class='ocrx_word' id='word_1_813' title='bbox 1510 2682 1566 2705; x_wconf 89' lang='grc' dir='ltr'>σου,</span> <span class='ocrx_word' id='word_1_814' title='bbox 1587 2674 1616 2700; x_wconf 82' lang='grc' dir='ltr'>ὃν</span> <span class='ocrx_word' id='word_1_815' title='bbox 1633 2674 1754 2710; x_wconf 75' lang='grc' dir='ltr'>ἔχρισας,</span> <span class='ocrx_word' id='word_1_816' title='bbox 1773 2674 1895 2709; x_wconf 74' lang='grc' dir='ltr'>Ἡρώδης</span> 
     </span>
    </p>
   </div>
   <div class='ocr_carea' id='block_1_110' title="bbox 1105 2720 1895 2752">
    <p class='ocr_par' dir='ltr' id='par_1_110' title="bbox 1105 2720 1895 2752">
     <span class='ocr_line' id='line_1_110' title="bbox 1105 2720 1895 2752; baseline 0 -6"><span class='ocrx_word' id='word_1_817' title='bbox 1105 2728 1135 2746; x_wconf 82' lang='grc' dir='ltr'><strong>τε</strong></span> <span class='ocrx_word' id='word_1_818' title='bbox 1160 2720 1211 2746; x_wconf 74' lang='grc' dir='ltr'><strong>καῖ</strong></span> <span class='ocrx_word' id='word_1_819' title='bbox 1232 2720 1343 2751; x_wconf 83' lang='grc' dir='ltr'>Πόντιος</span> <span class='ocrx_word' id='word_1_820' title='bbox 1375 2720 1506 2752; x_wconf 70' lang='grc' dir='ltr'>Πιλᾶτος,</span> <span class='ocrx_word' id='word_1_821' title='bbox 1543 2721 1591 2746; x_wconf 72' lang='grc' dir='ltr'>σὺν</span> <span class='ocrx_word' id='word_1_822' title='bbox 1626 2720 1714 2746; x_wconf 75' lang='grc' dir='ltr'>ἔθνεσι</span> <span class='ocrx_word' id='word_1_823' title='bbox 1750 2721 1799 2747; x_wconf 67' lang='grc' dir='ltr'><strong>καὶ</strong></span> <span class='ocrx_word' id='word_1_824' title='bbox 1823 2721 1895 2751; x_wconf 83' lang='grc' dir='ltr'>λαοῖς</span> 
     </span>
    </p>
   </div>
   <div class='ocr_carea' id='block_1_111' title="bbox 1113 2765 1893 2801">
    <p class='ocr_par' dir='ltr' id='par_1_111' title="bbox 1113 2765 1893 2801">
     <span class='ocr_line' id='line_1_111' title="bbox 1113 2765 1893 2801; baseline 0.001 -10"><span class='ocrx_word' id='word_1_825' title='bbox 1113 2765 1231 2800; x_wconf 86' lang='grc' dir='ltr'>Ἰσραήλ.</span> <span class='ocrx_word' id='word_1_826' title='bbox 1253 2775 1261 2791; x_wconf 71' lang='grc' dir='ltr'><strong>ι</strong></span> <span class='ocrx_word' id='word_1_827' title='bbox 1279 2765 1315 2792; x_wconf 84' lang='grc' dir='ltr'><strong>Οὐ</strong></span> <span class='ocrx_word' id='word_1_828' title='bbox 1341 2765 1414 2800; x_wconf 88' lang='grc' dir='ltr'>μόνοι</span> <span class='ocrx_word' id='word_1_829' title='bbox 1431 2765 1459 2791; x_wconf 87' lang='grc' dir='ltr'><strong>δὲ</strong></span> <span class='ocrx_word' id='word_1_830' title='bbox 1479 2765 1532 2800; x_wconf 84' lang='grc' dir='ltr'>ἄρα</span> <span class='ocrx_word' id='word_1_831' title='bbox 1552 2766 1576 2791; x_wconf 91' lang='grc' dir='ltr'>οἱ</span> <span class='ocrx_word' id='word_1_832' title='bbox 1595 2766 1655 2792; x_wconf 86' lang='grc' dir='ltr'>κατ’</span> <span class='ocrx_word' id='word_1_833' title='bbox 1678 2766 1768 2792; x_wconf 81' lang='grc' dir='ltr'>ἐκεῖνο</span> <span class='ocrx_word' id='word_1_834' title='bbox 1797 2765 1893 2801; x_wconf 76' lang='grc' dir='ltr'>καιροῦ</span> 
     </span>
    </p>
   </div>
   <div class='ocr_carea' id='block_1_112' title="bbox 1106 2810 1895 2848">
    <p class='ocr_par' dir='ltr' id='par_1_112' title="bbox 1106 2810 1895 2848">
     <span class='ocr_line' id='line_1_112' title="bbox 1106 2810 1895 2848; baseline 0.003 -11"><span class='ocrx_word' id='word_1_835' title='bbox 1106 2810 1348 2843; x_wconf 70' lang='grc' dir='ltr'>ἐπιϐουλεύσαντες</span> <span class='ocrx_word' id='word_1_836' title='bbox 1367 2811 1407 2846; x_wconf 85' lang='grc' dir='ltr'>τῷ</span> <span class='ocrx_word' id='word_1_837' title='bbox 1425 2812 1530 2847; x_wconf 83' lang='grc' dir='ltr'>Σωτῆρι</span> <span class='ocrx_word' id='word_1_838' title='bbox 1551 2813 1566 2847; x_wconf 85' lang='grc' dir='ltr'>ἠ</span> <span class='ocrx_word' id='word_1_839' title='bbox 1572 2811 1629 2847; x_wconf 85' lang='grc' dir='ltr'><strong>μῶν</strong></span> <span class='ocrx_word' id='word_1_840' title='bbox 1644 2812 1817 2848; x_wconf 84' lang='grc' dir='ltr'>συνήχθησαν</span> <span class='ocrx_word' id='word_1_841' title='bbox 1834 2813 1895 2839; x_wconf 70' lang='grc' dir='ltr'>κατ’</span> 
     </span>
    </p>
   </div>
   <div class='ocr_carea' id='block_1_113' title="bbox 1107 2857 1895 2896">
    <p class='ocr_par' dir='ltr' id='par_1_113' title="bbox 1107 2857 1895 2896">
     <span class='ocr_line' id='line_1_113' title="bbox 1107 2857 1895 2896; baseline 0.001 -12"><span class='ocrx_word' id='word_1_842' title='bbox 1107 2857 1200 2888; x_wconf 81' lang='grc' dir='ltr'>αὑτοῦ,</span> <span class='ocrx_word' id='word_1_843' title='bbox 1223 2857 1292 2884; x_wconf 83' lang='grc' dir='ltr'>ἀλλὰ</span> <span class='ocrx_word' id='word_1_844' title='bbox 1316 2857 1363 2884; x_wconf 75' lang='grc' dir='ltr'>καὶ</span> <span class='ocrx_word' id='word_1_845' title='bbox 1384 2859 1408 2884; x_wconf 80' lang='grc' dir='ltr'><strong>οἱ</strong></span> <span class='ocrx_word' id='word_1_846' title='bbox 1432 2858 1548 2892; x_wconf 76' lang='grc' dir='ltr'>καθεξῆς</span> <span class='ocrx_word' id='word_1_847' title='bbox 1570 2858 1599 2892; x_wconf 80' lang='grc' dir='ltr'>ἐξ</span> <span class='ocrx_word' id='word_1_848' title='bbox 1617 2859 1723 2885; x_wconf 84' lang='grc' dir='ltr'>ἐκείνου</span> <span class='ocrx_word' id='word_1_849' title='bbox 1746 2859 1794 2886; x_wconf 76' lang='grc' dir='ltr'><strong>καὶ</strong></span> <span class='ocrx_word' id='word_1_850' title='bbox 1813 2858 1895 2896; x_wconf 78' lang='grc' dir='ltr'>δεῦρο</span> 
     </span>
    </p>
   </div>
   <div class='ocr_carea' id='block_1_114' title="bbox 303 2928 1060 2968">
    <p class='ocr_par' dir='ltr' id='par_1_114' title="bbox 303 2928 1023 2968">
     <span class='ocr_line' id='line_1_114' title="bbox 303 2928 1023 2968; baseline 0.006 -12"><span class='ocrx_word' id='word_1_851' title='bbox 303 2929 325 2944; x_wconf 88' lang='lat'><strong>&quot;</strong></span> <span class='ocrx_word' id='word_1_852' title='bbox 345 2928 416 2957; x_wconf 85' lang='lat' dir='ltr'><strong>Psal.</strong></span> <span class='ocrx_word' id='word_1_853' title='bbox 430 2938 449 2962; x_wconf 85' lang='grc' dir='ltr'><strong>ι,</strong></span> <span class='ocrx_word' id='word_1_854' title='bbox 466 2930 493 2959; x_wconf 79' lang='lat'><strong>3.</strong></span> <span class='ocrx_word' id='word_1_855' title='bbox 531 2931 539 2946; x_wconf 88' lang='grc'>¹</span> <span class='ocrx_word' id='word_1_856' title='bbox 561 2930 612 2959; x_wconf 84' lang='lat' dir='ltr'><strong>lsu.</strong></span> <span class='ocrx_word' id='word_1_857' title='bbox 632 2939 696 2965; x_wconf 83' lang='lat' dir='ltr'><strong>LIII,</strong></span> <span class='ocrx_word' id='word_1_858' title='bbox 713 2932 738 2960; x_wconf 85' lang='lat'><strong>9.</strong></span> <span class='ocrx_word' id='word_1_859' title='bbox 777 2933 787 2948; x_wconf 84' lang='grc'><strong><em>²</em></strong></span> <span class='ocrx_word' id='word_1_860' title='bbox 811 2933 883 2961; x_wconf 86' lang='lat' dir='ltr'><strong>Psal.</strong></span> <span class='ocrx_word' id='word_1_861' title='bbox 903 2941 938 2967; x_wconf 88' lang='lat' dir='ltr'><strong>u,</strong></span> <span class='ocrx_word' id='word_1_862' title='bbox 958 2933 981 2968; x_wconf 76' lang='grc' dir='ltr'>Ι,</span> <span class='ocrx_word' id='word_1_863' title='bbox 997 2933 1023 2960; x_wconf 74' lang='grc'><strong>2.</strong></span> 
     </span>
    </p>
   </div>
   <div class='ocr_carea' id='block_1_115' title="bbox 1112 2928 1267 2968">
    <p class='ocr_par' dir='ltr' id='par_1_115' title="bbox 1115 2934 1267 2967">
     <span class='ocr_line' id='line_1_115' title="bbox 1115 2934 1267 2967; baseline 0 -5"><span class='ocrx_word' id='word_1_864' title='bbox 1115 2939 1151 2962; x_wconf 83' lang='lat' dir='ltr'><strong>et.</strong></span> <span class='ocrx_word' id='word_1_865' title='bbox 1168 2942 1205 2967; x_wconf 87' lang='lat' dir='ltr'><strong>tv,</strong></span> <span class='ocrx_word' id='word_1_866' title='bbox 1222 2934 1267 2962; x_wconf 76' lang='grc'><strong>27.</strong></span> 
     </span>
    </p>
   </div>
  </div>
