2037 3215
169 179 241 206 1093

682 181 828 210 ECLOG/E
845 183 1089 213 PROPIIETlC/E.
1103 203 1136 206 —
1149 187 1215 216 LIB.
1239 188 1269 215 ll.

1733 194 1800 222 1095

166 239 285 274 βασιλεῖς
301 241 347 266 καὶ
362 241 500 275 αρχοντες,
521 242 569 268 ὅλα
580 251 609 268 τε
626 242 689 278 ἔθνη
706 245 754 270 κα¹ι
770 244 838 277 λαοὶ,
852 245 897 271 διὰ
910 254 937 271 το

988 262 992 276 ,
1010 246 1140 274 doctrinae
1165 248 1286 275 insidiati
1311 253 1385 276 sunt.
1413 249 1575 278 Persuasum
1593 255 1682 279 autem
1699 243 1800 280 habere

167 285 337 321 βλασφημεῖν
363 287 444 313 αὐτὸν
467 288 513 315 καὶ
538 288 724 316 ἐπιϐουλεύειν
748 290 832 317 αὑτοῦ
855 293 888 327 τῇ
914 292 954 318 δι-

164 331 308 367 δασκαλίᾳ.
326 332 476 360 Πεπείσθαι
499 334 527 360 δὲ
547 335 600 370 χρὴ
619 336 655 371 μὴ
675 337 754 371 μόνον
776 338 838 368 τοὺς
859 338 887 364 ὲν
907 339 953 364 ἁν-

165 378 285 414 θρὼποις
313 378 428 413 ὁρατοὺς
448 379 566 414 βασιλεῖς
588 383 635 408 καὶ
652 382 786 418 ἄρχοντας
810 383 953 410 ἐπιϐεϐου-

164 424 290 451 λευκέναι
311 425 399 460 αὐτῷ,
420 426 487 452 πολὺ
508 427 537 453 δὲ
561 427 661 462 μᾶλλον
685 429 748 461 τοὺς
771 430 882 465 νοητοὺς
906 431 953 458 καὶ

163 470 298 506 ἀοράτους
310 470 448 506 ’ἄρχοντας
469 473 516 498 τοῦ
533 473 630 506 αἰῶνος
645 473 756 508 τούτου,
779 475 804 502 οἶ
825 477 872 502 καὶ
891 477 950 503 τότε

163 517 318 551 ἐνήργησαν
339 517 385 542 καὶ
411 518 452 549 εἰς
475 518 515 545 ἔτι
537 518 583 545 νῦν
607 520 764 555 ἐνεργοῦσι,
786 521 821 548 τά
842 531 870 548 τε
887 522 951 558 ἔθνη

162 564 211 590 καὶ
230 564 292 595 τοὺς
315 564 381 590 κενὰ
404 565 451 591 καὶ¹
476 567 516 597 εὶς
537 566 623 602 μάτην
645 566 692 593 τὸν
713 567 759 594 τοῦ
779 568 846 594 Θεοῦ
870 569 952 604 νόμον

163 607 363 642 μελετήσαντας
386 609 468 642 λαοὺς
495 611 558 642 τοὺς
578 611 610 637 ὲκ
634 613 793 648 περιτομῆς,
816 614 846 640 οὐ
872 615 951 649 μόνον

161 654 231 680 κατὰ
250 654 296 680 τοῦ
309 655 428 689 Χριστοῦ
448 656 495 682 τοῦ
518 656 585 683 Θεοῦ
612 657 858 694 βουλευσαμένους,
883 661 950 687 ἀλλὰ

159 699 194 725 δι’
211 699 292 726 αὑτοῦ
318 700 364 726 καὶ
386 702 457 728 κατὰ
482 702 529 728 τοῦ
547 703 704 738 πέμψαντος
728 705 809 732 αὐτὸν
831 707 948 742 Πατρός·

160 746 225 781 περὶ
247 743 284 772 ὧν
307 746 433 774 ἁπάντων
450 749 478 774 ὲν
490 748 529 783 τῷ
543 749 642 785 ψαλμῷ
659 750 817 786 ἐπιφέρεται
839 752 879 783 τὸ,
900 762 908 777 ι
919 753 950 779 Ὀ

159 792 295 818 κατοικῶν
309 793 338 818 ὲν
351 793 473 828 οὐρανοῖς
490 794 668 828 ἐκγελάσεται
685 796 793 828 αὐτοὺς,
807 798 853 824 καὶ
867 798 881 823 ὁ
892 798 949 824 Κύ-

161 845 218 872 ριος
230 838 411 874 ἐκμυκτηριεῖ
430 839 536 871 αὐτούς.
557 839 622 867 Τότε
638 841 749 877 λαλήσει
766 842 834 878 πρὸς
851 843 948 875 αὐτοὺς

158 883 189 908 ὲν
204 883 272 918 ὀργῇ
287 883 380 914 αὑτοῦ,
400 884 446 910 καὶ
463 884 492 910 ὲν
506 884 545 920 τῷ
562 884 641 921 θυμῷ
661 885 743 912 αὑτοῦ
768 887 881 923 ταράξει
897 888 946 914 αὐ-

1005 296 1112 326 oportet
1139 300 1191 319 non
1216 297 1321 320 tantum
1345 294 1467 322 visibiles
1493 295 1519 322 in
1537 295 1695 324 [nominibus
1721 305 1800 333 reges

1003 338 1196 373 principesque
1220 339 1244 366 ei
1268 339 1355 367 fuisse
1370 340 1513 369 insidiatos
1524 362 1531 372 .
1546 342 1594 369 sed
1609 343 1694 370 multo
1711 344 1799 379 magis

1007 383 1146 418 spiritales
1163 384 1370 420 invisibilesque
1386 386 1468 421 hujus
1485 388 1577 415 saeculi
1592 388 1739 423 principes,
1752 390 1799 424 qui

1007 432 1071 455 tunc
1087 430 1304 464 exagitaverunt,
1315 432 1386 458 sicut
1403 437 1429 459 et
1443 441 1515 460 nunc
1527 435 1677 469 exagitant,
1690 440 1798 470 gentes-

1003 482 1056 509 que
1083 479 1110 502 et
1134 476 1353 505 circutncisionis
1377 479 1492 513 populos
1518 479 1620 507 frustra
1636 484 1663 507 et
1680 481 1796 516 nequid-

1002 529 1082 555 quam
1099 521 1198 549 divinze
1215 523 1266 557 legi
1285 524 1438 557 studentes,
1463 533 1517 552 non
1535 529 1638 552 tantum
1664 527 1797 555 adversus

1002 566 1141 594 Christum
1160 567 1272 600 Dei,sed
1288 577 1335 603 per
1351 577 1424 602 eum,
1442 574 1468 597 et
1485 570 1616 598 adversus
1630 571 1736 599 Patrem
1748 573 1797 608 qui

1002 612 1077 639 misit
1102 613 1189 645 illum,
1216 614 1370 642 insidiatos.
1411 615 1449 643 Dc
1476 616 1519 644 his
1535 617 1665 644 omnibus
1693 618 1744 646 hoc
1768 620 1796 647 in

1001 658 1107 692 psalmo
1130 659 1240 686 additur
1259 669 1266 687 :
1287 669 1296 685 ‹
1315 660 1365 692 Qui
1392 660 1495 688 habitat
1519 662 1546 689 in
1568 663 1646 691 caelis
1672 663 1796 691 irridebit

1000 711 1059 736 eos,
1073 708 1099 731 et
1112 704 1244 733 Dominus
1257 707 1437 734 subsannabit
1451 715 1509 735 eos.
1525 708 1602 736 Tunc
1618 709 1743 744 loquetur
1760 711 1794 738 ad

1003 757 1052 777 eos
1067 750 1093 777 in
1108 751 1147 777 ira
1165 759 1224 783 sua,
1240 757 1266 779 et
1281 752 1308 778 in
1325 752 1418 780 furore
1434 761 1484 781 suo
1501 755 1675 782 conturbabit
1689 764 1736 783 eos
1753 756 1791 783 ⁸.»

999 793 1104 827 Quibus
1120 795 1218 823 deinde
1241 797 1368 824 Christus
1386 798 1444 832 ipse
1466 799 1550 831 dicit,
1578 799 1792 828 dominationem

1000 848 1077 868 suam
1103 847 1165 876 post
1190 843 1346 877 passionem
1368 845 1546 872 constitutam
1570 853 1620 874 nos
1646 847 1791 875 edocens:

1002 895 1011 911 ι
1027 885 1083 921 Ego
1097 891 1188 914 autem
1205 889 1373 917 constitutus
1395 898 1455 917 sum
1472 898 1518 917 rex
1533 891 1567 918 ab
1583 899 1615 918 eo
1630 900 1712 927 super
1725 892 1792 920 Sion

157 928 232 960 τούς.
250 939 258 954 ι
288 926 335 960 Οἷς
361 929 424 964 ἑξῆς
454 930 536 962 αὐτὸς
563 932 576 958 ὁ
600 932 717 967 Χριστὸς
744 932 793 968 τὴν
823 933 891 968 μετὰ
916 934 937 960 τὶ

997 933 1115 956 montem
1134 936 1258 958 sanctum
1276 932 1347 967 ejus,
1374 933 1526 968 praedicans
1557 926 1720 971 praeceptum
1736 937 1791 965 Do-

157 974 246 1006 πάθος
263 976 447 1011 γεγενημένην
463 977 525 1013 περὶ
544 978 624 1004 αὐτὸν
641 979 795 1015 οἰκονομίαν
813 980 946 1006 παιδεύων

158 1020 233 1055 ἡμᾶς
257 1029 357 1055 φησιν,
384 1030 393 1046 ι
410 1021 481 1055 Ἐγὼ
505 1022 534 1048 δὲ
560 1023 729 1059 κατεστάθην
752 1023 877 1059 βασιλεὺς
900 1026 945 1052 ὑπ’

155 1067 239 1093 αὐτοῦ
265 1067 312 1093 ἐπὶ
330 1067 397 1093 Σιὼν
417 1068 478 1102 ὅρος
502 1069 532 1095 τὺ
557 1069 633 1103 ἅγιον
656 1070 756 1101 αὑτοῦ,
782 1071 945 1105 διαγγέλλων

156 1113 187 1139 τὸ
202 1113 363 1149 πρόσταγμα
379 1114 492 1150 Κυρίου.
515 1125 523 1141 ι
537 1115 573 1142 Οὐ
589 1116 641 1151 χρὴ
666 1117 789 1152 μέντοιγε
809 1117 878 1144 κατὰ
894 1118 944 1150 τὰς

162 1160 298 1187 Ἰουδαίων
321 1163 499 1196 χαμαιπετεῖς
526 1162 672 1198 ὑπολήψεις
693 1163 741 1199 τὴν
764 1160 811 1190 τοῦ
824 1163 942 1199 Χριστοῦ

157 1206 294 1241 βασιλείαν
308 1207 402 1242 ὁμοίαν
414 1209 474 1240 ταῖς
487 1208 541 1235 τῶν
558 1208 708 1244 ἀνθρώπων
721 1210 847 1245 ἡγεῖσθαι
857 1211 903 1237 ἐπὶ
913 1211 943 1238 τὸ

155 1252 224 1279 Σιὼν
235 1253 297 1288 ὅρος
309 1254 465 1289 σωματικὸν
480 1255 695 1290 συστησομένην·
714 1255 782 1291 πρός
798 1257 823 1290 γ’
837 1255 882 1283 οὖν
896 1257 942 1283 τὸν

153 1299 329 1334 ἐρωτήσαντα
344 1299 424 1326 αὑτὸν
441 1300 465 1326 εἰ
481 1300 605 1335 βασιλεὺς
623 1301 761 1336 τυγχάνει,
776 1302 941 1338 ἀπεκρίνατο

153 1345 251 1380 λέγων,
270 1356 279 1372 ι
290 1347 321 1373 Ἦ
338 1346 460 1381 βασιλεία
476 1348 492 1383 ή
510 1346 563 1382 ἐμὴ
578 1348 628 1373 οὐκ
642 1347 714 1373 ἐστιν
730 1348 762 1374 ὲκ
776 1347 823 1374 τοῦ
838 1348 940 1383 κόσμου

152 1392 264 1419 τούτου.-
285 1403 293 1418 »
315 1393 375 1419 ὅθεν
389 1394 422 1429 δὴ
437 1394 484 1420 καὶ
500 1393 637 1428 βασιλείαν
650 1394 772 1429 οὐρανῶν
789 1395 940 1430 ὲπήγγελτο

151 1440 208 1470 τοῖς
229 1440 438 1466 πεπιστευκόσιν
459 1441 498 1471 είς
518 1440 608 1471 αὑτὸν,
632 1440 679 1466 καὶ
700 1440 731 1466 τὸ
748 1440 815 1467 Σιὼν
831 1440 859 1467 δὲ
878 1441 940 1477 ὅρος

151 1487 312 1521 ἐπουράνιον
325 1486 456 1521 ὑπάρχειν
467 1485 585 1518 ἐδίδαξεν
602 1487 632 1512 οὐ
648 1487 727 1522 μόνος
740 1488 754 1513 ὁ
767 1487 937 1520 Ἀπόστολος,

150 1532 217 1558 ἀλλὰ
238 1532 284 1558 καὶ
304 1532 428 1558 πλεῖσται
448 1531 525 1558 ἄλλαι
544 1533 717 1568 προφητεῖαι.
743 1532 770 1559 Ὁ
786 1533 812 1566 γ’
828 1530 873 1559 οὖν
887 1534 938 1560 Μι-

151 1578 231 1612 χαίας
250 1577 389 1613 προειπὼν
408 1578 445 1610 ὡς
460 1578 514 1613 ἄρα
533 1577 577 1604 διὰ
590 1577 640 1609 τὰς
663 1577 788 1610 ἀσεϐείας
803 1578 850 1605 τοῦ
870 1587 937 1614 προ-

150 1623 229 1658 τέρου
247 1622 322 1655 λαοῦ,
341 1632 350 1648 ι
367 1622 437 1649 Σιὼν
460 1623 498 1655 ὡς
523 1623 605 1658 ἀγρὸς
632 1623 874 1659 ἀροτριαθήσεται,
890 1624 937 1652 καί

154 1668 332 1705 Ἰερουσαλὴμ
341 1669 379 1700 ὡς
390 1668 610 1704 ὀπωροφυλάκιον
619 1667 706 1701 ἔσται,
717 1669 763 1695 καὶ
778 1668 808 1695 τὸ
818 1668 879 1704 ὄρος
889 1668 935 1695 τοῦ

118 1731 122 1735 -
148 1715 223 1741 οἰκον
247 1715 286 1746 εἰς
308 1713 389 1745 ἄλσος
410 1712 531 1748 δρυμοῦ,
549 1722 558 1738 ι
580 1712 643 1747 ἑξῆς
663 1713 726 1748 περ).
745 1713 839 1748 ἑτέρας
866 1712 935 1739 Σιὼν

148 1761 196 1788 καὶ
226 1761 402 1796 Ἰερουσαλὴμ
427 1760 527 1795 ὁμοίως
552 1759 695 1794 ἐπιφέρει,
722 1759 823 1794 λέγων·
857 1769 866 1784 ι
881 1760 935 1786 Καὶ

146 1807 224 1833 ἔσται
236 1808 265 1833 έν
277 1808 336 1838 ταῖς
347 1806 474 1841 ἐσχάταις
488 1807 603 1842 ἡμέραις
616 1806 735 1840 ἐμφανὲς
754 1806 784 1832 τὸ
798 1806 860 1840 ὅρος
877 1807 934 1832 Κυ-

148 1852 223 1888 ρίου,
245 1853 290 1879 καὶ
310 1853 420 1887 ἥξουσιν
442 1852 484 1878 ἐπ’
500 1851 573 1886 αὑτῷ
589 1851 664 1882 λαοὶ,
690 1852 737 1878 καὶ
757 1851 933 1887 πορεύσονται

146 1897 210 1932 ἔθνη
228 1897 322 1929 πολλὰ,
333 1898 374 1924 ὅτι
391 1899 422 1924 ἐκ
435 1897 503 1923 Σιὼν
516 1896 684 1929 ἐξελεύσεται
698 1896 778 1931 νόμος
794 1896 841 1922 καὶ
855 1896 934 1930 λόγος

147 1945 251 1979 Κυρίου
267 1944 296 1976 ἐξ
315 1943 502 1979 Ἰερουσαλήμ.
518 1953 527 1968 ι
550 1943 617 1978 Περὶ
640 1942 733 1969 τούτου
751 1942 804 1978 ἄρα
825 1942 932 1978 εἴρηται

146 1991 193 2017 καὶ
208 1990 299 2017 ἐνθάδε
315 1990 366 2016 ὑπὸ
380 1989 410 2025 (f.
426 1989 468 2023 19)
483 1987 528 2015 τοῦ
544 1989 623 2024 ὅρους
634 1988 680 2014 τοῦ
693 1988 821 2024 Χριστοῦ,
840 1998 849 2013 ι
862 1987 932 2022 Ἐγὼ

143 2036 172 2063 δὲ
193 2036 360 2070 κατεστάθην
388 2035 512 2071 βασιλεὺς
540 2035 585 2061 ὑπ’
608 2034 689 2061 αὑτοῦ
713 2034 759 2060 ἐπὶ
780 2033 849 2060 Σιὼν
869 2035 931 2070 ὅρος

143 2083 174 2109 τὸ
193 2082 268 2116 ἅγιον
287 2081 384 2108 αὑτοῦ·
404 2091 412 2107 ι
442 2081 494 2107 ὑπὸ
515 2081 588 2112 τίνος
610 2081 638 2107 δὲ
655 2080 828 2115 κατεστάθη;
852 2081 929 2116 δῆλον

142 2130 184 2156 ὅτι
198 2129 251 2156 ὑπο
263 2128 309 2155 τοῦ
329 2129 464 2163 φήσαντος
483 2128 551 2164 πρὸς
566 2127 645 2154 αὑτὸν
662 2127 767 2162 Πατρὸς
786 2127 831 2154 τό·
851 2128 929 2161 «Υἱός

143 2183 195 2211 μου
218 2173 243 2201 εἶ
266 2176 309 2207 σὺ,
323 2174 378 2209 ἐγὼ
391 2175 510 2210 σήμερον
534 2173 686 2209 γεγέννηκά
709 2182 753 2200 σε·
771 2183 781 2200 ι
807 2174 855 2200 καὶ
879 2174 924 2200 16-

144 2222 276 2256 «Δῐτησαι
295 2221 360 2256 παρ’
379 2220 457 2255 ἐμοῦ,
477 2220 523 2246 καὶ
534 2219 611 2246 δώσω
627 2228 666 2246 σοι
683 2219 747 2255 ἔθνη
766 2219 814 2255 τὴν
831 2219 928 2255 κληρο-

140 2268 238 2303 νομίαν
261 2276 318 2297 σου.
334 2267 381 2294 καὶ
402 2267 452 2302 τὴν
467 2266 630 2301 κατάσχεσιν
650 2275 696 2293 σου
710 2266 744 2293 τὰ
760 2266 866 2301 πέρατα
879 2267 928 2302 τῆς
944 2279 965 2305 D

139 2313 202 2348 γῆς.
222 2323 230 2338 ι
247 2314 301 2340 Καὶ
317 2313 357 2339 ὅτι
377 2321 408 2346 γε
425 2311 527 2347 ἀληθὴς
549 2312 565 2347 ή
580 2312 732 2347 προφητεία
746 2313 793 2339 καὶ
809 2311 925 2347 ἀψευδὴς

139 2361 156 2395 ὴ
176 2360 336 2395 ὑπόσχεσις,
360 2359 475 2393 πάρεστι
500 2357 644 2392 διαγνῶναι
669 2358 722 2385 ἀπὸ
739 2358 793 2385 τῶν
810 2359 838 2385 ὲν
854 2357 925 2386 οὕτω

140 2405 237 2440 βραχεῖ
252 2404 339 2439 χρόνῳ
362 2402 598 2438 προσεληλυθότων
615 2403 647 2429 ἐκ
660 2403 758 2434 παντὸς
781 2403 873 2434 ἔθνους
889 2405 924 2439 τῇ

137 2449 184 2477 διὰ
204 2450 252 2476 τοῦ
267 2450 391 2486 Σωτῆρος
409 2448 489 2485 ήμῶν
510 2448 665 2484 θεοσεϐείᾳ·
690 2449 706 2483 ἢ
725 2448 878 2483 λεγέτωσαν
899 2450 923 2475 οἱ

138 2496 208 2532 πρὸς
223 2496 272 2531 τὴν
287 2496 426 2532 ἐνέργειαν
440 2494 608 2521 ἀντιϐλέπειν
623 2494 738 2525 ἀναιδῶς
758 2494 921 2530 τολμῶντες,

137 2543 192 2569 τίνι
214 2543 246 2569 ἂν
269 2542 354 2577 ἔχοιεν
371 2540 535 2577 ἐφαρμόζειν
560 2540 596 2575 μὴ
617 2540 829 2575 παραδεχόμενοι
846 2540 921 2567 ταῦθ’

137 2588 226 2619 οὕτως
250 2588 320 2623 ἔχειν
341 2587 390 2622 τὴν
412 2586 598 2622 προφητείαν;
627 2585 708 2612 Δαυὶδ
735 2586 783 2621 μὲν
802 2585 856 2621 γὰρ
878 2586 922 2612 τὸν

138 2632 260 2668 βασιλέα,
275 2633 339 2667 περὶ
355 2627 385 2658 οῦ
399 2631 484 2657 ταῦτά
497 2638 569 2661 τινες
580 2629 708 2665 ᾠήθησαν
721 2629 857 2663 λέγεσθαι,
873 2631 921 2665 οὐχ

136 2677 188 2705 οἷοί
204 2686 234 2704 τε
249 2677 282 2704 ἂν
298 2675 352 2703 εἷεν
373 2676 546 2712 παραστῆσαι
566 2674 654 2701 τοιάδε
675 2673 736 2701 τινὰ
755 2674 920 2710 πεπονρότα,

135 2725 174 2756 ὡς
192 2724 330 2759 ἀρχόντων
344 2723 391 2750 καὶ
408 2722 549 2757 βασιλέων,
564 2722 648 2749 ἐθνῶν
663 2730 692 2748 τε
706 2722 754 2748 καὶ
773 2720 845 2747 λαῶν
859 2722 920 2748 ὲπι-

135 2769 353 2796 ϐεϐουλευκότων
377 2769 466 2804 αὐτῷ’
484 2769 548 2795 πότε
571 2768 598 2794 δὲ
615 2767 632 2802 ἢ
653 2768 700 2794 καὶ
727 2767 774 2793 ἐπὶ
795 2767 920 2802 πηλίκοις

135 2815 361 2852 ἀνδραγαθήμασι
377 2813 454 2841 εἶπεν
472 2815 486 2841 ό
499 2814 600 2849 Κύριος
615 2812 653 2848 τῷ
665 2813 756 2845 Δαυὶδ,
772 2812 850 2843 «Υἱός
868 2820 919 2847 μου

170 2877 181 2893 ⁸
196 2876 273 2939 8[’sal.
292 2884 328 2908 ιι,
346 2876 377 2907 4,
394 2876 419 2903 5.
474 2876 484 2891 '
504 2875 570 2903 ibid.
587 2875 613 2902 6.
669 2875 679 2890 °
697 2873 775 2902 Joan.
791 2881 874 2906 mn,
893 2874 938 2901 36.

137 2914 164 2947 ι,
196 2914 223 2939 8.

951 1609 971 1638 C
989 1620 1158 1649 praeparatus
1171 1616 1197 1643 in
1211 1618 1314 1644 vertice
1327 1620 1437 1652 montis,
1452 1640 1458 1646 .
1473 1639 1478 1645 .

998 974 1076 1002 mini.
1092 975 1113 1002 ⁸.
1131 986 1139 1002 ι
1153 975 1229 1004 Haud
1257 986 1321 1006 vero
1337 980 1485 1007 secundum
1507 985 1662 1009 terrestrem
1681 982 1790 1011 Judan-

998 1027 1057 1047 rum
1076 1022 1327 1057 interpretationem
1351 1025 1555 1061 intelligendum
1573 1033 1616 1055 cst
1628 1028 1729 1057 Christi
1747 1038 1790 1058 re-
1835 1062 1837 1065 π

995 1073 1078 1101 gnum
1089 1087 1096 1098 ,
1118 1068 1190 1095 velut
1209 1068 1348 1097 hominum
1367 1078 1449 1106 regna
1460 1091 1467 1104 ,
1487 1080 1570 1108 super
1585 1078 1705 1102 montem
1721 1075 1788 1103 Sion

995 1113 1176 1147 corporaliter
1193 1115 1394 1149 constitutum;
1413 1118 1590 1154 interroganti
1606 1121 1678 1147 enim
1704 1129 1788 1149 rexnc

993 1162 1084 1191 esset,
1108 1161 1250 1195 respondit
1263 1161 1358 1190 dicens
1377 1172 1382 1189 :
1401 1173 1410 1188 ι
1428 1162 1549 1199 Regnum
1568 1173 1657 1193 meum
1674 1175 1728 1194 non
1745 1172 1788 1196 est

993 1203 1027 1232 de
1046 1204 1098 1232 hoc
1112 1207 1214 1234 tnundo
1226 1207 1248 1234 °.
1265 1217 1274 1233 ι
1302 1207 1406 1236 Exinde
1432 1217 1544 1244 regnum
1567 1212 1698 1240 malorum
1723 1222 1788 1248 pro-

993 1250 1067 1277 misit
1082 1251 1122 1278 eis
1138 1253 1184 1286 qui
1201 1253 1376 1281 crediderunt
1389 1255 1416 1281 in
1431 1263 1504 1288 eum,
1524 1261 1699 1291 montemque
1718 1258 1785 1287 Sion

991 1302 1052 1322 esse
1069 1296 1208 1336 caelestem
1221 1298 1315 1325 docuit
1332 1307 1386 1326 non
1404 1305 1508 1327 tantum
1525 1300 1684 1336 Apostolus,
1694 1303 1740 1330 sed
1759 1308 1786 1331 et

992 1304 1052 1322 esse
1069 1304 1164 1323 C(EleSl
1183 1305 1208 1323 ιιι
1221 1304 1315 1325 ιιοοιιιῑ
1332 1307 1386 1326 ιιοιι
1404 1305 1508 1327 tantum
1525 1304 1684 1336 Apostolus,
1694 1304 1740 1330 sed
1759 1308 1785 1331 et

992 1340 1127 1375 pleraeque
1153 1304 1212 1370 αξιοι
1235 1344 1394 1378 prophetiae.
1417 1345 1545 1374 Michaeas
1560 1347 1643 1382 igitur
1656 1349 1785 1383 praefatus

991 1386 1063 1420 quod
1076 1392 1187 1422 propter
1203 1389 1309 1423 priores
1321 1391 1412 1424 populi
1426 1391 1596 1426 iniquitates,
1611 1392 1692 1420 (Sion
1704 1395 1785 1430 quasi

991 1438 1055 1467 ager
1072 1433 1205 1466 arabitur,
1221 1439 1249 1460 et
1263 1433 1415 1462 Jerusalem
1431 1437 1508 1471 quasi
1526 1445 1640 1465 acervus
1663 1439 1783 1474 lapidum

989 1478 1057 1510 erit,
1073 1482 1101 1505 et
1116 1486 1195 1506 tnons
1214 1481 1306 1514 templi
1323 1481 1349 1507 in
1367 1483 1477 1509 excelsa
1496 1483 1627 1510 silvarum
1642 1485 1651 1499 ⁷
1663 1504 1670 1516 ,
1691 1494 1700 1510 ι
1720 1485 1783 1513 dein

989 1522 1022 1550 de
1037 1523 1090 1550 alia
1104 1523 1169 1551 Sion
1184 1529 1210 1552 et
1223 1524 1373 1553 Jerusalem
1398 1527 1522 1555 similiter
1535 1533 1647 1563 narrat,
1661 1530 1758 1559 dicens
1773 1541 1780 1559 :

991 1578 1001 1594 ι
1020 1568 1052 1595 Et
1068 1571 1120 1596 erit
1138 1571 1164 1597 in
1181 1571 1332 1599 novissimo
1345 1572 1451 1600 dierum
1469 1582 1548 1603 mons
1564 1576 1661 1604 domus
1673 1576 1781 1605 Domini

1494 1641 1500 1647 .
1511 1639 1518 1646 .
1534 1624 1560 1647 et
1572 1620 1656 1648 ﬂuent
1671 1622 1704 1648 ad
1717 1630 1780 1650 eum

988 1662 1090 1695 populi,
1108 1665 1134 1688 et
1150 1663 1335 1697 properabunt
1346 1669 1440 1698 gentes
1456 1666 1547 1693 multae
1560 1686 1567 1692 .
1582 1687 1589 1694 .
1604 1687 1611 1694 .
1625 1686 1632 1694 .
1646 1688 1653 1700 ,
1665 1668 1729 1702 quia
1745 1668 1780 1696 de

988 1705 1053 1733 Sion
1077 1707 1233 1741 egredietur
1249 1708 1302 1740 lex.
1318 1713 1345 1736 et
1363 1710 1476 1736 verbum
1492 1710 1599 1738 Domini
1620 1711 1653 1739 de
1667 1712 1779 1741 Jerusa-

986 1755 1038 1782 lem
1054 1756 1075 1783 ⁸.
1096 1765 1105 1781 ι
1131 1756 1181 1783 Hic
1197 1764 1277 1784 mons
1292 1757 1394 1784 Christi
1418 1766 1527 1793 quoque
1543 1759 1595 1786 hoc
1612 1760 1639 1786 in
1657 1760 1717 1787 loco
1735 1761 1779 1788 in-

985 1801 1080 1828 nuitur
1094 1811 1101 1828 :
1123 1811 1132 1827 ι
1151 1802 1206 1838 Ego
1218 1807 1308 1831 autem
1326 1811 1372 1831 rex
1386 1804 1553 1832 constitutus
1566 1813 1626 1832 sum
1640 1805 1675 1833 ab
1685 1813 1718 1834 eo
1729 1814 1778 1834 su-

984 1854 1032 1880 per
1057 1845 1122 1873 Sion
1146 1851 1266 1874 montem
1294 1851 1418 1875 sanctum
1445 1848 1515 1882 ejus.
1537 1858 1546 1874 ›
1579 1850 1669 1884 Aquo
1684 1855 1775 1878 autem

984 1892 1151 1920 constitutus
1174 1896 1227 1925 est,
1251 1893 1304 1921 nisi
1324 1894 1469 1922 manifeste
1491 1895 1526 1922 ab
1554 1895 1601 1922 illo
1629 1895 1710 1923 Patre
1727 1897 1775 1932 qui

983 1939 1016 1966 ad
1034 1946 1095 1966 eum
1113 1939 1179 1966 dicit
1198 1948 1204 1966 :
1225 1939 1326 1967 «Filius
1342 1947 1419 1968 meus
1430 1948 1460 1968 es
1477 1945 1518 1974 tu,
1532 1944 1558 1968 et
1569 1949 1620 1976 ego
1635 1941 1716 1968 hodie
1732 1949 1775 1977 ge-

981 1983 1029 2011 nui
1049 1988 1092 2018 te;
1111 1984 1219 2019 postula
1238 1993 1253 2011 a
1265 1993 1319 2018 me,
1338 1989 1365 2013 et
1377 1985 1447 2013 dabo
1466 1986 1514 2013 tibi
1525 1991 1618 2021 gentes
1631 1987 1774 2014 hmredita-

981 2034 1034 2057 tem
1047 2034 1133 2063 tuam,
1149 2035 1175 2058 ct
1190 2031 1392 2066 possessionem
1409 2036 1482 2060 tuam
1496 2033 1626 2060 terminos
1643 2037 1723 2061 terra:
1731 2034 1769 2061 ’.ι

980 2076 1057 2109 Quod
1074 2076 1184 2111 quidem
1198 2084 1262 2104 vera
1276 2077 1311 2105 sit
1331 2078 1483 2113 prophetia,
1495 2086 1546 2106 nec
1560 2079 1641 2106 fallax
1655 2081 1772 2115 promis-

980 2122 1032 2154 sio,
1058 2123 1215 2150 noverimus
1241 2123 1273 2150 iis
1301 2124 1346 2158 qui
1370 2125 1398 2150 in
1415 2128 1470 2151 tam
1498 2125 1573 2152 brevi
1594 2129 1715 2161 tempore
1737 2133 1771 2154 ex

979 2167 1053 2194 omni
1077 2171 1156 2202 gente
1178 2167 1212 2194 ad
1232 2175 1322 2195 veram
1340 2167 1387 2195 Dei
1404 2169 1561 2204 religionem
1583 2178 1632 2205 per
1647 2169 1771 2198 Salvato-

978 2219 1036 2239 rem
1062 2217 1187 2240 nostrum
1213 2219 1405 2248 pervenerunt.
1431 2213 1529 2242 Dieant
1544 2216 1688 2243 evidentiae
1701 2217 1770 2244 resi~

980 2263 1051 2286 stere
1066 2259 1238 2294 impudenter
1252 2260 1395 2292 audentes,
1408 2263 1452 2288 cui
1468 2263 1669 2289 accommodari
1682 2263 1769 2297 possit

980 2306 1037 2333 haec
1053 2306 1194 2341 prophetia
1207 2326 1214 2338 ,
1232 2310 1354 2333 nostram
1372 2307 1394 2333 si
1411 2307 1663 2342 interpretationem
1679 2308 1766 2335 detre-

980 2356 1065 2379 ctant.
1099 2351 1227 2379 Davidem
1243 2352 1315 2379 enim
1334 2359 1434 2386 regem,
1450 2351 1483 2379 de
1498 2360 1552 2387 quo
1566 2353 1622 2379 haec
1639 2352 1692 2379 dici
1707 2353 1767 2387 opi~

978 2402 1090 2429 nantur,
1117 2398 1255 2432 quomodo
1280 2398 1344 2424 talia
1369 2406 1479 2433 passum
1504 2397 1588 2425 fuisse
1610 2398 1765 2430 ostendent,

977 2442 1020 2468 cui
1036 2442 1102 2468 milli
1119 2442 1258 2477 principes
1283 2450 1394 2477 regcsve
1409 2450 1526 2477 unquam
1544 2442 1664 2469 insidiati
1681 2444 1766 2470 sunt?

976 2487 1089 2521 Quando
1104 2492 1194 2515 autem
1211 2492 1238 2514 et
1252 2495 1312 2523 quae
1325 2488 1360 2515 ob
1375 2488 1490 2515 viriliter
1507 2491 1581 2522 gesta
1594 2487 1663 2514 dixit
1677 2486 1766 2514 Domi-

976 2543 1027 2562 nus
1045 2535 1137 2562 Davidi
1156 2544 1162 2561 :
1181 2533 1285 2562 «Filius
1308 2542 1384 2562 meus
1408 2542 1438 2562 cs
1463 2539 1500 2567 tu,
1522 2541 1572 2568 ego
1588 2533 1667 2560 hodie
1683 2534 1763 2568 genui

975 2580 1023 2606 te?
1037 2588 1046 2605 ι
1064 2578 1206 2612 Quomodo
1221 2583 1248 2606 et
1265 2579 1321 2610 illa,
1342 2589 1351 2605 (
1365 2579 1474 2606 Postula
1488 2586 1502 2605 a
1518 2586 1571 2609 me,
1588 2581 1615 2605 et
1629 2578 1698 2606 dabo
1714 2578 1762 2605 tibi

973 2629 1066 2662 gentes
1092 2625 1275 2652 haereditate'm
1297 2629 1383 2657 tuam,
1411 2628 1438 2651 et
1461 2624 1660 2659 possessionem
1687 2629 1761 2650 tuam

972 2672 1104 2699 terminos
1121 2675 1209 2703 terrae,
1230 2681 1239 2697 ι
1254 2672 1279 2699 ei
1295 2671 1460 2702 dicerentur,
1477 2671 1521 2698 cui
1536 2669 1679 2697 manifeste
1693 2669 1761 2697 solis

972 2719 1055 2747 Israel
1079 2723 1106 2746 et.
1128 2718 1203 2746 Judze
1228 2718 1351 2745 terminis
1379 2725 1493 2753 regnum
1521 2716 1761 2750 circumscriptum

971 2766 1047 2793 erat?
1075 2765 1170 2792 Dicant
1184 2772 1293 2800 quoque
1306 2772 1355 2791 cur
1369 2771 1425 2791 non
1437 2763 1545 2790 venisse
1556 2762 1694 2790 Christum
1709 2761 1759 2788 ad-

970 2812 1090 2840 mittant.
1117 2811 1227 2844 Annon,
1253 2818 1314 2838 cum
1331 2818 1428 2846 passus
1452 2814 1504 2842 est,
1519 2809 1600 2836 alium
1616 2808 1698 2844 igitur
1710 2815 1759 2835 ex-

997 2874 1007 2889 "
1029 2873 1111 2901 Mich.
1145 2882 1195 2906 ιιι,
1214 2873 1256 2901 l2.
1295 2874 1306 2888 ’⁸
1329 2872 1409 2901 Mich.
1427 2880 1465 2905 tv,
1484 2871 1540 2913 1-2.
1596 2871 1606 2887 ⁰
1626 2869 1699 2898 Psal.
1716 2875 1758 2902 ιι,
