2037 3215
286 203 355 230 1095

635 200 770 228 EUSEBII
791 199 1030 227 CESARIENSIS
1050 199 1125 228 OPP.
1146 198 1235 227 PARS
1255 198 1298 228 Ill.
1318 215 1354 221 -
1368 199 1575 228 EXEGETICA.

1834 198 1905 226 1096

285 265 408 296 spectare
423 267 470 287 eos
490 266 604 286 neceSSe
624 262 666 285 est
679 258 746 285 nihil
760 259 823 289 tale,
841 258 920 293 quale
934 257 988 289 hic.
1008 265 1070 292 pas-

1123 255 1149 284 εῐ
1162 258 1205 289 σὺ,
1220 257 1275 292 ἐγὼ
1294 259 1412 293 σήμερον
1435 258 1586 293 γεγέννηκά
1603 265 1649 289 σε;
1664 266 1673 283 ι
1686 256 1748 288 Πῶς
1760 256 1788 282 δὲ
1801 256 1848 283 καὶ
1863 255 1904 289 τὸ,

286 306 399 334 eurum?
423 305 454 332 Et
470 305 605 340 quomodo
630 304 805 339 implerentur
827 304 974 339 prophetiae
989 305 1073 332 multa

285 361 346 388 quae
360 359 491 387 passurus
504 355 562 378 erat
575 350 620 378 Dei
630 348 755 378 Christus
767 370 774 382 ,
786 354 813 378 et
824 351 850 378 in
865 350 990 385 pluribus
1002 351 1072 382 aliis,

284 406 338 425 non
363 399 452 424 minus
476 404 556 431 quam
583 396 610 423 in
631 397 682 423 hoc
700 396 815 431 psalmo,
841 396 1074 431 praenuntiantes?

284 443 419 478 Numquid
441 442 651 470 existimandum
674 446 715 469 est
739 443 806 468 adeo
826 448 874 477 per
897 442 989 469 orbem
1014 443 1073 469 sine

284 488 331 516 Dei
346 489 447 516 auxilio
464 488 647 523 pervulgatam
667 487 750 514 fuisse
771 487 804 514 de
819 487 939 514 omnium
954 487 1008 515 Deo
1024 487 1073 515 do.

284 535 418 567 ctrinam;
437 534 628 568 hominumque
644 534 696 560 vim
708 553 715 565 ,
741 532 870 560 adversus
893 541 982 560 rerum
999 534 1072 560 vices

283 582 339 606 tam
368 579 508 609 inermem.
537 578 604 606 adeo
635 578 783 605 iuvaluisse
813 582 839 605 et
867 579 1071 605 corroboratam

284 624 370 652 fuisse
391 629 422 651 ut
440 624 548 659 propria
569 623 757 650 tantummodo
773 623 916 656 doctrina,
936 623 994 650 sine
1016 624 1072 649 ullo

284 670 391 697 deitatis
400 670 509 700 auxilio,
522 670 548 696 in
559 669 684 697 omnibus
693 660 848 704 regionibus
866 669 901 695 ita
916 669 1070 696 auditorum

284 716 388 743 animas
412 715 577 746 instituerit,
600 714 701 749 Deique
720 714 840 741 onmium
857 714 970 741 scientia
996 714 1071 748 prius

283 761 346 787 olim
360 761 494 792 imbuerit,
509 765 535 787 et
552 766 637 795 usque
650 767 722 786 nunc
737 760 770 786 iis
786 760 962 794 persuaserit,
980 763 1009 785 ut
1024 766 1071 793 pa-

283 807 362 833 triam
379 811 495 842 gentem,
524 807 662 840 vitamque
675 806 815 840 injustam,
833 806 917 833 feram
936 813 968 833 ac
982 805 1071 833 disso-

283 853 367 880 lutam
381 852 538 887 abjicerent,
561 851 662 887 Deique
674 852 766 887 pietati
781 852 952 879 solummodo
975 851 1070 879 stude-

283 903 354 931 rent,
372 898 497 932 illamque
517 905 571 924 nnn
602 898 689 924 solum
713 896 821 931 opibus,
838 896 885 924 sed
898 900 924 923 et
942 897 993 931 ipsi
1008 897 1070 923 vita

282 944 350 970 adeo
372 944 498 970 omnibus
521 942 628 970 dilectae
650 942 863 978 anteponerent?
889 941 988 969 Verum
1014 950 1067 969 non
1084 958 1105 986 Β

282 989 379 1023 opinor
407 996 568 1023 quemquam
600 996 712 1019 eorum,
739 989 785 1023 qui
815 993 889 1016 recte
919 989 952 1016 de
987 989 1069 1016 rebus

282 1035 383 1062 sentire
416 1035 519 1066 volunt,
554 1039 715 1069 negaturum
750 1041 811 1062 csse
834 1035 891 1061 haec
913 1039 986 1061 tanta
1020 1033 1066 1062 Dei

282 1087 332 1116 cpe
348 1084 374 1107 et
393 1081 461 1107 ultra
479 1080 618 1107 hominum
647 1079 801 1108 facultatem
827 1087 874 1115 per
898 1079 1067 1107 Salvatorem

281 1131 404 1154 nostrum
424 1126 558 1153 evenisse.
587 1126 692 1159 Quibus
713 1126 793 1154 simul
810 1125 961 1153 ostenditur
978 1126 1068 1152 incar-

282 1171 337 1198 nati
353 1170 458 1198 Domini
475 1171 613 1204 divinitas,
625 1171 705 1198 simul
719 1174 746 1197 et
761 1174 852 1205 aperte
865 1169 1066 1197 demonstratur

281 1225 342 1244 eum
353 1217 491 1252 accepisse
504 1224 518 1243 a
533 1216 613 1244 Patre
632 1220 740 1252 «gentes
753 1216 947 1247 haereditatem,
961 1219 987 1242 et
1002 1222 1066 1249 pos—

281 1262 430 1290 sessionem
443 1262 502 1296 ejus
525 1262 656 1289 terminos
677 1265 766 1294 terrae,
782 1271 791 1287 »
806 1264 986 1296 cOngruenter
1002 1268 1063 1287 cum

281 1310 419 1342 prwcitata
447 1308 597 1343 prophetia.
631 1307 814 1342 Quaecumque
837 1307 870 1334 de
894 1307 945 1333 hoc
960 1307 1065 1341 psalmo

280 1353 393 1380 dicenda
416 1356 480 1380 sunt
496 1352 635 1380 absolvere
657 1356 763 1387 tempus
784 1357 872 1383 vetat,
892 1359 953 1378 cum
966 1351 1021 1386 jam
1037 1357 1065 1378 et

280 1397 404 1425 dillusius
419 1397 452 1424 de
466 1398 511 1425 illo
525 1398 713 1424 disseruimus.

1128 313 1136 329 ι
1151 303 1262 340 Αἴτησαι
1286 304 1349 338 παρ’
1368 303 1446 338 ἐμοῦ,
1466 303 1513 329 xal.
1526 302 1602 329 δώσω
1624 309 1664 328 σοι
1685 302 1747 336 ἔθνη
1766 301 1815 336 τὴν
1836 301 1905 336 κλη-

1126 350 1252 385 ρονομίαν
1275 357 1331 380 σου,
1352 350 1400 375 καὶ
1421 350 1471 385 τὴν
1491 348 1651 383 κατάσχεσίν
1675 356 1721 374 σου
1743 348 1778 374 τὰ
1799 348 1907 384 πέρατα

1123 395 1172 430 τῆς
1189 396 1250 430 γῆς,
1269 405 1277 420 ι
1298 395 1395 429 λέγοιτ’
1412 395 1444 421 ἂν
1469 395 1506 426 ὼς
1525 395 1592 430 πρὸς
1615 394 1694 422 αὐτὸν
1715 394 1807 428 σαφῶς
1828 402 1906 428 περι-

1124 440 1276 476 ορισθείσης
1290 441 1370 467 αὐτοῦ
1382 441 1431 476 τῆς
1444 440 1579 476 βασιλείας
1594 441 1638 467 ἐπὶ
1653 440 1732 473 μόνον
1746 439 1907 474 τὸνἹσραὴλ

1124 487 1171 513 καὶ
1194 487 1256 518 τοὺς
1276 486 1326 520 τῆς
1349 486 1477 518 Ἰουδαίας
1501 486 1596 522 ὅρουςς
1625 486 1673 512 Διὰ
1697 486 1724 512 τί
1749 486 1777 512 δὲ
1802 485 1850 512 καὶ
1875 486 1904 511 ού

1124 533 1279 566 προσίενται
1294 533 1338 558 τὸν
1355 531 1500 567 ἐληλυθότα
1508 532 1633 564 Χριστὸν,
1650 531 1903 566 ἀποκρινέσθωσαν·

1123 576 1178 614 ἆρά
1198 587 1227 613 γε
1253 578 1345 613 ἐπειδὴ
1371 578 1513 610 πέπονθεν,
1528 579 1620 612 ἕτερον
1642 578 1732 604 τοίνυν
1753 577 1906 612 προσδοκᾷν

1123 625 1220 656 αὐτοὺς
1239 625 1343 659 ἀνάγκη
1367 624 1448 660 μηδὲν
1469 623 1586 651 τοιοῦτον
1605 625 1696 650 ὁποῖον
1717 620 1794 655 οὗτος
1814 624 1904 649 πεισό-

1124 679 1222 706 μενον;
1256 671 1310 697 Καὶ
1339 671 1397 702 πῶς
1427 670 1459 697 ἂν
1487 670 1652 705 πληρωθεῖεν
1682 670 1710 696 αἰ
1741 671 1905 705 προφητεῖαι

1122 715 1234 741 πλεῖστα
1257 715 1308 742 ὅσα
1333 714 1429 742 παθεῖν
1442 714 1487 741 τὸν
1503 714 1619 749 Χριστὸν
1635 713 1683 740 τοῦ
1709 712 1787 744 Θεοῦ,
1813 713 1859 739 καὶ
1876 713 1905 738 ὲν

1121 761 1222 796 ἑτέροις
1237 761 1285 796 μὲν
1302 760 1432 792 πλείοσιν,
1448 761 1496 796 οὐχ
1509 761 1607 795 ἥκιστα
1624 759 1652 786 δὲ
1670 759 1716 786 καὶ
1734 760 1763 785 ὲν
1781 759 1820 793 τῷ
1836 758 1905 794 μετὰ

1121 807 1214 842 χεῖρας
1237 806 1418 842 προλέγουσαι
1437 805 1553 840 ψαλμῷ;
1569 804 1641 840 Ἀρα
1660 805 1688 831 δὲ
1709 805 1760 840 χρὴ
1783 803 1905 839 νομίζειν

1120 851 1195 878 ἀθεεὶ
1220 852 1269 887 τὴν
1294 852 1357 888 περὶ
1385 851 1432 878 τοῦ
1465 852 1519 878 τῶν
1549 851 1616 877 ὅλων
1639 850 1705 877 Θεοῦ
1730 850 1905 876 διδασκαλίαν

1120 898 1315 934 ὲνεσπαρκέναι
1340 897 1434 924 τοῦτον
1457 898 1489 932 τῇ
1518 896 1679 932 οἰκουμένῃ·
1713 896 1769 922 ἐστι
1797 896 1825 922 δὲ
1853 895 1904 921 κᾶν

1121 943 1260 978 ἐπινοῆσαι
1275 943 1446 978 ἀνθρωπίνην
1462 942 1549 978 ὁρμὴν
1563 943 1609 968 καὶ
1622 941 1700 977 ψιλὴν
1715 941 1761 968 τοῦ
1777 942 1905 976 τυχὰντος

1122 988 1248 1024 ὲπιὸολὴν
1265 987 1389 1014 τοσοῦτον
1409 987 1515 1022 ἰσχῦσαι
1530 996 1560 1014 τε
1576 989 1623 1014 καὶ
1643 986 1798 1023 δυνηθῆναι,
1811 987 1851 1018 ὡς
1861 986 1905 1013 διὰ

1123 1035 1206 1070 μόνης
1223 1034 1270 1069 τῆς
1291 1034 1372 1061 αὑτοῦ
1394 1033 1564 1065 διδασκαλίας
1580 1033 1644 1060 ἄνευ
1666 1032 1790 1068 θεότητος
1809 1040 1905 1067 συνερ-

1119 1080 1220 1114 γούσης
1242 1079 1414 1112 παντοδαπὰς
1434 1079 1574 1115 ἀκροατῶν
1589 1077 1718 1106 διαθεῖναι
1731 1078 1821 1112 ψυχὰς
1839 1078 1904 1113 περὶ

1118 1123 1163 1150 τὸν
1183 1123 1238 1150 τῶν
1262 1123 1331 1150 ὅλων
1345 1123 1410 1150 Θεὸν
1428 1123 1514 1150 ταῦτα
1537 1125 1628 1150 πεῖσαι
1652 1123 1733 1149 πάλαι
1757 1123 1902 1157 πρότερον,

1119 1171 1164 1197 καὶ⁴
1180 1170 1264 1197 εἰσέτι
1279 1171 1327 1197 νῦν
1351 1170 1453 1197 πείθειν
1477 1169 1634 1196 καταλιπεῖν
1653 1169 1701 1204 μὲν
1718 1168 1764 1203 ἔθη
1788 1168 1903 1202 πάτρια,

1118 1215 1175 1251 βίον
1193 1225 1223 1242 τε
1237 1215 1363 1251 ἄθεσμον,
1382 1216 1428 1242 καὶ
1445 1216 1591 1251 ἀνήμερον,
1609 1216 1654 1242 καὶ
1667 1215 1826 1248 ἀκόλαστον,
1842 1214 1902 1240 θεο-

1118 1260 1210 1296 σεϐείᾳ
1227 1261 1255 1287 δὲ
1277 1261 1344 1296 μόνῃ
1361 1261 1512 1296 προσέχειν,
1532 1261 1578 1287 καὶ
1598 1260 1697 1296 ταύτην
1711 1260 1741 1286 οὐ
1757 1260 1837 1294 μόνον
1853 1260 1903 1294 τῆς

1117 1306 1290 1342 ὑπαρχούσης
1311 1306 1420 1339 οὐσίας,
1443 1306 1510 1333 ἀλλὰ
1532 1307 1578 1333 καὶ
1597 1307 1629 1333 δι’
1658 1306 1739 1333 αὐτοῦ
1763 1305 1810 1332 τοῦ
1834 1307 1902 1332 πᾶσι

1117 1351 1301 1387 περιποθήτου
1321 1351 1370 1388 ζῇν
1391 1353 1543 1388 προτιμᾷν;
1567 1353 1637 1378 Ἀλλ’
1655 1353 1705 1379 οὐκ
1729 1351 1820 1387 οἴομαί
1839 1360 1901 1377 τινα

1116 1397 1170 1424 τῶν
1191 1396 1242 1424 κᾶν
1265 1397 1382 1433 μετρίως
1408 1398 1588 1433 εὐγνωμονεῖν
1612 1397 1757 1425 ἐθελόντων
1779 1397 1817 1432 μὴ
1838 1396 1903 1431 ούχὶ

282 1444 468 1478 συνομολογεῖν
484 1444 517 1470 τὰ
549 1443 698 1478 τηλικαῦτα
733 1444 802 1479 μετὰ
820 1444 1003 1480 συνεργούσης
1025 1443 1099 1476 θείας
1119 1445 1165 1472 καὶ
1192 1445 1261 1480 ὑπὲρ
1287 1445 1437 1481 ἀνθρώπων
1466 1446 1604 1482 δυνάμεως
1629 1446 1672 1472 διὰ
1699 1445 1747 1472 τοῦ
1772 1445 1901 1479 Σωτῆρος

280 1491 358 1528 ἡμῶν
381 1491 537 1526 γεγονέναι·
564 1491 594 1524 ἐξ
616 1488 652 1518 ὧν
680 1491 747 1527 ὁμοῦ
775 1492 823 1527 μὲν
853 1492 898 1518 καὶ
927 1493 942 1526 ἡ
965 1490 1059 1527 θεότης
1076 1492 1269 1519 ἀποδείκνυται
1295 1492 1342 1519 τσῦ
1367 1493 1625 1528 ὲνανθρωπήσαντος
1645 1492 1758 1529 Κυρίου,
1777 1491 1845 1527 ὁμοῦ
1871 1491 1901 1518 δὲ

280 1539 327 1566 καὶ
346 1538 380 1565 τὰ
399 1539 534 1574 τεκμήρια
553 1538 646 1572 σαφῶς
665 1538 828 1574 παρίσταται
850 1538 898 1565 τοῦ
923 1538 1062 1573 εἰληφέναι
1081 1539 1161 1566 αὑτὸν
1177 1539 1230 1566 ὑπὸ
1248 1539 1294 1566 τοῦ
1326 1539 1431 1575 Πατρὸς
1456 1549 1464 1565 ι
1481 1539 1514 1566 τὰ
1540 1539 1603 1574 Εθνη
1628 1538 1820 1574 κληρονομίαν,
1852 1537 1901 1563 καὶ

279 1584 330 1620 τὴν
347 1585 508 1618 κατάσχεσιν
530 1584 611 1610 αὑτοῦ
637 1584 671 1611 τὰ
693 1586 803 1620 πέρατα
822 1584 871 1619 τῆς
892 1585 953 1620 γῆς,
988 1595 998 1610 ι
1021 1585 1175 1617 ἀκολούθως
1207 1587 1239 1621 τῇ
1259 1585 1328 1621 μετά
1346 1587 1438 1622 χεῖρας
1458 1586 1619 1622 προφητείᾳ.
1637 1585 1704 1612 Ὄλα
1718 1584 1746 1612 δὲ
1762 1584 1797 1611 τὰ
1827 1583 1900 1610 κατὰ

279 1628 324 1656 τὸν
361 1628 467 1664 ψαλμὸν
492 1629 640 1664 διηγεῖσθαι
663 1630 693 1656 οὐ
726 1629 773 1657 τοῦ
800 1629 933 1666 παρόντος
961 1631 1089 1666 τυγχάνει
1115 1631 1227 1667 καιροῦ,
1264 1631 1379 1666 μάλιστα
1401 1632 1445 1658 ὅτε
1477 1632 1664 1668 πληρεστάτης
1690 1631 1740 1666 ήδη
1763 1630 1899 1665 τετύχηκε

278 1676 438 1712 διηγήσεως.

581 1735 694 1763 CAPUT
712 1735 756 1764 ΙΙΙ.

1372 1737 1569 1764 ΚΕΦΛΛΑΙΟΝ
1589 1736 1627 1764 Γ’.

542 1780 565 1808 Ε
580 1782 681 1816 psalmo
701 1783 788 1810 tertio.

1415 1783 1444 1809 Ψ
1443 1782 1540 1816 αλμοῦ
1558 1785 1592 1818 τ’.

314 1825 436 1854 Tertium
459 1835 567 1862 quoque
592 1829 724 1862 psalmum
750 1828 828 1856 facile
847 1832 889 1856 est
903 1828 937 1856 de
953 1827 1062 1856 Christo

1146 1829 1201 1855 Kal.
1211 1828 1257 1855 τδν
1274 1828 1364 1864 τρίτον
1380 1828 1485 1863 ψαλμὸν
1511 1828 1557 1854 ἐπὶ
1581 1828 1626 1854 τδν
1654 1828 1770 1863 Χριστὸν
1792 1828 1897 1863 ἑκλαμυ

279 1872 469 1907 interpretari,
494 1877 676 1908 congruenter
696 1881 757 1900 cum
783 1874 889 1901 insidiis
915 1882 975 1908 qum
999 1879 1062 1902 ante

1121 1873 1201 1900 ῑάνειν
1215 1874 1334 1909 εὐχερὲς,
1346 1873 1499 1905 ἀκολούθως
1513 1875 1569 1905 τοῖς
1580 1874 1633 1909 πρὸ
1643 1873 1725 1900 αὐτοῦ
1736 1874 1896 1900 διδάσκοντα

279 1925 339 1945 eum
353 1918 471 1951 fuerunt,
488 1918 602 1946 insidias
614 1918 744 1947 adversus
757 1927 818 1946 eum
828 1924 938 1955 paratas
950 1921 1062 1948 demon-

1121 1919 1144 1945 τὰ
1160 1919 1223 1955 περὶ
1234 1919 1283 1954 τῆς
1294 1919 1353 1945 κατ’
1365 1919 1446 1946 αὑτοῦ
1462 1919 1606 1954 ὲπιὸουλῆς
1635 1919 1679 1946 διὰ
1692 1919 1751 1950 τοῦ,
1767 1928 1777 1945 ι
1796 1919 1894 1954 Κύριε,

278 1967 369 1991 strans
381 1964 431 1991 hoc
445 1963 524 1991 modo
538 1973 544 1991 :
564 1974 573 1990 ι
592 1964 715 1995 Domine.
729 1965 793 2000 quid
809 1966 978 2001 multiplicati
997 1970 1061 1993 sunt

1121 1965 1134 1990 ri
1149 1964 1355 2000 ὲπληθύνθησαν
1366 1965 1390 1990 οἱ
1403 1964 1538 1996 θλίϐοντες
1552 1973 1601 2000 με;
1631 1974 1641 1991 ›
1662 1966 1708 1992 καὶ
1722 1966 1757 1992 τὰ
1769 1967 1835 2002 περὶ
1845 1967 1896 1999 τῆς

276 2009 324 2044 qui
339 2009 470 2036 tribulant
485 2017 527 2037 me
541 2010 581 2036 W?
595 2020 605 2036 ι
638 2010 670 2037 Et
686 2019 746 2045 qua:
761 2012 986 2039 resurrectionem
1000 2013 1060 2047 ejus

1121 2011 1280 2042 ιναστάσεως
1313 2010 1343 2045 (1³.
1363 2011 1395 2038 19
1408 2013 1446 2046 να)
1468 2011 1559 2041 αὐτοῦ,
1575 2011 1594 2038 ἃ
1625 2012 1672 2039 καὶ
1698 2011 1828 2047 δηλοῦται
1850 2012 1895 2039 διὰ

277 2053 403 2086 innuunt,
428 2053 471 2081 bis
495 2054 583 2082 verbis
600 2065 606 2081 ε
626 2064 635 2080 ι
656 2055 710 2090 Ego
726 2056 851 2090 dormivi,
874 2061 901 2084 et
916 2063 1059 2092 soporalus

1124 2054 1164 2086 οὗ,
1182 2064 1190 2079 ι
1203 2054 1272 2088 Ἐγὼ
1286 2055 1435 2090 ὲκοιμήϐην
1464 2055 1511 2081 καὶ
1528 2055 1649 2087 ὕπνωσα,
1673 2055 1836 2093 ὲξηγέρθην,
1853 2058 1894 2083 ὅτι

276 2105 353 2132 sum;
371 2103 397 2125 et
413 2100 565 2133 exsurrexi,
582 2101 643 2135 quia
658 2100 787 2130 Dominus
800 2103 919 2137 suscepit
935 2111 978 2130 me
995 2103 1026 2128 “.
1046 2112 1054 2128 ι

1121 2100 1208 2136 ἱύριος
1227 2100 1398 2136 ἀντιλήψεται
1415 2109 1490 2136 μου.)
1511 2101 1651 2136 Ἀρμόσειε
1680 2102 1702 2128 δ’
1720 2103 1754 2129 ἂν
1767 2103 1806 2138 τῷ
1825 2102 1878 2137 Χρι

276 2142 438 2170 Conveniret
451 2144 560 2172 Christo
574 2149 600 2172 et
616 2146 731 2181 quisque
747 2147 827 2182 hujus
844 2148 940 2182 psalmi
951 2155 1056 2180 versus,

1121 2143 1163 2179 ’τῷ
1177 2145 1223 2171 καὶ
1239 2142 1352 2176 ἕκαστος
1363 2145 1409 2172 τοῦ
1417 2145 1523 2180 ψαλμοῦ
1535 2146 1625 2181 στίχος
1637 2147 1686 2181 τῆς
1699 2147 1895 2182 προσηκούσης

275 2189 321 2222 qui
337 2188 416 2215 nobis
432 2189 650 2224 interpretandus
672 2195 722 2222 est.
753 2191 812 2219 Non
832 2192 986 2219 inconsulto
1000 2197 1056 2220 ter-

1124 2189 1194 2224 υχὼν
1218 2189 1380 2226 ἐξηγήσεως·
1399 2190 1453 2225 ἔχει
1471 2191 1499 2217 δὲ
1514 2191 1591 2226 λόγον
1611 2192 1699 2219 καὶτὸ
1710 2192 1800 2228 τρίτον
1813 2194 1894 2220 αὑτὸν

274 2234 330 2261 tius
351 2234 395 2261 ille
410 2235 531 2269 psalmus
551 2235 652 2264 Christi
676 2237 903 2265 resurrectionem
928 2246 1055 2273 praenun-

1122 2235 1268 2270 εταγμένον
1295 2236 1330 2261 τὰ
1356 2237 1419 2272 περὶ
1443 2237 1491 2272 τῆς
1518 2238 1691 2270 ἀναστάσεως
1711 2238 1759 2265 τοῦ
1788 2240 1892 2274 Κυρίου

275 2279 335 2312 tiat,
360 2286 540 2315 congruenter
562 2290 623 2309 cum
645 2284 792 2318 praecitatis
808 2285 967 2319 prophetiis.
998 2284 1057 2312 Pri-

1123 2280 1244 2312 εσπίζειν
1257 2281 1410 2314 ἀκολούθως
1424 2284 1482 2314 ταῖς
1496 2283 1549 2319 πρὸ
1575 2283 1657 2310 αὐτοῦ
1673 2286 1864 2320 προφητείαις·
1879 2287 1892 2311 ὁ

273 2333 334 2353 mus
347 2327 430 2357 enim,
453 2327 525 2354 sicut
538 2328 690 2360 retulimus,
714 2329 916 2364 integerrimam
939 2331 998 2365 ejus
1015 2333 1054 2359 vi-

1121 2325 1156 2352 ιὲν
1169 2326 1222 2362 γὰρ
1238 2327 1353 2362 πρῶτος,
1371 2328 1461 2360 καθὼς
1475 2328 1697 2364 ἀποδεδώκαμεν,
1714 2331 1760 2357 τὸν
1772 2331 1891 2367 ἄληπτον

271 2373 349 2404 tam,
376 2371 581 2408 iniquitatisque
609 2373 755 2401 immunem
783 2375 889 2402 vivendi
921 2377 1053 2405 rationem

1123 2372 1160 2398 ίον
1171 2373 1217 2399 καὶ
1233 2373 1283 2409 τὴν
1296 2373 1359 2400 ἀνευ
1369 2375 1507 2410 ἁμαρτίας
1517 2375 1598 2401 αὑτοῦ
1608 2376 1743 2402 πολιτείαν
1757 2376 1889 2403 διδάσκει·

272 2418 404 2451 ostendit;
422 2418 613 2454 secundusque
634 2420 806 2454 passionem;
821 2425 883 2456 apte
896 2422 979 2457 igitur
1001 2426 1055 2450 ter-

1130 2417 1253 2454 δεύτερος
1264 2419 1297 2446 τὰ
1314 2419 1384 2446 κατὰ
1399 2420 1429 2446 τὸ
1453 2420 1546 2452 πάθος·
1563 2421 1666 2453 τούτοις
1683 2422 1831 2457 τοιγαροῦν
1845 2423 1890 2448 καὶ

271 2461 327 2490 tius
340 2464 564 2492 resurrectionem
579 2465 639 2499 ejus
650 2467 822 2500 praenuntiat.

1143 2464 1232 2499 τρίτος
1259 2465 1323 2500 ἑξῆς
1355 2466 1390 2492 τὰ
1418 2467 1482 2502 περὶ
1521 2467 1568 2502 τῆς
1598 2466 1773 2500 ἀναστάσεως
1808 2468 1889 2494 αὐτοῦ

1103 2508 1232 2541 θεσπίζει.

1364 2556 1560 2584 ΚΕΦᾹΛΑΙΟΝ
1583 2558 1620 2584 Δ’.

1401 2603 1526 2636 Ψαλμοῦ
1545 2607 1580 2637 η¹η

571 2548 686 2579 CAPUT
706 2552 751 2580 IV.

527 2595 551 2623 E
563 2597 664 2630 psalmo
684 2603 784 2625 octavo.

303 2641 398 2668 Octavi
415 2642 511 2678 psalmi
532 2643 618 2677 prima
638 2643 720 2670 verba
735 2654 741 2671 :
756 2653 765 2670 ι
781 2643 894 2672 Domine
912 2645 981 2674 Deus
1004 2654 1049 2674 no-

1136 2643 1189 2670 Τοῦ
1202 2644 1293 2679 ὀγδόου
1307 2645 1413 2681 ψαλμοῦ
1432 2646 1467 2672 τὰ
1481 2647 1528 2681 μὲν
1543 2647 1638 2682 πρῶτα
1650 2648 1704 2674 ἀπὸ
1717 2649 1777 2682 τοῦ,
1788 2650 1886 2686 (Κύριε

270 2692 334 2718 ster,
347 2694 426 2722 quam
442 2687 600 2716 admirabile
620 2693 662 2716 est
686 2697 782 2716 nomen
799 2693 874 2718 tuum
891 2691 918 2718 in
942 2692 1048 2719 univer-

1126 2689 1226 2726 Κύριος
1242 2690 1329 2726 ἡμῶν,
1343 2691 1380 2722 ὡς
1399 2691 1552 2726 θαυμαστὸν
1565 2693 1594 2719 τὸ
1606 2693 1693 2728 ὄνομά
1711 2702 1759 2720 σου
1774 2696 1804 2721 ὲν
1815 2696 1884 2730 πάσῃ

271 2737 300 2757 sa
317 2734 388 2758 terra
405 2732 441 2757 “l
463 2741 472 2757 ι
494 2732 527 2759 de
548 2733 666 2767 gentium
688 2734 831 2761 vocatione
859 2735 1047 2770 prophetizare

1121 2738 1131 2772 ᾗ
1147 2739 1210 2772 ﬁ.)
1229 2739 1291 2773 περὶ
1307 2739 1355 2774 τῆς
1371 2739 1399 2772 ἐξ
1418 2739 1501 2766 ἐθνῶν
1529 2740 1650 2777 κλήσεως
1676 2742 1749 2769 ἔοικε
1781 2753 1884 2780 προφη-

270 2775 376 2802 videtur
393 2784 496 2811 :quare
521 2777 700 2806 inscribitur:
719 2788 728 2804 ι
752 2787 801 2814 pro
825 2781 1018 2810 torcularibus.
1035 2792 1044 2808 ι

1121 2782 1235 2810 εύεσθαν
1247 2783 1287 2810 διὸ
1303 2785 1349 2811 καὶ
1362 2785 1562 2822 ἐπιγέγραπται
1574 2775 1577 2777 Ὗ
1587 2796 1596 2812 ι
1606 2788 1677 2823 ὑπὲρ
1701 2789 1757 2815 τῶν
1768 2775 1880 2825 ληνῶνί»

271 2818 319 2847 Hic
334 2826 498 2856 usurpentur
511 2824 657 2850 toreularia
684 2832 732 2859 pro
751 2824 881 2852 Ecclesiis
901 2833 961 2861 qua:
982 2831 1048 2854 sunt

1121 2827 1186 2862 ηνῶν
1203 2829 1352 2857 νοουμένων
1366 2830 1419 2858 τῶν
1510 2832 1558 2868 τὴν
1585 2818 1749 2871 οἰκουμένην
1772 2818 1882 2872 Ὶέκχλη-

304 2898 325 2913 ¹⁶
341 2896 414 2925 Psal.
431 2905 479 2930 ut.
493 2899 523 2927 ι.
559 2901 579 2916 ⁸³
598 2900 663 2928 ibid.
679 2901 705 2929 6.
744 2903 764 2918 ³¹
783 2901 856 2929 Psal.
875 2910 940 2936 vm,
959 2903 984 2931 1.
