2037 3215
140 159 211 188 1097

649 161 796 190 ECLOGA}
816 159 1055 189 PROPHETICAS.
1076 173 1111 179 ——
1131 158 1196 185 LIB.
1215 156 1250 185 ll.

1697 158 1765 186 {098

141 226 218 248 611w.
237 219 265 245 ἐν
280 216 323 250 αἷς
339 218 388 254 τῆς
407 218 534 254 ἀληθινῆς
548 218 670 254 ἀμπέλου
680 219 727 246 τοῦ
740 218 870 255 Χριστοῦ,
882 219 928 244 καὶ

986 223 1061 251 ;uper
1077 220 1188 246 terram,
1206 215 1234 241 in
1250 214 1351 250 quibus
1362 221 1433 241 vera:
1445 214 1507 241 vitis
1518 213 1632 245 Christi,
1647 218 1673 241 et
1685 213 1764 250 quasi

140 262 195 289 τῶν
211 263 331 298 ὡσπερεὶ
346 262 492 298 κλημάτων
505 263 587 290 αὑτοῦ
601 263 655 290 τῶν
671 263 750 300 ιερῶν
763 264 928 295 ἀποστόλων,

140 309 166 335 οἱ
179 307 281 342 λογικοὶ
296 308 407 344 βότρυες
422 309 576 344 πιεζόμενοι
591 309 635 336 τὸν
652 309 706 336 ἀπὸ
729 310 783 336 τῶν
799 309 929 345 μαθημά-

141 362 195 380 των
209 353 298 380 αυτῶν
313 354 405 390 νοερὸν
422 354 467 380 καὶ
480 354 570 389 πάσης
594 354 762 390 εὐφροσύνης
790 354 929 389 ποιητικὸν

142 400 213 427 οἶνον
225 400 397 436 παρέχουσιν·
416 400 503 432 ἄλλως
518 400 573 436 γὰρ
593 401 623 427 οὐ
633 401 744 428 δυνατὸν
762 403 929 436 σωματικαῖς

141 445 231 481 ληνοῖς
249 445 403 482 ἐφαρμόσαι
416 445 451 472 τὰ
466 447 495 472 ὲν
525 447 564 482 τῷ
578 447 677 482 ψαλμῷ
698 447 841 482 λεγόμενα·
869 448 930 474 ἐπεὶ

144 493 205 528 μηδ’
217 492 285 524 ὅλως
295 493 332 523 ὡς
352 494 380 519 ὲν
391 493 494 529 ἑτέροις
513 494 571 529 ἢτοι
599 495 663 530 περὶ
685 495 807 530 ἀμπέλου
828 503 929 531 μεταρ--

142 538 233 573 θεία-ης
246 538 275 570 ἐξ
290 538 438 572 Αἰγύπτου,
455 539 471 574 ἢ
488 539 551 575 περὶ
570 539 730 575 ἀμπελῶνος
759 540 862 576 Κυρίου
879 540 930 566 Σα-

142 583 229 616 ϐαὼθ,
245 584 262 620 ἡ
276 593 355 610 τινων
367 584 504 617 τοιούτων,
514 585 632 612 διάνοιάν
647 593 706 612 τινα
721 586 757 613 τὰ
773 586 821 621 τῆς
832 585 930 618 λέξεως

143 629 275 665 περιέχει.
291 629 330 655 Τά
347 629 369 656 δ’
384 629 437 655 ἀπὸ
455 629 513 661 τοῦ,
542 639 550 655 ι
567 630 599 656 Τί
616 631 688 657 ἐστιν
714 629 864 666 ἄνθρωπος,
889 630 929 656 ὅτι

144 675 284 710 μιμνήσκῃ
300 674 392 706 αὑτοῦ,
420 674 510 710 ἢυὶὺς
537 675 690 712 ἀνθρώπου,
719 677 759 703 ὅτι
779 676 929 711 ἐπισκέπτῃ

142 720 242 752 αὐτόνς
266 719 437 752 Ἦλάττωσας
451 721 532 747 αὑτὸν
548 721 634 756 βραχύ
650 730 676 748 τι
705 722 769 758 παρ’
787 722 929 756 ἀγγέλους,

142 765 206 801 δόξῃ
220 765 267 792 καὶ
279 767 344 801 τιμῇ
360 766 552 800 ἐστεφάνωσας
562 767 670 799 αὑτὸν,›
688 767 736 794 καὶ
750 767 783 794 τὰ
798 767 871 802 ἑξῆς,
885 767 931 794 ἐπὶ

142 811 189 837 τὸν
205 812 320 847 Σωτῆρα
334 813 380 838 καὶ
404 812 507 848 Κύριον
534 813 613 849 ήμῶν
639 813 742 849 Ἰησοῦν
759 814 788 839 ὲν
812 815 844 849 τῇ
864 813 932 849 πρὸς

148 857 290 893 Ἐὃραίους
312 859 437 895 ἐπιστολῇ
456 859 641 895 μετείληπται,
661 859 724 886 ἔνθα
737 858 785 895 τῷ¹
806 868 816 885 ι
840 859 932 886 Πάντα

142 902 280 936 ὑπέταξας
295 904 423 930 ὑποκάτω
447 903 500 930 τῶν
522 903 609 930 ποδῶν
623 904 716 936 αὑτοῦ,
738 914 747 930 ι
774 904 932 940 ἐπιφέρεται

142 949 183 976 τό·
200 959 209 975 ‹
225 949 281 976 Νῦν
298 950 326 976 δὲ
348 950 453 976 οὐδέπω
472 949 579 985 ὁρῶμεν
593 949 713 986 αὑτῷτά
737 950 825 977 πάντα
838 951 934 977 ὑποτε-

141 997 275 1032 ταγμένα.
290 996 342 1024 Τὸν
356 996 383 1023 δὲ
401 996 486 1032 βραχύ
511 1006 536 1023 τι
565 997 629 1032 παρ’
651 996 783 1031 ἀγγέλους
810 997 932 1031 ἠλαττω-

145 1043 225 1078 μένον
236 1043 369 1079 βλέπομεν
386 1042 500 1079 Ἰησοῦν,
513 1043 556 1070 διὰ
569 1043 599 1070 τὸ
614 1043 729 1078 πάθημα
745 1042 791 1069 τοῦ
806 1042 931 1074 Θανάτου,

142 1088 207 1126 δόξῃ
224 1089 271 1115 καὶ
286 1090 352 1124 τιμῇ
368 1089 616 1124 ἐστεφανωμένον.»
635 1088 714 1115 Εἴποι
735 1088 757 1115 δ’
779 1089 812 1115 ἄν
833 1097 874 1119 τις
896 1088 933 1123 μὴ

145 1134 226 1169 μόνον
238 1133 280 1160 διὰ
296 1133 326 1159 τὸ
341 1133 455 1169 πάθημα
466 1133 512 1160 τοῦ
525 1133 651 1162 θανάτου,
666 1133 732 1160 ἀλλά
746 1133 792 1160 καὶ
808 1133 841 1160 δι’
850 1133 933 1169 αὐτὴν

143 1179 194 1215 τὴν
208 1179 414 1215 ἐνανθρώπησιν
428 1179 511 1206 αὑτοῦ
530 1178 700 1215 ἡλαττῶσθαι
712 1179 794 1206 αὑτὸν
807 1179 892 1214 βραχύ
907 1188 933 1205 τι

145 1226 365 1262 παρ’ἀγγέλου;’
395 1226 492 1258 (Ὅτε,
512 1227 540 1252 ἐν
571 1227 660 1262 μορφῇ
686 1225 752 1252 Θεοῦ
787 1225 932 1261 ὑπάρχων,

143 1271 194 1306 οὐχ
208 1271 353 1306 ἁρπαγμὸν
369 1271 542 1307 ἡγησάμενος
553 1271 582 1298 τὸ
602 1272 647 1298 ἴσα
659 1271 718 1306 Θεῷ
743 1269 821 1302 εἶναι,
837 1271 935 1298 ὲκένω-

146 1325 193 1343 σεν
207 1317 302 1344 ἑαυτὸν
315 1317 422 1353 μορφὴν
437 1316 529 1343 δούλου
548 1316 648 1350 λαϐὼν,
668 1326 678 1342 ι
705 1317 752 1344 καὶ
778 1317 824 1343 ἐπὶ
838 1316 933 1343 τοσοῦ-

144 1371 192 1390 τον
202 1363 366 1397 ἠλάττωσεν,
380 1363 418 1394 ὡς
441 1363 501 1390 ἀντὶ
528 1363 576 1399 τῆς
602 1364 630 1389 ὲν
658 1364 747 1399 μορφῇ
764 1362 831 1389 Θεοῦ
857 1362 935 1398 δόξης

144 1407 274 1444 λεχθῆναι
289 1409 354 1445 περὶ
370 1408 450 1435 αὑτοῦ
476 1409 517 1436 τό’
539 1419 547 1434 ι
569 1409 682 1444 Εἴδομεν
702 1409 793 1440 αὑτὸν,
820 1409 866 1436 καὶ
886 1409 936 1436 οὐκ

145 1453 219 1491 εἶχεν
229 1453 297 1487 εἶδος
314 1455 374 1481 οὐδὲ
389 1455 495 1487 κάλλος,
517 1455 573 1481 ἀλλ’
584 1453 617 1490 ἦν
643 1455 673 1481 τὸ
693 1452 761 1487 εἶδος
781 1455 862 1482 αὑτοῦ
878 1455 936 1482 ἄτι-

147 1511 210 1538 μον,
226 1502 273 1529 καὶ
284 1501 407 1528 ἐκλεῖπον
422 1502 496 1537 παρά
519 1502 582 1533 τοὺς
597 1502 671 1533 υἱοὺς
688 1502 741 1528 τῶν
756 1501 933 1537 ἀνθρὼπων-ι

146 1545 206 1573 ἀνθ’
222 1543 259 1573 ὧν
270 1546 449 1582 ἀμειϐόμενος
462 1547 476 1573 ὁ
493 1546 598 1582 Πατὴρ,
618 1557 627 1572 ‹
641 1547 704 1582 δόξῃ
720 1547 767 1574 καὶ
779 1548 845 1583 τιμῇ
862 1548 936 1574 ἐπτε-

979 270 1146 298 gemmarum
1164 261 1224 296 ejus
1239 264 1396 288 sanctorum
1416 260 1615 296 apostolorum,
1628 261 1765 295 spiritales

979 308 1079 336 racemi
1104 308 1192 343 pressi
1213 307 1347 334 doctrinis
1377 306 1435 335 suis
1457 307 1578 342 spiritale
1604 315 1766 342 omnemque

979 354 1142 383 suavitatem
1168 353 1287 381 eﬁiciens
1307 353 1399 380 vinum
1424 349 1557 388 praebent.
1579 352 1667 381 Aliter
1693 354 1765 381 enim

979 399 1150 436 impossibile
1168 402 1242 427 esset
1253 399 1442 434 corporalibus
1460 399 1644 426 torcularibus
1663 406 1768 427 accom-

980 446 1090 473 modare
1104 453 1164 481 quae
1179 446 1206 472 in
1220 445 1272 472 hoc
1285 446 1390 480 psalmo
1401 444 1549 478 dicuntur;
1566 453 1628 472 cum
1643 445 1765 476 minime.

980 496 1010 520 ut
1030 492 1058 519 in
1081 491 1198 524 caeteris,
1224 491 1280 519 sive
1302 491 1336 518 de
1352 491 1407 519 vite
1427 499 1488 526 qua:
1511 499 1543 519 ex
1567 490 1683 527 Egypto
1705 498 1767 519 sur-

979 539 1060 570 rexit,
1081 539 1139 566 sive
1158 538 1192 566 de
1209 537 1314 564 Domini
1338 536 1457 564 Sabaoth
1471 537 1537 570 vite,
1560 537 1617 565 sive
1638 538 1672 566 de
1693 537 1768 573 ejus-

981 585 1054 612 modi
1072 585 1133 612 aliis
1151 585 1233 612 verba
1252 585 1336 619 hujus
1358 584 1411 612 loci
1436 592 1520 612 sensu
1541 585 1638 620 quovis
1653 585 1768 620 intelligi

981 632 1100 667 possint.
1119 631 1185 664 Quae
1201 639 1264 659 vero
1284 631 1318 658 ab
1336 631 1369 658 iis
1383 640 1389 658 :
1407 640 1415 656 ι
1430 631 1501 663 Quid
1525 634 1568 658 est
1582 623 1678 664 immo,
1695 632 1768 666 quod

981 685 1085 705 memor
1098 685 1127 704 es
1147 677 1226 711 ejus?
1240 681 1287 704 aut
1299 675 1371 704 ﬁlius
1387 676 1517 707 hominis,
1527 676 1656 711 quoniam
1672 676 1768 704 visitas

980 723 1060 751 eum?
1077 723 1200 751 Minuisti
1217 731 1279 750 eum
1297 722 1380 758 paulo
1397 722 1488 750 minus
1504 722 1537 750 ab
1550 722 1664 758 angelis,
1681 723 1768 758 gloria

981 773 1008 797 et
1021 769 1125 797 honore
1145 768 1355 796 coronasticum
1371 768 1403 801 “,
1421 777 1430 794 ι
1449 773 1476 796 et
1491 768 1605 802 reliqua,
1621 767 1654 795 ad
1676 767 1769 795 Salva-

981 819 1067 843 torem
1082 814 1273 853 et.Dominum
1297 817 1420 841 nostrum
1434 812 1526 841 Jesum
1549 814 1576 840 in
1594 813 1714 849 Epistola
1735 813 1769 841 ad

981 861 1110 889 Hebrzcos
1128 860 1296 892 referuntur,
1319 860 1365 888 ubi
1378 865 1442 896 post
1456 861 1513 893 illa,
1529 870 1537 886 ι
1555 861 1652 888 Omnia
1677 861 1768 896 subje-

983 907 1044 935 cisti
1062 907 1113 935 sub
1131 906 1246 942 pedibus
1260 906 1321 941 ejus
1335 905 1368 938 l‘,
1386 915 1395 932 ι
1414 906 1581 941 adjiciuntur
1595 914 1626 934 ea
1642 916 1649 934 :
1667 917 1676 932 ι
1690 906 1769 935 Nunc

984 957 1073 981 autem
1096 953 1212 981 necdum
1233 953 1357 980 videmus
1383 953 1475 982 omnia
1497 953 1620 988 subjecta
1643 953 1678 981 ei.
1698 952 1768 981 Eum

983 1003 1085 1032 autem,
1099 999 1145 1034 qui
1159 998 1267 1026 modico
1281 1006 1362 1034 quam
1383 999 1471 1033 angeli
1490 999 1643 1026 minoratus
1660 1003 1712 1031 est,
1728 1000 1769 1028 vi-

983 1045 1079 1072 demus
1091 1043 1194 1076 Jesum,
1214 1048 1325 1079 propter
1342 1043 1497 1079 passionem
1515 1044 1623 1076 mortis,
1640 1043 1726 1079 gloria
1742 1048 1769 1072 et

983 1082 1088 1118 honore
1102 1095 1262 1118 coronatum
1275 1091 1307 1118 ”.
1326 1100 1336 1116 ι
1355 1089 1412 1117 Dici
1425 1090 1525 1125 poterit
1541 1097 1595 1116 non
1612 1094 1718 1117 tantum
1733 1091 1769 1118 ob

983 1136 1081 1164 mortis
1107 1136 1286 1171 passionem,
1309 1135 1358 1163 sed
1384 1137 1465 1162 etiam
1491 1135 1527 1162 ob
1551 1135 1768 1163 incarnationem

984 1189 1061 1210 suam
1074 1189 1135 1210 eum
1154 1182 1318 1209 minoratum
1336 1181 1419 1209 fuisse
1433 1181 1516 1216 paulo
1535 1181 1623 1209 minus
1638 1181 1673 1209 ab
1688 1189 1770 1217 ange-

984 1229 1036 1256 lis:
1057 1237 1067 1255 (
1082 1229 1149 1256 Cum
1164 1229 1191 1256 in
1209 1228 1295 1256 forma
1311 1227 1358 1256 Dei
1379 1233 1461 1260 esset,
1485 1236 1539 1255 non
1556 1228 1678 1263 rapinam
1695 1228 1770 1255 arbi-

984 1279 1072 1303 tratus
1093 1279 1211 1303 estesse
1235 1283 1265 1303 se
1284 1275 1414 1310 aequalem
1431 1275 1496 1307 Deo,
1519 1275 1566 1303 sed
1592 1275 1768 1310 semetipsum

985 1321 1134 1348 exinanivit
1157 1320 1270 1348 formam
1286 1321 1358 1349 servi
1377 1321 1558 1356 accipiens”,
1576 1331 1584 1346 ι
1601 1325 1682 1355 atque
1701 1321 1769 1349 adeo

985 1366 1122 1394 imminuit
1139 1374 1179 1398 se,
1200 1370 1230 1394 ut
1243 1374 1298 1393 non
1308 1366 1364 1401 jam
1383 1366 1411 1394 in
1434 1366 1520 1394 forma
1540 1367 1587 1394 Dei
1601 1367 1694 1402 gloriae
1708 1374 1771 1395 esse

985 1411 1134 1444 diceretur,
1158 1411 1205 1440 sed
1219 1421 1226 1439 :
1243 1420 1251 1437 ι
1268 1411 1394 1440 Vidimus
1410 1419 1483 1444 eum,
1500 1416 1527 1440 et
1540 1419 1595 1439 non
1612 1415 1671 1439 erat
1691 1418 1770 1447 aspc-

986 1463 1048 1486 ctus
1074 1466 1163 1493 neque
1184 1458 1278 1491 decor,
1295 1462 1323 1486 et
1344 1457 1560 1486 desideravimus
1578 1465 1652 1490 eum,
1675 1457 1772 1493 despe-

986 1507 1073 1535 ctum,
1093 1507 1120 1531 et
1149 1503 1330 1531 novissimum
1355 1503 1476 1530 virorum
1491 1503 1522 1531 ¹⁷.
1540 1513 1549 1529 ι
1566 1502 1668 1530 Contra
1682 1507 1772 1530 autem

987 1549 1156 1584 respondens
1180 1549 1282 1582 Pater,
1311 1559 1320 1575 ι
1337 1550 1421 1584 gloria
1449 1553 1476 1577 et
1499 1550 1604 1577 honore
1632 1549 1775 1577 coronavit

147 1591 272 1628 φάνωσεν
286 1592 377 1618 αὑτόν·
394 1592 575 1628 ὑπερυψώσας
590 1593 637 1619 καὶ
666 1593 848 1628 χαρισάμενος
862 1593 934 1629 αὐτῷ

987 1603 1048 1622 eum
1062 1595 1094 1626 η,
1111 1595 1240 1622 exultavit
1257 1595 1333 1622 illum
1350 1598 1377 1622 et
1391 1594 1501 1622 donavit
1515 1594 1553 1621 illi
1568 1602 1678 1626 nomen,
1700 1593 1773 1629 quod

147 1639 178 1665 τὸ
191 1637 276 1673 ὄνομα
291 1638 321 1665 τὺ
335 1638 403 1674 ὑπὲρ
419 1639 472 1665 πᾶν
483 1638 577 1674 ὄνομα·
603 1639 636 1665 ἵν’
652 1640 680 1666 ὲν
695 1638 733 1673 τῷ
751 1639 862 1674 ὀνόματι
885 1640 937 1675 Ἰη-

148 1683 197 1710 σοῦ
214 1685 267 1711 πᾶν
278 1685 343 1718 γόνυ
358 1684 454 1720 κάμψῃ
477 1684 656 1719 ἐπουρανίων,
671 1686 717 1711 καὶ
733 1685 872 1720 ἐπιγείων,
890 1685 937 1711 καὶ

147 1730 343 1766 καταχθονίων,
363 1731 409 1758 καὶ
422 1732 497 1757 πᾶσα
516 1731 626 1765 γλῶσσα
649 1731 877 1768 ἐξομολογήσηται
896 1732 936 1759 ὃτι

147 1778 250 1812 Κύριος
266 1777 368 1813 Ἰησοῦς
381 1777 495 1814 Χριστὸς
505 1779 543 1809 είς
557 1777 634 1810 δόξαν
646 1777 713 1805 Θεοῦ
728 1778 841 1814 Πατρός.
850 1789 858 1804 ι
870 1779 935 1806 Καί⁶

151 1833 161 1850 ι
179 1823 337 1859 Κατέστησε
362 1823 385 1850 δ’
410 1824 490 1850 αὑτὸν
506 1823 552 1850 ἐπὶ
573 1823 606 1850 τὰ
620 1823 688 1859 ἔργα
707 1824 761 1850 τῶν
776 1824 874 1860 χειρῶν
890 1825 937 1851 αὺ-

148 1870 224 1897 τοῦ-ι
241 1870 309 1906 ὅπερ
334 1870 381 1897 καὶ
405 1870 470 1896 αὐτὸ
484 1869 523 1906 τῷ
541 1871 588 1905 μὲν
604 1870 650 1896 τοῦ
661 1871 787 1906 Σωτῆρος
798 1871 876 1906 ἡμῶν
892 1871 938 1906 ἀρρ

151 1916 268 1951 μόζοντα
282 1915 374 1951 (Cotto)
392 1915 529 1951 προσώπῳ
544 1915 589 1942 διὰ
604 1916 650 1942 τὸν
665 1917 694 1942 ὲν
715 1916 789 1951 αὐτῷ
810 1916 854 1943 τὸν
871 1916 937 1943 Θεὸν

149 1961 246 1995 Λόγον,
262 1961 352 1988 οὐκέτι
371 1961 399 1987 δὲ
418 1961 464 1987 καὶ
487 1960 526 1996 τῷ
542 1961 658 1996 τυχόντι,
674 1961 701 1987 ετ
727 1970 758 1996 γε
773 1963 802 1988 ὲν
823 1963 877 1994 τοῖς
891 1962 937 1989 τοῦ

149 2007 219 2034 Θεοῦ
234 2007 323 2042 ἔργοις
340 2007 458 2038 καὶτοὺς
471 2008 601 2042 οὐρανοὺς
617 2008 794 2043 καταριθμεῖν
809 2007 869 2040 ἔθος
883 2010 938 2041 τοῖς

151 2053 235 2089 ἱεροῖς
250 2052 348 2087 λόγοις,
364 2053 434 2079 κατά
449 2053 488 2084 τὺ,
510 2062 518 2078 ι
531 2052 586 2079 Καὶ
612 2053 680 2088 ἔργα
697 2053 750 2080 τῶν
765 2054 863 2090 χειρῶν
892 2063 937 2081 σου

150 2098 222 2126 εἰσὶν
231 2099 255 2125 οί
269 2098 404 2134 οὐρανοί.)
420 2099 492 2134 Πρὸς
504 2099 619 2131 τούτοις·
638 2108 647 2124 ‹
665 2099 719 2126 Καὶ
734 2100 821 2126 πάντα
836 2099 938 2126 ὑπέτα-

151 2143 198 2177 ξεν
214 2144 266 2171 ὑπὸ
282 2144 344 2176 τοὺς
357 2144 438 2176 πόδας
449 2144 542 2176 αὐτοῦ,
566 2144 689 2180 πρόϐατα
710 2146 758 2172 καὶ
776 2145 839 2180 βόας
867 2145 938 2172 ἀπά-

153 2199 214 2222 σας,
232 2190 311 2217 ἔτιδὲ
327 2191 373 2217 καὶ
388 2191 422 2217 τά
447 2191 531 2226 κτήνη
546 2191 593 2217 τοῦ
610 2190 710 2222 πεδίου,
731 2191 765 2218 τά
787 2190 817 2226 (f.
831 2191 875 2226 20)
891 2200 939 2218 πε-

151 2236 230 2263 τεινά
245 2236 291 2262 τοῦ
308 2236 433 2271 οὐρανοῦ,
449 2237 495 2263 καὶ
508 2237 570 2268 τοὺς
586 2236 679 2271 ἰχθύας
695 2238 743 2272 τῆς
758 2236 906 2272 θαλάσσηςο
927 2246 936 2263 ι

989 1644 1031 1668 est
1047 1647 1129 1675 super
1155 1647 1235 1667 omne
1255 1647 1366 1672 nomen,
1383 1645 1413 1667 ut
1436 1640 1463 1666 in
1486 1639 1595 1667 nomine
1606 1638 1671 1667 Iesu
1692 1647 1773 1667 omne

990 1694 1060 1722 genu
1078 1685 1204 1713 ﬂectatur
1217 1686 1383 1717 cmlestium.
1396 1686 1580 1718 terrestrium,
1604 1690 1631 1713 et
1651 1685 1772 1714 inferno-

990 1740 1070 1766 rum;
1092 1736 1119 1759 et
1142 1732 1232 1759 omnis
1251 1732 1343 1767 lingua
1367 1732 1540 1763 conﬁteatur,
1563 1731 1625 1767 quia
1640 1731 1773 1760 Dominus

989 1777 1070 1806 Iesus
1093 1778 1219 1806 Christus
1239 1778 1267 1805 in
1290 1777 1375 1812 gloria
1398 1781 1441 1805 est
1466 1777 1513 1804 Dei
1536 1776 1627 1804 Patris
1640 1777 1672 1804 ¹⁹.
1691 1787 1700 1803 ι
1717 1776 1773 1804 Et:

993 1833 1003 1849 ι
1018 1823 1168 1850 Constituit
1181 1831 1243 1850 eum
1254 1830 1335 1857 super
1348 1830 1431 1857 opera
1443 1830 1573 1850 manuum
1591 1829 1701 1849 suarum
1712 1823 1746 1849 “.
1761 1831 1771 1849 ι

991 1869 1056 1902 Quae
1076 1869 1187 1903 quidem
1214 1869 1364 1897 Salvatoris
1389 1869 1475 1896 nostri
1501 1875 1624 1904 persona:
1644 1871 1716 1903 apta,
1739 1868 1774 1895 ob

993 1915 1076 1943 Deum
1092 1914 1212 1942 Verbum
1228 1915 1301 1950 quod
1317 1916 1387 1943 inest
1402 1915 1429 1942 in
1445 1922 1487 1947 ea,
1504 1922 1559 1942 non
1578 1918 1668 1942 autem
1683 1914 1776 1941 huma-

992 1970 1034 1989 nae
1048 1969 1182 1996 personas,
1208 1962 1231 1989 si
1249 1961 1359 1996 quidem
1382 1961 1410 1988 in
1428 1960 1475 1988 Dei
1498 1961 1626 1996 operibus
1647 1967 1776 1988 annume-

992 2012 1087 2034 rantur
1106 2007 1180 2039 coeli,
1196 2011 1226 2033 ut
1248 2007 1276 2033 in
1302 2006 1388 2034 sacris
1414 2005 1564 2041 Scripturis
1585 2006 1664 2037 solet,
1681 2013 1776 2033 secun-

992 2054 1056 2082 dum
1077 2053 1144 2081 illud
1162 2064 1169 2081 :
1188 2063 1197 2079 ι
1209 2053 1297 2089 Opera
1322 2061 1452 2080 manuum
1473 2052 1534 2086 ejus
1551 2057 1616 2080 sunt
1639 2052 1745 2080 caeli“.
1762 2061 1772 2078 ι

991 2099 1057 2128 Post
1079 2100 1138 2127 haec
1155 2099 1267 2134 adjicit:
1286 2109 1295 2125 ‹
1310 2098 1407 2126 Omnia
1433 2097 1574 2133 subjecisti
1597 2097 1649 2125 sub
1661 2096 1777 2133 pedibus

992 2146 1062 2181 ejus,
1085 2153 1150 2172 oves
1172 2149 1200 2172 et
1224 2145 1308 2171 boves
1326 2143 1480 2174 universas,
1502 2142 1615 2177 insuper
1636 2145 1663 2169 et
1678 2148 1777 2176 pecora

992 2191 1097 2226 campi;
1113 2190 1238 2218 volucres
1255 2190 1317 2217 coeli
1332 2194 1358 2216 et
1374 2189 1463 2224 pisces
1480 2190 1575 2219 maris,
1600 2188 1647 2223 qui
1668 2196 1776 2223 peram-

992 2237 1088 2264 bulant
1106 2236 1220 2264 semitas
1235 2235 1319 2263 maris
1330 2235 1364 2263 ¹¹.
1381 2245 1389 2260 ι
1407 2234 1455 2262 His
1468 2234 1596 2262 videntur
1611 2234 1699 2269 magis
1714 2235 1778 2261 alle-

151 2282 187 2309 δι’
201 2278 238 2308 ὧν
252 2281 338 2308 ἔοικεν
355 2281 604 2318 ἀλληγορικώτερον
631 2282 775 2317 δηλοῦσθαι
799 2282 854 2309 τῶν
884 2283 934 2310 ἀλο

993 2283 1084 2320 gorice
1111 2282 1216 2310 ostendi
1239 2282 1337 2309 animae
1358 2281 1458 2313 stultae,
1485 2284 1513 2308 ει
1524 2280 1724 2316 quodammodo
1735 2288 1778 2315 pe-

152 2327 284 2363 γωτέρων
295 2327 395 2354 καὶτὸν
411 2327 509 2364 τρόπον
525 2327 630 2363 κτηνῶν
641 2328 773 2364 δευτέρων
798 2328 900 2364 ψυχῶν,
923 2329 940 2364 ἢ

154 2373 204 2401 καὶ
219 2373 358 2409 δυνάμεων
374 2373 577 2408 ἀντικειμένων,
590 2374 606 2407 ἡ
619 2375 671 2401 ὑπὸ
681 2374 725 2401 τὸν
737 2374 818 2409 ζυγὸν
833 2375 879 2401 καὶ
893 2373 942 2410 τὴν

154 2419 203 2446 τοῦ
218 2419 297 2446 λόνου
310 2419 430 2446 δουλείαν
441 2420 573 2456 ὑποταγή.

421 2475 617 2502 ΚΕΦΑΛΑΙΟΝ
639 2476 677 2504 Ε’.

464 2533 589 2567 Ψαλμοῦ
603 2534 626 2560 θ’
629 2553 636 2560 .

199 2578 232 2606 Ἦ
248 2578 296 2606 τοῦ
310 2579 404 2606 ἐνάτου
415 2578 522 2614 ψαλμοῦ
533 2578 672 2614 ἐπιγραφὴ
682 2578 792 2613 τοιαύτη
804 2578 846 2610 τίς
856 2579 938 2605 ἐστιν·

159 2635 169 2652 ι
185 2625 233 2657 Εἰς
243 2624 274 2651 τὺ
284 2625 359 2657 τέλος
367 2625 436 2660 ὑπὲρ
449 2624 502 2651 τῶν
513 2624 644 2660 κρυφίων.
653 2619 767 2658 Ψαλμδς
775 2623 813 2659 τῷ
833 2623 922 2650 Δαυῖδ.
930 2633 939 2649 ι

163 2671 236 2700 ‘Ave‘
253 2669 290 2698 ὧν
304 2671 318 2697 ὁ
331 2671 476 2706 Σύμμαχος
504 2669 661 2703 ἐκδέδωκεν,
681 2678 690 2694 ι
708 2668 854 2696 Ἐπινίκιον
879 2670 943 2704 περὶ

157 2717 207 2746 τοῦ
221 2718 335 2744 θανάτου
348 2717 395 2745 τοῦ
410 2717 480 2744 υἱοῦ.
498 2714 593 2752 *ᾼσμα
609 2715 654 2743 τοῦ
670 2715 776 2743 Δαυΐδ.»
800 2715 906 2750 Ὥσπερ
920 2713 942 2741 δ’

159 2762 207 2791 οὖν
220 2763 383 2798 καὶμᾶλλον
406 2763 493 2790 ἔοικεν
519 2762 590 2797 ἔχειν
620 2761 650 2789 τὴ
681 2761 822 2797 Ἐδραῖκον
850 2760 944 2787 τοῦτον

993 2329 1104 2357 coribus
1119 2328 1234 2361 similes,
1249 2328 1292 2356 vel
1307 2327 1428 2355 adversa:
1443 2329 1602 2361 potestates,
1616 2325 1669 2353 sub
1681 2325 1777 2360 jugum

993 2375 1036 2403 vel
1052 2375 1166 2402 rationis
1180 2374 1311 2401 ditionem
1326 2373 1453 2401 redactae.

1300 2471 1416 2500 CAPUT
1437 2471 1470 2500 V.

1258 2529 1291 2564 ,Ε
1306 2530 1408 2564 psalmo
1426 2537 1505 2556 nono.

1032 2575 1095 2603 Haec
1111 2579 1153 2603 est
1167 2575 1232 2602 noni
1250 2575 1347 2611 psalmi
1372 2574 1536 2609 inscriptio:
1554 2583 1563 2600 ι
1583 2574 1613 2601 In
1629 2574 1710 2601 linem
1730 2582 1780 2610 pro

995 2620 1120 2647 occultis.
1134 2619 1261 2648 Psalmus
1279 2620 1364 2647 David
1374 2620 1406 2647 υ.
1426 2630 1435 2646 ι
1456 2619 1636 2655 Symmachus
1650 2627 1715 2647 vero
1740 2620 1780 2647 sic

996 2666 1099 2694 edidit:
1117 2676 1127 2692 ‹
1144 2665 1272 2694 Victoriae
1287 2674 1397 2694 carmen
1409 2666 1443 2694 de
1460 2670 1547 2693 morte
1562 2665 1619 2693 ﬁlii.
1635 2665 1779 2694 Canticum

997 2712 1092 2741 David.
1110 2724 1119 2739 ι
1133 2712 1217 2741 Nobis
1238 2714 1328 2748 potior
1347 2713 1455 2740 videtur
1474 2711 1606 2739 Hebraica
1629 2713 1710 2740 lectio
1729 2712 1781 2739 hoc

997 2759 1094 2787 modo:
1113 2759 1280 2796 Λαμανασσὴ
1295 2759 1414 2795 Ἀλμαὺθ
1439 2759 1484 2795 βὲν
1506 2759 1643 2795 μασμωρά
1655 2759 1745 2787 Δαυῖὂ.

193 2855 217 2872 ⁸³
237 2854 416 2885 Psal.vm.6.
435 2855 462 2881 7.
501 2855 523 2870 “
541 2854 607 2882 ibid.
625 2854 651 2882 8.
691 2854 712 2870 "
723 2837 804 2882 ιιόιπ.
823 2853 891 2886 ιι,8,
907 2853 934 2881 9.
974 2853 995 2868 ⁸⁵
1007 2851 1124 2886 Philipp.
1143 2852 1210 2886 n.6,
1228 2852 1253 2880 7.
1294 2852 1313 2868 "
1332 2852 1385 2881 lsa.
1404 2859 1450 2879 Llll
1462 2872 1468 2884 ,
1485 2851 1551 2885 2,3.
1592 2852 1744 2886 “lleerI,
1757 2853 1782 2880 7.

162 2891 185 2908 "
204 2886 322 2925 Philipp.
339 2898 373 2923 II,
392 2890 468 2917 9-H.

302 2937 436 2968 PATROL.
454 2938 511 2968 Ga.
534 2938 635 2971 ΧΧΠ.

522 2890 544 2906 ὀ
565 2889 646 2918 Hebr.
664 2897 700 2921 ιι,
719 2890 744 2917 7.
783 2890 810 2925 _"
833 2888 904 2917 Psal.
923 2895 934 2916 ς

986 2887 1021 2915 ίϐ.
1114 2887 1188 2915 Psal.
1201 2895 1260 2931 vin,
1281 2888 1297 2915 8
1321 2887 1348 2915 9.
1387 2888 1409 2904 "
1428 2887 1500 2916 Psal.
1519 2895 1557 2920 1x.
1578 2887 1604 2915 ί.

1586 2935 1625 2966 35
