2037 3215
198 145 262 173 H0!

705 146 850 174 ECLOGIE
872 146 1109 175 lROPllETlC.’E.
1128 162 1163 177 .—-
1182 147 1246 174 LIB.
1268 148 1299 174 ll.

1754 152 1820 179 11υὲ

196 206 252 242 χῶν
271 205 476 241 ὀνομαζομένων
498 205 606 241 ψεκτῶς
630 205 673 232 διὰ
702 207 730 233 τδ
759 207 921 242 ἐστερῆσθαι
937 206 979 233 toi

1036 211 1110 239 sunt,
1128 207 1291 234 exinaniens
1310 207 1496 242 semetipsum,
1513 210 1662 235 certamine
1673 217 1759 244 usque
1786 213 1820 239 ad

195 252 267 279 κατὰ
280 251 345 278 Θεόν
358 252 482 284 πλούτου,
513 253 634 283 κενώσας
657 253 751 278 ἑαυτὸν
761 272 768 283 ,
788 251 983 287 ἀναδεξάμενός

194 305 225 323 τε
244 297 324 333 μέχρι
345 298 392 323 καὶ
410 297 524 324 θανάτου
551 297 596 324 τὸν
621 298 690 333 ὑπὲρ
704 298 792 324 αὐτῶν
818 297 920 331 ἀγῶνα,
936 297 982 323 νῦν

194 343 392 378 ἀναπτήσομαι,
412 344 458 370 καὶ
471 343 502 378 δὴ
517 343 605 370 λαϐὼν
625 344 672 379 τὴν
688 344 758 370 κατὰ
788 343 895 370 πάντων
908 343 981 376 ἐξου-

196 389 257 416 σίαν
271 389 345 424 παρὰ
363 389 410 416 τοῦ
427 389 541 424 Πατρὴς,
555 391 657 422 πάντας
674 391 736 421 τοὺς
759 391 798 420 εἰς
815 390 863 425 ἐμὲ
876 389 981 416 πιστεύ-

195 444 295 468 σαντας
315 436 431 471 θήσομαι
456 437 495 468 εἰς
521 437 666 472 σωτηρίαν,
691 437 737 462 καὶ
758 436 981 472 παρρησιάσομαι

194 482 225 507 ὲν
240 481 323 516 αὐτῷ,
335 481 394 516 ἦτοι
407 481 445 516 τῷ
460 482 557 517 Πατρὶ,
574 481 589 516 ἦ
607 482 645 517 τῷ
666 482 852 518 πεπραγμένῳ
871 490 915 516 μοι
937 482 983 507 ἐπὶ

195 527 318 563 σωτηρίᾳ
329 527 384 554 τῶν
400 528 533 555 τοσούτων
550 529 810 563 ἀνδραγαθημάτων.
832 529 914 563 Καὶὴ
935 529 982 563 μὲν

194 573 241 599 τοῦ
260 573 341 608 ῥητοῦ
357 574 466 609 τοιαύτη
484 583 526 605 τις
542 574 573 600 ἂν
589 575 630 608 εἴη
646 573 758 600 διάνοια·
780 574 813 599 τὰ
835 574 924 608 μέντοι
952 582 982 607 γε

195 618 292 653 πρῶτα
299 618 345 644 τοῦ
360 618 477 654 ψαλμοῦ,
496 630 503 643 ι
520 618 608 645 Σῶσύν
624 627 668 653 με,
687 619 701 644 ὁ
715 617 791 649 Θεὸς,
804 628 812 643 ι
825 618 984 653 περιέχοντα

197 674 207 689 ε
223 664 263 690 ὅτι
274 665 428 691 ἐκλέλοιπεν
441 665 523 696 ὅσιος,
531 674 539 689 ι
551 665 637 691 καὶτὰ
646 665 719 700 ἑξῆς,
732 665 776 691 τὸν
784 665 878 700 καιρὸν
887 664 946 690 καθ’
955 664 983 691 δν

195 710 327 737 πέπονθεν
343 710 432 742 ὁποῖὸς
446 719 487 743 τις
502 710 608 746 ὑπῆρχε
627 711 709 746 δηλοῖ’
728 720 737 735 ι
749 710 913 737 Ἐκλελοίπει
927 711 982 746 γὰρ

192 756 267 787 ὅσιος
288 766 297 782 ο
315 757 442 789 τότε,καὶ
461 766 470 782 ι
492 756 672 792 Ὼλιγώθησαν
687 758 713 782 αἱ
728 756 850 791 ἀλήθειαι
863 756 916 782 ἀπὸ
932 755 984 782 τῶν

1037 257 1151 280 mortem
1174 260 1222 287 pro
1239 253 1292 280 illis
1318 257 1446 288 suscepto
1463 253 1496 285 ’⁸,
1513 261 1585 280 nunc
1602 262 1747 290 exsurgam
1774 265 1820 284 ac-

1036 299 1196 333 cipiensque
1211 307 1226 325 a
1242 298 1322 326 Patre
1338 299 1365 326 in
1379 299 1506 326 omnibus
1522 300 1746 333 dominationem,
1761 309 1820 329 om-

1035 353 1084 372 nes
1102 346 1147 380 qui
1165 346 1246 373 inme
1262 346 1382 376 credent.
1395 355 1403 371 ἰ
1418 354 1515 380 ponam
1533 347 1560 374 in
1569 348 1695 381 salutari,
1708 352 1735 375 et
1751 348 1819 376 fidu-

1035 391 1140 418 cialitcr
1157 398 1234 425 agam
1252 391 1334 422 ineo,
1351 401 1360 416 ι
1373 391 1430 419 sive
1444 392 1470 418 in
1490 391 1581 423 Patre,
1594 393 1651 420 sive
1663 394 1688 420 in
1704 401 1737 420 eo
1747 394 1820 429 quod

1036 436 1086 463 feci
1103 436 1262 470 praeclarum
1281 435 1309 462 in
1329 444 1423 462 eorum
1441 437 1567 464 salutem.
1584 437 1632 464 llic
1647 438 1728 473 igitur
1742 439 1820 466 nobis

1035 481 1143 508 videtur
1160 481 1257 516 psalmi
1277 489 1384 509 sensus.
1407 481 1496 509 Prima
1511 487 1600 510 autem
1618 484 1699 518 hujus
1715 484 1797 512 verba
1812 494 1818 511 :

1039 535 1048 551 ‹
1070 526 1179 554 Salvum
1206 535 1249 554 me
1271 527 1324 560 fac,
1340 527 1463 560 Domine,
1479 529 1607 563 quoniam
1632 530 1732 558 defecit
1757 538 1820 558 san-

1036 577 1097 600 ctus
1113 573 1145 604 ",
1162 583 1171 598 ι
1185 577 1210 599 ct
1227 573 1340 608 reliqua,
1352 581 1406 608 quo
1426 579 1547 609 tempore
1565 583 1663 609 passus
1679 576 1714 603 sit
1729 581 1821 604 osten-

1035 618 1114 646 dunt.
1139 618 1215 645 Tunc
1236 619 1308 646 enim
1329 629 1335 646 :
1356 628 1365 644 ι
1383 619 1484 647 Defecit
1514 625 1636 654 sanctus,
1653 626 1681 650 et
1701 623 1820 651 diminu~

1037 668 1071 691 tua
1084 670 1147 692 sunt
1161 665 1289 692 veritates
1301 673 1316 692 a
1325 665 1388 693 filiis
1400 665 1539 694 hominum
1552 676 1558 699 ;
1577 676 1645 695 vana
1657 669 1739 697 locuti
1756 676 1819 699 sunt

1038 712 1226 746 unusquisque
1248 711 1281 738 ad
1302 712 1454 747 proximum
1483 721 1561 741 suum
1577 715 1609 742 ³⁰.
1631 725 1640 741 ι
1665 716 1728 744 Haec
1746 718 1818 745 enim

1038 756 1140 787 omnia.
1153 760 1178 783 et
1189 764 1249 791 qua:
1260 761 1422 791 sequuntur,
1435 758 1480 785 illo
1491 763 1611 794 tempore
1625 760 1732 796 impleta
1744 767 1817 790 sunt.

194 803 260 830 υἱῶν
273 803 326 829 τῶν
340 803 499 839 ἀνθρώπων·
515 803 616 838 μάταια
632 803 759 839 ἐλάλησεν
775 803 888 834 ἕκαστος
915 803 983 838 πρὸς
1001 804 1046 830 τὸν
1059 803 1170 839 πλησίον
1201 803 1293 830 αὐτοῦ’
1318 814 1327 831 ι
1345 805 1391 831 καὶ
1410 805 1443 833 τὰ
1455 806 1559 839 τούτοις
1576 807 1604 834 δὲ
1628 799 1690 844 ἑξῆς
1712 809 1818 837 ἅπαντα

193 849 254 876 κατ’
266 841 367 876 ἐκεῖνον
379 850 539 886 πεπλήρωτο
554 849 598 876 τὸν
616 850 720 885 χρόνον.

458 909 654 936 ΚΕΦΑΛΑΙΟΝ
679 909 715 936 Z'.

494 953 620 988 Ψαλμοῦ
645 957 687 980 ιε’.

233 1009 242 1026 ι
260 999 436 1036 Προωρώμην
451 1000 495 1027 τὸν
511 1000 612 1035 Κύριον
626 1000 741 1028 ἐνώπιόν
754 1009 804 1036 μου
826 1001 980 1034 διαπαντὸς,

193 1047 235 1074 ὅτι
251 1047 283 1074 ἐκ
297 1047 390 1079 δεξιῶν
409 1056 459 1082 μου
472 1047 549 1074 ἐστὶν
573 1048 615 1074 ἵνα
640 1047 676 1083 μὴ
697 1047 826 1074 σαλευθῶ.
841 1047 889 1074 Διὰ
904 1047 983 1074 τοῦτο

193 1092 337 1128 ηὐφράνθη
350 1094 366 1128 ἡ
382 1093 481 1127 καρδία
498 1101 560 1128 μου,
574 1093 621 1120 καὶ
634 1093 817 1128 ἠγαλλιάσατο
833 1094 849 1128 ή
873 1093 983 1127 γλῶσσά

194 1145 260 1173 μου,
278 1137 317 1163 ἔτι
331 1137 359 1164 δὲ
373 1138 420 1164 καὶ
469 1137 536 1173 σάρξ
553 1146 602 1173 μου
617 1138 820 1174 κατασκηνώσει
836 1138 980 1164 ἐπ’ἐλπίδι.

194 1185 258 1211 Ὅτι
275 1185 324 1211 οὐκ
341 1185 546 1220 ἐγκαταλείψεις
559 1185 606 1221 τὴν
618 1186 705 1221 ψυχήν
721 1194 770 1221 μου
787 1187 826 1216 εἰς
838 1185 913 1220 ᾅδην,
922 1185 982 1211 οὐδὲ

193 1229 290 1262 δώσεις
306 1231 350 1257 τὺν
363 1230 435 1257 ὅσιόν
449 1240 493 1257 σου
508 1231 570 1257 ἰδεῖν
584 1231 741 1266 διαφθοράν.
759 1231 924 1267 Ἐγνώρισάς
937 1239 982 1266 μοι

191 1276 270 1307 ὁδοὺς
300 1275 382 1311 ζωῆς,
412 1276 565 1312 πληρώσεις
590 1286 623 1312 με
637 1277 805 1313 εὐφροσύνης
838 1277 906 1312 μετὰ
934 1277 980 1304 τοῦ

194 1321 340 1358 προσώπου
354 1331 410 1348 σου.
425 1332 434 1347 ›
446 1322 507 1348 ’Ότι
521 1323 548 1348 δὲ
560 1323 698 1349 καὶταῦτα
709 1325 748 1355 είς
764 1324 908 1360 πρόσωπον
916 1324 981 1350 ἀνα-

195 1368 310 1402 φέρεται
334 1368 452 1402 Χριστοῦ
473 1370 606 1404 μαρτυρεῖ
629 1370 643 1395 ὁ
671 1370 775 1405 Πέτρος
798 1371 826 1396 ὲν
841 1371 899 1402 ταῖς
928 1370 982 1396 τῶν

193 1413 348 1440 ἀποστόλων
373 1413 502 1449 Πρὰξεσι,
520 1415 552 1441 δι’
565 1411 601 1440 ὧν
621 1414 706 1441 ταῦτά
729 1423 819 1450 φησιν·
839 1424 849 1440 ι
879 1414 982 1450 Ἰησοῦν

194 1459 239 1485 τὸν
253 1459 420 1495 Ναζωραῖον,
433 1460 517 1496 ἄνδρα
542 1460 766 1496 ἀποδεδειγμένον
783 1461 823 1492 εἰς
833 1461 905 1496 ὑμᾶς
927 1461 981 1487 ἀπὸ

193 1503 261 1530 Θεοῦ
273 1504 402 1539 δυνάμεσι
414 1505 460 1531 καὶ
477 1506 571 1540 τέρασι
589 1505 635 1532 καὶ
651 1505 782 1541 σημείοις,
798 1503 838 1537 οἷς
870 1506 980 1540 ἐποίησε

192 1549 227 1575 δι’
244 1549 325 1575 αὑτοῦ
339 1551 351 1576 ὁ
367 1550 432 1581 Θεὸς
447 1552 475 1576 ἐν
493 1551 567 1585 μέσῳ
584 1551 671 1586 ὑμῶν,
685 1551 775 1582 καθὼς
790 1551 865 1578 αὐτοὶ
882 1551 979 1583 οἴδατε,

191 1595 286 1622 τοῦτον
305 1597 338 1631 τῇ
350 1596 489 1632 ὡρισμένῃ
506 1597 587 1632 βουλῇ
602 1597 648 1624 καλ¹
663 1597 815 1632 προγνώσει
841 1598 888 1624 τοῦ
912 1598 978 1624 Θεοῦ

194 1639 299 1666 ἔκδοτον
315 1640 450 1672 λαῧόντες,
473 1641 515 1667 διὰ
541 1641 631 1676 χειρὸς
649 1641 756 1676 ἀνόμων
773 1641 979 1676 προσπήξαντες

193 1687 326 1714 ἀνείλατε·
343 1687 372 1714 ὃν
388 1688 401 1714 ὁ
417 1687 482 1719 Θεὸς
509 1688 650 1723 ἀνέστησε,
662 1687 746 1719 λύσας
757 1688 807 1719 τὰς
820 1687 917 1719 ὠδῖνας
931 1687 978 1714 τοῦ

193 1731 319 1765 θανάτου,
340 1733 399 1759 καθ’
415 1734 455 1759 ὃτι
469 1734 517 1759 οὐκ
537 1731 570 1768 ἦν
590 1733 698 1759 δυνατὸν
715 1733 871 1768 κρατεῖσθαι
899 1732 979 1759 αὐτὸν

193 1778 240 1804 ὑπ’
253 1778 345 1805 αὐτοῦ.
360 1778 440 1805 Δαυῖδ
465 1779 518 1814 γὰρ
530 1779 614 1813 λέγει,
633 1778 809 1814 Προωρώμην
823 1779 868 1805 τὸν
878 1778 979 1813 Κύριον

193 1823 306 1852 ἐνώπιόν
325 1833 375 1860 μου
403 1825 558 1857 διαπαντός.
581 1835 589 1850 ι
618 1823 684 1852 Εἶτά
694 1833 753 1851 τινα
770 1823 871 1860 μεταξὺ
883 1824 977 1856 εἰπὼν,

192 1871 319 1906 ἐπιφέρει
332 1871 417 1897 ταῦτα
437 1871 505 1897 κατᾶ
528 1871 611 1904 λέξιν·
632 1881 641 1896 (
665 1870 777 1906 ’Ἄνδρες
791 1870 907 1904 ἀδελφοὶ,
920 1869 978 1902 ἐξὸν

191 1917 280 1944 tinctu
311 1917 379 1952 μετὰ
408 1917 562 1953 παρρησίας
581 1917 649 1953 πρὸς
674 1917 745 1952 ὑμᾶς
778 1917 841 1952 περὶ
861 1916 908 1942 τοῦ
925 1925 978 1943 πα-

191 1963 322 2000 τριάρχου
332 1963 423 1994 Δαυῖδ,
444 1965 484 1990 ὅτι
502 1963 548 1990 καὶ
561 1963 718 1998 ἐτελεύτησε
746 1963 792 1989 καὶ
814 1963 911 1998 ἐτάφη,
932 1963 979 1989 καὶ

191 2010 222 2036 τὸ
243 2011 336 2046 μνῆμα
346 2010 427 2036 αὑτοῦ
442 2011 515 2036 ἐστιν
527 2010 556 2036 ὲν
572 2008 636 2045 ἡμῖν
651 2009 703 2040 ἕως
722 2010 770 2045 τῆς
791 2009 896 2044 ἡμέρας
913 2008 978 2035 ταὺ-

191 2064 251 2092 της·
264 2058 406 2093 προφήτης
432 2054 477 2083 οὖν
493 2057 633 2092 ὑπάρχων,
664 2056 711 2082 καὶ
739 2055 817 2087 εἰδὼς
838 2056 879 2082 ὅτι
905 2056 978 2091 ὅρκῳ

191 2101 297 2137 ὤμοσεν
309 2102 383 2137 αὐτῷ
400 2103 414 2129 ὁ
427 2102 502 2134 Θεὸς,
519 2103 550 2128 ἐκ
577 2101 683 2137 καρποῦ
706 2102 755 2136 τῆς
771 2101 869 2136 ὀσφύος
897 2102 977 2128 αὑτοῦ

192 2148 301 2175 καθίσαι
313 2148 359 2174 ἐπὶ
372 2148 416 2174 τὸν
428 2148 521 2184 θρόνον
535 2147 628 2179 αὑτοῦ,
653 2147 770 2183 προϊδὼν
786 2147 898 2182 ἐλάλησε
915 2147 978 2182 περὶ

190 2194 427 2229 τῆςιάναστάσεως
443 2193 489 2220 τοῦ
501 2193 630 2229 Χριστοῦ,
647 2194 686 2220 ὅτι
700 2193 761 2220 οὔτε
782 2192 976 2228 ἐγκατελείφθη

190 2239 232 2270 είς
249 2238 325 2274 ᾅδην,
341 2238 402 2264 οὔτε
447 2238 514 2274 σὰρξ
536 2238 618 2265 αὑτοῦ
647 2239 684 2264 ἴδε
715 2238 873 2274 διαφθοράν.
895 2248 903 2263 ι
922 2237 974 2264 Τοῦ

189 2284 223 2319 δὴ
237 2285 340 2320 Πέτρου
355 2285 444 2311 τοίνυν
470 2285 669 2316 ἀποδεδωκότος
683 2287 723 2316 εἰς
737 2285 781 2312 τὸν
797 2285 911 2320 Σωτῆρα
927 2285 975 2320 τὴν

189 2329 241 2364 τῆς
266 2330 430 2365 προφητείας
445 2330 602 2366 ἑρμηνείαν,
623 2331 756 2366 παρέσται
769 2331 808 2366 τῷ
825 2332 860 2366 μὴ
873 2331 976 2366 πάρερ-

190 2385 238 2411 γον
250 2376 298 2411 τὴν
309 2377 410 2403 τούτων
434 2376 545 2412 ἔρευναν
567 2378 729 2413 ποιουμένῳ,
756 2378 815 2413 ἦτοι
841 2379 884 2404 ἐπ’
903 2377 977 2412 αὐτῴ

190 2423 280 2449 πᾶσαν
293 2423 342 2458 τὴν
367 2423 395 2449 ὲν
412 2422 449 2458 τῷ
469 2422 568 2458 ψαλμῷ
592 2423 663 2455 λέξιν
683 2423 837 2454 ἀκολούθως
861 2423 981 2459 ἐφαρμό-

189 2468 246 2501 ζειν
261 2466 300 2500 οἷς
316 2469 363 2495 καὶ
380 2469 394 2495 ὁ
421 2468 522 2504 Πέτρος
544 2469 692 2504 ὲξείληφεν,
707 2469 723 2504 ἢ
746 2471 801 2500 τοῖς
823 2470 866 2503 ὑφ’
880 2469 979 2504 ἑτέρων

188 2514 230 2545 εις
251 2513 296 2540 τὸν
325 2513 430 2549 ψαλμὸν
455 2513 734 2548 ὑπομνηματισῦεῖσιν
756 2515 886 2548 ἐντυχεῖν·
915 2515 979 2548 ἡμῖν

188 2559 244 2595 γὰρ
260 2560 275 2586 ὁ
296 2560 394 2591 σκοπὸς
405 2559 479 2586 οὐδὲν
492 2559 581 2585 πλεῖον
595 2558 649 2585 τῶν
664 2559 815 2594 εἰρημένων
835 2559 923 2593 λέγειν
940 2560 980 2590 εἰς

187 2607 252 2638 τοὺς
265 2606 363 2637 τόπους
380 2607 533 2642 ἐπιτρέπει.

453 2651 649 2679 ΚΕΦΛΛΜΟΝ
671 2651 710 2677 H'.

483 2697 606 2732 Ψαλμοῦ
627 2697 675 2729 ις’.

222 2744 278 2770 Καὶ
293 2744 323 2770 τὸ
339 2744 485 2780 λεγόμενον
502 2745 530 2770 ὲν
548 2744 733 2778 ἑκκαιδεκάτῳ
746 2742 854 2778 ψαλμῷ,
875 2752 883 2768 ι
902 2742 974 2768 Ἐδο-

186 2789 307 2825 κίμασας
322 2790 371 2826 τὴν
384 2790 497 2826 καρδίαν
512 2799 572 2826 μου,
587 2790 726 2825 ὲπισκέψω
749 2789 855 2821 νυκτὸς,
870 2788 975 2824 ὲπύρω-

187 2848 381 2912 εθῖἓίΡδΠίΡΡι
402 2859 432 2884 υ,
451 2851 476 2885 7,
494 2851 519 2879 8.
558 2851 580 2868 ’⁸
600 2851 673 2880 Psal.
692 2859 736 2885 xi,
752 2851 779 2878 2.

818 2851 839 2867 ³⁰
860 2850 926 2878 ibid.
958 2849 991 2882 2,
1011 2849 1036 2876 5.
1075 2849 1094 2864 ³¹
1116 2847 1191 2878 Psal.
1222 2859 1266 2883 xv,
1284 2850 1360 2878 8-H.

1327 905 1441 934 CAPUT
1468 907 1525 936 VII.

1243 950 1266 977 Ε
1279 953 1380 986 psalmo
1398 954 1489 988 quinto
1507 954 1618 983 decimo.

1072 1005 1081 1021 ί
1100 996 1278 1024 l‘rovidebam
1299 997 1444 1025 Dominum
1467 1000 1493 1026 in
1507 1005 1656 1036 conspectu
1673 1010 1733 1031 meo
1744 1012 1816 1032 sem-

1034 1049 1098 1077 per;
1114 1043 1242 1077 quoniam
1268 1051 1284 1070 a
1307 1043 1411 1071 dextris
1426 1049 1467 1072 est
1483 1046 1558 1078 mihi,
1578 1054 1612 1074 ne
1634 1055 1814 1079 commovear.

1032 1088 1147 1123 Propter
1161 1089 1212 1116 hoc
1227 1089 1345 1116 laetatum
1362 1095 1403 1117 est
1415 1097 1462 1117 cor
1471 1098 1559 1118 meum
1568 1096 1594 1118 et
1606 1094 1753 1122 exsultavit
1765 1096 1816 1123 lin-

1033 1142 1086 1169 gua
1101 1142 1158 1161 mea
1173 1142 1180 1160 :
1200 1135 1312 1174 insuper
1328 1138 1355 1162 et
1378 1143 1443 1163 caro
1468 1144 1527 1164 mea
1544 1138 1696 1173 requiescet
1716 1140 1743 1168 in
1756 1149 1814 1176 spe.

1033 1180 1176 1213 Quoniam'
1189 1187 1245 1206 non
1260 1179 1434 1215 derelinques
1448 1182 1566 1209 animam
1584 1190 1671 1211 meam
1687 1184 1714 1212 in
1731 1186 1816 1214 infer-

1033 1233 1078 1259 no,
1093 1233 1142 1253 nec
1158 1224 1237 1253 dabis
1255 1230 1382 1253 sanctum
1401 1230 1478 1254 tuum
1492 1227 1584 1256 videre
1601 1231 1814 1266 corruptionem.

1032 1271 1117 1299 Notas
1134 1272 1200 1298 mihi
1224 1272 1312 1299 fecisti
1336 1272 1394 1300 vias
1409 1273 1482 1305 vitae,
1495 1273 1654 1310 adimplebis
1670 1285 1712 1305 me
1722 1278 1815 1307 latitia

1033 1324 1094 1343 cum
1110 1317 1186 1344 vultu
1207 1320 1255 1344 tuo
1269 1317 1302 1344 ".
1322 1327 1332 1343 ι
1346 1316 1409 1344 Haec
1422 1326 1531 1354 quoque
1548 1320 1582 1346 ad
1601 1319 1703 1349 Christi
1723 1331 1818 1358 perso-

1033 1369 1095 1389 nam
1113 1366 1237 1397 spectare
1255 1366 1373 1391 testatur
1392 1363 1490 1392 Petrus
1505 1365 1533 1392 in
1548 1365 1663 1395 Actibus
1677 1371 1816 1404 apostolo-

1032 1416 1104 1440 rum,
1120 1408 1163 1435 his
1178 1409 1270 1437 verbis
1287 1419 1293 1436 :
1318 1418 1327 1434 ι
1346 1409 1439 1437 Jesum
1457 1410 1630 1440 Nazarenum
1642 1433 1649 1445 ,
1666 1415 1753 1442 virum
1768 1424 1816 1451 ap-

1032 1454 1175 1488 probatum
1191 1462 1206 1481 a
1225 1454 1281 1482 Deo
1298 1456 1326 1482 in
1343 1456 1431 1488 vobis,
1450 1457 1608 1491 virtutibus.
1625 1464 1652 1486 et
1673 1461 1814 1497 prodigiis.

1032 1505 1058 1527 et
1083 1500 1178 1535 signis,
1197 1509 1257 1536 qua:
1281 1501 1345 1528 fecit
1374 1501 1443 1530 Deus
1457 1511 1505 1538 per
1521 1504 1598 1531 illum
1621 1505 1647 1532 in
1664 1507 1753 1535 medio
1768 1517 1816 1536 ve-

1033 1547 1094 1579 stri,
1108 1546 1180 1573 sicut
1196 1552 1219 1574 et
1237 1555 1285 1575 vos
1301 1548 1378 1576 scitis
1394 1558 1402 1576 :
1420 1549 1493 1577 hunc
1509 1550 1621 1579 delinito
1645 1554 1771 1587 consilio,
1789 1558 1816 1582 et

993 1596 1014 1625 ο
1031 1591 1204 1625 praescientia
1217 1592 1264 1620 Dei
1293 1594 1434 1627 traditum,
1463 1603 1512 1630 per
1543 1604 1639 1625 manus
1658 1599 1816 1634 iniquorum

1031 1639 1169 1674 alligentes
1184 1640 1360 1667 interemistis
1375 1640 1554 1676 :quem'Deus
1565 1643 1706 1671 su5citavit
1718 1645 1815 1674 solutis

1030 1684 1171 1712 doloribus
1196 1684 1306 1717 inferni,
1323 1687 1401 1719 juxta
1425 1687 1498 1721 quod
1516 1687 1683 1722 impossibile
1699 1693 1758 1716 erat
1775 1694 1815 1717 te-

1030 1731 1088 1757 neri
1104 1731 1181 1758 illum
1204 1730 1238 1757 ab
1255 1738 1297 1758 eo.
1317 1730 1400 1758 David
1415 1733 1487 1759 enim
1499 1732 1564 1760 dicit
1580 1734 1607 1760 in
1618 1741 1680 1761 eum
1694 1743 1701 1761 :
1720 1734 1816 1762 Provi-

1031 1776 1128 1804 debam
1159 1777 1303 1804 Dominum
1329 1777 1356 1804 in
1380 1783 1528 1814 conspectu
1551 1787 1611 1807 meo
1632 1781 1783 1814 semper".
1802 1791 1812 1806 ι

1031 1821 1141 1856 Aliquot
1154 1830 1218 1849 vero
1241 1822 1421 1857 interpositis,
1436 1824 1493 1853 haec
1514 1823 1626 1858 subjicit
1646 1824 1786 1860 Scriptura
1805 1835 1812 1852 :

1033 1877 1042 1893 ι
1069 1867 1124 1894 Viri
1149 1867 1259 1899 fratres.
1275 1868 1356 1895 liceat
1382 1868 1514 1896 audenter
1540 1869 1630 1896 dicere
1659 1869 1692 1896 ad
1709 1877 1757 1896 vos
1780 1869 1815 1897 de

1030 1914 1185 1948 patriarcha
1202 1913 1296 1946 David,
1311 1915 1454 1949 quoniam;
1467 1914 1611 1942 defunctus
1626 1919 1667 1942 est
1682 1919 1708 1942 et
1723 1915 1812 1950 sepul-

1031 1963 1074 1986 tus
1088 1969 1094 1986 :
1107 1963 1134 1986 et
1154 1960 1309 1994 sepulcrum
1328 1960 1389 1995 ejus
1402 1963 1443 1988 est
1461 1960 1532 1995 apud
1552 1967 1603 1987 nos
1618 1968 1705 1995 usque
1720 1961 1747 1987 in
1766 1961 1814 1987 ho—

1029 2004 1153 2032 diernum
1174 2005 1255 2032 diem.
1272 2005 1406 2040 Propheta
1423 2005 1505 2041 igitur
1519 2013 1580 2032 cum
1596 2009 1716 2037 esset,ct
1731 2006 1813 2034 sciret

1030 2052 1092 2085 quia
1110 2051 1291 2086 jurejurando
1303 2051 1425 2086 jurassct
1439 2051 1476 2078 illi
1491 2051 1562 2079 Deus
1575 2052 1609 2078 de
1625 2051 1715 2078 fructu
1728 2052 1813 2079 lumbi

1029 2098 1089 2133 ejus
1112 2097 1209 2125 sedere
1229 2106 1311 2133 super
1332 2098 1421 2125 sedem
1437 2098 1517 2132 ejus;
1533 2098 1678 2133 providens
1707 2099 1813 2126 locutus

1029 2148 1072 2172 est
1082 2145 1116 2172 de
1131 2145 1333 2172 resurrectione
1347 2144 1458 2176 Christi,
1476 2144 1540 2179 quia
1559 2152 1646 2179 neque
1667 2137 1814 2173 derelictus

1028 2196 1071 2218 est
1098 2191 1126 2217 in
1155 2190 1273 2223 inferno,
1298 2198 1387 2225 neque
1405 2198 1470 2218 caro
1493 2190 1553 2225 ejus
1575 2191 1641 2217 vidit
1657 2192 1813 2226 corruptio-

1028 2243 1090 2262 nem
1105 2235 1137 2262 ³³.
1156 2244 1165 2261 ι
1185 2234 1266 2262 Petro
1278 2236 1359 2270 igitur
1375 2235 1444 2262 hanc
1465 2235 1500 2262 de
1519 2235 1629 2262 Christo
1644 2237 1813 2270 prophetiam

1028 2280 1088 2315 ipso
1100 2279 1306 2314 interpretante,
1318 2279 1450 2314 reliquum
1464 2284 1505 2306 est
1519 2287 1748 2315 supervacaneam
1764 2280 1814 2307 ho—

1029 2334 1091 2353 rum
1101 2325 1302 2360 indagationem
1317 2332 1372 2352 non
1385 2325 1505 2357 facienti;
1518 2325 1560 2352 vel
1575 2325 1598 2352 ei
1615 2325 1721 2352 omnem
1739 2327 1814 2360 psal-

1031 2372 1069 2399 mi
1088 2375 1245 2399 contextum
1269 2374 1454 2406 congruenter
1475 2370 1681 2399 accommodare
1694 2379 1757 2398 cum
1780 2371 1814 2399 iis

1031 2425 1093 2453 quze
1111 2417 1208 2445 Petrus
1227 2417 1346 2448 censuit,
1359 2418 1401 2444 vel
1419 2417 1534 2452 prolatis
1552 2418 1579 2443 in
1592 2417 1665 2444 hunc
1679 2417 1813 2452 psalmum

1031 2463 1236 2491 commentariis
1258 2463 1320 2491 aliis
1342 2463 1512 2490 incumbere.
1529 2461 1612 2490 Nobis
1625 2463 1697 2489 enim
1715 2471 1815 2498 propo-

1032 2510 1114 2536 situm
1129 2510 1185 2544 jam
1204 2509 1238 2536 de
1260 2509 1311 2536 hac
1327 2510 1439 2536 materia
1464 2507 1548 2535 dictis
1570 2507 1719 2544 quidquam
1743 2514 1816 2536 vetat

1031 2555 1157 2589 adjicere.

1326 2647 1439 2676 CAPUT
1459 2648 1524 2677 Vill.

1243 2692 1266 2719 Ε
1280 2694 1383 2728 psalmo
1398 2696 1497 2722 dccinm
1521 2699 1603 2722 sexto.

1065 2740 1122 2768 Hoc
1136 2741 1163 2768 in
1175 2740 1284 2769 decimo
1304 2747 1380 2770 sexto
1391 2742 1496 2777 psalmo
1512 2742 1614 2768 dictum
1633 2750 1639 2768 :
1664 2749 1673 2766 ι
1693 2740 1817 2768 Probasti

1029 2795 1078 2814 cor
1099 2795 1190 2815 meum
1209 2791 1238 2817 et
1254 2789 1370 2817 visitasli
1389 2792 1468 2816 nocte
1482 2797 1488 2815 :
1506 2788 1567 2822 igne
1584 2795 1626 2814 me
1642 2788 1818 2819 cxamiuusti,

1400 2851 1421 2867 ³²
1441 2850 1500 2877 Act.
1522 2857 1557 2882 II,
1576 2847 1670 2876 22-25.
1709 2847 1731 2863 ³³
1751 2847 1818 2875 ibid.
