2037 3215
243 145 312 174 “0'5

594 142 728 171 EUSEBII
746 141 985 170 CESAEIENSIS
1003 140 1079 169 OPP.
1099 140 1190 168 PARS
1211 141 1254 168 Ill.
1278 157 1313 162 —-
1331 141 1535 170 EXEGETICA.

1802 143 1869 171 “04

244 207 270 231 et
285 211 338 230 non
351 206 393 230 est
407 206 516 229 inventa
525 202 552 228 in
562 209 604 229 me
612 201 743 237 iniquitas
754 201 787 234 “,
809 209 818 226 ι
835 200 915 236 quasi
929 200 1031 228 Christi

1087 199 1136 231 σάς
1152 208 1185 235 με
1202 199 1234 234 (ί.
1250 199 1307 235 Si),
1327 200 1374 227 καὶ
1389 199 1439 235 οὐχ
1453 199 1550 236 εὑρέθη
1566 200 1594 226 ἐν
1609 199 1670 234 ἐμοὶ
1688 199 1788 232 ἀδικία,
1809 209 1817 225 ι
1833 199 1871 232 ὡς

244 256 310 276 voee
323 249 456 284 prolatum
472 247 724 279 animadvertimus,
742 254 804 274 cuin
818 254 873 274 non
889 247 968 273 aliter
978 246 1030 273 hu-

244 301 331 321 manae
344 298 447 321 natura
458 293 510 320 hoc
524 293 615 320 dicere
624 293 765 328 proprium
780 297 862 330 esset.
875 291 1032 327 Omnesque

244 339 326 375 hujus
353 339 448 374 psalmi
477 339 620 366 sententia:
637 347 684 366 eas
700 343 828 366 accurate
852 338 1030 374 perpendenti

244 389 370 421 spectare
384 385 417 412 ad
432 383 601 412 Salvatorem
614 385 752 412 videntur.

541 450 655 479 CAPUT
682 451 728 479 IX.

435 519 460 546 Ε
472 520 574 554 psalmo
589 520 689 547 decimo
709 521 831 556 septimo.

276 586 345 614 Cum
361 587 506 622 septimum
525 591 552 616 et
568 588 704 616 decimum
716 588 856 623 psalmum
874 596 927 616 non
947 590 1028 617 alium

242 633 365 668 quemvis
383 633 526 669 designare
552 634 709 661 circumcisi
727 638 841 668 putant.
871 635 925 661 nisi
943 634 1030 662 Davi—

242 678 302 706 dem
312 699 319 711 ,
334 686 367 706 eo
383 679 456 714 quod
473 679 499 706 id
524 679 666 714 inscriptio
682 679 804 707 indicare
816 679 923 707 videtur
934 700 942 712 ,
965 688 1030 707 cou-

243 723 387 752 fundemus
421 732 468 753 eos
500 725 573 753 hunc
606 726 695 753 locum
732 726 802 754 tueri
832 732 1028 761 nequeuntes:

244 779 254 797 ι
273 771 379 807 Eripies
400 779 443 799 me
467 771 500 800 de
518 773 782 800 contradictionibus
799 773 891 808 populi
905 783 911 800 :
927 773 1029 801 consti-

242 821 301 845 tues
317 826 360 846 me
381 818 408 846 in
433 823 514 853 caput
540 819 672 854 gentium.
693 818 831 854 Populus,
862 827 943 855 quem
974 827 1028 847 nou

241 863 375 898 cognovi,
401 864 513 890 servivit
537 864 621 890 mihi:
641 864 668 891 in
697 865 791 891 auditu
816 865 890 892 auris
908 864 1028 892 obedivit

1082 246 1136 272 ἀπὸ
1149 245 1268 280 Χριστοῦ
1288 245 1380 280 φωνῆς
1393 245 1526 280 τυγχάνον
1545 244 1790 280 ἐσημειωσάμεθα,
1811 245 1872 271 ἐπεὶ

1083 292 1120 328 μὴ
1135 292 1223 324 ἄλλως
1242 293 1399 328 ἀνθρωπεία
1411 293 1492 327 φύσει
1505 292 1585 319 τοῦτο
1601 293 1715 327 φάσκειν
1730 293 1870 328 ἁρμόττεν

1081 339 1127 365 καὶ
1142 339 1243 370 πάντες
1251 339 1278 365 δὲ
1288 339 1312 365 ol.
1324 339 1353 365 ἐν
1364 339 1401 374 τῷ
1412 339 1510 374 ψαλμῷ
1524 339 1597 373 λόγοι
1606 338 1644 374 τῷ
1653 339 1778 376 ἐνορῶντι
1795 339 1871 375 ἀκρι-

1083 384 1138 412 ϐῶς
1153 384 1250 416 αὐτοὺς
1266 385 1311 410 ἐπὶ
1325 385 1370 411 τὸν
1383 385 1497 421 Σωτῆρα
1511 384 1698 420 ἀναφέρεσθαι
1715 383 1852 412 δύνανται.

1343 453 1541 480 ΚΕΦΑΛᾹῘΟΝ
1561 454 1600 480 Θ’.

1381 520 1506 554 Ψαλμοῦ
1525 519 1569 550 ιζ’.

1123 585 1199 612 Ἐπεὶ
1214 585 1262 611 καὶ
1288 585 1334 612 τὸν
1358 586 1587 614 ἑπτακαιδέκατον
1606 587 1712 623 ψαλμὸν
1726 588 1776 615 οὐκ
1784 588 1814 621 ἐξ
1828 589 1868 616 ἄλ-

1081 631 1128 657 λου
1144 631 1217 663 τινὸς
1235 631 1363 666 λέγεσθαι
1377 631 1516 667 νομιοῦσιν
1531 633 1555 659 οἱ
1574 633 1606 659 ἐκ
1621 633 1770 669 περιτομῆς
1787 634 1804 669 ἢ
1825 634 1874 661 τοῦ

1081 677 1172 709 Δαυῒδ,
1189 677 1233 704 διὰ
1249 677 1280 703 τὸ
1294 679 1340 704 καὶ
1356 677 1405 714 τὴν
1418 678 1575 714 ἐπιγραφὴν
1590 679 1673 706 αὑτοῦ
1689 679 1769 706 τοῦτο
1786 680 1874 707 δοκεῖν

1081 724 1231 759 ἐμφαίνειν,
1245 723 1373 759 θλίψομεν
1388 724 1485 756 αὐτοὺς
1496 725 1525 751 οὺ
1536 725 1701 761 δυναμένους
1716 726 1814 758 σώζειν
1830 727 1873 753 ἐπ’

1081 769 1163 796 αὐτοῦ
1177 770 1216 801 τὸ,
1241 779 1250 796 ‹
1276 770 1358 806 Ῥύσῃ
1375 779 1409 806 με
1424 770 1453 803 ἐξ
1468 771 1619 806 ἀντιλογίας
1634 771 1698 798 λαοῦ
1712 793 1717 804 ,
1735 774 1873 808 καταστή-

1082 824 1138 848 σεις
1150 825 1183 852 με
1198 817 1238 848 εἰς
1258 817 1378 852 κεφαλὴν
1395 816 1489 843 ἐθνῶν
1502 817 1575 849 λαὸς,
1588 818 1617 844 ὃν
1628 818 1678 844 οὐκ
1692 818 1788 852 ἔγνων,
1798 818 1872 846 ἰδού-

1081 861 1159 888 λευσέ
1171 871 1232 897 μοι.
1259 863 1298 894 εἰς
1312 863 1397 898 ἀκοὴν
1413 862 1494 889 ὠτίου
1519 863 1658 898 ὑπήκουσέ
1675 873 1730 899 μοι’
1753 865 1808 892 υἱοὶ
1826 865 1873 892 ἀλ-

242 909 318 937 mihi.
337 909 397 937 Filii
416 910 496 938 alieni
512 911 617 938 mentiti
635 915 700 938 sunt
720 911 797 943 milii,
821 911 868 938 ﬁlii
885 911 966 938 alieni
988 911 1031 938 in-

1082 908 1182 944 λότριοι
1191 908 1338 943 ἐψεύσαντό
1349 918 1404 944 μοι,
1419 909 1472 936 υἱοὶ
1485 909 1620 946 ἀλλότριοι
1633 911 1871 947 ἐπαλαιώθησαν.»

242 955 353 983 veterati
367 960 431 984 sunt
446 957 478 984 ³⁵.
496 967 505 983 ›
534 957 656 990 Quarum
681 958 753 985 enim
769 960 888 993 gentium
906 958 932 985 in
951 961 1033 993 caput

242 1001 370 1030 Davidem
388 1003 567 1030 constitutum
594 1003 738 1031 ostendere
760 1004 870 1035 valent,
899 1008 946 1031 aut
970 1004 1033 1039 quis

242 1049 293 1076 iste
309 1049 444 1084 populus,
461 1057 541 1084 quem
558 1056 612 1077 non
626 1054 790 1085 cognoverat
806 1051 882 1085 pritts
897 1071 903 1081 .
932 1051 1033 1086 quique

241 1100 330 1122 tamen
345 1096 369 1123 ei
384 1096 493 1127 serviit,
514 1096 540 1123 in
562 1096 657 1123 auditu
672 1097 747 1124 auris
762 1097 894 1124 obediens
912 1098 953 1124 ei!
980 1098 1032 1130 Qui

241 1145 267 1169 et
283 1141 390 1169 mentiti
410 1143 433 1169 ei
455 1142 501 1169 ﬁlii
517 1143 598 1170 alieni
613 1143 753 1176 dicuntur,
774 1146 804 1171 et
820 1144 977 1176 inveterati.
1005 1149 1032 1172 et

241 1187 426 1216 claudicantes
441 1197 455 1216 a
471 1189 576 1217 semitis
588 1189 666 1217 suis?
680 1190 714 1216 At
730 1189 807 1217 nobis
824 1191 890 1217 nihil
908 1191 988 1226 plane
999 1199 1030 1218 ex

241 1233 274 1262 iis
287 1241 346 1269 quai
363 1234 390 1261 in
407 1234 459 1262 hoc
482 1235 587 1270 psalmo
605 1234 772 1267 referuntur,
786 1243 801 1262 a
823 1244 939 1271 persona
954 1236 1033 1264 Chri-

241 1280 275 1307 sti
294 1280 491 1308 detrahendum
505 1301 512 1312 ,
541 1281 586 1316 qui
613 1282 640 1309 in
659 1282 781 1318 gentium
803 1282 932 1311 Ecclesiae
950 1287 1032 1318 caput

240 1327 408 1354 constitutus
423 1331 484 1360 est;
505 1327 631 1362 hancque
659 1328 829 1363 prophetiam
843 1350 850 1360 ,
869 1329 940 1356 sicut
960 1329 1033 1356 acci-

242 1374 349 1409 pimus,
376 1373 454 1408 plane
477 1374 615 1408 impletam
637 1374 771 1402 videmus.
798 1374 913 1402 Eramus
941 1375 1031 1407 enim,

241 1426 352 1446 eramus
377 1426 439 1446 vere
462 1427 470 1443 ‹
495 1419 604 1445 alienati
631 1426 646 1446 a
673 1419 852 1446 conversione
879 1418 978 1452 Israel,
1006 1423 1033 1446 et

242 1465 364 1501 hospites
374 1469 599 1493 testamentorum
612 1465 801 1500 promissionis
816 1465 849 1498 ⁸⁸,
863 1474 872 1491 ι
889 1468 916 1492 et
931 1465 1033 1492 idcirco

242 1511 322 1539 Verbi
347 1511 393 1538 Dei
417 1511 572 1546 cognitione
596 1511 720 1546 indigni;
743 1512 790 1539 sed
811 1520 820 1536 ι
843 1519 916 1538 nunc
930 1519 1032 1547 cogno-

242 1561 350 1586 scentes
364 1556 459 1589 Deum,
474 1557 528 1584 itno
545 1565 559 1584 a
573 1556 627 1584 Deo
642 1557 742 1592 Cogniti
762 1557 783 1572 ³⁷
797 1566 804 1590 ;
821 1557 867 1592 qui
887 1557 1032 1592 aliquando

241 1611 352 1632 eramus
378 1596 474 1639 longe;
494 1602 557 1630 facti
578 1611 673 1630 sumus
701 1610 784 1638 prope
799 1603 832 1635 ³⁸,
852 1613 861 1629 ι
879 1607 905 1630 et
919 1603 1032 1630 servivi-

241 1658 304 1678 ntus
323 1658 374 1678 nos
396 1650 460 1677 olim
477 1657 532 1676 non
553 1650 739 1685 cognoscenti,
755 1653 782 1677 et
800 1650 826 1676 iu
843 1650 936 1677 auditu
957 1649 1032 1676 auris

241 1697 411 1725 obedivitnus
426 1697 462 1728 ei,
475 1700 588 1731 accepto
607 1697 669 1724 novi
681 1696 847 1725 Testamenti
862 1696 922 1731 ejus
936 1696 1030 1727 verbo,

241 1743 314 1779 quod
329 1744 355 1770 in
369 1751 420 1771 nos
436 1743 544 1770 infudit.
562 1742 628 1770 Mire
642 1747 732 1771 autem
748 1746 809 1779 post
824 1742 901 1774 illud,
917 1751 926 1768 ς
946 1750 1032 1777 popu—

241 1789 284 1816 lus
300 1797 380 1824 quem
395 1797 448 1817 non
466 1789 591 1825 cognovi,
609 1789 721 1818 servivit
738 1790 814 1823 mihi,
834 1800 843 1816 I
861 1794 888 1818 et
904 1795 965 1826 post
984 1799 1032 1818 vo-

241 1836 375 1863 cationem
391 1840 511 1863 nostram
522 1856 529 1867 ,
547 1839 665 1863 veterem
687 1835 856 1871 Synagogam
880 1836 969 1864 innuit
987 1837 1031 1864 his

241 1883 353 1911 verbis:
373 1892 381 1908 ι
406 1882 466 1909 Filii
496 1883 576 1909 alieni
608 1882 713 1909 mentiti
743 1886 807 1909 sunt
836 1882 914 1913 mihi,
940 1892 949 1908 ι
971 1891 1032 1917 quae

242 1929 312 1956 idem
328 1933 427 1956 sonant
442 1937 482 1960 ac,
505 1938 513 1953 ι
539 1928 622 1956 Filios
641 1928 757 1955 enutrivi
775 1931 802 1955 et
821 1928 937 1956 exaltavi
950 1948 958 1961 ,
979 1930 1030 1965 ipsi

241 1979 331 2003 autem
358 1979 519 2010 spreverunt
539 1982 581 2002 me
605 1975 637 2002 3°.
665 1984 674 2000 ι
705 1973 752 2001 Isti
778 1977 869 2002 autem
890 1975 1029 2004 inveterati

241 2029 305 2050 sunt
317 2022 504 2050 claudicantes
526 2022 553 2049 in
569 2021 674 2049 semitis
693 2021 760 2054 suis,
777 2024 804 2048 et
821 2020 869 2049 Dei
890 2021 1029 2049 Christum

241 2076 295 2096 non
312 2068 497 2103 accipientes:
523 2067 568 2103 qui
593 2067 627 2094 ab
647 2067 687 2095 eis
711 2067 845 2102 reiectus,
862 2071 1029 2096 constitutus

240 2119 282 2142 est
299 2123 313 2142 a
325 2115 405 2142 Patre
424 2115 451 2142 in
463 2119 543 2149 caput
557 2114 744 2145 Servientium.
759 2118 786 2142 et
800 2114 828 2141 iu
840 2114 934 2141 auditu
953 2116 1029 2142 auris

238 2160 424 2188 obedientium
450 2161 474 2187 ei
504 2159 624 2195 gentium
641 2180 648 2192 ,
681 2160 833 2197 secundum
856 2160 1028 2195 prophetiam

239 2208 308 2234 alias
322 2207 456 2234 dicentem
477 2216 483 2234 :
515 2216 524 2232 ‹
553 2205 681 2241 Lapidem
706 2214 787 2241 quem
814 2206 1029 2241 reprobaverunt

239 2253 415 2284 adiﬂcautes.
425 2253 469 2279 hic
477 2252 564 2280 factus
572 2257 613 2280 est
621 2253 648 2279 in
656 2252 834 2287 caputanguli
841 2252 873 2278 ⁸ο.
882 2261 890 2277 ι
900 2251 969 2279 Puto
976 2260 1026 2279 au—
1043 2260 1066 2289 ι)

239 2302 293 2326 tem
310 2297 480 2324 divinitatem
500 2296 656 2331 Christique
669 2296 702 2324 ad
723 2297 846 2324 homines
863 2296 1026 2324 descensum

239 2344 335 2379 primis
363 2343 460 2378 psalmi
485 2343 627 2370 versiculis
647 2343 774 2376 ostendi;
799 2351 860 2377 quae
884 2343 1028 2379 mysterio—

239 2390 299 2417 sius
313 2390 386 2417 dicta
408 2397 463 2416 non
483 2389 660 2416 adventitiatn
689 2393 715 2416 et
732 2389 883 2416 breviorem
901 2389 1027 2424 explana-

239 2437 341 2464 tionem
357 2436 555 2467 desiderareut.
580 2436 729 2471 prsesertiin
748 2436 774 2462 in
792 2436 841 2463 hoc
857 2436 936 2462 loco:
955 2446 964 2460 ‹
983 2435 1026 2462 Ιη-

239 2482 351 2509 clinarit
364 2483 448 2510 cmlos
468 2486 494 2509 et
507 2482 648 2509 descendit
661 2502 668 2513 ,
692 2486 718 2509 et
739 2481 827 2516 caligo
846 2481 897 2508 sub
913 2481 1027 2515 pedibus

239 2527 310 2560 ejus,
324 2531 350 2554 et
371 2527 493 2554 ascendit
511 2526 750 2561 superCherubim
770 2531 796 2554 et
811 2526 932 2553 volarit:
952 2527 1028 2553 vola-

240 2571 279 2598 vit
296 2579 378 2606 super
391 2579 495 2605 pennas
508 2576 652 2598 ventorum
668 2571 700 2598 “.
718 2581 726 2596 ι
746 2571 811 2605 Qum
823 2576 975 2606 sequuntur
993 2571 1026 2598 ad

240 2617 288 2645 Dei
306 2618 421 2646 Verbum
435 2622 567 2653 spectant.

277 2823 299 2839 ³⁸
316 2822 389 2850 Psal.
421 2832 483 2855 ινι,
514 2825 540 2852 5.
579 2826 600 2841 ³⁸
620 2824 692 2852 Psal.
719 2825 904 2856 xvu..M-46.

958 2826 980 2842 ³⁸
1001 2825 1100 2862 Epltes.
1132 2836 1151 2855 tt
1165 2848 1172 2860 ,
1191 2829 1232 2856 12.

243 2860 264 2876 "-‘
280 2859 331 2886 Isa.
349 2866 367 2891 t,
385 2858 411 2885 2.
451 2860 473 2875 "°
490 2859 712 2892 Psal.cxvit.22.
752 2861 773 2876 ”
794 2860 866 2889 Psal.
884 2868 950 2892 xvtt.
971 2858 1075 2891 10.“.

1083 954 1170 981 Ποίων
1187 955 1242 991 γὰρ
1253 955 1338 982 ἐθνῶν
1352 957 1391 988 είς
1411 956 1530 992 κεφαλὴν
1545 957 1717 984 καταστάντα
1730 958 1777 985 τὸν
1793 957 1874 985 Δαυῗδ

1081 1000 1169 1035 ἔχοιεν
1184 1002 1369 1037 παραστῆσαι,
1388 1001 1404 1037 ἢ
1421 1003 1497 1034 ποῖος
1513 1000 1590 1034 οὗτος
1602 1003 1675 1036 λαὸς,
1687 1003 1716 1030 ὃν
1726 1003 1776 1030 οὐκ
1791 1003 1872 1038 ἐγνώ-

1082 1054 1124 1072 κει
1142 1046 1191 1081 μέν
1206 1046 1287 1078 αὐτὸς
1301 1047 1442 1083 πρότερον,
1461 1047 1535 1083 ὅμως
1546 1048 1572 1074 δὲ
1587 1048 1743 1076 ἐδούλευσεν
1752 1050 1827 1085 αὐτῷ
1835 1051 1874 1082 εἰς

1082 1091 1183 1125 ἀκουὴν
1200 1091 1280 1117 ὠτίου
1299 1092 1457 1124 ὑπακούσας
1477 1092 1560 1128 αὐτῷ’
1577 1093 1648 1126 τίνες
1662 1094 1690 1121 δὲ
1707 1095 1753 1121 καὶ
1764 1096 1790 1121 οἱ
1808 1095 1873 1130 ψευ-

1082 1137 1194 1171 σάμενοι
1208 1136 1282 1172 αὒτῷ
1294 1138 1346 1164 υἱοὶ
1357 1138 1489 1174 ἀλλότριοι
1499 1138 1650 1174 λεγόμενοι,
1663 1139 1709 1166 καὶ
1718 1140 1742 1166 οἱ
1753 1140 1871 1167 παλαιω

1082 1180 1174 1212 θέντες
1188 1182 1235 1208 καὶ
1250 1181 1420 1216 χωλάναντες
1432 1183 1485 1210 ἀπὸ
1494 1182 1548 1210 τῶν
1560 1184 1663 1220 τρίϐων
1680 1185 1786 1217 αὺτῶν;
1804 1186 1877 1212 Ἀλλ’

1081 1229 1147 1263 ἡμῖν
1163 1229 1218 1255 οὐδ’
1230 1229 1299 1261 ὅλως
1310 1238 1336 1256 τι
1347 1230 1400 1257 τῶν
1413 1231 1442 1257 ὲν
1458 1230 1497 1266 τῷ
1510 1231 1608 1267 ψαλμῷ
1620 1231 1773 1268 λεγομένων
1789 1242 1876 1269 προσ-

1082 1274 1158 1309 κόψει
1171 1276 1203 1302 ὲκ
1220 1275 1367 1311 προσώπου
1383 1277 1430 1304 τοῦ
1443 1277 1572 1312 Χριστοῦ,
1591 1278 1638 1305 τοῦ
1659 1280 1876 1312 κατασταθέντος

1082 1321 1121 1352 είς
1134 1321 1254 1357 κεφαλὴν
1267 1323 1317 1357 τῆς
1329 1322 1364 1355 ἐξ,
1374 1322 1457 1350 ἐθνῶν
1476 1322 1648 1360 Ἐκκλησὶας,
1657 1325 1704 1352 καὶ
1710 1326 1812 1361 ταύτην
1829 1327 1877 1353 ὲκ-

1082 1366 1249 1401 λαμϐάνουσι
1264 1368 1313 1404 τὴν
1329 1370 1496 1404 προφητείαν
1504 1369 1636 1406 θεωροῦσι
1651 1379 1680 1397 τε
1696 1371 1780 1407 αὐτὴν
1798 1374 1876 1409 ἐναρ-

1083 1411 1138 1445 γῶς
1155 1412 1383 1449 πεπληρωμένην
1402 1412 1473 1450 ἦμεν
1486 1415 1550 1450 γὰρ,
1561 1414 1632 1452 ἦμεν
1648 1417 1756 1453 ἀληθῶς
1773 1419 1876 1455 «ἀπηλ-

1082 1456 1259 1493 λοτριωμένοι
1272 1459 1321 1494 τῆς
1337 1460 1475 1492 πολιτείας
1488 1461 1533 1487 τοῦ
1551 1461 1670 1498 Ἰσραὴλ,
1683 1464 1729 1490 καὶ
1739 1464 1809 1497 ξένοι
1822 1465 1876 1491 τῶν

1082 1503 1218 1539 διαθηκῶν
1232 1506 1281 1540 τῆς
1297 1505 1472 1540 ἐπαγγελίας,
1491 1517 1500 1533 ι
1526 1508 1571 1534 καὶ
1587 1508 1630 1534 διὰ
1653 1509 1733 1536 τοῦτο
1745 1510 1783 1546 μὴ
1804 1511 1876 1545 ἄξιοι

1083 1549 1133 1583 τῆς
1143 1549 1190 1576 τοῦ
1205 1550 1284 1585 λόγου
1297 1551 1343 1578 τοῦ
1357 1552 1424 1579 Θεοῦ
1442 1553 1578 1587 γνώσεως·
1597 1554 1663 1581 ἀλλὰ
1681 1565 1689 1581 ι
1701 1556 1749 1583 νῦν
1765 1557 1875 1590 γνόντες

1083 1595 1159 1627 Θεὸν,
1173 1595 1271 1631 μᾶλλον
1280 1597 1308 1623 δὲ
1319 1598 1485 1632 γνωσθέντες
1501 1600 1546 1626 ὑπ’
1557 1600 1650 1632 αὑτοῦ,
1665 1610 1673 1626 ι
1685 1602 1765 1637 ἡμεῖς
1775 1604 1798 1630 οἱ
1809 1604 1875 1630 ποτὲ

1082 1641 1158 1673 ὄντες
1169 1643 1278 1677 μακρὰν
1293 1643 1462 1679 ἐγενήθημεν
1476 1645 1568 1679 ἐγγὺς,
1590 1655 1599 1672 ι
1615 1646 1662 1672 καὶ
1677 1646 1876 1683 ἐδουλεύσαμεν

1082 1686 1121 1722 τῷ
1139 1687 1222 1714 πάλαι
1237 1687 1274 1724 μὴ
1289 1689 1378 1723 γνόντι
1391 1691 1475 1724 ἡμᾶς,
1492 1691 1540 1717 καὶ
1552 1692 1591 1723 είς
1603 1691 1686 1727 ἀκοὴν
1702 1692 1784 1719 ὠτίου
1801 1695 1875 1730 ὑπη-

1083 1732 1220 1768 κούσαμεν
1233 1733 1315 1769 αὐτῷ,
1331 1735 1546 1771 παραδεξάμενοι
1563 1737 1608 1763 τὸν
1628 1738 1678 1772 τῆς
1699 1739 1794 1773 καινῆς
1810 1741 1875 1766 Δια-

1083 1778 1169 1814 θήκης
1184 1779 1266 1806 αὐτοῦ
1279 1780 1366 1814 λόγον,
1383 1781 1411 1807 ὂν
1421 1781 1602 1818 διέοετσπρδς
1614 1784 1697 1818 ἡμᾶς.
1709 1783 1876 1819 Θαυμασὶως

1081 1823 1109 1850 δὲ
1128 1825 1196 1859 μετὰ
1213 1825 1252 1858 τὸ,
1271 1835 1279 1850 ι
1299 1825 1372 1858 λαὸς,
1394 1826 1424 1852 ὃν
1438 1826 1487 1854 οὐκ
1498 1827 1582 1861 ἔγνων
1594 1850 1601 1861 ,
1626 1828 1767 1856 ἐδούλευσέ
1791 1839 1849 1866 μοι,
1864 1841 1873 1856 ι

1082 1871 1129 1897 καὶ
1142 1870 1190 1906 τὴν
1199 1873 1262 1906 περὶ
1273 1872 1351 1907 ἡμῶν
1369 1872 1462 1908 κλῆσιν
1478 1874 1511 1900 τὰ
1524 1874 1589 1910 περὶ
1601 1875 1650 1910 τῆς
1661 1876 1798 1911 προτέρας
1810 1877 1876 1903 Συν-

1081 1917 1191 1952 αγωγῆς
1210 1918 1345 1944 ἐκτίθεται
1365 1918 1408 1946 διὰ
1433 1919 1491 1951 τοῦ,
1521 1929 1530 1945 1
1558 1920 1615 1946 Υἱοὶ
1640 1921 1774 1956 ἀλλότριοι
1796 1923 1875 1957 ἐψεύ-

1083 1962 1162 1988 σαντό
1176 1971 1231 1997 μοι,
1252 1973 1260 1988 ι
1287 1964 1463 2000 ἰσοδυναμοῦν
1477 1965 1532 2000 τῷ,
1554 1975 1563 1991 ‹
1580 1966 1660 1998 Υίοὺς
1679 1968 1814 2004 ἐγέννησα
1827 1970 1876 1996 καὶ

1081 2007 1186 2042 Mona,
1197 2009 1274 2035 αὐτοὶ
1291 2010 1318 2036 δέ
1333 2019 1365 2046 με
1373 2010 1517 2046 ἠθέτησαν·
1529 2021 1538 2037 ι
1550 2009 1620 2039 οὗτοι
1632 2013 1660 2039 δὲ
1675 2014 1722 2039 καὶ
1737 2014 1875 2041 ἐπαλαιώ-

1081 2053 1165 2088 θησαν
1180 2055 1350 2090 χωλάναντες
1363 2057 1416 2083 ἀπὸ
1431 2057 1484 2084 τῶν
1493 2057 1593 2093 τρίϐων
1606 2059 1704 2091 αὐτῶν,
1714 2060 1760 2086 καὶ
1774 2061 1812 2096 μὴ
1826 2070 1875 2088 πα-

1082 2099 1256 2135 ραδεξάμενοι
1271 2101 1317 2128 τὸν
1330 2102 1445 2137 Χριστὸν
1460 2103 1507 2129 τοῦ
1519 2103 1634 2136 Θεοῦ,δς
1644 2105 1874 2140 ἀποδοκιμασθεὶς

1080 2145 1125 2172 ὑπ’
1140 2145 1229 2173 αὐτῶν
1252 2147 1403 2183 κατεστάθη
1424 2148 1476 2175 ὑπὸ
1495 2149 1542 2176 τοῦ
1565 2149 1671 2185 Πατρός
1692 2152 1731 2182 είς
1751 2151 1874 2187 κεφαλὴν

1079 2191 1132 2218 τῶν
1146 2192 1346 2220 δουλευσάντων
1356 2213 1363 2225 ,
1388 2195 1434 2220 καὶ
1447 2195 1486 2226 εἰς
1506 2195 1589 2231 άκοὴν
1604 2196 1683 2223 ὠτίου
1703 2198 1874 2225 ὑπακουσάν-

1079 2245 1132 2264 των
1151 2238 1225 2273 αὺτῷ
1244 2238 1344 2271 ὲθνῶν,
1357 2240 1427 2266 κατὰ
1443 2241 1492 2276 τὴν
1505 2241 1617 2277 ἑτέρωθι
1633 2242 1789 2277 φάσκουσαν
1807 2252 1874 2279 προ-

1080 2283 1203 2317 φητείαν,
1219 2292 1228 2308 ι
1243 2283 1333 2315 Λίθον,
1353 2284 1383 2311 ὃν
1399 2286 1605 2321 ἀπεδοκίμασαν
1615 2289 1639 2314 οἱ
1655 2288 1873 2324 οἰκοδομοῦντες,

1078 2326 1155 2361 οὗτος
1170 2329 1283 2366 ἐγενήθη
1302 2331 1341 2362 εἰς
1356 2332 1475 2368 κεφαλὴν
1488 2333 1598 2367 γωνίας.
1614 2343 1624 2360 ›
1639 2332 1722 2369 Οἶμαι
1737 2334 1766 2361 δὲ
1778 2336 1825 2362 καὶ
1839 2336 1873 2363 τὰ

1079 2375 1143 2409 περὶ
1158 2375 1208 2410 τῆς
1222 2375 1346 2412 θεότητος
1357 2378 1404 2404 καὶ
1418 2378 1467 2413 τῆς
1476 2380 1515 2411 εἰς
1524 2379 1683 2416 ἀνθρώπους
1695 2381 1873 2414 καταϐάσεως

1080 2421 1162 2448 αὑτοῦ
1177 2422 1204 2448 ἐν
1219 2423 1274 2454 τοῖς
1295 2423 1412 2458 πρώτοις
1424 2424 1570 2460 δηλοῦσθαι
1583 2427 1630 2453 τοό
1651 2427 1761 2463 ψαλμοῦ
1775 2436 1780 2442 ’
1799 2428 1872 2463 ἅπερ

1079 2466 1109 2492 οὺ
1121 2466 1170 2501 τῆς
1191 2468 1220 2493 ἐν
1237 2468 1368 2504 παρέργῳ
1388 2470 1435 2495 καὶ
1455 2469 1615 2507 παραδρομῇ
1631 2472 1711 2499 δέοιτ’
1727 2473 1760 2500 ἂν
1776 2473 1872 2509 ἐξηγή-

1081 2520 1148 2543 σεως
1158 2512 1375 2548 ἀποῤῥητότερον
1384 2515 1524 2550 εἰρημένα·
1533 2513 1577 2542 οἷά
1584 2517 1656 2543 ἐστιν
1665 2517 1718 2544 ἀπὸ
1726 2519 1786 2549 τοῦ,
1800 2519 1870 2546 Ilia!

1079 2554 1182 2583 ἔκλινεν
1198 2558 1327 2592 οὺρανοὶνς
1350 2560 1394 2585 καὶ
1411 2560 1512 2597 κατέϐη
1524 2582 1530 2594 ,
1549 2562 1596 2588 καὶ
1620 2564 1718 2597 γνόφος
1736 2564 1789 2590 ὑπὸ
1807 2566 1870 2596 τοὺς

1080 2602 1161 2634 πόδας
1175 2603 1267 2630 αὐτοῦ’
1286 2605 1331 2631 καὶ
1345 2605 1429 2641 ἐπέϐη
1444 2607 1489 2633 ἐπὶ
1502 2607 1633 2643 Χερουϐὶν
1650 2609 1697 2636 καὶ
1713 2611 1868 2645 ἐπετάσθη,

1081 2648 1217 2684 ἐπετάσθη
1239 2649 1285 2676 ἐπὶ
1301 2651 1444 2686 πτερύγων
1469 2652 1586 2688 ἀνέμων·
1607 2663 1615 2678 ι
1635 2655 1682 2680 καὶ
1691 2654 1744 2681 ’ὅσα
1764 2655 1868 2686 τούτοις

1082 2695 1277 2730 παραπλησίως
1292 2697 1337 2723 ἐπὶ
1350 2698 1395 2724 τὸν
1405 2698 1452 2725 τοῦ
1467 2699 1534 2725 Θεοῦ
1546 2700 1631 2734 Λόγον
1642 2700 1821 2735 ἀναφέρεται.

1290 2829 1311 2846 ³⁷
1332 2829 1422 2858 Galat.
1453 2839 1498 2864 μιν
1509 2831 1535 2858 9.
1575 2833 1596 2848 ³·
1617 2832 1720 2868 Ephes.
1750 2841 1790 2868 ιι,
1824 2835 1864 2863 ιδ.
