2037 3215
158 211 230 240 Ηθὸ

456 323 578 358 Ψαὶμοῦ
602 323 648 357 ιη’.

196 391 207 409 ι
224 383 280 410 Οὐκ
293 383 346 409 εἰσὶ
358 382 449 409 λαλιαὶ
460 382 521 409 οὐδὲ
537 382 622 416 λόγοι,
637 378 674 409 ὧν
686 382 747 417 οὐχὶ
761 382 903 409 ἀκούονται
921 382 949 408 αί

160 429 247 464 φωναὶ
263 428 362 455 αὐτῶν.
376 429 423 460 Εἰς
438 429 527 455 πᾶσαν
538 428 587 463 τὴν
602 428 654 463 γῆν
671 428 782 463 ἐξῆλθεν
800 430 813 455 ὁ
833 428 949 463 φθόγγος

161 474 258 508 αὐτῶν,
277 474 323 502 καὶ
337 475 376 506 είς
392 475 426 501 τὰ
442 474 548 509 πέρατα
562 474 612 509 τῆς
623 474 785 511 οἰκουμένης
800 474 834 501 τὰ
842 475 950 510 ῥήματα

160 521 259 548 αὐτῶν.
284 531 293 546 ι
310 520 449 555 Ζητοῦμεν
463 520 543 547 τίνων
556 521 596 552 είς
609 521 698 547 πᾶσαν
710 520 758 556 τὴν
774 521 825 556 γῆν
840 520 949 555 ἐξῆλθεν

159 568 173 593 ὁ
189 566 316 601 φθόγγος,
332 566 379 592 καὶ
394 565 428 592 τὰ
443 566 553 602 ῥήματα
571 565 623 597 ἓως
639 566 694 593 τῶν
710 566 836 602 περάτων
851 566 947 602 τῆςιίί.

163 613 210 644 21,
220 613 256 648 νο)
270 612 441 649 οἰκουμένης,
454 612 491 644 ὡς
505 613 541 649 μὴ
554 613 762 648 καταλελεῖφθαι
770 613 865 648 λόγους
876 613 950 649 παρά

158 667 214 685 τισι
227 659 273 685 καὶ
287 658 382 689 λαλιὰς
397 658 462 693 παρ’
477 655 517 690 οἷς
534 659 584 686 οὐκ
601 658 776 694 ὴκοὺσοησαν
787 659 833 685 καὶ
848 659 876 685 αἱ
890 658 950 685 τού-

158 713 213 730 των
228 704 323 738 φωναί·
351 703 407 730 ἀλλ’
431 703 480 730 οὑκ
506 703 539 730 ἃν
559 703 614 739 ἔχοι
634 713 675 735 τις
691 704 800 740 ἑτέρους
819 704 949 737 ἐπιδεῖξαι

159 749 213 776 τῶν
227 750 306 786 ἱερῶν
318 750 483 783 ἀποστόλων,
499 751 539 782 είς
550 750 598 782 οὓς
610 751 626 785 ἡ
641 751 791 786 προφητεία
806 751 950 787 πεπλήρω-

159 804 204 822 ται
217 796 359 831 διαϐοήτου
374 795 423 831 τῆς
438 796 501 831 περὶ
518 795 565 822 τοῦ
583 795 700 830 Χριστοῦ
715 795 888 827 διδασκαλίας
901 796 950 822 αὐ-

158 843 215 869 τῶν
232 843 271 874 εἰς
288 842 377 870 πᾶσαν
389 842 437 878 τὴν
452 842 497 868 ὑπ’
510 842 623 878 οὐρανὸν
633 842 790 878 γενομένης,
804 843 848 869 ὅτε
862 843 951 869 ὲνεπι-

158 889 308 925 δημοῦντες
320 889 358 924 τῷ
371 889 420 924 βίῳ
432 888 500 924 μετὰ
510 889 561 924 τῆς
574 886 757 925 συνεργούσης
767 889 858 922 αὐτοῖς
870 890 950 917 δυνά-

161 944 235 970 μεως
248 935 323 967 θείας
340 935 392 962 ἀνὰ
405 936 495 962 πᾶσαν
509 934 558 970 τὴν
569 935 729 971 οἰκουμένην
744 936 895 971 ἐκήρυσσον
902 935 951 971 τὴν
969 955 988 982 Β

160 982 200 1013 είς
215 982 260 1008 τὸν
276 980 391 1017 Χριστὸν
413 981 460 1008 τοῦ
480 981 547 1008 θεοῦ
565 981 670 1008 πίστιν·
695 982 758 1017 περὶ
773 978 803 1008 οὗ
822 981 889 1016 μετὰ
901 982 951 1018 τὴν

116 1056 120 1061 ,
160 1029 313 1064 πρόρρησιν
336 1029 382 1055 τοῦ
405 1028 458 1055 τῶν
486 1028 640 1055 ἀποστόλων
668 1028 749 1055 αὐτοῦ
775 1027 950 1064 κηρύγματος

158 1073 224 1110 ἑξῆς
241 1076 255 1101 ὁ
271 1074 348 1108 λόγος
364 1075 493 1105 διδάσκει,
507 1075 544 1106 ὡς
558 1075 612 1111 ἄρα
630 1084 638 1100 ι
657 1075 685 1100 ὲν
698 1074 737 1109 τῷ
749 1074 816 1110 ἡλίῳ
831 1075 906 1101 ἔθετο
921 1075 951 1102 τὸ

161 1123 293 1156 σκήνωμα
311 1120 394 1147 αὐτοῦ
406 1129 411 1134 ·
433 1130 441 1146 ι
459 1120 535 1156 ἡλίου
547 1120 690 1155 νοουμένου
704 1120 752 1155 τῆς
764 1120 899 1156 θεότητος,
911 1121 952 1152 είς

160 1167 194 1202 ἠν
208 1166 257 1202 τὴν
273 1166 368 1193 ἑαυτοῦ
388 1166 470 1202 μονὴν
491 1166 538 1192 καὶ
566 1166 615 1201 τὴν
639 1166 718 1192 οἱονεὶ
744 1166 950 1202 κατασκήνωσιν

160 1210 246 1242 ἔθετο,
272 1210 353 1246 ἢκαὶ
376 1211 445 1246 ὅπερ
469 1211 500 1237 ἐκ
521 1210 571 1245 τῆς
595 1209 733 1246 Παρθένου
758 1210 836 1237 ἔλαϐε
862 1210 951 1246 σῶμα,

161 1257 232 1292 ὅπερ
244 1254 277 1292 ἦν
294 1257 414 1293 ὡσπερεὶ
430 1257 562 1292 σκήνωμα
577 1256 626 1292 τῆς
649 1257 678 1283 ἐν
693 1256 768 1292 αὑτῷ
784 1257 952 1291 καταμενού-

161 1310 213 1338 σης
225 1302 298 1334 θείας
309 1302 460 1338 δυνάμεως·
477 1299 552 1334 οὗτος
564 1302 592 1328 δὲ
608 1302 654 1328 καὶ
668 1302 775 1337 (ὥσπερ
783 1302 898 1337 νυμφίος
911 1304 953 1328 ὲκ-

159 1349 341 1385 ποριυόμενος
352 1350 384 1375 ὲκ
396 1349 498 1376 παστοῦ
516 1349 609 1379 αὐτοῦ,
628 1348 808 1383 ἠγαλλιάσατο
819 1348 855 1380 ὡς
872 1348 952 1382 γίγας

160 1396 274 1432 δραμεῖν
286 1396 354 1423 ὁδόν·
369 1393 425 1423 »οἷα
432 1397 486 1432 γάρ
497 1405 538 1428 τις
551 1396 667 1432 νυμφίος
677 1396 721 1423 διὰ
733 1396 781 1432 τὴν
794 1397 875 1423 αὐτοῦ
884 1396 951 1431 νύμ-

162 1451 218 1478 φην
233 1443 282 1478 τὴν
301 1443 463 1478 Ἐκκλησίαν
479 1442 571 1469 ἐκτῶν
584 1442 724 1478 πατρικῶν
732 1443 876 1474 διαναστὰς
892 1443 952 1469 κόλ-

161 1497 231 1521 πων,
249 1489 296 1516 n‘.
315 1490 394 1517 ὁποῖά
416 1498 458 1521 τις
480 1489 560 1524 γίγας
577 1488 697 1523 ἀνδρεῖος
716 1489 762 1515 καὶ
786 1487 893 1524 ίσχυρὸς
906 1487 951 1514 τὸν

162 1535 256 1571 ἀγῶνα
267 1535 313 1564 τὸν
327 1536 505 1572 προκείμενον
524 1535 598 1571 αὐτῷ
621 1535 765 1572 διαολήσας
774 1555 781 1568 ,
796 1536 909 1571 νικήσας
922 1543 950 1561 τε

163 1583 211 1609 καὶ
222 1582 478 1618 καταγωνισάμενος
499 1582 560 1614 τοῦς
577 1582 756 1614 ἀντιπάλους,
769 1582 951 1617 ἠγαλλιάσατο

674 211 715 240 EC
724 212 826 240 LOGIE
848 211 1090 241 PROPHETICIE.
1113 227 1146 232 ——
1163 212 1230 240 LIB.
1249 211 1290 245 IL!

435 267 630 294 κεψιιΑΑιοΝ
651 267 679 296 l'.
965 279 988 306 Α

1720 211 1787 238 “06

1321 266 1435 296 CAPUT
1455 266 1476 293 Χ

1209 325 1233 352 Ε
1249 325 1352 360 psalmo
1372 331 1462 352 octavo
1479 324 1588 352 decium.

1039 393 1048 408 ι
1069 383 1125 410 Non
1138 388 1200 410 sunt
1213 383 1344 418 loquelae,
1370 390 1458 417 neque
1482 388 1621 410 sermones
1635 401 1642 412 ,
1672 389 1787 416 quorum

1001 438 1054 458 non
1085 429 1233 457 audiantur
1258 437 1337 457 voces
1362 436 1465 457 eorum.
1494 429 1524 455 ln
1554 435 1662 455 omnem
1688 431 1788 455 terram

1000 476 1084 504 exivit
1099 484 1185 504 sonus
1209 483 1314 506 eorum.
1328 479 1355 503 et
1381 475 1408 502 in
1423 475 1490 502 ﬁnes
1511 474 1587 502 orbis
1601 478 1678 502 terra:
1706 462 1790 501 verba.

1000 530 1095 550 eorum
1112 521 1144 548 “.
1165 531 1174 548 ι
1190 521 1342 554 Quaerimus
1362 529 1477 556 quorum
1503 521 1530 548 in
1552 528 1659 547 onmem
1687 524 1788 547 terram

1001 569 1083 596 exivit
1097 575 1192 600 sonus,
1207 568 1343 602 verbaque
1361 568 1390 594 in
1406 567 1472 594 lines
1495 566 1570 594 orbis
1583 571 1662 594 term
1674 586 1681 598 ,
1699 573 1732 594 ne
1747 573 1787 593 re—

1002 615 1160 649 linquantur
1175 613 1340 649 quibusdam
1367 614 1480 648 loquela!
1497 617 1523 641 et
1544 620 1684 640 sermones
1698 633 1706 644 ,
1728 611 1774 647 qui

1001 662 1052 689 btts
1076 669 1130 688 non
1152 660 1251 688 audit-.e
1279 661 1334 688 sint
1357 661 1474 688 istorum
1496 667 1586 687 voces.
1610 659 1701 694 Neque
1718 659 1788 686 ullos

1002 707 1069 734 alios
1084 707 1238 734 invenimus
1263 714 1295 733 ac
1312 710 1422 734 sanctos
1444 706 1599 741 apostolos,
1621 705 1720 740 quibus
1738 705 1788 732 im-

1002 753 1090 787 pletur
1117 751 1260 787 prophetia
1276 772 1284 785 ,
1318 751 1475 786 pervulgata
1507 751 1534 778 in
1557 759 1665 778 omnem
1687 754 1788 777 terram

1001 806 1094 826 eorum
1112 798 1146 826 de
1163 798 1275 826 Christo
1288 798 1429 828 doctrina,
1454 805 1516 824 cum
1531 798 1605 824 omni
1620 797 1675 824 vita
1700 804 1779 831 perer

1001 849 1104 878 rantes,
1117 845 1262 880 adjuvante
1276 852 1323 872 eos
1351 849 1483 879 potestate
1503 843 1606 875 divina,
1622 851 1670 879 per
1681 843 1789 870 univer-

1002 900 1062 919 sum
1074 892 1167 919 orbem
1183 896 1317 919 terrarum
1331 890 1410 918 [idem
1427 891 1455 918 in
1473 890 1612 918 Christum
1632 889 1679 916 Dei
1694 888 1789 924 praedi-

1002 942 1142 966 caverunt.
1169 937 1206 966 De
1224 946 1278 973 quo
1304 941 1365 973 post
1391 937 1580 972 praevisionem
1606 935 1790 971 apostolorum

1002 985 1062 1019 ejus
1079 983 1289 1018 pratdicationis,
1304 983 1436 1010 continuo
1453 982 1595 1017 Scriptura
1619 981 1708 1013 docet,
1719 980 1790 1015 quod

1005 1040 1013 1057 ι
1034 1031 1062 1057 in
1078 1031 1135 1058 sole
1153 1030 1246 1066 posuit
1264 1030 1471 1057 tabernaculum
1488 1036 1567 1056 suutn
1580 1027 1623 1062 ‘3;
1643 1037 1652 1054 ι
1669 1027 1709 1054 sol
1733 1026 1791 1054 dei-

1001 1081 1083 1104 tatem
1099 1077 1199 1108 innuit,
1213 1077 1240 1103 in
1254 1084 1306 1111 qua
1322 1075 1412 1103 sedem
1429 1082 1510 1103 suam
1528 1077 1555 1102 et
1568 1074 1646 1110 quasi
1665 1074 1791 1101 taberna-

1001 1123 1093 1150 culum
1110 1123 1211 1158 posuit,
1226 1123 1269 1150 vcl
1283 1121 1356 1157 quod
1371 1129 1402 1149 es
1420 1121 1532 1156 Virgine
1544 1120 1661 1155 sumpsit
1681 1127 1790 1155 corpus.

1001 1169 1074 1204 quod
1091 1169 1169 1204 quasi
1185 1169 1391 1196 tabernaculum
1408 1172 1466 1196 erat
1489 1168 1588 1195 divinae
1605 1167 1747 1202 potestatis
1763 1166 1791 1193 in

1001 1223 1034 1242 eo
1052 1215 1246 1250 pcnnanentis.
1271 1214 1321 1242 Hic
1337 1218 1363 1242 et
1382 1223 1391 1239 ‹
1411 1218 1539 1248 tanquam
1554 1221 1672 1248 sponsus
1697 1219 1787 1247 proce-

1001 1261 1069 1289 dens
1084 1261 1117 1289 de
1132 1261 1253 1288 thalamo
1277 1269 1344 1293 suo;
1364 1261 1511 1288 exsultavit
1534 1265 1563 1287 ut
1580 1260 1656 1294 gigas
1678 1258 1713 1286 ad
1728 1265 1792 1286 cur-

1002 1307 1115 1335 rendam
1128 1307 1198 1335 viant
1214 1306 1246 1334 “.
1266 1317 1275 1333 ι
1295 1307 1331 1334 Ut
1355 1307 1427 1334 enim
1455 1313 1573 1341 sponsus
1600 1305 1635 1332 ob
1661 1311 1791 1340 sponsam

1002 1354 1088 1389 ipsius
1105 1353 1252 1381 Ecclesiam
1268 1361 1283 1380 e
1297 1353 1386 1388 patrio
1398 1360 1549 1387 exsurgens
1567 1352 1628 1378 sinu
1640 1371 1647 1382 ,
1670 1355 1697 1378 et
1713 1350 1791 1384 quasi

1002 1400 1089 1428 virilis
1107 1400 1292 1435 robustusque
1308 1399 1384 1434 gigas
1405 1402 1543 1426 certamen
1557 1398 1608 1425 sibi
1623 1397 1792 1432 propositum

1002 1447 1137 1478 certavit,
1154 1447 1313 1481 victorque,
1339 1449 1366 1473 et
1382 1445 1528 1480 prastratis
1545 1444 1724 1474 adversariis.
1744 1452 1793 1471 ex-

1001 1492 1113 1521 sultavit
1134 1492 1187 1519 tori
1205 1492 1307 1520 sociam
1331 1499 1513 1527 sponsamque
1536 1490 1685 1525 excipiens.
1710 1488 1792 1517 Facta

1001 1543 1044 1567 est
1057 1543 1148 1567 autem
1164 1549 1173 1565 ι
1198 1547 1213 1566 a
1229 1547 1338 1567 summo
1352 1540 1423 1568 cmlo
1443 1539 1565 1575 egressio
1587 1537 1646 1573 ejus
1668 1536 1709 1568 ";
1739 1545 1747 1562 ι
1766 1539 1794 1563 et

1002 1593 1119 1613 rursus:
1138 1595 1147 1611 (
1179 1584 1212 1612 Et
1232 1593 1366 1613 occursus
1393 1585 1452 1621 ejus
1479 1592 1565 1620 usque
1592 1584 1625 1611 ad
1656 1589 1792 1610 summum
1835 1597 1843 1601 ‹

161 1628 212 1663 τὴν
225 1627 306 1654 αὕτοῦ
327 1627 442 1661 σύζυγον
462 1636 491 1654 τε
509 1627 555 1654 καὶ
571 1626 680 1662 νύμφην
697 1626 850 1654 ἀπολαϐών·
871 1628 949 1662 γεγέ-

1000 1631 1059 1666 ejus
1073 1631 1116 1665 ¹⁴⁶;
1137 1641 1147 1657 ι
1163 1635 1190 1659 et
1209 1641 1215 1667 ι
1234 1641 1242 1657 ι
1257 1631 1341 1659 Nemo
1353 1631 1424 1659 alius
1441 1631 1562 1658 ascendit
1577 1630 1603 1656 in
1619 1627 1792 1660 coelum,nisi

162 1683 243 1710 νηται
252 1675 280 1701 δὲ
289 1675 372 1702 αὑτοῦ
385 1675 432 1702 καὶ
447 1684 455 1700 ι
466 1676 482 1711 ὴ
494 1674 581 1708 ἔξοδος
592 1676 639 1701 ἀπ’
647 1675 730 1710 ἄκρου
744 1674 793 1713 του
803 1674 945 1710 οὐρανοῦ-ι

161 1722 210 1748 καὶ
217 1722 306 1749 πάλιν·
325 1721 377 1748 «Τὸ
389 1721 550 1757 κατάντημα
563 1720 644 1748 αὐτοῦ
661 1721 712 1752 ἕως
725 1720 809 1757 ἄκρου
824 1721 906 1748 αὑτοῦ
916 1730 923 1738 ο
936 1731 946 1748 ι

161 1767 224 1794 ἐπεὶ
243 1777 251 1793 ι
269 1767 307 1803 μὴ
322 1767 344 1793 δ’
360 1764 399 1799 εἷς
411 1767 488 1799 ἄλλος
500 1767 668 1802 ἀναϐέϐηκεν
681 1768 720 1799 είς
736 1767 780 1794 τὸν
791 1767 915 1803 οὐρανὸν,
926 1769 949 1796 εί

164 1813 203 1849 μὴ
218 1814 232 1839 ὁ
242 1814 272 1840 ὲκ
286 1813 332 1841 τοῦ
344 1813 457 1849 οὐρανοῦ
475 1813 605 1846 καταϐὰς,
614 1814 628 1840 ὁ
643 1813 707 1844 Υἱὸς
718 1813 763 1839 τοῦ
776 1813 929 1853 ἀνθρώπου·
938 1824 947 1840 ι

162 1859 211 1886 καὶ
220 1859 310 1898 πάλιν·
323 1869 331 1885 ι
343 1860 372 1887 '0
383 1859 514 1892 καταϐὰς.
522 1859 601 1891 αὐτός
613 1860 724 1886 ἐστικαὶ
734 1860 747 1886 ὁ
758 1860 860 1892 ἀναϐὰς
868 1861 951 1897 ὑπερ.

162 1906 220 1933 ἀνω
236 1905 342 1932 πάντων
352 1906 405 1933 τῶν
430 1905 579 1941 οὺρανῶν,ι
591 1905 661 1932 κατὰ
675 1905 720 1932 τὸν
731 1906 802 1941 ἱερὸν
823 1907 951 1934 Ἀπόστοη

161 1952 217 1979 λον·
237 1951 303 1978 ἀλλὰ
317 1961 326 1977 ι
337 1952 392 1978 Καὶ
403 1952 452 1978 οὐκ
467 1951 539 1978 ἐστιν
550 1951 578 1983 ὃς
595 1951 815 1987 ἀποκρυϐήσεται
830 1952 878 1987 τὴν
890 1952 951 1988 θέρ-

165 2005 220 2033 μην
237 1996 329 2023 αὐτοῦ’
344 2006 353 2021 ι
375 1997 439 2032 περὶ
451 1994 485 2032 ἧς
501 1996 548 2023 καὶ
563 1996 644 2028 αὐτὸς
658 1994 732 2023 εἶπεν
749 1996 789 2029 τὸ,
813 2006 821 2022 I
833 1997 893 2033 Πῦρ
903 1995 951 2032 ἦλ-

163 2043 210 2070 θον
226 2044 315 2079 βαλεῖν
326 2045 372 2071 ἐπὶ
386 2045 435 2080 τὴν
449 2045 510 2080 γῆν,
522 2045 568 2071 καὶ
581 2044 607 2070 τί
634 2043 704 2071 θέλω
719 2046 742 2071 εί
756 2044 805 2080 ἤδη
824 2045 947 2082 ἀνήφθη;

162 2100 209 2119 ται
226 2091 260 2119 τὰ
274 2092 345 2119 κατὰ
360 2093 405 2119 τὸν
413 2092 504 2120 τόπον.

427 2147 625 2177 ΚΕΦΑΛΑΙυΝ
634 2147 684 2174 IA'.

463 2205 588 2240 Ψαλμοῦ
605 2205 650 2232 ιϐ’.

199 2261 236 2288 Τὸ
248 2261 276 2287 ὲν
291 2261 329 2297 τῷ
343 2261 572 2289 ὲννεακαιδεκάτω
588 2261 688 2298 ψαλμῷ
702 2262 857 2297 λεγόμενον,
874 2271 883 2288 ι
895 2263 951 2291 Νῦν

161 2308 249 2342 ἔγνων
260 2308 300 2335 ὅτι
318 2308 402 2334 ἔσωσε
413 2308 515 2343 Κύριος
530 2308 575 2334 τὸν
588 2306 705 2344 Χριστὸν
719 2308 813 2340 αὑτοῦ,
823 2319 832 2335 ι
852 2309 952 2344 ἐμφαί-

161 2356 274 2385 νει”πω;
286 2353 331 2380 τοῦ
344 2354 468 2389 Σωτῆρος
479 2353 556 2389 ἡμῶν
575 2353 661 2390 Ἰησοῦ
670 2354 788 2390 Χριστοῦ
800 2355 848 2391 τὴν
861 2355 893 2382 ἐκ
904 2354 951 2381 τοῦ

163 2400 280 2427 θανάτου
296 2400 441 2436 σωτηρίαν·
459 2400 531 2435 αὐτῷ
546 2400 600 2436 γὰρ
608 2400 714 2436 εἴρηται
725 2402 773 2427 καὶ
781 2401 821 2432 τὸ,
836 2411 844 2426 ι
857 2401 953 2435 Ἀγαλ-

161 2446 319 2482 λιασώμεθα
334 2447 362 2473 ἐν
377 2446 415 2481 τῷ
432 2446 557 2482 σωτηρίῳ
574 2455 630 2472 σουν
648 2457 656 2473 ι
673 2447 718 2473 καὶ
729 2447 776 2473 ὅλα
791 2447 819 2473 δὲ
834 2447 868 2473 τὰ
885 2447 952 2473 κατὰ

161 2491 208 2518 τὸν
223 2492 304 2519 τόπον
319 2491 502 2527 ὲφαρμοσθείη
516 2491 548 2518 ἂν
561 2491 634 2527 αὺτῷ
646 2492 695 2527 τῆς
708 2491 896 2528 προσηκούσης
907 2500 953 2518 τυ-

162 2538 246 2574 χόντα
263 2537 428 2573 ἐξηγήσεως.

431 2593 626 2619 ΚΕΦΑΛΑΙΟΝ
638 2592 687 2620 ΙΒ’.

470 2649 594 2684 Ψαλμοῦ
608 2649 644 2676 κ’.

198 2697 236 2724 Τὸ
253 2697 315 2732 μέν·
333 2706 342 2722 ι
355 2696 451 2732 Κύριε,
463 2697 491 2722 ὲν
502 2696 534 2731 τῇ
548 2695 661 2730 δυνάμει
678 2703 724 2721 σου
735 2693 951 2730 εὐφρανθήσεται

162 2743 178 2769 ὁ
197 2742 332 2777 βασιλεὺς,
346 2751 355 2767 ι
369 2741 459 2768 καὶτὰ
474 2741 545 2776 ἑξῆς,
563 2740 634 2766 εἴποι
648 2741 680 2767 ἄν
692 2748 734 2771 τις
750 2739 795 2765 ἐπὶ
809 2739 855 2766 τὸν
871 2739 952 2765 Δαυῖδ

163 2789 348 2825 ἀναφέρεσθαι
356 2787 493 2815 δύνασθαι·
507 2787 538 2814 τό
551 2795 582 2821 γε
597 2786 657 2822 μὲν,
669 2794 678 2811 ι
691 2785 767 2820 Ζωὴν
778 2785 896 2820 ᾐτήσατο
911 2793 950 2817 σε,

161 2836 211 2862 καὶ
229 2835 332 2866 ἔδωκας
347 2834 421 2870 αὖτῷ
446 2834 602 2870 μακρότητα
619 2831 728 2868 ἡμερῶν
741 2832 780 2863 είς
794 2831 879 2857 αἰῶνα
903 2830 952 2856 καὶ

202 2923 225 2938 δ’
245 2922 316 2949 Psal.
332 2930 415 2949 XVIII.
445 2922 477 2950 ἂν.
496 2921 521 2948 5.
561 2921 583 2936 “
602 2920 668 2948 ibid.
685 2920 712 2946 6.
750 2919 773 2935 δ”
792 2919 858 2947 ibid.
896 2919 918 2934 “’
937 2919 1002 2948 ibid.
1030 2918 1055 2945 7.

165 2958 188 2974 θ’
209 2957 280 2985 Psal.
299 2965 381 2986 svnt.
400 2957 424 2983 7.
462 2956 486 2972 "'
506 2956 569 2984 iur.
587 2964 641 2989 λιι,
659 2955 702 2982 49.
742 2955 765 2971 ⁵¹
784 2954 855 2983 Psal.
875 2963 936 2986 nx,
961 2954 985 2982 7.

1001 1677 1049 1712 qui
1064 1677 1206 1705 descendit
1231 1678 1264 1705 de
1275 1678 1361 1709 cmlo,
1378 1676 1463 1704 Filius
1483 1674 1601 1703 hominis
1617 1674 1655 1708 "’;
1675 1683 1684 1699 ι
1711 1677 1792 1707 atque

1002 1723 1122 1751 iterum:
1143 1733 1152 1750 ι
1177 1722 1229 1756 Qui
1247 1722 1409 1754 descendit,
1433 1723 1491 1757 ipse
1508 1725 1549 1749 est
1563 1725 1590 1748 et
1602 1720 1646 1756 qui
1667 1717 1792 1746 ascendit

1003 1777 1085 1804 super
1098 1776 1192 1796 omnes
1203 1769 1299 1802 cmlos,
1314 1772 1343 1796 ut
1357 1769 1480 1803 impleret
1500 1766 1602 1797 omnia,
1619 1775 1628 1792 ι
1642 1764 1790 1793 secundum

1003 1819 1129 1843 sanctum
1153 1814 1314 1850 Apostolum
1330 1815 1362 1841 “‘.
1383 1814 1436 1841 Sed
1452 1819 1479 1842 et
1506 1823 1515 1839 (
1540 1812 1600 1840 Non
1624 1816 1667 1839 est
1690 1811 1737 1846 qui
1761 1818 1791 1838 se

1003 1861 1154 1889 abscondat
1170 1869 1184 1889 a
1203 1862 1293 1889 calore
1313 1861 1373 1896 ejus
1388 1861 1425 1894 ‘9;
1445 1871 1453 1886 ι
1471 1860 1505 1887 de
1516 1867 1570 1895 quo
1588 1862 1619 1891 et_
1631 1859 1689 1894 ipse
1703 1857 1771 1884 dixit
1787 1864 1789 1867 '

1005 1917 1013 1933 ι
1034 1908 1123 1943 Ignem
1138 1909 1199 1936 veni
1216 1909 1324 1936 mittere
1340 1908 1368 1935 in
1387 1913 1497 1939 terram,
1515 1911 1542 1934 et
1558 1905 1623 1941 quid
1644 1904 1715 1937 volo,
1737 1903 1789 1933 nisi

1002 1957 1031 1980 ut
1048 1955 1214 1982 accendatur
1227 1955 1274 1981 5"?
1288 1966 1296 1981 ι
1317 1954 1408 1982 Facile
1423 1953 1510 1981 cuivis
1525 1953 1576 1980 erit
1589 1951 1692 1986 reliqua
1709 1949 1791 1985 hujus

1002 2001 1100 2036 psalmi
1112 2001 1146 2028 ad
1161 2002 1300 2029 Christum
1316 2000 1442 2028 similiter
1457 1998 1568 2027 referre.

971 2057 979 2074 ι
1002 2049 1129 2086 Εὑχερῶς
1148 2050 1170 2077 δ’
1183 2051 1216 2078 ἄν
1226 2059 1268 2082 τις
1275 2048 1362 2085 ἐαυτῷ
1377 2048 1481 2079 τούτοις
1497 2043 1634 2080 ἀναλόγως
1648 2043 1791 2081 ὲξεργάπ·

1311 2148 1423 2177 CAPUT
1443 2147 1489 2175 Xl.

1216 2207 1240 2234 E
1258 2208 1360 2242 psalmo
1382 2206 1482 2233 decimo
1502 2213 1580 2232 nano.

1040 2253 1105 2286 Quae
1118 2253 1146 2281 in
1161 2253 1267 2281 decimo
1287 2260 1361 2280 nono
1387 2252 1493 2288 psalmo
1511 2250 1659 2278 dicuntur:
1679 2260 1688 2276 ι
1714 2249 1792 2277 Nunc

968 2309 990 2339 υ
1004 2300 1118 2335 cognovi
1135 2299 1262 2335 quoniam
1285 2299 1389 2327 salvum
1417 2298 1481 2326 fecit
1501 2297 1632 2325 Dominus
1653 2295 1791 2324 Christum

1005 2351 1084 2370 suum
1101 2343 1135 2375 “,
1154 2353 1163 2369 ›
1182 2343 1329 2371 ostendunt.
1349 2343 1486 2378 quomodo
1504 2342 1628 2369 Salvator
1643 2344 1735 2368 noster
1747 2339 1792 2368 Je-

1006 2396 1053 2416 sus
1084 2388 1210 2416 Christus
1241 2397 1256 2416 a
1287 2393 1375 2416 morte
1401 2389 1438 2417 sit
1466 2394 1600 2416 servatus.
1626 2386 1694 2414 Huic
1719 2387 1791 2415 enim

1006 2434 1136 2462 dicuntur
1151 2439 1178 2462 et
1195 2435 1259 2462 illa:
1280 2444 1289 2460 ι
1308 2435 1473 2463 Laetabimnr
1488 2435 1515 2463 in
1532 2436 1645 2463 salutari
1659 2438 1707 2461 tuo
1719 2434 1758 2467 ";
1780 2443 1789 2459 ι

1007 2482 1152 2516 cacterique
1162 2481 1244 2516 hujus
1260 2482 1357 2517 psalmi
1370 2482 1498 2509 versiculi
1515 2489 1577 2508 cum
1592 2481 1643 2508 hac
1658 2481 1792 2514 interpre-

1005 2529 1107 2556 tatione
1121 2529 1222 2564 optime
1240 2532 1406 2564 congruunt.

1303 2583 1419 2612 CAPUT
1435 2583 1490 2611 XII.

1256 2641 1277 2668 E
1289 2641 1392 2677 psalmo
1413 2641 1543 2668 vicesimo.

1041 2689 1108 2716 illud
1121 2688 1229 2724 quidem
1244 2698 1250 2715 :
1270 2697 1278 2713 ι
1297 2686 1420 2718 Domine,
1440 2686 1467 2713 in
1482 2686 1582 2713 virtute
1600 2688 1646 2711 tua
1659 2682 1793 2710 laetabitur

1007 2744 1054 2764 rex
1068 2735 1103 2768 ⁸³,
1123 2745 1132 2761 ›
1150 2740 1176 2762 et
1187 2738 1283 2762 caetera
1295 2753 1302 2766 ,
1327 2736 1450 2769 spectare
1465 2731 1500 2759 ad
1518 2731 1644 2758 Davidem
1657 2732 1792 2765 possunt;

1007 2783 1064 2809 haec
1079 2790 1164 2810 vero:
1188 2790 1196 2807 ι
1218 2779 1305 2807 Vitam
1321 2779 1397 2815 petiit
1413 2785 1429 2805 a
1451 2782 1488 2810 te,
1507 2781 1533 2804 et
1552 2776 1670 2804 tribuisti
1686 2774 1710 2803 ei
1735 2775 1794 2801 lon-

1005 2827 1153 2863 gitudinem
1168 2827 1272 2854 dierum
1287 2826 1314 2853 in
1328 2825 1469 2856 saeculum,
1481 2827 1508 2852 et
1533 2823 1561 2850 in
1587 2821 1716 2850 saeculum
1742 2827 1793 2848 saa-

1094 2918 1116 2933 ⁵⁶
1137 2917 1202 2944 ibid.
1241 2915 1263 2932 ‘7
1281 2914 1360 2942 Joan.
1381 2922 1428 2946 III,
1449 2914 1490 2941 l5.
1528 2913 1551 2930 "
1569 2912 1668 2948 Ephes.
1686 2920 1722 2944 Iv,
1748 2910 1792 2938 10.

1024 2955 1046 2970 "
1067 2953 1130 2981 ibid.
1148 2954 1174 2979 ti.
1213 2952 1235 2968 "
1252 2950 1324 2978 Psal.
1343 2959 1392 2984 xx,
1409 2949 1437 2977 2.
