2037 3215
173 173 243 201 1109

684 173 833 202 ECLOGIE
853 173 1095 202 PROPHETICIE.
1116 188 1150 194 —-
1168 172 1233 201 LIB.
1255 172 1287 201 Il.

1735 172 1807 199 “10.

171 230 251 258 λιστα
265 231 319 258 ἀπὸ
332 230 379 258 τοῦ
388 251 395 263 ,
412 241 421 257 ι
433 231 640 267 Μνησθήσονται
652 233 698 259 καὶ
711 234 947 269 ἐπιστραφήσοντα

1011 233 1086 260 mino
1119 233 1259 269 generatio
1300 235 1414 260 ventura
1430 241 1436 260 :
1455 235 1482 260 et
1506 230 1709 259 annuntiabunt
1736 229 1810 257 coeli

170 277 239 313 πρὸς
252 277 352 313 Κύριον
364 278 451 304 πάντα
464 279 497 305 τὰ
515 278 621 314 πέρατα
638 279 686 314 τῆς
700 280 763 314 γῆς·
780 280 826 307 καὶ
843 289 962 316 προσκυ-

169 325 295 360 νήσουσιν
306 325 419 352 ἐνώπιον
433 327 513 353 αὑτοῦ
525 328 609 353 πᾶσαι
620 327 650 354 αἱ
663 328 775 363 πατριαὶ
785 327 838 354 τῶν
848 328 941 360 ἐθνῶν,
949 339 958 355 ι

171 371 254 407 μέχρι
266 371 323 403 τοῦ,
344 382 352 397 ι
365 372 591 408 ’Λναγγελήσεται
602 373 641 408 τῷ
656 375 750 410 Κυρίῳ
761 375 841 408 γενεὰ
856 376 872 410 ἡ
885 376 962 410 ἐρχο-

170 417 238 454 μένη
247 439 255 450 ,
267 419 313 444 καὶ
323 419 501 453 ἁναγγελοῦσι
515 420 563 455 τὴν
575 420 746 456 δικαιοσύνην
759 421 841 448 αὐτοῦ
853 421 910 456 λαῷ
922 422 961 458 τῷ

168 463 373 499 τεχθησομένῳ,
388 464 417 490 ὃν
434 465 559 500 ἐποίησεν
576 466 589 491 ὸ
605 466 715 502 Κύριος.
729 476 737 492 ι
749 467 960 503 Παριστάτωσαν

168 509 224 544 γὰρ
241 509 288 545 τὴν
305 510 365 536 τότε
383 510 431 545 μὲν
449 510 487 546 μὴ
505 511 679 547 ὑπάρχουσάν
697 522 739 539 πω
756 513 852 547 γενεὰν
863 533 870 544 ,
885 513 960 549 ἥξειν

167 553 197 580 δὲ
209 555 248 586 εἰς
263 554 392 589 μέλλοντα
408 556 503 590 χρόνον
516 557 771 594 προςοητευοι.ι.ἐνην⁸
785 559 832 585 καὶ
843 559 888 585 τὸν
900 559 961 594 πρό-

166 609 244 636 τερον
264 601 312 636 μὲν
329 601 440 637 μηδέπω
457 602 521 628 ὄντα
537 602 610 634 λαὸν,
626 603 804 640 τεχθήσεσθαι
820 604 848 631 δὲ
863 606 890 631 ὲν
904 607 960 637 τοῖς

191 647 314 674 ετέπειτα
331 648 437 683 χρόνοις
451 648 656 684 προορώμενον·
676 650 829 684 λεγέτωσάν
842 660 871 677 τε
885 651 911 678 τί
926 651 959 678 ἂν

165 692 268 719 εἴποιεν
277 693 396 729 περὶτῆς
405 693 450 720 διὰ
474 694 552 729 Ιησοῦ
561 694 678 730 Χριστοῦ
690 695 736 721 τοῦ
746 695 870 731 Σωτῆρος
881 696 959 731 ἡμῶν

166 739 304 774 συστάσης
317 740 349 765 ἐκ
361 740 470 766 πάντων
480 739 533 766 τῶν
545 740 628 766 ἐθνῶν
646 741 822 776 Ἐκκλησίας-
838 739 890 778 ἆρα
905 743 959 778 γὰρ

165 786 213 812 ἐπὶ
229 788 284 818 τοῖς
303 787 440 818 τοσούτοις
458 786 572 821 πλήθεσι
588 787 642 813 τῶν
659 787 701 814 διὰ
717 787 762 814 τοῦ
780 788 898 822 Χριστοῦ
914 789 958 815 τὸν

163 832 219 859 τῶν
231 833 297 860 ὅλων
313 832 378 859 Θεὸν
392 832 587 865 ὲπεγνωκὸτων
601 832 632 867 (Γ.
648 833 683 860 22
695 842 708 860 ν
718 834 739 869 Ι³)
753 834 804 861 οὐκ
817 834 850 860 ἂν
862 834 958 870 ὁμολο-

164 878 278 913 γήσαιεν
294 878 488 913 πεπληρῶσθαι
506 878 553 911 τὸ,
581 879 809 915 ιΜνησθήσονται
831 880 877 907 καὶ
897 882 958 907 ἑπι-

1012 279 1146 315 justitiam
1163 279 1223 314 ejus
1239 279 1339 314 populo
1354 279 1401 314 qui
1417 282 1557 310 nascetur,
1574 284 1655 312 quem
1669 275 1731 304 fecit
1749 275 1802 302 Do-

1012 326 1103 353 minus
1114 326 1146 352 ".
1164 334 1173 351 ›
1201 324 1355 353 Ostendant
1382 324 1455 352 enim
1491 325 1713 360 generationem,
1741 330 1802 357 qua

1012 373 1134 399 nondum
1160 372 1316 404 exstiterat,
1344 371 1425 407 quasi
1458 374 1600 398 venturam
1627 371 1655 397 in
1681 369 1801 396 futurum

1012 419 1206 454 prophetizari,
1215 423 1388 454 veteremque
1400 419 1446 453 qui
1458 418 1578 445 nondum
1591 420 1649 444 erat
1659 416 1800 451 populum,

1012 466 1184 493 nasciturum
1198 465 1225 492 in
1242 465 1443 500 posterioribus
1455 466 1520 491 aevis
1538 463 1692 499 praevideri.
1706 461 1802 488 Dicant

1011 512 1076 547 quid
1087 511 1184 539 aderre
1197 512 1304 546 possint
1317 512 1350 539 de
1365 511 1487 538 Ecclesia
1498 518 1547 545 per
1557 510 1649 537 Jesum
1661 509 1801 536 Christum

1012 557 1182 585 Salvatorem
1209 561 1334 584 nostrum
1355 557 1484 584 omnibus
1517 556 1645 591 gentibus
1673 553 1800 581 conﬂata.

1010 601 1137 629 Profecto
1155 602 1226 630 enim
1241 603 1268 629 in
1284 606 1359 630 tanta
1379 610 1474 630 eorum
1486 601 1664 629 multitudine
1679 601 1735 635 qui,
1753 606 1801 634 per

1009 647 1160 679 Christum,
1180 651 1320 675 auctorem
1347 648 1469 674 uliinium
1495 647 1579 674 Deum
1603 649 1798 682 cognoverunt.

1010 701 1066 721 non
1092 697 1204 729 possent
1223 702 1277 720 non
1303 694 1427 721 confiteri
1450 694 1515 720 illud
1542 693 1682 728 impletum
1706 692 1800 725 fuisse,

1011 739 1124 771 scilicet,
1146 748 1155 764 ‹
1168 738 1393 766 Reminiscentur
1407 743 1434 765 et
1451 741 1648 764 convertentur
1663 736 1696 763 ad
1710 735 1802 762 Domi-

1010 793 1075 812 num
1096 793 1192 813 omnes
1210 785 1388 817 ﬁnesterrze;
1409 794 1418 810 ι
1450 792 1500 811 nec
1526 791 1592 815 non,
1613 792 1622 808 ι
1638 782 1800 809 Adurabunt

1010 831 1037 857 in
1053 835 1202 866 conspectu
1218 831 1277 866 ejus
1293 831 1428 858 universae
1449 829 1560 857 familiae
1575 829 1707 864 gentium.
1726 838 1735 853 ι
1754 828 1801 855 Vc-

1012 878 1212 909 rumenimvero
1241 877 1307 904 hora
1340 881 1381 904 est
1405 876 1508 911 iis,qu
1528 881 1600 903 recte
1628 882 1725 910 sapere
1753 882 1801 901 vo—

164 923 364 959 στραςήσονται
376 923 443 959 πρὸς
452 923 553 959 Κύριον
561 924 649 950 πάντα
658 924 691 951 τὰ
703 925 807 960 πέρατα
818 925 866 961 τῆς
877 927 951 961 γῆς-ι

1009 923 1079 956 lunt,
1102 923 1272 958 prophetiam
1307 923 1385 950 l'uteri
1411 923 1445 949 ab
1472 922 1525 949 alio
1550 921 1625 948 nullo
1648 921 1798 956 inpletam,

163 967 211 994 καὶ
237 968 282 999 τδ,
304 968 562 1004 «Προσκυνὴσουσιν
585 968 700 996 ἐνώπιον
722 970 804 996 αὐτοῦ
826 971 911 998 πᾶσαι
929 973 956 998 αἱ

163 1015 278 1050 πατριαὶ
293 1015 347 1041 τῶν
364 1014 456 1042 ἐθνῶν.
470 1025 478 1040 ι
503 1015 582 1043 Ἀλλὰ
602 1016 656 1052 γὰρ
670 1016 728 1052 ὥρα
747 1019 802 1049 τοῖς
817 1018 956 1053 εὐγνωμο-

163 1061 220 1086 νεῖν
235 1060 387 1091 εθέλουσιν,
409 1061 458 1088 οὐκ
476 1062 518 1087 ἐπ’
536 1062 615 1089 ἄλλου
631 1063 702 1095 τινος
717 1063 733 1099 ἦ
751 1064 797 1090 ἐπὶ
814 1064 894 1099 μόνου
909 1064 956 1091 τοῦ

160 1107 265 1142 Κυρίου
280 1107 327 1134 καὶ
342 1108 465 1142 Σωτῆρος
481 1108 558 1143 ἡμῶν
578 1109 664 1144 Ἰησοῦ
681 1109 799 1145 Χριστοῦ
815 1111 956 1146 ὁμολογεῖν

160 1152 357 1188 πεπληρῶσθαι
384 1153 433 1189 τὴν
452 1154 633 1189 προφητείαν,
657 1152 688 1182 οὗ
704 1156 773 1182 κατὰ
788 1156 837 1191 τὴν
854 1165 956 1192 παρου-

160 1199 223 1224 σίαν
238 1198 319 1225 αὑτοῦ
335 1199 406 1234 καὶὴ
421 1199 475 1226 τῶν
488 1200 572 1226 ἐθνῶν
587 1201 738 1237 ἐπιστροφὴ
751 1201 891 1236 γίγνεσθαι
907 1203 956 1238 ἥρ-

159 1243 238 1276 ξατο,
251 1245 475 1281 παραγενομένης
484 1245 533 1281 τῆς
544 1246 778 1282 προφητευθείσης
789 1248 895 1281 γενεᾶς,
908 1248 954 1274 καὶ

157 1290 207 1317 τοῦ
224 1290 288 1318 λαοῦ
307 1291 354 1318 τοῦ
376 1292 553 1327 τεχθήσεσθαί
572 1293 601 1319 οὐ
622 1293 701 1328 μόνον
719 1293 835 1320 ἐνταῦοα
853 1294 953 1329 προδηη

159 1336 290 1371 λουμένου
300 1357 307 1369 ,
321 1337 388 1363 ἀλλὰ
405 1338 450 1363 καὶ
464 1338 492 1363 ἐν
508 1338 645 1373 ἐκατὸστῳ
662 1337 762 1373 πρώτῳ
778 1339 879 1374 ψαλμῷ
889 1359 895 1371 ,
910 1339 954 1366 διὰ

158 1381 207 1408 τοῦ
217 1401 224 1412 ,
243 1391 252 1407 ι
267 1382 401 1417 Γραφήτω
418 1382 486 1418 αὕτη
501 1384 540 1414 εἰς
556 1383 652 1418 γενεὰν
671 1384 779 1419 ἑτέραν·
802 1385 848 1411 καὶ
863 1385 926 1416 λαὸς
940 1386 954 1410 ὁ

159 1427 317 1463 κτιζὸμενιις
326 1428 426 1455 αξνέσει
440 1428 485 1455 τὸν
501 1429 628 1464 Κύριον.)
645 1425 730 1461 Οὗτος
742 1430 769 1456 δέ
784 1431 841 1456 ἐστι
851 1431 914 1466 περὶ
923 1427 954 1457 οὗ

158 1474 206 1501 καὶ
218 1475 246 1500 ἐν
263 1473 298 1506 ιζ’
309 1474 402 1510 εἴρητο
412 1495 419 1506 ,
435 1484 444 1500 ι
458 1475 527 1506 Aab;
540 1475 569 1501 ὃν
582 1475 632 1501 οὐκ
640 1475 725 1510 ἔγνων
737 1476 876 1503 ὲδούλευσέ
891 1485 952 1512 μοι·

158 1521 200 1551 εἰς
214 1520 299 1555 ἀκοὴν
312 1520 392 1547 ὠτίου
408 1521 546 1555 ὑπήκουσέ
563 1529 622 1556 μου.
638 1531 646 1546 ι
663 1521 761 1548 Τοῦτον
774 1520 819 1548 οὖν
834 1522 879 1548 τὸν
896 1523 952 1549 Σω-

155 1566 230 1603 τῆρα
244 1569 290 1594 καὶ
303 1568 403 1604 Κύριον
415 1567 504 1604 ἡμῶν,
515 1569 603 1603 σάρκα
617 1569 784 1596 ἀναλαϐόντα
800 1570 847 1596 καὶ
858 1570 890 1596 δι’
903 1570 950 1596 αὺ-

156 1613 208 1648 τὴν
233 1623 241 1638 ι
256 1613 384 1649 σκώληκα
395 1623 404 1640 ι
434 1614 657 1649 χρηματίσαντα,
679 1625 687 1640 α
703 1615 822 1647 Ὄνειδός
855 1624 884 1642 τε
901 1617 949 1643 ἀν-

155 1659 274 1695 θρώπων
295 1660 438 1695 γενόμενον
460 1660 506 1686 καὶ
526 1660 694 1696 ἑξουδένωμα
708 1660 791 1693 λαοῦ,
810 1661 910 1693 πάντες
925 1662 950 1688 οι

112 1731 119 1734 ,
155 1705 322 1741 θεωροῦντες
341 1714 373 1741 με
395 1706 649 1742 ἐξεμυκτήρισαν,›
679 1707 794 1743 μάλιστα
820 1708 890 1734 κατὰ
905 1708 950 1734 τὸν

155 1752 251 1788 καιρὸν
267 1751 314 1778 τοῦ
331 1752 449 1785 πάθους.
467 1753 511 1780 ὅτε
534 1753 588 1780 τῶν
609 1754 637 1780 ὲν
657 1755 689 1789 τῇ
706 1753 858 1790 προφητείᾳ
875 1754 951 1786 τέλος

156 1798 286 1832 ἰσχόντων
298 1799 321 1824 οε
338 1799 591 1834 παραπορευόμενοι
602 1799 794 1834 ἐϐλασφήμουν
809 1799 890 1826 αὑτὸν
903 1801 950 1826 καὶ

154 1844 338 1880 ὲμυκτήριζον
348 1845 471 1879 λέγοντες
484 1865 491 1876 ,
505 1845 634 1876 (Ἄλλους
647 1845 742 1878 ἔσωσε,
762 1845 876 1872 σωσάτω
886 1847 949 1872 ἑαυ-

154 1891 215 1917 τόν·
230 1901 238 1916 ι
254 1891 314 1918 τότε
325 1891 352 1917 δὲ
366 1891 413 1918 καὶ
426 1901 435 1917 ‹
448 1892 597 1927 Ἐλάλησαν
608 1893 636 1918 ὲν
649 1892 750 1927 χείλεσι
763 1893 810 1919 καὶ
821 1893 950 1928 ἐκίνησαν

155 1936 277 1972 κεφαλὴν
289 1947 298 1962 r
315 1937 418 1964 ἑαυτῶν
433 1938 492 1966 κατ’
506 1938 603 1965 αὐτοῦ·
620 1938 711 1970 αὐτοῖς
729 1939 847 1975 ῥήμασιν
860 1941 950 1967 εἰπόν-

153 1991 200 2014 τες
211 1982 251 2012 τὸ,
270 1992 279 2007 ι
294 1983 426 2010 ἼΙλπισεν
434 1984 480 2010 ἐπὶ
491 1984 604 2019 Κύριον,
619 1984 745 2018 ῥυσάσθω
757 1985 850 2017 αὑτὸν,
863 1986 950 2013 σωσά-

153 2036 193 2054 τω
207 2029 298 2062 αὐτδν,
314 2030 353 2055 ὅτι
363 2029 434 2056 θέλει
448 2030 544 2056 αὐτόν·
558 2040 566 2055 ι
583 2029 653 2056 αὐτὰ
667 2030 722 2066 γὰρ
735 2030 766 2066 δὴ
781 2031 867 2058 ταῦτα
879 2031 950 2058 κατὰ

153 2075 185 2101 τὸ
198 2074 284 2106 πάθος
297 2075 420 2110 εἰρῆσθαι
435 2076 478 2102 ἐπ’
488 2075 562 2110 αὐτῷ
578 2076 607 2102 ἐν
621 2077 677 2108 τοῖς
695 2077 870 2111 Εὑαγγελίοις
884 2078 949 2104 ἁνα-

152 2119 318 2155 γέγραπται.
350 2121 442 2155 Τούῖῳ
459 2119 505 2147 οὖν
525 2121 572 2148 καὶ
596 2121 668 2156 μόνῳ
690 2122 758 2156 πρὸς
778 2123 824 2148 τὸν
840 2122 949 2158 Πατέρα

152 2166 245 2200 λέγειν
256 2167 370 2202 ἁρμόζει
384 2177 392 2192 ‹
401 2167 460 2193 ’Ὁτι
475 2167 506 2193 σὺ
519 2166 563 2193 εἷό
575 2167 716 2199 ὲκσπάσας
731 2177 763 2203 με
772 2169 804 2195 ὲκ
814 2170 930 2204 γαστρός
940 2179 946 2185 ·

152 2213 170 2248 ἡ
183 2213 260 2244 ἐλπίς
271 2222 322 2248 μου
331 2214 385 2240 ἀπὸ
397 2214 506 2249 μαστῶν
517 2214 565 2248 τῆς
580 2214 682 2250 μητρός
691 2223 741 2249 μου
753 2223 758 2229 ·
770 2215 816 2241 ἐπὶ
828 2215 857 2241 σὲ
869 2217 951 2251 ἐπερη

154 2259 237 2294 ρἕην
259 2259 291 2286 ὲκ
315 2261 435 2295 μήτρας’
456 2261 487 2286 ἐκ
503 2260 605 2291 κοιλίας
624 2261 726 2296 μητρός
743 2269 793 2295 μου
811 2261 877 2293 Θεός
893 2270 945 2297 μου

1009 970 1062 997 nisi
1078 977 1093 996 a
1109 970 1167 997 solo
1186 969 1300 996 Domino
1317 972 1344 996 et
1358 968 1500 996 Salvatore
1523 972 1619 995 nostro
1635 966 1700 994 Jesu
1717 966 1799 994 Chri-

1008 1019 1063 1048 sto,
1079 1016 1158 1051 cujus
1172 1024 1220 1050 pcr
1234 1016 1450 1043 incarnationem
1468 1014 1572 1050 incepit
1595 1013 1716 1049 gentium
1732 1020 1798 1040 con-

1010 1062 1108 1094 versio,
1144 1062 1355 1097 superveniente
1385 1061 1568 1097 prmnuutiata
1602 1060 1797 1096 generatione.

1007 1116 1058 1135 nec
1084 1117 1139 1135 non
1173 1109 1273 1144 populo
1301 1109 1347 1144 qui
1375 1108 1532 1136 nasciturus
1556 1114 1609 1133 non
1632 1107 1720 1133 solum
1753 1106 1798 1133 hic

1007 1155 1155 1190 pra-dictus
1170 1159 1223 1186 est,
1241 1155 1288 1182 sed
1306 1160 1333 1181 et
1357 1154 1383 1181 in
1400 1153 1550 1181 centesimo
1572 1153 1660 1188 primo
1680 1153 1796 1187 psalmo,

1007 1202 1050 1229 his
1061 1201 1151 1229 verbis
1167 1209 1174 1228 :
1194 1210 1203 1227 ‹
1224 1200 1387 1228 Scribantur
1397 1200 1455 1227 lucc
1469 1199 1496 1226 in
1510 1199 1687 1234 generatione
1698 1199 1794 1231 altera,

1006 1252 1032 1274 et
1048 1247 1175 1283 populus,
1193 1247 1239 1282 qui
1257 1247 1407 1277 creabitur,
1431 1245 1554 1272 laudabit
1574 1245 1717 1273 Dominum
1729 1246 1760 1273 “.
1783 1254 1792 1271 ι

1006 1293 1056 1320 Hic
1087 1297 1129 1321 est
1157 1293 1190 1320 de
1222 1301 1277 1328 quo
1300 1297 1327 1320 et
1350 1293 1377 1320 in
1398 1293 1504 1321 decimo
1529 1293 1644 1328 septimo
1670 1291 1792 1319 dicitur:

1009 1348 1018 1365 ι
1038 1339 1172 1374 Populus,
1188 1347 1269 1374 quem
1297 1347 1351 1366 non
1368 1340 1505 1375 cognovi,
1530 1339 1643 1367 servivit
1659 1338 1724 1365 mihi
1743 1348 1749 1365 :
1766 1339 1794 1364 in

1006 1385 1100 1412 auditu
1123 1385 1198 1412 auris
1225 1385 1345 1412 obedivit
1372 1387 1436 1413 mihi
1449 1387 1507 1414 ".r
1532 1385 1610 1413 Hunc
1637 1385 1718 1420 igitur
1736 1383 1796 1411 Sal-

1005 1435 1160 1459 vatoremet
1175 1431 1318 1458 Dominum
1335 1437 1563 1463 nostrum,carne
1571 1435 1709 1466 suscepta,
1723 1430 1795 1458 ideo-

1004 1487 1057 1514 que
1073 1487 1185 1506 vermem
1204 1479 1540 1513 vocatum,copprobrium
1553 1478 1694 1505 hominum
1710 1482 1737 1505 et
1751 1477 1796 1504 ab-

1001 1525 1148 1560 jectionem
1165 1525 1275 1560 plebis':
1292 1532 1388 1552 omnes
1414 1524 1540 1552 videntes
1560 1533 1613 1556 me,
1639 1524 1795 1552 deriserunt

1005 1580 1047 1599 me
1057 1572 1092 1603 7°,
1110 1582 1120 1597 ›
1139 1570 1292 1606 praesertim
1315 1571 1341 1597 iu
1357 1571 1496 1605 passionis
1518 1576 1648 1605 tempore,
1661 1577 1724 1598 cum
1736 1570 1792 1599 isti.

1003 1618 1049 1652 qui
1064 1617 1133 1644 hanc
1146 1618 1325 1652 impleverunt
1337 1618 1517 1652 prophetiam,
1532 1621 1705 1644 transeuntes
1718 1616 1792 1644 blas-

1006 1663 1170 1698 phemabant
1197 1670 1259 1690 eum
1280 1667 1308 1689 et
1334 1662 1494 1689 deridebant
1516 1662 1659 1689 dicentes:
1686 1670 1694 1685 ι
1718 1661 1793 1687 Alios

1002 1710 1092 1737 salvos
1110 1709 1182 1741 fecit,
1206 1717 1235 1736 se
1258 1709 1363 1735 salvum
1381 1707 1504 1739 faciat“,
1523 1717 1532 1734 ι
1557 1711 1621 1734 tunc.
1638 1711 1666 1733 ct
1682 1716 1690 1732 ‹
1707 1707 1792 1733 locuti

1003 1761 1066 1783 sunt
1079 1755 1160 1782 labiis
1177 1760 1204 1782 et
1228 1757 1374 1782 moverunt
1392 1754 1508 1788 caput"
1526 1763 1535 1779 ι
1554 1760 1635 1780 suum
1659 1753 1792 1779 adversus

1001 1810 1083 1834 eum;
1101 1801 1191 1829 verbis
1222 1800 1318 1828 iisdem
1339 1800 1482 1827 dicentes:
1497 1808 1506 1824 ‹
1525 1798 1650 1834 Speravit
1679 1799 1705 1825 in
1738 1798 1791 1825 Do-

1002 1848 1087 1879 mine,
1106 1847 1205 1883 eripiat
1215 1854 1277 1874 eum
1293 1856 1299 1874 :
1316 1847 1421 1873 salvum
1450 1846 1533 1872 faciat
1557 1853 1620 1873 eum
1634 1865 1640 1877 ,
1661 1844 1789 1879 quoniam

1001 1893 1058 1920 vult
1073 1893 1178 1919 eum“.
1199 1902 1207 1917 ι
1227 1891 1294 1918 lluic
1319 1891 1403 1926 igitur
1437 1891 1487 1919 soli
1511 1890 1544 1917 ad
1571 1890 1678 1917 Patrem
1699 1890 1790 1917 dicere

1002 1939 1140 1970 convenit,
1158 1948 1166 1964 ι
1185 1937 1319 1971 Quoniam
1336 1942 1364 1964 tu
1378 1946 1426 1969 es,
1441 1938 1487 1972 qui
1507 1937 1652 1964 extraxisti
1686 1944 1728 1963 me
1756 1935 1791 1963 de

1001 1990 1114 2012 ventre:
1133 1992 1196 2019 spes
1210 1992 1269 2012 mea
1295 1985 1329 2011 ab
1351 1983 1484 2011 uberibus
1506 1983 1602 2010 matris
1622 1990 1697 2009 mea).
1717 1982 1746 2008 In
1763 1985 1789 2009 te

1001 2030 1138 2065 projectus
1150 2038 1209 2058 sum
1221 2038 1255 2057 ex
1266 2034 1344 2057 utero
1357 2039 1364 2057 ι
1376 2029 1409 2057 de
1420 2033 1514 2057 ventre
1529 2029 1625 2056 aratris
1639 2036 1705 2057 mem
1718 2028 1791 2056 Deus

1001 2084 1078 2103 meus
1097 2083 1126 2103 es
1142 2075 1213 2103 tu“.
1235 2085 1244 2101 ι
1265 2075 1401 2103 Praeterea
1414 2075 1493 2102 docet
1515 2082 1566 2102 nos
1581 2073 1703 2109 psalmus
1715 2073 1788 2108 quod

1000 2122 1123 2158 quadam
1148 2123 1324 2157 ncquissirme
1337 2127 1364 2149 et
1379 2122 1441 2149 fera:
1455 2126 1604 2157 potestates
1624 2121 1738 2148 insidias
1763 2121 1788 2148 ei

1000 2172 1169 2200 struxerunt,
1182 2169 1215 2196 de
1231 2169 1331 2203 quibus
1346 2169 1413 2196 dicit
1428 2179 1434 2196 ι
1452 2177 1460 2194 ι
1476 2167 1723 2195 Circumdcderunt
1745 2175 1789 2194 me

1000 2215 1076 2242 vituli
1093 2215 1182 2246 multi,
1197 2215 1270 2241 tauri
1288 2215 1403 2250 pingues
1426 2214 1593 2242 obsederunt
1605 2214 1697 2245 me";
1720 2223 1728 2239 ι
1746 2212 1789 2240 di-

999 2261 1035 2288 cit
1066 2261 1148 2288 etiam
1174 2260 1208 2288 de
1230 2260 1455 2288 circumcisorum
1487 2258 1629 2295 Synagoga
1657 2258 1788 2286 adversus

152 2303 179 2332 εἶ
192 2305 235 2332 σύ.
251 2316 260 2331 ι
278 2305 349 2340 Πλὴν
363 2306 409 2332 ἐπὶ
425 2305 529 2337 τούτοις
543 2307 556 2332 ὁ
572 2306 650 2340 λόγος
665 2307 738 2341 ἡμᾶς
755 2307 888 2339 παιδεύει,
906 2307 944 2340 ὡς

1004 2316 1058 2334 :qu
1072 2308 1209 2334 concitata
1225 2315 1231 2332 :
1248 2317 1256 2332 ι
1276 2306 1522 2334 Circumdcderunt
1533 2314 1576 2334 me
1588 2313 1671 2333 canes
1683 2305 1761 2332 multi
1779 2314 1785 2331 :

152 2350 208 2384 ἄρα
223 2351 269 2377 καὶ
290 2350 418 2386 δυνάμεις
433 2351 548 2387 πονηραί
561 2360 633 2383 τινες
647 2353 694 2378 καὶ
707 2351 848 2388 θηριώδεις
863 2353 944 2388 ἑνήρ-

155 2405 241 2432 γησαν
252 2397 302 2432 τὴν
321 2398 380 2424 κατ’
394 2397 474 2424 αὑτοῦ
493 2398 636 2433 ἐπιϐουλὴν
647 2419 653 2430 ,
675 2399 708 2425 δι’
721 2398 754 2430 ἃς
767 2400 814 2426 καὶ
828 2399 942 2434 ἔφασκε,

154 2444 402 2479 «Περιεκύκλωσάν
424 2453 457 2479 με
482 2444 574 2479 μῆσχοι
599 2445 710 2472 πολλοί·
733 2445 828 2481 ταῦροι
851 2446 943 2478 πίονες

152 2490 297 2525 περιέσχον
323 2499 371 2524 με’
385 2500 394 2515 ›
421 2491 468 2516 καὶ
485 2492 547 2526 περὶ
565 2491 614 2526 τῆς
635 2491 820 2526 ὲπισυστάσης
836 2491 865 2517 δὲ
882 2492 941 2518 κατ’

152 2537 234 2563 αὐτοῦ
247 2538 278 2563 ἐκ
288 2537 437 2573 περιτομῆς
449 2537 613 2572 Συναγωγῆς
624 2546 705 2573 φησιν
716 2557 722 2569 ,
736 2538 775 2564 ὅτι
790 2547 798 2563 ι
811 2538 943 2564 Ἑκύκλω·

151 2583 203 2610 σάν
219 2592 254 2618 με
267 2583 347 2615 κύνες
363 2583 452 2610 πολλοί
464 2593 470 2598 ·
489 2583 634 2618 συναγωγὴ
651 2584 875 2619 πονηρευομένων
893 2593 942 2610 πε-

151 2629 259 2665 ριέσχον
281 2637 324 2663 με·
339 2627 411 2656 οὗτοι
424 2630 451 2655 δὲ
461 2630 507 2656 καὶ
521 2629 628 2665 ὤρυξαν
641 2629 671 2655 οὐ
688 2629 780 2664 μόνον(
792 2629 840 2660 τὰς
849 2631 942 2665 χεῖρας

151 2674 244 2706 αὐτοῦ,
260 2675 328 2702 ἀλλὰ
353 2676 399 2702 καὶ
412 2676 475 2705 to);
490 2676 582 2707 πόδας·
602 2686 611 2701 ι
627 2676 654 2711 ἢ,
675 2675 745 2703 κατὰ
753 2676 798 2702 τὸν
815 2676 940 2708 Ἀκύλαν,

153 2721 293 2757 «ᾔσχυναν
304 2741 310 2753 ,
324 2731 332 2746 ι
349 2722 472 2756 φήσαντα
482 2741 488 2753 ,
508 2732 516 2747 ε
529 2722 648 2757 ᾔσχυναν
661 2723 754 2758 χεῖράς
770 2731 820 2758 μου
832 2723 879 2749 καὶ
894 2723 941 2749 πό-

151 2767 199 2799 δας
215 2775 280 2802 μου·
296 2777 305 2792 )
321 2767 335 2793 ὃ
346 2768 393 2794 καὶ
411 2767 519 2803 ἀληθῶς
530 2768 657 2803 ἐτελέσθη
671 2788 677 2800 ,
697 2769 741 2795 ὅτε
754 2769 941 2804 κρεμάσαντες

469 2859 490 2874 ⁵⁸
512 2858 582 2887 Psal.
601 2867 643 2890 CI,
663 2859 706 2886 l9.

490 2894 511 2911 ⁷⁸
532 2894 598 2922 ibid.
617 2895 667 2924 10,
688 2894 732 2922 Η.

189 2859 211 2874 "
232 2858 304 2886 Psal.
317 2867 372 2891 xxr,
386 2859 429 2886 5'2.

152 2901 216 2926 nl,
234 2894 261 2922 8.
299 2894 322 2910 "
344 2894 408 2922 ibid.
424 2895 449 2923 9.
490 2894 511 2911 ⁷⁸
532 2894 598 2922 ibid.
617 2895 667 2924 10,
688 2894 732 2922 11.
771 2892 799 2926 ⁷³γ
814 2890 883 2919 ibid.
903 2892 945 2919 15.

745 2858 766 2873 ἰν
785 2855 846 2883 Psal
877 2864 943 2889 xvn,
961 2858 1005 2886 45,

998 2354 1144 2380 concilium
1172 2352 1380 2388 malignantium
1409 2353 1516 2380 obsedit
1538 2360 1601 2379 me:
1622 2351 1749 2378 foderunt
1775 2362 1784 2377 ι

998 2409 1052 2427 non
1085 2404 1192 2426 tantum
1220 2409 1229 2425 ‹
1259 2407 1358 2427 manus
1392 2407 1487 2430 meas,
1507 2408 1516 2424 ι
1543 2398 1589 2425 sed
1617 2407 1626 2423 ι
1646 2401 1672 2424 et
1704 2397 1788 2432 pedes

997 2447 1119 2479 meos”;
1139 2456 1147 2472 ι
1166 2447 1218 2477 vel,
1242 2446 1392 2473 secundum
1406 2446 1531 2480 Aquilam
1546 2465 1553 2476 ,
1575 2453 1583 2469 ι
1604 2443 1787 2471 dedecorave-

997 2496 1070 2524 runt,
1088 2502 1097 2518 ›
1116 2492 1164 2524 ait,
1188 2502 1197 2518 ‹
1212 2493 1447 2519 dedeceravcrunt
1473 2498 1570 2517 manus
1579 2497 1653 2518 meas
1664 2493 1691 2517 et
1703 2489 1786 2525 pedes

996 2547 1092 2567 meos:
1108 2549 1118 2566 ι
1139 2538 1211 2574 quod
1225 2543 1253 2566 et
1268 2546 1331 2565 vere.
1346 2537 1472 2565 etim-tum
1490 2541 1543 2569 est,
1563 2543 1626 2563 cum
1643 2535 1717 2571 ligno
1733 2534 1787 2562 alli-

995 2590 1091 2621 gentes
1102 2593 1163 2613 eum
1186 2585 1272 2612 clavis
1286 2585 1347 2619 ejus
1363 2591 1515 2618 manusque
1535 2582 1672 2617 pedesque
1697 2581 1786 2617 perfo-

996 2636 1135 2664 raverunt,
1161 2635 1188 2659 et
1206 2631 1350 2666 pulchrum
1370 2629 1492 2665 quidem,
1514 2627 1538 2655 si
1558 2627 1620 2662 quis
1645 2631 1785 2662 expeteret

996 2682 1025 2705 ut
1041 2677 1182 2712 Scriptura
1204 2676 1367 2711 probaretur
1386 2673 1458 2709 quod
1477 2672 1604 2700 Christus
1626 2673 1701 2699 cruci
1718 2680 1793 2712 sup:

997 2710 1111 2759 plicium
1131 2710 1264 2758 passurus
1289 2721 1435 2756 praedictus
1453 2723 1508 2754 est,
1529 2719 1600 2746 inter
1623 2719 1676 2745 alia
1699 2710 1791 2746 decu:

995 2773 1085 2796 menta
1096 2772 1123 2796 et
1137 2768 1203 2795 illud
1215 2767 1311 2795 afferre
1325 2777 1331 2795 :
1349 2777 1357 2793 ι
1378 2766 1601 2797 Perioraverunt,
1618 2775 1627 2791 ›
1642 2767 1668 2792 et
1681 2766 1783 2800 potius.

1044 2859 1066 2874 ⁷⁸
1086 2858 1158 2886 Psal.
1178 2867 1240 2892 xxv,
1260 2859 1285 2892 7,
1302 2859 1327 2886 8.
1366 2859 1387 2875 ⁷¹
1409 2856 1475 2886 Luc.
1496 2864 1580 2889 xxnl,
1599 2854 1634 2884 53
1656 2875 1664 2884 .
1683 2855 1782 2884 "Psal.

984 2894 1007 2910 π
1027 2894 1093 2929 ibid.
1114 2895 1159 2922 is.
