2037 3215
266 189 331 218 Ill-1

617 188 750 216 El'SEBll
768 189 1005 218 C.‘ES.»\RIENSIS
1024 189 1099 218 OPP.
1120 190 1211 217 PARS
1230 190 1274 218 lil.
1294 206 1328 212 —
1347 189 1550 218 EXEGETICA.

1820 194 1886 218 UH

266 259 278 274 σ
293 249 528 277 dedecoraverunt
556 256 654 276 manus
677 257 752 277 meas
775 253 802 277 et
824 250 907 285 pedes
922 257 1016 278 meos:
1038 260 1046 276 I

1103 250 1182 277 αὐτὸν
1202 251 1248 277 ἐπὶ
1270 250 1317 277 τοῦ
1338 250 1423 286 ίκρίου
1444 250 1517 285 ἥλοις
1537 249 1618 276 αὐτοῦ
1631 250 1678 281 τάς
1692 258 1721 275 τε
1734 249 1826 285 χεῖρας
1841 249 1887 275 καὶ

264 296 363 331 quibus
386 296 511 329 protinus
537 294 670 322 additur:
688 305 697 321 ι
714 295 870 323 Diviserunt
895 296 947 324 sibi
971 295 1051 324 vesti-

264 346 354 368 menta
369 348 439 372 mea,
455 345 481 368 et
493 348 576 375 super
589 345 692 368 vestem
718 349 806 369 meam
835 342 970 369 miserunt
989 350 1049 369 801⁸-

264 385 368 419 tem";
389 395 398 411 ι
420 384 493 420 quod
517 386 627 420 quidem
643 386 740 422 Aquila
767 387 808 415 sic
828 387 934 415 edidit:
949 398 957 413 ‹
977 387 1049 415 Divi-

263 434 331 461 dent'
337 433 389 462 sibi
402 435 594 462 vestimentum
611 443 712 466 meum,
721 440 748 463 et
758 444 841 470 super
851 439 954 464 vestem
961 443 1048 463 meam

263 479 370 506 mittent
386 483 508 512 sortem;
531 490 540 505 ι
559 479 740 516 Symmachus
754 489 829 513 vero,
848 490 857 506 ι
877 480 974 508 Partiti
985 485 1050 509 sunt

263 525 423 552 vestimenta
435 533 494 553 mea
509 526 579 554 inter
594 534 634 558 se,
655 531 681 554 et
693 527 727 554 de
741 532 814 555 vcsle
838 535 899 554 mea
920 528 1049 562 conjece-

263 575 328 598 runt
340 574 453 598 sortem.
468 581 477 598 ι
491 570 558 598 lllud
572 580 681 606 quoque
692 572 719 600 in
734 573 861 607 passione
871 572 1048 607 adimpletum

263 620 314 647 est,
329 622 392 642 cum
406 615 453 650 qui
464 616 657 643 cruciﬁxeraut
672 625 746 650 eum,
761 627 770 643 ι
787 621 952 652 acceperunt
971 617 1050 645 vesti-

262 665 353 688 menta
371 662 442 696 ejus,
457 665 484 689 et
496 661 619 689 fecerunt
634 667 751 698 quatuor
768 668 859 699 partes
870 684 878 696 ,
901 664 1050 699 unicuique

263 707 341 734 militi
356 712 472 742 partem,
485 712 512 735 et
525 707 654 736 tunicam.
668 709 733 736 Erat
746 714 835 737 autem
850 709 943 737 tunica
957 710 1050 737 incon-

262 754 365 785 sutilis.
386 754 504 790 desuper
522 759 650 783 contexta
661 763 710 790 per
724 760 821 784 totum.
839 756 971 784 Dixerunt
984 765 1049 793 ergo

263 800 296 826 ad
309 799 425 827 invicem
444 808 451 825 :
468 799 526 827 Non
540 800 699 828 scindamus
713 808 784 831 eam,
795 801 842 828 sed
858 801 1005 829 sortiamur
1016 802 1050 830 de

263 845 308 871 illa
319 845 400 879 cujus
416 845 494 873 sit“.
516 855 525 872 ι
545 845 650 879 Quibus
668 846 764 881 adjicit
781 847 945 882 evangelista
962 857 968 875 :
986 857 995 873 ι
1014 847 1050 875 Ut

263 889 406 925 Scriptura
436 891 594 926 impleretur
620 890 714 918 dicens
731 901 737 918 :
754 891 851 918 Partiti
875 896 939 919 sunt
965 893 1050 920 vesti-

1102 299 1164 329 τοὺς
1175 297 1257 328 πόδας
1270 298 1463 333 περιέπειραν⁹
1477 297 1522 323 καὶ
1535 296 1616 324 καλόν
1627 304 1658 330 γε
1669 297 1692 322 εί
1708 295 1833 330 ἀπαιτοίη
1847 304 1888 326 τις

1102 345 1156 371 ἀπὸ
1172 345 1283 381 Γραφῆς
1298 345 1490 381 παραστῆσαι,
1511 344 1548 376 ὡς
1564 344 1617 380 ἄρα
1635 344 1679 371 καὶ
1695 352 1810 379 σταυρον
1823 344 1889 370 ὑπο-

1104 393 1193 426 μεῖναι
1205 392 1218 418 6
1233 390 1348 427 Χριστὸς
1362 391 1515 427 προείρητο,
1529 391 1596 426 μετὰ
1609 391 1656 417 καὶ
1668 390 1754 416 ἄλλων
1765 389 1819 416 τῶν
1829 390 1890 415 τοὺ-

1102 445 1148 463 του
1165 437 1374 472 παραστατικῶν
1386 437 1432 464 καὶ
1445 437 1476 463 τὸ
1493 447 1501 462 ι
1514 437 1640 471 Ὧρυξαν,
1654 446 1663 462 ι
1674 435 1720 463 καὶ
1734 435 1834 471 μᾶλλον
1847 435 1888 465 τὸ,

1105 493 1113 508 ι
1128 483 1246 518 ᾔσχυναν
1259 483 1354 519 χεῖράς
1367 492 1416 518 μου
1433 483 1478 509 καὶ
1496 483 1578 514 πόδας
1594 491 1643 517 μου
1654 491 1684 511 ,τ
1703 481 1888 517 παραθέσθαν

1101 526 1141 559 οἷς
1155 528 1218 563 ἑξῆς
1229 528 1386 564 ἐπιφέρεται
1397 527 1436 559 τὸ,
1455 537 1464 553 ι
1477 528 1669 563 Διεμερίσαντο
1682 527 1716 553 τὰ
1728 526 1823 561 ἱμάτιά
1839 533 1889 561 μου

1103 574 1219 605 ἑαυτοῖς,
1235 574 1281 600 καὶ
1298 574 1344 600 ἐπὶ
1358 574 1403 600 τὸν
1419 573 1566 609 ἱματισμόν
1580 582 1630 608 μου
1643 573 1738 610 ἔβαλον
1749 572 1850 607 κλῆρον
1859 580 1866 586 ·
1877 580 1888 596 ι

1102 619 1170 654 ὅπερ
1180 620 1194 645 6
1206 619 1254 654 μὲν
1264 618 1376 650 Ἀκύλας
1387 618 1471 650 οὕτως
1484 618 1622 650 ἐξέδωκεν,
1637 627 1646 642 ι
1656 617 1816 653 Μερίσουσιν
1828 615 1892 650 ἱμάν-

1102 665 1157 691 τιόν
1167 673 1216 700 μου
1227 665 1342 697 ἑαυτοῖς,
1352 665 1398 691 καὶ
1406 665 1452 691 ἐπὶ
1460 664 1564 690 ἕνδυσίν
1576 672 1626 699 μου
1637 663 1746 698 βαλοῦσι
1755 662 1856 697 κλῆρον
1864 671 1870 676 -
1878 672 1887 687 ι

1102 712 1116 738 6
1131 711 1158 738 δὲ
1174 711 1331 746 Σύμμαχος,
1352 721 1360 737 ι
1373 711 1531 745 Διενέμοντο
1547 710 1580 737 τὰ
1596 710 1690 746 ἱμάτια
1708 718 1758 745 μου
1774 709 1889 740 ἑαυτοῖς,

1103 758 1149 784 καὶ
1165 758 1226 794 περὶ
1239 757 1352 792 ἐσθῆτος
1366 765 1415 792 μου
1427 757 1574 792 ἐλάγχανον
1585 765 1590 771 ·
1604 766 1613 782 ι
1626 756 1640 782 ὅ
1654 756 1700 783 καὶ
1716 755 1782 782 αὐτὸ
1794 755 1852 790 ἅμα
1862 763 1892 782 τε

1102 802 1140 838 τῷ
1161 803 1240 830 πάθει
1263 803 1454 838 πεπλήρωται,
1473 804 1517 830 ὅτε
1539 803 1562 828 οἱ
1587 801 1792 837 σταυρώσαντες
1810 800 1892 827 αὐτὸν

1105 858 1114 874 ε
1126 848 1253 880 λαϐόντες
1268 849 1301 875 τὰ
1316 849 1410 884 ίμάτια
1423 847 1503 876 αὺτοῦ
1519 848 1648 882 ἐποίησαν
1664 847 1784 882 τέσσαρα
1802 846 1872 881 μέρη
1883 866 1891 876 .

1103 894 1209 928 ἑκάστῳ
1222 893 1374 930 στρατιώτῃ
1389 893 1470 929 μέρος
1483 915 1489 926 ,
1504 894 1552 919 καὶ
1566 893 1611 919 τὸν
1622 892 1721 927 χιτῶνα
1730 901 1736 906 ·
1752 890 1787 927 ἦν
1801 892 1830 917 δὲ
1844 892 1893 927 ἆῤ-

263 939 353 962 menta
371 942 431 963 mea
445 936 508 969 sibi,
523 940 550 963 et
562 936 589 963 in
603 939 707 964 vestem
727 943 814 963 meam
839 937 974 964 miserunt
989 944 1050 964 sor-

1103 940 1185 975 ραφος
1195 959 1201 970 ,
1218 940 1249 965 ὲκ
1260 939 1313 965 τῶν
1325 939 1426 966 ἄνωθεν
1441 939 1555 973 ὑφαντὸς
1567 938 1599 964 δι’
1613 938 1673 964 ὅλου
1684 958 1692 970 ,
1703 937 1742 964 διὸ
1753 937 1801 964 καὶ
1810 935 1893 964 εἶπαν

263 987 316 1010 tem
328 982 362 1009 τ’.
383 991 391 1007 ι
408 981 471 1009 Haec
493 982 603 1017 quidem
626 982 768 1018 prophetia
787 981 821 1010 de
844 990 877 1010 eo
898 976 1048 1010 secundum
1062 1002 1068 1008 .

264 1027 426 1055 ilebraicum
440 1029 510 1056 sicut
533 1029 597 1055 ὲννᾶ
610 1029 750 1062 continet;
764 1033 931 1064 quapropter
954 1028 1051 1063 adjici-

262 1077 306 1100 tur
321 1078 348 1101 et
366 1074 394 1100 in
411 1074 517 1109 psalmo
533 1074 764 1109 quemadmodum
781 1077 808 1101 et
830 1075 857 1101 in
873 1074 1028 1109 Evangeliis
1041 1093 1048 1106 ,

264 1129 273 1145 ι
292 1118 456 1147 Benedictus
471 1121 516 1154 qui
529 1120 603 1148 venit
618 1121 644 1147 in
662 1120 772 1147 nomine
787 1119 894 1147 Domini
907 1120 941 1153 “,
954 1129 963 1145 ι
976 1120 1050 1154 quod

262 1165 371 1201 quidem
401 1166 467 1193 mibi
493 1166 649 1201 signiﬁcare
669 1166 778 1194 videtur
793 1175 800 1192 :
817 1165 897 1193 Salva
911 1187 918 1199 ,
936 1167 1049 1194 benedi-

262 1217 333 1244 ctus,
354 1212 402 1248 qui
417 1213 495 1240 venis
520 1212 547 1239 in
568 1213 678 1240 nomine
695 1212 812 1244 Domini,
835 1212 926 1241 Patris
949 1217 976 1240 et
1001 1212 1047 1240 Dei

262 1267 394 1287 omnium.

1100 985 1167 1021 πρὸς
1189 985 1333 1020 ἀλλήλους’
1356 985 1400 1021 Μὴ
1416 985 1552 1021 σχίσωμεν
1570 985 1651 1012 αὑτὸν
1661 1006 1668 1017 ,
1684 983 1751 1010 ἀλλὰ
1764 983 1895 1018 λάχωμεν

1101 1031 1163 1066 περὶ
1179 1031 1260 1058 αὑτοῦ
1271 1052 1278 1061 ,
1290 1032 1361 1063 τίνος
1372 1032 1447 1058 ἕσται
1456 1040 1463 1047 ·
1477 1041 1485 1057 ι
1500 1028 1541 1062 οἷς
1553 1031 1678 1066 ἐπιφέρει
1688 1030 1774 1064 λέγων
1786 1031 1801 1056 6
1812 1030 1895 1063 εὐαγ-

1099 1077 1239 1113 γελιστὴς,
1259 1087 1269 1103 4
1283 1078 1340 1104 Ἵνα
1355 1079 1371 1113 ἡ
1387 1077 1481 1112 Γραφὴ
1497 1076 1640 1112 πληρωθῇ,
1653 1076 1684 1103 τὸ
1699 1075 1896 1111 Διεμερίσαντο

1101 1123 1135 1150 τὰ
1148 1123 1242 1158 ἱμάτιά
1254 1132 1304 1158 μου
1315 1124 1429 1154 ἑαυτοῖς,
1442 1124 1488 1150 καὶ
1499 1123 1544 1149 ἐπὶ
1554 1122 1600 1149 τὸν
1611 1122 1756 1158 ἱματισμόν
1770 1131 1820 1157 μου
1834 1122 1894 1148 ἔϐα-

1101 1169 1146 1195 λον
1163 1169 1272 1205 κλῆρον.
1285 1179 1293 1195 ι
1308 1170 1362 1196 Καὶ
1373 1169 1457 1195 ταῦτα
1470 1168 1501 1204 (Γ.
1515 1169 1559 1203 25)
1573 1169 1621 1204 μὲν
1633 1170 1649 1203 ὴ
1665 1168 1817 1204 προφητεία
1830 1167 1896 1202 περὶ

1103 1214 1185 1241 αὐτοῦ
1196 1215 1225 1241 τὸ
1243 1215 1384 1252 Ἐὃραῖκδν
1398 1216 1463 1242 ὡσεὶ
1475 1214 1549 1242 ἐννᾶ
1561 1214 1692 1250 περιέχει·
1704 1211 1726 1248 ᾧ
1739 1213 1896 1245 ἀνολοὺθως

1103 1260 1262 1296 ἐπιφέρεται
1282 1262 1328 1288 καὶ
1346 1262 1375 1288 ὲν
1396 1261 1434 1297 τῷ
1455 1260 1554 1296 ψαλμῷ
1570 1260 1664 1296 ὥσπερ
1679 1260 1710 1296 δὴ
1730 1260 1777 1286 καὶ
1793 1260 1822 1285 ὲν
1838 1261 1896 1291 τοῖς

263 1303 448 1340 Εὐαγγελίοις,
465 1306 495 1332 τὸ
513 1316 522 1331 ι
542 1306 730 1342 Εὐλογημένος
758 1308 772 1333 6
792 1307 939 1343 ἐρχόμενος
958 1307 987 1333 ἐν
1018 1305 1130 1342 ὀνόματι
1147 1307 1250 1343 Κυρίου
1262 1316 1268 1322 ·
1287 1317 1296 1333 ι
1317 1308 1386 1343 ὅπερ
1408 1307 1526 1335 τοιοῦτόν
1546 1308 1573 1335 τί
1590 1317 1634 1343 μοι
1663 1307 1758 1343 δηλοῦν
1790 1307 1894 1333 ἔοικεν·

262 1350 352 1378 Σῶσον
362 1352 405 1387 δὴ,
418 1352 608 1388 εὐλογημένος,
619 1354 634 1380 6
643 1352 788 1388 ἐρχόμενος
799 1354 826 1380 ἐν
835 1353 946 1389 ὀνόματι
959 1352 1071 1389 Κυρίου,
1091 1353 1137 1380 τοῦ
1154 1353 1260 1390 Πατρός
1273 1355 1320 1381 καὶ
1329 1354 1396 1381 Θεοῦ
1413 1354 1466 1381 τῶν
1479 1354 1556 1381 ὅλων.

554 1398 669 1426 CAPUT
686 1399 756 1427 XIV.

386 1443 521 1478 Epsalmo
537 1445 677 1471 centesimo
693 1445 825 1472 tricesimo
839 1446 935 1480 primo.

302 1496 310 1508 ι
331 1487 437 1514 Iuravit
453 1487 584 1516 Dominus
599 1488 683 1516 David
705 1490 856 1524 veritatem,
869 1496 896 1519 et
915 1499 970 1519 non
989 1492 1032 1521 fru

260 1532 399 1560 strabitur
414 1541 475 1560 eum
493 1543 499 1560 :
516 1534 550 1561 de
567 1535 657 1562 fructu
673 1536 775 1563 ventris
789 1537 828 1564 tui
851 1545 950 1572 ponam
969 1548 1053 1576 super

265 1579 358 1606 sedem
387 1580 504 1608 tutam".
525 1591 534 1607 ι
561 1581 593 1608 Et
620 1589 744 1610 rursus:
767 1593 777 1609 ι
805 1583 873 1612 illuc
898 1586 1048 1620 producam

265 1631 351 1650 cornu
379 1623 474 1657 David,
496 1627 589 1661 paravi
617 1627 755 1655 lucernam
772 1628 884 1658 Christo
903 1639 972 1661 meo.
996 1634 1051 1661 lni-

264 1671 351 1698 micos
365 1671 424 1705 ejus
440 1672 550 1699 induam
567 1672 746 1701 confusione:
763 1683 845 1710 super
857 1677 947 1712 ipsum
960 1683 1051 1708 autem

265 1715 397 1744 elllorebit
413 1717 593 1745 sanctiﬁcatio
610 1727 670 1746 mea
679 1719 784 1747 “.illic
797 1722 941 1750 manifeste
956 1723 1051 1752 Davidi

265 1770 328 1788 cum
343 1762 523 1797 jurejurando
537 1771 552 1790 a
566 1763 622 1791 Deo
632 1765 777 1799 promissio
788 1765 822 1793 de
836 1766 946 1794 Christo
960 1768 1050 1802 datur,

266 1809 344 1843 quasi
364 1817 379 1836 e
393 1810 498 1837 semine
519 1810 579 1845 ejus
605 1811 757 1845 nascituro,
780 1813 895 1848 ejusque
922 1814 1051 1842 thronum

265 1861 461 1882 conscensuro.
475 1855 586 1883 Multam
613 1856 657 1882 hic
673 1857 750 1885 locus
770 1858 987 1893 explanationem
1005 1860 1052 1888 de-

267 1898 410 1931 sideraret,
431 1907 492 1926 cum
518 1908 572 1927 non
589 1901 714 1928 videatur
727 1903 909 1937 corporaliter
924 1904 1052 1933 Christus

267 1951 350 1978 super
365 1943 476 1972 Davidis
491 1945 590 1972 solium
607 1946 723 1980 ejusque
737 1955 850 1982 regnum
867 1949 1026 1977 consedisse
1043 1959 1050 1983 ;

266 1989 340 2025 quod
355 1998 420 2017 vero
443 1991 653 2025 praeteribimus,
674 1999 736 2019 cum
761 2001 775 2019 a
795 1994 936 2029 proposito
957 2000 1052 2023 nostro

268 2036 389 2063 alienum
406 2036 442 2064 sit
472 2037 553 2071 hujus
578 2037 674 2072 psalmi
702 2038 920 2074 interpretationi
943 2048 1051 2069 vacare.

267 2084 419 2112 Prudenter
439 2086 512 2112 enim
541 2093 653 2113 necesse
676 2090 717 2114 est
738 2094 793 2114 non
825 2095 879 2115 uno
906 2087 1053 2124 Scriptura:

267 2130 339 2160 loco.
362 2130 384 2156 si
402 2137 454 2156 non
468 2130 555 2164 possit
569 2131 704 2166 corporali
720 2139 803 2158 sensu
818 2132 926 2160 Christo
945 2141 1054 2161 accom-

268 2175 383 2207 modari.
409 2183 470 2211 qua:
502 2177 596 2205 multis
614 2178 681 2204 locis
711 2178 854 2206 manifeste
870 2179 904 2206 de
923 2187 956 2207 eo
980 2180 1053 2207 dicta

267 2226 332 2250 sunt
354 2223 478 2258 rejicere.
498 2223 641 2250 Sincerum
663 2224 745 2259 igitur
768 2225 880 2252 verbum
895 2230 1050 2260 sequentes,

266 2273 294 2296 et
311 2269 361 2303 ipsi
383 2269 482 2296 divinm
499 2269 607 2297 innixos
635 2269 793 2305 Scripturaa,
810 2271 950 2298 attendere
964 2272 1050 2302 decet.
1070 2289 1091 2316 υ

266 2314 340 2349 quod
350 2314 450 2341 alicubi
460 2315 549 2349 ipsum
562 2314 716 2342 mendicum
725 2315 879 2350 quemdam,
889 2320 916 2343 et
927 2316 1017 2348 vilem,
1027 2321 1054 2344 et

267 2361 423 2396 ignobilem,
434 2368 522 2396 neque
533 2362 650 2396 speciem
663 2362 808 2389 habentem
819 2370 906 2397 neque
914 2362 1052 2394 decorem.

266 2411 412 2434 venturum
426 2416 488 2435 esse
500 2408 676 2443 praenuntiat.
685 2408 753 2435 alias
764 2416 829 2436 vero
841 2417 931 2444 regem
943 2409 1053 2444 conspi-

267 2462 348 2481 cuum
362 2453 501 2489 przedicat.
521 2454 642 2487 Quorum
657 2454 779 2489 quamam
791 2455 900 2489 quidem
916 2459 942 2482 et
956 2463 1054 2491 corpo-

266 2500 361 2527 raliter
370 2500 478 2535 impleta
488 2508 549 2527 esse
556 2500 808 2535 possunt.qu$dam
818 2508 895 2532 vero,
904 2501 1056 2528 solummo-

266 2546 301 2573 do
315 2545 465 2573 secuudum
477 2545 648 2579 spiritualem
659 2543 808 2579 Scriptura:
825 2553 948 2578 sensum,
966 2546 992 2572 in
1009 2553 1053 2573 se-

267 2592 357 2619 cundo
373 2592 433 2626 ejus
451 2591 567 2618 adventu
583 2590 722 2626 implenda
733 2591 956 2618 existimandum.
979 2592 1054 2618 Atta-

267 2647 329 2666 men
347 2647 392 2666 rex
411 2638 570 2665 ludam-um
587 2642 700 2664 vocatus
719 2642 759 2664 est
775 2636 908 2666 Dominus
920 2643 1013 2666 noster
1026 2638 1053 2664 in

268 2685 356 2719 prium
374 2685 434 2719 ejus
454 2685 582 2716 adventu,
602 2691 656 2710 non
673 2687 702 2710 ut
724 2683 825 2710 factum
849 2689 891 2711 est
908 2683 995 2711 Pilato
1007 2684 1052 2721 ju:

267 2732 348 2758 bente
363 2731 439 2758 cruci
454 2731 515 2765 ejus
531 2729 645 2761 Graecis,
662 2729 793 2758 Romanis
809 2734 836 2757 et
850 2729 993 2757 Hebraicis
1010 2730 1053 2757 lit-

268 2777 334 2803 teris
348 2776 459 2804 inscribi
473 2784 479 2801 :
497 2775 547 2802 llic
566 2780 606 2802 est
620 2783 666 2802 rex
678 2774 873 2802 Judworum“.

1366 1401 1562 1428 ΚΕΦΔᾹΑΙΟΝ
1580 1402 1632 1428 iA'.

1388 1447 1513 1482 Ψαλμοῡ
1528 1449 1609 1481 p.1a'.

1142 1503 1150 1518 ι
1163 1493 1263 1528 Ὤμοσε
1275 1493 1376 1530 Κύριος
1387 1493 1425 1528 τῷ
1435 1493 1515 1520 Δαυῖδ
1528 1492 1666 1528 ἀλήθειαν,
1679 1492 1726 1519 καὶ
1739 1492 1770 1518 ob
1783 1491 1820 1528 μὴ
1832 1491 1894 1518 ἀθε-

1102 1540 1180 1575 τήσει
1190 1539 1281 1572 αὐτὸν,
1299 1540 1345 1566 Ἐκ
1361 1539 1468 1575 καρποῦ
1479 1540 1528 1575 τῆς
1540 1538 1642 1570 κοιλίας
1657 1546 1704 1565 σου
1717 1537 1835 1574 θήσομαι
1847 1538 1895 1563 ἐπὶ

1102 1584 1147 1611 τὸν
1162 1585 1254 1621 θρόνον
1270 1594 1343 1612 σου.»
1359 1586 1413 1612 Καὶ
1428 1585 1519 1616 πάλιν,
1536 1595 1543 1610 ι
1556 1585 1630 1612 Ἐκεῖ
1643 1583 1795 1616 ὲξανατελῶ
1808 1584 1895 1619 κέρας

1103 1629 1142 1665 τῷ
1156 1630 1247 1661 Δαυῖδ,
1263 1630 1397 1666 ἡτοίμασα
1408 1630 1503 1666 λύχνον
1517 1630 1555 1665 τῷ
1568 1629 1678 1666 Χριστῷ
1694 1638 1754 1664 μου.
1769 1629 1840 1660 Τοὺς
1851 1630 1895 1664 ἐχ-

1105 1674 1185 1710 θρούς
1202 1683 1248 1702 σου
1265 1674 1366 1702 ἐνδύσω
1382 1675 1529 1711 αἰσχύνην,
1548 1675 1594 1701 ἐπὶ
1607 1674 1635 1701 δὲ
1650 1674 1731 1701 αὐτὸν
1750 1673 1895 1710 eameam

1103 1720 1134 1747 τὸ
1149 1721 1272 1756 ἁγίασμά
1287 1730 1348 1756 μου.
1362 1731 1371 1746 ι
1386 1722 1439 1748 Καὶ
1449 1720 1564 1747 ἐνταῦθα
1579 1720 1671 1755 σαφῶς
1685 1720 1723 1756 τῷ
1738 1720 1820 1746 Δαυῖδ
1833 1720 1895 1755 μεθ’
1930 1739 1933 1741 ›

1104 1767 1186 1801 ὅρκου
1202 1766 1254 1792 ὑπὸ
1268 1765 1314 1792 τοῦ
1329 1766 1396 1792 Θεοῦ
1412 1765 1561 1800 ἐπαγγελία
1581 1766 1646 1802 περὶ
1661 1765 1707 1792 τοῦ
1722 1765 1841 1800 Χριστοῦ
1856 1765 1895 1790 δί-

1104 1811 1194 1842 δοται,
1210 1811 1247 1842 ὡς
1264 1811 1296 1838 ἂν
1313 1812 1345 1837 ἐκ
1358 1811 1513 1846 σπέρματος
1524 1809 1605 1837 αὐτοῦ
1618 1808 1813 1844 γενηθήσεσθαι
1831 1808 1897 1843 μέλ’

1103 1857 1194 1889 λοντος
1204 1877 1211 1888 ,
1229 1857 1276 1884 καὶ
1291 1857 1450 1890 καθέξοντος
1464 1857 1545 1883 αὑτοῦ
1563 1857 1608 1883 τὸν
1621 1855 1722 1891 θρόνον.
1751 1854 1856 1890 Πολλῆς
1871 1854 1895 1881 δ’

1105 1903 1253 1936 ἐξετάσεως
1272 1904 1366 1940 χρῄζοι
1387 1903 1420 1931 ἃν
1434 1904 1468 1930 τὰ
1483 1903 1552 1930 κατὰ
1570 1903 1632 1934 τοὺς
1647 1902 1762 1933 τόπους,
1779 1901 1841 1928 ἐπεὶ
1856 1902 1895 1937 μὴ

1104 1949 1168 1985 δοκῇ
1187 1949 1349 1984 σωματικῶς
1364 1950 1378 1975 6
1392 1948 1508 1984 Χριστὸς
1524 1948 1569 1974 ἐπὶ
1583 1947 1628 1973 τὸν
1645 1947 1738 1982 θρόνον
1749 1946 1796 1973 τοῦ
1811 1946 1895 1973 Ain-15

1105 1996 1151 2022 καὶ
1166 1996 1216 2031 τὴν
1230 1994 1367 2030 βασιλείαν
1378 1994 1459 2021 αὐτοῦ
1474 1993 1646 2021 κεκαθικέναι
1657 2013 1664 2023 .
1681 1993 1698 2020 ἃ
1714 1991 1762 2020 καὶ
1775 1993 1894 2028 ὑπερθη-

1105 2041 1207 2076 σόμεθα
1226 2041 1270 2068 διὰ
1288 2041 1318 2067 τὸ
1339 2041 1376 2076 μὴ
1396 2040 1445 2075 τῆς
1464 2040 1605 2075 παρούσης
1620 2038 1688 2066 εἶναι
1702 2039 1895 2074 πραγματείας

1106 2088 1181 2124 παρὰ
1196 2087 1241 2114 τὸν
1265 2087 1444 2122 προκείμενον
1460 2086 1560 2112 σκοπὴν
1577 2085 1750 2121 κατατρίϐειν
1765 2085 1816 2114 τὴν
1832 2093 1895 2119 σχο-

1104 2132 1154 2168 λ’ὴν
1171 2132 1216 2158 ἐπὶ
1228 2132 1277 2167 τὴν
1289 2131 1336 2157 τοῦ
1349 2130 1456 2166 ψαλμοῦ
1469 2131 1594 2166 διήγησιν
1603 2139 1610 2146 ·
1624 2130 1802 2165 εὐγνωμόνως
1813 2130 1843 2159 δέ
1854 2138 1895 2156 τοι

1105 2179 1157 2214 χρὴ
1176 2178 1212 2214 μὴ
1228 2178 1281 2205 ἀπὺ
1297 2179 1360 2213 μιᾶς
1373 2178 1500 2213 Γραφῆς,
1514 2178 1538 2203 εἰ
1553 2177 1589 2213 μὴ
1606 2177 1648 2212 εἴη
1665 2176 1764 2212 δυνατὴ
1778 2177 1850 2203 κατὰ
1863 2177 1895 2202 τδ

1106 2224 1259 2260 σωματικὸν
1270 2223 1434 2259 ἐφαρμόζειν
1441 2223 1480 2259 τῷ
1492 2223 1600 2259 Χριστῷ
1608 2243 1615 2254 ,
1624 2222 1657 2249 τὰ
1668 2222 1788 2258 πολλαχῆ
1801 2222 1894 2256 σαφῶς

1106 2271 1170 2306 περὶ
1191 2270 1272 2297 αὑτοῦ
1292 2270 1423 2305 εἰρημένα
1443 2268 1678 2304 παρακρούεσθαι·
1696 2269 1847 2304 ἑπομένους
1862 2276 1894 2302 τε

1108 2317 1160 2352 μὴν
1181 2316 1276 2351 ἁληθεῖ
1293 2316 1377 2350 λόγῳ,
1396 2316 1441 2342 καὶ
1458 2316 1526 2351 αὐτῇ
1546 2317 1578 2351 τῇ
1598 2314 1656 2350 θείᾳ
1676 2315 1895 2350 παριπαμένους

1106 2364 1199 2399 Γραφῇ
1211 2382 1217 2392 ,
1230 2362 1369 2397 ἐφίσταναι
1382 2361 1514 2397 προσήκει
1526 2381 1533 2393 ,
1545 2361 1573 2392 ὃς
1588 2361 1652 2387 ποτὲ
1665 2361 1714 2396 μὲν
1724 2361 1805 2387 αὑτὸν
1820 2369 1894 2387 πτω-

1107 2409 1153 2444 χόν
1169 2417 1229 2435 τινα
1243 2409 1289 2434 καὶ
1303 2407 1398 2442 εὐτελῆ
1413 2408 1460 2434 καὶ⁸
1475 2407 1580 2442 ἄτιμον,
1591 2407 1628 2442 μὴ
1642 2407 1738 2442 ἔχοντα
1751 2404 1822 2438 εἶδος
1839 2415 1891 2442 μη-

1105 2455 1134 2481 δὲ
1147 2455 1244 2486 κάλλος
1254 2474 1261 2484 ,
1272 2453 1430 2480 ἐλεύσεσθαι
1445 2453 1618 2489 προῳητεὺει,
1634 2453 1727 2480 ἄλλοτε
1740 2453 1769 2479 δὲ
1782 2452 1894 2487 βασιλέα

1107 2501 1214 2536 ἔντιμον
1227 2500 1308 2527 αὐτόν
1322 2508 1417 2534 φησιν’
1432 2496 1469 2526 ὧν
1480 2499 1515 2525 τὰ
1532 2499 1580 2534 μὲν
1594 2499 1639 2526 καὶ
1652 2499 1817 2534 σωματικῶς
1828 2499 1892 2525 ἀπο-

1107 2546 1301 2582 πεπληρῶσθαι
1315 2545 1435 2576 δύναται,
1452 2545 1522 2572 τὰδὲ
1537 2545 1606 2571 κατὰ
1620 2544 1699 2579 μόνον
1713 2543 1759 2570 τὸν
1773 2553 1889 2579 πνευμασ

1107 2592 1181 2618 τικὺν
1204 2592 1253 2627 τῆς
1271 2591 1382 2626 Γραφῆς
1403 2590 1481 2622 νοῦν,
1507 2590 1557 2625 ἤδη
1578 2589 1606 2616 δέ
1621 2598 1680 2615 τινα
1697 2589 1744 2616 καὶ
1759 2589 1830 2616 κατὰ
1845 2590 1892 2624 τὴν

1106 2638 1235 2673 δευτέραν
1258 2636 1340 2663 αὑτοῦ
1364 2635 1514 2671 παρουσίαν
1535 2633 1760 2669 πληρωθήσεσθαι
1780 2634 1891 2668 προσδο-

1107 2682 1213 2716 κητέον.
1234 2681 1306 2716 Πλὴν
1322 2681 1369 2707 καὶ
1384 2679 1509 2715 βασιλεὺς
1532 2679 1666 2705 Ἰουδαίων
1681 2679 1866 2714 ἐχρημάτισεν
1879 2679 1893 2704 6

1107 2729 1207 2764 Κύριος
1218 2727 1296 2763 ἡμῶν
1311 2727 1381 2754 κατὰ
1392 2727 1442 2762 τὴν
1455 2727 1566 2762 πρώτην
1577 2725 1658 2753 αὑτοῦ
1673 2725 1834 2760 παρουσίαν,
1846 2725 1892 2758 οὐχ

1105 2774 1143 2805 ὡς
1155 2773 1231 2808 ἔτυχε
1242 2782 1289 2799 του
1300 2773 1416 2799 Πιλάτου
1428 2771 1604 2802 κελεύσαντος
1615 2771 1802 2806 ἐπιγραφῆναι
1811 2770 1893 2797 αὐτοῦ

266 2822 305 2858 τῷ
317 2821 424 2857 σταυρῷ
435 2822 596 2857 γράμμασιν
610 2821 773 2856 Ἑλληνικοῖς
782 2821 828 2849 καὶ
842 2822 1005 2857 Ῥωμαϊκοῖς
1016 2821 1222 2857 καὶἘὸραϊκοίς
1233 2820 1272 2851 τὸ,
1280 2818 1374 2852 Οὗτός
1382 2819 1467 2846 ἐστιν
1478 2817 1714 2851 ὀβασιλείτςτῶν·
1729 2817 1892 2844 Ἰουδαίων-

303 2881 325 2897 ⁷⁷
346 2880 417 2908 Psal.
432 2889 490 2910 xxx.
504 2881 546 2908 19.
584 2881 607 2896 ⁷³
625 2879 704 2908 Joan.
724 2889 780 2913 xtx,
798 2881 843 2915 23,
859 2881 905 2911 τι.
943 2883 964 2898 ⁷⁹
986 2881 1052 2908 ibid.

1104 2901 1111 2909 .
1151 2881 1172 2897 5“
1191 2880 1284 2907 Matth.
1301 2888 1346 2907 xu
1374 2880 1401 2906 9.

270 2917 310 2949 l7,
334 2917 375 2944 ιε,
414 2917 435 2932 ⁵⁸
456 2915 549 2942 Matth.
569 2923 660 2947 xmi,
678 2915 722 2942 57.

1457 2879 1476 2895 “
1497 2878 1568 2906 Psal.
1587 2885 1679 2910 cum,
1702 2877 1743 2904 ll.
1783 2877 1805 2893 ⁸⁸
1827 2876 1892 2903 ilvid.
