2037 3215
149 163 213 191 1121

632 170 777 202 ECLOGA-2
798 174 1037 207 PROPHETICE.
1059 195 1093 200 -—
1112 180 1175 208 LlB.
1196 180 1240 210 111.

1704 190 1773 217 “‘22

148 220 200 247 τῶν
219 221 350 250 ἀνέκαθεν
367 226 513 261 προφητῶν
535 227 583 259 τὰς
606 230 670 265 περὶ
683 231 766 258 αὑτοῦ
784 235 916 270 πιστουμέ

148 274 198 281 ...η-ι
223 267 372 281 λ.--ἓ-[ζ-.-
408 270 478 281 unn_,
518 272 536 281 γι
563 273 570 281 ι
643 275 654 281 ..
753 277 771 281 .-
808 279 817 281 _
844 279 848 281 .

984 237 1047 275 inde
1058 245 1111 265 non
1127 239 1263 267 immerito
1276 241 1490 276 exprobraretur
1505 242 1616 276 Iudaeis.
1631 246 1677 281 qui
1693 247 1772 274 Chri-

146 274 198 292 νων
221 267 383 300 ἀποδείξεις.
408 270 488 297 Ὅθεν
513 272 625 305 εἰκότως
639 275 671 302 ἄν
687 285 729 308 τις

146 309 184 345 μὴ
198 310 244 337 τὸν
261 312 376 347 Χριστὸν
388 315 628 352 παραδεξαμένοις,
641 320 687 346 καὶ
698 322 754 353 τοῖς
766 323 816 354 τὰς
829 309 935 360 προςη-

145 357 219 388 ςείας
243 357 370 385 ἀθετοῦσι
384 360 558 396 αἰρεσιώταις
571 366 778 401 καταμέμψοιτο
801 370 840 400 εἰς
868 370 934 397 ἀσύ-

144 410 229 429 στατα
245 406 486 441 περιτρεπομένοις
497 417 502 422 ·
515 410 539 435 οί
555 410 603 444 μὲν
614 411 714 446 γὰρὼς
725 413 791 440 Θεοῦ
804 415 853 447 τὰς
868 425 934 452 προ-

143 448 257 484 φητείας
273 450 476 487 ἀποδεχόμενοι,
491 454 590 487 ταύτας
609 456 716 491 ψευδεῖς
737 448 933 496 ἀπελέγχουσιν

142 493 249 526 ἀτελεῖς
262 495 345 527 αὐτὰς
357 497 575 532 καταλείποντες,
590 501 629 528 ὃτι
646 502 682 538 μὴ
695 503 744 535 τὰς
759 506 799 536 είς
812 506 856 532 τὸν
867 507 933 543 Χρι-

144 539 206 566 στὸν
219 540 327 577 άποπλη
334 542 465 577 ρωθείσας
475 545 529 572 τῶν
545 549 716 583 προφητειῶν
739 551 866 584 ὲκῦάσεις
880 539 931 580 οἶοί

141 585 174 611 τέ
188 586 240 612 εἰσι
256 588 457 623 παραδέξασθαι
467 599 473 605 ·
491 593 515 618 at
531 592 559 619 δὲ
571 593 617 620 τὸν
629 595 745 630 Χριστὸν
768 598 930 633 ὁμολογοῦν-

141 640 189 663 τες
204 632 354 661 ἀσύστατον
370 637 416 662 καὶ
431 637 623 667 ἀναπόδεικτον
634 642 682 677 τὴν
693 644 731 674 είς
748 644 828 672 αὑτὸν
841 646 930 673 πίστιν

142 679 312 715 περιέπουσι,
331 682 367 718 μὴ
385 685 440 715 τοῖς
457 684 618 721 θαυμασίοις
634 689 679 715 τοῦ
695 688 761 716 Θεοῦ
779 693 930 727 προφήταις

140 724 176 752 τὰ
187 727 249 761 περὶ
261 727 342 753 αὑτοῦ
357 733 625 768 προμαρτυρομένοις
635 724 821 771 συγχρώμενοι
833 724 843 752 -1
849 724 928 774 ημετς

140 771 174 804 γέ
185 779 235 797 τοι*
251 772 300 804 τὰς
322 773 411 808 μέντοι
427 778 592 812 προφητείας
612 779 655 806 διὰ
672 781 721 816 τῆς
739 782 785 809 τοῦ
811 771 928 819 Χριστού

141 818 302 852 παρουσίας,
320 820 423 856 ταύτην
432 821 459 848 δὲ
472 823 516 850 διὰ
531 824 586 851 τῶν
597 828 767 862 προφητειῶν
782 831 929 866 πιστούμε-

139 871 192 896 νοι,
211 863 241 890 τὸ
256 865 339 898 φανὸν
363 867 409 893 καὶ
426 869 538 904 στερρὸν
562 871 612 905 τῆς
635 872 763 908 ἀληθείας
787 863 928 913 ἀνεξελέγ-

139 917 215 942 κτοις
244 911 394 945 ἀποδείξεσι
422 916 607 952 παριστῶμεν.
638 919 730 947 Ταῦτα
757 921 806 956 μὲν
831 923 870 955 ὼς
895 911 924 952 έν

138 957 275 993 προοιμίῳ
285 967 291 972 ·
308 958 390 994 ἴωμεν
402 960 429 986 δὲ
442 961 488 987 ἐπὶ
501 962 530 988 τὸ
546 965 735 1001 προκείμενον.

401 1017 600 1046 ΚΕΦΑΛΑΙΟΝ
626 1022 666 1048 A'.

373 1074 438 1102 Ἀπὸ
455 1075 515 1103 τῶν⁹
526 1079 702 1113 Παροιμιῶν.

753 277 890 312 Ἰουδαίοις
906 290 934 308 τε

173 1129 251 1155 Πᾶσα
274 1130 322 1165 μὲν
338 1131 354 1166 ἡ
372 1131 461 1166 βίϐλος
477 1132 530 1160 τῶν
549 1135 706 1171 Παροιμιῶν
723 1137 754 1164 ἐκ
779 1139 924 1174 προσώπου

135 1173 263 1208 λέγεσθαι
274 1176 324 1210 τῆς
339 1177 439 1212 Σοφίας
450 1178 531 1213 ἔοικε,
544 1180 581 1216 πῆ
598 1181 647 1216 μὲν
663 1182 709 1209 τὸν
727 1173 820 1219 norm
834 1186 926 1214 ὑποτι-

136 1220 253 1257 θεμένης
279 1222 345 1257 βίον.
369 1224 407 1258 πῆ
424 1225 451 1251 δὲ
472 1229 731 1265 προσωποποιούσης
757 1231 858 1268 ἑτέρων
881 1233 925 1260 λό-

134 1275 218 1301 γους·
236 1268 282 1294 καὶ
300 1269 363 1296 ποτε
382 1269 430 1305 μὲν
446 1271 593 1307 αἰνίγματα
610 1273 841 1312 προϐαλλομένης,
858 1279 923 1305 ποτὲ

134 1314 158 1340 δ’
175 1311 209 1340 αὖ
226 1315 291 1350 περὶ
305 1316 389 1352 αὐτῆς
403 1325 463 1344 τινα
479 1317 664 1355 διδασκούσης,
680 1322 727 1348 καὶ
747 1322 781 1349 τὰ
799 1311 862 1360 περὶ
876 1324 923 1352 τοῦ

134 1359 234 1395 ἑαυτῆς
260 1360 351 1388 ὲνθέου
377 1362 531 1398 ἀξιώματος
562 1366 749 1403 παιδευούσης.
778 1359 887 1397 Τούτων
900 1371 922 1397 δ’

133 1405 319 1442 ἀναλεξάμεθα
335 1407 367 1434 δι’
383 1405 420 1435 ὧν
449 1409 619 1447 μανθάνομεν
643 1412 683 1439 ὅτι
711 1414 742 1450 δὴ
767 1413 834 1446 ζῶον
852 1416 922 1444 θεῖον

132 1452 182 1479 καὶ
196 1453 282 1488 πάντη
298 1454 346 1490 τὴν
363 1455 441 1489 φύσιν
460 1457 586 1492 ἐνάρετον
608 1458 624 1493 ἡ
641 1459 725 1493 Σοφία
749 1462 888 1496 τυγχάνει,
903 1465 920 1499 ἡ

132 1499 201 1535 αὐτὴ
222 1498 287 1526 οὖσα
315 1500 353 1536 τῷ
369 1501 437 1536 μετὰ
460 1502 505 1528 τὸν
520 1503 626 1539 πρῶτον
653 1504 718 1532 Θεὸν
734 1506 851 1543 δευτέρῳ
867 1509 920 1536 τῶν

129 1545 200 1572 ὅλων
227 1545 306 1581 αἰτίῳ
318 1565 325 1578 ,
349 1547 389 1582 τῷ
413 1556 443 1574 τε
461 1557 470 1573 ι
491 1549 519 1575 ὲν
536 1550 606 1585 άρχῇ
621 1550 689 1586 πρὸς
709 1551 753 1578 τὸν
772 1553 837 1580 Θεὸν
861 1554 920 1590 Θεῷ

129 1590 220 1626 Λόγῳ,
237 1601 246 1618 ι
262 1593 309 1619 καὶ
322 1593 354 1628 τῇ
369 1592 506 1630 διοικούσῃ
527 1595 574 1621 καὶ
599 1597 778 1634 οἱκονομούσῃ
793 1599 826 1624 τὰ
851 1599 919 1636 σύμ-

988 287 1061 310 stum
1076 292 1130 311 non
1147 285 1303 319 admittunt,
1320 295 1369 315 nec
1384 296 1438 316 non
1463 289 1599 319 haereticis
1617 293 1773 328 prophetias

987 329 1186 363 rejicientibus,
1213 333 1284 368 quod
1314 334 1341 361 in
1366 336 1610 365 contradictionem
1636 339 1770 367 incidunt.

987 376 1026 402 Illi
1038 377 1110 404 enim
1125 378 1198 406 velut
1214 386 1229 405 a
1243 378 1298 407 Deo
1310 381 1469 415 prophetias
1492 383 1641 418 accipiunt,
1658 385 1771 413 menda-

986 422 1022 449 cii
1033 428 1121 451 autem
1133 432 1180 452 eas
1191 431 1319 461 arguunt,
1333 427 1397 454 dum
1409 428 1582 463 imperfectas
1594 437 1655 458 esse
1666 431 1768 464 sinunt,

986 467 1013 494 in
1025 468 1134 497 Christo
1146 477 1364 499 consummatum
1380 473 1465 502 fuisse
1475 475 1677 510 prophetiarum
1686 485 1769 504 even-

986 517 1043 540 tum
1067 522 1214 551 agnoscere
1227 524 1409 552 nequeuntes;
1425 519 1452 546 hi
1475 528 1551 552 vero,
1566 522 1612 556 qui
1630 522 1768 550 Christum

984 560 1159 594 conﬁtentur,
1175 563 1320 590 absurdam
1335 568 1425 592 tamen
1443 574 1530 601 neque
1547 569 1628 595 certis
1646 568 1767 595 l'ulcitam

984 605 1157 635 documentis
1178 608 1257 637 ﬁdem
1277 611 1337 645 ejus
1365 613 1545 644 contendunt,
1571 614 1768 642 admirabiliter

983 651 1031 680 Dei
1048 654 1206 689 prophetas,
1223 657 1270 691 qui
1287 658 1474 686 testimonium
1499 660 1562 687 olim
1587 660 1621 687 de
1646 669 1678 688 eo
1704 660 1768 688 red-

982 699 1121 734 diderunt,
1133 709 1187 728 non
1202 708 1392 737 agnoscentes.
1407 705 1477 738 Quid
1493 714 1557 733 vero
1572 707 1638 733 nos?
1651 706 1767 742 Prophe—

982 745 1035 773 tias
1053 747 1162 781 quidem
1181 753 1293 784 propter
1319 750 1421 779 tihrisli
1449 751 1605 785 adventum,
1622 753 1694 780 hunc
1718 761 1765 781 au-

981 795 1035 819 tem
1054 800 1164 829 propter
1186 797 1342 831 prophetias
1366 798 1513 831 credimus,
1534 807 1567 826 ac
1600 800 1764 828 evidentiam

985 841 1128 877 roburque
1140 844 1262 872 veritatis
1279 845 1442 873 arctissimis
1460 847 1634 875 ostendemus
1653 847 1765 876 demon-

981 886 1172 916 strationibus.
1185 889 1237 917 S'ed
1254 891 1320 918 satis
1333 891 1366 919 de
1380 891 1528 926 prooemio;
1538 892 1594 926 jam
1615 893 1647 919 ad
1666 900 1764 928 pmpo-

977 932 1059 960 situm
1079 937 1260 964 transeamus.

1293 1038 1408 1067 CAPUT
1427 1039 1447 1068 1.

1273 1093 1298 1121 Ε
1311 1094 1472 1124 Proverbiis.

1011 1147 1096 1177 Totus
1108 1148 1317 1179 Proverbiorum
1329 1153 1397 1181 liber
1409 1154 1442 1182 de
1453 1154 1603 1191 Sapientia,
1614 1157 1636 1185 si
1648 1157 1680 1184 ad
1693 1158 1760 1186 titu—

976 1193 1031 1221 lum
1056 1196 1200 1231 respicias,
1215 1201 1334 1226 tractare
1354 1199 1476 1233 videtur;
1493 1209 1565 1229 nunc
1582 1204 1705 1232 moribus
1720 1206 1761 1231 vi-

973 1243 1029 1269 tam
1047 1242 1167 1276 instruit,
1189 1251 1263 1272 nunc
1283 1244 1352 1273 alios
1374 1246 1515 1281 loquentes
1539 1248 1664 1276 inducit:
1688 1258 1759 1277 non-

974 1294 1112 1322 nunquam
1130 1290 1258 1324 proponit
1281 1292 1442 1327 aenigmata;
1460 1293 1546 1327 ipsam
1573 1295 1709 1323 interdum
1725 1296 1760 1324 de

973 1347 1002 1367 se
1017 1341 1140 1376 quaedam
1154 1342 1324 1376 edorentem,
1339 1345 1478 1380 multaque
1490 1346 1523 1374 de
1539 1347 1629 1375 divina
1646 1349 1757 1376 suimet-

973 1385 1060 1421 ipsius
1089 1387 1223 1422 dignitate
1248 1389 1446 1418 ostendenlem.
1473 1391 1593 1424 Quorum
1618 1402 1650 1420 ea
1682 1395 1759 1430 prius

972 1431 1131 1467 colligemus
1143 1433 1244 1468 quibus
1260 1441 1427 1470 compertum
1450 1428 1581 1466 habemus
1597 1428 1700 1475 aliquid
1716 1440 1758 1468 di-

971 1477 1063 1505 vinum
1079 1486 1139 1506 esse
1151 1479 1311 1514 sapientiam
1325 1485 1352 1508 et
1365 1486 1462 1510 natura
1472 1485 1583 1512 omnino
1598 1487 1757 1520 praecellen-

971 1527 1037 1555 tem,
1055 1524 1197 1560 ipsamque
1211 1527 1371 1561 secundam,
1390 1533 1452 1563 post
1466 1530 1585 1565 priorem
1603 1531 1698 1565 Deum,
1714 1542 1757 1561 re-

971 1584 1031 1603 rum
1059 1578 1250 1606 universarum
1277 1588 1400 1615 causam,
1417 1591 1475 1618 quae
1498 1585 1607 1619 quidem
1630 1594 1691 1614 cum
1720 1588 1757 1615 sit

129 1624 230 1669 παντᾱ,
246 1637 292 1664 καὶ
308 1624 387 1673 μέᾶρι
399 1639 454 1666 τῶν
524 1641 576 1676 γῆς
597 1624 917 1682 πραγμιάτωνηφθανούση

974 1633 984 1648 ι
1002 1624 1030 1650 in
1050 1625 1186 1661 principio
1197 1629 1268 1663 apud
1280 1628 1363 1656 Deum
1380 1629 1452 1658 Deus
1463 1629 1625 1664 Verbum",
1637 1643 1647 1659 ι
1665 1635 1754 1661 omnia

129 1682 243 1719 προνοίᾳ
256 1684 302 1710 τοῦ
323 1684 401 1718 Θεοῦ,
419 1686 435 1722 ἢ
461 1686 507 1713 καὶ
523 1687 576 1722 πρὸ
590 1688 681 1723 πάσης
697 1690 790 1722 οὐσίας
818 1700 847 1718 τε
872 1693 918 1719 καὶ

128 1729 303 1762 ὑποστάσεως
317 1730 450 1765 ἔκτισται,
466 1732 536 1768 ἀρχὴ
557 1733 624 1760 ὁδῶν
638 1732 704 1762 οὖσα
722 1736 770 1771 τῆς
787 1737 849 1773 ὅλης
870 1738 917 1774 δη-

128 1775 284 1816 μιουργίας.
303 1777 343 1802 Τὰ
355 1776 383 1803 δὲ
402 1777 470 1812 ῥητὰ
484 1778 522 1809 ὡς
537 1777 566 1810 ἐξ
579 1779 663 1814 αὐτῆς
675 1779 725 1815 τῆς
742 1782 842 1816 Σοφίας
856 1782 918 1809 τοῦ-

124 1829 174 1848 τον
186 1814 309 1849 λέλεκται
329 1822 374 1850 τὸν
388 1823 504 1859 τρόπον·
525 1833 535 1850 ι
553 1825 623 1859 Ἐγὼ
647 1814 761 1861 ήΣοφία
781 1814 916 1864 κατεσκή-

126 1875 202 1893 νωσα
220 1866 316 1902 βουλὴν
333 1869 380 1895 καὶ
394 1868 504 1903 γνῶσιν,
523 1869 569 1896 καὶ
584 1869 686 1897 ἔννοιαν
706 1872 762 1906 ἐγὼ
789 1873 917 1900 ἐπεκαλε-

126 1912 230 1948 σὰμην.
258 1913 341 1946 Φόῦος
367 1915 468 1951 Κυρίου
495 1917 570 1951 μισεῖ
591 1917 697 1949 κακίαν,
726 1917 804 1954 ὓϐριν
820 1929 849 1946 τε
869 1921 915 1947 καὶ

125 1959 316 1995 ὑπερηφανίαν
335 1961 381 1987 καὶ
406 1961 481 1993 ὀδοὺς
500 1963 641 1998 πονηρῶν,
672 1964 789 1999 ἐμίσησα
811 1965 839 1992 δὲ
860 1967 915 2001 ἐγὼ

121 2003 343 2041 διεστραμμένας
360 2006 435 2038 ὀδοὺς
450 2007 553 2034 κακῶν.
570 2009 638 2044 Ἐμὴ
658 2008 737 2045 βουλὴ
759 2011 806 2037 καὶ
825 2012 913 2047 ἀσφά-

123 2051 201 2078 λεια·
219 2051 274 2086 ἐγὼ
290 2053 411 2085 σύνεσις,
432 2054 485 2090 ἐμὴ
503 2055 530 2081 δὲ
545 2055 629 2090 ἰσχύς.
650 2057 689 2083 Δι’
707 2057 773 2092 ἐμοῦ
795 2058 912 2093 βασιλεῖς

124 2097 314 2132 βασιλεύουσι,
352 2100 398 2125 καὶ
433 2101 456 2126 οἱ
482 2101 610 2128 δυνάσται
644 2104 779 2139 γράφουσι
809 2105 911 2133 δικαιο-

124 2144 270 2180 σύνην.Δι¹
291 2145 357 2180 ἐμοῦ
381 2148 541 2181 μεγιστᾶνες
570 2149 776 2183 μεγαλύνονται,
800 2151 846 2177 καὶ
864 2151 911 2178 τύ-

124 2199 215 2225 ραννοι
236 2191 269 2217 δι’
297 2192 363 2227 ἐμοῦ
382 2193 512 2228 κρατοῦσι
528 2194 587 2229 γῆς·
611 2195 680 2229 Ἐγὼ
704 2197 766 2228 τοὺς
789 2197 838 2232 ἐμὲ
869 2207 911 2233 φι-

121 2235 235 2268 ἳ.οὸντας
273 2236 382 2270 ἀγαπῶ,
409 2239 432 2264 οἱ
455 2238 482 2265 δὲ
507 2239 556 2273 ἐμὲ
587 2239 734 2275 ζητοῦντες
767 2242 910 2278 εὑρήσουσι

119 2285 211 2318 χάριν.
229 2283 346 2314 Πλοῦτος
361 2284 406 2310 καὶ
430 2285 492 2318 δόξα
515 2287 577 2321 ἐμοὶ
603 2288 735 2324 ὑπάρχει,
753 2289 799 2316 καὶ
815 2291 909 2326 κτῆσις

119 2328 228 2356 πολλῶν
254 2329 301 2355 καὶ
320 2329 487 2366 δικαιοσύνη.
513 2332 621 2360 Βέλτιον
651 2334 700 2370 ἐμὲ
727 2335 908 2371 καρπίζεσθαι

119 2376 193 2411 ὑπὲρ
209 2375 321 2411 χρυσίον
351 2376 398 2403 καὶ
426 2376 497 2404 λίθον
526 2379 614 2414 τίμιον
631 2381 729 2407 πολύνο
744 2381 779 2408 τὰ
803 2383 830 2409 δὲ
854 2384 908 2418 ἐμὰ

117 2422 278 2458 γεννήματα
294 2422 411 2458 κρείσσω
426 2423 556 2458 ἀργυηίου
570 2425 708 2454 ἐκλεκτοῦ.
743 2429 786 2455 Ἐν
799 2428 840 2463 (F.
855 2430 907 2464 26)

116 2468 190 2499 ὁδοῖς
215 2468 386 2503 δικαιοσύνης
414 2470 570 2504 περιπατῶ,
588 2472 634 2498 καὶ
646 2473 781 2508 ἀναμέσον
807 2476 907 2510 τρίϐων

116 2514 302 2548 δικαιώματος
334 2513 555 2550 ἀναστρέφομαιο
583 2517 625 2543 ἵνα
652 2519 757 2553 μερίσω
778 2521 833 2552 τοῖς
856 2521 905 2556 ἐμὲ

116 2559 264 2594 ἀγαπῶσιν
281 2559 407 2595 ὓπαρξιν,
424 2560 545 2592 καὶτοὺς
566 2561 718 2598 θησαυροὺς
740 2565 830 2591 αὐτῶν
855 2567 905 2601 ὲμ-

117 2605 217 2641 πλήσω
232 2605 341 2640 ἀγαθῶν
350 2614 356 2621 ·
375 2606 422 2633 ἐὰν
436 2607 588 2641 ἀναγγειλω
600 2609 663 2644 ὑμῖν
676 2610 710 2636 τὰ
725 2610 785 2637 καθ’
798 2612 904 2648 ἡμέραν

116 2652 258 2688 γινόμενα,
273 2654 450 2689 μνημονεύσω
461 2654 494 2680 τὰ
516 2655 545 2688 ἐξ
558 2655 655 2687 αἰῶνος
672 2655 831 2691 ἀριθμῆσαι.
852 2658 904 2684 Κύ-

118 2707 175 2733 ριος
187 2697 277 2724 ἔκτισὲ
290 2708 322 2734 με
332 2700 418 2735 ἀρχὴν
431 2699 497 2726 ὁδῶν
513 2701 593 2727 αὑτοῦ
610 2702 648 2732 εἰς
662 2701 729 2737 ἔργα
745 2703 838 2736 αὑτοῦ,
851 2705 903 2740 πρὸ

114 2743 163 2770 τοῦ
176 2743 272 2776 αἰῶνος
282 2744 443 2780 ἐθεμελίωσέ
457 2754 500 2780 με,
514 2747 543 2772 ἐν
557 2748 626 2782 ἀρχῇ
651 2748 703 2783 πρὸ
721 2748 768 2774 τοῦ
788 2749 836 2783 τὴν
853 2751 903 2785 γῆν

115 2789 238 2825 ποιῆσαι,
253 2790 299 2817 καὶ
316 2790 368 2826 πρὸ
380 2791 426 2817 τοῦ
441 2791 489 2823 τὰς
500 2792 632 2825 ἀϐύσσους
649 2794 770 2829 ποιῆσαι,
788 2795 841 2830 πρὸ
855 2795 901 2822 τοῦ

114 2835 204 2862 ἐλθεῖν
220 2836 268 2868 τὰς
285 2838 375 2872 πηγὰς
399 2838 452 2864 τῶν
478 2839 595 2866 ὑδάτων·
618 2840 670 2875 πρὸ
692 2840 738 2867 τοῦ
756 2841 805 2876 ὅρη
820 2842 900 2877 ἑδρα-

115 2880 223 2916 σθῆναι,
250 2883 302 2918 πρὸ
314 2883 342 2909 δὲ
367 2883 474 2911 πάντων
492 2884 602 2920 βουνῶν,
618 2887 699 2921 γεννᾷ
731 2894 774 2921 με.
799 2886 900 2922 Κύριος

150 2940 173 2957 "
192 2940 271 2968 Joan.
291 2949 317 2969 I.
337 2941 362 2970 1.

971 1677 1069 1705 regens
1092 1675 1173 1707 atque
1187 1674 1329 1706 ordinans,
1343 1679 1370 1702 et
1382 1675 1428 1703 Dei
1443 1677 1614 1711 providentia
1626 1679 1755 1707 omnibus

970 1724 1029 1750 qum
1054 1721 1118 1744 sunt
1146 1726 1228 1753 super
1248 1723 1347 1746 terram
1370 1722 1529 1753 consulens.
1553 1727 1617 1751 ante
1646 1732 1752 1752 omnem

968 1762 1115 1789 essentiam
1148 1768 1174 1791 et
1202 1764 1384 1793 substantiam
1420 1773 1576 1802 procreata,
1609 1771 1753 1805 omnisque

968 1809 1115 1835 creationis
1127 1809 1233 1837 viarum
1247 1811 1421 1846 principium.
1435 1812 1497 1841 llaec
1517 1822 1580 1842 vero
1597 1823 1657 1849 qum
1673 1817 1750 1850 quasi

967 1859 1000 1886 de
1015 1868 1044 1887 se
1061 1860 1118 1894 ipsa
1133 1860 1270 1897 Sapientia
1285 1864 1351 1891 dicit
1367 1873 1373 1890 :
1393 1874 1402 1890 ι
1423 1864 1479 1900 Ego
1503 1865 1640 1901 Sapientia
1659 1868 1751 1896 habito

966 1906 994 1932 in
1022 1907 1149 1939 consilio,
1168 1912 1195 1935 et
1223 1909 1338 1938 eruditis
1370 1911 1501 1939 intersum
1527 1913 1748 1948 cogitationibus.

966 1951 1059 1980 Timor
1071 1953 1174 1981 Domini
1187 1955 1245 1983 odit
1260 1957 1361 1984 malum
1377 1967 1384 1984 :
1401 1959 1597 1993 arrogantiam,
1613 1964 1639 1987 et
1655 1968 1748 1996 super-

965 1998 1048 2031 biam,
1071 2004 1098 2036 et
1124 2001 1196 2028 viam
1220 2010 1343 2037 pravam,
1367 2010 1391 2031 et
1415 2012 1446 2032 os
1470 2005 1589 2041 bilingue
1617 2006 1746 2034 detestor.

965 2044 1052 2072 Meum
1069 2050 1112 2074 est
1125 2048 1280 2080 consilium,
1296 2053 1323 2076 et
1338 2050 1471 2085 aequitas;
1490 2059 1548 2078 mea
1573 2057 1615 2079 est
1629 2053 1748 2087 pruden-

963 2091 1021 2124 tia;
1041 2100 1099 2119 mea
1116 2096 1158 2120 est
1179 2093 1318 2121 fortitudo.
1334 2093 1388 2122 Per
1407 2103 1449 2123 me
1475 2104 1554 2131 reges
1579 2101 1704 2133 regnant,
1719 2101 1747 2125 et

964 2137 1053 2172 legum
1076 2138 1231 2166 conditores
1252 2139 1327 2173 justa
1356 2140 1523 2175 decernunt;
1546 2150 1593 2177 per
1611 2151 1654 2170 me
1668 2143 1744 2177 prin-

962 2183 1037 2218 cipes
1073 2183 1216 2219 imperant,
1250 2190 1276 2213 et
1307 2187 1413 2221 tyranni
1447 2191 1525 2215 terra:
1554 2189 1743 2218 dominantur.

962 2228 1018 2264 Ego
1029 2230 1172 2265 diligentes
1192 2239 1234 2259 me
1252 2232 1335 2268 diligo
1366 2242 1372 2260 :
1390 2238 1416 2260 et
1430 2234 1476 2268 qui
1492 2242 1572 2262 mane
1585 2236 1697 2270 vigilant
1711 2237 1744 2264 ad

962 2289 1014 2312 me.
1032 2282 1170 2310 invenient
1184 2291 1242 2312 me.
1259 2284 1363 2313 Mecum
1389 2289 1453 2313 sunt
1474 2286 1584 2317 divitiae,
1598 2291 1625 2314 et
1647 2287 1743 2321 gloria,

927 2330 947 2356 D
961 2335 1027 2362 opes
1046 2329 1179 2363 superbae.
1196 2334 1223 2358 et
1242 2331 1359 2366 justitia.
1374 2331 1469 2359 Melior
1485 2337 1527 2360 est
1543 2333 1614 2360 enim
1638 2332 1743 2360 fructus

960 2382 1038 2402 meus
1064 2383 1140 2407 auro,
1159 2380 1187 2404 et
1212 2377 1300 2412 lapide
1321 2378 1450 2413 pretioso,
1467 2382 1493 2406 et
1523 2378 1658 2413 genimina
1683 2385 1742 2406 mea

959 2425 1073 2455 argento
1093 2421 1189 2450 electo.
1217 2423 1244 2450 ln
1272 2424 1324 2451 viis
1345 2424 1458 2459 iustitia:
1470 2425 1591 2456 ambulo,
1611 2425 1638 2451 in
1652 2424 1742 2451 medio

958 2467 1117 2495 scmitarum
1132 2468 1238 2503 judicii,
1261 2473 1290 2496 ut
1308 2469 1391 2497 ditem
1409 2470 1552 2505 diligentes
1572 2478 1625 2502 me.
1642 2475 1669 2498 et
1683 2470 1742 2497 the-

958 2519 1054 2541 sauros
1079 2521 1173 2541 eorum
1202 2516 1331 2550 repleam.
1352 2516 1482 2543 Dominus
1505 2515 1625 2550 possedit
1646 2523 1689 2543 me
1712 2517 1740 2543 in

957 2559 1036 2586 initio
1051 2560 1154 2587 viarum
1176 2569 1298 2596 suarum,
1317 2566 1461 2598 antequam
1478 2561 1624 2597 quidquam
1639 2561 1740 2589 faceret

958 2619 973 2638 a
985 2613 1129 2648 principio.
1155 2614 1197 2641 Ab
1211 2620 1314 2643 teterno
1330 2614 1453 2642 ordinata
1474 2622 1552 2646 sum,
1570 2618 1596 2642 et
1617 2622 1650 2642 ex
1668 2614 1739 2641 anti-

956 2658 1018 2692 quis
1033 2664 1177 2695 antequam
1198 2666 1269 2688 terra
1282 2661 1367 2688 ﬁeret.
1391 2660 1516 2688 Nondum
1541 2665 1619 2688 erant
1636 2660 1736 2695 abyssi,

956 2711 983 2733 et
994 2714 1043 2742 ego
1058 2707 1113 2741 jam
1139 2714 1269 2743 concepta
1293 2717 1385 2741 eram;
1407 2708 1521 2735 necdum
1549 2707 1637 2734 fontes
1654 2715 1739 2741 aqua-

956 2760 1016 2779 rum
1031 2759 1193 2788 eruperant;
1216 2754 1331 2782 necdum
1355 2759 1462 2781 montes
1478 2753 1551 2788 gravi
1589 2753 1658 2780 mole
1672 2760 1738 2780 con-

957 2799 1082 2826 stiterant
1096 2808 1102 2825 :
1116 2804 1179 2827 ante
1192 2801 1276 2828 colles
1300 2809 1350 2836 ego
1377 2801 1557 2836 parturiebar.
1574 2799 1669 2825 Adhuc
1683 2802 1739 2825 trr-

954 2851 1013 2871 ram
1039 2853 1093 2873 non
1123 2846 1235 2879 fecerat,
1255 2851 1282 2874 et
1313 2847 1435 2878 flumina;
1458 2850 1485 2873 et
1509 2845 1635 2872 cardines
1662 2844 1737 2871 orbis

953 2893 1043 2918 terrae.
1061 2891 1176 2924 Quando
1190 2893 1359 2928 praparabat
1373 2893 1468 2924 caelos,
1486 2892 1611 2925 aderam;
1627 2891 1738 2926 quando
