2037 3215
164 177 233 205 “25

684 178 843 225 ECLOGA-3.r
853 179 1093 225 PROPIIETXCJE.
1105 181 1209 210 —LIB.
1230 182 1274 212 Ill.

1725 188 1793 215 “‘26

163 236 195 268 ἃς
218 237 259 268 εἰς
280 237 375 264 ἑαυτὸν
401 237 552 271 ἀνεδέξατο,
578 239 594 275 ἢ
616 238 660 266 διὰ
675 239 725 274 τὴν
745 249 754 265 ‹
776 227 882 276 μωρίαν
907 241 950 268 τοῦ

1007 241 1097 276 seipso
1113 243 1239 278 sumpsit,
1256 242 1314 270 sive
1338 247 1449 279 propter
1470 227 1640 273 {stultitiam
1658 248 1792 282 pradica-

163 283 350 320 κηρύγματος,
365 294 375 311 ι
387 287 542 322 σοφωτέραν
559 287 605 312 καὶ
621 287 797 322 ἰσχυροτέραν
812 285 894 314 οὖσαν
905 287 954 322 τῆς

162 330 216 356 τῶν
230 330 382 366 ἀνθρώπων
396 333 506 367 σοφία;;
525 332 617 359 ἐνθάδε
632 334 680 368 μὲν
698 333 820 367 φάσκων,
842 343 850 359 1
868 334 953 369 ἀφρο-

162 377 289 408 νέστατος
313 377 366 412 γάρ
391 379 448 413 εἰμι
474 379 582 405 πάντων
606 379 774 415 ἀνθρώπων
795 389 804 405 ι
822 381 850 406 ἐν
870 379 898 406 δὲ
915 379 953 415 ξη¹

162 421 271 457 ψαλμῷ,
291 431 300 447 t
320 422 355 448 Σὺ
372 422 457 457 ἔγνως
475 423 524 458 τὴν
539 423 694 459 ἀφροσύνην
716 432 775 458 μου·
799 433 807 449 ι
827 423 908 458 φησὶν
925 423 954 449 δὲ

162 467 213 499 ὃτι,
233 477 242 492 1
261 468 315 494 Kal.
331 468 460 504 φρόνησις
473 468 622 505 ἀνθρώπων
641 470 691 496 οὐκ
711 469 784 495 ἐστιν
800 470 828 496 ὲν
851 469 922 504 ἐμοὶ,
940 479 949 495 ι

162 513 257 549 ὥσπερ
280 514 322 540 ἐπ’
343 514 569 550 ὰνδραγαθήματι
589 515 820 551 λαμπρυνάμενος
843 516 889 543 ἐπὶ
915 517 954 552 τῷ

163 559 231 595 μηδε
236 560 299 595 μίαν
309 561 453 596 ἐσχηκέναι
466 570 483 596 φ
488 562 596 597 ρόνησιν
604 561 657 589 τῶν
669 571 706 588 πα
710 570 777 597 ρασυ
781 562 954 597 μόληθέντων

160 607 218 638 τοῖς
238 607 347 642 κτήνεσι
370 609 425 639 τοῖς
439 608 572 644 ἀνοήτοις,
596 609 642 635 καὶ
659 608 846 644 ὁμοιωθέντων
862 609 953 641 αὐτοῖς

160 652 322 689 ἀνθρώπων·
338 653 354 688 ἢ
373 650 409 680 ὧν
425 655 474 690 τὴν
489 655 583 689 σοφίαν
605 654 744 690 ἐμώρανεν
760 655 773 681 ὁ
786 655 851 687 Θεὸς
870 656 953 691 μηδὲν

161 699 244 726 πλέον
256 700 425 735 φρονούντων
437 701 470 726 τὰ
490 702 535 727 ἐπὶ
552 701 600 737 τῆς
611 702 672 736 γῆς,
693 701 743 729 ὅσα
766 701 870 736 πέφυκε
888 710 954 737 σαρ-

160 745 217 772 κῶν
229 754 257 772 τε
277 747 323 773 καὶ
342 746 408 782 ὕλης
427 747 528 774 οξκεῖα·
549 747 608 774 ὅθεν
624 748 656 783 δὴ
668 748 714 775 καὶ
730 748 952 784 μεμαρτύρηνται

160 793 190 819 ἐν
203 794 235 828 τῇ
251 794 331 828 γενεᾷ
354 793 443 819 αὐτῶν
467 794 592 829 φρόνιμοι
615 793 695 827 εἶναι,
707 795 808 830 τὺ(τῷ)
826 796 893 831 μόνα
918 795 952 822 τὰ

158 838 206 863 ἐπὶ
221 838 271 872 γῆς
286 837 376 872 ζητεῖν
395 839 442 865 καὶ
460 839 623 866 διανοεῖσθαι
640 840 672 865 ἐκ
686 840 811 876 νεότητος
825 841 870 867 ὲπὶ
889 840 951 876 (ἔτι)

157 883 193 910 τὰ
208 885 324 920 πονηρά·
336 884 492 920 ἀνθρωπεία
510 886 558 921 μὲν
573 886 699 922 οὐδαμῶς
713 884 746 922 ἦν
761 888 789 913 ὲν
805 886 844 922 τῷ
860 895 952 923 προει-

159 929 271 964 ρημένῳ
292 931 368 966 ἀνδρὶ
386 931 526 967 φρόνησις,
542 932 621 967 δῆλον
680 920 780 960 ὃτι-καὶ
794 920 853 960 θεία
867 920 952 969 ὑπερ-
969 920 988 947 Β

157 975 317 1011 ἅνθρωπος·
336 977 368 1003 δι’
386 977 400 1003 ὂ
419 978 466 1004 καὶ
486 977 610 1013 ἐπιφέρει
630 978 726 1012 λέγων,
746 988 755 1003 1
769 978 834 1010 Θεὸς
856 978 878 1004 δ’
896 979 951 1005 ἐδί-

155 1022 222 1056 δαξέ
242 1031 275 1057 με
297 1023 404 1058 σοφίαν,
425 1024 472 1050 καὶ
486 1024 587 1058 γνῶσιν
605 1024 691 1058 ἁγίων
712 1024 767 1058 ἐγὼ
791 1024 912 1058 ἔγνωκα·
940 1034 949 1050 ι

156 1067 217 1095 εἶτα
228 1069 442 1104 ἐρωτηματικῶς
470 1079 547 1106 φησι,
565 1081 573 1095 1
593 1070 640 1101 Τίς
657 1070 739 1105 ἁνέῦη
757 1071 795 1102 εἰς
811 1070 857 1096 τὸν
870 1071 952 1106 οὐρα-

156 1114 203 1142 νὸν
221 1115 269 1142 καὶ
282 1116 400 1151 κατὲὗη;
416 1125 425 1141 ι
442 1116 523 1143 οἱονεὶ
538 1116 677 1151 διεγείρων
689 1117 762 1152 ἡμᾶς
777 1116 823 1142 ἐπὶ
837 1115 951 1152 ζήτησιν

156 1161 204 1188 τοῦ
218 1162 254 1188 τὰ
266 1162 418 1197 τηλικαῦτα
441 1163 503 1198 περὶ
521 1162 617 1190 ἑαυτοῦ
641 1163 823 1195 διδάσκοντος,
837 1164 900 1199 περὶ
921 1160 951 1190 οὗ

155 1207 205 1233 καὶ
229 1207 263 1234 τὰ
286 1208 350 1243 ἑξῆς
372 1207 479 1244 εἴρηται
499 1209 567 1240 ιδίας
590 1209 704 1244 δεόμενα
729 1209 835 1245 σχολῆς.
856 1210 884 1236 'U
903 1210 952 1245 μὲν

154 1251 280 1285 οὗνῐθείης
288 1253 450 1286 Ἀπόστολος
461 1255 524 1290 περὶ
536 1254 617 1280 αὑτοῦ
631 1254 763 1281 διδάσκων
775 1256 846 1290 ἡμᾶς
860 1263 951 1290 φησιν,

159 1309 170 1325 1
195 1300 223 1326 '0
238 1299 360 1332 καταϐὰς
374 1301 413 1332 είς
428 1299 462 1327 τὰ
482 1300 624 1336 κατώτερα
642 1301 712 1336 μέρη
731 1301 779 1335 τῆς
793 1301 853 1337 γῆς,
871 1301 952 1333 αὐτός

155 1346 231 1372 ἐστιν
244 1345 291 1372 κα)⁸
303 1347 317 1372 ὁ
329 1346 432 1378 ἀναϐὰς
450 1347 577 1383 ὑπεράνω
594 1347 648 1373 τῶν
662 1347 799 1384 οὐρανῶν·
820 1358 829 1373 ι
851 1349 952 1383 προτά-

155 1390 206 1423 ξας
216 1391 246 1417 τὸ
266 1391 475 1426 κατεληλυθέναι
485 1392 575 1423 αὑτὸν,
587 1389 635 1418 εἶτ’
654 1393 835 1426 ἐπαναγαγὼν
851 1392 881 1418 τὺ
905 1393 951 1419 ἁν-

154 1436 316 1472 εληλυθέναι
327 1438 417 1473 φησὶν,
427 1438 474 1464 ἕπε
479 1447 520 1464 ιτα
531 1438 750 1474 κατεληλυθέναι”
759 1438 873 1474 ἐπείπερ
884 1438 951 1473 μετὰ

153 1482 205 1518 τὴν
223 1485 254 1509 ὲκ
277 1483 380 1519 νεκρῶν
402 1484 550 1511 ἀνάστασιν
574 1484 659 1512 εἰπὼν
683 1487 715 1521 τῇ
736 1485 860 1520 Μαριὰμ,
877 1495 886 1511 1
905 1486 949 1521 Μή

157 1537 208 1565 μου
231 1528 326 1561 ἅπτου,
347 1530 424 1556 οὔπω
440 1530 494 1566 γὰρ
509 1530 666 1566 ἀναϐέϐηκα
686 1531 753 1566 πρὸς
773 1531 819 1557 τὸν
837 1530 948 1566 Πατέρα

157 1583 223 1611 μου·
244 1585 253 1601 ι
273 1576 341 1610 μετὰ
353 1576 437 1603 ταῦτα
453 1576 530 1612 ὤφθη
548 1578 602 1608 τοῖς
621 1577 754 1612 μαθηταῖς
770 1577 816 1603 ἐπὶ
830 1576 947 1612 ἡμέραις
963 1593 984 1621 c

154 1621 359 1657 τεσσαράκοντα
369 1622 594 1658 συναυλιζόμενος
604 1623 709 1654 αὐτοῖς·
725 1622 894 1658 ἀνεληλυθώς
905 1623 950 1658 δη-

152 1667 222 1702 λαδὴ
236 1667 304 1703 πώς
319 1669 364 1693 τὺν
374 1668 492 1703 Πατέρα,
510 1668 556 1694 καὶ
567 1666 645 1699 αὖθις
659 1668 691 1694 δι’
703 1667 734 1702 ἣν
750 1667 869 1693 ἐπετέλει
882 1667 951 1694 οἰκο-

151 1712 250 1748 νομίαν
263 1712 462 1747 κατεληλυοώς.
488 1713 532 1739 Διὸ
547 1713 593 1740 καὶ
606 1713 712 1748 εἴρηται
728 1721 733 1728 ·
749 1722 758 1738 1
781 1712 896 1744 ’Λναῦὰς
909 1713 950 1744 εἰς

154 1758 222 1793 ὕψος
246 1759 455 1794 ᾐχμαλώτευσεν
473 1760 670 1795 αἰχμαλωσίαν,
695 1759 778 1786 ἔδωκε
800 1759 904 1794 δόματα
920 1760 949 1785 ἐν

153 1803 318 1839 ἀριθρώποις.
336 1814 345 1829 ι
363 1805 430 1830 Τίνα
446 1804 473 1830 δε
485 1804 572 1831 ταῦτα
614 1804 647 1830 τὰ
657 1803 701 1830 διὰ
711 1803 757 1830 τοῦ
776 1803 852 1838 ἁγίου
865 1803 949 1830 [ivsti-

155 1858 240 1884 ματος
261 1849 428 1885 χαρίσματα,
443 1850 515 1884 ειπερ
537 1849 567 1882 ἐξ
581 1849 696 1885 οὐρανοῦ
709 1848 888 1881 κατεϐίϐασε;
904 1849 948 1875 Διὸ

153 1895 202 1921 καὶ
217 1895 333 1921 ἐνταῦθα
347 1895 422 1930 παρὰ
447 1895 487 1929 τῷ
506 1895 606 1930 ’Λκύλᾳ
626 1895 742 1930 εἶρηται⁴
764 1903 772 1920 1
803 1894 851 1925 Τίς
865 1894 947 1929 ἀνέϐη

151 1942 193 1972 εἰς
207 1941 252 1968 τὸν
265 1941 377 1976 οὐρανὸν
392 1942 439 1968 καὶ
452 1941 629 1968 κατεϐίϐασεν
642 1949 648 1974 ;
659 1941 744 1968 Αὐτὸς
759 1940 787 1966 δὲ
805 1940 851 1967 καὶ
865 1940 948 1975 ἐκρα-

151 1996 221 2022 τησε
241 1987 295 2013 τῶν
310 1987 401 2023 ἄκρων
417 1987 468 2022 τῆς
488 1987 549 2022 γῆς,
567 1987 636 2013 ὥστε
661 1988 701 2018 εἰς
719 1988 808 2014 πᾶσαν
825 1987 873 2022 τὴν
895 1987 947 2022 γῆν

151 2032 270 2066 ἐξελθεῖν
290 2033 335 2060 τὸν
351 2033 428 2067 λόγον
441 2032 534 2064 αὑτοῦ,
558 2032 604 2059 καὶ
625 2033 665 2064 εἰς
678 2033 712 2059 τὰ
728 2033 833 2068 πέρατα
844 2031 894 2067 τῆς
907 2033 946 2059 οξ-

152 2079 289 2115 κουμένης
313 2079 347 2106 τὰ
374 2081 484 2116 ῥήματα
508 2079 600 2106 αὑτοῦ.
619 2089 628 2105 ι
647 2075 681 2114 ’ῼ
701 2079 729 2105 δὲ
746 2079 848 2105 δέδοται
870 2079 947 2113 λόγος

151 2125 290 2160 γνώσεως,
306 2123 383 2157 οὗτος
400 2127 501 2153 εἵσεται
512 2127 585 2158 ὅπως
596 2126 628 2153 ἂν
641 2125 749 2161 νοηθείη
765 2125 854 2151 καὶτὰ
865 2124 946 2152 λοιπὰ

150 2172 208 2199 τῶν
227 2173 297 2200 κατὰ
318 2173 363 2199 τὸν
383 2173 479 2199 τόπον·
499 2173 649 2208 προτρέπει
662 2172 690 2198 δὲ
709 2172 783 2206 ἡμᾶς
796 2171 841 2197 ἐπὶ
855 2171 885 2197 τὸ
898 2170 946 2206 ζη-

150 2219 234 2254 τῆσαι
247 2219 272 2246 τί
284 2220 367 2255 ὗνομα
380 2219 455 2255 αὐτῷ
471 2229 500 2246 τε
516 2221 562 2246 καὶ
577 2221 633 2251 τοῖς
651 2218 757 2250 τέκνοις
773 2218 865 2244 αὑτοῦ·
878 2218 946 2254 πρὸς

1006 285 1088 313 tionis
1106 286 1144 318 ¹⁰,
1167 296 1175 312 ι
1202 287 1396 322 sapientiorem
1426 287 1624 325 fortioremque
1650 291 1790 318 hominum

1006 332 1160 366 sapientia?
1177 331 1226 360 Hic
1241 334 1313 360 enini
1323 334 1429 365 dicens,
1444 344 1452 359 1
1466 336 1646 364 stultissimus
1658 345 1718 364 sum
1734 345 1794 364 om-

1006 378 1082 405 nium
1097 378 1229 411 virorum,
1252 389 1262 405 ›
1288 384 1314 407 et
1330 380 1356 407 in
1377 383 1549 416 srxagcsimo
1565 388 1661 410 octavo
1675 384 1792 419 psalmo,

1009 433 1017 449 1
1032 423 1072 450 Tu
1084 425 1140 452 scis
1154 425 1337 460 insipientiam
1355 435 1440 454 meam
1452 428 1483 460 “,
1497 438 1505 454 ι
1525 430 1602 464 quasi
1613 430 1649 457 ob
1663 439 1793 465 generose

1006 469 1107 498 factum
1133 471 1302 505 gloriﬁcatur
1325 474 1396 508 quod
1423 475 1524 501 nullam
1541 484 1653 510 prorsus
1676 477 1787 512 pruden-

1005 518 1070 544 tiam
1085 517 1183 544 habeat
1197 526 1290 546 eorum
1323 521 1369 554 qui
1397 522 1543 554 pecoribus
1558 527 1585 549 et
1601 524 1792 558 insipientibus

1005 564 1165 599 :equiparati
1182 569 1256 596 sunt,
1273 566 1313 592 vel
1327 566 1483 595 istiusmodi
1517 569 1668 601 hominum,
1683 571 1792 604 etquod

1005 608 1135 636 insanivit
1164 610 1315 637 secundum
1344 612 1506 646 sapientiam
1536 621 1630 640 eorum
1657 613 1702 648 qni
1724 614 1792 641 nihil

1005 655 1059 683 nisi
1072 657 1224 688 terrestria,
1242 657 1361 684 carnalia
1374 662 1401 685 et
1417 658 1568 686 materialia
1586 660 1706 695 sapiunt.
1726 659 1791 688 lnde

1004 703 1156 738 prudentite
1167 703 1297 730 indicium
1311 707 1353 731 est
1377 704 1404 731 in
1420 706 1594 739 generatione
1607 714 1666 738 sua,
1687 707 1710 734 si
1730 711 1791 733 tan-

1004 749 1145 777 tummodo
1161 752 1221 784 qtm
1235 753 1298 778 sunt
1321 759 1403 782 super
1420 755 1518 778 terram
1532 753 1682 787 requirant,
1697 756 1791 789 etqua‘

1003 802 1087 829 prava
1103 800 1167 822 sunt
1181 796 1296 830 juvenili
1314 796 1419 830 sapiant
1437 796 1581 831 imperitia.
1594 797 1717 824 llumana
1732 798 1778 833 qui

1003 840 1065 867 dem
1082 848 1144 867 cum
1156 841 1269 867 minime
1291 841 1318 867 in
1344 841 1483 875 praacitatu
1508 842 1620 869 homine
1637 843 1791 870 inveniatur

1004 886 1160 920 prudentia,
1176 887 1285 914 divinus
1305 887 1341 914 sit
1356 892 1383 914 et
1397 876 1505 915 hiunine
1520 889 1606 923 major
1619 897 1730 917 necesse
1739 893 1791 918 est.

1003 932 1094 966 Quare
1111 933 1207 968 adjicit
1223 933 1383 969 Scriptura:
1401 944 1411 959 ι
1428 934 1499 972 Deus
1514 935 1608 962 docuit
1619 944 1662 963 me
1683 937 1791 972 sapien-

1003 980 1094 1010 tiam,
1116 983 1142 1006 et
1173 979 1315 1007 scientiam
1341 971 1498 1008 sanctorum
1530 989 1580 1016 ego
1603 982 1677 1009 novi.
1698 992 1706 1008 ι
1725 982 1791 1010 Dein

1003 1024 1214 1060 interrogatoric
1229 1025 1310 1052 dicit:
1324 1035 1333 1050 1
1348 1026 1415 1059 Quis
1426 1027 1584 1054 ascenditin
1600 1028 1698 1055 cwlnm
1711 1033 1791 1064 atque

1004 1068 1173 1096 descendit?
1191 1079 1200 1095 ι
1228 1069 1283 1098 Nos
1310 1071 1434 1098 videlicet
1465 1072 1627 1101 adhortatus
1652 1073 1685 1100 ad
1717 1074 1791 1101 illius

1003 1113 1240 1149 investigationem
1268 1116 1314 1151 qui
1338 1117 1400 1143 talia
1417 1116 1451 1144 de
1468 1125 1496 1144 se
1523 1119 1583 1152 ipso
1609 1119 1698 1147 docet.
1726 1119 1790 1154 Qua,

1003 1166 1170 1196 sequuntur,
1200 1163 1336 1197 peculiare
1365 1165 1592 1191 commentarium
1622 1164 1790 1195 desiderant.

1004 1207 1117 1235 Divinus
1130 1208 1366 1244 igitur-Apostolus
1380 1209 1412 1236 de
1424 1218 1455 1236 eo
1471 1218 1520 1237 nos
1538 1211 1640 1238 docens
1658 1213 1725 1240 ait:1
1739 1213 1792 1246 Qui

1004 1251 1156 1283 descendit,
1172 1253 1229 1287 ipse
1246 1258 1288 1280 est
1298 1257 1324 1280 et
1337 1254 1382 1288 qui
1393 1254 1518 1291 ascendit
1533 1263 1614 1290 super
1629 1264 1724 1284 omnes
1735 1265 1790 1285 cm-

1003 1297 1043 1325 Ios
1058 1298 1089 1325 ¹².
1106 1307 1115 1323 ι
1132 1297 1210 1325 llunc
1227 1299 1299 1325 enim
1317 1299 1438 1327 vicissim
1461 1299 1637 1329 descendisse
1651 1307 1678 1329 et
1692 1311 1790 1330 ascen-

1001 1342 1077 1370 disse
1090 1350 1241 1377 rursusque
1255 1343 1448 1377 descendisse;
1462 1348 1631 1374 clenimcum
1647 1356 1661 1374 a
1677 1350 1790 1377 mortuis

1002 1387 1178 1419 surrexisset,
1196 1387 1287 1415 Mariae
1302 1389 1476 1417 dixit21Noli
1492 1399 1534 1418 me
1542 1395 1791 1427 tangerenondum

1001 1434 1074 1461 enim
1100 1434 1213 1462 ascendi
1230 1435 1262 1462 ad
1278 1434 1383 1463 Patrem
1402 1444 1492 1464 meum
1511 1438 1543 1465 ".
1563 1448 1572 1464 ι
1588 1438 1687 1467 Postea
1707 1441 1787 1468 disci-

1002 1479 1073 1513 pulis
1091 1479 1148 1507 suis
1166 1479 1241 1507 visus
1254 1484 1296 1507 est
1311 1489 1359 1516 per
1375 1481 1433 1509 dies
1457 1483 1648 1519 quadraginta,
1676 1486 1703 1513 in
1733 1495 1790 1515 me-

1001 1525 1047 1553 dio
1072 1533 1166 1554 eorum
1193 1534 1358 1562 congressus
1369 1528 1400 1554 ν’.
1421 1527 1546 1556 Profecto
1565 1529 1598 1556 ad
1612 1530 1719 1558 Patrem
1734 1532 1790 1567 jam

1003 1579 1140 1604 reversus,
1157 1573 1255 1600 iterum
1273 1573 1306 1600 ad
1323 1578 1369 1601 eos
1394 1574 1577 1603 instituendos
1594 1577 1790 1609 descendebat.

1002 1615 1080 1644 Unde
1096 1622 1123 1643 ct
1139 1617 1242 1643 dictum
1259 1621 1300 1644 est
1319 1627 1325 1644 :
1347 1627 1356 1642 1
1375 1617 1533 1646 Ascendens
1546 1620 1571 1646 in
1585 1621 1687 1653 altum,
1704 1623 1790 1656 capti-

1000 1671 1060 1690 vam
1076 1663 1153 1690 duxit
1168 1663 1352 1698 captivitatem
1372 1673 1378 1690 :
1396 1664 1549 1692 deditdona
1563 1666 1719 1695 hominibus
1737 1668 1787 1695 η.»

1000 1707 1065 1741 Qua:
1079 1713 1180 1740 autem,
1194 1709 1247 1736 nisi
1260 1707 1377 1744 Spiritus
1394 1711 1482 1736 sancti
1498 1718 1621 1742 munera,
1637 1719 1696 1746 quae
1708 1720 1723 1739 c
1733 1720 1789 1740 ca:-

1000 1755 1034 1781 lis
1046 1754 1250 1782 demisit?ldeo
1278 1759 1305 1782 et
1328 1756 1398 1789 apud
1415 1756 1541 1791 Aquilam
1558 1757 1661 1784 dicitur
1673 1767 1704 1791 :_1
1720 1758 1788 1791 Quis

999 1798 1121 1826 ascendit
1132 1800 1160 1826 in
1176 1800 1276 1827 omium
1293 1803 1319 1827 et
1334 1800 1469 1828 demisit?
1493 1800 1564 1828 idem
1581 1803 1627 1837 qui
1652 1798 1787 1832 altissima

999 1848 1078 1872 terra:
1101 1846 1250 1880 superavit,
1273 1846 1309 1872 ita
1332 1851 1361 1873 ut
1387 1847 1414 1873 in
1435 1854 1542 1875 omnem
1572 1852 1673 1875 terram
1701 1851 1787 1878 exiret

999 1899 1084 1919 sonus
1106 1892 1177 1926 ejus,
1189 1896 1216 1919 ct
1240 1892 1266 1919 in
1285 1892 1352 1920 lines
1365 1893 1439 1920 orbis
1462 1897 1541 1920 terrai
1553 1894 1633 1921 verba
1649 1895 1710 1930 ejus
1726 1896 1757 1922 “.
1774 1906 1784 1923 ι

998 1937 1048 1965 Cui
1064 1945 1128 1965 vero
1143 1938 1236 1965 datum
1270 1943 1313 1966 est
1331 1939 1443 1966 verbum
1470 1940 1602 1971 scientiae.
1624 1941 1669 1968 hic
1681 1942 1786 1970 noverit

997 1985 1136 2019 quomodo
1156 1985 1329 2020 intelligenda
1352 1985 1407 2013 sint
1435 1987 1702 2022 caaterabujnsloci.
1729 1988 1785 2017 Nos

998 2030 1079 2065 igitur
1096 2030 1227 2058 admonet
1237 2036 1265 2058 ut
1282 2039 1438 2066 qnwramus
1453 2032 1526 2066 quod
1548 2033 1583 2059 sit
1608 2033 1644 2065 ei,
1670 2033 1784 2068 ejusque

998 2077 1060 2105 ﬁliis
1083 2085 1192 2105 nomen.
1221 2077 1277 2104 llac
1292 2078 1364 2105 enim
1381 2077 1591 2112 investigatione
1612 2079 1691 2106 nobis
1707 2086 1783 2107 com-

996 2129 1103 2160 pertum
1120 2125 1175 2156 ﬁet,
1192 2125 1255 2152 huic
1270 2132 1367 2152 nomen
1381 2133 1442 2152 esse
1450 2124 1555 2158 Jesum,
1567 2125 1639 2160 quod
1650 2125 1697 2153 Dei
1708 2127 1782 2154 salus

997 2171 1202 2206 interpretatur,
1235 2171 1307 2206 quod
1326 2175 1353 2198 et
1367 2175 1496 2206 parentes
1510 2171 1580 2204 ejus,
1609 2179 1624 2198 a
1654 2172 1781 2200 tlabriele

997 2218 1139 2249 admoniti,
1155 2218 1345 2253 imposuerunt
1374 2218 1410 2251 ei,
1432 2217 1512 2245 istius
1527 2225 1637 2245 causam
1659 2219 1784 2246 denomi-

149 2265 232 2292 τοῦτο
243 2265 265 2291 δ’
281 2265 489 2300 ὑπακουσόμεθα
509 2266 542 2292 ἐκ
556 2266 604 2301 τῆς
617 2265 756 2301 ἐνεργείας
779 2264 946 2299 παρειληφό-

1001 2263 1118 2291 nationis
1134 2263 1230 2298 angelo
1249 2264 1309 2298 ipso
1331 2264 1512 2298 signiﬁcante.
1530 2264 1612 2299 1lpsc
1628 2265 1712 2296 enim.
1741 2265 1783 2292 in-

149 2321 209 2343 τες,
231 2311 305 2346 αὑτῷ
323 2312 370 2346 μὲν
390 2312 521 2346 ὑπάρχειν
535 2312 620 2346 ὄνομα
644 2311 757 2347 Ἰησοῦς,
770 2311 838 2346 ὅπερ
857 2311 944 2346 ἑρμη-

149 2358 261 2385 νεύεται
280 2357 352 2384 Θεοῦ
367 2358 506 2391 σωτηρία·
521 2357 535 2383 ὃ
547 2358 593 2384 καὶ
609 2358 633 2383 οἱ
651 2357 720 2384 κατὰ
740 2357 829 2392 σάρκα
857 2364 943 2391 προσ-

148 2408 265 2439 ήκοντες
283 2403 353 2430 κατὰ
366 2403 411 2429 τὸν
427 2403 474 2429 τοῦ
493 2403 611 2439 Γαϐριὴλ
636 2403 827 2438 χρηματισμὸν
852 2402 943 2428 ἐπιτε-

149 2451 274 2477 θείκασιν
288 2449 372 2484 αὐτῷ,
387 2448 553 2484 ὑποθεμένου
568 2449 615 2475 καὶ
630 2450 678 2484 τὴν
693 2449 782 2475 αἰτίαν
799 2449 845 2476 τοῦ
861 2449 943 2484 ἀγγέ-

147 2497 198 2524 λου
215 2497 268 2532 τῆς
285 2495 411 2530 τοιαύτης
428 2495 622 2530 προσηγορίας,
643 2504 651 2519 1
672 2495 756 2527 Αὐτὸς
778 2495 832 2530 γὰρ
849 2495 940 2531 σῴσει,

149 2543 230 2579 φησὶ,
248 2543 292 2569 τὸν
310 2542 372 2568 λαὸν
400 2540 481 2568 αὑτοῦ
500 2541 553 2567 ἀπὸ
570 2540 624 2567 τῶν
649 2540 792 2576 ἁμαρτιῶν
809 2541 908 2568 αὐτῶν.
929 2550 938 2566 ›

997 2310 1066 2345 quit,
1095 2311 1200 2337 salvum
1227 2310 1307 2337 faciet
1320 2310 1449 2345 populant
1467 2318 1546 2337 suum
1572 2318 1586 2336 a
1602 2311 1722 2346 peccatis
1736 2319 1782 2339 e0-

997 2363 1056 2383 rum
1077 2356 1107 2382 '7.
1129 2365 1138 2381 ι
1166 2355 1269 2382 Nomen
1296 2363 1360 2383 vero
1391 2355 1508 2383 ﬁliorum
1529 2363 1651 2387 suorum,
1682 2357 1782 2391 quibus

997 2401 1066 2428 dixit
1080 2411 1085 2427 :
1099 2410 1108 2425 1
1122 2400 1224 2432 Filioli,
1238 2400 1328 2428 adhuc
1345 2401 1482 2428 modicum
1500 2401 1640 2429 vobiscum
1661 2409 1721 2429 sum
1731 2401 1779 2432 ⁸⁸.»

996 2455 1146 2482 eorumque
1173 2447 1218 2481 qui
1235 2450 1295 2482 post
1309 2455 1356 2474 eos
1373 2447 1399 2473 in
1416 2447 1545 2475 omnibus
1573 2447 1703 2475 Eeelcsiis
1730 2456 1781 2475 na-

997 2498 1106 2520 scentur
1119 2492 1248 2524 ﬁliorum,
1262 2496 1287 2519 et
1301 2497 1479 2527 pronepotum
1488 2500 1583 2520 eorum
1595 2513 1602 2525 ,
1621 2494 1692 2528 quod
1707 2494 1779 2521 aliud
1794 2516 1798 2521 .

994 2545 1077 2571 esset,
1092 2539 1146 2566 nisi
1164 2539 1336 2566 benedictum
1351 2539 1417 2566 illud
1430 2539 1608 2566 christianum
1627 2539 1746 2566 nomen?

147 2591 188 2618 Τὺ
204 2591 233 2617 δὲ
248 2591 301 2617 τῶν
325 2591 426 2618 τέκνων
455 2589 537 2616 αὑτοῦ
555 2589 650 2624 ὄνομα,
667 2587 707 2621 οἷς
725 2589 811 2623 ἔλεγε,
828 2598 836 2614 1
854 2589 968 2621 Τεκνία,
981 2588 1020 2614 ἑτι
1039 2588 1135 2623 μικρὸν
1152 2586 1182 2621 (Γ.
1203 2587 1249 2623 27)
1264 2587 1358 2623 χρόνον
1381 2586 1439 2621 μεθ’
1455 2586 1531 2621 ὑμῶν
1545 2587 1612 2621 εἰμι,
1632 2595 1641 2611 1
1657 2587 1703 2613 καὶ
1727 2586 1779 2614 τῶν

148 2640 211 2676 μετ’
226 2640 345 2670 ἐκείνους
357 2640 386 2666 ὲν
396 2638 514 2670 ἁπάσαις
527 2639 584 2669 ταῖς
604 2637 776 2672 Ἐκκλησίαις
794 2637 859 2663 υἱῶν
880 2646 909 2664 τε
935 2636 1016 2663 αὑτοῦ
1038 2636 1084 2662 καὶ
1105 2635 1208 2662 υίωνῶν
1229 2636 1277 2662 καὶ
1296 2634 1451 2668 ἀπογόνων,
1470 2634 1496 2660 τί
1515 2633 1547 2660 ἂν
1563 2633 1626 2660 ἄλλο
1651 2633 1692 2669 εἴη
1711 2633 1780 2668 ﬁ.th

145 2686 331 2722 εὐλογημένον
342 2686 497 2722 χριστιανὺν
512 2686 613 2721 6νομα;

422 2733 618 2758 ΚΕΦΛΛΑΙΟΝ
637 2732 674 2759 Δ’.

340 2779 368 2806 Ἀ
373 2778 411 2805 πὸ
425 2778 478 2804 τοῦ
502 2777 751 2811 Ἐκκλησιίιστοῦ.

223 2824 336 2859 ’Λγαθὺς
360 2826 424 2856 παῖς
449 2824 533 2859 πένης
557 2825 602 2850 καὶ
625 2823 705 2858 σοφὸς
729 2822 799 2858 ὑπὲρ
828 2822 939 2858 βασιλέα

186 2891 211 2907 ¹⁶
228 2892 235 2918 Ι
253 2892 315 2920 Cor.
334 2891 419 2924 1,.21.

148 2934 194 2959 ιν,
218 2926 244 2954 8.
294 2928 317 2943 “
336 2926 407 2955 Psal.
427 2934 508 2960 xvnl,
525 2927 551 2954 4.

458 2891 477 2906 ¹¹
499 2889 569 2918 Psal.
588 2898 689 2919 uvm.
709 2890 734 2917 6.

601 2927 621 2942 ¹⁷
642 2925 736 2954 Matth.
761 2934 786 2958 ι,
804 2926 848 2954 21.

776 2890 798 2906 "
817 2889 915 2921 Ephcs.
934 2898 983 2921 tv...
998 2889 1040 2916 lo.

841 2899 915 2925 pnes.
934 2899 983 2921 tv...
998 2899 1040 2916 ιυ.
1080 2899 1101 2905 η
1118 2899 1167 2915 ana

842 2946 848 2952 .
907 2926 928 2942 "
944 2924 1022 2953 Joan.
1041 2932 1107 2955 xui.
1126 2925 1169 2951 53.

1295 2726 1410 2754 CAPUT
1426 2725 1470 2752 IV.

1269 2773 1309 2800 E1
1330 2773 1498 2800 Ecclesiaste.

1030 2831 1039 2846 ι
1058 2821 1151 2849 Melior
1176 2825 1217 2848 est
1233 2828 1299 2856 puer
1314 2827 1417 2856 pauper
1429 2824 1455 2846 et
1467 2819 1577 2854 sapiens
1594 2826 1658 2854 rege
1676 2826 1741 2847 sene
1750 2823 1779 2847 et

1080 2889 1101 2905 “
1118 2888 1198 2916 Joan.
1217 2896 1266 2923 xx,
1282 2888 1345 2916 ι’1’1.
1385 2887 1406 2903 ’⁸
1424 2887 1484 2915 Act.
1517 2895 1543 2920 ε,
1560 2886 1587 2914 5.
1635 2887 1656 2903 "
1676 2885 1775 2922 Ephes.
