2037 3215
275 186 342 214 “27

634 183 767 211 EUSEBII
787 182 1025 211 CESARlENSlS
1043 182 1118 211 OPP.
1138 181 1228 209 PARS
1241 181 1285 208 lll.
1304 197 1341 204 —
1357 180 1561 208 EXEGETICA.

1829 177 1893 203 1128

274 243 368 274 stulto,
388 242 434 278 qui
452 242 541 270 nescit
555 241 704 276 pratvidere
728 242 755 268 in
770 245 921 277 posterum.
936 241 1014 274 Quod
1027 241 1060 269 de

1120 240 1296 276 τρεσὸύτερον
1311 241 1357 266 καὶ
1371 240 1485 276 ἄφρονα,
1501 239 1529 271 ὃς
1543 239 1593 265 οὐκ
1612 237 1681 272 ἔγνω
1692 236 1738 264 τοῦ
1754 235 1894 272 προσέχειν

275 296 385 316 carcere
412 288 571 322 catenisque
595 287 731 314 interdum
755 287 818 322 quis
845 287 1002 322 egrediatur
1025 288 1059 315 ad

275 341 390 370 regnum
404 343 410 360 :
424 337 451 360 et
467 333 538 360 alius
553 336 635 360 natus
650 333 677 359 in
693 340 789 367 regno.
806 333 897 368 inopia
914 327 1061 360 consuma-

275 385 328 408 tur.
349 379 410 406 Vidl
423 383 539 407 cunctos
557 379 689 408 viventes.
710 379 758 414 qui
774 379 914 406 ambulant
937 379 989 406 sub
1004 372 1061 407 sole

275 434 338 454 cum
361 425 534 453 adolescente
560 426 693 458 secundo,
709 426 755 461 qui
775 430 923 461 consurget
944 434 994 460 pro
1017 434 1060 455 eo.

275 472 400 500 lniinitus
416 479 547 499 numerus
569 475 611 498 est
626 471 718 507 populi
734 471 855 498 omnium
868 491 876 504 ,
887 472 933 507 qui
952 471 1062 499 fuerunt

276 522 340 545 ante
358 525 420 545 eum
438 527 445 545 :
462 518 543 552 etqui
564 521 658 552 postea
673 517 757 544 futuri
773 522 848 550 sunt,
862 525 916 545 non
930 518 1062 545 laetabun-

277 566 321 589 tur
347 562 374 589 in
405 569 447 589 eo.
471 562 523 589 Sed
553 562 580 588 in
607 562 668 593 hoc,
684 562 792 590 vanitas
814 565 841 590 et
856 562 966 590 alllictio
981 563 1063 597 spiri-

277 612 322 635 tus
336 609 368 635 ".
390 607 476 635 iCum
491 607 628 639 Christus.
644 608 690 642 qui
709 617 718 633 ι
737 608 870 643 sapientia
885 608 932 636 Dei
948 608 971 624 ὀ
987 618 997 634 ι
1010 612 1062 642 est,

277 660 328 688 pro
343 653 420 680 nobis
437 652 614 684 mendicavit,
630 652 707 680 dives
732 653 805 684 licet,
821 653 887 680 mihi
904 654 1011 681 videtur
1030 654 1064 682 de

278 707 311 726 eo
322 699 396 726 dici:
419 708 428 724 ‹
451 698 546 725 Melior
565 703 608 725 est
626 706 693 734 puer
710 707 813 733 pauper
831 703 858 726 et
876 700 986 734 sapiens
1002 707 1065 735 rege

280 753 345 774 sene
364 750 390 772 et
415 746 511 776 stulto,
529 754 538 770 ι
555 753 636 780 quem
653 752 753 772 censeo
768 744 989 779 antiquissimum
1009 753 1066 772 ma-

279 791 368 819 lorum
383 790 488 817 dierum
503 797 563 817 esse
571 789 720 817 diabolum.
735 789 785 816 Hic
795 797 891 824 nempe
904 790 937 817 iis
951 798 997 818 rex
1011 795 1064 822 est.

279 837 326 872 qul
341 841 453 872 peccato
468 843 516 871 per
527 843 588 863 eum
605 836 632 862 in
643 836 709 863 orbe
725 835 825 863 diffuso
842 841 985 871 reguntur;
1001 837 1067 865 stul-

279 887 325 911 tus
343 891 408 910 vero
422 902 430 914 ,
451 887 480 909 ut
495 882 541 917 qui
557 879 661 916 optima
676 884 827 909 secundum
846 881 932 910 Deum
947 883 1067 918 pruden‘

280 930 317 956 tia
342 933 444 956 careat.
464 928 511 956 Ille
530 932 620 955 autem
639 927 796 963 praecitatus
814 937 823 953 ι
847 936 914 963 puer
927 937 1029 964 pauper
1039 933 1066 957 et
1081 923 1103 952 Β

280 976 391 1011 sapiens
403 976 436 1002 de
451 983 571 1007 carcere,
589 984 597 1000 I
613 975 671 1002 sive
686 974 720 1003 de
732 975 784 1003 hoc
799 975 926 1003 terrestri
940 976 1012 1007 loco.
1028 976 1066 1003 si-

280 1030 313 1050 ve
325 1022 358 1049 de
369 1022 485 1054 inferno,
501 1028 516 1047 a
531 1022 646 1049 mortuis
657 1029 801 1057 resurgens
815 1029 942 1057 egressus
955 1026 998 1049 est
1009 1021 1065 1049 Rex

281 1076 297 1096 α
308 1068 388 1096 Patre
403 1076 486 1103 super
502 1068 641 1096 cmlestem
653 1067 720 1095 Sion
733 1072 852 1096 montem
870 1067 918 1096 Dei
933 1069 1067 1096 constitu-

282 1119 327 1143 tus
338 1115 371 1147 ",
391 1119 418 1142 et
444 1115 471 1141 in
497 1115 557 1149 ipso
586 1122 670 1150 regno
692 1115 753 1150 ejus
773 1115 862 1143 factus
885 1119 928 1143 est
952 1123 1065 1151 pauper,

285 1171 295 1189 ‹
316 1169 370 1189 non
381 1161 503 1196 rapinam
519 1161 667 1189 arbitratus
677 1169 739 1189 esse
757 1169 787 1189 se
799 1161 930 1197 aequalem
944 1160 1041 1194 Deo",
1054 1171 1064 1188 ι

282 1208 330 1236 sed
345 1208 465 1243 seipsum
483 1207 644 1239 liumilians,
661 1211 688 1235 et
703 1207 737 1235 de
751 1208 885 1235 altissima
899 1207 1068 1236 descendens

283 1253 380 1288 gloria,
396 1257 507 1288 propter
528 1260 576 1280 eos
593 1253 640 1288 qui
666 1253 807 1288 sapientiae
829 1253 889 1288 ejus
910 1253 1066 1281 divitiarum

283 1299 431 1335 participes
442 1307 497 1326 non
511 1303 599 1327 erant.
609 1298 661 1332 Qui
677 1303 768 1326 autem
784 1299 916 1326 adversus
927 1307 989 1326 eum
1006 1307 1068 1327 sur-

284 1345 388 1373 rexisse
408 1345 508 1372 dicitur
533 1346 670 1373 secundus
691 1345 860 1377 adolescens.
882 1345 1067 1373 Antichristus

284 1398 346 1419 esse
365 1392 431 1418 mihi
454 1391 572 1424 videtur,
588 1399 707 1426 quocum
724 1398 819 1419 omnes
833 1391 885 1419 sub
905 1392 961 1418 sole
975 1391 1068 1418 viven-

285 1441 328 1464 tes
340 1441 368 1464 et
383 1437 553 1464 ambulantes
577 1436 680 1464 vidisse
695 1436 763 1463 dicit
783 1435 934 1471 Scriptura.
951 1435 1067 1469 Quinam

285 1484 351 1510 vero
365 1483 410 1510 isti
425 1486 500 1514 sunt,
513 1482 568 1510 nisi
582 1486 768 1517 quotcunque,
793 1489 852 1516 qua:
870 1482 922 1509 sub
937 1482 994 1508 sole
1007 1489 1069 1509 esse

286 1524 399 1559 dicitur,
416 1535 426 1551 ι
446 1525 596 1553 vanitatem
614 1525 787 1551 vanitatumi
806 1524 922 1560 amplexi
936 1525 1023 1552 sunt?

600 1661 713 1690 CAPUT
735 1661 767 1689 V.

569 1708 610 1735 Ea:
622 1708 790 1737 Ecclesiaste.

326 1765 337 1783 ι
353 1755 427 1791 lianc
441 1763 550 1791 quoque
570 1755 621 1782 sub
641 1755 698 1782 sole
711 1755 765 1782 vidi
782 1755 954 1790 sapientiam,
967 1759 995 1783 et
1009 1763 1072 1790 pro-

288 1788 520 1831 bavirnaximam.
539 1800 643 1828 Civitas
656 1808 748 1836 parva,
763 1804 790 1828 et
809 1802 888 1835 pauci
903 1801 930 1827 in
946 1808 979 1828 ea
997 1801 1048 1829 viri
1064 1810 1070 1827 :

289 1848 364 1876 venit
379 1851 474 1874 contra
491 1854 550 1874 eam
572 1855 618 1874 rex
637 1854 762 1882 magnus,
779 1850 805 1874 et
819 1847 929 1874 vallavit
940 1855 1010 1879 eam,
1024 1855 1072 1875 ex-

290 1893 444 1928 struxitque
469 1893 636 1920 munitiones
658 1900 705 1928 per
729 1897 875 1928 eyrum,et
899 1892 1018 1928 perlecta
1032 1897 1073 1921 est

290 1941 407 1969 obsidio.
419 1939 602 1975 lnventusque
610 1944 651 1967 est
665 1939 691 1966 in
701 1947 731 1967 ea
744 1939 784 1966 vir
795 1947 897 1974 pauper
910 1943 937 1967 et
950 1940 1071 1975 sapiens,

290 1991 318 2014 et
332 1987 457 2014 liberavit
479 1986 573 2013 urbem
589 1993 637 2020 per
651 1985 812 2020 sapientiam
828 1992 916 2017 suam,
934 1990 961 2012 et
983 1986 1072 2015 nullus

291 2033 420 2067 deinceps
435 2031 594 2059 recordatus
607 2034 650 2058 est
671 2031 789 2058 hominis
805 2031 878 2058 illius
889 2032 1026 2066 pauperis.
1042 2032 1074 2059 Et

291 2079 414 2106 dicebam
429 2086 479 2113 ego
493 2078 631 2105 meliorem
645 2085 705 2104 esse
718 2078 877 2112 sapientiam
895 2077 1052 2105 fortitudine
1066 2089 1071 2105 :

293 2124 430 2159 quomodo
441 2132 506 2160 ergo
520 2125 653 2159 sapientia
671 2125 799 2160 pauperis
818 2129 973 2160 contempta
984 2131 1035 2158 est,
1047 2130 1074 2153 et

293 2172 376 2199 verba
390 2171 450 2206 ejus
465 2179 517 2198 non
528 2176 592 2198 sunt
608 2171 700 2198 audita
711 2172 746 2198 ιιι
764 2181 773 2197 ι
790 2171 841 2204 Qui
856 2171 899 2198 hic
915 2171 983 2198 bella
994 2172 1074 2206 gerit$

294 2225 341 2245 rex
356 2217 474 2250 dicitur;
487 2221 514 2244 et
523 2217 569 2251 qui
581 2217 616 2244 ab
637 2225 670 2244 eo
688 2222 868 2252 expugnatam
888 2217 989 2244 salvam
1011 2217 1074 2244 fecit

294 2265 400 2296 urbem,
412 2263 454 2290 vir
468 2271 570 2298 panper
588 2267 616 2290 et
629 2263 754 2298 sapiens;
767 2263 794 2290 in
805 2261 966 2297 praecedenti
984 2266 1074 2289 autem

295 2309 384 2344 capite
397 2317 420 2335 tl
432 2307 524 2335 Melior
535 2312 577 2335 est
587 2315 653 2343 puer
666 2315 769 2343 pauper
780 2311 807 2335 et
819 2307 927 2342 sapiens
935 2315 997 2343 rege
1011 2316 1076 2336 sene

297 2360 324 2383 et
335 2355 429 2386 stulto,
447 2364 456 2380 ι
477 2353 550 2389 quod
560 2354 731 2389 interpretati
744 2361 839 2381 sumus
852 2353 965 2381 stultum
985 2361 1075 2389 regem

296 2409 357 2430 esse
376 2401 522 2432 diabolum.
535 2407 680 2435 pauperem
705 2407 781 2431 vero,
806 2400 1011 2435 sapientemque
1034 2408 1077 2428 se-

297 2448 387 2483 ipsum
415 2447 574 2476 exinaniens
592 2446 799 2481 meudicumque
828 2451 937 2482 propter
968 2455 1018 2475 nos
1037 2447 1077 2474 la-

297 2501 371 2523 ctum
397 2495 444 2523 Dei
466 2495 595 2524 Verbum.
621 2493 726 2521 Idcirco
752 2493 835 2528 priori
861 2493 1076 2527 interpretationi

299 2546 398 2570 nostra:
411 2544 604 2577 congruenter.
617 2548 672 2568 non
691 2539 773 2566 alium
786 2547 847 2567 esse
858 2539 1002 2574 opinamur
1017 2539 1075 2566 bel-

300 2588 381 2614 Iicum
401 2587 447 2621 qui
473 2586 517 2614 hic
530 2585 695 2614 describitur
710 2591 810 2621 regem,
827 2591 858 2611 ac
886 2585 961 2611 illum
988 2592 1077 2619 regem

300 2633 424 2660 stultum.
451 2631 581 2659 Similiter
595 2631 642 2666 qui
665 2631 772 2667 propria
788 2630 919 2665 sapientia
941 2637 1078 2666 expugna-

299 2683 353 2705 tam
367 2683 458 2707 servat
469 2678 574 2709 urbem.
583 2678 653 2705 idem
662 2683 703 2705 est
714 2685 745 2704 ac
756 2677 800 2704 ille
809 2684 912 2712 pauper
921 2680 948 2703 et
956 2678 1076 2711 sapiens,

300 2732 379 2758 quem
396 2723 514 2751 diximus
537 2732 598 2751 esse
625 2723 776 2751 Christum.
799 2722 851 2756 Qui
873 2724 944 2749 enim
967 2730 1077 2757 parvam

302 2771 407 2804 urbem,
423 2771 496 2798 hunc
507 2771 612 2797 scilicet
627 2773 784 2796 terrestrem
800 2769 901 2801 locum,
920 2769 942 2796 si
955 2776 1016 2795 cum
1032 2776 1078 2795 or-

302 2815 335 2842 be
347 2815 473 2844 universo
488 2816 837 2850 coniercswrerissimum,
853 2816 1003 2849 omnesque
1017 2821 1077 2841 eam

337 2893 356 2909 “
379 2895 468 2921 Eccle.
486 2902 524 2924 iv.
543 2893 635 2921 lii-16.
675 2894 697 2910 ὀ
716 2893 726 2920 l
742 2893 806 2921 Cor.
825 2900 853 2927 ι,
869 2892 915 2920 ει.
953 2891 1059 2920 "-Psal.

1127 2890 1155 2920 6.
1194 2891 1215 2908 "
1226 2885 1344 2925 Philipp.
1364 2899 1400 2925 ιι,
1417 2895 1444 2918 6.

1111 286 1160 314 ἐτι,
1180 287 1240 313 Ὅτι
1257 286 1286 319 ἐξ
1298 286 1372 312 οἴκου
1389 284 1504 320 δεσμίων
1522 283 1690 316 ἐξελεύσεται
1707 282 1754 309 τοῦ
1772 280 1887 317 βασιλεῦ

1111 341 1166 364 σαι,
1182 333 1223 359 ὅτι
1240 331 1285 358 καί
1307 339 1338 365 γε
1360 332 1388 357 ἐν
1410 330 1532 366 βασιλεία
1553 329 1635 356 αὐτοῦ
1659 327 1774 364 ἐγενήθη
1803 327 1896 363 πένης.

1111 377 1187 405 Εἶδον
1205 378 1363 413 σύμπαντας
1383 377 1445 408 τοὺς
1469 375 1573 408 ζῶντας
1595 376 1658 406 τοὺς
1683 373 1897 415 περιπατοῦντας

1111 423 1163 449 ὑπὸ
1176 423 1222 449 τὸν
1236 422 1311 457 ἥλιον
1333 421 1400 457 μετὰ
1422 421 1469 447 τοῦ
1492 421 1631 447 νεανίσκου
1648 419 1694 446 τοῦ
1718 419 1857 454 δευτέρου,
1872 418 1898 448 ὃς

1112 470 1292 504 ἀναστήσεται
1303 469 1361 495 ἀντ’
1374 467 1465 495 αὐτοῦ.
1479 468 1534 494 Οὐκ
1549 467 1604 493 ἔστι
1617 466 1756 502 περασμὸς
1768 465 1807 500 τῷ
1821 466 1898 492 παντὶ

1112 515 1169 551 λαῷ
1184 517 1239 547 τοῖς
1256 516 1348 547 πᾶσιν,
1366 515 1422 542 ὅσοι
1434 515 1556 549 ἐγένοντο
1571 513 1723 549 ἔμπροσθεν
1738 513 1839 540 αὐτῶν·
1856 513 1900 539 καὶ

1112 571 1144 596 γε
1157 563 1181 588 οἱ
1198 562 1306 597 ἔσχατοι
1325 561 1376 588 οὐκ
1398 560 1630 596 εὐφρανθήσονται
1649 560 1677 586 tv
1692 559 1775 594 αὐτῷ,
1793 559 1835 585 at:
1857 558 1900 585 καί

1113 617 1145 643 γε
1173 609 1252 635 τοῦτο
1279 607 1430 644 ματαιότης
1449 607 1496 634 καὶ
1522 607 1681 643 προαίρεσις
1705 605 1866 640 πνεύματος.
1890 615 1899 630 ι

1120 654 1194 681 Ἑπεὶ
1209 654 1324 690 Χριστὸς
1339 663 1348 678 ι
1366 653 1446 688 σοφία
1457 653 1524 679 Θεοῦ
1540 662 1550 678 ι
1559 652 1607 684 ὢν,
1617 651 1649 678 δι’
1663 652 1736 687 ἡμᾶς
1746 651 1900 686 ὲπτώχευσε

1116 701 1241 732 πλούσιος
1255 699 1304 733 ὢν,
1318 698 1394 735 οἶμαι
1411 700 1474 735 περὶ
1488 699 1569 726 αὑτοῦ
1585 699 1712 733 λέγεσθαι
1727 698 1766 729 τὸ,
1786 706 1795 722 ι
1821 698 1901 731 Ἀγα-

1115 747 1161 778 θδς
1173 748 1237 778 παῖς
1253 747 1337 781 πένης
1353 746 1400 772 καὶ
1413 746 1493 781 σοφὸς
1501 745 1572 781 ὑπὲρ
1592 744 1701 780 βασιλέα
1718 743 1902 780 πρεσῦύτερον

1116 793 1162 819 καὶ
1185 793 1299 828 ἄφρονα·
1324 801 1333 818 ι
1351 791 1381 818 ὃν
1396 791 1497 827 νομίζω
1520 788 1590 818 εἶναι
1615 791 1660 817 τὸν
1679 790 1903 825 πεπαλαιωμένον

1116 838 1226 873 ἡμερῶν
1241 837 1333 864 κακῶν
1352 837 1473 865 διάϐολον
1484 846 1491 853 -
1508 837 1537 868 ὃς
1554 836 1677 872 βασιλεὺς
1700 836 1748 871 μέν
1769 837 1828 862 ἐστι
1851 835 1903 862 τῶν

1119 883 1331 920 βασιλευομένων
1338 883 1390 910 ὑπὸ
1401 883 1451 918 τῆς
1459 884 1570 918 ὲνεργου
1574 883 1657 918 μένης
1669 883 1714 908 ὑπ’
1724 881 1807 908 αὑτοῦ
1818 882 1903 918 ἁμαρ·

1116 931 1186 962 τίας,
1200 930 1294 966 ἄφρων
1310 939 1341 965 γε
1358 930 1410 966 μὴν
1427 930 1470 956 διὰ
1488 930 1518 956 τὸ
1532 929 1692 966 ἐστερῆσθαι
1706 928 1757 963 τῆς
1776 928 1904 964 ἐναρέτου

1117 977 1163 1004 καὶ⁵
1179 976 1249 1004 κατὰ
1262 977 1328 1004 Θεὸν
1344 978 1510 1013 φρονήσεως·
1527 977 1541 1003 ὁ
1557 976 1585 1002 δὲ
1596 975 1794 1011 προειρημένος
1806 984 1816 1000 ι
1837 975 1905 1008 ἀγα-

1117 1022 1162 1054 θὸς
1184 1023 1231 1050 καὶ
1255 1023 1334 1057 σοφὸς
1353 1025 1426 1055 παῖς,
1448 1023 1477 1056 ἐξ
1498 1022 1572 1049 οἴκου
1599 1022 1727 1057 δεσμίων,
1747 1031 1756 1047 ι
1776 1021 1836 1056 ητοι
1859 1020 1906 1047 τοῦ

1117 1069 1255 1106 περιγείου
1269 1070 1363 1103 τόπου,
1377 1071 1434 1105 ἦτοι
1444 1069 1498 1096 τῶν
1522 1070 1550 1096 ὲν
1563 1069 1632 1105 ᾊδῃ
1647 1068 1761 1104 χωρίων,
1774 1067 1847 1094 κατὰ
1858 1066 1906 1102 τὴν

1117 1117 1149 1143 ὲκ
1163 1116 1266 1152 νεκρῶν
1276 1117 1422 1143 ἀνάστασιν
1436 1115 1572 1151 προελθὼν
1583 1114 1713 1145 Βασιλεὺς
1727 1113 1781 1140 ὑπὸ
1793 1112 1842 1139 τοῦ
1854 1113 1906 1139 Πα-

1117 1162 1180 1198 τρὸς
1193 1162 1240 1188 ἐπὶ
1252 1161 1321 1188 Σιὼν
1334 1161 1364 1188 τὸ
1379 1161 1538 1197 ἐπουράνιον
1551 1161 1614 1197 ὅρος
1632 1160 1678 1187 τοῦ
1693 1159 1760 1186 Θεοῦ
1773 1159 1906 1193 κατέστη,

1118 1209 1165 1235 καὶ
1178 1209 1206 1235 tv
1219 1208 1287 1244 αὐτῇ
1297 1209 1329 1244 τῇ
1352 1207 1474 1243 βασιλείᾳ
1490 1206 1572 1234 αὑτοῦ
1589 1205 1703 1242 ἐγενήθη
1716 1206 1813 1240 πένης,
1831 1214 1840 1230 ι
1861 1205 1908 1239 οὐχ

1119 1254 1264 1290 ἁρπαγμὸν
1276 1253 1426 1289 ἡγούμενος
1439 1254 1470 1280 τὸ
1487 1251 1554 1280 εἶναι
1570 1252 1614 1279 ἴσα
1628 1252 1697 1287 Θεῷ,
1712 1261 1722 1278 ι
1740 1252 1797 1278 ἀλλ’
1812 1251 1908 1278 ἑαυτὸν

1118 1300 1252 1328 ταπεινῶν
1266 1299 1372 1334 καὶτῆς
1386 1300 1515 1326 ἀνωτάτω
1527 1299 1607 1334 δόξης
1628 1297 1856 1325 ὑποκαταϐαἰνων
1866 1297 1908 1324 διὰ

1118 1347 1181 1378 τοὺς
1194 1346 1230 1382 μὴ
1242 1345 1393 1382 χωροῦντας
1408 1341 1490 1372 αὑτοῦ
1502 1347 1548 1372 τὺν
1561 1345 1611 1379 τῆς
1622 1344 1716 1379 σοφίας
1727 1343 1852 1370 πλοῦτον·
1864 1343 1908 1369 τὸν

1118 1392 1140 1419 δ’
1156 1392 1216 1418 ἀντὶ
1230 1392 1324 1418 τούτου
1337 1391 1481 1427 λεγόμενον
1498 1390 1694 1426 ἀναστήσεσθαι
1711 1390 1840 1426 δεύτερον
1850 1398 1908 1416 νεα-

1118 1437 1218 1470 νίσκον,
1236 1438 1281 1464 τὸν
1299 1438 1481 1473 Ἀντίχριστον
1502 1435 1572 1464 εἶναι
1591 1437 1784 1472 ὑπολαμϐάνω.
1801 1435 1862 1471 μευ·
1880 1432 1909 1461 οὗ

1120 1483 1281 1519 σύμπαντας
1304 1484 1367 1515 τοὺς
1381 1483 1433 1510 ὑπὸ
1452 1483 1497 1510 τὸν
1512 1483 1586 1519 ἥλιον
1603 1483 1706 1516 ζῶντας
1729 1483 1777 1509 καὶ
1793 1490 1909 1517 περιπα-

1119 1530 1230 1562 τοῦντας
1242 1530 1391 1564 ἑωρακέναι
1405 1530 1488 1564 φησὶν
1498 1531 1512 1556 ὀ
1526 1530 1614 1564 λόγος’
1628 1530 1700 1561 τίνες
1715 1530 1737 1556 δ’
1750 1529 1784 1556 ἂν
1798 1528 1856 1556 εἶεν
1869 1527 1909 1557 σῦ-

1122 1584 1172 1608 τοι,
1184 1576 1200 1611 ἢ
1215 1575 1314 1607 πάντες
1326 1575 1351 1601 οἱ
1364 1575 1540 1611 περιέποντες
1553 1575 1602 1610 τὴν
1617 1576 1669 1602 ὑπὸ
1682 1575 1727 1602 τὸν
1746 1575 1825 1610 ἥλιον
1841 1576 1909 1610 λεγο

1117 1621 1205 1657 ¹μένην
1224 1631 1232 1646 ι
1253 1622 1428 1656 Ματαιότητα
1445 1622 1646 1657 ματαιοτήτων;
1672 1632 1682 1647 ι

1383 1669 1579 1696 ΚΕΦΔΛΔΙΟΝ
1604 1668 1642 1695 Ε’.

1317 1715 1368 1742 Ἐκ
1389 1715 1442 1742 τοῦ
1465 1714 1715 1748 Ἑκκλησιιιστοῦ.

1159 1770 1168 1787 ι
1193 1761 1246 1788 Καί
1268 1769 1300 1795 γε
1323 1761 1401 1787 τοῦτο
1416 1758 1485 1787 εἶδον
1507 1760 1602 1795 σοφίαν
1619 1760 1671 1786 ὑπὸ
1694 1760 1740 1786 τὸν
1759 1761 1849 1796 ἥλιον,
1869 1761 1911 1788 καὶ

1124 1806 1226 1842 μεγάλη
1255 1806 1312 1833 ἐστὶ
1331 1806 1400 1842 πρὸς
1425 1805 1468 1841 μέ.
1485 1806 1565 1838 Πόλις
1591 1806 1676 1842 μικρὰ
1704 1807 1751 1833 καὶ
1772 1807 1871 1843 ἄνδρες
1887 1809 1913 1834 ὲν

1122 1853 1189 1888 αὐτῇ
1204 1852 1301 1886 ὀλίγοι,
1319 1853 1364 1878 καὶ
1381 1851 1445 1888 ἔλθῃ
1457 1853 1497 1884 εἰς
1512 1852 1594 1888 αὐτὴν
1608 1852 1732 1887 βασιλεὺς
1747 1853 1848 1887 μέγας,
1869 1854 1913 1880 καὶ

1123 1898 1256 1925 κυκλώσει
1270 1899 1366 1933 αὐτὴν,
1383 1898 1430 1924 καὶ
1447 1898 1617 1934 οἰκοδομήσει
1630 1898 1672 1924 ἐπ’
1692 1898 1778 1934 αὐτὴν
1791 1900 1913 1934 χάρακας

1125 1946 1259 1981 μεγάλους
1270 1954 1276 1960 ·
1297 1946 1344 1972 καὶ
1362 1945 1430 1980 εὕρῃ
1447 1946 1476 1971 tv
1490 1945 1559 1980 αὐτῇ
1576 1945 1660 1980 ἄνδρα
1682 1944 1786 1980 πένητα
1809 1945 1858 1971 καὶ
1874 1953 1913 1972 σο-

1123 1993 1182 2027 φὸν,
1197 1993 1244 2019 καὶ
1263 1991 1390 2018 διασώσει
1407 1991 1489 2023 αὐτὸς
1509 1991 1557 2027 τὴν
1572 1991 1648 2018 πόλιν
1667 1992 1696 2018 ὲν
1709 1993 1741 2027 τῇ
1762 1992 1847 2028 σοφίᾳ
1868 1993 1912 2018 αὺ-

1123 2037 1180 2069 τοῦ,
1202 2038 1248 2064 καὶ
1261 2036 1402 2072 ἄνθρωπος
1422 2037 1472 2062 οὐκ
1483 2036 1604 2071 ἐμνήσθη
1625 2036 1672 2063 τοῦ
1687 2036 1784 2072 ἀνδρὸς
1798 2037 1847 2063 τοῦ
1867 2037 1913 2064 πέ-

1123 2092 1202 2118 νητος
1223 2083 1338 2110 ἐκείνου.
1364 2082 1418 2109 Καὶ
1434 2080 1498 2108 εἶπα
1517 2082 1582 2116 ἐγὼ,
1612 2082 1712 2117 Ἀγαθὴ
1735 2083 1819 2117 σοφία
1846 2083 1913 2118 ὑπὲρ

1123 2129 1246 2164 δύναμιν*
1263 2129 1309 2155 καὶ
1330 2128 1410 2162 σοφία
1430 2127 1477 2154 τοῦ
1503 2128 1617 2163 πένητος
1636 2128 1850 2164 ὲξουδενωμένη,
1869 2130 1914 2156 καὶ

1124 2175 1196 2210 λόγοι
1219 2173 1300 2201 αὑτοῦ
1323 2174 1372 2200 οὐκ
1394 2174 1463 2200 εἰσὶν
1476 2174 1643 2209 ἀκουόμενοι.
1665 2184 1674 2200 ι
1697 2174 1774 2200 Ἐπεὶ
1797 2175 1846 2201 καὶ
1873 2176 1913 2201 tv-

1125 2219 1211 2246 ταῦθα
1229 2221 1243 2245 ὁ
1259 2219 1307 2254 μὲν
1321 2219 1355 2245 τὰ
1367 2219 1414 2246 τοῦ
1431 2219 1549 2254 πολέμου
1566 2219 1684 2254 ἐνεργῶν
1701 2219 1831 2254 βασιλεὺς
1845 2217 1914 2246 εἶναι

1091 2249 1111 2276 D
1126 2267 1242 2301 λέγεται,
1283 2266 1311 2292 δὲ
1333 2265 1470 2297 διασὼζων
1487 2249 1536 2300 τὴν
1558 2249 1618 2292 ὑπὸ.
1633 2249 1728 2292 τούτου
1754 2249 1914 2301 πολιορκου-

1129 2313 1211 2348 μένην
1224 2312 1300 2338 πόλιν
1314 2311 1384 2347 ἀνὴρ
1395 2311 1478 2347 πένης
1497 2312 1544 2338 καί
1559 2311 1648 2346 σοφός·
1665 2311 1813 2346 λεγομένου
1829 2312 1857 2338 δὲ
1869 2312 1915 2338 καὶ

1127 2359 1156 2384 ὲν
1172 2357 1212 2392 τῷ
1227 2358 1279 2393 πρὸ
1293 2357 1387 2384 τούτου
1403 2356 1542 2391 κεφαλαίῳ
1560 2356 1617 2388 τοῦ,
1632 2357 1752 2393 ’Ἄγαβος
1767 2357 1853 2392 πένης
1870 2356 1914 2383 καὶ

1129 2391 1284 2438 moto-nt!)
1290 2402 1400 2438 βασιλέα
1413 2402 1596 2438 πρεσϐύτερον
1609 2391 1781 2437 κανᾶφρονα,
1791 2412 1800 2428 ι
1809 2391 1855 2428 rev
1868 2402 1915 2437 μὲν

1127 2450 1231 2485 ἄφρονα
1257 2448 1369 2484 βασιλέα
1389 2448 1434 2475 τὺν
1452 2448 1574 2476 διάϐολον
1598 2448 1789 2484 ὲξειλήφαμεν,
1815 2449 1862 2475 τὸν
1889 2448 1914 2474 δὲ

1128 2495 1230 2530 πένητα
1245 2496 1292 2522 καὶ
1308 2494 1388 2528 σοφὸν
1400 2495 1445 2521 τὸν
1457 2494 1489 2521 δι’
1501 2495 1573 2530 ἡμᾶς
1588 2494 1682 2520 ἑαυτὸν
1697 2494 1857 2522 κενώσαντα
1871 2495 1915 2522 z-al

1129 2541 1324 2576 πτωχεύσαντα
1345 2540 1392 2567 τοῦ
1409 2540 1476 2567 Θεοῦ
1499 2541 1597 2575 Λόγον·
1613 2541 1708 2567 τούτου
1720 2541 1752 2576 δὴ
1769 2542 1850 2577 χάριν
1869 2541 1914 2569 καὶ

1129 2588 1163 2615 τὰ
1180 2587 1346 2623 προκείμενα
1365 2586 1602 2622 ὲσημειωσάμεθα,
1618 2587 1668 2613 οὐκ
1685 2586 1767 2613 ἄλλον
1787 2584 1859 2613 εἶναι
1878 2595 1914 2613 νο-

1132 2633 1252 2668 μίζοντες
1268 2632 1312 2658 τὸν
1331 2631 1423 2658 ἐνθάδε
1439 2631 1652 2667 διαγραψόμενον
1678 2631 1826 2666 πολεμικὸν
1841 2631 1914 2666 βασι-

1130 2678 1177 2705 λέα
1193 2679 1222 2712 (l'.
1239 2678 1273 2705 27
1291 2679 1327 2713 v°)
1344 2678 1391 2704 τοῦ
1406 2679 1464 2704 ἐκεῖ
1477 2678 1621 2713 λεγομένου
1635 2677 1768 2712 βασιλέως
1787 2678 1913 2713 ἄφρονος·

1129 2723 1258 2755 ὡσαύτως
1269 2723 1297 2750 δὲ
1312 2723 1356 2750 τὸν
1371 2723 1487 2750 ἐνταῦθα
1501 2722 1665 2755 διασώζοντα
1679 2724 1712 2758 τῇ
1727 2723 1825 2750 ἑαυτοῦ
1836 2723 1912 2757 accpi;

1130 2769 1178 2804 τὴν
1192 2769 1422 2805 πολιορκουμένην
1437 2769 1514 2796 πόλιν
1530 2769 1576 2796 τοῦ
1594 2771 1651 2796 ἐκεῖ
1668 2770 1783 2804 πένητος
1802 2770 1850 2796 καὶ
1870 2775 1912 2794 cro-

1131 2813 1192 2848 φοῦ,
1206 2813 1235 2840 ὃν
1251 2813 1377 2850 ἐλέγομεν
1399 2812 1467 2841 εἶναι
1488 2815 1534 2841 τὸν
1552 2814 1682 2853 Χριστόν
1699 2814 1728 2846 ὃς
1742 2815 1792 2850 τὴν
1815 2812 1913 2850 μικρὰν

1499 2892 1522 2909 ’³
1536 2891 1625 2921 Eccle.
1642 2899 1680 2921 ix.
1695 2892 1788 2920 13-16.
