2037 3215
155 140 176 194 ἰ
184 167 232 194 H9

670 168 818 197 ECLOGJE
838 168 1079 197 PROPHETICIE.
1100 184 1135 190 -—
1153 167 1217 196 LIB.
1239 168 1283 196 lli.

1721 173 1788 200 H50

162 224 249 256 πόλιν,
273 223 395 251 τουτέστι
415 223 460 251 τὸν
479 225 615 260 περίγειον
637 225 718 252 τόπον
745 226 885 261 συγκρίσει
905 226 947 252 τοῦ

1004 225 1166 257 incolentes,
1191 233 1246 260 pra:
1268 225 1390 253 omnium
1408 225 1587 254 animantium
1603 227 1777 256 multitudine

161 269 263 300 παντὸς
284 270 386 305 κόσμου
405 270 570 307 βραχύτατον
591 271 663 302 ὅντα,
680 272 727 299 καὶ
747 273 810 303 τοὺς
827 273 856 298 έν
872 273 952 308 αὐτῇ,

160 315 200 347 ὡς
212 316 240 343 ὲν
264 317 413 351 παραθέσει
429 318 478 353 τῆς
493 317 547 344 τῶν
563 317 679 352 λογικῶν
692 318 819 344 ἁπάντων
833 317 953 352 πληθύος

160 361 269 395 ὀλίγους
289 361 368 394 ὄντας
384 363 430 389 ἐπὶ
449 364 537 390 πάντα
553 363 586 391 τὰ
605 364 679 399 ἔθνη,
694 364 732 395 ὡς
753 364 859 398 σταγών
879 366 952 391 ἐστιν

161 407 215 434 ἀπὸ
230 408 321 438 κάδου,
334 408 505 445 ἑλυτρώσατο
518 410 760 446 πολιορκουμένους
774 411 828 437 ἀπὺ
844 412 894 446 τῆς
905 411 951 437 τοῦ

160 453 283 480 διαϐόλου
296 453 443 488 βασιλείας,
457 455 589 482 πάντοθεν
599 456 645 482 τὸν
657 456 794 491 περίγειον
806 455 893 491 χῶρον
906 456 953 482 καὶ

159 499 225 530 τοὺς
241 499 269 525 ὲν
285 498 359 534 αὑτῷ
371 499 544 532 κυκλοῦντος,
555 500 757 535 οίκοδομοῦντός
772 508 801 526 τε
817 499 860 526 ἐπ’
871 500 951 526 αὑτὸν

160 544 286 579 χάρακας
299 544 442 580 μεγάλους,
455 555 464 571 1
473 545 522 577 τὰς
531 545 630 581 ἀρχὰς,
640 545 746 577 καὶτὰς
760 545 894 579 ἐξουσίας,
903 546 951 573 κα).

159 590 223 621 τοὺς
234 590 457 626 κοσμοκράτορας
468 591 514 618 τοῦ
528 591 639 623 σκότους
651 591 756 623 τούτου,
770 592 859 619 καὶτὰ
871 601 953 619 πνευ-

162 635 264 670 ματικὰ
277 636 326 670 τῆς
341 635 483 671 πονηρίας.
504 645 513 661 ι
531 635 630 662 Τοῦτον
652 634 697 662 οὖν
712 636 762 662 οὐκ
781 635 859 667 ἄλλος
877 644 918 667 τις
934 635 950 670 ἢ

162 680 242 716 μόνος
254 680 377 708 καθεῖλεν
390 682 403 708 ό
421 681 504 716 πένης
517 681 564 708 καὶ
580 681 660 716 σοφὸς
676 681 756 717 ἀνὴρ.
769 682 783 707 ὁ
795 680 890 716 Σωτὴρ
905 681 951 707 καὶ

159 725 262 762 Κύριος
274 727 362 762 ἡμῶν,
378 727 499 759 κενώσας
515 727 611 754 ἑαυτὸν
627 727 673 754 καὶ
689 727 722 754 δι’
737 728 811 762 ἡμᾶς
825 727 949 762 πτωχεύ-

159 780 210 804 σας
227 773 255 799 ὲν
271 772 309 807 τῷ
332 773 440 808 πλούτῳ
461 772 508 799 τοῦ
531 772 627 799 ἑαυτοῦ
647 772 748 803 ἐλέους,
768 772 815 798 καὶ
830 771 951 798 καθελὼν

158 817 286 845 διέσωσεν
308 819 337 845 ἐν
359 820 392 854 τῇ
419 819 500 854 σοφίᾳ
514 817 596 845 αὐτοῦ
613 818 662 853 τὴν
687 817 787 853 μικρὰν
805 817 890 849 πόλιν,
912 817 950 849 ὼς

159 864 234 896 εἰκὸς
247 864 296 900 τὴν
318 864 479 899 Ἐκκλησίαν
494 864 555 891 καθ’
573 863 668 900 ἑτέραν
687 863 809 900 ἐκδοχὴν,
826 863 873 890 καὶ
888 863 950 894 τοὺς

1004 278 1155 305 perpaucos
1171 275 1254 306 atque
1266 271 1338 299 inter
1355 279 1451 299 omnes
1465 277 1559 306 gentes
1571 274 1650 308 quasi
1666 279 1742 309 gutta
1753 276 1788 302 ,ιιι

1003 324 1101 351 magna
1117 317 1260 352 amphora,
1272 323 1443 353 expugnatas
1459 318 1585 346 liberavit
1605 327 1620 346 a
1635 319 1736 347 diaboli
1747 321 1790 347 di-

1003 362 1086 395 tione,
1099 363 1147 397 qui
1163 363 1237 390 hunc
1252 367 1409 391 terrestrem
1431 364 1522 391 locum
1547 364 1662 400 ejusque
1686 365 1790 393 incolas

1002 409 1077 435 omni
1101 416 1134 436 ex
1160 412 1237 444 parte
1260 409 1421 441 vallaverat,
1438 410 1661 446 munitionesque
1677 419 1790 447 magnas

1003 462 1051 490 per
1071 462 1168 490 gyrum
1189 458 1375 487 exstruxerat,
1396 464 1405 481 1
1424 455 1563 491 principes
1584 465 1593 482 ι
1615 457 1720 485 scilicet
1734 467 1742 483 1
1763 463 1790 485 et

1002 503 1162 535 potestates.
1178 500 1274 527 mundi
1302 506 1423 528 rectores
1447 502 1623 529 tenebrarum
1638 502 1746 536 harum,
1763 509 1790 531 et

1003 546 1157 581 spiritualia
1166 547 1295 582 nequitiae
1310 547 1343 575 “.
1362 557 1372 573 ›
1390 547 1469 574 Hunc
1487 548 1569 581 igitur
1581 556 1635 575 non
1646 549 1716 577 alius
1730 550 1790 585 qui-

1002 592 1043 619 vis
1060 591 1114 619 nisi
1142 591 1219 619 solus
1234 592 1348 619 sustulit
1363 600 1466 628 pauper
1479 596 1506 619 et
1531 594 1640 628 sapiens
1660 593 1713 625 vir.
1730 593 1790 621 Sal-

1001 640 1090 667 vator,
1110 635 1294 671 Dominusque
1308 641 1413 670 noster,
1425 638 1586 666 exinaniens
1600 639 1788 674 semetipsum.

1002 685 1029 708 et
1049 687 1162 716 propter
1175 689 1227 709 nos
1244 682 1324 717 inops
1347 682 1438 710 factus
1461 683 1489 710 iu
1516 684 1712 712 misericordia:
1733 693 1790 713 sua:

1001 727 1116 759 divitiis,
1135 731 1162 754 et
1184 728 1230 754 illo
1249 728 1367 760 sublato,
1387 729 1520 764 sapientia
1538 737 1587 757 sua
1597 738 1708 765 parvam
1723 732 1790 758 civi-

1002 777 1084 799 tatem
1102 773 1205 800 salvaln
1224 772 1300 807 fecit,
1313 774 1371 801 sive
1389 773 1540 801 Ecclesiam
1558 774 1611 801 alia
1627 775 1788 811 interpreta-

1001 819 1087 850 tione,
1106 826 1264 853 paucosque
1279 819 1325 854 qui
1338 823 1402 846 sunt
1426 820 1452 846 iu
1471 827 1511 846 ea.
1527 819 1633 847 Etenim
1649 829 1658 845 1
1674 826 1789 856 angusta

1004 867 1081 898 porta
1095 867 1122 890 et
1138 867 1213 890 arcta
1229 863 1273 890 via
1287 868 1328 891 est
1346 872 1407 899 qua:
1420 865 1496 892 ducit
1513 865 1545 892 ad
1572 866 1666 899 vitam,
1682 870 1709 894 et
1723 874 1790 901 pau—

156 910 189 936 ὲν
199 910 266 946 αὐτῇ
282 910 388 945 ὀλίγους
396 910 475 942 ὄντας
484 919 490 925 ·
504 911 596 946 ἐπειδὴ
609 920 617 936 1
636 911 714 947 στενὴ
727 912 772 938 καὶ
782 910 947 946 τεθλιμμένη

1002 910 1027 936 ci
1055 914 1128 941 sunt,
1144 910 1189 945 qui
1217 911 1360 938 inveniunt
1377 919 1434 938 eam
1450 911 1483 939 ’⁸,
1502 921 1511 938 ›
1540 911 1601 939 [iace
1628 913 1789 940 mirabiliter

157 955 176 989 ἡ
190 955 249 987 ὁδὸς
272 956 288 991 ἡ
303 956 447 990 ἀπάγουσα
463 957 502 988 εἰς
515 956 565 992 τὴν
577 955 659 992 ζωὴν,
672 957 720 983 καὶ⁹
736 956 820 990 ὀλίγοι
843 957 912 982 εἰσιν
924 957 949 983 οἱ

155 1002 270 1034 διιόντες
285 1003 380 1037 αὐτήν.
399 1012 408 1028 ι
420 1002 487 1029 Φασὶ
503 1002 525 1028 δ’
542 1003 565 1029 οί
585 1002 635 1038 τὴν
655 1002 820 1038 τηλικαύτην
833 1002 950 1038 ὁρῶντες

157 1048 314 1083 οἰκονομίαν
323 1048 363 1079 τὸ,
376 1058 385 1074 1
397 1048 497 1084 Ἀγαθὴ
516 1048 596 1082 σοφία
605 1048 674 1083 ὑπὲρ
681 1047 805 1083 δύναμιν·
815 1058 825 1074 ι
836 1048 949 1083 δύναμιν

153 1093 186 1120 δὲ
196 1092 273 1127 δῆλον
285 1093 326 1120 ὅτι
335 1093 385 1129 τὴν
392 1093 445 1119 τῶν
459 1093 595 1128 πολεμίων
603 1101 610 1108 ·
619 1092 686 1119 ἀλλὰ
694 1093 750 1124 καὶ,
763 1103 771 1118 ι
780 1092 948 1127 Ἀνθρωπος,

157 1138 250 1175 φησὶν,
263 1139 313 1165 οὐκ
327 1138 448 1174 ἐμνήσθη
458 1138 504 1165 τοῦ
513 1138 608 1174 ἀνδρὸς
621 1138 668 1165 τοῦ
681 1139 793 1173 πένητος
804 1138 908 1164 ἐκείνου
917 1147 924 1154 ·
937 1147 947 1164 ι

156 1184 225 1217 Θεὸς
245 1185 294 1221 μὲν
314 1185 368 1220 γὰρ
382 1185 415 1220 ἦν
435 1185 450 1211 ό
470 1184 513 1211 διὰ
528 1184 582 1211 τῶν
601 1184 749 1221 προφητῶν
773 1183 949 1219 μνημονεύων

158 1231 253 1263 αὐτοῦ,
269 1231 316 1258 καὶ
329 1231 526 1267 προκηρύττων
539 1230 572 1257 τὰ
589 1231 652 1266 περὶ
671 1230 721 1266 τῆς
736 1231 775 1262 είς
790 1229 948 1266 ἀνθρώπους

156 1276 304 1312 ἐπιδημίας
320 1277 413 1304 αὑτοῦ·
427 1276 481 1303 τῶν
496 1276 519 1303 δ’
536 1276 588 1302 ὑπὸ
602 1276 651 1311 τῆς
667 1275 762 1310 σοφίας
782 1275 836 1302 τῶν
849 1275 949 1311 ἀρχόν-

155 1331 213 1349 των
223 1322 317 1349 τούτου
329 1322 375 1349 τοῦ
388 1322 485 1354 αἰῶνος
499 1321 700 1358 ὲνεργηθέντων
716 1322 776 1348 οὐδὲ
787 1319 827 1353 εἷς
839 1321 948 1348 πώποτε

156 1369 292 1405 ἐμνήσθη,
308 1369 369 1396 ἐπεὶ
385 1369 444 1405 μηδ’
455 1366 506 1395 οἷοί
526 1377 556 1395 τε
567 1367 636 1404 ἦσαν
648 1368 746 1395 εἰδέναι
758 1367 788 1394 τὸ
799 1368 948 1403 μυστήριον

154 1413 188 1440 τὸ
203 1415 447 1450 ἀποκεκρυμμένον
461 1414 514 1449 πρὸ
536 1414 590 1440 τῶν
614 1414 718 1441 αἰώνων
744 1414 793 1449 τῆς
814 1413 885 1440 κατὰ
899 1414 949 1449 τὴν

155 1460 362 1496 ὲνανθρὼπησιν
384 1460 538 1496 οἰκονομίας
555 1460 602 1487 τοῦ
617 1460 703 1495 Λόγου
719 1460 766 1486 τοῦ
783 1459 861 1486 Θεοῦ.
876 1459 948 1496 Πρὸς

154 1507 262 1538 τούτοις
272 1506 380 1541 λέγεται
395 1507 435 1533 ὅτι
452 1515 461 1531 1
480 1507 528 1533 καὶ
550 1507 629 1541 σοφία
650 1506 697 1534 τοῦ
713 1506 828 1541 πένητος
841 1506 947 1538 ἐξουδε-

154 1551 276 1588 νωμένη·
295 1561 305 1577 ›
323 1552 370 1578 καὶ
391 1551 444 1587 γὰρ
462 1552 606 1586 εὐδόκησεν
618 1553 632 1578 ό
654 1551 719 1583 Θεὸς
738 1561 748 1577 1
766 1551 810 1578 διὰ
826 1551 876 1586 τῆς
892 1560 948 1586 μω-

153 1597 218 1634 ρίας
230 1596 277 1623 τοῦ
292 1597 470 1632 κηρύγματος
482 1597 566 1623 σῶσαι
578 1598 640 1628 τοὺς
651 1596 837 1628 πιστεύοντας·
854 1607 863 1622 ι
878 1596 946 1623 ἀλλὰ

156 1651 168 1668 ι
187 1642 233 1669 καὶ
243 1643 266 1668 οἱ
282 1642 354 1677 λόγοι
369 1642 461 1674 αὑτοῦ,
479 1643 571 1678 φησὶν,
588 1643 637 1669 οὐκ
659 1642 728 1668 εἰσὶν
744 1643 913 1677 ἀκουόμενοι-
934 1652 943 1668 ι

152 1690 185 1717 οὗ
205 1689 313 1716 πάντων
331 1690 385 1725 γάρ
402 1691 474 1716 ἐστιν
493 1689 608 1716 ἀκοῦσαι
625 1688 678 1716 τῶν
693 1689 739 1715 τοῦ
761 1689 887 1724 Σωτῆρος
901 1688 946 1714 λό-

1003 955 1072 983 facta
1095 956 1218 983 videntes
1236 957 1415 984 exclamant:
1436 966 1445 982 1
1471 956 1566 984 Melior
1588 961 1631 984 est
1657 959 1789 992 sapientia

1003 1001 1174 1033 fortitudine,
1195 1012 1203 1028 ι
1223 1001 1384 1030 fortitudine
1410 1002 1515 1030 scilicet
1542 1003 1671 1030 hostium.
1690 1001 1746 1031 Sed
1762 1009 1789 1031 et

1004 1057 1013 1074 1
1028 1048 1132 1081 nullus,
1149 1049 1197 1080 ait,
1216 1049 1376 1076 recordatus
1401 1053 1444 1077 est
1467 1049 1586 1077 hominis
1604 1050 1678 1077 illius
1689 1058 1791 1086 paupe~

1001 1094 1051 1121 ris.
1072 1103 1081 1119 ι
1099 1092 1172 1121 Deus
1187 1094 1259 1122 enim
1274 1098 1333 1122 erat.
1347 1095 1394 1130 qui
1415 1095 1458 1122 sui
1471 1103 1519 1130 per
1533 1095 1678 1131 prophetas
1695 1096 1790 1123 admo—

1002 1139 1094 1170 nebat,
1114 1146 1248 1174 suumque
1267 1138 1338 1166 inter
1361 1139 1486 1166 homines
1501 1138 1646 1166 adventum
1662 1139 1789 1174 praedica-

1001 1185 1058 1211 bat.
1071 1184 1119 1212 lsti
1133 1193 1210 1217 vero,
1226 1185 1308 1220 hujus
1319 1185 1413 1213 saeculi
1427 1185 1582 1220 principum
1602 1185 1735 1220 sapientia
1749 1185 1789 1212 af-

1000 1231 1066 1264 ilati,
1081 1239 1255 1267 nequaquam
1279 1231 1339 1266 ejus
1359 1228 1494 1259 recordati
1521 1235 1596 1264 sunt,
1613 1232 1659 1267 qui
1685 1237 1786 1267 myste-

1001 1278 1072 1304 rium
1087 1283 1150 1305 antc
1165 1278 1263 1305 saecula
1281 1278 1474 1305 absconditum
1498 1277 1545 1305 Dei
1562 1277 1643 1304 Verbi
1665 1278 1789 1305 incarna-

1001 1323 1084 1350 tionis
1101 1322 1213 1350 minime
1226 1323 1382 1358 perspicere
1398 1323 1534 1350 valebant.
1549 1322 1586 1350 De
1605 1323 1705 1358 quibus
1719 1323 1788 1349 dici-

1000 1372 1070 1396 tur:
1099 1377 1109 1394 1
1131 1367 1271 1403 Sapientia
1301 1369 1429 1404 pauperis
1448 1372 1614 1402 contempta.
1647 1378 1656 1394 )
1681 1367 1795 1402 Etenitn_

1002 1425 1012 1441 1
1033 1414 1088 1442 Deo
1101 1415 1204 1450 placuit
1221 1414 1425 1449 praedicationis
1444 1414 1559 1442 stultitia
1574 1414 1718 1441 credentes
1733 1414 1788 1441 sal—

1000 1468 1049 1488 v05
1066 1461 1158 1488 facere
1175 1461 1209 1476 ²¹¹¹
1222 1471 1229 1492 ;
1250 1471 1259 1487 ι
1274 1461 1321 1488 sed
1335 1470 1343 1486 1
1361 1461 1442 1487 verba
1457 1459 1528 1494 ejus,
1539 1461 1588 1492 ait,
1601 1467 1654 1486 non
1669 1463 1728 1487 sunt
1742 1467 1788 1486 zu-

999 1507 1065 1534 dila.
1088 1517 1097 1533 ι
1116 1506 1170 1534 Nec
1182 1507 1254 1534 enim
1270 1506 1392 1534 omnium
1412 1511 1454 1534 est
1471 1506 1621 1533 Salvatoris
1638 1506 1721 1533 verba
1739 1513 1789 1532 au-

999 1553 1069 1585 dire,
1088 1553 1141 1580 nisi
1155 1552 1330 1580 solummodo
1342 1560 1436 1580 eorum
1450 1551 1497 1587 qui
1508 1559 1589 1579 aures
1601 1551 1729 1578 audiendi
1743 1551 1789 1577 ha-

961 1580 982 1607 c
999 1599 1073 1626 hent.
1086 1598 1208 1633 Namque
1223 1598 1325 1625 Christi
1339 1597 1515 1632 Evangelium
1528 1597 1719 1624 absconditum
1733 1603 1787 1629 est.

1000 1644 1035 1671 iis
1050 1644 1156 1672 scilicet
1171 1644 1218 1679 qui
1232 1652 1287 1670 non
1305 1647 1369 1671 sunt
1385 1644 1445 1678 ejus
1459 1643 1603 1678 discipuli;
1620 1652 1628 1668 1
1643 1643 1671 1670 in
1691 1643 1725 1670 iis
1741 1644 1787 1678 qui

999 1694 1114 1723 pereunt
1131 1693 1173 1716 est
1188 1693 1312 1722 opertum
1324 1689 1356 1715 ’⁵.
1372 1698 1382 1714 ι

151 1746 222 1772 γων,
245 1738 269 1764 εί
285 1737 321 1773 μὴ
338 1738 417 1773 μόνον
437 1737 490 1764 τῶν
510 1737 625 1772 ἐχόντων
640 1734 698 1763 ὦτα
717 1737 757 1768 είς
779 1736 810 1762 τὸ
838 1737 955 1762 ἀκούειν·
984 1737 1030 1762 καὶ
1059 1736 1113 1772 γὰρ
1137 1736 1167 1762 τὺ
1190 1735 1352 1770 Εὑαγγέλιον
1371 1735 1418 1762 τοῦ
1441 1733 1559 1770 Χριστοῦ
1583 1733 1786 1769 κεκαλυμμένον

152 1786 239 1819 ἐστὶν,
253 1786 321 1822 πλὴν
335 1786 364 1812 οὺ
376 1787 432 1817 τοῖς
446 1785 528 1812 αὐτοῦ
541 1785 684 1821 μαθηταῖς,
702 1794 711 1810 ι
726 1785 781 1816 τοῖς
793 1784 846 1819 γὰρ
859 1783 1058 1820 ἀπολλυμένοις
1072 1784 1146 1810 ἐστὶν
1160 1782 1376 1818 κεκαλυμμένον.
1396 1793 1406 1808 ι

418 1846 614 1873 ΚΕΦΑΛΑΙΟΝ
638 1847 682 1879 cr.

316 1893 371 1920 Τοῦ
388 1893 539 1928 ’ᾼσματος
557 1892 617 1920 τῶν
633 1892 783 1927 ᾀσμάτων.

189 1939 270 1968 Ὀλον
283 1941 313 1966 τὸ
328 1939 427 1975 βιϐλίον
441 1939 567 1966 ὑπόθεσιν
582 1939 637 1974 ἔχει
653 1939 762 1975 νύμφης
773 1939 862 1975 ἔρωτα
878 1939 946 1975 πρὸς

151 1988 280 2023 νυμφίον,
289 1987 471 2023 ὁμολογούσης
487 1986 638 2022 τετρῶσθαι
654 1988 686 2022 τῇ
701 1986 769 2022 πρὸς
776 1987 857 2014 αὐτὸν
876 1986 945 2020 ἀγά-

150 2042 204 2071 πῃ.
221 2035 267 2062 καὶ
282 2034 363 2062 αὐτοῦ
376 2034 456 2061 πάλιν
470 2033 664 2068 ὁμολογοῦντος
685 2032 770 2068 αὐτὴν
793 2033 877 2069 μόνην
891 2033 946 2059 ἀπὸ

154 2081 287 2108 πλειόνων
305 2081 438 2116 ὑπάρχειν
461 2079 536 2114 αὐτῷ
554 2079 660 2106 τελείαν
685 2079 849 2115 περιστερὰν
871 2079 947 2115 παρὰ

150 2126 203 2158 τὰς
214 2127 361 2162 λεγομένας
372 2125 509 2161 βασιλίδας
517 2125 564 2152 καὶ
574 2124 740 2157 παλλακίδας
752 2126 798 2152 καὶ
811 2125 944 2156 νεάνιδας.

149 2174 186 2200 οι
203 2173 252 2209 μὲν
266 2171 313 2200 οὖν
330 2173 361 2199 ὲκ
385 2171 537 2208 περιτομῆς
552 2171 615 2207 μίαν
630 2169 699 2199 εἶναι
721 2171 775 2198 τῶν
800 2180 942 2197 πεπιστευ-

152 2218 246 2253 μένων
262 2217 326 2252 παρ’
343 2217 434 2250 αὐτοῖς
448 2217 494 2243 δύο
508 2216 555 2243 καὶ
571 2216 657 2243 εἴκοσι
678 2214 863 2243 θεοπνεύστων
877 2224 945 2251 γρα-

151 2263 214 2298 φῶν
230 2262 405 2296 πεπεισμένοι
421 2262 469 2288 καὶ
481 2260 582 2297 ταύτην
598 2260 647 2296 τὴν
660 2260 780 2297 Γραφὴν,
796 2260 846 2287 οὐκ
859 2257 905 2286 οἶδ’
919 2261 944 2286 εί
960 2280 981 2307 D

148 2310 240 2346 ἔχοιεν
258 2307 331 2341 ἄξιόν
354 2316 380 2334 τι
394 2308 469 2339 θείας
491 2306 633 2338 ἐπιπνοίας
654 2306 798 2342 λεγόμενον
823 2307 852 2333 ὲν
874 2306 940 2341 αὐτῇ

150 2354 338 2391 παραστῆσαι,
351 2353 388 2388 μὴ
402 2353 481 2379 πλέον
494 2362 520 2379 τι
529 2354 577 2389 τῆς
592 2353 738 2388 προχείρου
749 2353 862 2388 ὲκδοχῆς
871 2353 942 2380 κατὰ

145 2402 216 2434 τοὺς
238 2401 337 2432 τόπους
363 2399 572 2434 φανταζόμενον
595 2400 609 2425 ὁ
627 2399 655 2425 δὲ
675 2398 785 2430 δυνατὸς
807 2398 838 2433 (f.
851 2398 897 2433 28)
911 2399 943 2425 τὸ

154 2447 205 2484 μὲν
223 2446 394 2482 ἐπικείμενον
416 2445 463 2472 καὶ
480 2444 567 2481 ταύτῃ
580 2447 612 2480 τῇ
628 2445 724 2480 Γραφῇ
745 2445 876 2480 κάλυμμα
891 2453 941 2471 πε-

153 2494 262 2531 ριελεῖν,
289 2491 450 2527 ἐπιστρέψαι
477 2491 505 2517 δὲ
526 2491 593 2527 πρὸς
615 2490 717 2526 Κύριον
741 2492 809 2527 ὅπερ
833 2491 890 2517 ἐστὶ
912 2491 942 2517 τὸ

151 2540 272 2575 πνεῦμα,
294 2540 340 2566 καὶ
358 2536 608 2573 ἀνακεκαλυμμένῳ
630 2536 768 2573 προσώπῳ
784 2537 833 2572 τὴν
851 2538 897 2563 καὶ
913 2537 942 2563 ἐν

150 2581 257 2618 τούτοις
271 2585 348 2618 δόξαν
369 2585 416 2612 τοῦ
431 2584 533 2620 Κυρίου
548 2582 784 2618 κατοπτρίζεσθαι,
807 2582 941 2618 θεωρήσει

151 2634 182 2659 ὲν
198 2632 266 2668 αὐτῇ
282 2631 318 2658 τὰ
333 2631 403 2658 κατὰ
414 2630 462 2666 τὴν
482 2628 669 2664 πνευματικὴν
688 2627 807 2663 νύμφην,
825 2627 902 2663 δῆλον
916 2627 940 2654 δ’

151 2679 193 2705 ὅτι
213 2678 264 2713 τὴν
282 2676 443 2712 Ἐκκλησίαν
465 2675 511 2702 τοῦ
529 2674 657 2710 Χριστοῦ,
683 2674 828 2709 μυστήρια,
846 2673 892 2699 καὶ
906 2673 940 2699 τὰ

151 2724 286 2759 λεγόμενα
300 2723 364 2758 περὶ
383 2723 430 2749 τοῦ
450 2721 551 2748 τελείου
564 2721 612 2756 τῆς
625 2719 728 2746 τοιασδὶ
747 2719 856 2754 νύμφης
871 2727 940 2754 νυμ-

152 2771 215 2805 φίου
243 2770 289 2796 καὶ
313 2769 363 2803 τῆς
388 2767 443 2794 τῶν
470 2766 610 2802 βασιλίδων
631 2765 710 2792 αὑτοῦ
742 2765 788 2792 καὶ
808 2764 939 2791 παλλακί-

1303 1842 1418 1871 CAPUT
1432 1842 1476 1870 Vl.

1216 1889 1240 1916 E
1255 1889 1365 1917 Cantica
1381 1890 1555 1916 canticorum.

1034 1936 1186 1972 Exponitur
1215 1936 1242 1963 in
1269 1939 1328 1962 toto
1349 1935 1420 1962 libro
1435 1942 1542 1970 sponsas
1566 1941 1630 1969 erga
1653 1941 1784 1969 sponsum

998 1991 1085 2017 amor,
1101 1991 1162 2019 quae
1176 1983 1351 2017 semetipsam
1372 1988 1465 2009 amore
1486 1980 1559 2008 illius
1582 1980 1702 2008 sauciam
1718 1979 1784 2007 fate-

997 2036 1053 2064 tur,
1074 2031 1139 2058 dum
1163 2030 1209 2057 ille
1237 2028 1358 2056 vicissim
1381 2035 1441 2054 eam
1461 2034 1477 2054 e
1503 2027 1597 2054 multis
1613 2027 1700 2054 solam
1723 2033 1784 2054 esse

999 2076 1052 2105 sibi
1075 2075 1222 2111 perfectam
1242 2074 1396 2101 columbam
1421 2073 1455 2105 ³⁷,
1480 2072 1552 2099 inter
1578 2073 1696 2107 reginas,
1715 2079 1783 2099 con—

998 2122 1114 2150 cubinas
1130 2125 1157 2149 et
1181 2119 1400 2147 adolescentulas
1413 2119 1435 2134 “
1458 2118 1597 2153 praedicat.
1621 2117 1706 2145 Judaei
1721 2119 1784 2153 qui—

997 2169 1059 2197 dem
1071 2174 1153 2195 unam
1169 2173 1231 2194 esse
1246 2173 1279 2193 ex
1293 2165 1401 2192 duabus
1416 2167 1443 2192 et
1458 2164 1554 2199 viginti
1570 2171 1639 2199 quas
1653 2163 1782 2191 divinitus

995 2216 1144 2250 inspiratas
1173 2212 1308 2244 credunt,
1332 2211 1403 2238 hanc
1428 2211 1600 2246 Scripturam
1632 2214 1780 2245 reputant;

997 2260 1090 2288 nescio
1122 2267 1158 2286 an
1183 2257 1333 2293 quidquam
1367 2256 1395 2283 in
1422 2255 1463 2283 eis
1487 2255 1580 2282 divina
1604 2255 1781 2290 inspiratione

995 2307 1108 2341 dignum
1131 2303 1275 2332 Ostendere
1297 2306 1409 2337 queant,
1426 2301 1449 2329 si
1474 2301 1543 2328 nihil
1567 2301 1677 2329 litterati
1701 2308 1781 2328 acce-

995 2352 1090 2388 ptione
1101 2350 1191 2384 majus
1207 2349 1253 2376 hic
1270 2348 1433 2382 excogitent.
1450 2347 1502 2380 Qui
1527 2351 1617 2374 autem
1631 2346 1780 2374 obductum

995 2398 1066 2426 valet
1087 2396 1152 2424 huic
1178 2395 1328 2430 Scriptura:
1351 2393 1441 2421 velum
1464 2396 1595 2428 retegere,
1622 2397 1782 2420 convertere

995 2444 1029 2471 ad
1055 2443 1200 2470 Dominum
1229 2442 1301 2478 quod
1321 2447 1364 2470 est
1389 2442 1512 2477 spiritus,
1533 2445 1559 2468 et
1587 2445 1680 2476 aperto
1705 2442 1781 2468 vultu

996 2489 1105 2516 Domini
1131 2489 1245 2524 gloriam
1264 2489 1316 2516 sub
1338 2488 1382 2515 bis
1402 2487 1496 2523 ﬁguris
1520 2487 1647 2514 latentem
1674 2488 1780 2523 perspi-

996 2543 1069 2568 cere,
1085 2534 1229 2562 manifeste
1245 2534 1372 2568 dispiciet
1388 2534 1416 2560 in
1432 2540 1464 2559 ea
1478 2532 1581 2559 Christi
1596 2531 1745 2560 Ecclesiam
1764 2541 1779 2560 a

995 2580 1132 2615 spirituali
1159 2587 1258 2614 sponsa
1276 2579 1391 2614 mystice
1416 2577 1565 2612 designari,
1582 2581 1609 2605 et
1626 2585 1686 2612 quae
1707 2578 1780 2606 dicta

994 2631 1058 2655 sunt
1077 2627 1110 2654 de
1130 2627 1250 2662 perfecto
1269 2626 1331 2653 talis
1355 2631 1463 2659 sponsa:
1479 2631 1592 2660 Sponsa,
1611 2628 1638 2652 et
1662 2625 1696 2652 de
1708 2632 1780 2660 reg:-

994 2681 1091 2700 narum
1120 2673 1191 2708 ejus,
1218 2671 1433 2700 concubinarum
1462 2674 1490 2698 et
1516 2670 1778 2698 adolescentularum

994 2719 1162 2751 discrimine,
1177 2727 1227 2746 nec
1251 2724 1305 2746 non
1320 2724 1489 2752 quaecunque
1508 2724 1607 2749 arcana
1624 2717 1650 2744 in
1668 2717 1720 2744 hoc
1743 2717 1778 2744 li-

994 2765 1044 2792 bro
1066 2765 1225 2793 abscondita
1244 2768 1309 2792 sunt
1335 2763 1508 2796 documenta,
1527 2766 1601 2790 recte
1624 2763 1777 2799 intelliget;

187 2851 210 2866 ²¹⁵
231 2849 330 2885 Ephes.
362 2857 403 2880 vi,
423 2848 465 2875 l2.
505 2849 527 2864 "
540 2847 634 2875 Matth.
653 2855 706 2881 vn,
728 2847 770 2875 Η.
810 2846 862 2873 "'l
881 2846 946 2874 Cor.

1004 2846 1048 2875 21.
1088 2848 1110 2864 ²¹
1132 2846 1154 2875 li
1167 2847 1230 2876 Cor.
1249 2853 1286 2880 tv,
1305 2846 1333 2873 3.
1371 2846 1392 2862 ³⁷
1413 2844 1492 2872 Cant.
1513 2851 1550 2877 ll,
1571 2844 1732 2880 10,14;v,
1748 2844 1776 2874 2.

153 2886 176 2902 "
197 2886 275 2912 Cant.
294 2894 337 2919 vi,
357 2885 382 2916 7,
399 2885 415 2911 8

374 2945 507 2974 PATROL.
529 2944 586 2973 Gn.
611 2942 713 2972 XX“.

1604 2936 1642 2966 36
