2037 3215
267 149 332 175 1131

620 144 755 172 EUSEBH
776 143 1016 172 C(ESARIENSIS
1035 142 1110 170 OPP.
1131 141 1222 168 PARS
1241 141 1286 169 111.
1308 157 1342 162 -
1357 141 1562 169 EXEGETICA.

1830 143 1895 170 lii-2

267 214 328 242 qua:
341 210 368 233 et
392 206 492 233 multas
513 205 568 240 1am
593 203 791 230 elucidationes
811 207 959 229 consecuta
983 205 1058 233 sunt,

1111 201 1162 227 δων
1182 201 1227 227 καὶ
1250 201 1375 227 νεανίδων
1395 201 1541 236 διαφορᾶς,
1565 201 1610 226 καὶ
1633 201 1683 226 ὅσα
1708 200 1775 227 ἄλλα
1799 202 1896 227 ἐναπο-

267 256 294 280 et
310 252 345 280 ab
359 250 544 286 impigerrimo
565 250 719 276 divinarum
749 247 955 284 Scripturarum
972 248 1054 275 inter-

268 303 343 334 prete
361 297 565 326 commentariis
579 296 714 323 illustrata
729 299 803 322 sunt.

563 429 677 456 (ZAPIIT
695 429 749 456 V'll.

608 487 630 513 Ε
645 487 706 514 Job.

302 543 376 571 Inter
392 544 443 570 alia
459 544 509 571 Joh
525 545 582 571 haec
604 544 637 571 de
654 544 769 571 [)omino
784 543 850 570 dicit
867 553 873 570 :
893 552 902 568 ‹
920 543 971 576 Qui
988 550 1056 578 pra:-

267 592 332 626 cipit
349 591 412 622 soli.
429 595 456 617 et
476 599 531 618 non
549 591 658 618 oritur:
685 595 711 618 et
733 590 826 617 stellas
850 589 951 616 claudit
977 589 1056 623 quasi

267 638 317 665 sub
333 638 473 673 signaculo
488 647 493 664 :
510 637 555 672 qui
573 637 696 664 extendit
719 636 814 667 ccelos,
832 640 858 663 et
872 635 996 670 graditur
1011 643 1056 663 su-

267 691 315 718 per
326 691 399 710 mare
408 687 537 718 tanquam
549 690 630 717 super
640 682 824 717 pavimentum
832 682 865 708 ²⁰.
878 691 886 706 ι
898 680 929 707 Ει
938 687 1034 708 rursus
1048 690 1054 707 :

269 737 278 753 ε
292 728 344 761 Qui
363 735 491 763 magnum
508 731 567 754 cete
582 726 768 754 debellaturus
783 726 864 753 est”.
876 736 884 751 ›
896 725 963 753 Cum
975 725 1057 761 igitur

269 774 313 802 Dei
324 774 444 801 omnium
456 773 681 809 magnanimitate
689 772 828 808 indignum
838 773 883 804 sil,
893 780 954 799 eum
968 773 1056 807 suspi-

269 821 344 852 cari,
360 820 542 855 complentem
561 819 667 851 omnia,
681 819 862 846 ambulavisse
885 826 968 853 super
982 825 1057 845 mare

269 870 352 893 tanta:
361 873 445 900 capax
455 863 660 900 magnitudinis,
669 869 794 899 superest
812 869 843 891 ut
856 864 889 890 de
898 863 986 890 Verbo
999 863 1056 890 haec

268 912 428 947 cogitemus.
437 910 524 945 Cujus
533 911 632 937 virtute
641 909 735 942 Josue,
742 910 818 936 ﬁlius
825 909 909 939 Nare.
918 910 963 944 qui
973 909 1056 943 hujus

267 961 328 985 erat
346 957 441 992 ﬁgura,
463 957 513 984 soli
533 956 677 991 imperavit
700 959 727 983 et
748 955 822 983 stetit
841 955 867 981 in
887 954 999 982 Gabaon
1012 955 1054 987 ³¹;

265 1010 297 1028 ac
322 1002 382 1035 ejus
404 1001 541 1036 passionis
561 1005 694 1036 tempore,
715 1000 809 1027 divino
839 1000 913 1026 velut
939 999 1055 1034 quodam

266 1049 354 1084 iussu.
371 1049 412 1076 sol
431 1048 586 1074 universam
604 1050 706 1073 terram
723 1045 870 1081 complevit
889 1045 1011 1073 tenebris
1022 1038 1054 1071 ³’¹.

266 1095 316 1122 llic
335 1099 378 1122 est
404 1103 413 1119 ι
444 1093 489 1128 qni
514 1092 638 1120 extendit
666 1092 751 1120 cados
772 1096 799 1120 et
825 1091 949 1127 graditur
975 1099 1058 1126 super

266 1148 341 1167 mare
354 1140 376 1155 ³³
398 1139 477 1174 quasi
505 1147 587 1173 super
609 1138 805 1174 pavimentum,
838 1147 847 1163 ι
879 1145 940 1164 cum
969 1137 1057 1164 factus

267 1186 349 1213 homo
364 1185 495 1212 miracula
508 1188 598 1220 patrat
609 1192 670 1218 qua:
685 1185 712 1211 in
728 1183 883 1219 Evangeliis
896 1186 1056 1210 narrantur.

266 1232 345 1266 Quod
356 1226 383 1259 si.
398 1232 510 1259 omnino
528 1231 562 1259 ad
577 1230 624 1259 Dei
649 1230 765 1258 Verbum
783 1234 888 1265 spectat
910 1230 954 1257 hic
969 1231 1056 1261 locus,

266 1278 300 1305 de
314 1286 347 1305 eo
364 1277 541 1313 intelligenda
560 1282 624 1306 sunt
644 1285 698 1304 non
714 1281 819 1304 tantum
835 1284 896 1312 quae
907 1276 963 1310 jam
984 1279 1058 1303 retu-

267 1323 360 1354 limus,
379 1322 426 1350 sed
441 1327 468 1349 et
483 1322 574 1350 omnia
594 1323 620 1349 in
636 1322 688 1349 hoc
702 1322 853 1357 fragmento
868 1329 882 1348 a
898 1321 950 1349 Job
972 1321 1056 1348 dicta.

267 1367 374 1393 Etenim
401 1374 529 1402 magnum
555 1371 646 1394 cetum
672 1367 748 1394 solus
781 1367 930 1401 superavit,
961 1367 1058 1394 solutis

270 1412 366 1440 mortis
391 1413 520 1445 vinculis,
545 1418 571 1440 et
597 1420 695 1448 magno
719 1420 782 1440 vere
806 1413 926 1440 dracone
949 1413 1059 1440 diabolo

269 1461 418 1491 prostrato,
440 1457 486 1492 qui
511 1457 648 1492 quondam
674 1457 814 1485 hominum
838 1458 943 1485 animas
964 1458 1059 1485 absor-

270 1504 367 1530 buerat
385 1503 492 1535 fortior,
522 1503 575 1531 ceti
599 1503 687 1531 instar
705 1503 802 1531 Jonam
822 1504 945 1532 vorantis
960 1505 992 1537 “,
1008 1512 1059 1532 nu-

1107 245 1260 280 κέκρυπται
1278 247 1310 280 τῇ
1329 245 1412 280 βίϐλῳ
1427 245 1633 281 ἀπορῤητότερα
1648 245 1804 280 μαθήματα,
1818 246 1836 272 ἃ
1853 247 1896 272 καὶ

1107 289 1294 324 πληρεστάτης
1306 290 1357 325 ἤδη
1375 290 1522 325 σαφηνείας
1540 290 1644 325 ἔτυχεν,
1659 291 1686 316 ἐν
1705 288 1745 322 οἷς
1759 292 1774 316 ὁ
1788 290 1896 324 φιλοπος

1106 335 1224 367 νώτατος
1250 335 1304 361 τῶν
1330 336 1409 362 θείων
1435 336 1549 371 Γραφῶν
1573 336 1705 372 ἐξηγητὴς
1733 337 1897 372 ύπεμνημα-

1106 381 1208 406 τίσατο.

1373 437 1568 463 ΚΙΕΦΛΛΑΙΟΝ
1589 437 1624 462 Ζ’.

1389 492 1459 518 ’Λπὸ
1475 493 1527 519 τοῦ
1550 493 1616 519 Ἰὼϐ.

1148 550 1176 576 ’0
1199 548 1256 576 Ίώϐ
1271 551 1344 576 ἐστιν
1358 549 1372 576 ὁ
1385 549 1496 583 φάσκων
1513 548 1576 582 περὶ
1587 547 1634 574 τοῦ
1650 547 1750 583 Κυρίου
1769 547 1839 582 μετά
1854 548 1899 574 καὶ

1106 595 1217 630 ἑτέρων,
1233 605 1242 621 ‹
1263 596 1292 622 '0
1305 595 1391 629 λέγων
1403 594 1441 630 τῷ
1455 594 1522 630 ἡλίῳ
1538 594 1585 620 καὶ
1600 594 1650 620 οὐκ
1665 593 1815 624 ἀνατέλλει.
1830 594 1899 619 κατὰ

1105 642 1134 668 δὲ
1151 641 1258 678 ἄστρων
1285 640 1516 676 κατασφραγίζει·
1536 641 1549 666 ὁ
1576 639 1692 672 τανύσας
1715 640 1760 666 τὸν
1786 640 1899 675 οὐρανὸν

1107 688 1196 723 μόνος,
1209 688 1256 714 καὶ
1269 688 1425 723 περιπατῶν
1435 688 1473 719 ὡς
1484 687 1530 713 ἐπὶ
1541 687 1654 720 ἐδάφους
1667 686 1712 712 ἐπὶ
1726 685 1876 720 θαλάσσης·
1888 695 1897 711 ι

1107 734 1153 760 καὶ
1167 733 1258 768 πάλιν,
1273 743 1282 758 ί
1304 734 1332 760 '0
1345 734 1448 768 μέλλων
1460 734 1489 759 τὸ
1506 733 1576 768 μέγα
1589 733 1669 768 κῆτος
1683 732 1877 768 χειρώσασθαι.
1888 741 1897 757 t

1113 779 1190 806 Ἐπεὶ
1203 780 1293 806 τοίνυν
1308 780 1359 806 οὐκ
1370 779 1460 814 ἔχεται
1477 780 1526 814 τῆς
1542 779 1606 815 περὶ
1619 778 1664 806 τοῦ
1679 778 1733 805 τῶν
1746 779 1817 807 ὅλων
1834 778 1899 807 8εοῦ

1108 825 1282 861 μεγαλονοίας
1307 825 1336 851 τὸ
1362 825 1563 860 ὑπολαμϐάνειν
1589 824 1668 851 αὑτὸν
1693 825 1727 850 τὰ
1757 823 1900 859 σύμπαντα

1071 890 1092 917 Β
1108 871 1260 907 πληροῦντα
1284 872 1331 898 ἐπὶ
1353 870 1475 908 Θαλάσσῃ
1500 871 1554 906 (ης)
1571 872 1730 906 περιπατεῖν
1759 871 1900 906 χωρούσης

1107 917 1189 942 αὑτοῦ
1207 917 1236 943 τὸ
1250 916 1328 943 τοσοῦ
1339 916 1372 952 (ἲ)
1391 917 1513 952 μέγεθος,
1533 916 1654 944 λείπεται
1674 916 1797 952 περὶτοῦ
1815 917 1900 950 Λόγου

1107 961 1192 989 ταῦτα
1203 963 1271 989 νοεῖν
1283 971 1289 977 ·
1303 960 1333 988 οὗ
1348 963 1381 997 τῇ
1399 961 1522 997 δυνάμει,
1541 961 1625 994 τύπος
1644 962 1727 988 αὐτοῦ
1746 962 1900 997 τυγχάνων,

1106 1010 1120 1035 ὁ
1138 1009 1183 1035 τοῦ
1207 1009 1283 1043 Ναυὴ
1303 1008 1406 1043 Ἰησοῦς
1431 1006 1506 1034 εἶπεν
1526 1007 1565 1043 τῷ
1586 1008 1654 1043 ἡλίῳ
1680 1008 1727 1034 καὶ
1744 1007 1810 1042 ἔστη
1835 1007 1903 1034 κατὰ

1108 1055 1230 1086 Γαϐαὼν,
1248 1055 1315 1082 ἀλλὰ
1325 1056 1372 1082 καὶ
1383 1055 1454 1082 κατὰ
1465 1055 1510 1081 τὸν
1523 1055 1616 1090 καιρὸν
1627 1055 1674 1081 τοῦ
1690 1054 1794 1085 πάθους
1807 1053 1901 1083 αὑτοῦ,

1107 1100 1226 1136 ὡσπερεὶ
1237 1100 1297 1136 θείᾳ
1309 1101 1361 1127 τινὶ
1376 1100 1532 1135 προστάξει,
1543 1101 1557 1126 6
1568 1100 1642 1135 ἣλιος
1655 1100 1702 1126 ἐπὶ
1720 1100 1812 1126 πᾶσαν
1829 1099 1902 1125 ἐσκόι

1107 1154 1188 1172 τασεν
1211 1146 1260 1181 τὴν
1277 1146 1339 1181 γῆν.
1361 1145 1446 1178 Αὐτὸς
1465 1145 1492 1172 δέ
1512 1146 1586 1172 ἐστιν
1603 1155 1612 1170 ι
1632 1147 1645 1171 ὁ
1659 1145 1778 1176 τανύσας
1798 1144 1845 1171 τὸν
1861 1144 1905 1170 0-3-

1108 1190 1200 1226 ρανὸν,
1214 1191 1228 1216 ὁ
1245 1192 1291 1217 καὶ
1305 1192 1492 1227 περιπατήσας
1503 1191 1541 1223 ὡς
1556 1191 1598 1217 ἐπ’
1614 1191 1729 1225 ἐδάφους
1743 1190 1791 1217 ἐπὶ
1805 1190 1904 1217 θαλάσ-

1109 1245 1168 1272 σης,
1185 1247 1193 1262 ι
1208 1236 1326 1272 ὁπηνίκα
1337 1237 1552 1273 ἐνανορωπήσας
1566 1237 1690 1264 ἀπετέλει
1707 1236 1740 1263 τὰ
1752 1236 1902 1270 παράδοξα.

1109 1282 1200 1314 καθὼς
1215 1283 1243 1309 ὲν
1254 1284 1311 1314 τοῖς
1323 1283 1497 1318 Εὐαγγελίοις
1520 1283 1668 1319 ἱστόρηται.
1689 1283 1720 1309 Εἰ
1733 1283 1756 1309 δ’
1771 1283 1841 1314 ὅλως
1859 1283 1905 1308 ἐπι

1107 1328 1152 1354 τὸν
1169 1328 1214 1354 τοῦ
1235 1328 1302 1355 Θεοῦ
1320 1329 1405 1363 Λόγον
1425 1329 1460 1355 τὰ
1474 1329 1545 1355 κατὰ
1559 1329 1621 1361 τοὺς
1640 1330 1739 1360 τόπους
1760 1328 1904 1363 ἀναφέροι,

1109 1374 1138 1400 τὺ
1163 1374 1227 1409 ἑξῆς
1242 1374 1274 1401 ἂν
1290 1375 1332 1410 εἴη
1349 1375 1386 1410 μὴ
1411 1375 1479 1409 μόνα
1503 1375 1574 1410 ἅπερ
1597 1375 1746 1410 ὲξεθέμεοα
1773 1374 1844 1410 ῥητὰ
1865 1375 1905 1406 εὶς

1110 1419 1190 1446 αὐτὸν
1207 1419 1398 1456 ἐκλαμϐάνειν,
1414 1420 1480 1447 ἀλλὰ
1501 1420 1548 1447 καὶ
1567 1421 1654 1447 πάντα
1671 1421 1704 1446 τὰ
1721 1422 1750 1447 ἐν
1769 1422 1802 1455 τῇ
1826 1428 1904 1455 περι-

1111 1467 1181 1501 κοπῇ
1197 1466 1250 1492 ὑπὸ
1264 1466 1311 1493 τοῦ
1333 1466 1392 1492 Ἰὼϐ
1408 1467 1557 1501 λεγόμενα·
1591 1466 1636 1492 καὶ
1652 1466 1707 1501 γὰρ
1721 1466 1768 1492 καὶ
1787 1466 1820 1492 τὸ
1833 1465 1906 1501 μέγα

1111 1511 1192 1547 κῆτος
1208 1512 1286 1547 μόνος
1304 1513 1384 1545 αὐτὸς
1398 1512 1573 1548 ἐχειρώσατο,
1587 1512 1671 1543 λύσας
1685 1511 1733 1543 τὰς
1744 1511 1845 1542 ὠδῖνας
1858 1511 1905 1537 τοῦ

271 1549 389 1583 perrime
412 1557 477 1576 vero
501 1548 536 1576 ab
560 1548 720 1576 adversario
746 1556 796 1576 suo
821 1549 966 1581 devictus,
990 1557 1058 1585 quos

1110 1557 1236 1590 θανάτου,
1251 1559 1296 1585 καὶ
1310 1558 1354 1585 τὸν
1367 1559 1452 1594 μέγαν
1467 1559 1504 1591 ὡς
1521 1558 1628 1593 ἀληθῶς
1641 1558 1775 1593 δράκοντα
1790 1558 1837 1584 τὸν
1850 1558 1907 1585 διὰ-

271 1594 335 1620 olim
351 1594 496 1621 sorbuerat
520 1594 623 1626 emisit,
638 1594 869 1629 quemadmodum
887 1595 1055 1624 incolumem

272 1643 425 1667 monstrum
444 1639 541 1667 Jonam
558 1639 696 1672 reddidit;
715 1639 754 1668 sic
776 1640 886 1675 impleta
905 1641 1057 1676 prophetia,

270 1685 299 1712 in
314 1693 369 1720 qua
385 1685 489 1712 dictum
505 1689 566 1713 est:
587 1695 596 1711 ‹
624 1685 783 1720 Absumpsit
808 1693 882 1713 mors
899 1686 1006 1720 fortior,
1032 1691 1059 1714 et

269 1731 375 1760 auferet
387 1732 518 1760 Dominus
538 1731 609 1760 Deus
624 1733 771 1767 lacrymam
787 1732 820 1759 ab
836 1733 910 1759 onmi
922 1733 1030 1761 facie”.
1047 1744 1056 1759 ι

270 1779 347 1812 Quod
361 1785 388 1807 et
403 1779 520 1807 dicimus
534 1783 645 1814 propter
668 1786 741 1810 eum,
757 1780 804 1814 qui
822 1786 949 1814 magnum
968 1784 1059 1807 cetum

270 1824 315 1850 hic
335 1824 507 1859 designatum
524 1825 683 1859 prostravit,
712 1823 880 1851 Salvatorem
900 1823 1059 1852 Dominum-

271 1878 323 1904 que
340 1874 473 1898 nostrum.

1109 1602 1185 1630 ϐολον
1203 1605 1388 1640 καταργήσας,
1406 1603 1435 1636 ὃς
1451 1604 1535 1631 πάλαι
1553 1604 1601 1639 μὲν
1616 1604 1667 1638 τὰς
1685 1603 1740 1629 τῶν
1753 1603 1907 1638 ἀνθρώπων

1108 1648 1196 1684 ψυχὰς
1209 1649 1352 1676 κατέπινεν
1366 1650 1487 1685 ἰσχύσας,
1500 1650 1578 1686 δίκην
1588 1649 1633 1676 τοῦ
1646 1650 1692 1676 τὸν
1710 1650 1804 1677 Ίωνᾶν
1819 1658 1906 1676 κατα-

1109 1695 1267 1727 πεπωκότος
1294 1697 1402 1731 κήτους,
1433 1696 1575 1732 χειρωθεὶς
1591 1696 1612 1723 δ’
1639 1696 1752 1731 ὕστερον
1777 1695 1833 1722 ὑπὸ
1861 1695 1907 1721 τοῦ

1109 1749 1179 1767 κατα
1191 1741 1371 1773 παλαίσαντος
1385 1742 1475 1773 αὐτὸν,
1495 1742 1651 1777 προήγαγεν
1667 1739 1744 1773 αὖθις
1758 1741 1807 1772 οὓς
1824 1741 1908 1767 πάλαι

1111 1787 1317 1821 καταπεπώκει,
1337 1788 1437 1823 ὁμοίως
1455 1788 1494 1823 τῷ
1508 1788 1552 1814 τὸν
1571 1789 1663 1815 Ἰωνᾶν
1685 1787 1755 1814 σῶον
1771 1787 1907 1814 ἀποδεδω-

1111 1833 1170 1859 κότι
1183 1833 1286 1869 Θηρίῳ’
1315 1834 1503 1870 πληρουμένης
1524 1835 1553 1860 ὲν
1569 1833 1655 1869 τούτῳ
1669 1834 1839 1869 προφητείας
1858 1842 1907 1867 φα-

1112 1879 1240 1915 σκούσης,
1260 1890 1268 1905 ε
1288 1880 1425 1907 Κατέπιεν
1445 1882 1458 1907 ὁ
1474 1880 1587 1912 θάνατος
1612 1880 1735 1915 ἰσχύσας,
1762 1881 1810 1907 καὶ
1827 1880 1907 1906 πάλιν

270 1919 379 1952 ἀφεῖλεν
392 1920 406 1945 ὁ
421 1919 487 1951 Θεὸς
498 1919 551 1945 πᾶν
564 1919 679 1954 δάκρυον
694 1917 747 1944 ἀπὸ
763 1918 862 1949 παντὸς
875 1918 1030 1953 προσώπου·
1046 1931 1054 1946 ι
1077 1924 1090 1949 ὃ
1107 1927 1152 1953 καὶ
1186 1927 1299 1963 λέγομεν
1312 1929 1354 1954 διὰ
1367 1928 1410 1954 τὸν
1423 1928 1452 1954 τὸ
1471 1928 1615 1963 λεγόμενον
1638 1928 1755 1955 ἐνταῦθα
1773 1928 1847 1963 μέγα
1859 1927 1894 1961 κῆ

271 1973 316 1996 τος
332 1964 533 2000 χειρωσάμενον
547 1964 662 1999 Σωτῆρα
678 1964 725 1990 καὶ
741 1964 841 1999 Κύριον
856 1965 943 1999 ἡμῶν.

567 2018 682 2046 CAPUT
694 2019 761 2047 Vlll.

620 2075 718 2103 EJob.

310 2132 440 2160 Dominus
454 2133 481 2160 in
507 2140 557 2160 sua
580 2132 614 2160 ad
637 2132 688 2160 Job
715 2133 897 2167 apparitione.
922 2134 1063 2170 sapientim

272 2183 300 2206 et
314 2178 490 2214 providentia:
501 2186 557 2206 sua:
571 2185 653 2213 opera
668 2185 845 2210 enumerans,
856 2178 938 2206 dicit:
959 2189 968 2204 ‹
987 2179 1064 2206 Νυη-

1377 2027 1577 2054 ΚΕΦΛΛΑΙΟΝ
1597 2028 1638 2055 ﬂ'.

1394 2086 1460 2113 Ἀπὸ
1476 2086 1530 2113 τοῦ
1551 2085 1624 2112 Ἰὼϐ.

1154 2141 1182 2167 ’0
1193 2142 1294 2177 Κύριος
1314 2143 1343 2169 ἐν
1359 2142 1399 2178 τῷ
1421 2142 1490 2178 πρὸς
1511 2142 1557 2170 τὸν
1579 2141 1638 2169 Ἰὼϐ
1663 2143 1852 2178 χρηματισμιῷ
1875 2144 1906 2169 si

1112 2185 1161 2220 τῆς
1174 2186 1270 2213 ἑαυτοῦ
1289 2187 1416 2222 προνοίας
1427 2188 1474 2213 καὶ
1485 2187 1642 2222 οἰκονομίας
1658 2187 1726 2222 ἔργα
1739 2186 1847 2219 διεξιών
1859 2196 1907 2222 φη-

273 2224 349 2259 quid,
364 2227 472 2258 sumpto
486 2228 566 2251 terra:
578 2223 757 2255 luto,animal
771 2223 924 2256 fabricasti,
937 2225 1058 2260 loquens-

1121 2241 1161 2263 σι,
1181 2241 1190 2258 ‹
1213 2233 1267 2259 Καὶ
1294 2233 1432 2259 συλλαϐὼν
1453 2233 1504 2268 γῆν
1520 2233 1613 2268 πηλὸν,
1632 2231 1752 2264 ἔπλασας
1768 2231 1848 2263 ζῶον,
1863 2232 1906 2258 καὶ

275 2278 328 2306 que
344 2270 409 2297 illud
432 2270 548 2304 posuisti
575 2270 602 2297 in
619 2270 714 2297 terra?
742 2270 886 2298 Abstulisti
912 2272 946 2299 ab
970 2273 1062 2308 impiis

275 2318 409 2348 lucem,et
421 2316 533 2343 brachia
545 2316 726 2350 superborum
738 2316 920 2352 confregisti?
936 2317 1061 2353 Nunquid

275 2364 414 2398 ingressus
426 2371 456 2390 es
479 2362 567 2390 fontes
581 2362 675 2394 maris,
698 2366 725 2390 et
751 2363 777 2389 in
792 2364 949 2391 novissimis
972 2364 1063 2400 abyssi

275 2411 454 2439 deambulasli
464 2412 475 2437 ’ί
486 2409 615 2445 Nunquid
629 2415 730 2445 apertae
744 2415 808 2438 sunt
824 2412 873 2438 tibi
888 2419 949 2438 cum
967 2414 1063 2440 timore

276 2462 363 2492 portae
375 2457 481 2488 mortis,
492 2462 519 2484 et
527 2457 596 2485 ostia
605 2456 750 2485 tenebrosa
763 2457 902 2485 vidisti”?
915 2467 924 2483 ι
938 2457 999 2485 Haec
1014 2466 1064 2486 au-

276 2508 330 2531 tem
339 2504 378 2530 ait
387 2503 517 2530 Dominus
526 2503 559 2530 ad
568 2502 620 2530 Job
627 2502 661 2530 de
672 2511 701 2531 se
708 2511 711 2515 ·
718 2503 788 2539 ipso,
797 2504 868 2538 quod
883 2511 898 2530 a
914 2505 988 2531 nullo
998 2505 1062 2538 alio,

278 2549 331 2577 nisi
345 2556 362 2576 a
375 2549 522 2584 semetipso
543 2549 608 2576 talia
635 2548 691 2577 fieri
710 2550 881 2584 potuissentJ
895 2550 963 2582 Quis
976 2551 1061 2582 enim,

277 2599 387 2630 sltmpta
397 2599 481 2627 terra,
491 2595 590 2622 animal
598 2596 688 2628 finxit,
700 2595 754 2622 nisi
763 2595 835 2623 Deus
843 2596 889 2631 qui
898 2596 1016 2631 sumpsit
1030 2597 1064 2624 de

277 2641 343 2668 limo
360 2645 441 2669 terra:
456 2641 588 2676 ﬁnxitque
612 2641 773 2668 hominem?
792 2641 856 2669 Inde
878 2642 958 2670 simul
984 2642 1065 2670 doce-

278 2695 350 2719 mur,
366 2687 483 2716 hominis
497 2687 655 2715 Creatorem
670 2687 797 2715 eumdem
813 2696 875 2716 esse
891 2695 924 2715 ac
942 2689 988 2723 qui
1004 2696 1065 2723 pro-

278 2732 440 2760 fundissima
454 2737 535 2761 terrae
550 2733 690 2768 ingressus
705 2736 758 2766 est,
784 2737 865 2769 atque
878 2734 906 2761 in
920 2734 980 2768 ejus
994 2742 1063 2768 pne-

315 2825 337 2839 "
354 2823 405 2850 Job
421 2831 465 2856 Ix,
482 2825 508 2857 7,
526 2825 548 2850 8,
582 2825 612 2859 f"
631 2824 681 2851 Job
701 2833 745 2855 tu,
766 2825 792 2851 3.
832 2825 851 2840 "
873 2824 929 2854 Jos.
949 2835 963 2853 χ
976 2847 982 2859 ,
1002 2826 1044 2854 12.

280 2859 301 2874 ³³
322 2859 373 2886 lsa.
393 2867 453 2889 xxv.
472 2861 498 2886 8.
538 2860 560 2874 "
577 2857 627 2886 Job
648 2868 762 2891 utimr,
777 2860 864 2888 H-l7.

1115 2277 1227 2312 λαλητὺν
1252 2278 1332 2305 αὐτὸν
1349 2278 1410 2305 ἔθου
1425 2279 1471 2305 ἐπὶ
1494 2280 1542 2314 τῆς
1563 2279 1630 2313 γῆς;
1652 2277 1778 2312 ’Δφείλας
1801 2278 1830 2304 δὲ
1856 2278 1907 2304 ἀπὺ

1116 2323 1221 2349 ἀσεϐῶν
1242 2324 1272 2350 τὸ
1287 2323 1354 2358 φῶς,
1369 2324 1515 2360 βραχίονας
1533 2325 1562 2350 δὲ
1577 2324 1759 2360 ὑπερηφάνων
1784 2323 1906 2358 συνέτρι-

1115 2369 1186 2403 ψαςς
1207 2367 1307 2401 Ἦλθες
1324 2370 1352 2396 δὲ
1370 2371 1416 2397 ἐπὶ
1431 2371 1523 2406 πηγὴν
1540 2370 1686 2405 Θαλάσσης,
1710 2370 1739 2395 ἐν
1759 2369 1788 2395 δὲ
1808 2369 1906 2404 ἴχνεσιν

1117 2415 1234 2442 ἀϐύσσου
1250 2416 1470 2452 περιεπάτησας;
1492 2416 1656 2450 ’Δνοίγονται
1670 2415 1698 2441 δέ
1714 2423 1756 2442 σοι
1770 2415 1846 2449 φόϐῳ
1859 2414 1907 2440 πύ-

1117 2459 1160 2487 λαι
1181 2460 1305 2491 θανάτου,
1323 2461 1354 2496 (f.
1372 2461 1407 2488 28
1421 2464 1457 2496 νυ)
1490 2460 1609 2496 πυλωροὶ
1626 2460 1654 2486 δὲ
1676 2459 1739 2495 ᾅδου
1762 2459 1864 2490 ἰδόντες
1878 2467 1904 2484 σε

1117 2507 1253 2542 Ern-qi”;
1270 2518 1278 2532 ι
1297 2507 1388 2533 Ταῦτα
1408 2507 1437 2534 δέ
1450 2515 1531 2541 φησιν
1545 2507 1559 2532 ὁ
1576 2506 1676 2541 Κύριος
1698 2505 1766 2541 πρὸς
1785 2505 1831 2532 τδν
1849 2504 1906 2530 Ὶὼϐ

1117 2553 1181 2588 περὶ
1196 2551 1304 2584 ἑαυτοῦ,
1321 2551 1357 2584 ὡς
1384 2551 1497 2587 μηδενὸς
1515 2551 1608 2586 ἑτέρου
1632 2550 1702 2585 πλὴν
1719 2549 1802 2576 αὑτοῦ
1827 2548 1906 2583 μόνον

1116 2598 1266 2633 δυναμένου
1283 2598 1316 2624 τὰ
1337 2597 1487 2632 τηλικαῦτα
1506 2597 1626 2632 ἐνεργεῖν
1638 2605 1645 2611 ’
1665 2596 1706 2627 τίς
1727 2595 1782 2629 γάρ
1803 2595 1877 2621 ἐστιν
1894 2594 1906 2618 ὁ

1116 2643 1206 2670 λαϐὼν
1221 2644 1272 2679 γῆν
1287 2644 1334 2671 καὶ
1350 2644 1455 2675 πλάσας
1472 2643 1550 2676 ζῶον,
1571 2644 1587 2678 ἢ
1606 2645 1620 2669 ὁ
1631 2642 1698 2673 Θεὸς
1713 2643 1726 2667 ὸ
1741 2640 1835 2668 λαϐὼν
1846 2639 1906 2675 χοῦν

1117 2690 1170 2716 ἀπὸ
1185 2690 1235 2725 τῆς
1251 2691 1302 2725 γῆς
1323 2691 1367 2716 καὶ
1380 2690 1484 2721 πλάσας
1503 2690 1548 2716 τὸν
1562 2689 1718 2724 ἄνθρωπον;
1734 2689 1811 2722 "Atta
1827 2687 1856 2713 δὲ
1871 2685 1907 2712 δι-

1116 2735 1271 2771 δασκόμεθα
1283 2735 1417 2768 ἐντεῦθεν,
1436 2736 1472 2766 ὡς
1489 2736 1542 2770 ἄρα
1558 2736 1572 2762 ὁ
1588 2735 1692 2766 πλάσας
1706 2734 1750 2760 τὸν
1766 2733 1908 2768 ἄνθρωπον

1085 2826 1105 2842 ²¹
1129 2826 1221 2853 Matth.
1243 2835 1331 2859 xxvn,
1351 2827 1395 2854 45.
1435 2827 1456 2842 ⁸³
1476 2825 1525 2853 Job
1550 2834 1592 2859 Ix,
1611 2826 1638 2853 8.
1679 2824 1700 2841 ³⁸
1721 2823 1807 2851 Jonas
1826 2833 1858 2855 τι,
1882 2825 1904 2850 1.
