2037 3215
142 205 212 233 1137

651 204 802 232 ΕϐιΟϐΑΞ
822 204 1064 232 PROPIIETICE.
1082 220 1116 226 —-
1136 204 1201 232 LIB.
1222 203 1266 232 III.

1694 205 1765 233 “58

140 263 207 289 λεσα
220 262 264 289 τὸν
279 262 335 288 υἱόν
349 271 409 298 μου’
429 272 438 288 ι
459 263 551 298 σαφῶς
561 263 615 298 γὰρ
631 263 757 298 δηλοῦται
777 264 793 299 ἡ
810 264 930 300 ἀποϐολὴ

983 264 1028 297 iit;
1041 265 1076 291 ita
1089 267 1117 290 ut
1128 263 1264 291 diceretur
1276 273 1282 290 :
1295 272 1304 289 ι
1318 263 1395 290 Mane
1414 264 1571 299 pertransiit
1584 272 1629 292 rex
1645 263 1738 292 Israel.
1753 275 1762 291 ι

141 307 192 342 τῆς
205 307 253 333 τοῦ
277 306 384 342 Ἰσραὴλ
399 307 545 342 βασιλείας,
563 308 624 343 ἥτις
641 309 721 344 μέχρι
742 310 791 344 τῆς
809 308 856 335 τοῦ
872 310 929 335 Σω-

140 352 225 387 τῆρος
238 352 316 387 ἡμῶν
331 353 491 387 ἐπιφανείας
505 355 626 380 συστᾶσα
640 354 670 387 ἐξ
684 355 768 390 αὐτῆς
778 355 929 390 ἀπερρίφη,

141 398 189 424 καὶ
202 398 404 433 κατεσιωπήθη·
419 399 456 431 ὼς
468 398 513 425 διὰ
528 399 608 426 τοῦτο
618 400 742 436 εἰρῆσθαι
752 401 792 432 τὸ,
805 410 814 425 ι
826 401 870 427 Ἐν
884 401 930 436 ὄρ-

142 444 200 479 θρῳ
212 444 404 480 κατεσιωπήθη
419 444 542 479 βασιλεὺς
555 446 672 482 Ἰσραὴλ·
686 456 694 472 ι
706 446 803 482 ὄρθρον
814 447 862 482 τὴν
871 448 930 474 ἐπι-

143 490 256 524 φάνειαν
270 491 318 516 καὶ
332 491 382 526 τὴν
396 491 455 517 τότε
471 492 582 528 πρώτην
595 494 635 524 εἰς
655 493 757 525 πάντας
772 493 932 529 ἀνθρώπους

142 536 273 572 ἀνατολὴν
286 536 332 562 τοῦ
348 536 420 563 θείου
431 538 517 571 Λόγου
533 538 583 573 τῆς
603 539 771 574 προφητείας
785 539 932 574 ὀνομαζού-

143 590 194 616 σης
221 591 229 606 ι
251 583 280 608 ὲν
299 581 398 617 ὄρθρῳ·
425 591 434 607 ι
464 582 573 609 δύναται
600 583 647 609 καὶ
671 583 735 618 περὶ
761 582 808 610 τοῦ
843 583 931 619 ’11ρὼ-

139 627 186 653 δου
216 626 444 662 προθεσπίζεσθαι
471 627 515 659 τὸ,
542 636 552 652 ‹
582 627 776 663 κατεσιωπὴθη
804 627 931 662 βασιλεὺς

148 672 267 707 Ἰσραήλ-
286 681 295 697 ι
318 671 355 703 ὡς
376 672 420 699 διὰ
441 672 486 699 τὸν
511 673 727 708 παραλογισμὸν,
748 674 777 699 ὃν
797 673 931 700 πέπονθεν

141 719 195 745 ὑπὸ
211 718 264 745 τῶν
279 718 373 754 μάγων
386 719 432 745 ἐπὶ
444 721 476 754 τῇ
492 719 538 745 τοῦ
553 720 679 755 Σωτῆρος
693 720 771 755 ἡμῶν
786 719 901 753 γενέσει,
913 719 930 746 ἃ

140 764 190 791 καὶ
204 764 376 800 συμὸἐὸηκεν
397 764 440 791 διὰ
459 765 508 800 τὴν
524 765 571 792 τοῦ
593 766 700 801 Πατρὸς
719 766 784 801 περὶ
802 765 846 792 τὸν
866 765 930 792 ἴδιον

140 810 225 837 παῖδα
235 810 280 836 τὸν
292 810 394 845 Κύριον
411 810 488 846 ἡμῶν
508 810 610 846 Ἰησοῦν
625 811 742 847 Χριστὸν
756 811 877 846 ἀγάπην,
893 811 930 843 ὡς

139 857 188 884 καὶ
202 858 230 883 ὲν
239 857 333 887 ἄλλαις
341 856 521 892 προφητείαις
535 857 644 893 Ἰσραὴλ
656 858 702 884 κα)¹
717 857 835 884 ἐνταῦθα
847 866 931 893 προσ-

139 902 348 938 αγορευόμενον’
370 903 400 929 ὃν
421 903 490 929 κατὰ
504 902 598 938 καιρὸν
612 903 660 938 μὲν
674 903 868 938 ᾡκονομήσατο
882 902 928 928 ἐπὶ

139 949 190 983 τὴν
206 949 342 982 Αἴγυπτον
358 949 415 984 ἅμα
429 948 468 984 τῷ
492 948 590 984 Ἰωσὴφ
602 949 649 975 καὶ
664 949 697 984 τῇ
717 949 801 984 μητρὶ⁴
814 949 929 984 ἀπᾶραι,

139 995 185 1021 ὅτε
195 995 241 1021 καὶ
251 995 330 1030 χρεία
341 995 433 1022 ἐκάλει
444 995 490 1021 τὸν
503 995 712 1022 ἐπιϐουλεύοντα
722 995 796 1030 αὐτῷ
807 995 928 1030 βασιλέα,

138 1041 220 1076 δῆλον
239 1041 280 1067 ὅτι
301 1040 347 1070 τὸν
376 1041 511 1077 Ἣρώδηνί
538 1042 788 1076 κατασιωπηθῆναι·
812 1039 889 1073 αὖθις
907 1041 930 1068 δ’

140 1086 222 1112 αὐτὸν
245 1086 341 1112 τούτου
358 1086 570 1122 τελευτήσαντος
584 1087 761 1114 ἀνακαλεῖται
778 1087 931 1119 ἀκολούθως

142 1134 176 1167 τῇ
195 1132 263 1167 μετὰ
287 1134 380 1168 χεῖρας
402 1133 565 1168 προφητείᾳ.
585 1133 617 1159 Εί
635 1133 656 1159 δ’
672 1133 718 1159 ἐπὶ
735 1133 781 1159 τὸν
799 1132 931 1159 Ἰουδαίων

140 1178 205 1205 λαὸν
231 1177 318 1204 ταῦτά
342 1187 384 1210 τις
410 1178 541 1214 ἀναφέροι
568 1179 679 1213 φάσκων
704 1179 767 1214 περὶ
792 1178 838 1205 τοῦ
866 1178 929 1204 λαοῦ

149 1224 256 1260 Ἰσραὴλ
270 1225 316 1250 τοῦ
338 1225 371 1251 ὲκ
393 1225 544 1260 περιτομῆς
563 1224 650 1251 ταῦτα
668 1224 803 1260 εἰρῆσθαι,
820 1225 932 1259 ἐπιστη-

142 1271 219 1298 σάτω
234 1273 267 1306 τῇ
281 1271 328 1297 τοῦ
342 1270 422 1304 λόγου
439 1270 593 1306 ἀκολουθίᾳ”
606 1270 691 1297 ταῦτα
704 1270 759 1306 γὰρ
775 1270 848 1304 λέγει
863 1279 930 1306 προ-

140 1315 238 1348 ειπὼν,
248 1316 286 1347 ὡς
299 1316 346 1342 καὶ
359 1315 428 1352 πρὸς
445 1315 529 1351 αὐτὴν
540 1315 589 1351 τὴν
607 1315 781 1351 Ἰερουσαλὴμ
797 1316 837 1348 τὸ,
853 1324 861 1341 ι
877 1315 931 1342 Καὶ

140 1363 354 1398 ἑξαναστήσεται
368 1361 490 1388 ἀπώλεια
502 1362 531 1387 ὲν
543 1360 582 1396 τῷ
592 1361 649 1396 λαῷ
665 1369 721 1387 σου·
739 1361 787 1388 καὶ
798 1362 886 1388 πάντα
897 1361 931 1388 τὰ

140 1408 398 1445 περιτετειχισμένα
422 1415 468 1433 σου
489 1407 638 1442 οἰχήσεται’
660 1417 670 1433 1
695 1407 742 1433 καὶ
763 1407 834 1443 ἅπερ
849 1407 930 1442 φησὶν

137 1455 156 1481 ὀ
171 1454 273 1481 τοιόσδε
287 1454 380 1490 ἄρχων
394 1453 513 1480 πέπονθε
536 1452 608 1479 κατὰ
630 1453 676 1479 τὸν
693 1452 841 1480 ἐπελθόντα
857 1453 931 1488 αὐτῷ

140 1502 272 1537 πόλεμον,
292 1502 321 1528 ὲν
334 1497 356 1534 ᾧ
374 1500 479 1536 μητέρα
497 1501 543 1527 ἐπὶ
557 1501 662 1532 τέκνοις
675 1500 818 1535 ἠδάφισαν,
833 1500 867 1526 τὰ
877 1508 930 1526 πα-

143 1548 282 1585 ραπλήσια
304 1548 350 1574 καὶ
372 1547 436 1582 ὑμῖν
458 1546 551 1578 αὐτοῖς
575 1547 680 1581 ποιήσω
701 1546 745 1573 διὰ
768 1545 818 1578 τὰς
834 1545 931 1577 κακίας

140 1595 231 1631 ὑμῶν,
248 1591 271 1621 ὦ
287 1591 359 1625 οἶκος
374 1593 421 1620 τοῦ
441 1592 558 1628 Ἰσραὴλ,
573 1592 597 1618 οἳ
611 1592 658 1619 καὶ
674 1592 864 1628 ἀπερρίφησαν
883 1592 931 1618 σὺν

984 310 1061 337 Mane
1076 309 1323 337 manifestationem
1339 309 1484 344 signiﬁcat,
1501 310 1670 345 primamque
1680 310 1765 338 divini

983 354 1065 382 Verbi
1080 354 1113 381 ad
1129 354 1255 382 homines
1283 354 1486 381 revelationem.
1503 353 1653 382 Possumus
1678 361 1704 382 et
1732 355 1767 382 de

981 399 1089 426 IIerode
1104 399 1160 426 haec
1173 398 1365 433 interpretari:
1379 408 1388 424 ι
1403 398 1564 426 Pertransiit
1581 407 1627 426 rex
1646 398 1742 431 Israel;
1753 408 1763 423 ι

982 445 1060 479 quasi
1079 448 1189 479 propter
1203 450 1323 471 errorem
1341 451 1420 478 quem
1436 451 1534 478 passus
1549 448 1591 471 est
1607 452 1623 470 a
1638 444 1724 478 magis
1738 444 1765 470 in

986 489 1135 516 Salvatoris
1161 489 1246 516 nostri
1272 489 1425 521 nativitate;
1454 489 1525 524 quod
1550 490 1648 517 accidit
1676 489 1766 517 Patris

983 544 1074 563 amore
1090 536 1115 562 in
1133 535 1272 571 proprium
1284 543 1398 570 puerum
1419 535 1563 563 Dominum
1586 540 1709 564 nostrum
1725 537 1768 564 Je-

982 590 1041 609 sum
1057 582 1207 612 Christum,
1222 581 1293 608 sicut
1309 581 1335 608 in
1347 581 1408 608 aliis
1424 581 1572 616 prophetiis
1583 581 1665 610 Israel
1682 586 1706 610 et
1722 577 1766 611 hic

982 628 1151 654 nominatum
1165 636 1172 660 ;
1190 635 1245 662 quo
1258 627 1367 662 quidem
1383 630 1505 662 tempore
1519 627 1588 662 jussi
1605 633 1668 655 sunt
1683 628 1765 656 simul

981 672 1082 708 Joscph
1095 679 1121 700 ct
1134 678 1217 700 mater
1229 673 1255 700 in
1267 672 1414 708 Egyptum
1425 673 1573 709 proﬁcisci,
1592 681 1654 702 cum
1669 682 1766 702 neces-

982 720 1048 746 sitas
1065 720 1225 754 requireret,
1240 719 1398 746 insidiatum
1418 719 1441 746 ei
1459 727 1560 754 regem.
1577 719 1710 747 Herodem
1726 720 1767 748 vi-

981 764 1089 797 dclicet,
1102 769 1207 792 constat
1220 765 1433 800 prmtermissum
1449 764 1544 793 fuisse.
1559 764 1665 792 Rursus
1677 764 1766 800 ipsum

982 810 1089 838 Ilerode
1105 814 1212 837 niortuo
1239 814 1348 838 revocat
1374 816 1556 846 congruenter
1580 818 1641 838 cum
1656 818 1688 838 ea
1706 817 1768 846 qua}

981 858 1061 885 nobis
1078 858 1105 884 in
1122 857 1247 884 manibus
1260 861 1303 885 est
1318 857 1467 892 prophetia.
1488 856 1515 884 Si
1531 857 1593 892 quis
1608 857 1641 885 ad
1658 856 1766 885 Iudaeo-

981 911 1040 930 rum
1057 903 1186 938 populum
1202 902 1260 929 lucc
1273 902 1372 930 referat
1388 902 1483 930 dicens
1498 901 1532 929 de
1557 902 1656 937 populo
1672 903 1766 935 Israel,

949 955 969 981 Β
984 950 1084 985 populo
1111 949 1330 976 circumcisionis
1349 949 1408 975 hmc
1433 948 1548 980 narrari,
1574 948 1694 976 attendat
1711 956 1766 976 ser-

981 997 1071 1024 monis
1088 995 1299 1023 concordantize.
1317 995 1379 1022 Haec
1395 995 1468 1023 enim
1486 995 1553 1023 dicit
1568 995 1766 1029 praznuntians.

981 1042 1060 1078 quasi
1077 1042 1110 1069 ad
1124 1042 1212 1077 ipsam
1226 1049 1335 1076 quoque
1348 1041 1498 1069 Jerusalem
1514 1050 1520 1068 :
1535 1050 1544 1066 Ι
1561 1040 1713 1076 Consurget
1725 1044 1769 1068 tu-

981 1089 1083 1115 multus
1104 1087 1131 1115 in
1147 1088 1246 1123 populo
1261 1092 1318 1120 tuo,
1333 1092 1359 1115 et
1372 1095 1467 1115 omnes
1476 1087 1643 1115 munitiones
1656 1091 1709 1114 tuae
1716 1095 1765 1114 va-

981 1134 1136 1161 stabuntur.
1158 1145 1166 1160 ι
1183 1133 1248 1166 Qum
1263 1134 1371 1168 quidem
1388 1133 1464 1166 dicit,
1490 1132 1617 1167 princeps
1643 1134 1688 1160 ille
1708 1141 1768 1168 per-

981 1187 1078 1214 pessus
1105 1183 1146 1207 est
1174 1180 1201 1206 in
1224 1180 1294 1207 bello
1319 1180 1451 1207 adversus
1475 1187 1536 1206 eum
1553 1179 1695 1212 suscitato,
1712 1187 1765 1215 quo

980 1229 1094 1252 matrem
1111 1233 1192 1260 super
1206 1225 1276 1253 ﬁlios
1292 1226 1443 1258 allisernnt,
1460 1228 1486 1252 et
1500 1225 1598 1252 similia
1607 1225 1684 1253 vobis
1699 1226 1769 1260 ipsis

982 1271 1078 1298 faciam
1092 1275 1202 1306 propter
1213 1271 1347 1306 nequitias
1355 1275 1470 1302 vestras.
1479 1279 1495 1299 ο
1508 1272 1704 1305 domuslsrael,
1719 1273 1765 1306 qui

980 1321 1007 1345 et
1022 1317 1113 1352 rejecti
1128 1321 1191 1344 sunt
1205 1325 1267 1344 cum
1283 1325 1347 1352 rege
1364 1325 1424 1349 suo,
1443 1322 1470 1344 et
1498 1318 1555 1345 haec
1579 1319 1670 1345 omnia
1692 1318 1766 1352 passi

981 1367 1064 1391 sunt:
1083 1374 1091 1389 ι
1111 1364 1180 1397 Quia
1200 1372 1278 1399 puer,
1306 1365 1404 1400 inquit,
1434 1364 1526 1397 Israel,
1561 1369 1587 1393 et
1608 1374 1658 1401 ego
1683 1365 1766 1393 dilexi

980 1417 1054 1441 eum,
1071 1414 1097 1436 et
1111 1417 1143 1437 ex
1158 1410 1276 1446 {Egypto
1288 1411 1382 1438 vocavi
1397 1411 1494 1438 Filium
1509 1419 1609 1439 meum.
1627 1422 1636 1438 υ
1653 1411 1766 1444 Qualem

981 1455 1053 1482 enim
1075 1455 1173 1483 habeat
1189 1456 1412 1484 concordantiam
1432 1466 1533 1490 sermo,
1548 1458 1638 1493 quivis
1653 1459 1764 1485 demon-

981 1501 1088 1528 strabit.
1111 1501 1165 1529 Sed
1184 1502 1255 1529 sicut
1281 1502 1308 1529 in
1328 1503 1466 1531 sexcentis
1484 1503 1544 1530 aliis
1562 1503 1712 1538 prophetiis
1725 1502 1767 1530 Ja-

980 1547 1033 1574 cob
1050 1551 1078 1574 et
1096 1547 1186 1582 Israel
1210 1548 1336 1576 Christus
1355 1549 1523 1580 nominatur,
1543 1549 1625 1576 simili
1646 1553 1673 1576 et
1694 1556 1767 1576 nunc

982 1591 1097 1619 ratione.
1115 1592 1183 1619 Cum
1202 1593 1295 1628 igitur,
1313 1594 1362 1625 ait,
1380 1594 1424 1620 ille
1441 1594 1506 1621 mihi
1524 1593 1654 1621 obediens
1678 1593 1766 1621 factus

141 1641 191 1668 καὶ
204 1641 244 1676 τῷ
258 1640 361 1676 βασιλεῖ
375 1638 473 1671 αὐτῶν,
494 1638 541 1665 καὶ
560 1637 647 1665 ταῦτά
666 1646 697 1672 γε
721 1638 809 1664 πάντα
831 1637 930 1663 πεπόν-

981 1636 1094 1664 I'ormam
1111 1638 1182 1664 servi
1201 1639 1316 1674 accepit,
1332 1643 1358 1666 et
1377 1647 1444 1674 puer
1457 1639 1546 1667 factus
1565 1643 1607 1667 est
1623 1639 1688 1666 mihi
1702 1639 1768 1667 dile-

140 1687 215 1714 ϐασι·
228 1696 238 1712 ‹
252 1686 323 1712 Διὸτι
339 1687 413 1717 παῖς.
430 1685 522 1721 φησὶν,
545 1683 654 1720 Ἰσραὴλ
668 1683 714 1710 καὶ
727 1683 782 1718 ἐγὼ
796 1684 928 1718 ἠγάπησα

139 1732 234 1760 αὐτόν*
258 1733 304 1759 καὶ
327 1732 374 1758 ἀπ’
393 1731 531 1765 Αἰγύπτου
554 1730 671 1757 ἐκάλεσα
691 1730 737 1757 τὸν
756 1729 820 1756 Υἰόν
836 1738 897 1765 μου.
917 1739 926 1754 ι

138 1778 226 1806 Ποίαν
244 1777 299 1814 γὰρ
314 1777 369 1813 ἔχει
385 1776 544 1804 ἀκολουθίαν
559 1777 575 1811 ἡ
591 1775 664 1808 λέξις
676 1776 690 1802 ὁ
706 1774 866 1810 βουλόμενος
879 1783 930 1801 πα.-

141 1823 316 1861 ρσιστησάτω-
339 1822 395 1849 ἀλλ’
407 1821 501 1857 ὥσπερ
517 1820 587 1847 κατὰ
604 1820 702 1856 μυρίας
722 1819 802 1851 ἄλλας
822 1828 929 1855 προφη-

136 1870 217 1901 τείας
234 1868 330 1895 Ἰακὼὸ
347 1867 393 1894 καὶ
411 1866 538 1901 Ἰσραὴλό
553 1866 668 1901 Χριστὸς
686 1864 928 1900 προσαγορεύεται,

138 1915 190 1942 τὸν
208 1914 288 1941 αὐτὸν
303 1913 336 1949 δὴ
350 1913 450 1950 τρόπον
470 1911 517 1939 καὶ
534 1911 591 1938 νῦν·
610 1911 670 1937 ἐπεὶ
680 1909 735 1943 οὖν,
748 1911 840 1946 φησὶν,
853 1907 929 1942 οὗτος

140 1961 263 1998 ὖπήκοός
278 1969 322 1996 μοι
339 1958 520 1994 γεγενημένος
537 1957 643 1993 μορφὴν
657 1956 750 1983 δούλου
762 1956 871 1991 εἱληφεν
882 1955 930 1982 καὶ

137 2009 254 2043 γέγονεν
279 2006 385 2034 παιδίον
412 2003 554 2039 ἀγαπητὸν
581 2002 652 2038 ἐμοὶ,
679 2002 768 2029 πᾶσαν
791 2001 838 2036 τὴν
861 2001 930 2037 ἐμὴν

136 2054 287 2085 ἐκτελέσας
304 2052 410 2088 βουλὴν,
427 2050 472 2078 διὰ
486 2049 565 2076 τοῦτο
578 2048 658 2075 αὐτὸν
677 2048 726 2083 μὲν
739 2048 794 2074 ἀπὸ
808 2048 856 2083 τῆς
870 2055 931 2082 νοη-

135 2101 191 2136 τῆς
217 2099 364 2134 Αἰγύπτου,
387 2099 427 2130 εἰς
449 2097 482 2132 ἣν
506 2095 718 2131 ὲνανθρωπήσας
739 2093 928 2129 κατελήλυθεν,

981 1687 1052 1715 etus,
1067 1690 1174 1710 omnem
1188 1684 1354 1712 voluntatem
1365 1692 1451 1711 meam
1468 1685 1621 1720 perliciens,
1634 1685 1694 1713 ideo
1704 1693 1766 1713 eum

981 1726 1090 1761 quidem
1107 1728 1140 1754 ab
1151 1727 1269 1764 Egypto
1285 1729 1431 1764 spirituali,
1445 1738 1470 1756 ιη
1483 1737 1562 1765 quam
1576 1729 1666 1759 factus
1685 1731 1767 1758 homo

981 1772 1132 1804 descendit,
1146 1777 1176 1800 ut
1191 1781 1284 1801 verum
1305 1774 1489 1809 dilectumque
1505 1774 1602 1802 Filium
1630 1777 1766 1810 revocavi,

981 1825 1030 1844 vos
1047 1822 1147 1850 autem,
1161 1818 1194 1845 ad
1211 1826 1280 1854 quos
1294 1827 1384 1847 sermo
1402 1824 1516 1855 spectat,
1533 1828 1595 1847 cum
1619 1829 1701 1856 regno
1719 1829 1767 1849 ve-

983 1867 1040 1890 stro
1051 1863 1136 1891 ruina:
1144 1868 1170 1892 ct
1181 1865 1287 1892 excidio
1295 1865 1410 1893 tradam.
1422 1865 1483 1893 Haec
1495 1867 1602 1901 quidem
1614 1867 1765 1902 prophetia.

984 1909 1157 1937 Manifestum
1172 1915 1214 1939 est
1229 1916 1319 1938 autem
1335 1911 1407 1946 quod
1423 1912 1490 1946 ipsis
1507 1912 1656 1940 Salvatoris
1680 1913 1767 1941 nostri

983 1956 1162 1991 temporibus,
1178 1956 1329 1985 Jerusalem
1341 1962 1495 1994 oppugnata
1513 1963 1539 1986 et
1553 1963 1630 1994 capta
1648 1959 1708 1992 luit,
1726 1965 1767 1987 at-

984 2010 1037 2037 que
1054 2002 1162 2037 penitus
1178 2003 1308 2034 deletum.
1325 2004 1397 2039 quod
1413 2012 1498 2040 usque
1520 2005 1553 2032 ad
1571 2006 1621 2032 hoc
1639 2006 1768 2040 temporis

984 2050 1096 2074 steterat
1120 2047 1274 2076 Judmorum
1292 2056 1418 2084 regnum,
1439 2053 1469 2077 ut
1495 2051 1596 2086 pariter
1617 2059 1649 2078 ac
1668 2051 1727 2078 alia:
1741 2054 1768 2079 et

983 2093 1029 2120 iIIa
1047 2095 1206 2130 impleretur
1218 2096 1370 2130 prophetia.

134 2144 186 2172 οἶα
201 2146 310 2182 γνήσιον
329 2145 376 2171 καὶ
388 2143 528 2179 ἀγαπητὸν
543 2142 606 2168 Υἱὸν
623 2140 840 2175 ἁνεκαλεσάμην,
856 2140 928 2175 ὑμᾶς
942 2140 970 2167 δὲ
987 2141 1050 2173 τοὺς
1066 2141 1133 2176 πρὸς
1145 2141 1192 2174 οὓς
1210 2142 1224 2168 ὁ
1242 2142 1318 2177 λόγος
1339 2144 1387 2170 σὺν
1419 2144 1466 2170 καὶ
1496 2145 1528 2179 τῇ
1549 2144 1672 2180 βασιλείᾳ
1691 2144 1769 2180 ὑμῶν

135 2192 245 2228 ὀλέθρῳ
259 2192 306 2218 κα¹ι
321 2190 442 2226 ἀπωλείᾳ
462 2188 626 2225 παραδώσω.
646 2187 740 2215 Ταῦτα
760 2187 808 2222 μὲν
824 2188 840 2222 ὴ
861 2188 1022 2223 προφητεία·
1038 2188 1168 2224 πρόδηλον
1187 2188 1209 2215 δ’
1225 2189 1298 2220 ὅπως
1311 2189 1363 2215 ἀπὸ
1382 2189 1435 2216 τῶν
1465 2190 1511 2216 τοῦ
1540 2191 1666 2227 Σωτῆρος
1692 2191 1769 2226 ἡμῶν

135 2240 247 2277 χρόνων
261 2237 483 2273 πολιορκηθείσης
501 2237 549 2272 τῆς
572 2235 748 2272 Ἰερουσαλὴμ
762 2234 900 2270 καθῃρέθη
920 2244 951 2261 τε
970 2236 1017 2262 καὶ
1030 2237 1069 2267 εἰς
1093 2236 1122 2262 τὸ
1143 2236 1271 2269 παντελὲς
1291 2237 1458 2273 ἀπερρίφηὴ
1479 2237 1558 2273 μέχρι
1568 2238 1628 2265 τότε
1651 2239 1770 2266 συστᾶσα

136 2288 200 2316 τῶν
221 2285 354 2313 Ἰουδαίων
366 2285 496 2320 βασιλεία,
512 2285 550 2316 ὡς
564 2284 632 2320 μετὰ
643 2283 697 2310 τῶν
710 2283 797 2310 ἄλλων
813 2283 860 2309 καὶ
870 2283 971 2318 ταύτην
988 2283 1183 2320 πεπληρῶσθαι
1197 2283 1244 2319 τὴν
1262 2284 1439 2320 προφητείαν.

414 2344 614 2371 ΚΕΦΑΛᾹΙΟΝ
630 2344 681 2371 ΙΒ’.

300 2401 331 2438 (I'.
349 2400 393 2436 50)
415 2399 482 2428 Ἀπὸ
498 2399 551 2426 τοῦ
567 2399 659 2426 αὑτοῦ
679 2399 775 2433 Ὡσηέ.

183 2469 193 2486 ι
219 2459 256 2486 οὐ
286 2458 324 2493 μὴ
357 2455 545 2492 omnem»
577 2455 624 2482 τοῦ
660 2455 849 2489 ἐξαλειφθῆναι
886 2455 931 2481 τὸν

149 2507 287 2543 Ἐφραΐμ·
309 2506 377 2532 διότι
397 2504 462 2536 Θεὸς
483 2502 537 2537 ἐγώ
559 2503 626 2537 εἰμι,
647 2503 693 2529 καὶ
714 2502 763 2528 οὐκ
779 2501 930 2537 ἄνθρωπος,

140 2556 176 2587 ὲν
193 2553 235 2580 σοὶ
248 2553 333 2587 ἅγιος,
346 2551 392 2578 καὶ
403 2551 453 2577 οὐκ
468 2548 656 2583 εἰσελεύσομαι
668 2548 706 2579 εἰς
720 2547 806 2574 πόλιν.
830 2547 931 2574 Ὀπίσω

141 2598 251 2634 Κυρίου
272 2597 450 2633 πορεύσομαι.
466 2605 475 2621 ι
498 2595 527 2621 Ὀ
541 2594 622 2626 αὐτὸς
635 2593 729 2624 εἰπὼν,
753 2602 762 2618 ι
778 2592 849 2619 Διὸτι
864 2593 929 2624 Θεὸς

142 2644 203 2679 ἐγώ
217 2645 285 2679 ειμι,
301 2653 310 2669 ι
328 2642 452 2678 ἐπιφέρει
466 2641 563 2675 λέγων,
579 2649 594 2665 ι.
611 2639 711 2667 Ὀπίσω
720 2639 822 2674 Κυρίου
834 2639 931 2674 πορεύ-

144 2698 242 2726 σομαι.
258 2699 267 2716 ι
283 2689 331 2720 Τίς
345 2689 366 2715 δ’
381 2688 413 2715 ἂν
428 2687 507 2718 ἄλλος
526 2686 568 2721 εἴη
582 2685 647 2716 Θεὸς
658 2685 745 2711 ὀπίσω
761 2684 862 2720 Κυρίου
881 2693 931 2711 πο-

146 2735 304 2771 ρευόμενος,
318 2733 335 2768 ἢ
346 2735 360 2760 ὁ
372 2733 419 2760 τοῦ
430 2732 498 2759 Θεοῦ
509 2731 593 2765 Λόγος
607 2730 646 2766 τῷ
656 2730 703 2757 τοῦ
716 2729 821 2765 Πατρὸς
832 2729 931 2765 ἑπόμε-

144 2789 193 2812 νος
208 2779 373 2815 βουλήματι;
391 2780 438 2811 Ὃς
454 2778 501 2805 καὶ
513 2778 633 2804 διδάσκει
648 2777 684 2812 μὴ
697 2777 785 2804 δοκεῖν
798 2776 877 2803 αὑτὸν
888 2776 931 2802 διὰ

145 2827 197 2862 τὴν
217 2824 422 2861 ὲνανθρώπησιν
439 2824 516 2860 ψιλόν
536 2833 595 2852 τινα
614 2824 697 2858 ἄνδρα
719 2822 771 2850 τῶν
790 2823 872 2849 πάλαι
894 2822 932 2849 δι-

187 2918 209 2933 δ·
229 2917 291 2945 Ose.
310 2925 350 2951 χι,
366 2919 391 2945 9.

1283 2342 1398 2371 CAPUT
1412 2342 1470 2370 XII.

1258 2399 1300 2426 Ex
1310 2400 1399 2427 eodem
1416 2400 1490 2427 Osee.

1022 2466 1031 2482 α
1046 2455 1104 2483 Non
1118 2459 1265 2483 convertar
1290 2460 1319 2483 ut
1342 2455 1453 2490 perdam
1471 2454 1599 2490 Ephraim
1616 2462 1623 2480 :
1638 2454 1768 2489 quoniam

983 2501 1055 2529 Deus
1077 2510 1127 2537 ego
1141 2505 1169 2529 et
1194 2510 1247 2529 non
1265 2502 1346 2529 homo
1365 2509 1370 2527 :
1393 2501 1420 2528 in
1436 2501 1526 2528 medio
1544 2501 1584 2528 tui
1599 2503 1721 2533 sanctus,
1741 2504 1768 2527 et

983 2557 1038 2576 non
1064 2548 1201 2583 ingrediar
1228 2548 1379 2575 civitatem.
1409 2546 1475 2574 Post
1506 2546 1650 2574 Dominum
1673 2547 1769 2574 ambu-

982 2594 1044 2621 Iabo
1060 2593 1094 2621 ‘5.
1124 2602 1133 2619 ι
1166 2592 1238 2620 Idem
1264 2601 1326 2620 cum
1350 2592 1491 2619 dixisset:
1511 2601 1520 2618 ι
1546 2591 1679 2625 Quoniam
1695 2591 1768 2619 Deus

983 2647 1064 2675 ego,»
1092 2639 1196 2674 adjicit,
1224 2649 1234 2665 κ
1252 2643 1314 2674 post
1334 2638 1475 2666 Dominum
1494 2638 1648 2665 ambulabo.
1668 2648 1677 2665 ι
1701 2637 1768 2671 Quis

984 2690 1074 2713 autem
1091 2686 1161 2713 alius
1175 2689 1249 2713 esset
1280 2685 1353 2713 Deus
1380 2689 1441 2720 post
1453 2684 1597 2711 Dominum
1614 2685 1767 2717 ambulans.

984 2739 1016 2760 ac
1031 2732 1078 2760 Dei
1091 2731 1219 2764 Verbum,
1237 2732 1327 2759 Patris
1352 2731 1517 2759 voluntatem
1539 2731 1704 2760 obsecutus?
1716 2732 1767 2766 Qui

984 2781 1011 2805 et
1036 2777 1117 2806 docet
1137 2786 1193 2805 non
1218 2778 1306 2806 videri
1316 2785 1378 2805 eum
1412 2781 1528 2813 propter
1552 2778 1768 2806 incarnationem

986 2823 1138 2858 simplicem
1150 2823 1294 2858 quemdam
1315 2823 1403 2851 virum
1429 2823 1641 2858 antiquisjustis
1650 2823 1767 2853 sanctil-
