2037 3215
174 196 240 223 HI!

684 196 831 224 ECLOGA?)
852 195 1210 224 PROPHETICE.—LIB;
1231 196 1274 223 lll.’

1735 198 1802 224 “32

173 255 218 280 οεν
235 254 327 285 αὑτοῦ,
345 255 391 282 καὶ
408 257 435 282 αἱ
449 255 568 287 ttat/.6265;
581 257 743 292 τακήσονται
759 257 797 288 ὼς
810 259 895 294 κηρὸς
910 259 962 285 ἀπο

1016 259 1087 286 sicut
1109 266 1172 286 cera
1188 267 1202 285 a
1220 258 1290 285 facie
1318 258 1389 293 ignis
1405 259 1438 286 ".
1456 268 1465 284 ι
1493 257 1531 285 De
1553 257 1674 285 secunda
1699 257 1802 285 Christi

173 301 318 336 προσώπου
340 302 434 336 πυρός.
454 312 462 328 ι
482 303 549 337 Περὶ
565 303 614 337 τῆς
636 302 765 338 δευτέρας
785 304 830 330 τοῦ
848 305 964 340 Χριστοῦ

173 347 324 382 παρουσίας
341 347 427 374 ταῦτα
439 347 564 382 λέγεσθαι
579 347 776 383 ὑπειλήφαμεν.

432 405 630 431 ΚΕΦΛΛΑΙΟΝ
653 405 707 432 III'.

480 461 535 488 Τοῦ
553 462 656 488 αὑτοῦ.

212 528 221 544 ‹
245 518 390 545 Ἀκούσατε
404 519 435 555 δὴ
451 519 546 553 ταῦτα,
557 521 582 546 οἱ
597 520 753 555 ἡγούμενοι,
764 522 838 547 οἴκου
856 521 963 552 Ἰακὼ6,

172 565 221 592 καὶ
241 566 264 591 οἱ
285 564 444 592 κατάλοιποι
465 566 539 592 οἴκου
565 566 689 602 Ἰσραὴλ,
709 568 733 593 οἱ
758 567 964 602 βδελυσσόμενοι

173 612 272 646 κρῖμα,
289 611 335 637 καὶ
353 611 442 638 πάντα
456 612 490 639 τὰ
510 611 577 648 ὀρθὰ
590 612 807 648 διαστρέφοντες,
823 614 846 640 oi
865 613 965 640 οἰκοδο-

174 656 288 691 μοῦντες
298 656 366 683 Σιὼν
378 658 407 683 ὲν
415 658 538 693 αἵμασιν,
548 658 591 685 καὶ
609 658 784 694 Ἰερουσαλὴμ
791 661 819 686 ὲν
834 659 961 692 ἀδικίαις,

176 704 199 731 οξ
209 703 353 738 ἡγούμενοι
370 704 454 738 αὐτῆς
473 703 541 739 μετὰ
555 703 647 740 δώρων
657 703 771 740 ἔκρινον,
782 706 865 739 uate!
882 707 963 741 ἱερεῖς

172 749 258 784 αὐτῆς
278 749 347 784 μετὰ
376 749 472 785 μισθοῦ
500 750 688 786 ἀπεκρίναντο.
707 752 754 777 καὶ
780 751 803 777 οἱ
828 753 963 787 προφῆται

171 796 258 831 αὐτῆς
272 795 342 831 μετὰ
357 796 488 832 ἀργυρίου
501 796 692 831 ἐμαντεύοντο,
711 798 758 824 καὶ
780 798 826 824 ἐπὶ
846 798 890 824 τὸν
907 799 964 825 Κὺο

172 850 230 878 ριον
250 842 462 875 ὲπανεπαύοντο,
484 841 617 877 λέγοντες·
640 843 706 878 ϋύχὶ
730 843 832 878 Κύριος
851 844 880 870 ὲν
897 844 963 879 ἡμῖν

171 888 261 920 ὲστινς
284 887 314 914 οὐ
339 888 376 923 μὴ
399 887 499 925 ἐπέλθῃ
521 889 565 923 ἐφ’
587 889 660 924 ἡμᾶς
682 889 764 916 κακά’
781 889 823 916 διὰ
840 889 918 916 τοῦτο
929 890 962 916 δι’

1018 304 1241 331 manilestatione
1253 304 1310 331 hate
1332 303 1386 331 dici
1402 303 1625 331 existimavimus.

1292 404 1406 432 CAPUT
1433 404 1525 431 XVIII.

1331 460 1373 486 Ea:
1388 462 1489 488 eodem.

1054 527 1062 542 ι
1075 518 1173 545 Audite
1190 517 1254 549 hoc,
1271 517 1407 552 princxpes
1430 517 1528 544 domus
1541 517 1641 548 Jacob,
1658 522 1683 544 et
1695 516 1802 551 judices

1015 564 1112 590 domus
1138 562 1231 594 Israel,
1248 563 1294 598 qui
1320 563 1512 590 abominamini
1525 562 1702 597 judicium,ct
1712 562 1801 589 omnia

1016 614 1090 637 recta
1111 609 1280 644 pervertitis.
1296 609 1348 642 Qui
1364 609 1504 636 aedilieatis
1533 608 1598 636 Sion
1619 609 1646 636 in
1663 608 1803 644 sanguini-

1014 657 1077 688 bus,
1097 660 1124 683 et
1135 655 1287 683 Jerusalem
1316 656 1343 683 in
1371 655 1526 692 iniquitate.
1546 655 1687 691 Principes
1701 655 1761 691 ejus
1774 655 1801 683 in

1015 702 1176 729 muneribus
1185 702 1358 737 judicabant,
1384 706 1411 730 et
1434 702 1591 731 sacerdotes
1607 703 1667 738 ejus
1686 703 1712 730 in
1730 711 1801 731 mer-

1014 748 1080 776 cede
1095 748 1239 780 docebant,
1252 752 1278 776 et
1293 748 1432 783 propheta:
1443 749 1503 783 ejus
1519 749 1546 775 in
1563 749 1678 784 pecunia
1694 749 1801 776 divina-

1014 794 1081 822 bant
1097 798 1145 821 :et
1160 802 1243 829 super
1259 795 1404 822 Dominum
1431 795 1649 830 requiescebant,
1665 796 1800 823 dicentes:

1014 838 1141 874 Nunquid
1154 847 1209 866 non
1223 839 1356 867 Dominus
1373 839 1401 866 in
1414 839 1503 867 medio
1524 840 1668 867 nostrum?
1683 838 1743 867 Non
1756 847 1802 866 ve-

1013 884 1090 912 nient
1115 892 1197 920 super
1222 892 1273 912 nos
1289 885 1369 912 mala.
1388 885 1504 921 Propter
1526 885 1589 917 hoc,
1605 893 1689 912 causa
1707 885 1800 917 vestri.

171 933 244 968 ὑμᾶς
262 933 332 960 Σιὼν
349 934 387 965 ὠς
407 933 491 969 ἀγρὸς
505 934 744 971 ἀροτριαθήσεται,
761 935 808 962 καὶ
824 936 962 972 Ἰερουσα-

1014 930 1079 958 Sion
1089 932 1167 966 quasi
1182 939 1246 967 ager
1260 932 1391 966 arabitur,
1399 935 1426 960 et
1437 931 1587 960 Jerusalem
1596 932 1675 968 quasi
1686 939 1802 973 acervus

172 979 227 1015 λιὴμ
243 980 281 1011 ὡς
295 979 521 1015 ὀπωροφυλάκιον
535 980 623 1013 ἔσται,
639 981 686 1008 καὶ
702 981 732 1007 τὸ
747 981 808 1016 δρος
825 980 871 1007 τοῦ
890 981 962 1008 οἴκου

172 1027 212 1058 εἰς
224 1026 303 1058 ἄλσος
314 1026 427 1062 δρυμοῦ.
441 1027 496 1053 Καὶ
509 1027 585 1054 ἔσται
600 1029 643 1054 ἐπ’
657 1028 773 1063 ἐσχάτου
787 1027 841 1055 τῶν
854 1029 963 1064 ἡμερῶν

171 1073 290 1107 ἐμφανὲς
309 1074 339 1100 τὸ
355 1073 417 1109 ὅρος
441 1073 555 1109 Κυρίου,
577 1074 685 1110 ἕτοιμον
705 1075 751 1101 ἐπὶ
771 1074 821 1106 τὰς
841 1075 962 1110 κορυφὰς

171 1118 225 1144 τῶν
241 1118 336 1154 ὀρέων,
354 1119 400 1145 καὶ
416 1119 668 1154 μετεωρισθήσεται
684 1120 811 1155 ὑπεράνω
829 1119 883 1146 τῶν
903 1120 965 1155 βου-

171 1163 234 1190 νῶν-
249 1164 295 1190 καὶ
310 1164 419 1200 ἥξουσιν
433 1166 476 1191 ἐπ’
492 1165 559 1192 αὐτὸ
575 1165 644 1197 λαοὶ,
661 1166 708 1192 καὶ
724 1166 902 1202 πορεύσονται
919 1167 962 1192 ἐπ’

171 1209 237 1235 αὐτὸ
250 1209 312 1244 ἔθνη
325 1209 408 1237 πολλὰ
423 1210 470 1237 καὶ
485 1209 604 1245 ὲροῦσιψ
623 1210 705 1237 Δεῦτε
719 1210 866 1246 ἀναθῶμεν
881 1211 921 1243 εἰς
932 1211 963 1237 τὺ

171 1253 234 1289 ὅρος
251 1255 365 1290 Κυρίου,
383 1255 430 1281 καὶ
448 1256 488 1286 είς
507 1255 551 1282 τὸν
563 1252 636 1281 οἷκον
647 1255 694 1281 τοῦ
705 1254 772 1282 Θεοῦ
794 1255 899 1282 Ἰακώϐ·
916 1256 962 1282 καὶ

172 1299 304 1333 δείξουσιν
319 1301 384 1336 ἡμῖν
405 1301 455 1337 τὴν
471 1301 531 1328 ὁδὸν
546 1300 642 1333 αὑτοῦ,
664 1301 711 1328 καὶ
731 1301 920 1337 πορευσόμεθα
933 1302 962 1327 ἐν

172 1347 229 1377 ταῖς
249 1345 352 1381 τρίὸοις
372 1347 464 1374 αὑτοῦ·
483 1347 522 1375 ὅτι
545 1349 577 1375 ἐκ
594 1349 662 1376 Σιὼν
679 1349 849 1383 ἐξελεύσεται
869 1350 961 1385 νόμος,

171 1392 218 1418 καὶ
235 1392 312 1427 λόγος
330 1393 433 1428 Κυρίου
451 1394 480 1428 ἐξ
502 1395 689 1431 Ἰερουσαλὴμ,
707 1395 753 1422 καὶ
764 1397 852 1432 κρινεῖ
861 1396 963 1432 ἀναμέ-

173 1447 217 1464 σον
233 1438 305 1465 λαῶν
324 1439 441 1472 πολλῶν,
463 1441 510 1467 καὶ
526 1441 629 1476 ἐλέγξει
649 1442 713 1468 λαὸν
731 1443 839 1478 ἰσχυρὸν
853 1443 906 1475 ἓως
923 1444 963 1475 εἰς

173 1484 291 1519 μακράν·
310 1485 355 1511 καὶ
375 1486 576 1520 κατακόψουσιν
591 1488 641 1519 τὰς
662 1488 799 1524 μαχαίρας
815 1488 904 1515 αὐτῶν
922 1489 962 1520 εἰς

172 1530 283 1565 ἄροτρα,
308 1531 355 1557 καὶ
375 1531 423 1563 τὰς
449 1531 559 1564 ζιϐύνας
582 1533 672 1560 αὐτῶν
689 1535 729 1566 εἰς
752 1534 890 1570 δρέπανα·
914 1534 962 1561 καὶ

172 1575 262 1602 οὐκέτι
279 1575 333 1612 ἄρῃ
349 1576 424 1609 ἔθνος
440 1577 483 1603 ἐπ’
498 1577 574 1610 ἔθνος
591 1579 737 1615 μάχαιραν,
754 1580 801 1606 καὶ
815 1580 907 1606 οὐκέτι
923 1580 961 1616 μὴ

1014 977 1134 1011 lapidum
1148 978 1211 1011 erit,
1229 982 1256 1005 et
1267 986 1347 1006 mons
1363 978 1456 1013 templi
1483 979 1510 1006 in
1534 979 1642 1006 excelsa
1659 978 1798 1006 silvarum.

1013 1022 1047 1050 Et
1060 1023 1133 1050 erit:
1154 1024 1185 1050 In
1218 1023 1367 1051 novissimo
1390 1024 1496 1051 dierum
1524 1025 1575 1051 erit
1601 1032 1680 1051 mons
1703 1023 1800 1051 domus

1013 1067 1120 1095 Domini
1147 1071 1315 1103 praeparatus
1338 1069 1367 1095 in
1384 1069 1485 1096 vertice
1512 1069 1658 1102 montium,
1672 1074 1698 1096 et
1714 1069 1801 1096 subli—

1013 1114 1066 1142 mis
1081 1121 1164 1149 super
1174 1114 1259 1142 colles
1272 1123 1278 1140 :
1293 1120 1320 1142 et
1334 1113 1417 1142 ﬂuent
1438 1114 1471 1142 ad
1487 1122 1549 1142 eum
1562 1115 1664 1150 populi.
1678 1114 1711 1141 Et
1735 1122 1798 1149 pro-

1014 1160 1149 1196 perabunt
1162 1165 1257 1196 gentes
1270 1161 1371 1193 multze,
1393 1165 1420 1188 et
1442 1161 1533 1189 dicent
1550 1169 1557 1188 :
1585 1161 1690 1193 Venite,
1706 1168 1801 1189 ascen-

1013 1206 1112 1234 damus
1127 1205 1160 1234 ad
1176 1210 1296 1234 montem
1313 1206 1419 1234 Domini
1436 1227 1442 1239 ,
1459 1212 1487 1234 et
1499 1207 1532 1234 ad
1547 1207 1657 1235 domum
1684 1206 1731 1235 Dei
1755 1206 1800 1234 Ja—

1014 1253 1085 1286 eob;
1102 1257 1130 1280 et
1143 1253 1251 1281 docebit
1277 1260 1328 1280 nos
1354 1253 1388 1281 de
1405 1253 1458 1281 viis
1473 1254 1540 1286 suis,
1557 1257 1583 1281 et
1599 1254 1700 1282 ibimus
1716 1254 1742 1280 in
1757 1261 1801 1281 se-

1018 1299 1093 1327 mitis
1106 1299 1177 1334 ejus,
1192 1299 1257 1335 quia
1271 1299 1304 1328 de
1316 1299 1382 1327 Sion
1404 1300 1560 1335 egredietur
1571 1301 1625 1333 lex,
1645 1304 1671 1327 et
1687 1301 1799 1328 verbum

1014 1347 1122 1375 Domini
1141 1347 1175 1374 de
1200 1346 1365 1376 Jerusalem.
1394 1347 1427 1374 Et
1451 1347 1585 1382 judicabit
1602 1348 1672 1375 inter
1685 1348 1801 1383 populos

1013 1393 1125 1425 multos,
1137 1396 1165 1420 et
1185 1393 1316 1427 corripiet
1334 1397 1429 1428 gentes
1455 1392 1540 1421 fortes
1558 1401 1644 1429 usque
1656 1394 1682 1421 in
1698 1395 1802 1430 longin-

1013 1446 1097 1474 quum
1114 1448 1120 1466 :
1138 1441 1166 1465 et
1182 1438 1327 1465 concident
1356 1438 1461 1474 gladios
1487 1447 1552 1466 suos
1568 1439 1596 1466 in
1612 1447 1747 1472 vomeres,
1775 1445 1800 1467 et

1014 1483 1110 1511 hastas
1140 1491 1206 1512 suas
1223 1484 1249 1511 in
1275 1484 1381 1519 ligones
1395 1494 1401 1511 :
1419 1493 1474 1512 non
1490 1489 1580 1512 sumet
1591 1492 1658 1520 gens
1670 1485 1801 1512 adversus

1012 1534 1119 1565 gentem
1129 1530 1250 1565 gladium
1262 1538 1269 1555 :
1281 1534 1308 1557 et
1316 1538 1371 1558 non
1380 1530 1487 1558 discent
1498 1531 1569 1558 ultra
1580 1531 1741 1566 belligerare
1749 1531 1781 1558 ".
1789 1541 1798 1557 ι

1012 1574 1160 1611 Postquam
1174 1583 1252 1603 sacer
1263 1583 1353 1603 sermo
1367 1576 1434 1603 dixit
1444 1577 1517 1611 quod
1528 1581 1639 1612 propter
1646 1576 1660 1604 J
1664 1577 1800 1604 udaeorum

173 1620 278 1655 μάθωσι
295 1621 433 1657 πολεμεῖν.
452 1632 460 1648 ι
487 1623 579 1650 Εἰπὼν
601 1625 615 1651 ὁ
636 1624 713 1659 λόγος
730 1625 768 1657 ὡς
785 1625 838 1661 ἄρα
854 1625 897 1652 διὰ
913 1626 962 1658 τὰς

1013 1621 1106 1656 populi
1119 1620 1280 1656 iniquitates
1299 1631 1308 1647 ι
1324 1629 1403 1649 mons
1416 1621 1482 1650 Sion
1496 1622 1575 1657 quasi
1589 1630 1652 1658 ager
1667 1623 1800 1656 arabitur,

172 1667 326 1700 δυσσεϐείας
339 1668 385 1695 τοῦ
408 1669 541 1696 Ἰουδαίων
553 1669 617 1697 λαοῦ
633 1671 663 1697 τὸ
681 1671 730 1707 μὲν
745 1681 753 1696 ι
770 1670 839 1698 Σιὼν
850 1671 912 1707 ὅρος
925 1671 962 1703 ὠς

172 1713 256 1748 ἀγρὸς
276 1714 515 1750 ἀροτριαθήσεται,
538 1726 547 1741 ι
560 1717 576 1752 ὴ
591 1716 620 1743 δὲ
636 1718 767 1753 πρότερον
781 1717 962 1752 νενομισμένη

173 1759 250 1792 πόλις
262 1760 326 1795 ἁγία
341 1770 350 1786 ι
373 1761 551 1798 Ἰερουσαλὴμ
566 1763 604 1794 ὡς
614 1763 837 1799 ὀπωροφυλάκιον
849 1763 936 1796 ἔσται,
951 1773 959 1789 ι

172 1805 235 1841 ἑξῆς
251 1807 417 1843 προφητεύει
429 1809 493 1844 περὶ
507 1809 601 1845 ἐτέρου
613 1809 694 1844 ὅρους
708 1810 822 1845 Κυρίου,
835 1811 904 1845 ὅπερ
917 1810 963 1836 ἐπὶ

172 1853 219 1880 τοῦ
235 1854 283 1889 τῆς
304 1854 471 1890 προφητείας
487 1855 582 1891 καιροῦ
603 1856 762 1891 ὑφειστήκει
784 1857 843 1892 μὲν,
863 1858 893 1883 οὐ
910 1857 962 1892 μὴν

172 1901 219 1927 καὶ
232 1901 352 1936 ἐμφανὲς
366 1902 421 1933 τοῖς
440 1900 565 1936 τυχοῦσιν
586 1902 719 1938 ὑπῆρχεν,
739 1903 777 1934 ὡς
796 1904 838 1930 ἐπ’
856 1903 962 1938 ἐσχάτῳ

171 1946 225 1973 τῶν
246 1946 358 1983 ἡμερῶν
382 1947 623 1983 ἀναφανησομένου
645 1948 772 1984 ὑπεράνω
787 1958 816 1975 τε
832 1949 885 1976 τῶν
903 1949 963 1984 βου-

172 1991 225 2018 νῶν
243 1993 289 2019 καὶ
302 1992 356 2019 τῶν
371 1993 456 2028 ὀρέων
472 1993 769 2029 μετεωρισθησομένου·
783 1995 828 2020 ἐπὶ
843 1995 922 2021 τοῦτο
934 1995 962 2022 δὲ

172 2037 203 2064 τὸ
215 2039 304 2065 καινὸν
318 2039 380 2074 ὅρος
397 2039 472 2074 ἥξειν
490 2039 503 2065 ό
517 2039 595 2073 λόγος
609 2040 799 2075 προαγορεύει,
814 2041 904 2067 οὐκέτι
917 2041 962 2068 τὸν

179 2084 286 2119 Ἰσραὴλ
301 2086 413 2117 ἐκεῖνον,
429 2085 510 2117 λαοὺς
523 2085 550 2111 δὲ
568 2085 614 2112 καὶ
631 2085 694 2121 ἔθνη
712 2086 797 2112 πολλὰ
814 2087 961 2120 φάσκοντα,

174 2137 184 2153 ‹
201 2129 282 2155 Δεῦτε
301 2130 347 2156 καὶ
366 2130 511 2166 ἀναϐὡμεν
527 2131 567 2162 εἰς
584 2130 615 2157 τὸ
629 2131 690 2166 ὅρος
710 2131 823 2167 Κυρίου-
845 2143 854 2157 ι
872 2133 918 2159 καὶ
932 2133 962 2159 οὐ

173 2174 253 2210 μόνον
269 2176 308 2206 εὶς
323 2175 354 2202 τὸ
366 2176 428 2211 ὅρος
440 2177 554 2212 Κυρίου,
569 2176 637 2203 ἀλλὰ
654 2178 700 2204 καὶ
717 2178 757 2210 εἰς
772 2178 816 2204 τὸν
829 2177 902 2205 οἶκον
916 2179 962 2205 τοῦ

172 2220 241 2248 Θεοῦ
265 2221 369 2254 Ἰακὼϐ,
383 2222 476 2258 ἕτερον
487 2223 552 2251 ὄντα
570 2224 647 2259 δῆλον
662 2224 702 2250 ὁτι
718 2224 794 2259 παρὰ
810 2224 855 2252 τὸν
872 2226 900 2251 ὲν
916 2225 963 2251 Ἰε-

174 2266 324 2303 ρουσαλήμκ
341 2267 441 2303 ταύτην
458 2269 512 2305 γὰρ
529 2270 717 2305 ἐρημωθεῖσαν
733 2270 771 2301 ὡς
787 2270 963 2312 ὀπωροφυλά-

172 2321 232 2340 κιον
247 2311 357 2339 ἔσεσθαι
376 2315 465 2350 μικρῷ
487 2315 605 2350 πρόσθεν
627 2317 744 2352 εἰρήκει⁸
763 2311 925 2348 ἀκολούθως
935 2316 962 2343 δὲ

171 2358 212 2395 τῷ
227 2359 258 2386 τὸ
273 2358 342 2385 Σιὼν
360 2359 422 2394 ὅρος
443 2360 490 2386 καὶ
510 2360 559 2396 τὴν
590 2359 765 2397 Ἰερουσαλὴμ
784 2362 964 2398 ἐρημωθήσε-

173 2406 246 2438 σθαι,
271 2406 352 2442 ἕτερα
374 2405 396 2431 δ’
417 2406 477 2432 ἀντὶ
497 2406 597 2433 τούτων
620 2407 796 2443 ὀφθήσεσθαι,
818 2409 864 2435 καὶ
883 2408 964 2444 νόμος

172 2452 264 2488 ἕτερος
275 2452 350 2488 παρὰ
363 2451 409 2478 τοῦ
423 2452 490 2478 Μωῡ
496 2451 562 2483 τέως
571 2452 600 2484 ἐξ
614 2452 693 2487 ὅρους
710 2453 809 2489 Χωρὴὸ
825 2453 964 2489 δεδομένος

173 2497 362 2529 ἐξελεύσεσθαι
387 2498 420 2523 ἐκ
444 2496 492 2523 τοῦ
515 2497 609 2523 καινοῦ
633 2497 723 2532 ὅρους,
748 2498 899 2534 ὁμωνύμως
925 2499 963 2535 τῷ

173 2544 299 2580 προτέρῳ
316 2543 385 2570 Σιὼν
400 2543 447 2570 καὶ
463 2542 546 2568 αὑτοῦ
564 2542 775 2578 ὀνομαζομένου,
793 2543 909 2578 λέγεται·
925 2545 964 2572 ἔτι

172 2591 201 2617 δὲ
219 2590 264 2617 καὶ
277 2590 354 2624 λόγος
371 2589 473 2625 Κυρίου
492 2588 559 2624 μετὰ
576 2587 622 2614 τοῦ
644 2588 737 2615 καινοῦ
757 2589 839 2624 νόμου
857 2591 964 2626 εἴρηται

173 2637 206 2663 ὲκ
221 2637 270 2672 τῆς
287 2637 350 2668 νέας
372 2635 558 2671 Ἰερουσαλὴμ,
572 2635 615 2670 ’ἣν
632 2634 663 2669 (f.
681 2635 725 2669 ’51)
744 2633 816 2663 οἷκον
832 2637 878 2663 τοῦ
896 2637 962 2664 Θεοῦ

180 2682 276 2709 Ἰακὼϐ
293 2682 421 2718 ἀνωτέρω
438 2682 596 2717 προσεῖπεν,
618 2680 838 2716 προελεύσεσοαι·
855 2683 869 2708 ὁ
885 2683 963 2717 λόγος

173 2730 219 2756 ἐπὶ
235 2729 322 2755 πάντα
335 2728 368 2755 τὰ
384 2728 447 2762 ἔονη
463 2726 601 2763 προελθὼν
616 2729 719 2763 κρινεῖν
733 2728 784 2755 ἀνὰ
799 2728 879 2764 μέσον
891 2729 962 2756 λαόν

173 2775 278 2802 πολλῶν
304 2775 351 2801 καὶ
374 2773 494 2807 ἐλέγξειν
519 2773 583 2800 λαὸν
612 2773 720 2809 ἰσχυρὸν
751 2774 959 2810 προηγόρευται,

173 2821 298 2848 τοσοῦτόν
315 2828 344 2846 τε
361 2820 511 2854 ὠφελήσειν
525 2819 567 2846 διὰ
579 2820 628 2855 τῆς
644 2819 710 2851 ἰδίας
724 2820 839 2855 κρίσεως
855 2821 901 2848 καὶ
915 2821 960 2847 τοῦ

208 2910 230 2925 ⁵⁸
252 2909 331 2937 llich.
350 2916 369 2942 I,
389 2909 415 2936 5.
455 2909 475 2924 ιε
497 2908 577 2936 Mida.
596 2917 642 2941 ιιι,
660 2909 743 2942 9-12;
764 2917 799 2942 IV,
819 2909 878 2937 1σ5.

1013 1670 1040 1694 et
1069 1666 1235 1697 Jerusalem,
1252 1676 1262 1692 ι
1292 1667 1390 1695 civitas
1419 1671 1514 1695 sancta
1541 1667 1617 1702 prius
1643 1668 1799 1702 praedicata,

1016 1721 1024 1738 ι
1041 1713 1119 1747 quasi
1138 1720 1255 1740 acervus
1272 1712 1393 1748 lapidum
1407 1714 1469 1745 erit,
1487 1723 1496 1739 ι
1514 1714 1644 1741 continuo
1660 1714 1795 1749 propheti-

1014 1762 1057 1785 zat
1070 1758 1103 1786 de
1119 1758 1173 1785 alio
1189 1757 1298 1786 Domini
1312 1763 1415 1791 monte,
1434 1759 1506 1794 quod
1522 1759 1633 1794 quidem
1651 1760 1801 1794 prophetia

1013 1803 1184 1837 temporibus
1199 1803 1336 1835 exstabat,
1355 1803 1475 1830 nondum
1491 1811 1556 1831 vero
1566 1804 1713 1839 praeclarus
1727 1805 1802 1832 vide-

1013 1849 1104 1882 batur,
1119 1849 1193 1877 velut
1208 1850 1254 1884 qui
1266 1849 1295 1876 in
1319 1850 1469 1877 novissimo
1490 1851 1595 1878 dierum
1620 1859 1702 1886 super
1717 1851 1800 1879 colles

1014 1895 1226 1931 conspiciendus
1241 1899 1325 1929 esset,
1347 1900 1374 1924 et
1385 1896 1510 1924 sublimis
1528 1905 1611 1932 super
1625 1901 1742 1925 montes.
1760 1898 1801 1925 Ad

1013 1941 1087 1969 hunc
1100 1945 1219 1970 montem
1232 1949 1344 1975 novum,
1373 1949 1427 1969 non
1452 1942 1507 1977 jam
1523 1942 1557 1970 ad
1582 1947 1700 1970 montem
1717 1942 1800 1972 Israel

1012 1992 1144 2016 venturos
1157 1996 1218 2016 esse
1231 1988 1374 2024 Scriptura
1384 1990 1492 2016 nuntiat
1505 1989 1621 2024 populos
1647 1990 1806 2026 multasque

1013 2037 1117 2069 gentes,
1133 2034 1272 2062 dicentes:
1295 2044 1304 2060 ι
1324 2033 1431 2067 Venite,
1445 2035 1625 2064 ascendamus
1637 2036 1669 2063 ad
1681 2041 1800 2064 montem

1013 2080 1120 2108 Domini
1134 2090 1158 2115 ς»
1175 2085 1202 2108 et
1219 2089 1272 2109 non
1289 2082 1376 2109 solum
1393 2081 1427 2108 ad
1443 2085 1562 2109 montem
1577 2081 1695 2114 Domini,
1707 2082 1754 2110 sed
1767 2082 1800 2110 ad

1013 2126 1123 2154 domum
1138 2126 1183 2155 Dei
1196 2127 1291 2159 Jacob,
1304 2135 1365 2162 qua:
1379 2128 1431 2154 alia
1447 2128 1590 2156 manifeste
1603 2133 1644 2156 est
1658 2137 1690 2157 ac
1702 2129 1800 2158 domus

1014 2173 1041 2199 in
1055 2172 1218 2202 Jerusalem.
1239 2173 1318 2201 Modo
1334 2174 1406 2202 enim
1421 2182 1481 2202 eam
1496 2179 1526 2202 ut
1539 2178 1647 2202 antrum
1664 2176 1800 2204 desertam

1014 2218 1072 2246 fore
1085 2219 1221 2254 praedixit.
1238 2219 1297 2247 Non
1311 2220 1466 2248 inconsulto
1483 2220 1584 2248 dicitur
1597 2220 1663 2249 Sion
1679 2227 1799 2251 montem

1013 2270 1041 2293 et
1053 2265 1204 2294 Jerusalem
1222 2266 1366 2300 vastanda,
1380 2267 1432 2294 alia
1446 2271 1536 2295 autem
1563 2276 1613 2303 pro
1626 2269 1659 2296 iis
1682 2276 1800 2296 consur-

978 2299 1002 2328 θ
1014 2316 1134 2344 rectura,
1153 2317 1180 2339 et
1191 2313 1276 2348 legem
1291 2313 1383 2346 aliam,
1404 2317 1503 2348 praeter
1513 2299 1586 2341 illam
1603 2322 1664 2350 quae
1675 2315 1759 2350 Moysi
1771 2316 1799 2342 in

1014 2357 1105 2385 lloreb
1118 2358 1180 2385 data
1208 2362 1260 2391 est,
1279 2365 1293 2386 e
1314 2366 1385 2386 novo
1410 2364 1502 2388 monte
1526 2359 1706 2394 prodituram,
1734 2360 1801 2388 Sion

1013 2411 1122 2439 quoque
1137 2404 1207 2431 sicut
1225 2404 1318 2440 priore
1332 2406 1484 2432 nominato.
1503 2404 1622 2433 Verbum
1633 2414 1741 2441 quoque
1751 2406 1802 2434 Do-

1014 2451 1079 2477 mini
1091 2458 1153 2477 cum
1167 2458 1236 2478 nova
1253 2451 1311 2486 lege
1321 2451 1422 2479 dicitur
1433 2459 1448 2479 e
1464 2459 1532 2478 nova
1543 2451 1704 2485 Jerusalem,
1718 2460 1800 2488 quam

1013 2497 1122 2524 domum
1148 2496 1194 2524 Dei
1210 2495 1294 2524 Jacob
1321 2505 1403 2532 supra
1433 2498 1589 2533 appellavit,
1617 2498 1800 2534 proditurum.

1014 2543 1134 2571 Verbum
1151 2544 1232 2579 igitur
1247 2544 1279 2571 ad
1294 2552 1389 2572 omnes
1407 2549 1501 2579 gentes
1516 2544 1647 2580 prodiens
1660 2545 1801 2580 judicatu-

1014 2598 1074 2617 rum
1091 2590 1162 2617 inter
1177 2591 1279 2618 multos
1291 2591 1406 2626 populos
1418 2594 1445 2618 et
1456 2595 1550 2626 gentes
1562 2590 1647 2618 fortes
1660 2595 1802 2626 correptu-

1013 2644 1074 2664 l'um
1099 2637 1261 2670 nuntiatur,
1294 2642 1456 2672 tantumque
1485 2637 1658 2672 profuturum
1694 2638 1802 2672 proprio

1011 2682 1115 2718 judicio
1133 2687 1159 2710 et
1182 2683 1356 2718 correptione
1371 2683 1405 2710 iis
1426 2683 1472 2718 qui
1487 2684 1653 2719 corripiendi
1684 2689 1758 2717 sunt,
1773 2688 1802 2710 ut

1016 2728 1134 2763 priorem
1151 2729 1329 2756 imtnutautes
1342 2733 1469 2757 sanctum
1484 2735 1511 2757 et
1534 2726 1661 2758 hostilem
1677 2730 1802 2758 habitum

1016 2768 1161 2803 mansueto
1175 2779 1202 2802 et
1228 2775 1401 2810 paeiﬁco.....
1424 2775 1488 2803 Haec
1513 2775 1623 2812 quidem
1648 2776 1801 2812 prophetia.

1015 2820 1093 2848 Nune
1111 2829 1175 2849 vero
1192 2821 1389 2856 speculandum
1416 2830 1508 2852 an.....
1536 2822 1685 2851 Salvatoris
1715 2824 1801 2851 nostri
