  <div class='ocr_page' id='page_1' title='image "/cluster/home/n/w/nwhite01/storage/ocr_20150623/22/njp.32101077772497/647.png"; bbox 0 0 2037 3215; ppageno 0'>
   <div class='ocr_carea' id='block_1_1' title="bbox 231 165 301 192">
    <p class='ocr_par' dir='ltr' id='par_1_1' title="bbox 231 165 301 192">
     <span class='ocr_line' id='line_1_1' title="bbox 231 165 301 192; baseline 0.014 -1"><span class='ocrx_word' id='word_1_1' title='bbox 231 165 301 192; x_wconf 68' lang='grc' dir='ltr'><strong>Ηῶ</strong></span> 
     </span>
    </p>
   </div>
   <div class='ocr_carea' id='block_1_2' title="bbox 230 218 798 259">
    <p class='ocr_par' dir='ltr' id='par_1_2' title="bbox 230 218 798 259">
     <span class='ocr_line' id='line_1_2' title="bbox 230 218 798 259; baseline -0.009 -9"><span class='ocrx_word' id='word_1_2' title='bbox 230 221 404 259; x_wconf 64' lang='lat' dir='ltr'><strong>praesentiam</strong></span> <span class='ocrx_word' id='word_1_3' title='bbox 433 223 544 255; x_wconf 87' lang='lat' dir='ltr'><strong>propter</strong></span> <span class='ocrx_word' id='word_1_4' title='bbox 571 218 798 246; x_wconf 67' lang='lat' dir='ltr'><strong>aediﬁcantes.....</strong></span> 
     </span>
    </p>
   </div>
   <div class='ocr_carea' id='block_1_3' title="bbox 231 263 1016 304">
    <p class='ocr_par' dir='ltr' id='par_1_3' title="bbox 231 263 1016 304">
     <span class='ocr_line' id='line_1_3' title="bbox 231 263 1016 304; baseline -0.006 -9"><span class='ocrx_word' id='word_1_5' title='bbox 231 268 425 304; x_wconf 80' lang='lat' dir='ltr'><strong>prophetarum</strong></span> <span class='ocrx_word' id='word_1_6' title='bbox 439 265 578 300; x_wconf 87' lang='lat' dir='ltr'><strong>ipsiusque</strong></span> <span class='ocrx_word' id='word_1_7' title='bbox 591 263 692 292; x_wconf 90' lang='lat' dir='ltr'><strong>Christi</strong></span> <span class='ocrx_word' id='word_1_8' title='bbox 709 269 736 291; x_wconf 87' lang='lat' dir='ltr'><strong>et</strong></span> <span class='ocrx_word' id='word_1_9' title='bbox 766 284 772 291; x_wconf 94' lang='lat'><strong>.</strong></span> <span class='ocrx_word' id='word_1_10' title='bbox 785 285 791 291; x_wconf 92' lang='lat'><strong>.</strong></span> <span class='ocrx_word' id='word_1_11' title='bbox 807 284 813 290; x_wconf 92' lang='lat'><strong>.</strong></span> <span class='ocrx_word' id='word_1_12' title='bbox 831 285 838 292; x_wconf 89' lang='lat'><strong>.</strong></span> <span class='ocrx_word' id='word_1_13' title='bbox 854 285 861 292; x_wconf 94' lang='lat'><strong>.</strong></span> <span class='ocrx_word' id='word_1_14' title='bbox 883 264 1016 291; x_wconf 91' lang='lat' dir='ltr'><strong>stolorum</strong></span> 
     </span>
    </p>
   </div>
   <div class='ocr_carea' id='block_1_4' title="bbox 231 309 1016 348">
    <p class='ocr_par' dir='ltr' id='par_1_4' title="bbox 231 309 1016 348">
     <span class='ocr_line' id='line_1_4' title="bbox 231 309 1016 348; baseline -0.006 -6"><span class='ocrx_word' id='word_1_15' title='bbox 231 315 308 348; x_wconf 83' lang='lat' dir='ltr'><strong>ejus;</strong></span> <span class='ocrx_word' id='word_1_16' title='bbox 321 320 390 348; x_wconf 89' lang='lat' dir='ltr'><strong>quos</strong></span> <span class='ocrx_word' id='word_1_17' title='bbox 401 312 429 339; x_wconf 92' lang='lat' dir='ltr'><strong>in</strong></span> <span class='ocrx_word' id='word_1_18' title='bbox 444 310 661 346; x_wconf 57' lang='lat' dir='ltr'><strong>ipsailerusalem</strong></span> <span class='ocrx_word' id='word_1_19' title='bbox 682 309 838 337; x_wconf 68' lang='lat' dir='ltr'><strong>Iudaeorum</strong></span> <span class='ocrx_word' id='word_1_20' title='bbox 854 310 967 338; x_wconf 74' lang='lat' dir='ltr'><strong>sustulit</strong></span> 
     </span>
    </p>
   </div>
   <div class='ocr_carea' id='block_1_5' title="bbox 232 356 1018 394">
    <p class='ocr_par' dir='ltr' id='par_1_5' title="bbox 232 356 1018 394">
     <span class='ocr_line' id='line_1_5' title="bbox 232 356 1018 394; baseline -0.005 -8"><span class='ocrx_word' id='word_1_21' title='bbox 232 359 373 394; x_wconf 79' lang='lat' dir='ltr'><strong>(populus)</strong></span> <span class='ocrx_word' id='word_1_22' title='bbox 436 361 547 392; x_wconf 83' lang='lat' dir='ltr'><strong>propter</strong></span> <span class='ocrx_word' id='word_1_23' title='bbox 555 364 603 384; x_wconf 87' lang='lat' dir='ltr'><strong>eos</strong></span> <span class='ocrx_word' id='word_1_24' title='bbox 618 357 664 391; x_wconf 91' lang='lat' dir='ltr'><strong>qui</strong></span> <span class='ocrx_word' id='word_1_25' title='bbox 674 363 844 391; x_wconf 73' lang='lat' dir='ltr'><strong>quaecunque</strong></span> <span class='ocrx_word' id='word_1_26' title='bbox 861 356 888 383; x_wconf 88' lang='lat' dir='ltr'><strong>in</strong></span> <span class='ocrx_word' id='word_1_27' title='bbox 900 356 1018 391; x_wconf 86' lang='lat' dir='ltr'><strong>prophe-</strong></span> 
     </span>
    </p>
   </div>
   <div class='ocr_carea' id='block_1_6' title="bbox 233 401 1017 437">
    <p class='ocr_par' dir='ltr' id='par_1_6' title="bbox 233 401 1017 437">
     <span class='ocr_line' id='line_1_6' title="bbox 233 401 1017 437; baseline -0.005 -5"><span class='ocrx_word' id='word_1_28' title='bbox 233 406 270 432; x_wconf 87' lang='lat' dir='ltr'><strong>tia</strong></span> <span class='ocrx_word' id='word_1_29' title='bbox 279 404 426 433; x_wconf 86' lang='lat' dir='ltr'><strong>sustul.....</strong></span> <span class='ocrx_word' id='word_1_30' title='bbox 441 406 570 430; x_wconf 84' lang='lat' dir='ltr'><strong>curantes</strong></span> <span class='ocrx_word' id='word_1_31' title='bbox 584 401 649 430; x_wconf 82' lang='lat' dir='ltr'><strong>Sion</strong></span> <span class='ocrx_word' id='word_1_32' title='bbox 659 408 778 430; x_wconf 89' lang='lat' dir='ltr'><strong>montem</strong></span> <span class='ocrx_word' id='word_1_33' title='bbox 791 402 865 429; x_wconf 89' lang='lat' dir='ltr'><strong>velut</strong></span> <span class='ocrx_word' id='word_1_34' title='bbox 882 409 1017 437; x_wconf 78' lang='lat' dir='ltr'><strong>nusquam</strong></span> 
     </span>
    </p>
   </div>
   <div class='ocr_carea' id='block_1_7' title="bbox 232 447 1018 484">
    <p class='ocr_par' dir='ltr' id='par_1_7' title="bbox 232 447 1018 484">
     <span class='ocr_line' id='line_1_7' title="bbox 232 447 1018 484; baseline -0.004 -7"><span class='ocrx_word' id='word_1_35' title='bbox 232 451 300 477; x_wconf 82' lang='lat' dir='ltr'><strong>alias</strong></span> <span class='ocrx_word' id='word_1_36' title='bbox 389 448 540 476; x_wconf 82' lang='lat' dir='ltr'><strong>Jerusalem</strong></span> <span class='ocrx_word' id='word_1_37' title='bbox 569 453 723 484; x_wconf 75' lang='lat' dir='ltr'><strong>expugnata</strong></span> <span class='ocrx_word' id='word_1_38' title='bbox 747 453 798 476; x_wconf 83' lang='lat' dir='ltr'><strong>est.</strong></span> <span class='ocrx_word' id='word_1_39' title='bbox 815 447 938 481; x_wconf 82' lang='lat' dir='ltr'><strong>Quorum</strong></span> <span class='ocrx_word' id='word_1_40' title='bbox 955 451 1018 482; x_wconf 89' lang='lat' dir='ltr'><strong>post</strong></span> 
     </span>
    </p>
   </div>
   <div class='ocr_carea' id='block_1_8' title="bbox 232 493 1020 531">
    <p class='ocr_par' dir='ltr' id='par_1_8' title="bbox 232 493 1020 531">
     <span class='ocr_line' id='line_1_8' title="bbox 232 493 1020 531; baseline 0 -9"><span class='ocrx_word' id='word_1_41' title='bbox 232 495 451 531; x_wconf 86' lang='lat' dir='ltr'><strong>reprobationem</strong></span> <span class='ocrx_word' id='word_1_42' title='bbox 536 499 563 522; x_wconf 90' lang='lat' dir='ltr'><strong>et</strong></span> <span class='ocrx_word' id='word_1_43' title='bbox 578 493 644 521; x_wconf 89' lang='lat' dir='ltr'><strong>Sion</strong></span> <span class='ocrx_word' id='word_1_44' title='bbox 658 502 737 522; x_wconf 92' lang='lat' dir='ltr'><strong>mons</strong></span> <span class='ocrx_word' id='word_1_45' title='bbox 747 495 867 522; x_wconf 81' lang='lat' dir='ltr'><strong>caelestis</strong></span> <span class='ocrx_word' id='word_1_46' title='bbox 878 494 936 522; x_wconf 89' lang='lat' dir='ltr'><strong>Dei.</strong></span> <span class='ocrx_word' id='word_1_47' title='bbox 949 494 1020 528; x_wconf 79' lang='lat' dir='ltr'><strong>Quo-</strong></span> 
     </span>
    </p>
   </div>
   <div class='ocr_carea' id='block_1_9' title="bbox 232 540 1019 576">
    <p class='ocr_par' dir='ltr' id='par_1_9' title="bbox 232 540 1019 576">
     <span class='ocr_line' id='line_1_9' title="bbox 232 540 1019 576; baseline -0.001 -8"><span class='ocrx_word' id='word_1_48' title='bbox 232 549 294 568; x_wconf 85' lang='lat' dir='ltr'><strong>rum</strong></span> <span class='ocrx_word' id='word_1_49' title='bbox 306 540 476 569; x_wconf 84' lang='lat' dir='ltr'><strong>exsistebant</strong></span> <span class='ocrx_word' id='word_1_50' title='bbox 573 541 671 568; x_wconf 80' lang='lat' dir='ltr'><strong>umbra</strong></span> <span class='ocrx_word' id='word_1_51' title='bbox 693 545 720 568; x_wconf 90' lang='lat' dir='ltr'><strong>et</strong></span> <span class='ocrx_word' id='word_1_52' title='bbox 735 541 792 576; x_wconf 85' lang='lat' dir='ltr'><strong>typi</strong></span> <span class='ocrx_word' id='word_1_53' title='bbox 810 545 838 568; x_wconf 90' lang='lat' dir='ltr'><strong>et</strong></span> <span class='ocrx_word' id='word_1_54' title='bbox 852 541 1019 576; x_wconf 80' lang='lat' dir='ltr'><strong>exemplaria</strong></span> 
     </span>
    </p>
   </div>
   <div class='ocr_carea' id='block_1_10' title="bbox 232 585 1020 622">
    <p class='ocr_par' dir='ltr' id='par_1_10' title="bbox 232 585 1020 622">
     <span class='ocr_line' id='line_1_10' title="bbox 232 585 1020 622; baseline 0 -8"><span class='ocrx_word' id='word_1_55' title='bbox 232 587 360 614; x_wconf 89' lang='lat' dir='ltr'><strong>omnibus</strong></span> <span class='ocrx_word' id='word_1_56' title='bbox 376 586 410 613; x_wconf 86' lang='lat' dir='ltr'><strong>iis</strong></span> <span class='ocrx_word' id='word_1_57' title='bbox 422 587 469 621; x_wconf 88' lang='lat' dir='ltr'><strong>qui</strong></span> <span class='ocrx_word' id='word_1_58' title='bbox 579 585 663 614; x_wconf 90' lang='lat' dir='ltr'><strong>Deum</strong></span> <span class='ocrx_word' id='word_1_59' title='bbox 685 594 734 621; x_wconf 87' lang='lat' dir='ltr'><strong>per</strong></span> <span class='ocrx_word' id='word_1_60' title='bbox 759 586 900 614; x_wconf 87' lang='lat' dir='ltr'><strong>Christum</strong></span> <span class='ocrx_word' id='word_1_61' title='bbox 922 594 1020 622; x_wconf 81' lang='lat' dir='ltr'><strong>perve~</strong></span> 
     </span>
    </p>
   </div>
   <div class='ocr_carea' id='block_1_11' title="bbox 234 631 621 669">
    <p class='ocr_par' dir='ltr' id='par_1_11' title="bbox 234 631 621 669">
     <span class='ocr_line' id='line_1_11' title="bbox 234 631 621 669; baseline -0.003 -9"><span class='ocrx_word' id='word_1_62' title='bbox 234 632 309 660; x_wconf 85' lang='lat' dir='ltr'><strong>uisse</strong></span> <span class='ocrx_word' id='word_1_63' title='bbox 325 631 469 669; x_wconf 81' lang='lat' dir='ltr'><strong>manifeste</strong></span> <span class='ocrx_word' id='word_1_64' title='bbox 484 632 534 659; x_wconf 75' lang='lat' dir='ltr'><strong>visi</strong></span> <span class='ocrx_word' id='word_1_65' title='bbox 549 635 621 660; x_wconf 90' lang='lat' dir='ltr'><strong>sunt.</strong></span> 
     </span>
    </p>
   </div>
   <div class='ocr_carea' id='block_1_12' title="bbox 551 151 1498 188">
    <p class='ocr_par' dir='ltr' id='par_1_12' title="bbox 551 151 1498 188">
     <span class='ocr_line' id='line_1_12' title="bbox 551 151 1498 188; baseline -0.003 0"><span class='ocrx_word' id='word_1_66' title='bbox 551 159 687 188; x_wconf 78' lang='lat' dir='ltr'><strong>EUSEBII</strong></span> <span class='ocrx_word' id='word_1_67' title='bbox 710 158 951 187; x_wconf 52' lang='lat' dir='ltr'><strong>CiSABlENSIS</strong></span> <span class='ocrx_word' id='word_1_68' title='bbox 968 158 1044 186; x_wconf 82' lang='lat' dir='ltr'><strong>OPP.</strong></span> <span class='ocrx_word' id='word_1_69' title='bbox 1065 158 1156 186; x_wconf 79' lang='lat' dir='ltr'><strong>PARS</strong></span> <span class='ocrx_word' id='word_1_70' title='bbox 1173 158 1215 186; x_wconf 88' lang='lat' dir='ltr'><strong>Ill.</strong></span> <span class='ocrx_word' id='word_1_71' title='bbox 1237 173 1271 180; x_wconf 65' lang='grc' dir='ltr'><strong>-υ</strong></span> <span class='ocrx_word' id='word_1_72' title='bbox 1290 151 1498 185; x_wconf 74' lang='lat' dir='ltr'><strong>EXEGETlCAs</strong></span> 
     </span>
    </p>
   </div>
   <div class='ocr_carea' id='block_1_13' title="bbox 1789 154 1854 182">
    <p class='ocr_par' dir='ltr' id='par_1_13' title="bbox 1789 154 1854 182">
     <span class='ocr_line' id='line_1_13' title="bbox 1789 154 1854 182; baseline 0 0"><span class='ocrx_word' id='word_1_73' title='bbox 1789 154 1854 182; x_wconf 65' lang='lat' dir='ltr'><strong>il“</strong></span> 
     </span>
    </p>
   </div>
   <div class='ocr_carea' id='block_1_14' title="bbox 834 213 1853 254">
    <p class='ocr_par' dir='ltr' id='par_1_14' title="bbox 834 213 1853 254">
     <span class='ocr_line' id='line_1_14' title="bbox 834 213 1853 254; baseline -0.006 -9"><span class='ocrx_word' id='word_1_74' title='bbox 834 217 1016 254; x_wconf 77' lang='lat' dir='ltr'><strong>sanguinibus</strong></span> <span class='ocrx_word' id='word_1_75' title='bbox 1031 220 1053 248; x_wconf 74' lang='grc' dir='ltr'>Α</span> <span class='ocrx_word' id='word_1_76' title='bbox 1067 217 1177 253; x_wconf 77' lang='grc' dir='ltr'><strong>ἐλέγχου</strong></span> <span class='ocrx_word' id='word_1_77' title='bbox 1191 218 1254 249; x_wconf 83' lang='grc' dir='ltr'>τοὺς</span> <span class='ocrx_word' id='word_1_78' title='bbox 1270 215 1524 251; x_wconf 70' lang='grc' dir='ltr'>ὲλεγχθησομένους,</span> <span class='ocrx_word' id='word_1_79' title='bbox 1537 215 1574 247; x_wconf 86' lang='grc' dir='ltr'>ὡς</span> <span class='ocrx_word' id='word_1_80' title='bbox 1584 214 1634 249; x_wconf 79' lang='grc' dir='ltr'>τῆς</span> <span class='ocrx_word' id='word_1_81' title='bbox 1650 213 1782 249; x_wconf 78' lang='grc' dir='ltr'><strong>προτέρας</strong></span> <span class='ocrx_word' id='word_1_82' title='bbox 1801 223 1853 249; x_wconf 79' lang='grc' dir='ltr'>με-</span> 
     </span>
    </p>
   </div>
   <div class='ocr_carea' id='block_1_15' title="bbox 1068 258 1854 296">
    <p class='ocr_par' dir='ltr' id='par_1_15' title="bbox 1068 258 1854 296">
     <span class='ocr_line' id='line_1_15' title="bbox 1068 258 1854 296; baseline -0.005 -7"><span class='ocrx_word' id='word_1_83' title='bbox 1068 262 1232 294; x_wconf 82' lang='grc' dir='ltr'>ταϐαλόντας</span> <span class='ocrx_word' id='word_1_84' title='bbox 1253 262 1332 296; x_wconf 82' lang='grc' dir='ltr'>ἁγίας</span> <span class='ocrx_word' id='word_1_85' title='bbox 1354 262 1401 288; x_wconf 75' lang='grc' dir='ltr'><strong>καὶ</strong></span> <span class='ocrx_word' id='word_1_86' title='bbox 1422 259 1571 295; x_wconf 79' lang='grc' dir='ltr'><strong>πολεμικῆς</strong></span> <span class='ocrx_word' id='word_1_87' title='bbox 1593 258 1784 291; x_wconf 76' lang='grc' dir='ltr'><strong>καταστάσεως</strong></span> <span class='ocrx_word' id='word_1_88' title='bbox 1809 259 1854 285; x_wconf 68' lang='grc' dir='ltr'>τὸν</span> 
     </span>
    </p>
   </div>
   <div class='ocr_carea' id='block_1_16' title="bbox 1068 303 1855 345">
    <p class='ocr_par' dir='ltr' id='par_1_16' title="bbox 1068 303 1855 345">
     <span class='ocr_line' id='line_1_16' title="bbox 1068 303 1855 345; baseline -0.008 -10"><span class='ocrx_word' id='word_1_89' title='bbox 1068 309 1170 345; x_wconf 71' lang='grc' dir='ltr'>ἤρεμον</span> <span class='ocrx_word' id='word_1_90' title='bbox 1184 308 1231 335; x_wconf 80' lang='grc' dir='ltr'><strong>καὶ</strong></span> <span class='ocrx_word' id='word_1_91' title='bbox 1244 307 1380 343; x_wconf 75' lang='grc' dir='ltr'>εἰρηνικὸν</span> <span class='ocrx_word' id='word_1_92' title='bbox 1392 308 1445 333; x_wconf 72' lang='grc' dir='ltr'><strong>ἐπ.</strong></span> <span class='ocrx_word' id='word_1_93' title='bbox 1469 325 1476 333; x_wconf 94' lang='grc'>.</span> <span class='ocrx_word' id='word_1_94' title='bbox 1498 325 1505 332; x_wconf 86' lang='grc'><strong>.</strong></span> <span class='ocrx_word' id='word_1_95' title='bbox 1527 325 1534 332; x_wconf 89' lang='grc'><strong>.</strong></span> <span class='ocrx_word' id='word_1_96' title='bbox 1557 325 1564 332; x_wconf 95' lang='grc'><em>.</em></span> <span class='ocrx_word' id='word_1_97' title='bbox 1588 324 1595 331; x_wconf 91' lang='grc'><strong><em>.</em></strong></span> <span class='ocrx_word' id='word_1_98' title='bbox 1616 324 1624 331; x_wconf 91' lang='grc'><em>.</em></span> <span class='ocrx_word' id='word_1_99' title='bbox 1646 324 1653 332; x_wconf 91' lang='grc'><strong>.</strong></span> <span class='ocrx_word' id='word_1_100' title='bbox 1673 323 1682 332; x_wconf 90' lang='lat'><em>.</em></span> <span class='ocrx_word' id='word_1_101' title='bbox 1700 303 1855 339; x_wconf 76' lang='grc' dir='ltr'>Ταῦταμὲν</span> 
     </span>
    </p>
   </div>
   <div class='ocr_carea' id='block_1_17' title="bbox 1068 348 1854 391">
    <p class='ocr_par' dir='ltr' id='par_1_17' title="bbox 1068 348 1854 391">
     <span class='ocr_line' id='line_1_17' title="bbox 1068 348 1854 391; baseline -0.006 -10"><span class='ocrx_word' id='word_1_102' title='bbox 1068 356 1084 390; x_wconf 80' lang='grc' dir='ltr'>ἡ</span> <span class='ocrx_word' id='word_1_103' title='bbox 1100 354 1252 391; x_wconf 72' lang='grc' dir='ltr'><strong>προφητεία</strong></span> <span class='ocrx_word' id='word_1_104' title='bbox 1262 362 1268 368; x_wconf 90' lang='grc'><strong>·</strong></span> <span class='ocrx_word' id='word_1_105' title='bbox 1284 355 1394 380; x_wconf 79' lang='grc' dir='ltr'>σκοπεῖν</span> <span class='ocrx_word' id='word_1_106' title='bbox 1406 353 1436 380; x_wconf 76' lang='grc' dir='ltr'><em>δὲ</em></span> <span class='ocrx_word' id='word_1_107' title='bbox 1454 352 1584 388; x_wconf 78' lang='grc' dir='ltr'>πάρεστιν</span> <span class='ocrx_word' id='word_1_108' title='bbox 1600 352 1656 386; x_wconf 81' lang='grc' dir='ltr'>εἰμ.</span> <span class='ocrx_word' id='word_1_109' title='bbox 1669 370 1676 377; x_wconf 90' lang='grc'><strong>.</strong></span> <span class='ocrx_word' id='word_1_110' title='bbox 1690 371 1698 378; x_wconf 88' lang='grc'>.</span> <span class='ocrx_word' id='word_1_111' title='bbox 1711 371 1718 378; x_wconf 92' lang='grc'><strong>.</strong></span> <span class='ocrx_word' id='word_1_112' title='bbox 1735 370 1743 377; x_wconf 93' lang='grc'>.</span> <span class='ocrx_word' id='word_1_113' title='bbox 1759 371 1765 376; x_wconf 98' lang='grc'>.</span> <span class='ocrx_word' id='word_1_114' title='bbox 1784 370 1791 376; x_wconf 98' lang='grc'>.</span> <span class='ocrx_word' id='word_1_115' title='bbox 1804 348 1854 376; x_wconf 78' lang='grc' dir='ltr'>τοῦ</span> 
     </span>
    </p>
   </div>
   <div class='ocr_carea' id='block_1_18' title="bbox 1069 398 1855 436">
    <p class='ocr_par' dir='ltr' id='par_1_18' title="bbox 1069 398 1855 436">
     <span class='ocr_line' id='line_1_18' title="bbox 1069 398 1855 436; baseline -0.009 -8"><span class='ocrx_word' id='word_1_116' title='bbox 1069 402 1193 436; x_wconf 83' lang='grc' dir='ltr'><strong>Σωτῆρος</strong></span> <span class='ocrx_word' id='word_1_117' title='bbox 1203 399 1281 436; x_wconf 79' lang='grc' dir='ltr'>ἡμῶν</span> <span class='ocrx_word' id='word_1_118' title='bbox 1293 400 1441 434; x_wconf 78' lang='grc' dir='ltr'><strong>παρουσίαν</strong></span> <span class='ocrx_word' id='word_1_119' title='bbox 1447 399 1492 426; x_wconf 79' lang='grc' dir='ltr'>διὰ</span> <span class='ocrx_word' id='word_1_120' title='bbox 1499 400 1560 431; x_wconf 80' lang='grc' dir='ltr'>τοὺς</span> <span class='ocrx_word' id='word_1_121' title='bbox 1567 398 1855 433; x_wconf 78' lang='grc' dir='ltr'>οἱκοδομὴσαντας.....</span> 
     </span>
    </p>
   </div>
   <div class='ocr_carea' id='block_1_19' title="bbox 1069 441 1862 482">
    <p class='ocr_par' dir='ltr' id='par_1_19' title="bbox 1069 441 1862 482">
     <span class='ocr_line' id='line_1_19' title="bbox 1069 441 1862 482; baseline -0.008 -9"><span class='ocrx_word' id='word_1_122' title='bbox 1069 448 1124 476; x_wconf 73' lang='grc' dir='ltr'>τοῖς</span> <span class='ocrx_word' id='word_1_123' title='bbox 1142 446 1238 482; x_wconf 74' lang='grc' dir='ltr'>αἵμασι</span> <span class='ocrx_word' id='word_1_124' title='bbox 1256 446 1311 473; x_wconf 80' lang='grc' dir='ltr'>τῶν</span> <span class='ocrx_word' id='word_1_125' title='bbox 1324 454 1354 472; x_wconf 87' lang='grc' dir='ltr'><strong>τε</strong></span> <span class='ocrx_word' id='word_1_126' title='bbox 1371 445 1515 482; x_wconf 70' lang='grc' dir='ltr'>προφητῶν</span> <span class='ocrx_word' id='word_1_127' title='bbox 1524 445 1571 471; x_wconf 75' lang='grc' dir='ltr'><strong>καὶ</strong></span> <span class='ocrx_word' id='word_1_128' title='bbox 1583 443 1663 470; x_wconf 80' lang='grc' dir='ltr'>αὐτοῦ</span> <span class='ocrx_word' id='word_1_129' title='bbox 1676 442 1723 469; x_wconf 79' lang='grc' dir='ltr'>τοῦ</span> <span class='ocrx_word' id='word_1_130' title='bbox 1735 441 1862 477; x_wconf 68' lang='grc' dir='ltr'>Χριστοιὶ</span> 
     </span>
    </p>
   </div>
   <div class='ocr_carea' id='block_1_20' title="bbox 1071 489 1858 525">
    <p class='ocr_par' dir='ltr' id='par_1_20' title="bbox 1071 489 1858 525">
     <span class='ocr_line' id='line_1_20' title="bbox 1071 489 1858 525; baseline -0.009 -5"><span class='ocrx_word' id='word_1_131' title='bbox 1071 494 1118 520; x_wconf 67' lang='grc' dir='ltr'><strong>καὶ</strong></span> <span class='ocrx_word' id='word_1_132' title='bbox 1127 502 1176 520; x_wconf 89' lang='grc' dir='ltr'>τω.</span> <span class='ocrx_word' id='word_1_133' title='bbox 1187 513 1193 520; x_wconf 94' lang='grc'>.</span> <span class='ocrx_word' id='word_1_134' title='bbox 1211 513 1217 520; x_wconf 90' lang='grc'><strong>.</strong></span> <span class='ocrx_word' id='word_1_135' title='bbox 1240 512 1247 519; x_wconf 91' lang='grc'><em>.</em></span> <span class='ocrx_word' id='word_1_136' title='bbox 1265 511 1272 518; x_wconf 93' lang='grc'><em>.</em></span> <span class='ocrx_word' id='word_1_137' title='bbox 1292 491 1345 518; x_wconf 88' lang='grc' dir='ltr'><strong>λων</strong></span> <span class='ocrx_word' id='word_1_138' title='bbox 1368 491 1460 518; x_wconf 79' lang='grc' dir='ltr'>αὑτοῦ·</span> <span class='ocrx_word' id='word_1_139' title='bbox 1478 491 1525 523; x_wconf 76' lang='grc' dir='ltr'>οὓς</span> <span class='ocrx_word' id='word_1_140' title='bbox 1541 491 1570 518; x_wconf 78' lang='grc' dir='ltr'>ὲν</span> <span class='ocrx_word' id='word_1_141' title='bbox 1585 491 1652 525; x_wconf 81' lang='grc' dir='ltr'>αὐτῇ</span> <span class='ocrx_word' id='word_1_142' title='bbox 1669 489 1702 524; x_wconf 84' lang='grc' dir='ltr'><strong>τῇ</strong></span> <span class='ocrx_word' id='word_1_143' title='bbox 1721 489 1858 523; x_wconf 59' lang='grc' dir='ltr'>Ἰερουσα-</span> 
     </span>
    </p>
   </div>
   <div class='ocr_carea' id='block_1_21' title="bbox 1072 532 1859 574">
    <p class='ocr_par' dir='ltr' id='par_1_21' title="bbox 1072 532 1859 574">
     <span class='ocr_line' id='line_1_21' title="bbox 1072 532 1859 574; baseline -0.01 -8"><span class='ocrx_word' id='word_1_144' title='bbox 1072 539 1127 574; x_wconf 86' lang='grc' dir='ltr'><strong>λὴμ</strong></span> <span class='ocrx_word' id='word_1_145' title='bbox 1141 540 1156 566; x_wconf 80' lang='grc' dir='ltr'>ὁ</span> <span class='ocrx_word' id='word_1_146' title='bbox 1173 538 1306 565; x_wconf 81' lang='grc' dir='ltr'>Ἰουδαίων</span> <span class='ocrx_word' id='word_1_147' title='bbox 1319 538 1408 565; x_wconf 81' lang='grc' dir='ltr'>ἀνεῖλε</span> <span class='ocrx_word' id='word_1_148' title='bbox 1425 537 1440 564; x_wconf 87' lang='grc' dir='ltr'><strong>λ</strong></span> <span class='ocrx_word' id='word_1_149' title='bbox 1452 557 1459 563; x_wconf 94' lang='grc'><em>.</em></span> <span class='ocrx_word' id='word_1_150' title='bbox 1482 557 1490 564; x_wconf 94' lang='grc'><strong>.</strong></span> <span class='ocrx_word' id='word_1_151' title='bbox 1512 557 1520 564; x_wconf 87' lang='grc'><strong>.</strong></span> <span class='ocrx_word' id='word_1_152' title='bbox 1541 557 1550 565; x_wconf 93' lang='grc'><em>.</em></span> <span class='ocrx_word' id='word_1_153' title='bbox 1570 557 1578 564; x_wconf 84' lang='grc'><em>,</em></span> <span class='ocrx_word' id='word_1_154' title='bbox 1592 535 1636 563; x_wconf 85' lang='grc' dir='ltr'>διὰ</span> <span class='ocrx_word' id='word_1_155' title='bbox 1647 535 1710 566; x_wconf 83' lang='grc' dir='ltr'>τοὺς</span> <span class='ocrx_word' id='word_1_156' title='bbox 1724 534 1758 560; x_wconf 83' lang='grc' dir='ltr'><strong>τὰ</strong></span> <span class='ocrx_word' id='word_1_157' title='bbox 1773 532 1859 559; x_wconf 76' lang='grc' dir='ltr'>λοιπὰ</span> 
     </span>
    </p>
   </div>
   <div class='ocr_carea' id='block_1_22' title="bbox 1072 583 1858 620">
    <p class='ocr_par' dir='ltr' id='par_1_22' title="bbox 1072 583 1858 620">
     <span class='ocr_line' id='line_1_22' title="bbox 1072 583 1858 620; baseline -0.01 -8"><span class='ocrx_word' id='word_1_158' title='bbox 1072 586 1122 612; x_wconf 80' lang='grc' dir='ltr'>ὅσα</span> <span class='ocrx_word' id='word_1_159' title='bbox 1137 585 1168 620; x_wconf 89' lang='grc' dir='ltr'><strong>δὴ</strong></span> <span class='ocrx_word' id='word_1_160' title='bbox 1187 586 1215 611; x_wconf 83' lang='grc' dir='ltr'>ὲν</span> <span class='ocrx_word' id='word_1_161' title='bbox 1232 585 1266 620; x_wconf 81' lang='grc' dir='ltr'><strong>τῇ</strong></span> <span class='ocrx_word' id='word_1_162' title='bbox 1288 584 1440 619; x_wconf 75' lang='grc' dir='ltr'>προφητείᾳ</span> <span class='ocrx_word' id='word_1_163' title='bbox 1454 583 1561 610; x_wconf 80' lang='grc' dir='ltr'>κατείλε</span> <span class='ocrx_word' id='word_1_164' title='bbox 1583 601 1590 609; x_wconf 94' lang='grc'>.</span> <span class='ocrx_word' id='word_1_165' title='bbox 1612 602 1619 608; x_wconf 92' lang='grc'>.</span> <span class='ocrx_word' id='word_1_166' title='bbox 1641 601 1647 608; x_wconf 95' lang='grc'>.</span> <span class='ocrx_word' id='word_1_167' title='bbox 1671 601 1678 609; x_wconf 93' lang='grc'>.</span> <span class='ocrx_word' id='word_1_168' title='bbox 1699 599 1708 607; x_wconf 90' lang='grc'><strong>.</strong></span> <span class='ocrx_word' id='word_1_169' title='bbox 1730 599 1738 606; x_wconf 93' lang='grc'><em>.</em></span> <span class='ocrx_word' id='word_1_170' title='bbox 1760 600 1767 606; x_wconf 99' lang='grc'>.</span> <span class='ocrx_word' id='word_1_171' title='bbox 1789 598 1796 604; x_wconf 95' lang='grc'>.</span> <span class='ocrx_word' id='word_1_172' title='bbox 1818 597 1826 604; x_wconf 89' lang='grc'><strong>.</strong></span> <span class='ocrx_word' id='word_1_173' title='bbox 1850 598 1858 604; x_wconf 92' lang='grc'><strong>.</strong></span> 
     </span>
    </p>
   </div>
   <div class='ocr_carea' id='block_1_23' title="bbox 1076 626 1858 666">
    <p class='ocr_par' dir='ltr' id='par_1_23' title="bbox 1076 626 1858 666">
     <span class='ocr_line' id='line_1_23' title="bbox 1076 626 1858 666; baseline -0.009 -8"><span class='ocrx_word' id='word_1_174' title='bbox 1076 631 1243 666; x_wconf 84' lang='grc' dir='ltr'>μελήσαντας</span> <span class='ocrx_word' id='word_1_175' title='bbox 1254 630 1284 657; x_wconf 80' lang='grc' dir='ltr'>τὸ</span> <span class='ocrx_word' id='word_1_176' title='bbox 1298 630 1367 657; x_wconf 81' lang='grc' dir='ltr'>Σιὼν</span> <span class='ocrx_word' id='word_1_177' title='bbox 1380 629 1442 665; x_wconf 76' lang='grc' dir='ltr'>ὅρος</span> <span class='ocrx_word' id='word_1_178' title='bbox 1452 629 1490 661; x_wconf 81' lang='grc' dir='ltr'>ὡς</span> <span class='ocrx_word' id='word_1_179' title='bbox 1500 628 1669 655; x_wconf 76' lang='grc' dir='ltr'>οὐδεπώποτε</span> <span class='ocrx_word' id='word_1_180' title='bbox 1679 626 1773 653; x_wconf 79' lang='grc' dir='ltr'>ἄλλοτε</span> <span class='ocrx_word' id='word_1_181' title='bbox 1785 645 1793 651; x_wconf 94' lang='grc'>.</span> <span class='ocrx_word' id='word_1_182' title='bbox 1807 645 1814 650; x_wconf 95' lang='grc'><em>.</em></span> <span class='ocrx_word' id='word_1_183' title='bbox 1827 645 1835 652; x_wconf 89' lang='grc'><strong>.</strong></span> <span class='ocrx_word' id='word_1_184' title='bbox 1850 643 1858 650; x_wconf 92' lang='grc'><em>.</em></span> 
     </span>
    </p>
   </div>
   <div class='ocr_carea' id='block_1_24' title="bbox 240 670 1859 716">
    <p class='ocr_par' dir='ltr' id='par_1_24' title="bbox 240 670 1859 716">
     <span class='ocr_line' id='line_1_24' title="bbox 240 670 1859 716; baseline -0.004 -10"><span class='ocrx_word' id='word_1_185' title='bbox 240 679 416 716; x_wconf 79' lang='grc' dir='ltr'>Ἰερουσαλὴμ</span> <span class='ocrx_word' id='word_1_186' title='bbox 430 680 655 716; x_wconf 71' lang='grc' dir='ltr'>πεπολιόρκηταιο</span> <span class='ocrx_word' id='word_1_187' title='bbox 677 677 715 707; x_wconf 88' lang='grc' dir='ltr'>ὧν</span> <span class='ocrx_word' id='word_1_188' title='bbox 734 680 803 715; x_wconf 83' lang='grc' dir='ltr'>μετὰ</span> <span class='ocrx_word' id='word_1_189' title='bbox 821 681 871 715; x_wconf 78' lang='grc' dir='ltr'>τὴν</span> <span class='ocrx_word' id='word_1_190' title='bbox 896 680 1035 716; x_wconf 77' lang='grc' dir='ltr'><strong>ἐρήμωσιν</strong></span> <span class='ocrx_word' id='word_1_191' title='bbox 1054 679 1070 714; x_wconf 86' lang='grc' dir='ltr'><strong>ἡ</strong></span> <span class='ocrx_word' id='word_1_192' title='bbox 1086 680 1122 706; x_wconf 83' lang='grc' dir='ltr'><strong>ὲπ</strong></span> <span class='ocrx_word' id='word_1_193' title='bbox 1142 699 1149 705; x_wconf 94' lang='grc'><strong><em>.</em></strong></span> <span class='ocrx_word' id='word_1_194' title='bbox 1171 698 1178 706; x_wconf 91' lang='grc'><strong>.</strong></span> <span class='ocrx_word' id='word_1_195' title='bbox 1201 699 1207 705; x_wconf 93' lang='grc'><strong>.</strong></span> <span class='ocrx_word' id='word_1_196' title='bbox 1230 699 1236 704; x_wconf 91' lang='grc'>.</span> <span class='ocrx_word' id='word_1_197' title='bbox 1259 698 1265 704; x_wconf 97' lang='grc'><em>.</em></span> <span class='ocrx_word' id='word_1_198' title='bbox 1289 699 1296 705; x_wconf 90' lang='grc'><strong>.</strong></span> <span class='ocrx_word' id='word_1_199' title='bbox 1314 677 1360 704; x_wconf 77' lang='grc' dir='ltr'><strong>καὶ</strong></span> <span class='ocrx_word' id='word_1_200' title='bbox 1374 678 1406 703; x_wconf 84' lang='grc' dir='ltr'>τδ</span> <span class='ocrx_word' id='word_1_201' title='bbox 1422 677 1491 703; x_wconf 87' lang='grc' dir='ltr'>Σιὼν</span> <span class='ocrx_word' id='word_1_202' title='bbox 1505 676 1566 711; x_wconf 78' lang='grc' dir='ltr'>ὅρος</span> <span class='ocrx_word' id='word_1_203' title='bbox 1577 676 1609 702; x_wconf 76' lang='grc' dir='ltr'><strong>τὸ</strong></span> <span class='ocrx_word' id='word_1_204' title='bbox 1621 674 1781 710; x_wconf 73' lang='grc' dir='ltr'>ἐπουράνιον</span> 
     </span>
    </p>
   </div>
   <div class='ocr_carea' id='block_1_25' title="bbox 234 721 590 760">
    <p class='ocr_par' dir='ltr' id='par_1_25' title="bbox 234 721 590 760">
     <span class='ocr_line' id='line_1_25' title="bbox 234 721 590 760; baseline 0 -9"><span class='ocrx_word' id='word_1_205' title='bbox 234 725 311 752; x_wconf 73' lang='grc' dir='ltr'>Θεοῦ·</span> <span class='ocrx_word' id='word_1_206' title='bbox 342 721 380 752; x_wconf 86' lang='grc' dir='ltr'>ὧν</span> <span class='ocrx_word' id='word_1_207' title='bbox 396 725 542 760; x_wconf 76' lang='grc' dir='ltr'>ἐτύγχανον</span> <span class='ocrx_word' id='word_1_208' title='bbox 574 734 590 751; x_wconf 89' lang='grc' dir='ltr'><strong>τ</strong></span> 
     </span>
    </p>
   </div>
   <div class='ocr_carea' id='block_1_26' title="bbox 235 771 797 807">
    <p class='ocr_par' dir='ltr' id='par_1_26' title="bbox 235 771 797 807">
     <span class='ocr_line' id='line_1_26' title="bbox 235 771 797 807; baseline 0 -9"><span class='ocrx_word' id='word_1_209' title='bbox 235 771 353 807; x_wconf 80' lang='grc' dir='ltr'><strong>Χριστοῦ</strong></span> <span class='ocrx_word' id='word_1_210' title='bbox 369 771 581 807; x_wconf 81' lang='grc' dir='ltr'>προσεληλυθόσι</span> <span class='ocrx_word' id='word_1_211' title='bbox 596 772 797 807; x_wconf 83' lang='grc' dir='ltr'>πεφανέρωται.</span> 
     </span>
    </p>
   </div>
   <div class='ocr_carea' id='block_1_27' title="bbox 523 835 727 863">
    <p class='ocr_par' dir='ltr' id='par_1_27' title="bbox 523 835 727 863">
     <span class='ocr_line' id='line_1_27' title="bbox 523 835 727 863; baseline -0.005 0"><span class='ocrx_word' id='word_1_212' title='bbox 523 835 639 863; x_wconf 79' lang='lat' dir='ltr'><strong>CAPUT</strong></span> <span class='ocrx_word' id='word_1_213' title='bbox 656 835 727 863; x_wconf 77' lang='lat' dir='ltr'><strong>XIX.</strong></span> 
     </span>
    </p>
   </div>
   <div class='ocr_carea' id='block_1_28' title="bbox 548 892 706 920">
    <p class='ocr_par' dir='ltr' id='par_1_28' title="bbox 548 892 706 920">
     <span class='ocr_line' id='line_1_28' title="bbox 548 892 706 920; baseline 0.013 -2"><span class='ocrx_word' id='word_1_214' title='bbox 548 892 591 918; x_wconf 77' lang='lat' dir='ltr'><strong>Ea:</strong></span> <span class='ocrx_word' id='word_1_215' title='bbox 605 892 706 920; x_wconf 83' lang='lat' dir='ltr'><strong>eodem.</strong></span> 
     </span>
    </p>
   </div>
   <div class='ocr_carea' id='block_1_29' title="bbox 611 714 1861 759">
    <p class='ocr_par' dir='ltr' id='par_1_29' title="bbox 611 714 1861 759">
     <span class='ocr_line' id='line_1_29' title="bbox 611 714 1861 759; baseline -0.009 -7"><span class='ocrx_word' id='word_1_216' title='bbox 611 745 618 752; x_wconf 90' lang='lat'><strong>.</strong></span> <span class='ocrx_word' id='word_1_217' title='bbox 641 745 648 751; x_wconf 88' lang='lat'><strong>.</strong></span> <span class='ocrx_word' id='word_1_218' title='bbox 669 745 677 752; x_wconf 91' lang='lat'><strong>.</strong></span> <span class='ocrx_word' id='word_1_219' title='bbox 699 743 706 751; x_wconf 89' lang='lat'><strong>.</strong></span> <span class='ocrx_word' id='word_1_220' title='bbox 723 714 787 751; x_wconf 81' lang='grc' dir='ltr'>σκιὰ</span> <span class='ocrx_word' id='word_1_221' title='bbox 811 714 858 751; x_wconf 55' lang='grc' dir='ltr'><strong>καὶ</strong></span> <span class='ocrx_word' id='word_1_222' title='bbox 871 714 954 751; x_wconf 53' lang='grc' dir='ltr'><strong>’τύ-ἦτοι</strong></span> <span class='ocrx_word' id='word_1_223' title='bbox 972 724 1020 751; x_wconf 75' lang='grc' dir='ltr'>καὶ</span> <span class='ocrx_word' id='word_1_224' title='bbox 1034 723 1241 759; x_wconf 78' lang='grc' dir='ltr'>παραδείγματα</span> <span class='ocrx_word' id='word_1_225' title='bbox 1258 722 1391 753; x_wconf 79' lang='grc' dir='ltr'>πᾶσιτοίς</span> <span class='ocrx_word' id='word_1_226' title='bbox 1408 721 1447 751; x_wconf 87' lang='grc' dir='ltr'><strong>εἰς</strong></span> <span class='ocrx_word' id='word_1_227' title='bbox 1463 719 1509 747; x_wconf 79' lang='grc' dir='ltr'><strong>τὸν</strong></span> <span class='ocrx_word' id='word_1_228' title='bbox 1530 741 1537 747; x_wconf 97' lang='grc'>.</span> <span class='ocrx_word' id='word_1_229' title='bbox 1559 738 1567 745; x_wconf 95' lang='grc'>.</span> <span class='ocrx_word' id='word_1_230' title='bbox 1589 737 1596 746; x_wconf 88' lang='grc'><strong>.</strong></span> <span class='ocrx_word' id='word_1_231' title='bbox 1617 739 1625 746; x_wconf 91' lang='grc'><strong>.</strong></span> <span class='ocrx_word' id='word_1_232' title='bbox 1647 739 1653 745; x_wconf 92' lang='grc'><em>.</em></span> <span class='ocrx_word' id='word_1_233' title='bbox 1676 738 1683 745; x_wconf 95' lang='grc'><strong>.</strong></span> <span class='ocrx_word' id='word_1_234' title='bbox 1707 737 1713 743; x_wconf 93' lang='grc'>.</span> <span class='ocrx_word' id='word_1_235' title='bbox 1735 716 1802 743; x_wconf 75' lang='grc' dir='ltr'>θεὸν</span> <span class='ocrx_word' id='word_1_236' title='bbox 1815 714 1861 741; x_wconf 77' lang='grc' dir='ltr'><strong>διὰ</strong></span> 
     </span>
    </p>
   </div>
   <div class='ocr_carea' id='block_1_30' title="bbox 1330 828 1602 857">
    <p class='ocr_par' dir='ltr' id='par_1_30' title="bbox 1330 828 1602 857">
     <span class='ocr_line' id='line_1_30' title="bbox 1330 828 1602 857; baseline -0.004 0"><span class='ocrx_word' id='word_1_237' title='bbox 1330 828 1527 857; x_wconf 77' lang='grc' dir='ltr'><strong>ΚΕΦΛΛΑΙΟΝ</strong></span> <span class='ocrx_word' id='word_1_238' title='bbox 1551 829 1602 856; x_wconf 71' lang='grc' dir='ltr'><strong>ΙΘ.</strong></span> 
     </span>
    </p>
   </div>
   <div class='ocr_carea' id='block_1_31' title="bbox 1334 885 1594 914">
    <p class='ocr_par' dir='ltr' id='par_1_31' title="bbox 1334 885 1594 914">
     <span class='ocr_line' id='line_1_31' title="bbox 1334 885 1594 914; baseline -0.008 -1"><span class='ocrx_word' id='word_1_239' title='bbox 1334 886 1404 914; x_wconf 77' lang='grc' dir='ltr'><strong>Ἀπὸ</strong></span> <span class='ocrx_word' id='word_1_240' title='bbox 1423 885 1476 913; x_wconf 76' lang='grc' dir='ltr'>τοῦ</span> <span class='ocrx_word' id='word_1_241' title='bbox 1492 885 1594 913; x_wconf 80' lang='grc' dir='ltr'>αὐτοῦ.</span> 
     </span>
    </p>
   </div>
   <div class='ocr_carea' id='block_1_32' title="bbox 273 949 1021 990">
    <p class='ocr_par' dir='ltr' id='par_1_32' title="bbox 273 949 1020 984">
     <span class='ocr_line' id='line_1_32' title="bbox 273 949 1020 984; baseline 0 -8"><span class='ocrx_word' id='word_1_242' title='bbox 273 960 283 976; x_wconf 75' lang='grc'><strong>1</strong></span> <span class='ocrx_word' id='word_1_243' title='bbox 303 949 336 977; x_wconf 84' lang='grc' dir='ltr'>Ει</span> <span class='ocrx_word' id='word_1_244' title='bbox 350 953 379 977; x_wconf 86' lang='lat' dir='ltr'><strong>tu</strong></span> <span class='ocrx_word' id='word_1_245' title='bbox 391 949 559 982; x_wconf 81' lang='lat' dir='ltr'><strong>Bethlehem,</strong></span> <span class='ocrx_word' id='word_1_246' title='bbox 575 949 673 977; x_wconf 89' lang='lat' dir='ltr'><strong>domus</strong></span> <span class='ocrx_word' id='word_1_247' title='bbox 689 949 824 984; x_wconf 74' lang='lat' dir='ltr'><strong>Ephratae,</strong></span> <span class='ocrx_word' id='word_1_248' title='bbox 844 949 976 984; x_wconf 83' lang='lat' dir='ltr'><strong>parvulus</strong></span> <span class='ocrx_word' id='word_1_249' title='bbox 991 956 1020 977; x_wconf 85' lang='lat' dir='ltr'><strong>es</strong></span> 
     </span>
    </p>
   </div>
   <div class='ocr_carea' id='block_1_33' title="bbox 1074 949 1864 990">
    <p class='ocr_par' dir='ltr' id='par_1_33' title="bbox 1111 951 1864 990">
     <span class='ocr_line' id='line_1_33' title="bbox 1111 951 1864 990; baseline -0.005 -6"><span class='ocrx_word' id='word_1_250' title='bbox 1111 967 1120 983; x_wconf 76' lang='grc' dir='ltr'><strong>ι</strong></span> <span class='ocrx_word' id='word_1_251' title='bbox 1130 957 1185 984; x_wconf 79' lang='grc' dir='ltr'><strong>Καὶ</strong></span> <span class='ocrx_word' id='word_1_252' title='bbox 1196 957 1239 988; x_wconf 82' lang='grc' dir='ltr'><strong>σὺ,</strong></span> <span class='ocrx_word' id='word_1_253' title='bbox 1256 955 1388 990; x_wconf 80' lang='grc' dir='ltr'>Βηθλεὲμ,</span> <span class='ocrx_word' id='word_1_254' title='bbox 1398 951 1471 986; x_wconf 78' lang='grc' dir='ltr'>οἶκος</span> <span class='ocrx_word' id='word_1_255' title='bbox 1487 953 1532 980; x_wconf 81' lang='grc' dir='ltr'>τοῦ</span> <span class='ocrx_word' id='word_1_256' title='bbox 1541 953 1671 990; x_wconf 81' lang='grc' dir='ltr'>Ἐφραθὰ,</span> <span class='ocrx_word' id='word_1_257' title='bbox 1686 952 1826 987; x_wconf 49' lang='grc' dir='ltr'>ὀλιγοστὸς</span> <span class='ocrx_word' id='word_1_258' title='bbox 1839 951 1864 980; x_wconf 73' lang='grc' dir='ltr'>εἰ</span> 
     </span>
    </p>
   </div>
   <div class='ocr_carea' id='block_1_34' title="bbox 237 995 1023 1031">
    <p class='ocr_par' dir='ltr' id='par_1_34' title="bbox 237 995 1023 1031">
     <span class='ocr_line' id='line_1_34' title="bbox 237 995 1023 1031; baseline -0.001 -8"><span class='ocrx_word' id='word_1_259' title='bbox 237 997 264 1023; x_wconf 83' lang='lat' dir='ltr'><strong>in</strong></span> <span class='ocrx_word' id='word_1_260' title='bbox 288 997 408 1024; x_wconf 88' lang='lat' dir='ltr'><strong>millibus</strong></span> <span class='ocrx_word' id='word_1_261' title='bbox 428 995 519 1028; x_wconf 81' lang='lat' dir='ltr'><strong>Juda;</strong></span> <span class='ocrx_word' id='word_1_262' title='bbox 544 1003 577 1023; x_wconf 80' lang='lat' dir='ltr'><strong>ex</strong></span> <span class='ocrx_word' id='word_1_263' title='bbox 601 1000 628 1023; x_wconf 90' lang='lat' dir='ltr'><strong>te</strong></span> <span class='ocrx_word' id='word_1_264' title='bbox 644 996 712 1023; x_wconf 86' lang='lat' dir='ltr'><strong>mihi</strong></span> <span class='ocrx_word' id='word_1_265' title='bbox 743 995 898 1030; x_wconf 76' lang='lat' dir='ltr'><strong>egredietur</strong></span> <span class='ocrx_word' id='word_1_266' title='bbox 923 996 970 1031; x_wconf 89' lang='lat' dir='ltr'><strong>qui</strong></span> <span class='ocrx_word' id='word_1_267' title='bbox 987 997 1023 1023; x_wconf 87' lang='lat' dir='ltr'><strong>sit</strong></span> 
     </span>
    </p>
   </div>
   <div class='ocr_carea' id='block_1_35' title="bbox 237 1041 1023 1077">
    <p class='ocr_par' dir='ltr' id='par_1_35' title="bbox 237 1041 1023 1077">
     <span class='ocr_line' id='line_1_35' title="bbox 237 1041 1023 1077; baseline -0.001 -9"><span class='ocrx_word' id='word_1_268' title='bbox 237 1042 396 1069; x_wconf 81' lang='lat' dir='ltr'><strong>Dominator</strong></span> <span class='ocrx_word' id='word_1_269' title='bbox 411 1042 439 1069; x_wconf 92' lang='lat' dir='ltr'><strong>in</strong></span> <span class='ocrx_word' id='word_1_270' title='bbox 452 1041 546 1073; x_wconf 83' lang='lat' dir='ltr'><strong>Israel,</strong></span> <span class='ocrx_word' id='word_1_271' title='bbox 564 1046 591 1069; x_wconf 89' lang='lat' dir='ltr'><strong>et</strong></span> <span class='ocrx_word' id='word_1_272' title='bbox 607 1049 735 1077; x_wconf 81' lang='lat' dir='ltr'><strong>egressus</strong></span> <span class='ocrx_word' id='word_1_273' title='bbox 761 1041 821 1076; x_wconf 82' lang='lat' dir='ltr'><strong>ejus</strong></span> <span class='ocrx_word' id='word_1_274' title='bbox 835 1041 870 1068; x_wconf 88' lang='lat' dir='ltr'><strong>ab</strong></span> <span class='ocrx_word' id='word_1_275' title='bbox 898 1041 991 1072; x_wconf 86' lang='lat' dir='ltr'><strong>initio,</strong></span> <span class='ocrx_word' id='word_1_276' title='bbox 1007 1048 1023 1067; x_wconf 90' lang='lat' dir='ltr'><strong>a</strong></span> 
     </span>
    </p>
   </div>
   <div class='ocr_carea' id='block_1_36' title="bbox 236 1086 1023 1115">
    <p class='ocr_par' dir='ltr' id='par_1_36' title="bbox 236 1086 1023 1115">
     <span class='ocr_line' id='line_1_36' title="bbox 236 1086 1023 1115; baseline -0.001 0"><span class='ocrx_word' id='word_1_277' title='bbox 236 1088 332 1115; x_wconf 81' lang='lat' dir='ltr'><strong>diebus</strong></span> <span class='ocrx_word' id='word_1_278' title='bbox 355 1087 518 1115; x_wconf 62' lang='lat' dir='ltr'><strong>aeternitatis</strong></span> <span class='ocrx_word' id='word_1_279' title='bbox 539 1087 574 1104; x_wconf 78' lang='lat'><strong>&quot;&#39;</strong></span> <span class='ocrx_word' id='word_1_280' title='bbox 593 1097 602 1113; x_wconf 77' lang='grc' dir='ltr'><strong>ι</strong></span> <span class='ocrx_word' id='word_1_281' title='bbox 714 1086 762 1114; x_wconf 89' lang='lat' dir='ltr'><strong>His</strong></span> <span class='ocrx_word' id='word_1_282' title='bbox 785 1087 963 1115; x_wconf 85' lang='lat' dir='ltr'><strong>stabiliuntur</strong></span> <span class='ocrx_word' id='word_1_283' title='bbox 990 1087 1023 1114; x_wconf 89' lang='lat' dir='ltr'><strong>de</strong></span> 
     </span>
    </p>
   </div>
   <div class='ocr_carea' id='block_1_37' title="bbox 236 1132 1024 1164">
    <p class='ocr_par' dir='ltr' id='par_1_37' title="bbox 236 1132 1024 1164">
     <span class='ocr_line' id='line_1_37' title="bbox 236 1132 1024 1164; baseline 0 -4"><span class='ocrx_word' id='word_1_284' title='bbox 236 1133 346 1161; x_wconf 84' lang='lat' dir='ltr'><strong>Christo</strong></span> <span class='ocrx_word' id='word_1_285' title='bbox 358 1133 529 1160; x_wconf 86' lang='lat' dir='ltr'><strong>documenta.</strong></span> <span class='ocrx_word' id='word_1_286' title='bbox 542 1132 633 1160; x_wconf 86' lang='lat' dir='ltr'><strong>Unum</strong></span> <span class='ocrx_word' id='word_1_287' title='bbox 656 1140 721 1160; x_wconf 88' lang='lat' dir='ltr'><strong>vero</strong></span> <span class='ocrx_word' id='word_1_288' title='bbox 738 1132 896 1164; x_wconf 82' lang='lat' dir='ltr'><strong>Marcionis,</strong></span> <span class='ocrx_word' id='word_1_289' title='bbox 914 1137 1024 1160; x_wconf 75' lang='lat' dir='ltr'><strong>caetero-</strong></span> 
     </span>
    </p>
   </div>
   <div class='ocr_carea' id='block_1_38' title="bbox 238 1177 1023 1213">
    <p class='ocr_par' dir='ltr' id='par_1_38' title="bbox 238 1177 1023 1213">
     <span class='ocr_line' id='line_1_38' title="bbox 238 1177 1023 1213; baseline -0.001 -8"><span class='ocrx_word' id='word_1_290' title='bbox 238 1186 352 1213; x_wconf 86' lang='lat' dir='ltr'><strong>rumque</strong></span> <span class='ocrx_word' id='word_1_291' title='bbox 363 1178 553 1207; x_wconf 62' lang='lat' dir='ltr'><strong>haereticorum</strong></span> <span class='ocrx_word' id='word_1_292' title='bbox 567 1178 672 1206; x_wconf 87' lang='lat' dir='ltr'><strong>erroris</strong></span> <span class='ocrx_word' id='word_1_293' title='bbox 768 1178 883 1205; x_wconf 89' lang='lat' dir='ltr'><strong>alterum</strong></span> <span class='ocrx_word' id='word_1_294' title='bbox 898 1177 1023 1205; x_wconf 65' lang='lat' dir='ltr'><strong>Artamo.</strong></span> 
     </span>
    </p>
   </div>
   <div class='ocr_carea' id='block_1_39' title="bbox 238 1224 1023 1260">
    <p class='ocr_par' dir='ltr' id='par_1_39' title="bbox 238 1224 1023 1260">
     <span class='ocr_line' id='line_1_39' title="bbox 238 1224 1023 1260; baseline -0.001 -8"><span class='ocrx_word' id='word_1_295' title='bbox 238 1226 281 1253; x_wconf 91' lang='lat' dir='ltr'><strong>nis</strong></span> <span class='ocrx_word' id='word_1_296' title='bbox 296 1229 322 1252; x_wconf 89' lang='lat' dir='ltr'><strong>et</strong></span> <span class='ocrx_word' id='word_1_297' title='bbox 336 1225 512 1253; x_wconf 86' lang='lat' dir='ltr'><strong>Samosatens</strong></span> <span class='ocrx_word' id='word_1_298' title='bbox 610 1224 801 1252; x_wconf 76' lang='lat' dir='ltr'><strong>Ebionaeorum</strong></span> <span class='ocrx_word' id='word_1_299' title='bbox 817 1228 952 1260; x_wconf 88' lang='lat' dir='ltr'><strong>quotquot</strong></span> <span class='ocrx_word' id='word_1_300' title='bbox 968 1232 1023 1251; x_wconf 92' lang='lat' dir='ltr'><strong>non</strong></span> 
     </span>
    </p>
   </div>
   <div class='ocr_carea' id='block_1_40' title="bbox 237 1270 1024 1305">
    <p class='ocr_par' dir='ltr' id='par_1_40' title="bbox 237 1270 1024 1305">
     <span class='ocr_line' id='line_1_40' title="bbox 237 1270 1024 1305; baseline -0.001 -7"><span class='ocrx_word' id='word_1_301' title='bbox 237 1271 428 1305; x_wconf 67' lang='lat' dir='ltr'><strong>prmexsistere</strong></span> <span class='ocrx_word' id='word_1_302' title='bbox 447 1271 645 1299; x_wconf 83' lang='lat' dir='ltr'><strong>incarnationis</strong></span> <span class='ocrx_word' id='word_1_303' title='bbox 749 1274 940 1305; x_wconf 84' lang='lat' dir='ltr'><strong>susceperunt.</strong></span> <span class='ocrx_word' id='word_1_304' title='bbox 968 1270 1024 1298; x_wconf 88' lang='lat' dir='ltr'><strong>Hos</strong></span> 
     </span>
    </p>
   </div>
   <div class='ocr_carea' id='block_1_41' title="bbox 237 1315 1024 1352">
    <p class='ocr_par' dir='ltr' id='par_1_41' title="bbox 237 1315 1024 1352">
     <span class='ocr_line' id='line_1_41' title="bbox 237 1315 1024 1352; baseline -0.001 -8"><span class='ocrx_word' id='word_1_305' title='bbox 237 1317 310 1344; x_wconf 88' lang='lat' dir='ltr'><strong>enim</strong></span> <span class='ocrx_word' id='word_1_306' title='bbox 327 1317 374 1352; x_wconf 93' lang='lat' dir='ltr'><strong>qui</strong></span> <span class='ocrx_word' id='word_1_307' title='bbox 398 1324 453 1345; x_wconf 91' lang='lat' dir='ltr'><strong>non</strong></span> <span class='ocrx_word' id='word_1_308' title='bbox 476 1316 641 1344; x_wconf 84' lang='lat' dir='ltr'><strong>conﬁtentur</strong></span> <span class='ocrx_word' id='word_1_309' title='bbox 661 1324 724 1344; x_wconf 85' lang='lat' dir='ltr'><strong>eum</strong></span> <span class='ocrx_word' id='word_1_310' title='bbox 821 1315 906 1343; x_wconf 85' lang='lat' dir='ltr'><strong>Deum</strong></span> <span class='ocrx_word' id='word_1_311' title='bbox 931 1319 1024 1351; x_wconf 86' lang='lat' dir='ltr'><strong>aperte</strong></span> 
     </span>
    </p>
   </div>
   <div class='ocr_carea' id='block_1_42' title="bbox 1074 994 1863 1036">
    <p class='ocr_par' dir='ltr' id='par_1_42' title="bbox 1074 994 1863 1036">
     <span class='ocr_line' id='line_1_42' title="bbox 1074 994 1863 1036; baseline -0.008 -7"><span class='ocrx_word' id='word_1_312' title='bbox 1074 1002 1119 1030; x_wconf 79' lang='grc' dir='ltr'><strong>τοῦ</strong></span> <span class='ocrx_word' id='word_1_313' title='bbox 1139 1001 1208 1029; x_wconf 86' lang='grc' dir='ltr'>εἶναι</span> <span class='ocrx_word' id='word_1_314' title='bbox 1229 1001 1269 1036; x_wconf 81' lang='grc' dir='ltr'><strong>ὲ(ν</strong></span> <span class='ocrx_word' id='word_1_315' title='bbox 1305 1000 1434 1036; x_wconf 80' lang='grc' dir='ltr'>χιλι)άσιν</span> <span class='ocrx_word' id='word_1_316' title='bbox 1458 999 1552 1025; x_wconf 74' lang='grc' dir='ltr'><strong>Ἰούδα’</strong></span> <span class='ocrx_word' id='word_1_317' title='bbox 1568 998 1598 1030; x_wconf 76' lang='grc' dir='ltr'>ἐξ</span> <span class='ocrx_word' id='word_1_318' title='bbox 1612 994 1642 1024; x_wconf 71' lang='grc' dir='ltr'><strong>οὗ</strong></span> <span class='ocrx_word' id='word_1_319' title='bbox 1661 1007 1704 1033; x_wconf 89' lang='grc' dir='ltr'><strong>μοι</strong></span> <span class='ocrx_word' id='word_1_320' title='bbox 1721 997 1863 1030; x_wconf 79' lang='grc' dir='ltr'>ἐξελεύσε-</span> 
     </span>
    </p>
   </div>
   <div class='ocr_carea' id='block_1_43' title="bbox 1072 1042 1863 1083">
    <p class='ocr_par' dir='ltr' id='par_1_43' title="bbox 1072 1042 1863 1083">
     <span class='ocr_line' id='line_1_43' title="bbox 1072 1042 1863 1083; baseline -0.01 -7"><span class='ocrx_word' id='word_1_321' title='bbox 1072 1058 1116 1076; x_wconf 84' lang='grc' dir='ltr'><strong>ται</strong></span> <span class='ocrx_word' id='word_1_322' title='bbox 1133 1048 1298 1083; x_wconf 80' lang='grc' dir='ltr'>Ἡγούμενος</span> <span class='ocrx_word' id='word_1_323' title='bbox 1316 1046 1363 1073; x_wconf 80' lang='grc' dir='ltr'>τοῦ</span> <span class='ocrx_word' id='word_1_324' title='bbox 1375 1043 1443 1071; x_wconf 74' lang='grc' dir='ltr'>εἶναι</span> <span class='ocrx_word' id='word_1_325' title='bbox 1457 1046 1496 1076; x_wconf 84' lang='grc' dir='ltr'>εἰς</span> <span class='ocrx_word' id='word_1_326' title='bbox 1507 1043 1646 1080; x_wconf 50' lang='lat' dir='ltr'><strong>ippon)</strong></span> <span class='ocrx_word' id='word_1_327' title='bbox 1655 1045 1683 1070; x_wconf 77' lang='grc' dir='ltr'>ὲν</span> <span class='ocrx_word' id='word_1_328' title='bbox 1693 1043 1733 1078; x_wconf 84' lang='grc' dir='ltr'>τῷ</span> <span class='ocrx_word' id='word_1_329' title='bbox 1741 1042 1863 1078; x_wconf 71' lang='grc' dir='ltr'>Ἰσραήλ·</span> 
     </span>
    </p>
   </div>
   <div class='ocr_carea' id='block_1_44' title="bbox 1072 1087 1860 1126">
    <p class='ocr_par' dir='ltr' id='par_1_44' title="bbox 1072 1087 1860 1126">
     <span class='ocr_line' id='line_1_44' title="bbox 1072 1087 1860 1126; baseline -0.01 -5"><span class='ocrx_word' id='word_1_330' title='bbox 1072 1095 1119 1121; x_wconf 72' lang='grc' dir='ltr'><strong>καὶ</strong></span> <span class='ocrx_word' id='word_1_331' title='bbox 1137 1095 1165 1120; x_wconf 82' lang='grc' dir='ltr'>αἱ</span> <span class='ocrx_word' id='word_1_332' title='bbox 1177 1093 1261 1126; x_wconf 76' lang='grc' dir='ltr'>ἔξοδοι</span> <span class='ocrx_word' id='word_1_333' title='bbox 1274 1091 1357 1119; x_wconf 75' lang='grc' dir='ltr'>αὑτοῦ</span> <span class='ocrx_word' id='word_1_334' title='bbox 1369 1092 1417 1118; x_wconf 77' lang='grc' dir='ltr'><strong>ἀπ’</strong></span> <span class='ocrx_word' id='word_1_335' title='bbox 1429 1091 1515 1126; x_wconf 81' lang='grc' dir='ltr'>ἀρχῆς</span> <span class='ocrx_word' id='word_1_336' title='bbox 1524 1090 1553 1122; x_wconf 80' lang='grc' dir='ltr'>ἐξ</span> <span class='ocrx_word' id='word_1_337' title='bbox 1567 1088 1677 1125; x_wconf 82' lang='grc' dir='ltr'>ἡμερῶν</span> <span class='ocrx_word' id='word_1_338' title='bbox 1690 1087 1860 1115; x_wconf 77' lang='grc' dir='ltr'>αἰώνων....ι</span> 
     </span>
    </p>
   </div>
   <div class='ocr_carea' id='block_1_45' title="bbox 1074 1134 1861 1173">
    <p class='ocr_par' dir='ltr' id='par_1_45' title="bbox 1074 1134 1861 1173">
     <span class='ocr_line' id='line_1_45' title="bbox 1074 1134 1861 1173; baseline -0.01 -6"><span class='ocrx_word' id='word_1_339' title='bbox 1074 1140 1123 1166; x_wconf 84' lang='grc' dir='ltr'><strong>Διὰ</strong></span> <span class='ocrx_word' id='word_1_340' title='bbox 1136 1139 1239 1166; x_wconf 83' lang='grc' dir='ltr'>τούτων</span> <span class='ocrx_word' id='word_1_341' title='bbox 1254 1138 1387 1173; x_wconf 79' lang='grc' dir='ltr'>δείγματα</span> <span class='ocrx_word' id='word_1_342' title='bbox 1406 1137 1470 1172; x_wconf 71' lang='grc' dir='ltr'>περὶ</span> <span class='ocrx_word' id='word_1_343' title='bbox 1488 1135 1535 1162; x_wconf 77' lang='grc' dir='ltr'>τοῦ</span> <span class='ocrx_word' id='word_1_344' title='bbox 1550 1134 1667 1171; x_wconf 75' lang='grc' dir='ltr'>Χριστοῦ</span> <span class='ocrx_word' id='word_1_345' title='bbox 1684 1134 1861 1169; x_wconf 82' lang='grc' dir='ltr'>παρίσταται·</span> 
     </span>
    </p>
   </div>
   <div class='ocr_carea' id='block_1_46' title="bbox 1073 1181 1863 1221">
    <p class='ocr_par' dir='ltr' id='par_1_46' title="bbox 1073 1181 1863 1221">
     <span class='ocr_line' id='line_1_46' title="bbox 1073 1181 1863 1221; baseline -0.006 -9"><span class='ocrx_word' id='word_1_346' title='bbox 1073 1186 1101 1212; x_wconf 85' lang='grc' dir='ltr'>ἒν</span> <span class='ocrx_word' id='word_1_347' title='bbox 1119 1185 1170 1221; x_wconf 85' lang='grc' dir='ltr'>μὲν</span> <span class='ocrx_word' id='word_1_348' title='bbox 1183 1185 1233 1219; x_wconf 82' lang='grc' dir='ltr'>τῆς</span> <span class='ocrx_word' id='word_1_349' title='bbox 1250 1184 1341 1219; x_wconf 57' lang='lat' dir='ltr'><strong>(xum</strong></span> <span class='ocrx_word' id='word_1_350' title='bbox 1357 1183 1508 1219; x_wconf 75' lang='grc' dir='ltr'>Μαρκίωνα</span> <span class='ocrx_word' id='word_1_351' title='bbox 1525 1181 1572 1208; x_wconf 79' lang='grc' dir='ltr'><strong>καὶ</strong></span> <span class='ocrx_word' id='word_1_352' title='bbox 1591 1181 1653 1213; x_wconf 74' lang='grc' dir='ltr'>τοὺς</span> <span class='ocrx_word' id='word_1_353' title='bbox 1664 1181 1774 1212; x_wconf 81' lang='grc' dir='ltr'>λοιποὺς</span> <span class='ocrx_word' id='word_1_354' title='bbox 1785 1182 1863 1215; x_wconf 74' lang='grc' dir='ltr'>αἱρε-</span> 
     </span>
    </p>
   </div>
   <div class='ocr_carea' id='block_1_47' title="bbox 1074 1227 1865 1265">
    <p class='ocr_par' dir='ltr' id='par_1_47' title="bbox 1074 1227 1865 1265">
     <span class='ocr_line' id='line_1_47' title="bbox 1074 1227 1865 1265; baseline -0.006 -7"><span class='ocrx_word' id='word_1_355' title='bbox 1074 1231 1174 1263; x_wconf 83' lang='grc' dir='ltr'>σιώτας</span> <span class='ocrx_word' id='word_1_356' title='bbox 1189 1231 1291 1265; x_wconf 82' lang='grc' dir='ltr'>πλάνης</span> <span class='ocrx_word' id='word_1_357' title='bbox 1308 1231 1321 1256; x_wconf 79' lang='grc' dir='ltr'><strong>ὲ</strong></span> <span class='ocrx_word' id='word_1_358' title='bbox 1342 1249 1349 1256; x_wconf 91' lang='grc'>.</span> <span class='ocrx_word' id='word_1_359' title='bbox 1372 1249 1379 1256; x_wconf 97' lang='grc'><strong><em>.</em></strong></span> <span class='ocrx_word' id='word_1_360' title='bbox 1401 1250 1407 1255; x_wconf 95' lang='grc'><em>.</em></span> <span class='ocrx_word' id='word_1_361' title='bbox 1429 1249 1436 1255; x_wconf 93' lang='grc'>.</span> <span class='ocrx_word' id='word_1_362' title='bbox 1459 1249 1465 1256; x_wconf 92' lang='grc'><strong><em>.</em></strong></span> <span class='ocrx_word' id='word_1_363' title='bbox 1489 1249 1496 1256; x_wconf 92' lang='grc'>.</span> <span class='ocrx_word' id='word_1_364' title='bbox 1519 1249 1525 1255; x_wconf 96' lang='grc'><em>.</em></span> <span class='ocrx_word' id='word_1_365' title='bbox 1547 1248 1553 1254; x_wconf 94' lang='grc'><strong><em>.</em></strong></span> <span class='ocrx_word' id='word_1_366' title='bbox 1577 1248 1584 1255; x_wconf 94' lang='grc'><em>.</em></span> <span class='ocrx_word' id='word_1_367' title='bbox 1608 1247 1614 1254; x_wconf 94' lang='grc'><em>.</em></span> <span class='ocrx_word' id='word_1_368' title='bbox 1631 1227 1745 1262; x_wconf 79' lang='grc' dir='ltr'>Θὰτερον</span> <span class='ocrx_word' id='word_1_369' title='bbox 1762 1227 1791 1254; x_wconf 72' lang='grc' dir='ltr'><strong>δὲ</strong></span> <span class='ocrx_word' id='word_1_370' title='bbox 1810 1227 1865 1261; x_wconf 76' lang='grc' dir='ltr'>τῆς</span> 
     </span>
    </p>
   </div>
   <div class='ocr_carea' id='block_1_48' title="bbox 1073 1272 1865 1313">
    <p class='ocr_par' dir='ltr' id='par_1_48' title="bbox 1073 1272 1865 1313">
     <span class='ocr_line' id='line_1_48' title="bbox 1073 1272 1865 1313; baseline -0.008 -9"><span class='ocrx_word' id='word_1_371' title='bbox 1073 1277 1143 1304; x_wconf 82' lang='grc' dir='ltr'>κατὰ</span> <span class='ocrx_word' id='word_1_372' title='bbox 1157 1276 1314 1313; x_wconf 80' lang='grc' dir='ltr'>Ἀρτέμωνα</span> <span class='ocrx_word' id='word_1_373' title='bbox 1329 1275 1375 1302; x_wconf 68' lang='grc' dir='ltr'><strong>καὶ</strong></span> <span class='ocrx_word' id='word_1_374' title='bbox 1385 1275 1429 1301; x_wconf 73' lang='grc' dir='ltr'><strong>τὸν</strong></span> <span class='ocrx_word' id='word_1_375' title='bbox 1438 1273 1588 1309; x_wconf 79' lang='grc' dir='ltr'>Σαμοσατέ.</span> <span class='ocrx_word' id='word_1_376' title='bbox 1611 1294 1619 1301; x_wconf 90' lang='grc'><strong>.</strong></span> <span class='ocrx_word' id='word_1_377' title='bbox 1635 1293 1643 1300; x_wconf 88' lang='grc'><strong>.</strong></span> <span class='ocrx_word' id='word_1_378' title='bbox 1660 1293 1667 1299; x_wconf 94' lang='grc'>.</span> <span class='ocrx_word' id='word_1_379' title='bbox 1687 1293 1694 1300; x_wconf 87' lang='grc'>.</span> <span class='ocrx_word' id='word_1_380' title='bbox 1711 1292 1716 1299; x_wconf 96' lang='grc'>.</span> <span class='ocrx_word' id='word_1_381' title='bbox 1736 1293 1743 1300; x_wconf 97' lang='grc'>.</span> <span class='ocrx_word' id='word_1_382' title='bbox 1765 1272 1865 1299; x_wconf 79' lang='grc' dir='ltr'>Ἐὸιω-</span> 
     </span>
    </p>
   </div>
   <div class='ocr_carea' id='block_1_49' title="bbox 1075 1318 1863 1356">
    <p class='ocr_par' dir='ltr' id='par_1_49' title="bbox 1075 1318 1863 1356">
     <span class='ocr_line' id='line_1_49' title="bbox 1075 1318 1863 1356; baseline -0.009 -6"><span class='ocrx_word' id='word_1_383' title='bbox 1075 1323 1156 1350; x_wconf 89' lang='grc' dir='ltr'>ναίων</span> <span class='ocrx_word' id='word_1_384' title='bbox 1171 1331 1203 1349; x_wconf 89' lang='grc' dir='ltr'><strong>τε</strong></span> <span class='ocrx_word' id='word_1_385' title='bbox 1221 1322 1277 1348; x_wconf 83' lang='grc' dir='ltr'>ὅσοι</span> <span class='ocrx_word' id='word_1_386' title='bbox 1290 1320 1326 1356; x_wconf 86' lang='grc' dir='ltr'>μὴ</span> <span class='ocrx_word' id='word_1_387' title='bbox 1339 1321 1460 1356; x_wconf 83' lang='grc' dir='ltr'>προεῖναι</span> <span class='ocrx_word' id='word_1_388' title='bbox 1476 1319 1526 1354; x_wconf 84' lang='grc' dir='ltr'>τῆς</span> <span class='ocrx_word' id='word_1_389' title='bbox 1538 1318 1772 1354; x_wconf 80' lang='grc' dir='ltr'>ὲνανθρωπήσεως</span> <span class='ocrx_word' id='word_1_390' title='bbox 1793 1337 1801 1344; x_wconf 95' lang='grc'><em>.</em></span> <span class='ocrx_word' id='word_1_391' title='bbox 1822 1336 1830 1343; x_wconf 97' lang='grc'>.</span> <span class='ocrx_word' id='word_1_392' title='bbox 1854 1336 1863 1344; x_wconf 89' lang='grc'><em>.</em></span> 
     </span>
    </p>
   </div>
   <div class='ocr_carea' id='block_1_50' title="bbox 238 1361 1021 1401">
    <p class='ocr_par' dir='ltr' id='par_1_50' title="bbox 238 1362 1021 1398">
     <span class='ocr_line' id='line_1_50' title="bbox 238 1362 1021 1398; baseline 0 -8"><span class='ocrx_word' id='word_1_393' title='bbox 238 1362 413 1398; x_wconf 82' lang='lat' dir='ltr'><strong>propheticus</strong></span> <span class='ocrx_word' id='word_1_394' title='bbox 436 1362 561 1390; x_wconf 78' lang='lat' dir='ltr'><strong>confutat</strong></span> <span class='ocrx_word' id='word_1_395' title='bbox 587 1370 678 1390; x_wconf 88' lang='lat' dir='ltr'><strong>sermo</strong></span> <span class='ocrx_word' id='word_1_396' title='bbox 698 1363 843 1397; x_wconf 85' lang='lat' dir='ltr'><strong>.....quasi</strong></span> <span class='ocrx_word' id='word_1_397' title='bbox 873 1371 882 1387; x_wconf 76' lang='grc' dir='ltr'><strong>ι</strong></span> <span class='ocrx_word' id='word_1_398' title='bbox 897 1369 1021 1396; x_wconf 81' lang='lat' dir='ltr'><strong>egressus</strong></span> 
     </span>
    </p>
   </div>
   <div class='ocr_carea' id='block_1_51' title="bbox 1074 1361 1865 1401">
    <p class='ocr_par' dir='ltr' id='par_1_51' title="bbox 1075 1361 1865 1401">
     <span class='ocr_line' id='line_1_51' title="bbox 1075 1361 1865 1401; baseline -0.008 -7"><span class='ocrx_word' id='word_1_399' title='bbox 1075 1387 1083 1394; x_wconf 91' lang='lat'><strong>.</strong></span> <span class='ocrx_word' id='word_1_400' title='bbox 1105 1387 1112 1393; x_wconf 89' lang='lat'><strong>.</strong></span> <span class='ocrx_word' id='word_1_401' title='bbox 1133 1386 1141 1393; x_wconf 93' lang='lat'><strong>.</strong></span> <span class='ocrx_word' id='word_1_402' title='bbox 1164 1387 1170 1393; x_wconf 92' lang='lat'><em>.</em></span> <span class='ocrx_word' id='word_1_403' title='bbox 1192 1365 1389 1401; x_wconf 59' lang='grc' dir='ltr'>ὑπειλήφασιν</span> <span class='ocrx_word' id='word_1_404' title='bbox 1413 1365 1475 1395; x_wconf 81' lang='grc' dir='ltr'>τοὺς</span> <span class='ocrx_word' id='word_1_405' title='bbox 1500 1363 1548 1398; x_wconf 82' lang='grc' dir='ltr'>μὲν</span> <span class='ocrx_word' id='word_1_406' title='bbox 1571 1362 1625 1398; x_wconf 77' lang='grc' dir='ltr'>γὰρ</span> <span class='ocrx_word' id='word_1_407' title='bbox 1644 1362 1681 1398; x_wconf 83' lang='grc' dir='ltr'>μὴ</span> <span class='ocrx_word' id='word_1_408' title='bbox 1701 1361 1865 1398; x_wconf 66' lang='grc' dir='ltr'>ὁμολογοῦνι</span> 
     </span>
    </p>
   </div>
   <div class='ocr_carea' id='block_1_52' title="bbox 238 1406 1021 1444">
    <p class='ocr_par' dir='ltr' id='par_1_52' title="bbox 238 1406 1021 1442">
     <span class='ocr_line' id='line_1_52' title="bbox 238 1406 1021 1442; baseline 0.001 -8"><span class='ocrx_word' id='word_1_409' title='bbox 238 1407 299 1442; x_wconf 82' lang='lat' dir='ltr'><strong>ejus</strong></span> <span class='ocrx_word' id='word_1_410' title='bbox 315 1408 349 1434; x_wconf 87' lang='lat' dir='ltr'><strong>ab</strong></span> <span class='ocrx_word' id='word_1_411' title='bbox 362 1408 452 1440; x_wconf 89' lang='lat' dir='ltr'><strong>initio,</strong></span> <span class='ocrx_word' id='word_1_412' title='bbox 465 1415 481 1435; x_wconf 87' lang='lat' dir='ltr'><strong>a</strong></span> <span class='ocrx_word' id='word_1_413' title='bbox 496 1408 592 1435; x_wconf 87' lang='lat' dir='ltr'><strong>diebus</strong></span> <span class='ocrx_word' id='word_1_414' title='bbox 603 1407 763 1435; x_wconf 76' lang='lat' dir='ltr'><strong>aeternitatis</strong></span> <span class='ocrx_word' id='word_1_415' title='bbox 781 1416 791 1432; x_wconf 82' lang='grc'><strong>›</strong></span> <span class='ocrx_word' id='word_1_416' title='bbox 877 1406 1021 1435; x_wconf 80' lang='lat' dir='ltr'><strong>Marcionis</strong></span> 
     </span>
    </p>
   </div>
   <div class='ocr_carea' id='block_1_53' title="bbox 1074 1406 1866 1444">
    <p class='ocr_par' dir='ltr' id='par_1_53' title="bbox 1074 1408 1866 1444">
     <span class='ocr_line' id='line_1_53' title="bbox 1074 1408 1866 1444; baseline -0.006 -6"><span class='ocrx_word' id='word_1_417' title='bbox 1074 1420 1122 1444; x_wconf 88' lang='grc' dir='ltr'><strong>τας</strong></span> <span class='ocrx_word' id='word_1_418' title='bbox 1139 1411 1227 1438; x_wconf 74' lang='grc' dir='ltr'>αὑτὸν.</span> <span class='ocrx_word' id='word_1_419' title='bbox 1249 1430 1257 1437; x_wconf 93' lang='grc'><strong>.</strong></span> <span class='ocrx_word' id='word_1_420' title='bbox 1279 1432 1285 1437; x_wconf 93' lang='grc'>.</span> <span class='ocrx_word' id='word_1_421' title='bbox 1308 1430 1315 1436; x_wconf 94' lang='grc'>.</span> <span class='ocrx_word' id='word_1_422' title='bbox 1337 1430 1343 1436; x_wconf 98' lang='grc'>.</span> <span class='ocrx_word' id='word_1_423' title='bbox 1366 1431 1373 1437; x_wconf 94' lang='grc'>.</span> <span class='ocrx_word' id='word_1_424' title='bbox 1397 1431 1403 1438; x_wconf 88' lang='grc'><strong><em>.</em></strong></span> <span class='ocrx_word' id='word_1_425' title='bbox 1427 1430 1432 1436; x_wconf 97' lang='grc'>.</span> <span class='ocrx_word' id='word_1_426' title='bbox 1455 1431 1461 1436; x_wconf 99' lang='grc'>.</span> <span class='ocrx_word' id='word_1_427' title='bbox 1483 1430 1491 1437; x_wconf 92' lang='grc'><strong>.</strong></span> <span class='ocrx_word' id='word_1_428' title='bbox 1508 1409 1574 1436; x_wconf 80' lang='grc' dir='ltr'>Θεὸν</span> <span class='ocrx_word' id='word_1_429' title='bbox 1591 1408 1684 1443; x_wconf 59' lang='grc' dir='ltr'>σαςεῶς</span> <span class='ocrx_word' id='word_1_430' title='bbox 1700 1409 1714 1434; x_wconf 84' lang='grc' dir='ltr'>ὁ</span> <span class='ocrx_word' id='word_1_431' title='bbox 1730 1415 1866 1443; x_wconf 73' lang='grc' dir='ltr'>προφητι-</span> 
     </span>
    </p>
   </div>
   <div class='ocr_carea' id='block_1_54' title="bbox 240 1452 1021 1492">
    <p class='ocr_par' dir='ltr' id='par_1_54' title="bbox 240 1452 1021 1487">
     <span class='ocr_line' id='line_1_54' title="bbox 240 1452 1021 1487; baseline -0.003 -6"><span class='ocrx_word' id='word_1_432' title='bbox 240 1457 330 1482; x_wconf 86' lang='lat' dir='ltr'><strong>autem</strong></span> <span class='ocrx_word' id='word_1_433' title='bbox 345 1457 372 1482; x_wconf 87' lang='lat' dir='ltr'><strong>et</strong></span> <span class='ocrx_word' id='word_1_434' title='bbox 388 1459 500 1482; x_wconf 57' lang='lat' dir='ltr'><strong>caeteras</strong></span> <span class='ocrx_word' id='word_1_435' title='bbox 591 1453 620 1480; x_wconf 93' lang='lat' dir='ltr'><strong>in</strong></span> <span class='ocrx_word' id='word_1_436' title='bbox 632 1460 726 1480; x_wconf 88' lang='lat' dir='ltr'><strong>errore</strong></span> <span class='ocrx_word' id='word_1_437' title='bbox 736 1452 852 1480; x_wconf 82' lang='lat' dir='ltr'><strong>versatis</strong></span> <span class='ocrx_word' id='word_1_438' title='bbox 867 1456 949 1487; x_wconf 85' lang='lat' dir='ltr'><strong>atque</strong></span> <span class='ocrx_word' id='word_1_439' title='bbox 969 1460 1021 1480; x_wconf 88' lang='lat' dir='ltr'><strong>non</strong></span> 
     </span>
    </p>
   </div>
   <div class='ocr_carea' id='block_1_55' title="bbox 1074 1452 1866 1492">
    <p class='ocr_par' dir='ltr' id='par_1_55' title="bbox 1076 1453 1866 1492">
     <span class='ocr_line' id='line_1_55' title="bbox 1076 1453 1866 1492; baseline -0.005 -9"><span class='ocrx_word' id='word_1_440' title='bbox 1076 1458 1123 1489; x_wconf 71' lang='grc' dir='ltr'><strong>κὸς</strong></span> <span class='ocrx_word' id='word_1_441' title='bbox 1137 1457 1268 1492; x_wconf 75' lang='grc' dir='ltr'>διελέγχει</span> <span class='ocrx_word' id='word_1_442' title='bbox 1281 1457 1360 1490; x_wconf 83' lang='grc' dir='ltr'>λόγος</span> <span class='ocrx_word' id='word_1_443' title='bbox 1376 1464 1405 1482; x_wconf 85' lang='grc' dir='ltr'><strong>τε</strong></span> <span class='ocrx_word' id='word_1_444' title='bbox 1428 1475 1434 1482; x_wconf 96' lang='grc'><em>.</em></span> <span class='ocrx_word' id='word_1_445' title='bbox 1457 1475 1465 1482; x_wconf 91' lang='grc'><strong>.</strong></span> <span class='ocrx_word' id='word_1_446' title='bbox 1487 1475 1494 1483; x_wconf 93' lang='grc'><strong>.</strong></span> <span class='ocrx_word' id='word_1_447' title='bbox 1517 1475 1524 1481; x_wconf 87' lang='grc'><strong>.</strong></span> <span class='ocrx_word' id='word_1_448' title='bbox 1547 1475 1554 1481; x_wconf 94' lang='grc'>.</span> <span class='ocrx_word' id='word_1_449' title='bbox 1576 1475 1583 1480; x_wconf 94' lang='grc'><em>.</em></span> <span class='ocrx_word' id='word_1_450' title='bbox 1606 1474 1613 1480; x_wconf 91' lang='grc'>.</span> <span class='ocrx_word' id='word_1_451' title='bbox 1636 1475 1642 1481; x_wconf 97' lang='grc'>.</span> <span class='ocrx_word' id='word_1_452' title='bbox 1665 1473 1672 1480; x_wconf 93' lang='grc'><em>.</em></span> <span class='ocrx_word' id='word_1_453' title='bbox 1695 1474 1702 1480; x_wconf 95' lang='grc'>.</span> <span class='ocrx_word' id='word_1_454' title='bbox 1725 1473 1732 1480; x_wconf 92' lang='grc'><strong>.</strong></span> <span class='ocrx_word' id='word_1_455' title='bbox 1752 1453 1791 1484; x_wconf 85' lang='grc' dir='ltr'>ὡς</span> <span class='ocrx_word' id='word_1_456' title='bbox 1808 1453 1866 1488; x_wconf 75' lang='grc' dir='ltr'><strong>ἄρα.</strong></span> 
     </span>
    </p>
   </div>
   <div class='ocr_carea' id='block_1_56' title="bbox 239 1499 1021 1538">
    <p class='ocr_par' dir='ltr' id='par_1_56' title="bbox 239 1499 1021 1535">
     <span class='ocr_line' id='line_1_56' title="bbox 239 1499 1021 1535; baseline 0.001 -8"><span class='ocrx_word' id='word_1_457' title='bbox 239 1500 450 1535; x_wconf 58' lang='lat' dir='ltr'><strong>agnoscentibus</strong></span> <span class='ocrx_word' id='word_1_458' title='bbox 485 1507 547 1528; x_wconf 90' lang='lat' dir='ltr'><strong>eum</strong></span> <span class='ocrx_word' id='word_1_459' title='bbox 575 1520 582 1527; x_wconf 94' lang='lat'><strong>.</strong></span> <span class='ocrx_word' id='word_1_460' title='bbox 599 1519 628 1526; x_wconf 91' lang='lat'><strong>..</strong></span> <span class='ocrx_word' id='word_1_461' title='bbox 644 1519 651 1526; x_wconf 92' lang='lat'><strong>.</strong></span> <span class='ocrx_word' id='word_1_462' title='bbox 672 1519 679 1526; x_wconf 91' lang='lat'>.</span> <span class='ocrx_word' id='word_1_463' title='bbox 712 1506 766 1526; x_wconf 93' lang='lat' dir='ltr'><strong>non</strong></span> <span class='ocrx_word' id='word_1_464' title='bbox 803 1499 877 1534; x_wconf 87' lang='lat' dir='ltr'><strong>quod</strong></span> <span class='ocrx_word' id='word_1_465' title='bbox 915 1499 1021 1534; x_wconf 78' lang='lat' dir='ltr'><strong>agnitus</strong></span> 
     </span>
    </p>
   </div>
   <div class='ocr_carea' id='block_1_57' title="bbox 1074 1499 1862 1538">
    <p class='ocr_par' dir='ltr' id='par_1_57' title="bbox 1078 1500 1862 1538">
     <span class='ocr_line' id='line_1_57' title="bbox 1078 1500 1862 1538; baseline -0.006 -8"><span class='ocrx_word' id='word_1_466' title='bbox 1078 1513 1087 1529; x_wconf 85' lang='grc'><strong>‹</strong></span> <span class='ocrx_word' id='word_1_467' title='bbox 1101 1505 1129 1530; x_wconf 88' lang='grc' dir='ltr'>αἱ</span> <span class='ocrx_word' id='word_1_468' title='bbox 1144 1503 1226 1536; x_wconf 78' lang='grc' dir='ltr'>ἔξοδοι</span> <span class='ocrx_word' id='word_1_469' title='bbox 1241 1503 1324 1530; x_wconf 77' lang='grc' dir='ltr'>αὑτοῦ</span> <span class='ocrx_word' id='word_1_470' title='bbox 1339 1504 1387 1530; x_wconf 69' lang='grc' dir='ltr'><strong>ἀπ’</strong></span> <span class='ocrx_word' id='word_1_471' title='bbox 1401 1503 1488 1538; x_wconf 79' lang='grc' dir='ltr'>ἀρχῆς</span> <span class='ocrx_word' id='word_1_472' title='bbox 1508 1511 1518 1528; x_wconf 75' lang='grc' dir='ltr'><strong>ι</strong></span> <span class='ocrx_word' id='word_1_473' title='bbox 1534 1502 1580 1529; x_wconf 76' lang='grc' dir='ltr'>καὶ</span> <span class='ocrx_word' id='word_1_474' title='bbox 1599 1511 1608 1526; x_wconf 75' lang='grc' dir='ltr'><strong>ε</strong></span> <span class='ocrx_word' id='word_1_475' title='bbox 1627 1501 1655 1534; x_wconf 80' lang='grc' dir='ltr'>ἐξ</span> <span class='ocrx_word' id='word_1_476' title='bbox 1671 1500 1780 1536; x_wconf 74' lang='grc' dir='ltr'>ἡμερῶν</span> <span class='ocrx_word' id='word_1_477' title='bbox 1792 1508 1862 1526; x_wconf 73' lang='grc' dir='ltr'>α...ι</span> 
     </span>
    </p>
   </div>
   <div class='ocr_carea' id='block_1_58' title="bbox 238 1544 1021 1582">
    <p class='ocr_par' dir='ltr' id='par_1_58' title="bbox 238 1544 1021 1581">
     <span class='ocr_line' id='line_1_58' title="bbox 238 1544 1021 1581; baseline 0.001 -7"><span class='ocrx_word' id='word_1_478' title='bbox 238 1551 324 1574; x_wconf 83' lang='lat' dir='ltr'><strong>erata</strong></span> <span class='ocrx_word' id='word_1_479' title='bbox 346 1546 447 1581; x_wconf 86' lang='lat' dir='ltr'><strong>populo</strong></span> <span class='ocrx_word' id='word_1_480' title='bbox 545 1544 743 1573; x_wconf 87' lang='lat' dir='ltr'><strong>ostendendum</strong></span> <span class='ocrx_word' id='word_1_481' title='bbox 768 1545 840 1580; x_wconf 91' lang='lat' dir='ltr'><strong>quod</strong></span> <span class='ocrx_word' id='word_1_482' title='bbox 865 1545 1021 1580; x_wconf 82' lang='lat' dir='ltr'><strong>praedictum</strong></span> 
     </span>
    </p>
   </div>
   <div class='ocr_carea' id='block_1_59' title="bbox 1074 1544 1866 1582">
    <p class='ocr_par' dir='ltr' id='par_1_59' title="bbox 1078 1546 1866 1582">
     <span class='ocr_line' id='line_1_59' title="bbox 1078 1546 1866 1582; baseline -0.005 -6"><span class='ocrx_word' id='word_1_483' title='bbox 1078 1569 1084 1576; x_wconf 92' lang='lat'><strong>.</strong></span> <span class='ocrx_word' id='word_1_484' title='bbox 1106 1570 1114 1577; x_wconf 87' lang='lat'><em>.</em></span> <span class='ocrx_word' id='word_1_485' title='bbox 1137 1570 1144 1576; x_wconf 91' lang='lat'><strong>.</strong></span> <span class='ocrx_word' id='word_1_486' title='bbox 1166 1569 1172 1575; x_wconf 93' lang='lat'><strong>.</strong></span> <span class='ocrx_word' id='word_1_487' title='bbox 1196 1570 1203 1576; x_wconf 94' lang='lat'><strong>.</strong></span> <span class='ocrx_word' id='word_1_488' title='bbox 1225 1570 1232 1576; x_wconf 93' lang='lat'><strong>.</strong></span> <span class='ocrx_word' id='word_1_489' title='bbox 1254 1568 1262 1576; x_wconf 92' lang='lat'><strong>.</strong></span> <span class='ocrx_word' id='word_1_490' title='bbox 1282 1557 1367 1575; x_wconf 85' lang='grc' dir='ltr'>νουσι·</span> <span class='ocrx_word' id='word_1_491' title='bbox 1381 1550 1436 1581; x_wconf 86' lang='grc' dir='ltr'>τοῖς</span> <span class='ocrx_word' id='word_1_492' title='bbox 1454 1549 1482 1575; x_wconf 76' lang='grc' dir='ltr'><strong>δὲ</strong></span> <span class='ocrx_word' id='word_1_493' title='bbox 1498 1548 1567 1575; x_wconf 81' lang='grc' dir='ltr'>κατὰ</span> <span class='ocrx_word' id='word_1_494' title='bbox 1583 1547 1733 1582; x_wconf 78' lang='grc' dir='ltr'>Μαρκίωνα</span> <span class='ocrx_word' id='word_1_495' title='bbox 1751 1546 1866 1577; x_wconf 75' lang='grc' dir='ltr'>καὶτὰς</span> 
     </span>
    </p>
   </div>
   <div class='ocr_carea' id='block_1_60' title="bbox 239 1591 1021 1629">
    <p class='ocr_par' dir='ltr' id='par_1_60' title="bbox 239 1591 1021 1628">
     <span class='ocr_line' id='line_1_60' title="bbox 239 1591 1021 1628; baseline -0.003 -8"><span class='ocrx_word' id='word_1_496' title='bbox 239 1596 282 1620; x_wconf 83' lang='lat' dir='ltr'><strong>est</strong></span> <span class='ocrx_word' id='word_1_497' title='bbox 296 1592 329 1620; x_wconf 89' lang='lat' dir='ltr'><strong>de</strong></span> <span class='ocrx_word' id='word_1_498' title='bbox 341 1592 517 1628; x_wconf 77' lang='lat' dir='ltr'><strong>generatione</strong></span> <span class='ocrx_word' id='word_1_499' title='bbox 602 1591 648 1618; x_wconf 80' lang='lat' dir='ltr'><strong>lux</strong></span> <span class='ocrx_word' id='word_1_500' title='bbox 659 1598 746 1625; x_wconf 87' lang='lat' dir='ltr'><strong>usque</strong></span> <span class='ocrx_word' id='word_1_501' title='bbox 758 1598 833 1618; x_wconf 90' lang='lat' dir='ltr'><strong>nunc</strong></span> <span class='ocrx_word' id='word_1_502' title='bbox 850 1591 884 1618; x_wconf 87' lang='lat' dir='ltr'><strong>ab</strong></span> <span class='ocrx_word' id='word_1_503' title='bbox 895 1591 963 1626; x_wconf 88' lang='lat' dir='ltr'><strong>ipsis</strong></span> <span class='ocrx_word' id='word_1_504' title='bbox 980 1592 1021 1618; x_wconf 70' lang='lat' dir='ltr'><strong>in&lt;</strong></span> 
     </span>
    </p>
   </div>
   <div class='ocr_carea' id='block_1_61' title="bbox 1074 1591 1867 1629">
    <p class='ocr_par' dir='ltr' id='par_1_61' title="bbox 1077 1593 1867 1629">
     <span class='ocr_line' id='line_1_61' title="bbox 1077 1593 1867 1629; baseline -0.003 -7"><span class='ocrx_word' id='word_1_505' title='bbox 1077 1595 1172 1626; x_wconf 69' lang='grc' dir='ltr'>λοιπὰς</span> <span class='ocrx_word' id='word_1_506' title='bbox 1193 1614 1200 1621; x_wconf 95' lang='grc'><em>.</em></span> <span class='ocrx_word' id='word_1_507' title='bbox 1221 1614 1229 1621; x_wconf 89' lang='grc'><strong>.</strong></span> <span class='ocrx_word' id='word_1_508' title='bbox 1252 1615 1259 1621; x_wconf 83' lang='grc'><strong>.</strong></span> <span class='ocrx_word' id='word_1_509' title='bbox 1282 1615 1288 1621; x_wconf 95' lang='grc'><em>.</em></span> <span class='ocrx_word' id='word_1_510' title='bbox 1311 1615 1317 1622; x_wconf 94' lang='grc'>.</span> <span class='ocrx_word' id='word_1_511' title='bbox 1340 1615 1346 1622; x_wconf 94' lang='grc'>.</span> <span class='ocrx_word' id='word_1_512' title='bbox 1369 1617 1376 1622; x_wconf 94' lang='grc'>.</span> <span class='ocrx_word' id='word_1_513' title='bbox 1399 1615 1406 1622; x_wconf 92' lang='grc'>.</span> <span class='ocrx_word' id='word_1_514' title='bbox 1428 1615 1435 1621; x_wconf 92' lang='grc'><strong>.</strong></span> <span class='ocrx_word' id='word_1_515' title='bbox 1459 1615 1466 1622; x_wconf 91' lang='grc'><em>.</em></span> <span class='ocrx_word' id='word_1_516' title='bbox 1488 1615 1495 1622; x_wconf 92' lang='grc'><strong>.</strong></span> <span class='ocrx_word' id='word_1_517' title='bbox 1515 1603 1571 1626; x_wconf 88' lang='grc' dir='ltr'>σεις</span> <span class='ocrx_word' id='word_1_518' title='bbox 1584 1593 1804 1629; x_wconf 79' lang='grc' dir='ltr'>πεπλανημένοις</span> <span class='ocrx_word' id='word_1_519' title='bbox 1818 1593 1867 1620; x_wconf 77' lang='grc' dir='ltr'>καὶ</span> 
     </span>
    </p>
   </div>
   <div class='ocr_carea' id='block_1_62' title="bbox 239 1634 1021 1677">
    <p class='ocr_par' dir='ltr' id='par_1_62' title="bbox 239 1635 1021 1671">
     <span class='ocr_line' id='line_1_62' title="bbox 239 1635 1021 1671; baseline -0.003 -5"><span class='ocrx_word' id='word_1_520' title='bbox 239 1638 308 1666; x_wconf 86' lang='lat' dir='ltr'><strong>colis</strong></span> <span class='ocrx_word' id='word_1_521' title='bbox 388 1637 473 1671; x_wconf 82' lang='lat' dir='ltr'><strong>Quasi</strong></span> <span class='ocrx_word' id='word_1_522' title='bbox 482 1645 516 1665; x_wconf 83' lang='lat' dir='ltr'><strong>ex</strong></span> <span class='ocrx_word' id='word_1_523' title='bbox 534 1637 681 1665; x_wconf 84' lang='lat' dir='ltr'><strong>traditione</strong></span> <span class='ocrx_word' id='word_1_524' title='bbox 698 1636 725 1664; x_wconf 90' lang='lat' dir='ltr'><strong>in</strong></span> <span class='ocrx_word' id='word_1_525' title='bbox 739 1635 896 1664; x_wconf 85' lang='lat' dir='ltr'><strong>Bethlehem</strong></span> <span class='ocrx_word' id='word_1_526' title='bbox 912 1637 965 1664; x_wconf 92' lang='lat' dir='ltr'><strong>loci</strong></span> <span class='ocrx_word' id='word_1_527' title='bbox 979 1637 1021 1665; x_wconf 89' lang='lat' dir='ltr'><strong>ubi</strong></span> 
     </span>
    </p>
   </div>
   <div class='ocr_carea' id='block_1_63' title="bbox 1074 1634 1867 1677">
    <p class='ocr_par' dir='ltr' id='par_1_63' title="bbox 1080 1639 1867 1677">
     <span class='ocr_line' id='line_1_63' title="bbox 1080 1639 1867 1677; baseline -0.004 -9"><span class='ocrx_word' id='word_1_528' title='bbox 1080 1642 1116 1677; x_wconf 86' lang='grc' dir='ltr'>μὴ</span> <span class='ocrx_word' id='word_1_529' title='bbox 1135 1641 1308 1677; x_wconf 79' lang='grc' dir='ltr'>ὁμολογοῦσιν</span> <span class='ocrx_word' id='word_1_530' title='bbox 1324 1641 1385 1668; x_wconf 72' lang='grc' dir='ltr'>αὐτ.</span> <span class='ocrx_word' id='word_1_531' title='bbox 1407 1661 1414 1668; x_wconf 90' lang='grc'><strong><em>.</em></strong></span> <span class='ocrx_word' id='word_1_532' title='bbox 1435 1660 1443 1668; x_wconf 92' lang='grc'><em>.</em></span> <span class='ocrx_word' id='word_1_533' title='bbox 1465 1662 1472 1668; x_wconf 94' lang='grc'>.</span> <span class='ocrx_word' id='word_1_534' title='bbox 1495 1662 1502 1669; x_wconf 94' lang='grc'><strong>.</strong></span> <span class='ocrx_word' id='word_1_535' title='bbox 1523 1661 1530 1667; x_wconf 95' lang='grc'><em>.</em></span> <span class='ocrx_word' id='word_1_536' title='bbox 1552 1661 1560 1669; x_wconf 91' lang='grc'><strong>.</strong></span> <span class='ocrx_word' id='word_1_537' title='bbox 1581 1660 1589 1667; x_wconf 93' lang='grc'>.</span> <span class='ocrx_word' id='word_1_538' title='bbox 1611 1660 1618 1667; x_wconf 96' lang='grc'>.</span> <span class='ocrx_word' id='word_1_539' title='bbox 1639 1659 1646 1666; x_wconf 91' lang='grc'><strong>.</strong></span> <span class='ocrx_word' id='word_1_540' title='bbox 1668 1643 1690 1676; x_wconf 86' lang='grc' dir='ltr'>ρ’</span> <span class='ocrx_word' id='word_1_541' title='bbox 1709 1639 1867 1673; x_wconf 82' lang='grc' dir='ltr'>καγένεσιν,</span> 
     </span>
    </p>
   </div>
   <div class='ocr_carea' id='block_1_64' title="bbox 241 1682 1021 1722">
    <p class='ocr_par' dir='ltr' id='par_1_64' title="bbox 241 1682 1021 1719">
     <span class='ocr_line' id='line_1_64' title="bbox 241 1682 1021 1719; baseline -0.001 -8"><span class='ocrx_word' id='word_1_542' title='bbox 318 1684 426 1719; x_wconf 75' lang='lat' dir='ltr'><strong>genitus</strong></span> <span class='ocrx_word' id='word_1_543' title='bbox 440 1687 500 1717; x_wconf 90' lang='lat' dir='ltr'><strong>est;</strong></span> <span class='ocrx_word' id='word_1_544' title='bbox 525 1687 608 1718; x_wconf 83' lang='lat' dir='ltr'><strong>atque</strong></span> <span class='ocrx_word' id='word_1_545' title='bbox 624 1683 659 1711; x_wconf 87' lang='lat' dir='ltr'><strong>ab</strong></span> <span class='ocrx_word' id='word_1_546' title='bbox 685 1683 753 1718; x_wconf 87' lang='lat' dir='ltr'><strong>ipsis</strong></span> <span class='ocrx_word' id='word_1_547' title='bbox 769 1683 872 1711; x_wconf 84' lang='lat' dir='ltr'><strong>sanctis</strong></span> <span class='ocrx_word' id='word_1_548' title='bbox 890 1682 1021 1719; x_wconf 76' lang='lat' dir='ltr'><strong>evangeli-</strong></span> 
     </span>
    </p>
   </div>
   <div class='ocr_carea' id='block_1_65' title="bbox 1074 1682 1869 1722">
    <p class='ocr_par' dir='ltr' id='par_1_65' title="bbox 1080 1686 1869 1722">
     <span class='ocr_line' id='line_1_65' title="bbox 1080 1686 1869 1722; baseline -0.004 -9"><span class='ocrx_word' id='word_1_549' title='bbox 1080 1687 1138 1722; x_wconf 81' lang='grc' dir='ltr'>μηδ’</span> <span class='ocrx_word' id='word_1_550' title='bbox 1154 1687 1194 1714; x_wconf 77' lang='grc' dir='ltr'>ὅτι</span> <span class='ocrx_word' id='word_1_551' title='bbox 1223 1687 1341 1721; x_wconf 75' lang='grc' dir='ltr'>ἔγνωστο</span> <span class='ocrx_word' id='word_1_552' title='bbox 1354 1687 1406 1713; x_wconf 65' lang='grc' dir='ltr'><strong>ὑπὸ</strong></span> <span class='ocrx_word' id='word_1_553' title='bbox 1422 1687 1476 1713; x_wconf 82' lang='grc' dir='ltr'>τῶν</span> <span class='ocrx_word' id='word_1_554' title='bbox 1492 1686 1539 1713; x_wconf 81' lang='grc' dir='ltr'>τοῦ</span> <span class='ocrx_word' id='word_1_555' title='bbox 1559 1686 1656 1721; x_wconf 87' lang='grc' dir='ltr'>δημιου</span> <span class='ocrx_word' id='word_1_556' title='bbox 1676 1705 1683 1712; x_wconf 94' lang='grc'>.</span> <span class='ocrx_word' id='word_1_557' title='bbox 1705 1705 1712 1711; x_wconf 88' lang='grc'>.</span> <span class='ocrx_word' id='word_1_558' title='bbox 1734 1707 1741 1713; x_wconf 90' lang='grc'>.</span> <span class='ocrx_word' id='word_1_559' title='bbox 1763 1706 1769 1712; x_wconf 92' lang='grc'>.</span> <span class='ocrx_word' id='word_1_560' title='bbox 1793 1705 1800 1712; x_wconf 99' lang='grc'>.</span> <span class='ocrx_word' id='word_1_561' title='bbox 1822 1705 1830 1711; x_wconf 90' lang='grc'><strong>.</strong></span> <span class='ocrx_word' id='word_1_562' title='bbox 1851 1693 1869 1710; x_wconf 87' lang='grc' dir='ltr'><strong>ν</strong></span> 
     </span>
    </p>
   </div>
   <div class='ocr_carea' id='block_1_66' title="bbox 239 1728 1021 1769">
    <p class='ocr_par' dir='ltr' id='par_1_66' title="bbox 239 1728 1021 1764">
     <span class='ocr_line' id='line_1_66' title="bbox 239 1728 1021 1764; baseline -0.001 -8"><span class='ocrx_word' id='word_1_563' title='bbox 239 1730 291 1760; x_wconf 74' lang='lat' dir='ltr'><strong>stis</strong></span> <span class='ocrx_word' id='word_1_564' title='bbox 376 1729 406 1756; x_wconf 85' lang='lat' dir='ltr'><strong>Et</strong></span> <span class='ocrx_word' id='word_1_565' title='bbox 418 1728 520 1757; x_wconf 74' lang='lat' dir='ltr'><strong>Judaeis</strong></span> <span class='ocrx_word' id='word_1_566' title='bbox 536 1729 736 1757; x_wconf 86' lang='lat' dir='ltr'><strong>ostendendum</strong></span> <span class='ocrx_word' id='word_1_567' title='bbox 753 1729 826 1764; x_wconf 92' lang='lat' dir='ltr'><strong>quod</strong></span> <span class='ocrx_word' id='word_1_568' title='bbox 851 1729 954 1756; x_wconf 88' lang='lat' dir='ltr'><strong>dictum</strong></span> <span class='ocrx_word' id='word_1_569' title='bbox 983 1733 1021 1756; x_wconf 90' lang='lat' dir='ltr'><strong>esl</strong></span> 
     </span>
    </p>
   </div>
   <div class='ocr_carea' id='block_1_67' title="bbox 1074 1728 1866 1769">
    <p class='ocr_par' dir='ltr' id='par_1_67' title="bbox 1078 1731 1866 1769">
     <span class='ocr_line' id='line_1_67' title="bbox 1078 1731 1866 1769; baseline -0.001 -10"><span class='ocrx_word' id='word_1_570' title='bbox 1078 1733 1245 1768; x_wconf 82' lang='grc' dir='ltr'>παραθετέον</span> <span class='ocrx_word' id='word_1_571' title='bbox 1259 1733 1304 1759; x_wconf 77' lang='grc' dir='ltr'>τὸν</span> <span class='ocrx_word' id='word_1_572' title='bbox 1321 1733 1559 1769; x_wconf 63' lang='grc' dir='ltr'>προψητευόμενον</span> <span class='ocrx_word' id='word_1_573' title='bbox 1575 1732 1625 1767; x_wconf 80' lang='grc' dir='ltr'>τῆς</span> <span class='ocrx_word' id='word_1_574' title='bbox 1643 1731 1775 1765; x_wconf 83' lang='grc' dir='ltr'>γενέσεως</span> <span class='ocrx_word' id='word_1_575' title='bbox 1797 1751 1804 1758; x_wconf 89' lang='grc'>.</span> <span class='ocrx_word' id='word_1_576' title='bbox 1825 1751 1833 1758; x_wconf 89' lang='grc'>.</span> <span class='ocrx_word' id='word_1_577' title='bbox 1857 1749 1866 1757; x_wconf 84' lang='grc'><strong>.</strong></span> 
     </span>
    </p>
   </div>
   <div class='ocr_carea' id='block_1_68' title="bbox 242 1774 1021 1814">
    <p class='ocr_par' dir='ltr' id='par_1_68' title="bbox 242 1774 1021 1810">
     <span class='ocr_line' id='line_1_68' title="bbox 242 1774 1021 1810; baseline -0.001 -8"><span class='ocrx_word' id='word_1_578' title='bbox 309 1775 466 1810; x_wconf 85' lang='lat' dir='ltr'><strong>quicunque</strong></span> <span class='ocrx_word' id='word_1_579' title='bbox 480 1783 600 1810; x_wconf 85' lang='lat' dir='ltr'><strong>unquam</strong></span> <span class='ocrx_word' id='word_1_580' title='bbox 612 1778 686 1803; x_wconf 83' lang='lat' dir='ltr'><strong>esset</strong></span> <span class='ocrx_word' id='word_1_581' title='bbox 706 1774 872 1803; x_wconf 87' lang='lat' dir='ltr'><strong>contendere</strong></span> <span class='ocrx_word' id='word_1_582' title='bbox 884 1774 1021 1810; x_wconf 87' lang='lat' dir='ltr'><strong>propheti-</strong></span> 
     </span>
    </p>
   </div>
   <div class='ocr_carea' id='block_1_69' title="bbox 1074 1774 1869 1814">
    <p class='ocr_par' dir='ltr' id='par_1_69' title="bbox 1079 1775 1869 1814">
     <span class='ocr_line' id='line_1_69' title="bbox 1079 1775 1869 1814; baseline -0.004 -9"><span class='ocrx_word' id='word_1_583' title='bbox 1079 1799 1087 1806; x_wconf 91' lang='lat'>.</span> <span class='ocrx_word' id='word_1_584' title='bbox 1109 1799 1116 1805; x_wconf 93' lang='lat'><strong>.</strong></span> <span class='ocrx_word' id='word_1_585' title='bbox 1139 1799 1144 1804; x_wconf 93' lang='lat'><strong>.</strong></span> <span class='ocrx_word' id='word_1_586' title='bbox 1167 1798 1174 1805; x_wconf 90' lang='lat'><strong>.</strong></span> <span class='ocrx_word' id='word_1_587' title='bbox 1196 1799 1202 1805; x_wconf 88' lang='lat'><strong>.</strong></span> <span class='ocrx_word' id='word_1_588' title='bbox 1226 1799 1231 1805; x_wconf 97' lang='lat'><strong>.</strong></span> <span class='ocrx_word' id='word_1_589' title='bbox 1255 1799 1261 1805; x_wconf 88' lang='lat'><strong>.</strong></span> <span class='ocrx_word' id='word_1_590' title='bbox 1282 1787 1316 1805; x_wconf 85' lang='grc' dir='ltr'><strong>σα</strong></span> <span class='ocrx_word' id='word_1_591' title='bbox 1332 1778 1389 1813; x_wconf 79' lang='grc' dir='ltr'>φῶς</span> <span class='ocrx_word' id='word_1_592' title='bbox 1406 1780 1445 1811; x_wconf 86' lang='grc' dir='ltr'><strong>εἰς</strong></span> <span class='ocrx_word' id='word_1_593' title='bbox 1460 1778 1539 1814; x_wconf 82' lang='grc' dir='ltr'>δεῦρο</span> <span class='ocrx_word' id='word_1_594' title='bbox 1558 1779 1604 1805; x_wconf 75' lang='grc' dir='ltr'><strong>καὶ</strong></span> <span class='ocrx_word' id='word_1_595' title='bbox 1622 1778 1690 1812; x_wconf 75' lang='grc' dir='ltr'>πρὸς</span> <span class='ocrx_word' id='word_1_596' title='bbox 1705 1777 1795 1803; x_wconf 75' lang='grc' dir='ltr'>αὐτῶν</span> <span class='ocrx_word' id='word_1_597' title='bbox 1810 1775 1869 1802; x_wconf 71' lang='grc' dir='ltr'><strong>τῶν</strong></span> 
     </span>
    </p>
   </div>
   <div class='ocr_carea' id='block_1_70' title="bbox 240 1819 1021 1860">
    <p class='ocr_par' dir='ltr' id='par_1_70' title="bbox 240 1819 1021 1856">
     <span class='ocr_line' id='line_1_70' title="bbox 240 1819 1021 1856; baseline 0 -8"><span class='ocrx_word' id='word_1_598' title='bbox 240 1825 330 1848; x_wconf 69' lang='lat' dir='ltr'><strong>satum</strong></span> <span class='ocrx_word' id='word_1_599' title='bbox 345 1821 418 1849; x_wconf 85' lang='lat' dir='ltr'><strong>sicut</strong></span> <span class='ocrx_word' id='word_1_600' title='bbox 441 1821 629 1856; x_wconf 79' lang='lat' dir='ltr'><strong>imperfectum</strong></span> <span class='ocrx_word' id='word_1_601' title='bbox 727 1821 877 1849; x_wconf 85' lang='lat' dir='ltr'><strong>secundum</strong></span> <span class='ocrx_word' id='word_1_602' title='bbox 893 1828 951 1848; x_wconf 91' lang='lat' dir='ltr'><strong>eos.</strong></span> <span class='ocrx_word' id='word_1_603' title='bbox 968 1819 1021 1848; x_wconf 86' lang='lat' dir='ltr'><strong>Ma-</strong></span> 
     </span>
    </p>
   </div>
   <div class='ocr_carea' id='block_1_71' title="bbox 1074 1819 1867 1860">
    <p class='ocr_par' dir='ltr' id='par_1_71' title="bbox 1078 1820 1867 1860">
     <span class='ocr_line' id='line_1_71' title="bbox 1078 1820 1867 1860; baseline -0.006 -10"><span class='ocrx_word' id='word_1_604' title='bbox 1078 1824 1232 1860; x_wconf 79' lang='grc' dir='ltr'>ἐπιχωρίων</span> <span class='ocrx_word' id='word_1_605' title='bbox 1247 1824 1348 1859; x_wconf 83' lang='grc' dir='ltr'>μολάγο</span> <span class='ocrx_word' id='word_1_606' title='bbox 1361 1844 1368 1851; x_wconf 92' lang='grc'>.</span> <span class='ocrx_word' id='word_1_607' title='bbox 1392 1844 1398 1850; x_wconf 91' lang='grc'>.</span> <span class='ocrx_word' id='word_1_608' title='bbox 1420 1843 1426 1850; x_wconf 93' lang='grc'>.</span> <span class='ocrx_word' id='word_1_609' title='bbox 1449 1842 1457 1850; x_wconf 91' lang='grc'><strong>.</strong></span> <span class='ocrx_word' id='word_1_610' title='bbox 1479 1843 1486 1850; x_wconf 93' lang='grc'>.</span> <span class='ocrx_word' id='word_1_611' title='bbox 1507 1831 1532 1849; x_wconf 90' lang='grc' dir='ltr'>υ·</span> <span class='ocrx_word' id='word_1_612' title='bbox 1546 1822 1583 1855; x_wconf 79' lang='grc' dir='ltr'>ὼς</span> <span class='ocrx_word' id='word_1_613' title='bbox 1599 1822 1632 1849; x_wconf 77' lang='grc' dir='ltr'>ἂν</span> <span class='ocrx_word' id='word_1_614' title='bbox 1645 1822 1677 1847; x_wconf 79' lang='grc' dir='ltr'><strong>ὲκ</strong></span> <span class='ocrx_word' id='word_1_615' title='bbox 1691 1820 1867 1856; x_wconf 82' lang='grc' dir='ltr'>παραδόσεως</span> 
     </span>
    </p>
   </div>
   <div class='ocr_carea' id='block_1_72' title="bbox 241 1866 1021 1905">
    <p class='ocr_par' dir='ltr' id='par_1_72' title="bbox 241 1866 1021 1902">
     <span class='ocr_line' id='line_1_72' title="bbox 241 1866 1021 1902; baseline -0.001 -8"><span class='ocrx_word' id='word_1_616' title='bbox 241 1866 369 1894; x_wconf 78' lang='lat' dir='ltr'><strong>nifestum</strong></span> <span class='ocrx_word' id='word_1_617' title='bbox 384 1871 476 1894; x_wconf 85' lang='lat' dir='ltr'><strong>autem</strong></span> <span class='ocrx_word' id='word_1_618' title='bbox 490 1866 563 1902; x_wconf 90' lang='lat' dir='ltr'><strong>quod</strong></span> <span class='ocrx_word' id='word_1_619' title='bbox 578 1871 605 1894; x_wconf 83' lang='lat' dir='ltr'><strong>et</strong></span> <span class='ocrx_word' id='word_1_620' title='bbox 618 1867 754 1894; x_wconf 86' lang='lat' dir='ltr'><strong>mendacii</strong></span> <span class='ocrx_word' id='word_1_621' title='bbox 776 1874 890 1902; x_wconf 78' lang='lat' dir='ltr'><strong>arguere</strong></span> <span class='ocrx_word' id='word_1_622' title='bbox 904 1866 1021 1894; x_wconf 82' lang='lat' dir='ltr'><strong>divinam</strong></span> 
     </span>
    </p>
   </div>
   <div class='ocr_carea' id='block_1_73' title="bbox 1074 1866 1866 1905">
    <p class='ocr_par' dir='ltr' id='par_1_73' title="bbox 1077 1866 1866 1905">
     <span class='ocr_line' id='line_1_73' title="bbox 1077 1866 1866 1905; baseline -0.006 -9"><span class='ocrx_word' id='word_1_623' title='bbox 1077 1869 1124 1896; x_wconf 81' lang='grc' dir='ltr'>τοῦ</span> <span class='ocrx_word' id='word_1_624' title='bbox 1137 1871 1166 1896; x_wconf 78' lang='grc' dir='ltr'>ὲν</span> <span class='ocrx_word' id='word_1_625' title='bbox 1179 1870 1302 1905; x_wconf 82' lang='grc' dir='ltr'>Βηθλεὲμ</span> <span class='ocrx_word' id='word_1_626' title='bbox 1314 1869 1395 1896; x_wconf 85' lang='grc' dir='ltr'>τόπου</span> <span class='ocrx_word' id='word_1_627' title='bbox 1408 1868 1471 1896; x_wconf 56' lang='lat' dir='ltr'><strong>{vi}:</strong></span> <span class='ocrx_word' id='word_1_628' title='bbox 1492 1889 1498 1896; x_wconf 92' lang='lat'><strong>.</strong></span> <span class='ocrx_word' id='word_1_629' title='bbox 1521 1888 1528 1894; x_wconf 87' lang='lat'><strong>.</strong></span> <span class='ocrx_word' id='word_1_630' title='bbox 1549 1888 1557 1895; x_wconf 92' lang='lat'><strong>.</strong></span> <span class='ocrx_word' id='word_1_631' title='bbox 1579 1887 1586 1894; x_wconf 89' lang='lat'><strong>.</strong></span> <span class='ocrx_word' id='word_1_632' title='bbox 1607 1887 1613 1894; x_wconf 89' lang='lat'><strong>.</strong></span> <span class='ocrx_word' id='word_1_633' title='bbox 1635 1886 1643 1894; x_wconf 93' lang='lat'><strong>.</strong></span> <span class='ocrx_word' id='word_1_634' title='bbox 1665 1888 1672 1895; x_wconf 94' lang='lat'><strong>.</strong></span> <span class='ocrx_word' id='word_1_635' title='bbox 1691 1866 1866 1900; x_wconf 74' lang='grc' dir='ltr'>γεγέννηται·</span> 
     </span>
    </p>
   </div>
   <div class='ocr_carea' id='block_1_74' title="bbox 242 1911 1025 1948">
    <p class='ocr_par' dir='ltr' id='par_1_74' title="bbox 242 1911 1025 1948">
     <span class='ocr_line' id='line_1_74' title="bbox 242 1911 1025 1948; baseline 0 -9"><span class='ocrx_word' id='word_1_636' title='bbox 310 1912 508 1947; x_wconf 65' lang='lat' dir='ltr'><strong>prmvisionem.</strong></span> <span class='ocrx_word' id='word_1_637' title='bbox 526 1911 604 1945; x_wconf 86' lang='lat' dir='ltr'><strong>Quod</strong></span> <span class='ocrx_word' id='word_1_638' title='bbox 620 1913 730 1948; x_wconf 88' lang='lat' dir='ltr'><strong>quidem</strong></span> <span class='ocrx_word' id='word_1_639' title='bbox 753 1911 884 1939; x_wconf 85' lang='lat' dir='ltr'><strong>salutaris</strong></span> <span class='ocrx_word' id='word_1_640' title='bbox 898 1915 926 1940; x_wconf 82' lang='lat' dir='ltr'><strong>et</strong></span> <span class='ocrx_word' id='word_1_641' title='bbox 942 1919 1025 1939; x_wconf 86' lang='lat' dir='ltr'><strong>evan-</strong></span> 
     </span>
    </p>
   </div>
   <div class='ocr_carea' id='block_1_75' title="bbox 241 1957 1025 1993">
    <p class='ocr_par' dir='ltr' id='par_1_75' title="bbox 241 1957 1025 1993">
     <span class='ocr_line' id='line_1_75' title="bbox 241 1957 1025 1993; baseline 0 -8"><span class='ocrx_word' id='word_1_642' title='bbox 241 1957 344 1992; x_wconf 72' lang='lat' dir='ltr'><strong>gelicus</strong></span> <span class='ocrx_word' id='word_1_643' title='bbox 356 1957 458 1985; x_wconf 88' lang='lat' dir='ltr'><strong>Christi</strong></span> <span class='ocrx_word' id='word_1_644' title='bbox 472 1965 563 1986; x_wconf 87' lang='lat' dir='ltr'><strong>sermo</strong></span> <span class='ocrx_word' id='word_1_645' title='bbox 578 1957 704 1993; x_wconf 92' lang='lat' dir='ltr'><strong>princeps</strong></span> <span class='ocrx_word' id='word_1_646' title='bbox 715 1957 883 1986; x_wconf 85' lang='lat' dir='ltr'><strong>constitutus</strong></span> <span class='ocrx_word' id='word_1_647' title='bbox 890 1962 932 1986; x_wconf 89' lang='lat' dir='ltr'><strong>est</strong></span> <span class='ocrx_word' id='word_1_648' title='bbox 943 1958 1025 1993; x_wconf 85' lang='lat' dir='ltr'><strong>spiri-</strong></span> 
     </span>
    </p>
   </div>
   <div class='ocr_carea' id='block_1_76' title="bbox 240 2002 1026 2040">
    <p class='ocr_par' dir='ltr' id='par_1_76' title="bbox 240 2002 1026 2040">
     <span class='ocr_line' id='line_1_76' title="bbox 240 2002 1026 2040; baseline 0.004 -11"><span class='ocrx_word' id='word_1_649' title='bbox 240 2003 303 2030; x_wconf 86' lang='lat' dir='ltr'><strong>talis</strong></span> <span class='ocrx_word' id='word_1_650' title='bbox 318 2002 412 2036; x_wconf 88' lang='lat' dir='ltr'><strong>lsrael,</strong></span> <span class='ocrx_word' id='word_1_651' title='bbox 424 2004 533 2039; x_wconf 86' lang='lat' dir='ltr'><strong>proprie</strong></span> <span class='ocrx_word' id='word_1_652' title='bbox 546 2003 701 2032; x_wconf 87' lang='lat' dir='ltr'><strong>absconditi</strong></span> <span class='ocrx_word' id='word_1_653' title='bbox 716 2003 802 2031; x_wconf 60' lang='lat' dir='ltr'><strong>Judaei</strong></span> <span class='ocrx_word' id='word_1_654' title='bbox 821 2007 849 2032; x_wconf 87' lang='lat' dir='ltr'><strong>et</strong></span> <span class='ocrx_word' id='word_1_655' title='bbox 856 2004 946 2032; x_wconf 89' lang='lat' dir='ltr'><strong>omnis</strong></span> <span class='ocrx_word' id='word_1_656' title='bbox 957 2011 1026 2040; x_wconf 73' lang='lat' dir='ltr'><strong>pm-</strong></span> 
     </span>
    </p>
   </div>
   <div class='ocr_carea' id='block_1_77' title="bbox 1079 1912 1865 1952">
    <p class='ocr_par' dir='ltr' id='par_1_77' title="bbox 1079 1912 1865 1952">
     <span class='ocr_line' id='line_1_77' title="bbox 1079 1912 1865 1952; baseline -0.009 -9"><span class='ocrx_word' id='word_1_657' title='bbox 1079 1917 1124 1943; x_wconf 75' lang='grc' dir='ltr'><strong>καὶ</strong></span> <span class='ocrx_word' id='word_1_658' title='bbox 1140 1916 1208 1952; x_wconf 79' lang='grc' dir='ltr'>πρὸς</span> <span class='ocrx_word' id='word_1_659' title='bbox 1225 1916 1314 1943; x_wconf 85' lang='grc' dir='ltr'>αὐτῶν</span> <span class='ocrx_word' id='word_1_660' title='bbox 1332 1916 1360 1942; x_wconf 80' lang='grc' dir='ltr'><strong>δὲ</strong></span> <span class='ocrx_word' id='word_1_661' title='bbox 1381 1915 1435 1942; x_wconf 84' lang='grc' dir='ltr'><strong>τῶν</strong></span> <span class='ocrx_word' id='word_1_662' title='bbox 1453 1915 1533 1950; x_wconf 74' lang='grc' dir='ltr'>ἱερῶν</span> <span class='ocrx_word' id='word_1_663' title='bbox 1548 1912 1746 1949; x_wconf 85' lang='grc' dir='ltr'>εὑαγγελιστῶν</span> <span class='ocrx_word' id='word_1_664' title='bbox 1766 1931 1774 1938; x_wconf 93' lang='grc'><em>.</em></span> <span class='ocrx_word' id='word_1_665' title='bbox 1797 1931 1804 1937; x_wconf 92' lang='grc'>.</span> <span class='ocrx_word' id='word_1_666' title='bbox 1827 1931 1835 1937; x_wconf 89' lang='grc'>.</span> <span class='ocrx_word' id='word_1_667' title='bbox 1857 1930 1865 1936; x_wconf 93' lang='grc'>.</span> 
     </span>
    </p>
   </div>
   <div class='ocr_carea' id='block_1_78' title="bbox 1077 1956 1867 1998">
    <p class='ocr_par' dir='ltr' id='par_1_78' title="bbox 1077 1956 1867 1998">
     <span class='ocr_line' id='line_1_78' title="bbox 1077 1956 1867 1998; baseline -0.009 -9"><span class='ocrx_word' id='word_1_668' title='bbox 1077 1962 1253 1998; x_wconf 83' lang='grc' dir='ltr'>τυρουμένου·</span> <span class='ocrx_word' id='word_1_669' title='bbox 1274 1962 1321 1989; x_wconf 79' lang='grc' dir='ltr'><strong>καὶ</strong></span> <span class='ocrx_word' id='word_1_670' title='bbox 1349 1961 1484 1993; x_wconf 82' lang='grc' dir='ltr'>Ἰουδαίοις</span> <span class='ocrx_word' id='word_1_671' title='bbox 1502 1961 1530 1988; x_wconf 78' lang='grc' dir='ltr'>δὲ</span> <span class='ocrx_word' id='word_1_672' title='bbox 1548 1959 1714 1996; x_wconf 82' lang='grc' dir='ltr'>προσακτέον</span> <span class='ocrx_word' id='word_1_673' title='bbox 1730 1958 1761 1984; x_wconf 70' lang='grc' dir='ltr'>τὸ</span> <span class='ocrx_word' id='word_1_674' title='bbox 1783 1956 1867 1992; x_wconf 77' lang='grc' dir='ltr'>ῥητὸν</span> 
     </span>
    </p>
   </div>
   <div class='ocr_carea' id='block_1_79' title="bbox 1079 2001 1868 2041">
    <p class='ocr_par' dir='ltr' id='par_1_79' title="bbox 1079 2001 1868 2041">
     <span class='ocr_line' id='line_1_79' title="bbox 1079 2001 1868 2041; baseline -0.009 -7"><span class='ocrx_word' id='word_1_675' title='bbox 1079 2027 1088 2034; x_wconf 92' lang='grc'>.</span> <span class='ocrx_word' id='word_1_676' title='bbox 1110 2027 1116 2033; x_wconf 93' lang='grc'>.</span> <span class='ocrx_word' id='word_1_677' title='bbox 1139 2026 1146 2033; x_wconf 94' lang='grc'>.</span> <span class='ocrx_word' id='word_1_678' title='bbox 1169 2027 1175 2033; x_wconf 83' lang='grc'>.</span> <span class='ocrx_word' id='word_1_679' title='bbox 1197 2026 1204 2033; x_wconf 97' lang='grc'><em>.</em></span> <span class='ocrx_word' id='word_1_680' title='bbox 1227 2027 1234 2034; x_wconf 91' lang='grc'>.</span> <span class='ocrx_word' id='word_1_681' title='bbox 1256 2027 1263 2034; x_wconf 91' lang='grc'>.</span> <span class='ocrx_word' id='word_1_682' title='bbox 1286 2027 1293 2033; x_wconf 94' lang='grc'><strong><em>.</em></strong></span> <span class='ocrx_word' id='word_1_683' title='bbox 1313 2015 1373 2033; x_wconf 89' lang='grc' dir='ltr'>υσιν</span> <span class='ocrx_word' id='word_1_684' title='bbox 1393 2007 1422 2038; x_wconf 84' lang='grc' dir='ltr'>ὃς</span> <span class='ocrx_word' id='word_1_685' title='bbox 1438 2006 1480 2038; x_wconf 83' lang='grc' dir='ltr'><strong>τίς</strong></span> <span class='ocrx_word' id='word_1_686' title='bbox 1497 2006 1557 2033; x_wconf 80' lang='grc' dir='ltr'>ποτ’</span> <span class='ocrx_word' id='word_1_687' title='bbox 1572 2006 1613 2041; x_wconf 75' lang='grc' dir='ltr'>εἴη</span> <span class='ocrx_word' id='word_1_688' title='bbox 1630 2003 1805 2040; x_wconf 80' lang='grc' dir='ltr'>παραστῆσαι</span> <span class='ocrx_word' id='word_1_689' title='bbox 1817 2001 1868 2028; x_wconf 69' lang='grc' dir='ltr'><strong>τὸν</strong></span> 
     </span>
    </p>
   </div>
   <div class='ocr_carea' id='block_1_80' title="bbox 241 2048 1021 2089">
    <p class='ocr_par' dir='ltr' id='par_1_80' title="bbox 241 2049 1021 2085">
     <span class='ocr_line' id='line_1_80' title="bbox 241 2049 1021 2085; baseline 0.003 -9"><span class='ocrx_word' id='word_1_690' title='bbox 241 2049 364 2077; x_wconf 89' lang='lat' dir='ltr'><strong>cellentis</strong></span> <span class='ocrx_word' id='word_1_691' title='bbox 381 2053 408 2077; x_wconf 85' lang='lat' dir='ltr'><strong>et</strong></span> <span class='ocrx_word' id='word_1_692' title='bbox 424 2049 591 2085; x_wconf 86' lang='lat' dir='ltr'><strong>perspicacis</strong></span> <span class='ocrx_word' id='word_1_693' title='bbox 611 2050 709 2077; x_wconf 72' lang='lat' dir='ltr'><strong>animae</strong></span> <span class='ocrx_word' id='word_1_694' title='bbox 730 2049 813 2078; x_wconf 87' lang='lat' dir='ltr'><strong>lsrael</strong></span> <span class='ocrx_word' id='word_1_695' title='bbox 931 2051 1021 2079; x_wconf 81' lang='lat' dir='ltr'><strong>existi-</strong></span> 
     </span>
    </p>
   </div>
   <div class='ocr_carea' id='block_1_81' title="bbox 1074 2048 1868 2089">
    <p class='ocr_par' dir='ltr' id='par_1_81' title="bbox 1079 2048 1868 2089">
     <span class='ocr_line' id='line_1_81' title="bbox 1079 2048 1868 2089; baseline -0.005 -10"><span class='ocrx_word' id='word_1_696' title='bbox 1079 2052 1315 2088; x_wconf 82' lang='grc' dir='ltr'>προφητευύμενον</span> <span class='ocrx_word' id='word_1_697' title='bbox 1328 2052 1366 2084; x_wconf 83' lang='grc' dir='ltr'>ὡς</span> <span class='ocrx_word' id='word_1_698' title='bbox 1376 2051 1459 2089; x_wconf 78' lang='grc' dir='ltr'>ἁτελῆ</span> <span class='ocrx_word' id='word_1_699' title='bbox 1478 2071 1485 2078; x_wconf 92' lang='grc'>.</span> <span class='ocrx_word' id='word_1_700' title='bbox 1508 2071 1516 2079; x_wconf 94' lang='grc'><em>.</em></span> <span class='ocrx_word' id='word_1_701' title='bbox 1538 2071 1545 2077; x_wconf 89' lang='grc'>.</span> <span class='ocrx_word' id='word_1_702' title='bbox 1566 2072 1573 2079; x_wconf 95' lang='grc'><em>.</em></span> <span class='ocrx_word' id='word_1_703' title='bbox 1594 2051 1652 2077; x_wconf 80' lang='grc' dir='ltr'>κατ’</span> <span class='ocrx_word' id='word_1_704' title='bbox 1664 2048 1772 2080; x_wconf 82' lang='grc' dir='ltr'>αὐτούς·</span> <span class='ocrx_word' id='word_1_705' title='bbox 1784 2048 1868 2084; x_wconf 71' lang='grc' dir='ltr'>δῇλω</span> 
     </span>
    </p>
   </div>
   <div class='ocr_carea' id='block_1_82' title="bbox 241 2097 1867 2134">
    <p class='ocr_par' dir='ltr' id='par_1_82' title="bbox 241 2097 1867 2134">
     <span class='ocr_line' id='line_1_82' title="bbox 241 2097 1867 2134; baseline -0.002 -8"><span class='ocrx_word' id='word_1_706' title='bbox 241 2098 331 2122; x_wconf 63' lang='grc'><strong>1112148.</strong></span> <span class='ocrx_word' id='word_1_707' title='bbox 1079 2098 1101 2124; x_wconf 79' lang='grc' dir='ltr'><strong>δ’</strong></span> <span class='ocrx_word' id='word_1_708' title='bbox 1115 2099 1156 2126; x_wconf 75' lang='grc' dir='ltr'>ὅτι</span> <span class='ocrx_word' id='word_1_709' title='bbox 1169 2100 1215 2126; x_wconf 79' lang='grc' dir='ltr'><strong>καὶ</strong></span> <span class='ocrx_word' id='word_1_710' title='bbox 1229 2099 1312 2134; x_wconf 76' lang='grc' dir='ltr'>ψευδῆ</span> <span class='ocrx_word' id='word_1_711' title='bbox 1328 2099 1512 2134; x_wconf 77' lang='grc' dir='ltr'>διελέγχεσθαι</span> <span class='ocrx_word' id='word_1_712' title='bbox 1521 2098 1570 2133; x_wconf 85' lang='grc' dir='ltr'>τὴν</span> <span class='ocrx_word' id='word_1_713' title='bbox 1585 2097 1658 2124; x_wconf 83' lang='grc' dir='ltr'>θείαν</span> <span class='ocrx_word' id='word_1_714' title='bbox 1679 2117 1686 2124; x_wconf 94' lang='grc'><strong>.</strong></span> <span class='ocrx_word' id='word_1_715' title='bbox 1708 2115 1716 2122; x_wconf 88' lang='grc'><strong>.</strong></span> <span class='ocrx_word' id='word_1_716' title='bbox 1737 2115 1746 2123; x_wconf 89' lang='grc'><strong>.</strong></span> <span class='ocrx_word' id='word_1_717' title='bbox 1767 2116 1774 2123; x_wconf 92' lang='grc'><em>.</em></span> <span class='ocrx_word' id='word_1_718' title='bbox 1796 2114 1805 2122; x_wconf 90' lang='grc'><strong>.</strong></span> <span class='ocrx_word' id='word_1_719' title='bbox 1825 2114 1834 2122; x_wconf 91' lang='grc'>.</span> <span class='ocrx_word' id='word_1_720' title='bbox 1856 2113 1867 2122; x_wconf 87' lang='lat'><em>.</em></span> 
     </span>
    </p>
   </div>
   <div class='ocr_carea' id='block_1_83' title="bbox 242 2141 1867 2184">
    <p class='ocr_par' dir='ltr' id='par_1_83' title="bbox 242 2141 1867 2184">
     <span class='ocr_line' id='line_1_83' title="bbox 242 2141 1867 2184; baseline -0.003 -10"><span class='ocrx_word' id='word_1_721' title='bbox 242 2142 401 2178; x_wconf 76' lang='grc' dir='ltr'>πρόρῤησινο</span> <span class='ocrx_word' id='word_1_722' title='bbox 425 2143 440 2170; x_wconf 77' lang='grc' dir='ltr'><strong>ὃ</strong></span> <span class='ocrx_word' id='word_1_723' title='bbox 460 2152 493 2178; x_wconf 87' lang='grc' dir='ltr'><strong>γε</strong></span> <span class='ocrx_word' id='word_1_724' title='bbox 514 2144 567 2180; x_wconf 83' lang='grc' dir='ltr'><strong>μὴν</strong></span> <span class='ocrx_word' id='word_1_725' title='bbox 589 2146 721 2184; x_wconf 76' lang='grc' dir='ltr'>σωτήριος</span> <span class='ocrx_word' id='word_1_726' title='bbox 739 2145 786 2172; x_wconf 78' lang='grc' dir='ltr'><strong>καὶ</strong></span> <span class='ocrx_word' id='word_1_727' title='bbox 801 2145 977 2180; x_wconf 79' lang='grc' dir='ltr'>εὐαγγελικὺς</span> <span class='ocrx_word' id='word_1_728' title='bbox 994 2146 1041 2173; x_wconf 79' lang='grc' dir='ltr'>τοῦ</span> <span class='ocrx_word' id='word_1_729' title='bbox 1061 2148 1178 2183; x_wconf 77' lang='grc' dir='ltr'>Χριστοῦ</span> <span class='ocrx_word' id='word_1_730' title='bbox 1201 2147 1278 2182; x_wconf 83' lang='grc' dir='ltr'>λόγος</span> <span class='ocrx_word' id='word_1_731' title='bbox 1297 2147 1387 2183; x_wconf 78' lang='grc' dir='ltr'>ἄρχων</span> <span class='ocrx_word' id='word_1_732' title='bbox 1406 2147 1522 2182; x_wconf 80' lang='grc' dir='ltr'>κατέστη</span> <span class='ocrx_word' id='word_1_733' title='bbox 1544 2145 1591 2172; x_wconf 82' lang='grc' dir='ltr'>τοῦ</span> <span class='ocrx_word' id='word_1_734' title='bbox 1618 2143 1712 2180; x_wconf 73' lang='grc' dir='ltr'>νοητοῦ</span> <span class='ocrx_word' id='word_1_735' title='bbox 1744 2141 1867 2178; x_wconf 78' lang='grc' dir='ltr'>Ἰσραὴλ,</span> 
     </span>
    </p>
   </div>
   <div class='ocr_carea' id='block_1_84' title="bbox 241 2188 1867 2231">
    <p class='ocr_par' dir='ltr' id='par_1_84' title="bbox 241 2188 1867 2231">
     <span class='ocr_line' id='line_1_84' title="bbox 241 2188 1867 2231; baseline 0.002 -16"><span class='ocrx_word' id='word_1_736' title='bbox 241 2188 343 2224; x_wconf 81' lang='grc' dir='ltr'>κυρίως</span> <span class='ocrx_word' id='word_1_737' title='bbox 354 2189 401 2216; x_wconf 82' lang='grc' dir='ltr'><strong>τοῦ</strong></span> <span class='ocrx_word' id='word_1_738' title='bbox 412 2191 441 2216; x_wconf 79' lang='grc' dir='ltr'>ἐν</span> <span class='ocrx_word' id='word_1_739' title='bbox 455 2191 570 2226; x_wconf 82' lang='grc' dir='ltr'>κρυπτῷ</span> <span class='ocrx_word' id='word_1_740' title='bbox 593 2191 720 2219; x_wconf 78' lang='grc' dir='ltr'>Ἰουδαίου</span> <span class='ocrx_word' id='word_1_741' title='bbox 736 2193 783 2219; x_wconf 77' lang='grc' dir='ltr'><strong>καὶ</strong></span> <span class='ocrx_word' id='word_1_742' title='bbox 799 2193 890 2228; x_wconf 79' lang='grc' dir='ltr'>πάσης</span> <span class='ocrx_word' id='word_1_743' title='bbox 903 2193 952 2228; x_wconf 84' lang='grc' dir='ltr'>τῆς</span> <span class='ocrx_word' id='word_1_744' title='bbox 968 2195 1096 2231; x_wconf 76' lang='grc' dir='ltr'>ἐναρέτου</span> <span class='ocrx_word' id='word_1_745' title='bbox 1111 2196 1158 2222; x_wconf 71' lang='grc' dir='ltr'><strong>καὶ</strong></span> <span class='ocrx_word' id='word_1_746' title='bbox 1171 2195 1326 2231; x_wconf 71' lang='grc' dir='ltr'>διοραιικῆς</span> <span class='ocrx_word' id='word_1_747' title='bbox 1341 2195 1429 2231; x_wconf 70' lang='grc' dir='ltr'>ψυχῆς</span> <span class='ocrx_word' id='word_1_748' title='bbox 1446 2194 1554 2230; x_wconf 86' lang='grc' dir='ltr'>Ἰσραὴλ</span> <span class='ocrx_word' id='word_1_749' title='bbox 1574 2212 1582 2220; x_wconf 98' lang='grc'><strong><em>.</em></strong></span> <span class='ocrx_word' id='word_1_750' title='bbox 1603 2213 1610 2219; x_wconf 89' lang='grc'>.</span> <span class='ocrx_word' id='word_1_751' title='bbox 1633 2213 1640 2219; x_wconf 97' lang='grc'>.</span> <span class='ocrx_word' id='word_1_752' title='bbox 1660 2213 1667 2219; x_wconf 92' lang='grc'>.</span> <span class='ocrx_word' id='word_1_753' title='bbox 1691 2211 1698 2218; x_wconf 94' lang='grc'><strong><em>.</em></strong></span> <span class='ocrx_word' id='word_1_754' title='bbox 1719 2211 1728 2220; x_wconf 92' lang='grc'><strong>.</strong></span> <span class='ocrx_word' id='word_1_755' title='bbox 1751 2211 1759 2218; x_wconf 93' lang='grc'><em>.</em></span> <span class='ocrx_word' id='word_1_756' title='bbox 1781 2211 1789 2218; x_wconf 91' lang='grc'><strong>.</strong></span> <span class='ocrx_word' id='word_1_757' title='bbox 1809 2190 1867 2216; x_wconf 76' lang='grc' dir='ltr'><strong>ὲπν-</strong></span> 
     </span>
    </p>
   </div>
   <div class='ocr_carea' id='block_1_85' title="bbox 241 2236 398 2273">
    <p class='ocr_par' dir='ltr' id='par_1_85' title="bbox 241 2236 398 2273">
     <span class='ocr_line' id='line_1_85' title="bbox 241 2236 398 2273; baseline 0.006 -10"><span class='ocrx_word' id='word_1_758' title='bbox 241 2236 398 2273; x_wconf 83' lang='grc' dir='ltr'>νοουμένης.</span> 
     </span>
    </p>
   </div>
   <div class='ocr_carea' id='block_1_86' title="bbox 275 2300 1021 2342">
    <p class='ocr_par' dir='ltr' id='par_1_86' title="bbox 275 2302 987 2342">
     <span class='ocr_line' id='line_1_86' title="bbox 275 2302 987 2342; baseline 0.008 -12"><span class='ocrx_word' id='word_1_759' title='bbox 275 2302 307 2336; x_wconf 85' lang='grc' dir='ltr'><strong>(Ε</strong></span> <span class='ocrx_word' id='word_1_760' title='bbox 319 2302 425 2332; x_wconf 87' lang='lat' dir='ltr'><strong>Nahum</strong></span> <span class='ocrx_word' id='word_1_761' title='bbox 444 2304 513 2332; x_wconf 89' lang='lat' dir='ltr'><strong>nihil</strong></span> <span class='ocrx_word' id='word_1_762' title='bbox 537 2305 606 2333; x_wconf 86' lang='lat' dir='ltr'><strong>satis</strong></span> <span class='ocrx_word' id='word_1_763' title='bbox 624 2311 804 2342; x_wconf 86' lang='lat' dir='ltr'><strong>compertum,</strong></span> <span class='ocrx_word' id='word_1_764' title='bbox 827 2315 877 2335; x_wconf 89' lang='lat' dir='ltr'><strong>nec</strong></span> <span class='ocrx_word' id='word_1_765' title='bbox 890 2316 943 2336; x_wconf 92' lang='lat' dir='ltr'><strong>non</strong></span> <span class='ocrx_word' id='word_1_766' title='bbox 956 2317 987 2337; x_wconf 79' lang='lat' dir='ltr'><strong>ex</strong></span> 
     </span>
    </p>
   </div>
   <div class='ocr_carea' id='block_1_87' title="bbox 1074 2300 1835 2342">
    <p class='ocr_par' dir='ltr' id='par_1_87' title="bbox 1122 2300 1835 2342">
     <span class='ocr_line' id='line_1_87' title="bbox 1122 2300 1835 2342; baseline -0.006 -10"><span class='ocrx_word' id='word_1_767' title='bbox 1122 2305 1186 2342; x_wconf 78' lang='grc' dir='ltr'><strong>(Τοῦ</strong></span> <span class='ocrx_word' id='word_1_768' title='bbox 1206 2305 1304 2339; x_wconf 74' lang='grc' dir='ltr'>Ναοὺμ</span> <span class='ocrx_word' id='word_1_769' title='bbox 1319 2304 1403 2339; x_wconf 70' lang='grc' dir='ltr'>σαφὲς</span> <span class='ocrx_word' id='word_1_770' title='bbox 1419 2302 1504 2335; x_wconf 77' lang='grc' dir='ltr'><strong>οὐδὲν,</strong></span> <span class='ocrx_word' id='word_1_771' title='bbox 1522 2301 1630 2329; x_wconf 78' lang='grc' dir='ltr'>καὶτοῦ</span> <span class='ocrx_word' id='word_1_772' title='bbox 1651 2300 1835 2337; x_wconf 74' lang='grc' dir='ltr'><strong>’Δμὸαχούμ.)</strong></span> 
     </span>
    </p>
   </div>
   <div class='ocr_carea' id='block_1_88' title="bbox 556 2350 707 2388">
    <p class='ocr_par' dir='ltr' id='par_1_88' title="bbox 556 2350 707 2388">
     <span class='ocr_line' id='line_1_88' title="bbox 556 2350 707 2388; baseline 0.013 -10"><span class='ocrx_word' id='word_1_773' title='bbox 556 2350 707 2388; x_wconf 84' lang='lat' dir='ltr'><strong>Ilabacuc.)</strong></span> 
     </span>
    </p>
   </div>
   <div class='ocr_carea' id='block_1_89' title="bbox 539 2415 1021 2448">
    <p class='ocr_par' dir='ltr' id='par_1_89' title="bbox 539 2419 725 2448">
     <span class='ocr_line' id='line_1_89' title="bbox 539 2419 725 2448; baseline -0.005 0"><span class='ocrx_word' id='word_1_774' title='bbox 539 2419 655 2448; x_wconf 77' lang='lat' dir='ltr'><strong>CAPUT</strong></span> <span class='ocrx_word' id='word_1_775' title='bbox 666 2419 725 2448; x_wconf 74' lang='lat' dir='ltr'><strong>XX.</strong></span> 
     </span>
    </p>
   </div>
   <div class='ocr_carea' id='block_1_90' title="bbox 1074 2415 1598 2448">
    <p class='ocr_par' dir='ltr' id='par_1_90' title="bbox 1342 2415 1598 2443">
     <span class='ocr_line' id='line_1_90' title="bbox 1342 2415 1598 2443; baseline -0.008 0"><span class='ocrx_word' id='word_1_776' title='bbox 1342 2415 1538 2443; x_wconf 78' lang='grc' dir='ltr'><strong>ΚΕΦΔΛΑΙΟΝ</strong></span> <span class='ocrx_word' id='word_1_777' title='bbox 1557 2416 1598 2442; x_wconf 82' lang='grc' dir='ltr'><strong>Κ’.</strong></span> 
     </span>
    </p>
   </div>
   <div class='ocr_carea' id='block_1_91' title="bbox 536 2475 727 2511">
    <p class='ocr_par' dir='ltr' id='par_1_91' title="bbox 536 2475 727 2511">
     <span class='ocr_line' id='line_1_91' title="bbox 536 2475 727 2511; baseline 0.005 -9"><span class='ocrx_word' id='word_1_778' title='bbox 536 2475 559 2502; x_wconf 84' lang='grc' dir='ltr'><em>Ε</em></span> <span class='ocrx_word' id='word_1_779' title='bbox 582 2475 727 2511; x_wconf 79' lang='lat' dir='ltr'><strong>Sophonia.</strong></span> 
     </span>
    </p>
   </div>
   <div class='ocr_carea' id='block_1_92' title="bbox 279 2526 1026 2566">
    <p class='ocr_par' dir='ltr' id='par_1_92' title="bbox 279 2526 1026 2566">
     <span class='ocr_line' id='line_1_92' title="bbox 279 2526 1026 2566; baseline 0.007 -9"><span class='ocrx_word' id='word_1_780' title='bbox 279 2539 289 2556; x_wconf 75' lang='grc' dir='ltr'><strong>ι</strong></span> <span class='ocrx_word' id='word_1_781' title='bbox 307 2531 478 2566; x_wconf 84' lang='lat' dir='ltr'><strong>Quapropter</strong></span> <span class='ocrx_word' id='word_1_782' title='bbox 493 2526 621 2566; x_wconf 81' lang='lat' dir='ltr'><strong>exspecta</strong></span> <span class='ocrx_word' id='word_1_783' title='bbox 637 2539 691 2564; x_wconf 90' lang='lat' dir='ltr'><strong>me,</strong></span> <span class='ocrx_word' id='word_1_784' title='bbox 708 2531 774 2559; x_wconf 86' lang='lat' dir='ltr'><strong>dicit</strong></span> <span class='ocrx_word' id='word_1_785' title='bbox 786 2531 928 2566; x_wconf 92' lang='lat' dir='ltr'><strong>Dominus,</strong></span> <span class='ocrx_word' id='word_1_786' title='bbox 944 2533 971 2561; x_wconf 91' lang='lat' dir='ltr'><strong>in</strong></span> <span class='ocrx_word' id='word_1_787' title='bbox 982 2534 1026 2562; x_wconf 87' lang='lat' dir='ltr'><strong>die</strong></span> 
     </span>
    </p>
   </div>
   <div class='ocr_carea' id='block_1_93' title="bbox 242 2577 1024 2614">
    <p class='ocr_par' dir='ltr' id='par_1_93' title="bbox 242 2577 1024 2614">
     <span class='ocr_line' id='line_1_93' title="bbox 242 2577 1024 2614; baseline 0.006 -11"><span class='ocrx_word' id='word_1_788' title='bbox 242 2577 454 2604; x_wconf 87' lang='lat' dir='ltr'><strong>resurrectionis</strong></span> <span class='ocrx_word' id='word_1_789' title='bbox 482 2585 549 2605; x_wconf 74' lang='lat' dir='ltr'><strong>meas</strong></span> <span class='ocrx_word' id='word_1_790' title='bbox 572 2577 600 2604; x_wconf 90' lang='lat' dir='ltr'><strong>in</strong></span> <span class='ocrx_word' id='word_1_791' title='bbox 629 2577 752 2606; x_wconf 83' lang='lat' dir='ltr'><strong>futurum</strong></span> <span class='ocrx_word' id='word_1_792' title='bbox 772 2587 779 2611; x_wconf 90' lang='lat'>;</span> <span class='ocrx_word' id='word_1_793' title='bbox 805 2579 869 2614; x_wconf 86' lang='lat' dir='ltr'><strong>quia</strong></span> <span class='ocrx_word' id='word_1_794' title='bbox 889 2580 1024 2614; x_wconf 83' lang='lat' dir='ltr'><strong>judicium</strong></span> 
     </span>
    </p>
   </div>
   <div class='ocr_carea' id='block_1_94' title="bbox 243 2625 1023 2661">
    <p class='ocr_par' dir='ltr' id='par_1_94' title="bbox 243 2625 1023 2661">
     <span class='ocr_line' id='line_1_94' title="bbox 243 2625 1023 2661; baseline 0.004 -12"><span class='ocrx_word' id='word_1_795' title='bbox 243 2630 344 2655; x_wconf 89' lang='lat' dir='ltr'><strong>meum,</strong></span> <span class='ocrx_word' id='word_1_796' title='bbox 357 2627 387 2650; x_wconf 88' lang='lat' dir='ltr'><strong>ut</strong></span> <span class='ocrx_word' id='word_1_797' title='bbox 395 2628 557 2659; x_wconf 74' lang='lat' dir='ltr'><strong>congregem</strong></span> <span class='ocrx_word' id='word_1_798' title='bbox 568 2628 663 2658; x_wconf 78' lang='lat' dir='ltr'><strong>gentes</strong></span> <span class='ocrx_word' id='word_1_799' title='bbox 678 2628 708 2652; x_wconf 80' lang='lat' dir='ltr'><strong>et</strong></span> <span class='ocrx_word' id='word_1_800' title='bbox 727 2625 853 2660; x_wconf 79' lang='lat' dir='ltr'><strong>colligam</strong></span> <span class='ocrx_word' id='word_1_801' title='bbox 869 2633 953 2661; x_wconf 80' lang='lat' dir='ltr'><strong>regna</strong></span> <span class='ocrx_word' id='word_1_802' title='bbox 964 2626 997 2654; x_wconf 78' lang='grc'><strong>⁵⁷.</strong></span> <span class='ocrx_word' id='word_1_803' title='bbox 1014 2634 1023 2652; x_wconf 78' lang='grc' dir='ltr'><strong>ι</strong></span> 
     </span>
    </p>
   </div>
   <div class='ocr_carea' id='block_1_95' title="bbox 243 2666 1026 2704">
    <p class='ocr_par' dir='ltr' id='par_1_95' title="bbox 243 2666 1026 2704">
     <span class='ocr_line' id='line_1_95' title="bbox 243 2666 1026 2704; baseline 0.006 -11"><span class='ocrx_word' id='word_1_804' title='bbox 243 2666 276 2693; x_wconf 80' lang='lat' dir='ltr'><strong>Et</strong></span> <span class='ocrx_word' id='word_1_805' title='bbox 286 2675 335 2702; x_wconf 87' lang='lat' dir='ltr'><strong>per</strong></span> <span class='ocrx_word' id='word_1_806' title='bbox 356 2668 410 2695; x_wconf 81' lang='lat' dir='ltr'><strong>ista</strong></span> <span class='ocrx_word' id='word_1_807' title='bbox 421 2668 519 2704; x_wconf 84' lang='lat' dir='ltr'><strong>opinor</strong></span> <span class='ocrx_word' id='word_1_808' title='bbox 533 2669 681 2704; x_wconf 82' lang='lat' dir='ltr'><strong>signiﬁcari</strong></span> <span class='ocrx_word' id='word_1_809' title='bbox 697 2677 711 2696; x_wconf 90' lang='lat' dir='ltr'><strong>a</strong></span> <span class='ocrx_word' id='word_1_810' title='bbox 735 2671 851 2698; x_wconf 89' lang='lat' dir='ltr'><strong>mortuis</strong></span> <span class='ocrx_word' id='word_1_811' title='bbox 864 2670 966 2698; x_wconf 86' lang='lat' dir='ltr'><strong>Christi</strong></span> <span class='ocrx_word' id='word_1_812' title='bbox 982 2679 1026 2698; x_wconf 90' lang='lat' dir='ltr'><strong>re-</strong></span> 
     </span>
    </p>
   </div>
   <div class='ocr_carea' id='block_1_96' title="bbox 243 2712 1023 2750">
    <p class='ocr_par' dir='ltr' id='par_1_96' title="bbox 243 2712 1023 2750">
     <span class='ocr_line' id='line_1_96' title="bbox 243 2712 1023 2750; baseline 0.006 -13"><span class='ocrx_word' id='word_1_813' title='bbox 243 2712 459 2746; x_wconf 77' lang='lat' dir='ltr'><strong>surrectionem;</strong></span> <span class='ocrx_word' id='word_1_814' title='bbox 486 2721 540 2748; x_wconf 89' lang='lat' dir='ltr'><strong>qua</strong></span> <span class='ocrx_word' id='word_1_815' title='bbox 567 2714 725 2746; x_wconf 74' lang='lat' dir='ltr'><strong>eveniente,</strong></span> <span class='ocrx_word' id='word_1_816' title='bbox 758 2714 878 2749; x_wconf 88' lang='lat' dir='ltr'><strong>undique</strong></span> <span class='ocrx_word' id='word_1_817' title='bbox 903 2716 1023 2750; x_wconf 83' lang='lat' dir='ltr'><strong>gentium</strong></span> 
     </span>
    </p>
   </div>
   <div class='ocr_carea' id='block_1_97' title="bbox 242 2754 1021 2796">
    <p class='ocr_par' dir='ltr' id='par_1_97' title="bbox 242 2754 1021 2796">
     <span class='ocr_line' id='line_1_97' title="bbox 242 2754 1021 2796; baseline 0.008 -13"><span class='ocrx_word' id='word_1_818' title='bbox 242 2754 370 2784; x_wconf 64' lang='lat' dir='ltr'><strong>Ecclesiae</strong></span> <span class='ocrx_word' id='word_1_819' title='bbox 384 2760 608 2794; x_wconf 77' lang='lat' dir='ltr'><strong>congregationes</strong></span> <span class='ocrx_word' id='word_1_820' title='bbox 622 2761 818 2788; x_wconf 82' lang='lat' dir='ltr'><strong>constituenda:</strong></span> <span class='ocrx_word' id='word_1_821' title='bbox 835 2762 1021 2796; x_wconf 65' lang='lat' dir='ltr'><strong>praenuntian-</strong></span> 
     </span>
    </p>
   </div>
   <div class='ocr_carea' id='block_1_98' title="bbox 279 2846 762 2882">
    <p class='ocr_par' dir='ltr' id='par_1_98' title="bbox 279 2846 762 2882">
     <span class='ocr_line' id='line_1_98' title="bbox 279 2846 762 2882; baseline 0.006 -9"><span class='ocrx_word' id='word_1_822' title='bbox 279 2846 403 2874; x_wconf 76' lang='lat' dir='ltr'><strong>”‘Mich.</strong></span> <span class='ocrx_word' id='word_1_823' title='bbox 420 2855 447 2879; x_wconf 73' lang='grc' dir='ltr'>ν,</span> <span class='ocrx_word' id='word_1_824' title='bbox 460 2847 488 2875; x_wconf 68' lang='lat'><strong>2.</strong></span> <span class='ocrx_word' id='word_1_825' title='bbox 526 2849 547 2864; x_wconf 80' lang='grc'><strong>³⁷</strong></span> <span class='ocrx_word' id='word_1_826' title='bbox 569 2848 650 2882; x_wconf 84' lang='lat' dir='ltr'><strong>Soph.</strong></span> <span class='ocrx_word' id='word_1_827' title='bbox 671 2857 720 2881; x_wconf 69' lang='lat' dir='ltr'><strong>ur,</strong></span> <span class='ocrx_word' id='word_1_828' title='bbox 736 2851 762 2878; x_wconf 86' lang='lat'><strong>8.</strong></span> 
     </span>
    </p>
   </div>
   <div class='ocr_carea' id='block_1_99' title="bbox 1315 2473 1629 2508">
    <p class='ocr_par' dir='ltr' id='par_1_99' title="bbox 1315 2473 1629 2508">
     <span class='ocr_line' id='line_1_99' title="bbox 1315 2473 1629 2508; baseline -0.006 -7"><span class='ocrx_word' id='word_1_829' title='bbox 1315 2474 1381 2501; x_wconf 80' lang='grc' dir='ltr'><strong>Ἀπὸ</strong></span> <span class='ocrx_word' id='word_1_830' title='bbox 1399 2473 1452 2500; x_wconf 82' lang='grc' dir='ltr'>τοῦ</span> <span class='ocrx_word' id='word_1_831' title='bbox 1472 2473 1629 2508; x_wconf 61' lang='lat' dir='ltr'><strong>lepor-Iov.</strong></span> 
     </span>
    </p>
   </div>
   <div class='ocr_carea' id='block_1_100' title="bbox 1118 2527 1865 2566">
    <p class='ocr_par' dir='ltr' id='par_1_100' title="bbox 1118 2527 1865 2566">
     <span class='ocr_line' id='line_1_100' title="bbox 1118 2527 1865 2566; baseline -0.009 -6"><span class='ocrx_word' id='word_1_832' title='bbox 1118 2544 1127 2560; x_wconf 75' lang='grc' dir='ltr'><strong>ι</strong></span> <span class='ocrx_word' id='word_1_833' title='bbox 1147 2533 1196 2560; x_wconf 87' lang='grc' dir='ltr'>Διὰ</span> <span class='ocrx_word' id='word_1_834' title='bbox 1207 2532 1285 2559; x_wconf 80' lang='grc' dir='ltr'>τοῦτο</span> <span class='ocrx_word' id='word_1_835' title='bbox 1302 2531 1446 2566; x_wconf 80' lang='grc' dir='ltr'>ὑπόμεινόν</span> <span class='ocrx_word' id='word_1_836' title='bbox 1462 2539 1506 2565; x_wconf 82' lang='grc' dir='ltr'>με,</span> <span class='ocrx_word' id='word_1_837' title='bbox 1524 2530 1596 2564; x_wconf 79' lang='grc' dir='ltr'>λέγει</span> <span class='ocrx_word' id='word_1_838' title='bbox 1611 2530 1724 2564; x_wconf 78' lang='grc' dir='ltr'>Κύριος,</span> <span class='ocrx_word' id='word_1_839' title='bbox 1741 2529 1781 2560; x_wconf 82' lang='grc' dir='ltr'><strong>είς</strong></span> <span class='ocrx_word' id='word_1_840' title='bbox 1796 2527 1865 2563; x_wconf 80' lang='grc' dir='ltr'><strong>ὴμέ-</strong></span> 
     </span>
    </p>
   </div>
   <div class='ocr_carea' id='block_1_101' title="bbox 1081 2574 1866 2615">
    <p class='ocr_par' dir='ltr' id='par_1_101' title="bbox 1081 2574 1866 2615">
     <span class='ocr_line' id='line_1_101' title="bbox 1081 2574 1866 2615; baseline -0.009 -9"><span class='ocrx_word' id='word_1_841' title='bbox 1081 2588 1131 2615; x_wconf 84' lang='grc' dir='ltr'><strong>ραν</strong></span> <span class='ocrx_word' id='word_1_842' title='bbox 1150 2577 1323 2609; x_wconf 82' lang='grc' dir='ltr'>ἁναστάσεώς</span> <span class='ocrx_word' id='word_1_843' title='bbox 1346 2585 1395 2612; x_wconf 85' lang='grc' dir='ltr'><strong>μου</strong></span> <span class='ocrx_word' id='word_1_844' title='bbox 1413 2577 1452 2607; x_wconf 70' lang='grc' dir='ltr'>εἰς</span> <span class='ocrx_word' id='word_1_845' title='bbox 1475 2575 1629 2611; x_wconf 79' lang='grc' dir='ltr'>μαρτύριον·</span> <span class='ocrx_word' id='word_1_846' title='bbox 1646 2574 1713 2600; x_wconf 81' lang='grc' dir='ltr'>διότι</span> <span class='ocrx_word' id='word_1_847' title='bbox 1732 2574 1763 2600; x_wconf 82' lang='grc' dir='ltr'><strong>τὺ</strong></span> <span class='ocrx_word' id='word_1_848' title='bbox 1777 2574 1866 2609; x_wconf 77' lang='grc' dir='ltr'>κρῖμά</span> 
     </span>
    </p>
   </div>
   <div class='ocr_carea' id='block_1_102' title="bbox 1082 2618 1864 2659">
    <p class='ocr_par' dir='ltr' id='par_1_102' title="bbox 1082 2618 1864 2659">
     <span class='ocr_line' id='line_1_102' title="bbox 1082 2618 1864 2659; baseline -0.008 -9"><span class='ocrx_word' id='word_1_849' title='bbox 1082 2633 1132 2659; x_wconf 86' lang='grc' dir='ltr'><strong>μου</strong></span> <span class='ocrx_word' id='word_1_850' title='bbox 1145 2625 1185 2655; x_wconf 87' lang='grc' dir='ltr'><strong>εἰς</strong></span> <span class='ocrx_word' id='word_1_851' title='bbox 1202 2623 1233 2658; x_wconf 85' lang='lat' dir='ltr'><strong>(l&#39;.</strong></span> <span class='ocrx_word' id='word_1_852' title='bbox 1251 2623 1281 2650; x_wconf 80' lang='lat'><strong>51</strong></span> <span class='ocrx_word' id='word_1_853' title='bbox 1298 2622 1337 2658; x_wconf 79' lang='grc' dir='ltr'><strong>νο)</strong></span> <span class='ocrx_word' id='word_1_854' title='bbox 1359 2620 1517 2656; x_wconf 79' lang='grc' dir='ltr'>συναγωγὰς</span> <span class='ocrx_word' id='word_1_855' title='bbox 1532 2619 1615 2647; x_wconf 78' lang='grc' dir='ltr'>ἐθνῶν</span> <span class='ocrx_word' id='word_1_856' title='bbox 1631 2619 1677 2645; x_wconf 78' lang='grc' dir='ltr'>τοῦ</span> <span class='ocrx_word' id='word_1_857' title='bbox 1693 2618 1864 2652; x_wconf 70' lang='grc' dir='ltr'>εἰσδέξασθαι</span> 
     </span>
    </p>
   </div>
   <div class='ocr_carea' id='block_1_103' title="bbox 1080 2664 1864 2707">
    <p class='ocr_par' dir='ltr' id='par_1_103' title="bbox 1080 2664 1864 2707">
     <span class='ocr_line' id='line_1_103' title="bbox 1080 2664 1864 2707; baseline -0.009 -11"><span class='ocrx_word' id='word_1_858' title='bbox 1080 2670 1208 2705; x_wconf 83' lang='grc' dir='ltr'>βασιλεῖς.</span> <span class='ocrx_word' id='word_1_859' title='bbox 1225 2679 1234 2694; x_wconf 76' lang='grc' dir='ltr'><strong>ι</strong></span> <span class='ocrx_word' id='word_1_860' title='bbox 1255 2668 1311 2695; x_wconf 83' lang='grc' dir='ltr'><strong>Καὶ</strong></span> <span class='ocrx_word' id='word_1_861' title='bbox 1328 2667 1372 2694; x_wconf 76' lang='grc' dir='ltr'>διὰ</span> <span class='ocrx_word' id='word_1_862' title='bbox 1390 2667 1491 2693; x_wconf 80' lang='grc' dir='ltr'>τούτων</span> <span class='ocrx_word' id='word_1_863' title='bbox 1512 2664 1588 2701; x_wconf 81' lang='grc' dir='ltr'>οἶμαι</span> <span class='ocrx_word' id='word_1_864' title='bbox 1603 2664 1747 2707; x_wconf 69' lang='grc' dir='ltr'>δηλοῦσθαι</span> <span class='ocrx_word' id='word_1_865' title='bbox 1763 2664 1812 2699; x_wconf 82' lang='grc' dir='ltr'>τὴν</span> <span class='ocrx_word' id='word_1_866' title='bbox 1831 2664 1864 2690; x_wconf 76' lang='grc' dir='ltr'><strong>ἐκ</strong></span> 
     </span>
    </p>
   </div>
   <div class='ocr_carea' id='block_1_104' title="bbox 1078 2709 1864 2752">
    <p class='ocr_par' dir='ltr' id='par_1_104' title="bbox 1078 2709 1864 2752">
     <span class='ocr_line' id='line_1_104' title="bbox 1078 2709 1864 2752; baseline -0.011 -9"><span class='ocrx_word' id='word_1_867' title='bbox 1078 2716 1181 2752; x_wconf 79' lang='grc' dir='ltr'>νεκρῶν</span> <span class='ocrx_word' id='word_1_868' title='bbox 1201 2715 1348 2742; x_wconf 78' lang='grc' dir='ltr'>ἀνάστασιν</span> <span class='ocrx_word' id='word_1_869' title='bbox 1368 2713 1414 2740; x_wconf 85' lang='grc' dir='ltr'>τοῦ</span> <span class='ocrx_word' id='word_1_870' title='bbox 1441 2711 1567 2748; x_wconf 82' lang='grc' dir='ltr'>Χριστοῦ·</span> <span class='ocrx_word' id='word_1_871' title='bbox 1585 2709 1619 2746; x_wconf 81' lang='grc' dir='ltr'><strong>ἧς</strong></span> <span class='ocrx_word' id='word_1_872' title='bbox 1642 2709 1791 2745; x_wconf 81' lang='grc' dir='ltr'>γενομένης</span> <span class='ocrx_word' id='word_1_873' title='bbox 1814 2709 1864 2740; x_wconf 69' lang='grc' dir='ltr'>τὰς</span> 
     </span>
    </p>
   </div>
   <div class='ocr_carea' id='block_1_105' title="bbox 1078 2754 1864 2795">
    <p class='ocr_par' dir='ltr' id='par_1_105' title="bbox 1078 2754 1864 2795">
     <span class='ocr_line' id='line_1_105' title="bbox 1078 2754 1864 2795; baseline -0.009 -7"><span class='ocrx_word' id='word_1_874' title='bbox 1078 2760 1213 2795; x_wconf 79' lang='grc' dir='ltr'>πανταχοῦ</span> <span class='ocrx_word' id='word_1_875' title='bbox 1224 2759 1382 2793; x_wconf 68' lang='grc' dir='ltr'>συναγωγὰς</span> <span class='ocrx_word' id='word_1_876' title='bbox 1393 2759 1442 2793; x_wconf 80' lang='grc' dir='ltr'>τῆς</span> <span class='ocrx_word' id='word_1_877' title='bbox 1455 2758 1482 2790; x_wconf 78' lang='grc' dir='ltr'><strong>ἐξ</strong></span> <span class='ocrx_word' id='word_1_878' title='bbox 1496 2756 1580 2784; x_wconf 82' lang='grc' dir='ltr'>ἐθνῶν</span> <span class='ocrx_word' id='word_1_879' title='bbox 1588 2754 1750 2792; x_wconf 63' lang='grc' dir='ltr'>Ἐκκλησΐας</span> <span class='ocrx_word' id='word_1_880' title='bbox 1766 2755 1864 2788; x_wconf 78' lang='grc' dir='ltr'>συστή-</span> 
     </span>
    </p>
   </div>
  </div>
