  <div class='ocr_page' id='page_1' title='image "/cluster/home/n/w/nwhite01/storage/ocr_20150623/22/njp.32101077772497/648.png"; bbox 0 0 2037 3215; ppageno 0'>
   <div class='ocr_carea' id='block_1_1' title="bbox 146 191 216 219">
    <p class='ocr_par' dir='ltr' id='par_1_1' title="bbox 146 191 216 219">
     <span class='ocr_line' id='line_1_1' title="bbox 146 191 216 219; baseline 0.043 -3"><span class='ocrx_word' id='word_1_1' title='bbox 146 191 216 219; x_wconf 68' lang='grc' dir='ltr'><strong>ηιδ</strong></span> 
     </span>
    </p>
   </div>
   <div class='ocr_carea' id='block_1_2' title="bbox 655 195 1252 230">
    <p class='ocr_par' dir='ltr' id='par_1_2' title="bbox 655 195 1252 230">
     <span class='ocr_line' id='line_1_2' title="bbox 655 195 1252 230; baseline 0.012 -7"><span class='ocrx_word' id='word_1_2' title='bbox 655 195 801 224; x_wconf 67' lang='lat' dir='ltr'><strong>ECLOGJE</strong></span> <span class='ocrx_word' id='word_1_3' title='bbox 821 196 1060 226; x_wconf 60' lang='lat' dir='ltr'><strong>PBOPHETICIE.</strong></span> <span class='ocrx_word' id='word_1_4' title='bbox 1077 216 1111 221; x_wconf 89' lang='lat'><strong><em>—</em></strong></span> <span class='ocrx_word' id='word_1_5' title='bbox 1131 200 1192 229; x_wconf 87' lang='lat' dir='ltr'><strong>LIB.</strong></span> <span class='ocrx_word' id='word_1_6' title='bbox 1210 202 1252 230; x_wconf 85' lang='grc'><strong>111.</strong></span> 
     </span>
    </p>
   </div>
   <div class='ocr_carea' id='block_1_3' title="bbox 1697 206 1765 235">
    <p class='ocr_par' dir='ltr' id='par_1_3' title="bbox 1697 206 1765 235">
     <span class='ocr_line' id='line_1_3' title="bbox 1697 206 1765 235; baseline 0.015 -1"><span class='ocrx_word' id='word_1_7' title='bbox 1697 206 1765 235; x_wconf 64' lang='lat' dir='ltr'><strong>HM</strong></span> 
     </span>
    </p>
   </div>
   <div class='ocr_carea' id='block_1_4' title="bbox 143 249 911 299">
    <p class='ocr_par' dir='ltr' id='par_1_4' title="bbox 143 249 911 289">
     <span class='ocr_line' id='line_1_4' title="bbox 143 249 911 289; baseline 0.008 -14"><span class='ocrx_word' id='word_1_8' title='bbox 143 251 236 276; x_wconf 81' lang='grc' dir='ltr'>σεσθαι</span> <span class='ocrx_word' id='word_1_9' title='bbox 250 249 459 285; x_wconf 79' lang='grc' dir='ltr'>προφητεὺεται·</span> <span class='ocrx_word' id='word_1_10' title='bbox 479 251 544 283; x_wconf 82' lang='grc' dir='ltr'>ίσως</span> <span class='ocrx_word' id='word_1_11' title='bbox 558 251 580 278; x_wconf 78' lang='grc' dir='ltr'><strong>δ’</strong></span> <span class='ocrx_word' id='word_1_12' title='bbox 592 251 625 279; x_wconf 77' lang='grc' dir='ltr'>ἂν</span> <span class='ocrx_word' id='word_1_13' title='bbox 640 253 686 279; x_wconf 81' lang='grc' dir='ltr'>καὶ</span> <span class='ocrx_word' id='word_1_14' title='bbox 700 262 746 280; x_wconf 81' lang='grc' dir='ltr'><strong>τετ</strong></span> <span class='ocrx_word' id='word_1_15' title='bbox 767 274 773 280; x_wconf 90' lang='grc'>.</span> <span class='ocrx_word' id='word_1_16' title='bbox 795 273 803 281; x_wconf 82' lang='grc'><strong>.</strong></span> <span class='ocrx_word' id='word_1_17' title='bbox 825 273 831 280; x_wconf 96' lang='grc'><em>.</em></span> <span class='ocrx_word' id='word_1_18' title='bbox 853 274 860 280; x_wconf 92' lang='grc'><strong>.</strong></span> <span class='ocrx_word' id='word_1_19' title='bbox 881 254 911 289; x_wconf 75' lang='grc' dir='ltr'>τῆ</span> 
     </span>
    </p>
   </div>
   <div class='ocr_carea' id='block_1_5' title="bbox 962 249 1766 299">
    <p class='ocr_par' dir='ltr' id='par_1_5' title="bbox 962 256 1766 299">
     <span class='ocr_line' id='line_1_5' title="bbox 962 256 1766 299; baseline 0.016 -19"><span class='ocrx_word' id='word_1_20' title='bbox 962 258 1043 288; x_wconf 58' lang='lat' dir='ltr'><strong>Ltur;</strong></span> <span class='ocrx_word' id='word_1_21' title='bbox 1061 256 1153 284; x_wconf 85' lang='lat' dir='ltr'><strong>forsan</strong></span> <span class='ocrx_word' id='word_1_22' title='bbox 1180 262 1276 286; x_wconf 88' lang='lat' dir='ltr'><strong>et</strong></span> <span class='ocrx_word' id='word_1_23' title='bbox 1295 259 1415 288; x_wconf 86' lang='lat' dir='ltr'><strong>secundo</strong></span> <span class='ocrx_word' id='word_1_24' title='bbox 1439 260 1500 295; x_wconf 87' lang='lat' dir='ltr'><strong>ejus</strong></span> <span class='ocrx_word' id='word_1_25' title='bbox 1523 261 1650 290; x_wconf 78' lang='lat' dir='ltr'><strong>adventu.</strong></span> <span class='ocrx_word' id='word_1_26' title='bbox 1676 265 1766 299; x_wconf 76' lang='lat' dir='ltr'><strong>Atque</strong></span> 
     </span>
    </p>
   </div>
   <div class='ocr_carea' id='block_1_6' title="bbox 141 294 926 339">
    <p class='ocr_par' dir='ltr' id='par_1_6' title="bbox 141 294 926 339">
     <span class='ocr_line' id='line_1_6' title="bbox 141 294 926 339; baseline 0.006 -18"><span class='ocrx_word' id='word_1_27' title='bbox 141 294 270 331; x_wconf 81' lang='grc' dir='ltr'><strong>δευτέρας</strong></span> <span class='ocrx_word' id='word_1_28' title='bbox 289 295 371 322; x_wconf 82' lang='grc' dir='ltr'>αὐτοῦ</span> <span class='ocrx_word' id='word_1_29' title='bbox 394 297 554 339; x_wconf 75' lang='grc' dir='ltr'>παρουσίας·</span> <span class='ocrx_word' id='word_1_30' title='bbox 578 299 625 324; x_wconf 76' lang='grc' dir='ltr'>καὶ</span> <span class='ocrx_word' id='word_1_31' title='bbox 649 299 699 334; x_wconf 82' lang='grc' dir='ltr'><strong>τῆς</strong></span> <span class='ocrx_word' id='word_1_32' title='bbox 720 299 834 326; x_wconf 81' lang='grc' dir='ltr'><strong>καθόλου</strong></span> <span class='ocrx_word' id='word_1_33' title='bbox 856 300 926 326; x_wconf 87' lang='grc' dir='ltr'>πάν-</span> 
     </span>
    </p>
   </div>
   <div class='ocr_carea' id='block_1_7' title="bbox 141 342 874 379">
    <p class='ocr_par' dir='ltr' id='par_1_7' title="bbox 141 342 874 379">
     <span class='ocr_line' id='line_1_7' title="bbox 141 342 874 379; baseline 0.005 -11"><span class='ocrx_word' id='word_1_34' title='bbox 141 349 195 369; x_wconf 82' lang='grc' dir='ltr'><strong>των</strong></span> <span class='ocrx_word' id='word_1_35' title='bbox 214 361 222 368; x_wconf 92' lang='grc'><strong>.</strong></span> <span class='ocrx_word' id='word_1_36' title='bbox 244 361 251 368; x_wconf 91' lang='grc'><strong><em>.</em></strong></span> <span class='ocrx_word' id='word_1_37' title='bbox 274 361 280 368; x_wconf 94' lang='grc'>.</span> <span class='ocrx_word' id='word_1_38' title='bbox 302 361 309 368; x_wconf 99' lang='grc'>.</span> <span class='ocrx_word' id='word_1_39' title='bbox 331 361 339 368; x_wconf 97' lang='grc'><strong><em>.</em></strong></span> <span class='ocrx_word' id='word_1_40' title='bbox 360 362 367 369; x_wconf 93' lang='grc'><strong>.</strong></span> <span class='ocrx_word' id='word_1_41' title='bbox 388 361 394 368; x_wconf 96' lang='grc'>.</span> <span class='ocrx_word' id='word_1_42' title='bbox 417 361 423 368; x_wconf 92' lang='grc'><em>.</em></span> <span class='ocrx_word' id='word_1_43' title='bbox 445 342 576 379; x_wconf 80' lang='grc' dir='ltr'>κληφθείη</span> <span class='ocrx_word' id='word_1_44' title='bbox 590 343 624 370; x_wconf 74' lang='grc' dir='ltr'>τὰ</span> <span class='ocrx_word' id='word_1_45' title='bbox 638 344 708 371; x_wconf 80' lang='grc' dir='ltr'>κατὰ</span> <span class='ocrx_word' id='word_1_46' title='bbox 721 344 767 371; x_wconf 80' lang='grc' dir='ltr'>τὸν</span> <span class='ocrx_word' id='word_1_47' title='bbox 782 345 874 372; x_wconf 85' lang='grc' dir='ltr'>τόπον.</span> 
     </span>
    </p>
   </div>
   <div class='ocr_carea' id='block_1_8' title="bbox 333 398 750 435">
    <p class='ocr_par' dir='ltr' id='par_1_8' title="bbox 333 398 750 435">
     <span class='ocr_line' id='line_1_8' title="bbox 333 398 750 435; baseline 0.005 -10"><span class='ocrx_word' id='word_1_48' title='bbox 333 398 398 434; x_wconf 76' lang='grc' dir='ltr'>(Τοῦ</span> <span class='ocrx_word' id='word_1_49' title='bbox 412 399 538 433; x_wconf 79' lang='grc' dir='ltr'><strong>Ἀγγαίου</strong></span> <span class='ocrx_word' id='word_1_50' title='bbox 555 400 639 435; x_wconf 81' lang='grc' dir='ltr'>σαφὲς</span> <span class='ocrx_word' id='word_1_51' title='bbox 652 400 750 434; x_wconf 76' lang='grc' dir='ltr'><strong>οὐδέν.)</strong></span> 
     </span>
    </p>
   </div>
   <div class='ocr_carea' id='block_1_9' title="bbox 391 455 673 483">
    <p class='ocr_par' dir='ltr' id='par_1_9' title="bbox 391 455 673 483">
     <span class='ocr_line' id='line_1_9' title="bbox 391 455 673 483; baseline 0.007 -2"><span class='ocrx_word' id='word_1_52' title='bbox 391 455 588 482; x_wconf 77' lang='grc' dir='ltr'><strong>ΚΕΦΑΛΑΙΟΝ</strong></span> <span class='ocrx_word' id='word_1_53' title='bbox 609 457 673 483; x_wconf 85' lang='lat' dir='ltr'><strong>KA&#39;.</strong></span> 
     </span>
    </p>
   </div>
   <div class='ocr_carea' id='block_1_10' title="bbox 386 513 684 549">
    <p class='ocr_par' dir='ltr' id='par_1_10' title="bbox 386 513 684 549">
     <span class='ocr_line' id='line_1_10' title="bbox 386 513 684 549; baseline 0.003 -9"><span class='ocrx_word' id='word_1_54' title='bbox 386 513 452 540; x_wconf 79' lang='grc' dir='ltr'><strong>Ἀπὸ</strong></span> <span class='ocrx_word' id='word_1_55' title='bbox 472 514 524 542; x_wconf 86' lang='grc' dir='ltr'>τοῦ</span> <span class='ocrx_word' id='word_1_56' title='bbox 543 515 684 549; x_wconf 80' lang='grc' dir='ltr'>Ζαχαρία.</span> 
     </span>
    </p>
   </div>
   <div class='ocr_carea' id='block_1_11' title="bbox 179 580 926 619">
    <p class='ocr_par' dir='ltr' id='par_1_11' title="bbox 179 580 926 619">
     <span class='ocr_line' id='line_1_11' title="bbox 179 580 926 619; baseline 0.009 -14"><span class='ocrx_word' id='word_1_57' title='bbox 179 588 189 605; x_wconf 69' lang='grc' dir='ltr'><strong>ε</strong></span> <span class='ocrx_word' id='word_1_58' title='bbox 214 599 220 605; x_wconf 91' lang='grc'>.</span> <span class='ocrx_word' id='word_1_59' title='bbox 243 600 250 606; x_wconf 94' lang='grc'><em>.</em></span> <span class='ocrx_word' id='word_1_60' title='bbox 272 599 279 606; x_wconf 89' lang='grc'><strong>.</strong></span> <span class='ocrx_word' id='word_1_61' title='bbox 301 598 309 607; x_wconf 93' lang='grc'><strong>.</strong></span> <span class='ocrx_word' id='word_1_62' title='bbox 331 600 338 606; x_wconf 90' lang='grc'>.</span> <span class='ocrx_word' id='word_1_63' title='bbox 361 600 368 607; x_wconf 96' lang='grc'>.</span> <span class='ocrx_word' id='word_1_64' title='bbox 390 580 598 618; x_wconf 78' lang='grc' dir='ltr'><strong>παντοκράτωρ,</strong></span> <span class='ocrx_word' id='word_1_65' title='bbox 631 582 733 610; x_wconf 84' lang='grc' dir='ltr'>ὐπισω</span> <span class='ocrx_word' id='word_1_66' title='bbox 763 583 842 619; x_wconf 77' lang='grc' dir='ltr'><strong>δόξης</strong></span> <span class='ocrx_word' id='word_1_67' title='bbox 872 585 926 612; x_wconf 85' lang='grc' dir='ltr'>ἀπ-</span> 
     </span>
    </p>
   </div>
   <div class='ocr_carea' id='block_1_12' title="bbox 137 623 927 664">
    <p class='ocr_par' dir='ltr' id='par_1_12' title="bbox 137 623 927 664">
     <span class='ocr_line' id='line_1_12' title="bbox 137 623 927 664; baseline 0.008 -14"><span class='ocrx_word' id='word_1_68' title='bbox 137 623 252 651; x_wconf 68' lang='grc' dir='ltr'>έσταλκέ</span> <span class='ocrx_word' id='word_1_69' title='bbox 268 633 301 660; x_wconf 84' lang='grc' dir='ltr'><strong>με</strong></span> <span class='ocrx_word' id='word_1_70' title='bbox 318 624 365 651; x_wconf 73' lang='grc' dir='ltr'><strong>ἐπὶ</strong></span> <span class='ocrx_word' id='word_1_71' title='bbox 376 625 411 651; x_wconf 77' lang='grc' dir='ltr'><strong>τὰ</strong></span> <span class='ocrx_word' id='word_1_72' title='bbox 431 645 437 652; x_wconf 96' lang='grc'><em>.</em></span> <span class='ocrx_word' id='word_1_73' title='bbox 459 645 466 652; x_wconf 93' lang='grc'>.</span> <span class='ocrx_word' id='word_1_74' title='bbox 488 646 495 653; x_wconf 94' lang='grc'><strong>.</strong></span> <span class='ocrx_word' id='word_1_75' title='bbox 517 647 523 653; x_wconf 95' lang='grc'><em>.</em></span> <span class='ocrx_word' id='word_1_76' title='bbox 544 646 552 654; x_wconf 92' lang='grc'><strong><em>.</em></strong></span> <span class='ocrx_word' id='word_1_77' title='bbox 575 647 582 653; x_wconf 90' lang='grc'>.</span> <span class='ocrx_word' id='word_1_78' title='bbox 604 647 612 655; x_wconf 90' lang='grc'><strong>.</strong></span> <span class='ocrx_word' id='word_1_79' title='bbox 632 627 748 655; x_wconf 84' lang='grc' dir='ltr'>εύσαντα</span> <span class='ocrx_word' id='word_1_80' title='bbox 762 629 863 664; x_wconf 78' lang='grc' dir='ltr'><strong>ὑμᾶς’)</strong></span> <span class='ocrx_word' id='word_1_81' title='bbox 877 627 927 656; x_wconf 72' lang='grc' dir='ltr'>εἶτ’</span> 
     </span>
    </p>
   </div>
   <div class='ocr_carea' id='block_1_13' title="bbox 137 669 927 709">
    <p class='ocr_par' dir='ltr' id='par_1_13' title="bbox 137 669 927 709">
     <span class='ocr_line' id='line_1_13' title="bbox 137 669 927 709; baseline 0.01 -14"><span class='ocrx_word' id='word_1_82' title='bbox 137 669 264 704; x_wconf 74' lang='grc' dir='ltr'>ἐπιφέρει</span> <span class='ocrx_word' id='word_1_83' title='bbox 281 670 350 704; x_wconf 82' lang='grc' dir='ltr'>μετὰ</span> <span class='ocrx_word' id='word_1_84' title='bbox 369 670 471 706; x_wconf 81' lang='grc' dir='ltr'><strong>βραχέα</strong></span> <span class='ocrx_word' id='word_1_85' title='bbox 487 671 583 706; x_wconf 83' lang='grc' dir='ltr'>λέγων,</span> <span class='ocrx_word' id='word_1_86' title='bbox 605 681 615 699; x_wconf 75' lang='lat' dir='ltr'><strong>t</strong></span> <span class='ocrx_word' id='word_1_87' title='bbox 631 672 800 709; x_wconf 85' lang='grc' dir='ltr'>(γνώσε)σθε,</span> <span class='ocrx_word' id='word_1_88' title='bbox 815 676 855 702; x_wconf 85' lang='grc' dir='ltr'>ὅτι</span> <span class='ocrx_word' id='word_1_89' title='bbox 870 676 927 703; x_wconf 66' lang='lat' dir='ltr'><strong>K13-</strong></span> 
     </span>
    </p>
   </div>
   <div class='ocr_carea' id='block_1_14' title="bbox 138 716 923 756">
    <p class='ocr_par' dir='ltr' id='par_1_14' title="bbox 138 716 923 756">
     <span class='ocr_line' id='line_1_14' title="bbox 138 716 923 756; baseline 0.013 -16"><span class='ocrx_word' id='word_1_90' title='bbox 138 723 196 750; x_wconf 81' lang='grc' dir='ltr'>ριος</span> <span class='ocrx_word' id='word_1_91' title='bbox 208 716 406 753; x_wconf 79' lang='grc' dir='ltr'>παντοκράτωρ</span> <span class='ocrx_word' id='word_1_92' title='bbox 415 718 568 746; x_wconf 72' lang='grc' dir='ltr'>ἀπέσταλκέ</span> <span class='ocrx_word' id='word_1_93' title='bbox 581 729 623 755; x_wconf 87' lang='grc' dir='ltr'>με.</span> <span class='ocrx_word' id='word_1_94' title='bbox 632 730 641 747; x_wconf 74' lang='grc' dir='ltr'><strong>ι</strong></span> <span class='ocrx_word' id='word_1_95' title='bbox 652 721 680 748; x_wconf 86' lang='grc' dir='ltr'>Ὀ</span> <span class='ocrx_word' id='word_1_96' title='bbox 692 721 780 756; x_wconf 80' lang='grc' dir='ltr'>λέγων</span> <span class='ocrx_word' id='word_1_97' title='bbox 791 721 809 748; x_wconf 84' lang='grc' dir='ltr'>ἁ</span> <span class='ocrx_word' id='word_1_98' title='bbox 822 743 828 749; x_wconf 95' lang='grc'><em>.</em></span> <span class='ocrx_word' id='word_1_99' title='bbox 843 741 851 748; x_wconf 87' lang='grc'><strong>.</strong></span> <span class='ocrx_word' id='word_1_100' title='bbox 867 741 875 749; x_wconf 91' lang='grc'><em>.</em></span> <span class='ocrx_word' id='word_1_101' title='bbox 892 743 898 750; x_wconf 93' lang='grc'><strong>.</strong></span> <span class='ocrx_word' id='word_1_102' title='bbox 917 743 923 750; x_wconf 94' lang='grc'><strong>.</strong></span> 
     </span>
    </p>
   </div>
   <div class='ocr_carea' id='block_1_15' title="bbox 138 759 926 800">
    <p class='ocr_par' dir='ltr' id='par_1_15' title="bbox 138 759 926 800">
     <span class='ocr_line' id='line_1_15' title="bbox 138 759 926 800; baseline 0.013 -15"><span class='ocrx_word' id='word_1_103' title='bbox 138 768 174 794; x_wconf 86' lang='grc' dir='ltr'><strong>με</strong></span> <span class='ocrx_word' id='word_1_104' title='bbox 199 759 301 796; x_wconf 83' lang='grc' dir='ltr'>Κύριός</span> <span class='ocrx_word' id='word_1_105' title='bbox 323 762 381 787; x_wconf 73' lang='grc' dir='ltr'>ἐστι</span> <span class='ocrx_word' id='word_1_106' title='bbox 407 765 616 800; x_wconf 83' lang='grc' dir='ltr'>παντοκράτωρ·</span> <span class='ocrx_word' id='word_1_107' title='bbox 644 765 774 798; x_wconf 81' lang='grc' dir='ltr'><strong>ὡσαύτως</strong></span> <span class='ocrx_word' id='word_1_108' title='bbox 796 767 825 796; x_wconf 82' lang='grc' dir='ltr'><strong>δὲ</strong></span> <span class='ocrx_word' id='word_1_109' title='bbox 850 767 896 794; x_wconf 78' lang='grc' dir='ltr'>καὶ</span> <span class='ocrx_word' id='word_1_110' title='bbox 911 769 926 795; x_wconf 83' lang='grc' dir='ltr'><strong>ὸ</strong></span> 
     </span>
    </p>
   </div>
   <div class='ocr_carea' id='block_1_16' title="bbox 136 806 925 849">
    <p class='ocr_par' dir='ltr' id='par_1_16' title="bbox 136 806 925 849">
     <span class='ocr_line' id='line_1_16' title="bbox 136 806 925 849; baseline 0.01 -17"><span class='ocrx_word' id='word_1_111' title='bbox 136 806 192 832; x_wconf 77' lang='grc' dir='ltr'>ἀπο</span> <span class='ocrx_word' id='word_1_112' title='bbox 204 826 212 833; x_wconf 92' lang='grc'><strong>.</strong></span> <span class='ocrx_word' id='word_1_113' title='bbox 234 826 242 834; x_wconf 95' lang='grc'>.</span> <span class='ocrx_word' id='word_1_114' title='bbox 263 828 270 835; x_wconf 95' lang='grc'><em>.</em></span> <span class='ocrx_word' id='word_1_115' title='bbox 292 827 300 834; x_wconf 93' lang='grc'><strong>.</strong></span> <span class='ocrx_word' id='word_1_116' title='bbox 323 828 331 835; x_wconf 93' lang='grc'><em>,</em></span> <span class='ocrx_word' id='word_1_117' title='bbox 352 828 359 834; x_wconf 92' lang='grc'><strong>.</strong></span> <span class='ocrx_word' id='word_1_118' title='bbox 376 808 453 844; x_wconf 84' lang='grc' dir='ltr'>θερος</span> <span class='ocrx_word' id='word_1_119' title='bbox 467 809 504 836; x_wconf 83' lang='grc' dir='ltr'>ὢν</span> <span class='ocrx_word' id='word_1_120' title='bbox 519 810 566 837; x_wconf 83' lang='grc' dir='ltr'>τοῦ</span> <span class='ocrx_word' id='word_1_121' title='bbox 578 811 809 848; x_wconf 81' lang='grc' dir='ltr'>ἀποστελλομένου</span> <span class='ocrx_word' id='word_1_122' title='bbox 823 814 925 849; x_wconf 82' lang='grc' dir='ltr'>Κύριος</span> 
     </span>
    </p>
   </div>
   <div class='ocr_carea' id='block_1_17' title="bbox 134 851 925 895">
    <p class='ocr_par' dir='ltr' id='par_1_17' title="bbox 134 851 925 895">
     <span class='ocr_line' id='line_1_17' title="bbox 134 851 925 895; baseline 0.011 -17"><span class='ocrx_word' id='word_1_123' title='bbox 134 851 294 887; x_wconf 84' lang='grc' dir='ltr'>ὠνόμασται</span> <span class='ocrx_word' id='word_1_124' title='bbox 315 863 367 881; x_wconf 88' lang='grc' dir='ltr'><strong>παν</strong></span> <span class='ocrx_word' id='word_1_125' title='bbox 387 875 394 882; x_wconf 93' lang='grc'><strong>.</strong></span> <span class='ocrx_word' id='word_1_126' title='bbox 417 875 423 881; x_wconf 94' lang='grc'>.</span> <span class='ocrx_word' id='word_1_127' title='bbox 445 875 452 882; x_wconf 94' lang='grc'>.</span> <span class='ocrx_word' id='word_1_128' title='bbox 475 875 482 881; x_wconf 93' lang='grc'><strong>.</strong></span> <span class='ocrx_word' id='word_1_129' title='bbox 504 876 512 883; x_wconf 86' lang='grc'><strong>.</strong></span> <span class='ocrx_word' id='word_1_130' title='bbox 534 877 541 883; x_wconf 89' lang='grc'>.</span> <span class='ocrx_word' id='word_1_131' title='bbox 563 877 570 884; x_wconf 91' lang='grc'><strong>.</strong></span> <span class='ocrx_word' id='word_1_132' title='bbox 593 878 599 884; x_wconf 87' lang='grc'>.</span> <span class='ocrx_word' id='word_1_133' title='bbox 620 857 731 890; x_wconf 76' lang='grc' dir='ltr'><strong>εἰκότως</strong></span> <span class='ocrx_word' id='word_1_134' title='bbox 749 857 795 886; x_wconf 79' lang='grc' dir='ltr'><strong>οὗν</strong></span> <span class='ocrx_word' id='word_1_135' title='bbox 814 860 879 895; x_wconf 82' lang='grc' dir='ltr'>ἡμῖν</span> <span class='ocrx_word' id='word_1_136' title='bbox 896 861 925 887; x_wconf 71' lang='grc' dir='ltr'>ἐν</span> 
     </span>
    </p>
   </div>
   <div class='ocr_carea' id='block_1_18' title="bbox 133 899 921 942">
    <p class='ocr_par' dir='ltr' id='par_1_18' title="bbox 133 899 921 942">
     <span class='ocr_line' id='line_1_18' title="bbox 133 899 921 942; baseline 0.013 -18"><span class='ocrx_word' id='word_1_137' title='bbox 133 899 193 929; x_wconf 78' lang='grc' dir='ltr'>τοῖς</span> <span class='ocrx_word' id='word_1_138' title='bbox 209 900 273 934; x_wconf 69' lang='grc' dir='ltr'>περὶ</span> <span class='ocrx_word' id='word_1_139' title='bbox 285 901 392 935; x_wconf 52' lang='lat' dir='ltr'><strong>“arpis;</strong></span> <span class='ocrx_word' id='word_1_140' title='bbox 403 902 450 928; x_wconf 76' lang='grc' dir='ltr'>καὶ</span> <span class='ocrx_word' id='word_1_141' title='bbox 466 902 530 929; x_wconf 84' lang='grc' dir='ltr'><strong>Υἰοῦ</strong></span> <span class='ocrx_word' id='word_1_142' title='bbox 551 922 559 929; x_wconf 95' lang='grc'>.</span> <span class='ocrx_word' id='word_1_143' title='bbox 581 923 588 930; x_wconf 91' lang='grc'>.</span> <span class='ocrx_word' id='word_1_144' title='bbox 610 923 618 932; x_wconf 92' lang='grc'><strong>.</strong></span> <span class='ocrx_word' id='word_1_145' title='bbox 639 925 646 931; x_wconf 97' lang='grc'>.</span> <span class='ocrx_word' id='word_1_146' title='bbox 670 925 676 931; x_wconf 97' lang='grc'>.</span> <span class='ocrx_word' id='word_1_147' title='bbox 698 925 706 932; x_wconf 91' lang='grc'><strong>.</strong></span> <span class='ocrx_word' id='word_1_148' title='bbox 728 925 735 932; x_wconf 92' lang='grc'><strong>.</strong></span> <span class='ocrx_word' id='word_1_149' title='bbox 758 925 765 933; x_wconf 93' lang='grc'>.</span> <span class='ocrx_word' id='word_1_150' title='bbox 785 906 815 933; x_wconf 78' lang='grc' dir='ltr'>τὸ</span> <span class='ocrx_word' id='word_1_151' title='bbox 830 907 921 942; x_wconf 77' lang='grc' dir='ltr'>ῥητὸν,</span> 
     </span>
    </p>
   </div>
   <div class='ocr_carea' id='block_1_19' title="bbox 132 943 919 984">
    <p class='ocr_par' dir='ltr' id='par_1_19' title="bbox 132 943 919 984">
     <span class='ocr_line' id='line_1_19' title="bbox 132 943 919 984; baseline 0.014 -15"><span class='ocrx_word' id='word_1_152' title='bbox 132 943 175 969; x_wconf 71' lang='grc' dir='ltr'>ὃτι</span> <span class='ocrx_word' id='word_1_153' title='bbox 190 945 237 970; x_wconf 76' lang='grc' dir='ltr'>καὶ</span> <span class='ocrx_word' id='word_1_154' title='bbox 254 945 355 980; x_wconf 80' lang='grc' dir='ltr'>Κύριος</span> <span class='ocrx_word' id='word_1_155' title='bbox 371 947 567 984; x_wconf 81' lang='grc' dir='ltr'><strong>παντοκράτωρ</strong></span> <span class='ocrx_word' id='word_1_156' title='bbox 583 949 596 974; x_wconf 84' lang='grc' dir='ltr'><strong><em>ὸ</em></strong></span> <span class='ocrx_word' id='word_1_157' title='bbox 613 949 660 976; x_wconf 82' lang='grc' dir='ltr'><strong>τοῦ</strong></span> <span class='ocrx_word' id='word_1_158' title='bbox 677 950 744 976; x_wconf 82' lang='grc' dir='ltr'>Θεοῦ</span> <span class='ocrx_word' id='word_1_159' title='bbox 766 971 772 977; x_wconf 91' lang='grc'><strong>.</strong></span> <span class='ocrx_word' id='word_1_160' title='bbox 795 971 802 978; x_wconf 97' lang='grc'>.</span> <span class='ocrx_word' id='word_1_161' title='bbox 825 971 832 978; x_wconf 88' lang='grc'><strong>.</strong></span> <span class='ocrx_word' id='word_1_162' title='bbox 853 971 861 979; x_wconf 92' lang='grc'><strong>.</strong></span> <span class='ocrx_word' id='word_1_163' title='bbox 883 974 890 980; x_wconf 92' lang='grc'><strong>.</strong></span> <span class='ocrx_word' id='word_1_164' title='bbox 912 973 919 980; x_wconf 93' lang='grc'>.</span> 
     </span>
    </p>
   </div>
   <div class='ocr_carea' id='block_1_20' title="bbox 132 989 855 1033">
    <p class='ocr_par' dir='ltr' id='par_1_20' title="bbox 132 989 855 1033">
     <span class='ocr_line' id='line_1_20' title="bbox 132 989 855 1033; baseline 0.012 -17"><span class='ocrx_word' id='word_1_165' title='bbox 132 989 228 1025; x_wconf 84' lang='grc' dir='ltr'>ὥσπερ</span> <span class='ocrx_word' id='word_1_166' title='bbox 242 991 288 1018; x_wconf 73' lang='grc' dir='ltr'>καὶ</span> <span class='ocrx_word' id='word_1_167' title='bbox 301 992 367 1023; x_wconf 81' lang='grc' dir='ltr'>Θεὸς</span> <span class='ocrx_word' id='word_1_168' title='bbox 377 992 421 1019; x_wconf 82' lang='grc' dir='ltr'><strong>διὰ</strong></span> <span class='ocrx_word' id='word_1_169' title='bbox 434 994 487 1020; x_wconf 84' lang='grc' dir='ltr'>τῶν</span> <span class='ocrx_word' id='word_1_170' title='bbox 501 995 648 1030; x_wconf 80' lang='grc' dir='ltr'><strong>προφητῶν</strong></span> <span class='ocrx_word' id='word_1_171' title='bbox 662 997 855 1033; x_wconf 73' lang='grc' dir='ltr'>ἐχρημάτισεν.</span> 
     </span>
    </p>
   </div>
   <div class='ocr_carea' id='block_1_21' title="bbox 388 1080 669 1111">
    <p class='ocr_par' dir='ltr' id='par_1_21' title="bbox 388 1080 669 1111">
     <span class='ocr_line' id='line_1_21' title="bbox 388 1080 669 1111; baseline 0.014 -4"><span class='ocrx_word' id='word_1_172' title='bbox 388 1080 587 1110; x_wconf 79' lang='grc' dir='ltr'><strong>ΚΕΦᾹΔΑῘΟΝ</strong></span> <span class='ocrx_word' id='word_1_173' title='bbox 606 1085 669 1111; x_wconf 83' lang='lat' dir='ltr'><strong>KB&#39;.</strong></span> 
     </span>
    </p>
   </div>
   <div class='ocr_carea' id='block_1_22' title="bbox 440 1127 625 1156">
    <p class='ocr_par' dir='ltr' id='par_1_22' title="bbox 440 1127 625 1156">
     <span class='ocr_line' id='line_1_22' title="bbox 440 1127 625 1156; baseline 0.011 -2"><span class='ocrx_word' id='word_1_174' title='bbox 440 1127 496 1154; x_wconf 85' lang='grc' dir='ltr'><strong>Τοῦ</strong></span> <span class='ocrx_word' id='word_1_175' title='bbox 522 1129 625 1156; x_wconf 83' lang='grc' dir='ltr'>αὑτοῦ.</span> 
     </span>
    </p>
   </div>
   <div class='ocr_carea' id='block_1_23' title="bbox 130 1182 919 1226">
    <p class='ocr_par' dir='ltr' id='par_1_23' title="bbox 130 1182 919 1226">
     <span class='ocr_line' id='line_1_23' title="bbox 130 1182 919 1226; baseline 0.019 -22"><span class='ocrx_word' id='word_1_176' title='bbox 130 1198 138 1205; x_wconf 91' lang='grc'>.</span> <span class='ocrx_word' id='word_1_177' title='bbox 179 1198 186 1204; x_wconf 87' lang='grc'>.</span> <span class='ocrx_word' id='word_1_178' title='bbox 226 1200 233 1207; x_wconf 93' lang='grc'>.</span> <span class='ocrx_word' id='word_1_179' title='bbox 257 1189 266 1206; x_wconf 70' lang='grc' dir='ltr'><em>α</em></span> <span class='ocrx_word' id='word_1_180' title='bbox 281 1182 327 1208; x_wconf 74' lang='grc' dir='ltr'>καὶ</span> <span class='ocrx_word' id='word_1_181' title='bbox 340 1182 495 1218; x_wconf 72' lang='grc' dir='ltr'>εὐφραίνου,</span> <span class='ocrx_word' id='word_1_182' title='bbox 510 1184 628 1223; x_wconf 82' lang='grc' dir='ltr'><strong>θύγατερ</strong></span> <span class='ocrx_word' id='word_1_183' title='bbox 639 1187 718 1220; x_wconf 84' lang='grc' dir='ltr'>Σιὼν,</span> <span class='ocrx_word' id='word_1_184' title='bbox 731 1189 772 1216; x_wconf 78' lang='grc' dir='ltr'><strong>ὅτι</strong></span> <span class='ocrx_word' id='word_1_185' title='bbox 785 1190 848 1222; x_wconf 83' lang='grc' dir='ltr'><strong>ἰδοὺ,</strong></span> <span class='ocrx_word' id='word_1_186' title='bbox 863 1191 919 1226; x_wconf 77' lang='grc' dir='ltr'>ἐγὼ</span> 
     </span>
    </p>
   </div>
   <div class='ocr_carea' id='block_1_24' title="bbox 128 1224 918 1272">
    <p class='ocr_par' dir='ltr' id='par_1_24' title="bbox 128 1224 918 1272">
     <span class='ocr_line' id='line_1_24' title="bbox 128 1224 918 1272; baseline 0.018 -22"><span class='ocrx_word' id='word_1_187' title='bbox 128 1224 256 1272; x_wconf 66' lang='grc' dir='ltr'>ἔρχομαι,</span> <span class='ocrx_word' id='word_1_188' title='bbox 270 1227 316 1254; x_wconf 80' lang='grc' dir='ltr'>καὶ</span> <span class='ocrx_word' id='word_1_189' title='bbox 355 1247 363 1254; x_wconf 92' lang='grc'><em>.</em></span> <span class='ocrx_word' id='word_1_190' title='bbox 401 1248 408 1255; x_wconf 94' lang='grc'>.</span> <span class='ocrx_word' id='word_1_191' title='bbox 448 1249 455 1256; x_wconf 95' lang='grc'><strong>.</strong></span> <span class='ocrx_word' id='word_1_192' title='bbox 494 1231 626 1267; x_wconf 85' lang='grc' dir='ltr'>σκηνώσω</span> <span class='ocrx_word' id='word_1_193' title='bbox 640 1234 669 1260; x_wconf 81' lang='grc' dir='ltr'>ὲν</span> <span class='ocrx_word' id='word_1_194' title='bbox 682 1234 757 1270; x_wconf 79' lang='grc' dir='ltr'>μέσῳ</span> <span class='ocrx_word' id='word_1_195' title='bbox 771 1244 828 1269; x_wconf 88' lang='grc' dir='ltr'>σου,</span> <span class='ocrx_word' id='word_1_196' title='bbox 844 1224 918 1272; x_wconf 75' lang='grc' dir='ltr'>λέγει</span> 
     </span>
    </p>
   </div>
   <div class='ocr_carea' id='block_1_25' title="bbox 127 1269 918 1311">
    <p class='ocr_par' dir='ltr' id='par_1_25' title="bbox 127 1269 918 1311">
     <span class='ocr_line' id='line_1_25' title="bbox 127 1269 918 1311; baseline 0.019 -16"><span class='ocrx_word' id='word_1_197' title='bbox 127 1269 241 1305; x_wconf 78' lang='grc' dir='ltr'>Κύριος.</span> <span class='ocrx_word' id='word_1_198' title='bbox 259 1272 314 1298; x_wconf 83' lang='grc' dir='ltr'><strong>Καὶ</strong></span> <span class='ocrx_word' id='word_1_199' title='bbox 335 1274 548 1308; x_wconf 76' lang='grc' dir='ltr'>καταφεύξονται</span> <span class='ocrx_word' id='word_1_200' title='bbox 587 1297 593 1304; x_wconf 90' lang='grc'><strong>.</strong></span> <span class='ocrx_word' id='word_1_201' title='bbox 635 1302 640 1305; x_wconf 29' lang='grc' dir='ltr'><em>Α</em></span> <span class='ocrx_word' id='word_1_202' title='bbox 682 1299 689 1306; x_wconf 95' lang='grc'>.</span> <span class='ocrx_word' id='word_1_203' title='bbox 728 1269 791 1308; x_wconf 78' lang='grc' dir='ltr'>ολλὰ</span> <span class='ocrx_word' id='word_1_204' title='bbox 811 1282 858 1309; x_wconf 68' lang='grc' dir='ltr'><strong>ἐπὶ</strong></span> <span class='ocrx_word' id='word_1_205' title='bbox 871 1269 918 1311; x_wconf 75' lang='grc' dir='ltr'><strong>τὸν</strong></span> 
     </span>
    </p>
   </div>
   <div class='ocr_carea' id='block_1_26' title="bbox 128 1316 867 1358">
    <p class='ocr_par' dir='ltr' id='par_1_26' title="bbox 128 1316 867 1358">
     <span class='ocr_line' id='line_1_26' title="bbox 128 1316 867 1358; baseline 0.018 -17"><span class='ocrx_word' id='word_1_206' title='bbox 128 1316 231 1351; x_wconf 80' lang='grc' dir='ltr'>Κύριον</span> <span class='ocrx_word' id='word_1_207' title='bbox 245 1317 270 1344; x_wconf 64' lang='grc' dir='ltr'>ὲν</span> <span class='ocrx_word' id='word_1_208' title='bbox 292 1319 323 1354; x_wconf 83' lang='grc' dir='ltr'><strong>τῇ</strong></span> <span class='ocrx_word' id='word_1_209' title='bbox 338 1320 428 1355; x_wconf 67' lang='grc' dir='ltr'>ἡμέρᾳ</span> <span class='ocrx_word' id='word_1_210' title='bbox 443 1322 545 1358; x_wconf 79' lang='grc' dir='ltr'>ἐκείνῃ.</span> <span class='ocrx_word' id='word_1_211' title='bbox 560 1324 608 1350; x_wconf 79' lang='grc' dir='ltr'>καὶ</span> <span class='ocrx_word' id='word_1_212' title='bbox 622 1324 727 1352; x_wconf 80' lang='grc' dir='ltr'>ἔσονται</span> <span class='ocrx_word' id='word_1_213' title='bbox 741 1327 775 1353; x_wconf 86' lang='grc' dir='ltr'>αὐ</span> <span class='ocrx_word' id='word_1_214' title='bbox 814 1349 821 1356; x_wconf 95' lang='grc'><em>.</em></span> <span class='ocrx_word' id='word_1_215' title='bbox 858 1348 867 1356; x_wconf 88' lang='grc'><em>.</em></span> 
     </span>
    </p>
   </div>
   <div class='ocr_carea' id='block_1_27' title="bbox 127 1360 867 1407">
    <p class='ocr_par' dir='ltr' id='par_1_27' title="bbox 127 1360 867 1407">
     <span class='ocr_line' id='line_1_27' title="bbox 127 1360 867 1407; baseline 0.02 -20"><span class='ocrx_word' id='word_1_216' title='bbox 127 1360 202 1394; x_wconf 79' lang='grc' dir='ltr'>λαὸν,</span> <span class='ocrx_word' id='word_1_217' title='bbox 221 1363 269 1390; x_wconf 76' lang='grc' dir='ltr'>καὶ</span> <span class='ocrx_word' id='word_1_218' title='bbox 287 1366 545 1401; x_wconf 86' lang='grc' dir='ltr'>κατασκηνώσουσιν</span> <span class='ocrx_word' id='word_1_219' title='bbox 558 1369 588 1396; x_wconf 81' lang='grc' dir='ltr'>ὲν</span> <span class='ocrx_word' id='word_1_220' title='bbox 612 1370 687 1407; x_wconf 80' lang='grc' dir='ltr'>μέσῳ</span> <span class='ocrx_word' id='word_1_221' title='bbox 701 1381 758 1405; x_wconf 90' lang='grc' dir='ltr'>σου,</span> <span class='ocrx_word' id='word_1_222' title='bbox 776 1375 822 1401; x_wconf 81' lang='grc' dir='ltr'>καὶ</span> <span class='ocrx_word' id='word_1_223' title='bbox 860 1395 867 1402; x_wconf 94' lang='grc'><em>.</em></span> 
     </span>
    </p>
   </div>
   <div class='ocr_carea' id='block_1_28' title="bbox 126 1407 916 1457">
    <p class='ocr_par' dir='ltr' id='par_1_28' title="bbox 126 1407 916 1457">
     <span class='ocr_line' id='line_1_28' title="bbox 126 1407 916 1457; baseline 0.022 -25"><span class='ocrx_word' id='word_1_224' title='bbox 126 1407 230 1457; x_wconf 59' lang='grc' dir='ltr'>γνιξισῃ,</span> <span class='ocrx_word' id='word_1_225' title='bbox 271 1429 278 1436; x_wconf 89' lang='grc'>.</span> <span class='ocrx_word' id='word_1_226' title='bbox 316 1429 323 1436; x_wconf 95' lang='grc'>.</span> <span class='ocrx_word' id='word_1_227' title='bbox 364 1431 370 1437; x_wconf 93' lang='grc'>.</span> <span class='ocrx_word' id='word_1_228' title='bbox 411 1431 417 1438; x_wconf 93' lang='grc'>.</span> <span class='ocrx_word' id='word_1_229' title='bbox 457 1433 464 1440; x_wconf 96' lang='grc'>.</span> <span class='ocrx_word' id='word_1_230' title='bbox 502 1416 702 1453; x_wconf 80' lang='grc' dir='ltr'>παντοκράτωρ</span> <span class='ocrx_word' id='word_1_231' title='bbox 716 1419 868 1447; x_wconf 81' lang='grc' dir='ltr'>ἀπέσταλκέ</span> <span class='ocrx_word' id='word_1_232' title='bbox 881 1430 916 1457; x_wconf 84' lang='grc' dir='ltr'><strong>με</strong></span> 
     </span>
    </p>
   </div>
   <div class='ocr_carea' id='block_1_29' title="bbox 126 1453 915 1500">
    <p class='ocr_par' dir='ltr' id='par_1_29' title="bbox 126 1453 915 1500">
     <span class='ocr_line' id='line_1_29' title="bbox 126 1453 915 1500; baseline 0.023 -22"><span class='ocrx_word' id='word_1_233' title='bbox 126 1453 197 1500; x_wconf 64' lang='grc' dir='ltr'>προς</span> <span class='ocrx_word' id='word_1_234' title='bbox 215 1455 255 1482; x_wconf 83' lang='grc' dir='ltr'><strong>σέ.</strong></span> <span class='ocrx_word' id='word_1_235' title='bbox 272 1465 282 1482; x_wconf 76' lang='grc' dir='ltr'><strong><em>ι</em></strong></span> <span class='ocrx_word' id='word_1_236' title='bbox 306 1457 360 1484; x_wconf 83' lang='grc' dir='ltr'><strong>Καὶ</strong></span> <span class='ocrx_word' id='word_1_237' title='bbox 377 1458 419 1490; x_wconf 80' lang='grc' dir='ltr'><strong>τίς</strong></span> <span class='ocrx_word' id='word_1_238' title='bbox 456 1479 463 1485; x_wconf 87' lang='grc'><strong>.</strong></span> <span class='ocrx_word' id='word_1_239' title='bbox 502 1480 511 1488; x_wconf 91' lang='grc'><strong>.</strong></span> <span class='ocrx_word' id='word_1_240' title='bbox 551 1481 558 1488; x_wconf 94' lang='grc'>.</span> <span class='ocrx_word' id='word_1_241' title='bbox 597 1464 611 1489; x_wconf 81' lang='grc' dir='ltr'>ὁ</span> <span class='ocrx_word' id='word_1_242' title='bbox 626 1463 712 1491; x_wconf 82' lang='grc' dir='ltr'>ταῦτα</span> <span class='ocrx_word' id='word_1_243' title='bbox 734 1466 845 1500; x_wconf 80' lang='grc' dir='ltr'>φάσκων</span> <span class='ocrx_word' id='word_1_244' title='bbox 867 1453 915 1496; x_wconf 64' lang='grc' dir='ltr'><strong>καὶ</strong></span> 
     </span>
    </p>
   </div>
   <div class='ocr_carea' id='block_1_30' title="bbox 124 1498 913 1549">
    <p class='ocr_par' dir='ltr' id='par_1_30' title="bbox 124 1498 913 1549">
     <span class='ocr_line' id='line_1_30' title="bbox 124 1498 913 1549; baseline 0.023 -25"><span class='ocrx_word' id='word_1_245' title='bbox 124 1498 264 1549; x_wconf 74' lang='grc' dir='ltr'>ὁμολογῶν</span> <span class='ocrx_word' id='word_1_246' title='bbox 287 1502 454 1531; x_wconf 80' lang='grc' dir='ltr'>ἀπεστάλθαι</span> <span class='ocrx_word' id='word_1_247' title='bbox 479 1506 530 1533; x_wconf 80' lang='grc' dir='ltr'><strong>ὑπὸ</strong></span> <span class='ocrx_word' id='word_1_248' title='bbox 547 1498 779 1547; x_wconf 78' lang='grc' dir='ltr'>Παντοκράτορος,</span> <span class='ocrx_word' id='word_1_249' title='bbox 797 1513 813 1549; x_wconf 83' lang='grc' dir='ltr'>ἢ</span> <span class='ocrx_word' id='word_1_250' title='bbox 832 1515 846 1541; x_wconf 85' lang='grc' dir='ltr'><strong><em>ὁ</em></strong></span> <span class='ocrx_word' id='word_1_251' title='bbox 866 1515 913 1542; x_wconf 85' lang='grc' dir='ltr'><strong>τοῦ</strong></span> 
     </span>
    </p>
   </div>
   <div class='ocr_carea' id='block_1_31' title="bbox 123 1544 914 1594">
    <p class='ocr_par' dir='ltr' id='par_1_31' title="bbox 123 1544 914 1594">
     <span class='ocr_line' id='line_1_31' title="bbox 123 1544 914 1594; baseline 0.024 -25"><span class='ocrx_word' id='word_1_252' title='bbox 123 1544 193 1594; x_wconf 52' lang='grc' dir='ltr'>Ῡεοῦ</span> <span class='ocrx_word' id='word_1_253' title='bbox 205 1546 290 1580; x_wconf 80' lang='grc' dir='ltr'>Λόγος</span> <span class='ocrx_word' id='word_1_254' title='bbox 301 1548 353 1575; x_wconf 80' lang='grc' dir='ltr'>ὑπὸ</span> <span class='ocrx_word' id='word_1_255' title='bbox 367 1550 413 1576; x_wconf 75' lang='grc' dir='ltr'><strong>τοῦ</strong></span> <span class='ocrx_word' id='word_1_256' title='bbox 425 1552 532 1587; x_wconf 69' lang='grc' dir='ltr'>Πατρός</span> <span class='ocrx_word' id='word_1_257' title='bbox 545 1553 591 1580; x_wconf 74' lang='grc' dir='ltr'><strong>ἐπὶ</strong></span> <span class='ocrx_word' id='word_1_258' title='bbox 609 1544 730 1592; x_wconf 62' lang='grc' dir='ltr'>σωτηρία</span> <span class='ocrx_word' id='word_1_259' title='bbox 748 1557 786 1594; x_wconf 81' lang='grc'><strong>(1)</strong></span> <span class='ocrx_word' id='word_1_260' title='bbox 799 1544 855 1587; x_wconf 76' lang='grc' dir='ltr'><strong>τῶν</strong></span> <span class='ocrx_word' id='word_1_261' title='bbox 867 1561 914 1588; x_wconf 87' lang='grc' dir='ltr'><strong>ἀν-</strong></span> 
     </span>
    </p>
   </div>
   <div class='ocr_carea' id='block_1_32' title="bbox 125 1587 854 1639">
    <p class='ocr_par' dir='ltr' id='par_1_32' title="bbox 125 1587 854 1639">
     <span class='ocr_line' id='line_1_32' title="bbox 125 1587 854 1639; baseline 0.025 -24"><span class='ocrx_word' id='word_1_262' title='bbox 125 1587 243 1625; x_wconf 80' lang='grc' dir='ltr'>θρώπων</span> <span class='ocrx_word' id='word_1_263' title='bbox 258 1592 352 1626; x_wconf 83' lang='grc' dir='ltr'>γένους</span> <span class='ocrx_word' id='word_1_264' title='bbox 372 1596 534 1630; x_wconf 84' lang='grc' dir='ltr'>ἀποσταλείς</span> <span class='ocrx_word' id='word_1_265' title='bbox 545 1607 553 1613; x_wconf 72' lang='grc'><strong>⁸</strong></span> <span class='ocrx_word' id='word_1_266' title='bbox 567 1599 596 1631; x_wconf 79' lang='grc' dir='ltr'><strong>ὃς</strong></span> <span class='ocrx_word' id='word_1_267' title='bbox 611 1601 644 1628; x_wconf 86' lang='grc' dir='ltr'><strong>τὰ</strong></span> <span class='ocrx_word' id='word_1_268' title='bbox 659 1587 826 1639; x_wconf 67' lang='grc' dir='ltr'>προκείμενα</span> <span class='ocrx_word' id='word_1_269' title='bbox 846 1626 854 1633; x_wconf 94' lang='grc'><strong>.</strong></span> 
     </span>
    </p>
   </div>
   <div class='ocr_carea' id='block_1_33' title="bbox 125 1635 913 1689">
    <p class='ocr_par' dir='ltr' id='par_1_33' title="bbox 125 1635 913 1689">
     <span class='ocr_line' id='line_1_33' title="bbox 125 1635 913 1689; baseline 0.024 -28"><span class='ocrx_word' id='word_1_270' title='bbox 125 1635 287 1689; x_wconf 42' lang='grc' dir='ltr'>ἐπουράνιον</span> <span class='ocrx_word' id='word_1_271' title='bbox 308 1640 394 1667; x_wconf 88' lang='grc' dir='ltr'>Σιών·</span> <span class='ocrx_word' id='word_1_272' title='bbox 411 1638 446 1678; x_wconf 88' lang='grc' dir='ltr'><strong>ἦς</strong></span> <span class='ocrx_word' id='word_1_273' title='bbox 467 1644 641 1681; x_wconf 80' lang='grc' dir='ltr'>παράδειγμα</span> <span class='ocrx_word' id='word_1_274' title='bbox 661 1635 691 1675; x_wconf 64' lang='grc' dir='ltr'><strong>τό</strong></span> <span class='ocrx_word' id='word_1_275' title='bbox 712 1635 763 1676; x_wconf 46' lang='grc' dir='ltr'>ἐπὶ.</span> <span class='ocrx_word' id='word_1_276' title='bbox 777 1650 829 1686; x_wconf 86' lang='grc' dir='ltr'><strong>γῆς</strong></span> <span class='ocrx_word' id='word_1_277' title='bbox 850 1635 913 1689; x_wconf 48' lang='lat' dir='ltr'><strong>epos</strong></span> 
     </span>
    </p>
   </div>
   <div class='ocr_carea' id='block_1_34' title="bbox 123 1681 911 1730">
    <p class='ocr_par' dir='ltr' id='par_1_34' title="bbox 123 1681 911 1730">
     <span class='ocr_line' id='line_1_34' title="bbox 123 1681 911 1730; baseline 0.022 -22"><span class='ocrx_word' id='word_1_278' title='bbox 123 1681 191 1730; x_wconf 65' lang='grc' dir='ltr'>ἐτιὶγ</span> <span class='ocrx_word' id='word_1_279' title='bbox 211 1703 218 1709; x_wconf 98' lang='grc'>.</span> <span class='ocrx_word' id='word_1_280' title='bbox 241 1704 248 1712; x_wconf 90' lang='grc'><em>,</em></span> <span class='ocrx_word' id='word_1_281' title='bbox 270 1704 277 1711; x_wconf 91' lang='grc'>.</span> <span class='ocrx_word' id='word_1_282' title='bbox 298 1685 345 1711; x_wconf 78' lang='grc' dir='ltr'>καὶ</span> <span class='ocrx_word' id='word_1_283' title='bbox 362 1686 430 1723; x_wconf 78' lang='grc' dir='ltr'>πρὸς</span> <span class='ocrx_word' id='word_1_284' title='bbox 450 1688 498 1724; x_wconf 85' lang='grc' dir='ltr'>τὴν</span> <span class='ocrx_word' id='word_1_285' title='bbox 511 1689 540 1721; x_wconf 76' lang='grc' dir='ltr'><strong>ἐξ</strong></span> <span class='ocrx_word' id='word_1_286' title='bbox 556 1691 639 1719; x_wconf 74' lang='grc' dir='ltr'>ἐθνῶν</span> <span class='ocrx_word' id='word_1_287' title='bbox 662 1681 826 1730; x_wconf 62' lang='grc' dir='ltr'>Ἐκκλησίαν</span> <span class='ocrx_word' id='word_1_288' title='bbox 843 1681 911 1724; x_wconf 60' lang='grc' dir='ltr'><strong>ἀίίτοΣ</strong></span> 
     </span>
    </p>
   </div>
   <div class='ocr_carea' id='block_1_35' title="bbox 121 1727 911 1776">
    <p class='ocr_par' dir='ltr' id='par_1_35' title="bbox 121 1727 911 1776">
     <span class='ocr_line' id='line_1_35' title="bbox 121 1727 911 1776; baseline 0.023 -23"><span class='ocrx_word' id='word_1_289' title='bbox 121 1727 240 1755; x_wconf 81' lang='grc' dir='ltr'>τείνεται</span> <span class='ocrx_word' id='word_1_290' title='bbox 251 1738 258 1745; x_wconf 82' lang='grc'><em>’</em></span> <span class='ocrx_word' id='word_1_291' title='bbox 274 1739 328 1767; x_wconf 85' lang='grc' dir='ltr'><strong>προ</strong></span> <span class='ocrx_word' id='word_1_292' title='bbox 348 1751 355 1758; x_wconf 97' lang='grc'><em>.</em></span> <span class='ocrx_word' id='word_1_293' title='bbox 397 1752 404 1759; x_wconf 95' lang='grc'><em>.</em></span> <span class='ocrx_word' id='word_1_294' title='bbox 442 1752 450 1760; x_wconf 94' lang='grc'><em>.</em></span> <span class='ocrx_word' id='word_1_295' title='bbox 477 1743 536 1767; x_wconf 89' lang='grc' dir='ltr'>ενος</span> <span class='ocrx_word' id='word_1_296' title='bbox 552 1737 619 1772; x_wconf 79' lang='grc' dir='ltr'>αὐτῇ</span> <span class='ocrx_word' id='word_1_297' title='bbox 637 1737 687 1773; x_wconf 85' lang='grc' dir='ltr'>τὴν</span> <span class='ocrx_word' id='word_1_298' title='bbox 703 1740 798 1776; x_wconf 87' lang='grc' dir='ltr'>κλῆσιν</span> <span class='ocrx_word' id='word_1_299' title='bbox 811 1742 865 1769; x_wconf 86' lang='grc' dir='ltr'>τῶν</span> <span class='ocrx_word' id='word_1_300' title='bbox 877 1743 911 1770; x_wconf 87' lang='grc' dir='ltr'>δι’</span> 
     </span>
    </p>
   </div>
   <div class='ocr_carea' id='block_1_36' title="bbox 121 1774 911 1824">
    <p class='ocr_par' dir='ltr' id='par_1_36' title="bbox 121 1774 911 1824">
     <span class='ocr_line' id='line_1_36' title="bbox 121 1774 911 1824; baseline 0.023 -25"><span class='ocrx_word' id='word_1_301' title='bbox 121 1774 205 1824; x_wconf 69' lang='grc' dir='ltr'>αὐτοῦ</span> <span class='ocrx_word' id='word_1_302' title='bbox 221 1775 363 1813; x_wconf 84' lang='grc' dir='ltr'>σωθησομέ</span> <span class='ocrx_word' id='word_1_303' title='bbox 401 1798 408 1805; x_wconf 91' lang='grc'>.</span> <span class='ocrx_word' id='word_1_304' title='bbox 448 1799 456 1807; x_wconf 93' lang='grc'><strong>.</strong></span> <span class='ocrx_word' id='word_1_305' title='bbox 494 1800 502 1807; x_wconf 94' lang='grc'><strong>.</strong></span> <span class='ocrx_word' id='word_1_306' title='bbox 542 1801 550 1808; x_wconf 89' lang='grc'><strong>.</strong></span> <span class='ocrx_word' id='word_1_307' title='bbox 588 1802 596 1809; x_wconf 91' lang='grc'><em>.</em></span> <span class='ocrx_word' id='word_1_308' title='bbox 627 1783 672 1810; x_wconf 84' lang='grc' dir='ltr'><strong>ὑπ’</strong></span> <span class='ocrx_word' id='word_1_309' title='bbox 687 1774 769 1814; x_wconf 81' lang='grc' dir='ltr'><strong>αὐτοῦ</strong></span> <span class='ocrx_word' id='word_1_310' title='bbox 784 1787 911 1824; x_wconf 84' lang='grc' dir='ltr'>βασιλευ-</span> 
     </span>
    </p>
   </div>
   <div class='ocr_carea' id='block_1_37' title="bbox 121 1819 415 1859">
    <p class='ocr_par' dir='ltr' id='par_1_37' title="bbox 121 1819 415 1859">
     <span class='ocr_line' id='line_1_37' title="bbox 121 1819 415 1859; baseline 0.017 -13"><span class='ocrx_word' id='word_1_311' title='bbox 121 1819 279 1856; x_wconf 79' lang='grc' dir='ltr'>θησομένων</span> <span class='ocrx_word' id='word_1_312' title='bbox 295 1823 324 1849; x_wconf 82' lang='grc' dir='ltr'>ἐν</span> <span class='ocrx_word' id='word_1_313' title='bbox 336 1824 415 1859; x_wconf 81' lang='grc' dir='ltr'>αὐτῇ.</span> 
     </span>
    </p>
   </div>
   <div class='ocr_carea' id='block_1_38' title="bbox 374 1870 653 1902">
    <p class='ocr_par' dir='ltr' id='par_1_38' title="bbox 374 1870 653 1902">
     <span class='ocr_line' id='line_1_38' title="bbox 374 1870 653 1902; baseline 0.018 -6"><span class='ocrx_word' id='word_1_314' title='bbox 374 1870 571 1900; x_wconf 79' lang='grc' dir='ltr'><strong>ΚΕΦΑΛΑΙΟΝ</strong></span> <span class='ocrx_word' id='word_1_315' title='bbox 590 1874 653 1902; x_wconf 83' lang='grc' dir='ltr'><strong>ΚΓ¹.</strong></span> 
     </span>
    </p>
   </div>
   <div class='ocr_carea' id='block_1_39' title="bbox 390 1916 643 1948">
    <p class='ocr_par' dir='ltr' id='par_1_39' title="bbox 390 1916 643 1948">
     <span class='ocr_line' id='line_1_39' title="bbox 390 1916 643 1948; baseline 0.024 -6"><span class='ocrx_word' id='word_1_316' title='bbox 390 1916 456 1943; x_wconf 82' lang='grc' dir='ltr'><strong>Ἀπὸ</strong></span> <span class='ocrx_word' id='word_1_317' title='bbox 472 1918 525 1945; x_wconf 85' lang='grc' dir='ltr'>τοῦ</span> <span class='ocrx_word' id='word_1_318' title='bbox 540 1920 643 1948; x_wconf 80' lang='grc' dir='ltr'>αὑτοῦ.</span> 
     </span>
    </p>
   </div>
   <div class='ocr_carea' id='block_1_40' title="bbox 159 1969 910 2020">
    <p class='ocr_par' dir='ltr' id='par_1_40' title="bbox 159 1969 910 2020">
     <span class='ocr_line' id='line_1_40' title="bbox 159 1969 910 2020; baseline 0.024 -25"><span class='ocrx_word' id='word_1_319' title='bbox 159 1969 240 2020; x_wconf 72' lang='grc' dir='ltr'><strong>«καὶ</strong></span> <span class='ocrx_word' id='word_1_320' title='bbox 276 1990 377 2020; x_wconf 34' lang='grc'><strong>.“.“.</strong></span> <span class='ocrx_word' id='word_1_321' title='bbox 416 1993 425 2000; x_wconf 90' lang='grc'><strong>.</strong></span> <span class='ocrx_word' id='word_1_322' title='bbox 456 1995 470 2020; x_wconf 25' lang='grc'><strong>⁵.</strong></span> <span class='ocrx_word' id='word_1_323' title='bbox 510 1996 517 2003; x_wconf 94' lang='grc'><strong>.</strong></span> <span class='ocrx_word' id='word_1_324' title='bbox 557 1997 564 2004; x_wconf 92' lang='grc'>.</span> <span class='ocrx_word' id='word_1_325' title='bbox 601 1978 910 2020; x_wconf 80' lang='grc' dir='ltr'>τὺνἸησοῠντὺνίερὲα</span> 
     </span>
    </p>
   </div>
   <div class='ocr_carea' id='block_1_41' title="bbox 121 2013 908 2064">
    <p class='ocr_par' dir='ltr' id='par_1_41' title="bbox 121 2013 908 2064">
     <span class='ocr_line' id='line_1_41' title="bbox 121 2013 908 2064; baseline 0.023 -24"><span class='ocrx_word' id='word_1_326' title='bbox 121 2013 280 2064; x_wconf 42' lang='lat' dir='ltr'><strong>fota-penu,</strong></span> <span class='ocrx_word' id='word_1_327' title='bbox 294 2017 399 2045; x_wconf 79' lang='grc' dir='ltr'>ἑστῶτα</span> <span class='ocrx_word' id='word_1_328' title='bbox 415 2018 468 2056; x_wconf 80' lang='grc' dir='ltr'><strong>πρὸ</strong></span> <span class='ocrx_word' id='word_1_329' title='bbox 486 2030 580 2058; x_wconf 84' lang='grc' dir='ltr'>προσω</span> <span class='ocrx_word' id='word_1_330' title='bbox 600 2044 607 2050; x_wconf 91' lang='grc'>.</span> <span class='ocrx_word' id='word_1_331' title='bbox 634 2045 640 2052; x_wconf 96' lang='grc'><em>.</em></span> <span class='ocrx_word' id='word_1_332' title='bbox 661 2013 707 2053; x_wconf 63' lang='grc' dir='ltr'>τοί]</span> <span class='ocrx_word' id='word_1_333' title='bbox 730 2028 843 2064; x_wconf 77' lang='grc' dir='ltr'>Κυρίου,</span> <span class='ocrx_word' id='word_1_334' title='bbox 860 2013 908 2058; x_wconf 56' lang='grc' dir='ltr'>καὶ</span> 
     </span>
    </p>
   </div>
   <div class='ocr_carea' id='block_1_42' title="bbox 121 2058 906 2103">
    <p class='ocr_par' dir='ltr' id='par_1_42' title="bbox 121 2058 906 2103">
     <span class='ocr_line' id='line_1_42' title="bbox 121 2058 906 2103; baseline 0.024 -19"><span class='ocrx_word' id='word_1_335' title='bbox 121 2058 244 2092; x_wconf 76' lang='grc' dir='ltr'>διάϐολος</span> <span class='ocrx_word' id='word_1_336' title='bbox 259 2061 368 2098; x_wconf 78' lang='grc' dir='ltr'>ἑστήκει</span> <span class='ocrx_word' id='word_1_337' title='bbox 382 2064 414 2090; x_wconf 85' lang='grc' dir='ltr'>ὲκ</span> <span class='ocrx_word' id='word_1_338' title='bbox 427 2065 520 2098; x_wconf 79' lang='grc' dir='ltr'>δεξιῶν</span> <span class='ocrx_word' id='word_1_339' title='bbox 541 2068 633 2102; x_wconf 83' lang='grc' dir='ltr'>αὐτοῦ,</span> <span class='ocrx_word' id='word_1_340' title='bbox 652 2070 699 2097; x_wconf 83' lang='grc' dir='ltr'>τοῦ</span> <span class='ocrx_word' id='word_1_341' title='bbox 716 2058 819 2100; x_wconf 72' lang='grc' dir='ltr'>ἀντικει</span> <span class='ocrx_word' id='word_1_342' title='bbox 839 2095 847 2101; x_wconf 91' lang='grc'>.</span> <span class='ocrx_word' id='word_1_343' title='bbox 869 2095 876 2103; x_wconf 90' lang='grc'><strong><em>.</em></strong></span> <span class='ocrx_word' id='word_1_344' title='bbox 898 2095 906 2103; x_wconf 92' lang='grc'><strong>.</strong></span> 
     </span>
    </p>
   </div>
   <div class='ocr_carea' id='block_1_43' title="bbox 120 2103 908 2157">
    <p class='ocr_par' dir='ltr' id='par_1_43' title="bbox 120 2103 908 2157">
     <span class='ocr_line' id='line_1_43' title="bbox 120 2103 908 2157; baseline 0.023 -28"><span class='ocrx_word' id='word_1_345' title='bbox 120 2103 204 2157; x_wconf 51' lang='grc' dir='ltr'>αυτῷ.</span> <span class='ocrx_word' id='word_1_346' title='bbox 220 2114 229 2131; x_wconf 73' lang='grc' dir='ltr'><strong><em>ι</em></strong></span> <span class='ocrx_word' id='word_1_347' title='bbox 246 2106 294 2133; x_wconf 76' lang='grc' dir='ltr'><strong>καὶ</strong></span> <span class='ocrx_word' id='word_1_348' title='bbox 311 2107 368 2142; x_wconf 84' lang='grc' dir='ltr'>μετ’</span> <span class='ocrx_word' id='word_1_349' title='bbox 379 2108 455 2143; x_wconf 82' lang='grc' dir='ltr'>ὀλίγα</span> <span class='ocrx_word' id='word_1_350' title='bbox 466 2118 473 2125; x_wconf 91' lang='grc'>·</span> <span class='ocrx_word' id='word_1_351' title='bbox 491 2120 500 2136; x_wconf 77' lang='grc' dir='ltr'><strong>ι</strong></span> <span class='ocrx_word' id='word_1_352' title='bbox 516 2112 570 2139; x_wconf 83' lang='grc' dir='ltr'><strong>Καὶ</strong></span> <span class='ocrx_word' id='word_1_353' title='bbox 584 2111 660 2141; x_wconf 77' lang='grc' dir='ltr'>εἶπεν</span> <span class='ocrx_word' id='word_1_354' title='bbox 673 2116 741 2152; x_wconf 84' lang='grc' dir='ltr'>πρὸς</span> <span class='ocrx_word' id='word_1_355' title='bbox 752 2118 814 2150; x_wconf 83' lang='grc' dir='ltr'>τοὺς</span> <span class='ocrx_word' id='word_1_356' title='bbox 829 2119 908 2157; x_wconf 81' lang='grc' dir='ltr'>ἐστη-</span> 
     </span>
    </p>
   </div>
   <div class='ocr_carea' id='block_1_44' title="bbox 118 2149 907 2198">
    <p class='ocr_par' dir='ltr' id='par_1_44' title="bbox 118 2149 907 2198">
     <span class='ocr_line' id='line_1_44' title="bbox 118 2149 907 2198; baseline 0.024 -23"><span class='ocrx_word' id='word_1_357' title='bbox 118 2149 201 2182; x_wconf 79' lang='grc' dir='ltr'>κότας</span> <span class='ocrx_word' id='word_1_358' title='bbox 217 2151 269 2198; x_wconf 80' lang='grc' dir='ltr'><strong>πρὸ</strong></span> <span class='ocrx_word' id='word_1_359' title='bbox 285 2152 335 2187; x_wconf 86' lang='grc' dir='ltr'><strong>τῆς</strong></span> <span class='ocrx_word' id='word_1_360' title='bbox 354 2174 361 2181; x_wconf 90' lang='grc'>.</span> <span class='ocrx_word' id='word_1_361' title='bbox 383 2174 390 2182; x_wconf 94' lang='grc'><strong><em>.</em></strong></span> <span class='ocrx_word' id='word_1_362' title='bbox 412 2175 419 2183; x_wconf 94' lang='grc'><strong>.</strong></span> <span class='ocrx_word' id='word_1_363' title='bbox 438 2156 486 2182; x_wconf 80' lang='grc' dir='ltr'>τοῦ</span> <span class='ocrx_word' id='word_1_364' title='bbox 507 2158 599 2191; x_wconf 79' lang='grc' dir='ltr'>αὐτοῦ,</span> <span class='ocrx_word' id='word_1_365' title='bbox 614 2149 717 2195; x_wconf 69' lang='grc' dir='ltr'><strong>λέγων⁸</strong></span> <span class='ocrx_word' id='word_1_366' title='bbox 735 2149 858 2198; x_wconf 82' lang='grc' dir='ltr'>’Δφέλετε</span> <span class='ocrx_word' id='word_1_367' title='bbox 873 2149 907 2194; x_wconf 62' lang='grc' dir='ltr'><strong>τά</strong></span> 
     </span>
    </p>
   </div>
   <div class='ocr_carea' id='block_1_45' title="bbox 118 2196 905 2247">
    <p class='ocr_par' dir='ltr' id='par_1_45' title="bbox 118 2196 905 2247">
     <span class='ocr_line' id='line_1_45' title="bbox 118 2196 905 2247; baseline 0.022 -26"><span class='ocrx_word' id='word_1_368' title='bbox 118 2196 214 2230; x_wconf 73' lang='grc' dir='ltr'>ἱμάτια</span> <span class='ocrx_word' id='word_1_369' title='bbox 230 2197 264 2223; x_wconf 82' lang='grc' dir='ltr'><strong>τὰ</strong></span> <span class='ocrx_word' id='word_1_370' title='bbox 277 2199 384 2234; x_wconf 74' lang='grc' dir='ltr'>ῥυπαρὰ</span> <span class='ocrx_word' id='word_1_371' title='bbox 397 2201 444 2227; x_wconf 68' lang='grc' dir='ltr'><strong>ἀπ’</strong></span> <span class='ocrx_word' id='word_1_372' title='bbox 458 2202 539 2230; x_wconf 81' lang='grc' dir='ltr'>αὑτοῦ</span> <span class='ocrx_word' id='word_1_373' title='bbox 552 2212 558 2218; x_wconf 90' lang='grc'>·</span> <span class='ocrx_word' id='word_1_374' title='bbox 572 2206 618 2231; x_wconf 77' lang='grc' dir='ltr'>καὶ</span> <span class='ocrx_word' id='word_1_375' title='bbox 630 2204 707 2233; x_wconf 71' lang='grc' dir='ltr'>εἶπεν</span> <span class='ocrx_word' id='word_1_376' title='bbox 719 2216 726 2223; x_wconf 89' lang='grc'>·</span> <span class='ocrx_word' id='word_1_377' title='bbox 744 2196 818 2242; x_wconf 65' lang='grc' dir='ltr'><strong>Ἰδοὺ,</strong></span> <span class='ocrx_word' id='word_1_378' title='bbox 834 2210 905 2247; x_wconf 77' lang='grc' dir='ltr'><strong>ἀφῄ-</strong></span> 
     </span>
    </p>
   </div>
   <div class='ocr_carea' id='block_1_46' title="bbox 119 2241 902 2292">
    <p class='ocr_par' dir='ltr' id='par_1_46' title="bbox 119 2241 902 2292">
     <span class='ocr_line' id='line_1_46' title="bbox 119 2241 902 2292; baseline 0.022 -26"><span class='ocrx_word' id='word_1_379' title='bbox 119 2241 257 2292; x_wconf 29' lang='grc' dir='ltr'>ρηκαλτὰξ</span> <span class='ocrx_word' id='word_1_380' title='bbox 270 2243 383 2278; x_wconf 80' lang='grc' dir='ltr'>ἀνομίας</span> <span class='ocrx_word' id='word_1_381' title='bbox 399 2255 455 2278; x_wconf 80' lang='grc' dir='ltr'>σου,</span> <span class='ocrx_word' id='word_1_382' title='bbox 484 2249 530 2275; x_wconf 73' lang='grc' dir='ltr'>καὶ</span> <span class='ocrx_word' id='word_1_383' title='bbox 546 2250 683 2279; x_wconf 76' lang='grc' dir='ltr'>ἐνδύσατε.</span> <span class='ocrx_word' id='word_1_384' title='bbox 705 2272 713 2280; x_wconf 92' lang='grc'><strong>.</strong></span> <span class='ocrx_word' id='word_1_385' title='bbox 734 2273 742 2280; x_wconf 96' lang='grc'>.</span> <span class='ocrx_word' id='word_1_386' title='bbox 764 2274 771 2281; x_wconf 93' lang='grc'>.</span> 
     </span>
    </p>
   </div>
   <div class='ocr_carea' id='block_1_47' title="bbox 118 2286 904 2338">
    <p class='ocr_par' dir='ltr' id='par_1_47' title="bbox 118 2286 904 2338">
     <span class='ocr_line' id='line_1_47' title="bbox 118 2286 904 2338; baseline 0.024 -27"><span class='ocrx_word' id='word_1_387' title='bbox 118 2287 166 2336; x_wconf 48' lang='grc' dir='ltr'>καὶ</span> <span class='ocrx_word' id='word_1_388' title='bbox 187 2286 295 2338; x_wconf 65' lang='grc' dir='ltr'>ἐπίθετε</span> <span class='ocrx_word' id='word_1_389' title='bbox 317 2289 421 2325; x_wconf 79' lang='grc' dir='ltr'>κίδαριν</span> <span class='ocrx_word' id='word_1_390' title='bbox 442 2293 563 2329; x_wconf 76' lang='grc' dir='ltr'>καθαρὰν</span> <span class='ocrx_word' id='word_1_391' title='bbox 583 2297 629 2324; x_wconf 77' lang='grc' dir='ltr'><strong>ἐπὶ</strong></span> <span class='ocrx_word' id='word_1_392' title='bbox 643 2298 693 2334; x_wconf 86' lang='grc' dir='ltr'>τὴν</span> <span class='ocrx_word' id='word_1_393' title='bbox 718 2286 904 2338; x_wconf 76' lang='grc' dir='ltr'>κεφαλὴν</span> 
     </span>
    </p>
   </div>
   <div class='ocr_carea' id='block_1_48' title="bbox 116 2330 902 2381">
    <p class='ocr_par' dir='ltr' id='par_1_48' title="bbox 116 2330 902 2381">
     <span class='ocr_line' id='line_1_48' title="bbox 116 2330 902 2381; baseline 0.024 -25"><span class='ocrx_word' id='word_1_394' title='bbox 116 2330 176 2357; x_wconf 86' lang='grc' dir='ltr'>τοῦ.</span> <span class='ocrx_word' id='word_1_395' title='bbox 196 2340 206 2357; x_wconf 87' lang='grc'><strong>›</strong></span> <span class='ocrx_word' id='word_1_396' title='bbox 224 2331 280 2358; x_wconf 84' lang='grc' dir='ltr'><strong>Καὶ</strong></span> <span class='ocrx_word' id='word_1_397' title='bbox 303 2333 385 2360; x_wconf 86' lang='grc' dir='ltr'>πάλιν</span> <span class='ocrx_word' id='word_1_398' title='bbox 404 2338 463 2370; x_wconf 79' lang='grc' dir='ltr'>μετ’</span> <span class='ocrx_word' id='word_1_399' title='bbox 478 2338 555 2373; x_wconf 81' lang='grc' dir='ltr'>ὀλίγα</span> <span class='ocrx_word' id='word_1_400' title='bbox 569 2330 693 2370; x_wconf 79' lang='grc' dir='ltr'>λέλεκται</span> <span class='ocrx_word' id='word_1_401' title='bbox 714 2330 783 2381; x_wconf 58' lang='grc' dir='ltr'>πρός</span> <span class='ocrx_word' id='word_1_402' title='bbox 803 2330 883 2374; x_wconf 59' lang='grc' dir='ltr'>αὐτόν</span> <span class='ocrx_word' id='word_1_403' title='bbox 895 2356 902 2363; x_wconf 92' lang='grc'><strong>·</strong></span> 
     </span>
    </p>
   </div>
   <div class='ocr_carea' id='block_1_49' title="bbox 120 2376 905 2428">
    <p class='ocr_par' dir='ltr' id='par_1_49' title="bbox 120 2376 905 2428">
     <span class='ocr_line' id='line_1_49' title="bbox 120 2376 905 2428; baseline 0.025 -27"><span class='ocrx_word' id='word_1_404' title='bbox 120 2385 130 2401; x_wconf 72' lang='grc' dir='ltr'><strong>ι</strong></span> <span class='ocrx_word' id='word_1_405' title='bbox 150 2376 250 2428; x_wconf 63' lang='grc' dir='ltr'>Ἄκουε</span> <span class='ocrx_word' id='word_1_406' title='bbox 315 2398 322 2405; x_wconf 93' lang='grc'><strong>.</strong></span> <span class='ocrx_word' id='word_1_407' title='bbox 344 2399 351 2405; x_wconf 95' lang='grc'>.</span> <span class='ocrx_word' id='word_1_408' title='bbox 374 2399 380 2406; x_wconf 90' lang='grc'><strong>.</strong></span> <span class='ocrx_word' id='word_1_409' title='bbox 402 2399 409 2407; x_wconf 92' lang='grc'>.</span> <span class='ocrx_word' id='word_1_410' title='bbox 431 2383 493 2428; x_wconf 75' lang='grc' dir='ltr'>ρεὺς</span> <span class='ocrx_word' id='word_1_411' title='bbox 508 2384 522 2410; x_wconf 81' lang='grc' dir='ltr'>ὁ</span> <span class='ocrx_word' id='word_1_412' title='bbox 535 2386 630 2420; x_wconf 80' lang='grc' dir='ltr'><strong>μέγας,</strong></span> <span class='ocrx_word' id='word_1_413' title='bbox 646 2390 677 2416; x_wconf 87' lang='grc' dir='ltr'>σὺ</span> <span class='ocrx_word' id='word_1_414' title='bbox 692 2376 742 2416; x_wconf 62' lang='grc' dir='ltr'><strong>καί</strong></span> <span class='ocrx_word' id='word_1_415' title='bbox 753 2376 778 2418; x_wconf 75' lang='lat' dir='ltr'><strong>oi</strong></span> <span class='ocrx_word' id='word_1_416' title='bbox 792 2393 905 2428; x_wconf 87' lang='grc' dir='ltr'>πλησίον</span> 
     </span>
    </p>
   </div>
   <div class='ocr_carea' id='block_1_50' title="bbox 118 2423 906 2476">
    <p class='ocr_par' dir='ltr' id='par_1_50' title="bbox 118 2423 906 2476">
     <span class='ocr_line' id='line_1_50' title="bbox 118 2423 906 2476; baseline 0.028 -30"><span class='ocrx_word' id='word_1_417' title='bbox 118 2429 166 2448; x_wconf 83' lang='grc' dir='ltr'><strong>σου</strong></span> <span class='ocrx_word' id='word_1_418' title='bbox 181 2423 206 2448; x_wconf 89' lang='grc' dir='ltr'><strong>οί</strong></span> <span class='ocrx_word' id='word_1_419' title='bbox 229 2423 379 2476; x_wconf 67' lang='grc' dir='ltr'>καθήμενοι</span> <span class='ocrx_word' id='word_1_420' title='bbox 400 2427 454 2462; x_wconf 84' lang='grc' dir='ltr'><strong>πρὸ</strong></span> <span class='ocrx_word' id='word_1_421' title='bbox 469 2431 614 2464; x_wconf 83' lang='grc' dir='ltr'>προσώπου</span> <span class='ocrx_word' id='word_1_422' title='bbox 638 2443 702 2461; x_wconf 87' lang='grc' dir='ltr'>σου·</span> <span class='ocrx_word' id='word_1_423' title='bbox 723 2437 790 2464; x_wconf 87' lang='grc' dir='ltr'>διότι</span> <span class='ocrx_word' id='word_1_424' title='bbox 810 2423 906 2476; x_wconf 72' lang='grc' dir='ltr'>ἄνδρες</span> 
     </span>
    </p>
   </div>
   <div class='ocr_carea' id='block_1_51' title="bbox 116 2468 902 2515">
    <p class='ocr_par' dir='ltr' id='par_1_51' title="bbox 116 2468 902 2515">
     <span class='ocr_line' id='line_1_51' title="bbox 116 2468 902 2515; baseline 0.028 -24"><span class='ocrx_word' id='word_1_425' title='bbox 116 2468 314 2515; x_wconf 71' lang='grc' dir='ltr'>τερατοσκόποι</span> <span class='ocrx_word' id='word_1_426' title='bbox 330 2471 394 2504; x_wconf 73' lang='grc' dir='ltr'>εἰσὶ,</span> <span class='ocrx_word' id='word_1_427' title='bbox 410 2472 488 2506; x_wconf 86' lang='grc' dir='ltr'>διότι,</span> <span class='ocrx_word' id='word_1_428' title='bbox 512 2475 576 2508; x_wconf 83' lang='grc' dir='ltr'>ίδοὺ,</span> <span class='ocrx_word' id='word_1_429' title='bbox 594 2478 649 2512; x_wconf 80' lang='grc' dir='ltr'><strong>ἐγὼ</strong></span> <span class='ocrx_word' id='word_1_430' title='bbox 670 2480 729 2515; x_wconf 77' lang='grc' dir='ltr'>ἄγω</span> <span class='ocrx_word' id='word_1_431' title='bbox 747 2482 793 2509; x_wconf 85' lang='grc' dir='ltr'>τὸν</span> <span class='ocrx_word' id='word_1_432' title='bbox 809 2468 902 2513; x_wconf 70' lang='grc' dir='ltr'>δοῦλόν</span> 
     </span>
    </p>
   </div>
   <div class='ocr_carea' id='block_1_52' title="bbox 119 2512 902 2566">
    <p class='ocr_par' dir='ltr' id='par_1_52' title="bbox 119 2512 902 2566">
     <span class='ocr_line' id='line_1_52' title="bbox 119 2512 902 2566; baseline 0.028 -29"><span class='ocrx_word' id='word_1_433' title='bbox 119 2520 172 2547; x_wconf 87' lang='grc' dir='ltr'><strong>μου</strong></span> <span class='ocrx_word' id='word_1_434' title='bbox 191 2512 343 2566; x_wconf 42' lang='grc' dir='ltr'>Ἀνατολήν.</span> <span class='ocrx_word' id='word_1_435' title='bbox 361 2526 370 2543; x_wconf 71' lang='grc' dir='ltr'><strong>ι</strong></span> <span class='ocrx_word' id='word_1_436' title='bbox 388 2518 444 2545; x_wconf 82' lang='grc' dir='ltr'>Καὶ</span> <span class='ocrx_word' id='word_1_437' title='bbox 455 2518 533 2552; x_wconf 84' lang='grc' dir='ltr'>αὖθις</span> <span class='ocrx_word' id='word_1_438' title='bbox 554 2523 614 2557; x_wconf 85' lang='grc' dir='ltr'>μεθ’</span> <span class='ocrx_word' id='word_1_439' title='bbox 629 2512 727 2561; x_wconf 67' lang='grc' dir='ltr'>ἕτερα·</span> <span class='ocrx_word' id='word_1_440' title='bbox 750 2537 760 2554; x_wconf 75' lang='grc' dir='ltr'><strong>σ</strong></span> <span class='ocrx_word' id='word_1_441' title='bbox 773 2529 828 2556; x_wconf 79' lang='grc' dir='ltr'><strong>Καὶ</strong></span> <span class='ocrx_word' id='word_1_442' title='bbox 842 2512 902 2566; x_wconf 43' lang='grc' dir='ltr'>ὲγέξ</span> 
     </span>
    </p>
   </div>
   <div class='ocr_carea' id='block_1_53' title="bbox 116 2556 903 2612">
    <p class='ocr_par' dir='ltr' id='par_1_53' title="bbox 116 2556 903 2612">
     <span class='ocr_line' id='line_1_53' title="bbox 116 2556 903 2612; baseline 0.028 -30"><span class='ocrx_word' id='word_1_443' title='bbox 116 2564 179 2612; x_wconf 51' lang='lat' dir='ltr'><strong>vero</strong></span> <span class='ocrx_word' id='word_1_444' title='bbox 195 2556 272 2612; x_wconf 51' lang='grc' dir='ltr'>λόγοῗ</span> <span class='ocrx_word' id='word_1_445' title='bbox 284 2560 387 2597; x_wconf 85' lang='grc' dir='ltr'>Κυρίου</span> <span class='ocrx_word' id='word_1_446' title='bbox 408 2563 477 2599; x_wconf 75' lang='grc' dir='ltr'>πρὸς</span> <span class='ocrx_word' id='word_1_447' title='bbox 493 2565 537 2600; x_wconf 82' lang='grc' dir='ltr'><strong>μὲ,</strong></span> <span class='ocrx_word' id='word_1_448' title='bbox 554 2567 650 2602; x_wconf 78' lang='grc' dir='ltr'><strong>λέγων⁸</strong></span> <span class='ocrx_word' id='word_1_449' title='bbox 666 2556 739 2598; x_wconf 73' lang='grc' dir='ltr'><strong>Ᾰάῦε</strong></span> <span class='ocrx_word' id='word_1_450' title='bbox 760 2574 793 2600; x_wconf 84' lang='grc' dir='ltr'><strong>τὰ</strong></span> <span class='ocrx_word' id='word_1_451' title='bbox 809 2575 841 2602; x_wconf 80' lang='grc' dir='ltr'>ἐκ</span> <span class='ocrx_word' id='word_1_452' title='bbox 853 2556 903 2612; x_wconf 54' lang='grc' dir='ltr'><strong>τῆς</strong></span> 
     </span>
    </p>
   </div>
   <div class='ocr_carea' id='block_1_54' title="bbox 116 2602 902 2656">
    <p class='ocr_par' dir='ltr' id='par_1_54' title="bbox 116 2602 902 2656">
     <span class='ocr_line' id='line_1_54' title="bbox 116 2602 902 2656; baseline 0.029 -29"><span class='ocrx_word' id='word_1_453' title='bbox 116 2602 305 2656; x_wconf 55' lang='grc' dir='ltr'>αίχμαλωρίας</span> <span class='ocrx_word' id='word_1_454' title='bbox 323 2609 399 2643; x_wconf 76' lang='grc' dir='ltr'>παρὰ</span> <span class='ocrx_word' id='word_1_455' title='bbox 414 2609 469 2637; x_wconf 84' lang='grc' dir='ltr'><strong>τῶν</strong></span> <span class='ocrx_word' id='word_1_456' title='bbox 485 2611 631 2648; x_wconf 82' lang='grc' dir='ltr'>ἀρχόντων.</span> <span class='ocrx_word' id='word_1_457' title='bbox 647 2625 657 2642; x_wconf 82' lang='grc'><strong>›</strong></span> <span class='ocrx_word' id='word_1_458' title='bbox 676 2617 731 2645; x_wconf 75' lang='grc' dir='ltr'><strong>Καὶ</strong></span> <span class='ocrx_word' id='word_1_459' title='bbox 748 2620 818 2654; x_wconf 76' lang='grc' dir='ltr'>μετὰ</span> <span class='ocrx_word' id='word_1_460' title='bbox 834 2602 902 2656; x_wconf 48' lang='grc' dir='ltr'>βράζ</span> 
     </span>
    </p>
   </div>
   <div class='ocr_carea' id='block_1_55' title="bbox 117 2647 899 2703">
    <p class='ocr_par' dir='ltr' id='par_1_55' title="bbox 117 2647 899 2703">
     <span class='ocr_line' id='line_1_55' title="bbox 117 2647 899 2703; baseline 0.029 -30"><span class='ocrx_word' id='word_1_461' title='bbox 117 2647 187 2703; x_wconf 48' lang='grc' dir='ltr'>χέιιζ</span> <span class='ocrx_word' id='word_1_462' title='bbox 204 2658 213 2675; x_wconf 80' lang='grc' dir='ltr'><strong>ι</strong></span> <span class='ocrx_word' id='word_1_463' title='bbox 226 2651 283 2703; x_wconf 46' lang='lat' dir='ltr'><strong>Ea).</strong></span> <span class='ocrx_word' id='word_1_464' title='bbox 303 2652 376 2703; x_wconf 58' lang='grc' dir='ltr'>λήιίκῃ</span> <span class='ocrx_word' id='word_1_465' title='bbox 390 2655 519 2693; x_wconf 81' lang='grc' dir='ltr'>ἀργύριον</span> <span class='ocrx_word' id='word_1_466' title='bbox 541 2660 588 2687; x_wconf 79' lang='grc' dir='ltr'>καὶ</span> <span class='ocrx_word' id='word_1_467' title='bbox 603 2663 726 2698; x_wconf 84' lang='grc' dir='ltr'>ποιήσεις</span> <span class='ocrx_word' id='word_1_468' title='bbox 742 2647 899 2703; x_wconf 57' lang='grc' dir='ltr'><strong>ἆτεφάξιὲῥξ,</strong></span> 
     </span>
    </p>
   </div>
   <div class='ocr_carea' id='block_1_56' title="bbox 116 2694 901 2744">
    <p class='ocr_par' dir='ltr' id='par_1_56' title="bbox 116 2694 901 2744">
     <span class='ocr_line' id='line_1_56' title="bbox 116 2694 901 2744; baseline 0.029 -25"><span class='ocrx_word' id='word_1_469' title='bbox 116 2694 164 2744; x_wconf 48' lang='grc' dir='ltr'>καὶ</span> <span class='ocrx_word' id='word_1_470' title='bbox 177 2695 379 2744; x_wconf 44' lang='lat' dir='ltr'><strong>emi-Mosteni.</strong></span> <span class='ocrx_word' id='word_1_471' title='bbox 393 2702 443 2738; x_wconf 80' lang='grc' dir='ltr'>τὴν</span> <span class='ocrx_word' id='word_1_472' title='bbox 457 2704 576 2741; x_wconf 82' lang='grc' dir='ltr'>κεφαλὴν</span> <span class='ocrx_word' id='word_1_473' title='bbox 598 2694 684 2744; x_wconf 84' lang='grc' dir='ltr'><strong>Ἰησοῦ</strong></span> <span class='ocrx_word' id='word_1_474' title='bbox 702 2694 759 2737; x_wconf 46' lang='grc' dir='ltr'><strong>υ-ίοῦ</strong></span> <span class='ocrx_word' id='word_1_475' title='bbox 781 2694 901 2742; x_wconf 39' lang='lat' dir='ltr'><strong>diomedes;</strong></span> 
     </span>
    </p>
   </div>
   <div class='ocr_carea' id='block_1_57' title="bbox 114 2737 900 2790">
    <p class='ocr_par' dir='ltr' id='par_1_57' title="bbox 114 2737 900 2790">
     <span class='ocr_line' id='line_1_57' title="bbox 114 2737 900 2790; baseline 0.031 -26"><span class='ocrx_word' id='word_1_476' title='bbox 114 2737 163 2765; x_wconf 82' lang='grc' dir='ltr'><strong>τοῦ</strong></span> <span class='ocrx_word' id='word_1_477' title='bbox 181 2739 276 2776; x_wconf 75' lang='grc' dir='ltr'>ἱερέως</span> <span class='ocrx_word' id='word_1_478' title='bbox 287 2743 334 2770; x_wconf 80' lang='grc' dir='ltr'>τοῦ</span> <span class='ocrx_word' id='word_1_479' title='bbox 349 2737 476 2782; x_wconf 81' lang='grc' dir='ltr'>μεγάλου,</span> <span class='ocrx_word' id='word_1_480' title='bbox 490 2737 536 2777; x_wconf 75' lang='grc' dir='ltr'>καὶ</span> <span class='ocrx_word' id='word_1_481' title='bbox 553 2737 710 2790; x_wconf 51' lang='grc' dir='ltr'>ἐρεῖς-πρὸς</span> <span class='ocrx_word' id='word_1_482' title='bbox 724 2737 820 2785; x_wconf 59' lang='grc' dir='ltr'><strong>αὐτόνἶ</strong></span> 
     </span>
    </p>
   </div>
   <div class='ocr_carea' id='block_1_58' title="bbox 979 302 1650 340">
    <p class='ocr_par' dir='ltr' id='par_1_58' title="bbox 979 302 1650 340">
     <span class='ocr_line' id='line_1_58' title="bbox 979 302 1650 340; baseline 0.012 -12"><span class='ocrx_word' id='word_1_483' title='bbox 979 302 1168 331; x_wconf 85' lang='lat' dir='ltr'><strong>universorum</strong></span> <span class='ocrx_word' id='word_1_484' title='bbox 1258 305 1445 340; x_wconf 88' lang='lat' dir='ltr'><strong>subriperetur</strong></span> <span class='ocrx_word' id='word_1_485' title='bbox 1461 306 1495 334; x_wconf 89' lang='lat' dir='ltr'><strong>de</strong></span> <span class='ocrx_word' id='word_1_486' title='bbox 1511 307 1563 335; x_wconf 90' lang='lat' dir='ltr'><strong>hoc</strong></span> <span class='ocrx_word' id='word_1_487' title='bbox 1581 308 1650 336; x_wconf 84' lang='lat' dir='ltr'><strong>loco.</strong></span> 
     </span>
    </p>
   </div>
   <div class='ocr_carea' id='block_1_59' title="bbox 1102 405 1654 445">
    <p class='ocr_par' dir='ltr' id='par_1_59' title="bbox 1102 405 1654 445">
     <span class='ocr_line' id='line_1_59' title="bbox 1102 405 1654 445; baseline 0.009 -13"><span class='ocrx_word' id='word_1_488' title='bbox 1102 405 1150 440; x_wconf 82' lang='lat' dir='ltr'><strong>(Ex</strong></span> <span class='ocrx_word' id='word_1_489' title='bbox 1168 407 1265 441; x_wconf 69' lang='lat' dir='ltr'><strong>Aggmo</strong></span> <span class='ocrx_word' id='word_1_490' title='bbox 1286 407 1353 434; x_wconf 81' lang='lat' dir='ltr'><strong>nihil</strong></span> <span class='ocrx_word' id='word_1_491' title='bbox 1375 408 1442 435; x_wconf 73' lang='lat' dir='ltr'><strong>satis</strong></span> <span class='ocrx_word' id='word_1_492' title='bbox 1459 410 1654 445; x_wconf 84' lang='lat' dir='ltr'><strong>compertum.)</strong></span> 
     </span>
    </p>
   </div>
   <div class='ocr_carea' id='block_1_60' title="bbox 1267 462 1471 492">
    <p class='ocr_par' dir='ltr' id='par_1_60' title="bbox 1267 462 1471 492">
     <span class='ocr_line' id='line_1_60' title="bbox 1267 462 1471 492; baseline 0.015 -3"><span class='ocrx_word' id='word_1_493' title='bbox 1267 462 1382 490; x_wconf 84' lang='lat' dir='ltr'><strong>CAPUT</strong></span> <span class='ocrx_word' id='word_1_494' title='bbox 1402 464 1471 492; x_wconf 85' lang='lat' dir='ltr'><strong>XXI.</strong></span> 
     </span>
    </p>
   </div>
   <div class='ocr_carea' id='block_1_61' title="bbox 1278 519 1458 547">
    <p class='ocr_par' dir='ltr' id='par_1_61' title="bbox 1278 519 1458 547">
     <span class='ocr_line' id='line_1_61' title="bbox 1278 519 1458 547; baseline 0.006 -1"><span class='ocrx_word' id='word_1_495' title='bbox 1278 519 1301 546; x_wconf 88' lang='lat' dir='ltr'><em>E</em></span> <span class='ocrx_word' id='word_1_496' title='bbox 1315 519 1458 547; x_wconf 82' lang='lat' dir='ltr'><strong>Zacharia.</strong></span> 
     </span>
    </p>
   </div>
   <div class='ocr_carea' id='block_1_62' title="bbox 1014 573 1761 614">
    <p class='ocr_par' dir='ltr' id='par_1_62' title="bbox 1014 573 1761 614">
     <span class='ocr_line' id='line_1_62' title="bbox 1014 573 1761 614; baseline 0.013 -16"><span class='ocrx_word' id='word_1_497' title='bbox 1014 581 1024 598; x_wconf 76' lang='grc' dir='ltr'><strong>ι</strong></span> <span class='ocrx_word' id='word_1_498' title='bbox 1045 573 1124 609; x_wconf 82' lang='lat' dir='ltr'><strong>(Quia</strong></span> <span class='ocrx_word' id='word_1_499' title='bbox 1145 573 1203 603; x_wconf 65' lang='lat' dir='ltr'><strong>haec</strong></span> <span class='ocrx_word' id='word_1_500' title='bbox 1227 575 1294 603; x_wconf 95' lang='lat' dir='ltr'><strong>dicit</strong></span> <span class='ocrx_word' id='word_1_501' title='bbox 1319 575 1462 607; x_wconf 86' lang='lat' dir='ltr'><strong>Dominus)</strong></span> <span class='ocrx_word' id='word_1_502' title='bbox 1486 579 1761 614; x_wconf 70' lang='lat' dir='ltr'><strong>omnipotens:Poat</strong></span> 
     </span>
    </p>
   </div>
   <div class='ocr_carea' id='block_1_63' title="bbox 977 620 1761 663">
    <p class='ocr_par' dir='ltr' id='par_1_63' title="bbox 977 620 1761 663">
     <span class='ocr_line' id='line_1_63' title="bbox 977 620 1761 663; baseline 0.014 -18"><span class='ocrx_word' id='word_1_503' title='bbox 977 620 1090 655; x_wconf 71' lang='lat' dir='ltr'><strong>gloriam</strong></span> <span class='ocrx_word' id='word_1_504' title='bbox 1119 621 1195 650; x_wconf 86' lang='lat' dir='ltr'><strong>misit</strong></span> <span class='ocrx_word' id='word_1_505' title='bbox 1220 629 1263 649; x_wconf 89' lang='lat' dir='ltr'><strong>me</strong></span> <span class='ocrx_word' id='word_1_506' title='bbox 1286 622 1318 649; x_wconf 90' lang='lat' dir='ltr'><strong>ad</strong></span> <span class='ocrx_word' id='word_1_507' title='bbox 1343 621 1450 658; x_wconf 75' lang='lat' dir='ltr'><strong>(gentes</strong></span> <span class='ocrx_word' id='word_1_508' title='bbox 1472 632 1533 659; x_wconf 67' lang='lat' dir='ltr'><strong>qua:</strong></span> <span class='ocrx_word' id='word_1_509' title='bbox 1562 625 1761 663; x_wconf 83' lang='lat' dir='ltr'><strong>spolia)verunt</strong></span> 
     </span>
    </p>
   </div>
   <div class='ocr_carea' id='block_1_64' title="bbox 976 665 1761 705">
    <p class='ocr_par' dir='ltr' id='par_1_64' title="bbox 976 665 1761 705">
     <span class='ocr_line' id='line_1_64' title="bbox 976 665 1761 705; baseline 0.011 -12"><span class='ocrx_word' id='word_1_510' title='bbox 976 673 1025 694; x_wconf 85' lang='lat' dir='ltr'><strong>vos</strong></span> <span class='ocrx_word' id='word_1_511' title='bbox 1040 666 1074 694; x_wconf 78' lang='lat'><strong>&quot;‘.</strong></span> <span class='ocrx_word' id='word_1_512' title='bbox 1098 676 1107 692; x_wconf 77' lang='grc' dir='ltr'><strong>ι</strong></span> <span class='ocrx_word' id='word_1_513' title='bbox 1127 665 1193 693; x_wconf 92' lang='lat' dir='ltr'><strong>Dein</strong></span> <span class='ocrx_word' id='word_1_514' title='bbox 1210 674 1264 694; x_wconf 92' lang='lat' dir='ltr'><strong>non</strong></span> <span class='ocrx_word' id='word_1_515' title='bbox 1280 667 1365 695; x_wconf 83' lang='lat' dir='ltr'><strong>multo</strong></span> <span class='ocrx_word' id='word_1_516' title='bbox 1384 673 1446 704; x_wconf 83' lang='lat' dir='ltr'><strong>past</strong></span> <span class='ocrx_word' id='word_1_517' title='bbox 1473 670 1568 705; x_wconf 81' lang='lat' dir='ltr'><strong>adjicit</strong></span> <span class='ocrx_word' id='word_1_518' title='bbox 1584 680 1591 699; x_wconf 87' lang='lat'><strong>:</strong></span> <span class='ocrx_word' id='word_1_519' title='bbox 1611 681 1620 697; x_wconf 76' lang='grc' dir='ltr'><strong>ε</strong></span> <span class='ocrx_word' id='word_1_520' title='bbox 1638 671 1671 699; x_wconf 86' lang='lat' dir='ltr'><strong>Et</strong></span> <span class='ocrx_word' id='word_1_521' title='bbox 1689 673 1761 702; x_wconf 85' lang='lat' dir='ltr'><strong>scies</strong></span> 
     </span>
    </p>
   </div>
   <div class='ocr_carea' id='block_1_65' title="bbox 976 711 1757 749">
    <p class='ocr_par' dir='ltr' id='par_1_65' title="bbox 976 711 1757 749">
     <span class='ocr_line' id='line_1_65' title="bbox 976 711 1757 749; baseline 0.01 -11"><span class='ocrx_word' id='word_1_522' title='bbox 976 712 1040 746; x_wconf 83' lang='lat' dir='ltr'><strong>quia</strong></span> <span class='ocrx_word' id='word_1_523' title='bbox 1059 711 1191 741; x_wconf 88' lang='lat' dir='ltr'><strong>Dominus</strong></span> <span class='ocrx_word' id='word_1_524' title='bbox 1215 713 1387 749; x_wconf 87' lang='lat' dir='ltr'><strong>omnipotens</strong></span> <span class='ocrx_word' id='word_1_525' title='bbox 1406 716 1482 743; x_wconf 86' lang='lat' dir='ltr'><strong>misit</strong></span> <span class='ocrx_word' id='word_1_526' title='bbox 1510 724 1553 744; x_wconf 87' lang='lat' dir='ltr'><strong>me</strong></span> <span class='ocrx_word' id='word_1_527' title='bbox 1579 718 1613 745; x_wconf 85' lang='lat' dir='ltr'><strong>ad</strong></span> <span class='ocrx_word' id='word_1_528' title='bbox 1639 721 1665 746; x_wconf 85' lang='lat' dir='ltr'><strong>te</strong></span> <span class='ocrx_word' id='word_1_529' title='bbox 1682 718 1716 745; x_wconf 81' lang='grc'><strong>⁸⁸.</strong></span> <span class='ocrx_word' id='word_1_530' title='bbox 1746 728 1757 746; x_wconf 75' lang='grc' dir='ltr'><strong>ι</strong></span> 
     </span>
    </p>
   </div>
   <div class='ocr_carea' id='block_1_66' title="bbox 976 758 1758 800">
    <p class='ocr_par' dir='ltr' id='par_1_66' title="bbox 976 758 1758 800">
     <span class='ocr_line' id='line_1_66' title="bbox 976 758 1758 800; baseline 0.012 -16"><span class='ocrx_word' id='word_1_531' title='bbox 976 758 1114 790; x_wconf 84' lang='lat' dir='ltr'><strong>Quidicit.</strong></span> <span class='ocrx_word' id='word_1_532' title='bbox 1137 779 1144 786; x_wconf 95' lang='lat'><strong>.</strong></span> <span class='ocrx_word' id='word_1_533' title='bbox 1166 779 1173 785; x_wconf 98' lang='lat'><strong>.</strong></span> <span class='ocrx_word' id='word_1_534' title='bbox 1196 780 1203 786; x_wconf 91' lang='lat'><strong>.</strong></span> <span class='ocrx_word' id='word_1_535' title='bbox 1227 780 1234 787; x_wconf 90' lang='lat'><strong>.</strong></span> <span class='ocrx_word' id='word_1_536' title='bbox 1257 779 1264 786; x_wconf 95' lang='lat'><strong>.</strong></span> <span class='ocrx_word' id='word_1_537' title='bbox 1287 780 1293 786; x_wconf 92' lang='lat'><strong>.</strong></span> <span class='ocrx_word' id='word_1_538' title='bbox 1316 781 1322 787; x_wconf 98' lang='lat'><strong>.</strong></span> <span class='ocrx_word' id='word_1_539' title='bbox 1345 760 1501 790; x_wconf 86' lang='lat' dir='ltr'><strong>.Dominus</strong></span> <span class='ocrx_word' id='word_1_540' title='bbox 1519 767 1560 791; x_wconf 83' lang='lat' dir='ltr'><strong>est</strong></span> <span class='ocrx_word' id='word_1_541' title='bbox 1575 764 1758 800; x_wconf 82' lang='lat' dir='ltr'><strong>omnipotens.</strong></span> 
     </span>
    </p>
   </div>
   <div class='ocr_carea' id='block_1_67' title="bbox 978 803 1759 844">
    <p class='ocr_par' dir='ltr' id='par_1_67' title="bbox 978 803 1759 844">
     <span class='ocr_line' id='line_1_67' title="bbox 978 803 1759 844; baseline 0.01 -13"><span class='ocrx_word' id='word_1_542' title='bbox 978 803 1110 832; x_wconf 70' lang='lat' dir='ltr'><strong>Similiter</strong></span> <span class='ocrx_word' id='word_1_543' title='bbox 1124 809 1150 832; x_wconf 85' lang='lat' dir='ltr'><strong>et</strong></span> <span class='ocrx_word' id='word_1_544' title='bbox 1165 806 1223 841; x_wconf 88' lang='lat' dir='ltr'><strong>qui.</strong></span> <span class='ocrx_word' id='word_1_545' title='bbox 1245 826 1252 834; x_wconf 87' lang='lat'><strong>.</strong></span> <span class='ocrx_word' id='word_1_546' title='bbox 1276 827 1283 834; x_wconf 92' lang='lat'><strong>.</strong></span> <span class='ocrx_word' id='word_1_547' title='bbox 1304 825 1312 833; x_wconf 88' lang='lat'><strong>.</strong></span> <span class='ocrx_word' id='word_1_548' title='bbox 1334 826 1341 834; x_wconf 93' lang='lat'><strong>.</strong></span> <span class='ocrx_word' id='word_1_549' title='bbox 1361 826 1369 836; x_wconf 89' lang='lat'><strong>.</strong></span> <span class='ocrx_word' id='word_1_550' title='bbox 1392 827 1400 835; x_wconf 88' lang='lat'><strong>.</strong></span> <span class='ocrx_word' id='word_1_551' title='bbox 1421 808 1495 837; x_wconf 88' lang='lat' dir='ltr'><strong>illius</strong></span> <span class='ocrx_word' id='word_1_552' title='bbox 1511 809 1557 844; x_wconf 88' lang='lat' dir='ltr'><strong>qui</strong></span> <span class='ocrx_word' id='word_1_553' title='bbox 1575 810 1692 838; x_wconf 89' lang='lat' dir='ltr'><strong>mittitur</strong></span> <span class='ocrx_word' id='word_1_554' title='bbox 1706 811 1759 839; x_wconf 89' lang='lat' dir='ltr'><strong>Do-</strong></span> 
     </span>
    </p>
   </div>
   <div class='ocr_carea' id='block_1_68' title="bbox 974 850 1759 886">
    <p class='ocr_par' dir='ltr' id='par_1_68' title="bbox 974 850 1759 886">
     <span class='ocr_line' id='line_1_68' title="bbox 974 850 1759 886; baseline 0.011 -10"><span class='ocrx_word' id='word_1_555' title='bbox 974 850 1067 878; x_wconf 84' lang='lat' dir='ltr'><strong>minus</strong></span> <span class='ocrx_word' id='word_1_556' title='bbox 1080 852 1233 886; x_wconf 86' lang='lat' dir='ltr'><strong>appellatur</strong></span> <span class='ocrx_word' id='word_1_557' title='bbox 1246 852 1330 881; x_wconf 92' lang='lat' dir='ltr'><strong>omni.</strong></span> <span class='ocrx_word' id='word_1_558' title='bbox 1346 873 1352 881; x_wconf 89' lang='lat'><strong>.</strong></span> <span class='ocrx_word' id='word_1_559' title='bbox 1377 874 1383 882; x_wconf 93' lang='lat'><strong>.</strong></span> <span class='ocrx_word' id='word_1_560' title='bbox 1407 875 1415 882; x_wconf 90' lang='lat'><strong>.</strong></span> <span class='ocrx_word' id='word_1_561' title='bbox 1438 875 1445 881; x_wconf 97' lang='lat'><strong>.</strong></span> <span class='ocrx_word' id='word_1_562' title='bbox 1469 875 1475 881; x_wconf 93' lang='lat'><strong>.</strong></span> <span class='ocrx_word' id='word_1_563' title='bbox 1498 865 1505 883; x_wconf 62' lang='grc' dir='ltr'><strong>ι</strong></span> <span class='ocrx_word' id='word_1_564' title='bbox 1528 876 1536 881; x_wconf 97' lang='grc'>.</span> <span class='ocrx_word' id='word_1_565' title='bbox 1550 855 1609 883; x_wconf 85' lang='grc' dir='ltr'><strong>Νοη</strong></span> <span class='ocrx_word' id='word_1_566' title='bbox 1623 857 1759 885; x_wconf 86' lang='lat' dir='ltr'><strong>immerito</strong></span> 
     </span>
    </p>
   </div>
   <div class='ocr_carea' id='block_1_69' title="bbox 976 896 1756 934">
    <p class='ocr_par' dir='ltr' id='par_1_69' title="bbox 976 896 1756 934">
     <span class='ocr_line' id='line_1_69' title="bbox 976 896 1756 934; baseline 0.014 -13"><span class='ocrx_word' id='word_1_567' title='bbox 976 896 1150 931; x_wconf 80' lang='lat' dir='ltr'><strong>igiturnobis</strong></span> <span class='ocrx_word' id='word_1_568' title='bbox 1165 898 1192 925; x_wconf 90' lang='lat' dir='ltr'><strong>in</strong></span> <span class='ocrx_word' id='word_1_569' title='bbox 1220 899 1254 926; x_wconf 86' lang='lat' dir='ltr'><strong>iis</strong></span> <span class='ocrx_word' id='word_1_570' title='bbox 1274 907 1334 934; x_wconf 68' lang='lat' dir='ltr'><strong>qua:</strong></span> <span class='ocrx_word' id='word_1_571' title='bbox 1349 899 1383 928; x_wconf 91' lang='lat' dir='ltr'><strong>de</strong></span> <span class='ocrx_word' id='word_1_572' title='bbox 1398 899 1478 928; x_wconf 84' lang='lat' dir='ltr'><strong>Patre</strong></span> <span class='ocrx_word' id='word_1_573' title='bbox 1492 905 1518 929; x_wconf 91' lang='lat' dir='ltr'><strong>et</strong></span> <span class='ocrx_word' id='word_1_574' title='bbox 1530 900 1608 928; x_wconf 84' lang='lat' dir='ltr'><strong>Filio.</strong></span> <span class='ocrx_word' id='word_1_575' title='bbox 1631 922 1638 930; x_wconf 90' lang='lat'><strong>.</strong></span> <span class='ocrx_word' id='word_1_576' title='bbox 1661 924 1668 930; x_wconf 89' lang='lat'><strong>.</strong></span> <span class='ocrx_word' id='word_1_577' title='bbox 1690 923 1697 931; x_wconf 91' lang='lat'><strong>.</strong></span> <span class='ocrx_word' id='word_1_578' title='bbox 1719 923 1726 931; x_wconf 93' lang='lat'><strong>.</strong></span> <span class='ocrx_word' id='word_1_579' title='bbox 1749 924 1756 931; x_wconf 91' lang='lat'><strong>.</strong></span> 
     </span>
    </p>
   </div>
   <div class='ocr_carea' id='block_1_70' title="bbox 937 934 1758 984">
    <p class='ocr_par' dir='ltr' id='par_1_70' title="bbox 937 934 1758 984">
     <span class='ocr_line' id='line_1_70' title="bbox 937 934 1758 984; baseline 0.011 -15"><span class='ocrx_word' id='word_1_580' title='bbox 937 934 959 961; x_wconf 80' lang='grc' dir='ltr'><strong>Β</strong></span> <span class='ocrx_word' id='word_1_581' title='bbox 973 943 1045 978; x_wconf 86' lang='lat' dir='ltr'><strong>quod</strong></span> <span class='ocrx_word' id='word_1_582' title='bbox 1072 943 1176 973; x_wconf 87' lang='lat' dir='ltr'><strong>dictum</strong></span> <span class='ocrx_word' id='word_1_583' title='bbox 1203 948 1254 978; x_wconf 77' lang='lat' dir='ltr'><strong>est,</strong></span> <span class='ocrx_word' id='word_1_584' title='bbox 1281 945 1346 980; x_wconf 81' lang='lat' dir='ltr'><strong>quia</strong></span> <span class='ocrx_word' id='word_1_585' title='bbox 1365 946 1499 975; x_wconf 87' lang='lat' dir='ltr'><strong>Dominus</strong></span> <span class='ocrx_word' id='word_1_586' title='bbox 1522 950 1694 984; x_wconf 86' lang='lat' dir='ltr'><strong>omnipotens</strong></span> <span class='ocrx_word' id='word_1_587' title='bbox 1709 949 1758 978; x_wconf 71' lang='lat' dir='ltr'><strong>Dei</strong></span> 
     </span>
    </p>
   </div>
   <div class='ocr_carea' id='block_1_71' title="bbox 977 991 1756 1029">
    <p class='ocr_par' dir='ltr' id='par_1_71' title="bbox 977 991 1756 1029">
     <span class='ocr_line' id='line_1_71' title="bbox 977 991 1756 1029; baseline 0.01 -13"><span class='ocrx_word' id='word_1_588' title='bbox 977 1009 984 1016; x_wconf 91' lang='lat'><strong>.</strong></span> <span class='ocrx_word' id='word_1_589' title='bbox 1006 1009 1013 1016; x_wconf 94' lang='lat'><strong>.</strong></span> <span class='ocrx_word' id='word_1_590' title='bbox 1038 1009 1044 1017; x_wconf 93' lang='lat'><strong>.</strong></span> <span class='ocrx_word' id='word_1_591' title='bbox 1067 1009 1075 1018; x_wconf 86' lang='lat'><strong>.</strong></span> <span class='ocrx_word' id='word_1_592' title='bbox 1098 1011 1105 1017; x_wconf 97' lang='lat'><strong>.</strong></span> <span class='ocrx_word' id='word_1_593' title='bbox 1128 1011 1134 1017; x_wconf 92' lang='lat'><strong>.</strong></span> <span class='ocrx_word' id='word_1_594' title='bbox 1157 1010 1165 1018; x_wconf 93' lang='lat'><strong>.</strong></span> <span class='ocrx_word' id='word_1_595' title='bbox 1185 1009 1191 1017; x_wconf 96' lang='lat'><strong>.</strong></span> <span class='ocrx_word' id='word_1_596' title='bbox 1226 991 1298 1019; x_wconf 81' lang='lat' dir='ltr'><strong>sicut</strong></span> <span class='ocrx_word' id='word_1_597' title='bbox 1320 991 1392 1020; x_wconf 87' lang='lat' dir='ltr'><strong>Deus</strong></span> <span class='ocrx_word' id='word_1_598' title='bbox 1414 1000 1462 1027; x_wconf 82' lang='lat' dir='ltr'><strong>per</strong></span> <span class='ocrx_word' id='word_1_599' title='bbox 1476 994 1623 1029; x_wconf 80' lang='lat' dir='ltr'><strong>prophetas</strong></span> <span class='ocrx_word' id='word_1_600' title='bbox 1641 995 1756 1023; x_wconf 68' lang='lat' dir='ltr'><strong>manife-</strong></span> 
     </span>
    </p>
   </div>
   <div class='ocr_carea' id='block_1_72' title="bbox 972 1036 1063 1067">
    <p class='ocr_par' dir='ltr' id='par_1_72' title="bbox 972 1036 1063 1067">
     <span class='ocr_line' id='line_1_72' title="bbox 972 1036 1063 1067; baseline 0 -5"><span class='ocrx_word' id='word_1_601' title='bbox 972 1036 1063 1067; x_wconf 77' lang='lat' dir='ltr'><strong>stavit,</strong></span> 
     </span>
    </p>
   </div>
   <div class='ocr_carea' id='block_1_73' title="bbox 1249 1085 1473 1115">
    <p class='ocr_par' dir='ltr' id='par_1_73' title="bbox 1249 1085 1473 1115">
     <span class='ocr_line' id='line_1_73' title="bbox 1249 1085 1473 1115; baseline 0.013 -3"><span class='ocrx_word' id='word_1_602' title='bbox 1249 1085 1365 1114; x_wconf 81' lang='lat' dir='ltr'><strong>CAPUT</strong></span> <span class='ocrx_word' id='word_1_603' title='bbox 1390 1086 1473 1115; x_wconf 78' lang='lat' dir='ltr'><strong>XX&quot;.</strong></span> 
     </span>
    </p>
   </div>
   <div class='ocr_carea' id='block_1_74' title="bbox 1287 1131 1441 1161">
    <p class='ocr_par' dir='ltr' id='par_1_74' title="bbox 1287 1131 1441 1161">
     <span class='ocr_line' id='line_1_74' title="bbox 1287 1131 1441 1161; baseline 0.019 -3"><span class='ocrx_word' id='word_1_604' title='bbox 1287 1131 1328 1158; x_wconf 71' lang='lat' dir='ltr'><strong>Ea:</strong></span> <span class='ocrx_word' id='word_1_605' title='bbox 1340 1132 1441 1161; x_wconf 84' lang='lat' dir='ltr'><strong>eodem.</strong></span> 
     </span>
    </p>
   </div>
   <div class='ocr_carea' id='block_1_75' title="bbox 1007 1187 1755 1228">
    <p class='ocr_par' dir='ltr' id='par_1_75' title="bbox 1007 1187 1755 1228">
     <span class='ocr_line' id='line_1_75' title="bbox 1007 1187 1755 1228; baseline 0.009 -14"><span class='ocrx_word' id='word_1_606' title='bbox 1007 1197 1017 1214; x_wconf 85' lang='grc'><strong><em>‹</em></strong></span> <span class='ocrx_word' id='word_1_607' title='bbox 1033 1187 1148 1223; x_wconf 87' lang='lat' dir='ltr'><strong>(Lauda)</strong></span> <span class='ocrx_word' id='word_1_608' title='bbox 1159 1193 1186 1217; x_wconf 86' lang='lat' dir='ltr'><strong>et</strong></span> <span class='ocrx_word' id='word_1_609' title='bbox 1202 1189 1303 1223; x_wconf 82' lang='lat' dir='ltr'><strong>laetare,</strong></span> <span class='ocrx_word' id='word_1_610' title='bbox 1321 1191 1374 1218; x_wconf 82' lang='lat' dir='ltr'><strong>ﬁlia</strong></span> <span class='ocrx_word' id='word_1_611' title='bbox 1389 1191 1466 1223; x_wconf 84' lang='lat' dir='ltr'><strong>Sion,</strong></span> <span class='ocrx_word' id='word_1_612' title='bbox 1482 1192 1545 1227; x_wconf 86' lang='lat' dir='ltr'><strong>quia</strong></span> <span class='ocrx_word' id='word_1_613' title='bbox 1564 1199 1629 1220; x_wconf 88' lang='lat' dir='ltr'><strong>ecce</strong></span> <span class='ocrx_word' id='word_1_614' title='bbox 1643 1200 1693 1228; x_wconf 76' lang='lat' dir='ltr'><strong>ego</strong></span> <span class='ocrx_word' id='word_1_615' title='bbox 1707 1201 1755 1220; x_wconf 80' lang='lat' dir='ltr'><strong>ve-</strong></span> 
     </span>
    </p>
   </div>
   <div class='ocr_carea' id='block_1_76' title="bbox 969 1233 1755 1274">
    <p class='ocr_par' dir='ltr' id='par_1_76' title="bbox 969 1233 1755 1274">
     <span class='ocr_line' id='line_1_76' title="bbox 969 1233 1755 1274; baseline 0.006 -13"><span class='ocrx_word' id='word_1_616' title='bbox 969 1233 1026 1266; x_wconf 86' lang='lat' dir='ltr'><strong>nio,</strong></span> <span class='ocrx_word' id='word_1_617' title='bbox 1042 1239 1068 1262; x_wconf 88' lang='lat' dir='ltr'><strong>et</strong></span> <span class='ocrx_word' id='word_1_618' title='bbox 1082 1235 1212 1263; x_wconf 83' lang='lat' dir='ltr'><strong>habitabo</strong></span> <span class='ocrx_word' id='word_1_619' title='bbox 1228 1237 1256 1264; x_wconf 94' lang='lat' dir='ltr'><strong>in</strong></span> <span class='ocrx_word' id='word_1_620' title='bbox 1271 1237 1360 1264; x_wconf 88' lang='lat' dir='ltr'><strong>medio</strong></span> <span class='ocrx_word' id='word_1_621' title='bbox 1373 1237 1424 1270; x_wconf 83' lang='lat' dir='ltr'><strong>tui,</strong></span> <span class='ocrx_word' id='word_1_622' title='bbox 1443 1238 1481 1264; x_wconf 89' lang='lat' dir='ltr'><strong>ait</strong></span> <span class='ocrx_word' id='word_1_623' title='bbox 1505 1237 1646 1266; x_wconf 84' lang='lat' dir='ltr'><strong>Dominus.</strong></span> <span class='ocrx_word' id='word_1_624' title='bbox 1660 1238 1694 1266; x_wconf 87' lang='lat' dir='ltr'><strong>Et</strong></span> <span class='ocrx_word' id='word_1_625' title='bbox 1707 1246 1755 1274; x_wconf 80' lang='lat' dir='ltr'><strong>ap-</strong></span> 
     </span>
    </p>
   </div>
   <div class='ocr_carea' id='block_1_77' title="bbox 969 1278 1753 1316">
    <p class='ocr_par' dir='ltr' id='par_1_77' title="bbox 969 1278 1753 1316">
     <span class='ocr_line' id='line_1_77' title="bbox 969 1278 1753 1316; baseline 0.01 -12"><span class='ocrx_word' id='word_1_626' title='bbox 969 1278 1143 1313; x_wconf 89' lang='lat' dir='ltr'><strong>plicabuntur</strong></span> <span class='ocrx_word' id='word_1_627' title='bbox 1159 1280 1264 1316; x_wconf 78' lang='lat' dir='ltr'><strong>(gentes</strong></span> <span class='ocrx_word' id='word_1_628' title='bbox 1275 1282 1380 1316; x_wconf 72' lang='lat' dir='ltr'><strong>m)ult:e</strong></span> <span class='ocrx_word' id='word_1_629' title='bbox 1396 1282 1429 1309; x_wconf 90' lang='lat' dir='ltr'><strong>ad</strong></span> <span class='ocrx_word' id='word_1_630' title='bbox 1445 1282 1624 1311; x_wconf 91' lang='lat' dir='ltr'><strong>Dominumin</strong></span> <span class='ocrx_word' id='word_1_631' title='bbox 1640 1284 1684 1312; x_wconf 91' lang='lat' dir='ltr'><strong>die</strong></span> <span class='ocrx_word' id='word_1_632' title='bbox 1695 1285 1753 1316; x_wconf 84' lang='lat' dir='ltr'><strong>illa.</strong></span> 
     </span>
    </p>
   </div>
   <div class='ocr_carea' id='block_1_78' title="bbox 907 1325 1754 1362">
    <p class='ocr_par' dir='ltr' id='par_1_78' title="bbox 907 1325 1754 1362">
     <span class='ocr_line' id='line_1_78' title="bbox 907 1325 1754 1362; baseline 0.009 -13"><span class='ocrx_word' id='word_1_633' title='bbox 907 1351 914 1357; x_wconf 89' lang='lat'><em>_</em></span> <span class='ocrx_word' id='word_1_634' title='bbox 967 1327 994 1350; x_wconf 84' lang='lat' dir='ltr'><strong>et.</strong></span> <span class='ocrx_word' id='word_1_635' title='bbox 1009 1328 1089 1351; x_wconf 87' lang='lat' dir='ltr'><strong>erunt</strong></span> <span class='ocrx_word' id='word_1_636' title='bbox 1103 1325 1180 1360; x_wconf 90' lang='lat' dir='ltr'><strong>(mihi</strong></span> <span class='ocrx_word' id='word_1_637' title='bbox 1192 1325 1230 1360; x_wconf 92' lang='lat' dir='ltr'><strong>in)</strong></span> <span class='ocrx_word' id='word_1_638' title='bbox 1245 1327 1386 1362; x_wconf 85' lang='lat' dir='ltr'><strong>populum,</strong></span> <span class='ocrx_word' id='word_1_639' title='bbox 1404 1331 1431 1355; x_wconf 88' lang='lat' dir='ltr'><strong>et</strong></span> <span class='ocrx_word' id='word_1_640' title='bbox 1445 1328 1607 1356; x_wconf 86' lang='lat' dir='ltr'><strong>habitabunt</strong></span> <span class='ocrx_word' id='word_1_641' title='bbox 1623 1329 1650 1356; x_wconf 93' lang='lat' dir='ltr'><strong>in</strong></span> <span class='ocrx_word' id='word_1_642' title='bbox 1664 1328 1754 1357; x_wconf 91' lang='lat' dir='ltr'><strong>medio</strong></span> 
     </span>
    </p>
   </div>
   <div class='ocr_carea' id='block_1_79' title="bbox 906 1371 1753 1410">
    <p class='ocr_par' dir='ltr' id='par_1_79' title="bbox 906 1371 1753 1410">
     <span class='ocr_line' id='line_1_79' title="bbox 906 1371 1753 1410; baseline 0.009 -15"><span class='ocrx_word' id='word_1_643' title='bbox 906 1396 915 1404; x_wconf 58' lang='grc'><em>,</em></span> <span class='ocrx_word' id='word_1_644' title='bbox 968 1371 1018 1401; x_wconf 89' lang='lat' dir='ltr'><strong>tui.</strong></span> <span class='ocrx_word' id='word_1_645' title='bbox 1031 1374 1058 1397; x_wconf 84' lang='lat' dir='ltr'><strong>et</strong></span> <span class='ocrx_word' id='word_1_646' title='bbox 1070 1371 1141 1398; x_wconf 80' lang='lat' dir='ltr'><strong>scies</strong></span> <span class='ocrx_word' id='word_1_647' title='bbox 1153 1372 1226 1407; x_wconf 87' lang='lat' dir='ltr'><strong>(quia</strong></span> <span class='ocrx_word' id='word_1_648' title='bbox 1241 1372 1384 1409; x_wconf 89' lang='lat' dir='ltr'><strong>Dominus)</strong></span> <span class='ocrx_word' id='word_1_649' title='bbox 1395 1374 1567 1410; x_wconf 87' lang='lat' dir='ltr'><strong>omnipotens</strong></span> <span class='ocrx_word' id='word_1_650' title='bbox 1580 1375 1655 1403; x_wconf 80' lang='lat' dir='ltr'><strong>misit</strong></span> <span class='ocrx_word' id='word_1_651' title='bbox 1666 1383 1709 1403; x_wconf 88' lang='lat' dir='ltr'><strong>me</strong></span> <span class='ocrx_word' id='word_1_652' title='bbox 1718 1375 1753 1403; x_wconf 88' lang='lat' dir='ltr'><strong>ad</strong></span> 
     </span>
    </p>
   </div>
   <div class='ocr_carea' id='block_1_80' title="bbox 967 1416 1754 1457">
    <p class='ocr_par' dir='ltr' id='par_1_80' title="bbox 967 1416 1754 1457">
     <span class='ocr_line' id='line_1_80' title="bbox 967 1416 1754 1457; baseline 0.009 -15"><span class='ocrx_word' id='word_1_653' title='bbox 967 1419 994 1443; x_wconf 88' lang='lat' dir='ltr'><strong>te</strong></span> <span class='ocrx_word' id='word_1_654' title='bbox 1006 1416 1041 1443; x_wconf 82' lang='lat'><strong>‘°.</strong></span> <span class='ocrx_word' id='word_1_655' title='bbox 1059 1426 1069 1442; x_wconf 75' lang='grc' dir='ltr'><strong><em>ι</em></strong></span> <span class='ocrx_word' id='word_1_656' title='bbox 1087 1417 1164 1450; x_wconf 85' lang='lat' dir='ltr'><strong>Quis.</strong></span> <span class='ocrx_word' id='word_1_657' title='bbox 1187 1439 1194 1445; x_wconf 92' lang='lat'><strong>.</strong></span> <span class='ocrx_word' id='word_1_658' title='bbox 1217 1439 1224 1446; x_wconf 91' lang='lat'><strong>.</strong></span> <span class='ocrx_word' id='word_1_659' title='bbox 1247 1438 1255 1445; x_wconf 93' lang='lat'><strong>.</strong></span> <span class='ocrx_word' id='word_1_660' title='bbox 1277 1439 1284 1446; x_wconf 94' lang='lat'><strong>.</strong></span> <span class='ocrx_word' id='word_1_661' title='bbox 1307 1439 1315 1446; x_wconf 90' lang='lat'><strong>.</strong></span> <span class='ocrx_word' id='word_1_662' title='bbox 1336 1440 1343 1446; x_wconf 98' lang='lat'><strong>.</strong></span> <span class='ocrx_word' id='word_1_663' title='bbox 1364 1419 1423 1447; x_wconf 70' lang='lat' dir='ltr'><strong>haec</strong></span> <span class='ocrx_word' id='word_1_664' title='bbox 1435 1421 1540 1455; x_wconf 87' lang='lat' dir='ltr'><strong>dicens,</strong></span> <span class='ocrx_word' id='word_1_665' title='bbox 1554 1421 1754 1457; x_wconf 82' lang='lat' dir='ltr'><strong>confessusque</strong></span> 
     </span>
    </p>
   </div>
   <div class='ocr_carea' id='block_1_81' title="bbox 967 1461 1752 1501">
    <p class='ocr_par' dir='ltr' id='par_1_81' title="bbox 967 1461 1752 1501">
     <span class='ocr_line' id='line_1_81' title="bbox 967 1461 1752 1501; baseline 0.008 -13"><span class='ocrx_word' id='word_1_666' title='bbox 967 1468 996 1488; x_wconf 88' lang='lat' dir='ltr'><strong>se</strong></span> <span class='ocrx_word' id='word_1_667' title='bbox 1006 1461 1121 1489; x_wconf 90' lang='lat' dir='ltr'><strong>missum</strong></span> <span class='ocrx_word' id='word_1_668' title='bbox 1139 1462 1225 1491; x_wconf 77' lang='lat' dir='ltr'><strong>fuisse</strong></span> <span class='ocrx_word' id='word_1_669' title='bbox 1242 1463 1277 1492; x_wconf 89' lang='lat' dir='ltr'><strong>ab</strong></span> <span class='ocrx_word' id='word_1_670' title='bbox 1291 1463 1493 1501; x_wconf 87' lang='lat' dir='ltr'><strong>Omnipotente,</strong></span> <span class='ocrx_word' id='word_1_671' title='bbox 1507 1466 1560 1494; x_wconf 89' lang='lat' dir='ltr'><strong>nisi</strong></span> <span class='ocrx_word' id='word_1_672' title='bbox 1570 1466 1616 1494; x_wconf 85' lang='lat' dir='ltr'><strong>Dei</strong></span> <span class='ocrx_word' id='word_1_673' title='bbox 1632 1466 1752 1494; x_wconf 77' lang='lat' dir='ltr'><strong>Verbum</strong></span> 
     </span>
    </p>
   </div>
   <div class='ocr_carea' id='block_1_82' title="bbox 966 1506 1751 1546">
    <p class='ocr_par' dir='ltr' id='par_1_82' title="bbox 966 1506 1751 1546">
     <span class='ocr_line' id='line_1_82' title="bbox 966 1506 1751 1546; baseline 0.009 -13"><span class='ocrx_word' id='word_1_674' title='bbox 966 1514 981 1533; x_wconf 90' lang='lat' dir='ltr'><strong>a</strong></span> <span class='ocrx_word' id='word_1_675' title='bbox 999 1506 1079 1536; x_wconf 85' lang='lat' dir='ltr'><strong>Patre</strong></span> <span class='ocrx_word' id='word_1_676' title='bbox 1095 1509 1122 1535; x_wconf 90' lang='lat' dir='ltr'><strong>in</strong></span> <span class='ocrx_word' id='word_1_677' title='bbox 1143 1509 1284 1538; x_wconf 84' lang='lat' dir='ltr'><strong>hominum</strong></span> <span class='ocrx_word' id='word_1_678' title='bbox 1309 1512 1418 1546; x_wconf 81' lang='lat' dir='ltr'><strong>generis</strong></span> <span class='ocrx_word' id='word_1_679' title='bbox 1435 1513 1548 1541; x_wconf 83' lang='lat' dir='ltr'><strong>salutem</strong></span> <span class='ocrx_word' id='word_1_680' title='bbox 1565 1513 1686 1541; x_wconf 86' lang='lat' dir='ltr'><strong>missus?</strong></span> <span class='ocrx_word' id='word_1_681' title='bbox 1699 1511 1751 1546; x_wconf 88' lang='lat' dir='ltr'><strong>Qui</strong></span> 
     </span>
    </p>
   </div>
   <div class='ocr_carea' id='block_1_83' title="bbox 967 1553 1751 1593">
    <p class='ocr_par' dir='ltr' id='par_1_83' title="bbox 967 1553 1751 1593">
     <span class='ocr_line' id='line_1_83' title="bbox 967 1553 1751 1593; baseline 0.008 -13"><span class='ocrx_word' id='word_1_682' title='bbox 967 1558 998 1580; x_wconf 93' lang='lat' dir='ltr'><strong>ut</strong></span> <span class='ocrx_word' id='word_1_683' title='bbox 1016 1553 1118 1581; x_wconf 87' lang='lat' dir='ltr'><strong>dictum</strong></span> <span class='ocrx_word' id='word_1_684' title='bbox 1143 1560 1196 1583; x_wconf 87' lang='lat' dir='ltr'><strong>est.</strong></span> <span class='ocrx_word' id='word_1_685' title='bbox 1218 1576 1225 1583; x_wconf 92' lang='lat'><strong>.</strong></span> <span class='ocrx_word' id='word_1_686' title='bbox 1248 1577 1255 1584; x_wconf 90' lang='lat'><strong>.</strong></span> <span class='ocrx_word' id='word_1_687' title='bbox 1278 1577 1285 1586; x_wconf 90' lang='lat'><strong>.</strong></span> <span class='ocrx_word' id='word_1_688' title='bbox 1308 1577 1315 1583; x_wconf 92' lang='lat'><strong>.</strong></span> <span class='ocrx_word' id='word_1_689' title='bbox 1337 1579 1344 1586; x_wconf 90' lang='lat'><strong>.</strong></span> <span class='ocrx_word' id='word_1_690' title='bbox 1367 1578 1375 1586; x_wconf 87' lang='lat'><strong>.</strong></span> <span class='ocrx_word' id='word_1_691' title='bbox 1396 1558 1534 1586; x_wconf 65' lang='lat' dir='ltr'><strong>calestem</strong></span> <span class='ocrx_word' id='word_1_692' title='bbox 1560 1558 1644 1593; x_wconf 84' lang='lat' dir='ltr'><strong>Sion;</strong></span> <span class='ocrx_word' id='word_1_693' title='bbox 1672 1559 1751 1593; x_wconf 70' lang='lat' dir='ltr'><strong>cujus</strong></span> 
     </span>
    </p>
   </div>
   <div class='ocr_carea' id='block_1_84' title="bbox 879 1598 1751 1642">
    <p class='ocr_par' dir='ltr' id='par_1_84' title="bbox 879 1598 1751 1642">
     <span class='ocr_line' id='line_1_84' title="bbox 879 1598 1751 1642; baseline 0.008 -18"><span class='ocrx_word' id='word_1_694' title='bbox 879 1628 886 1635; x_wconf 82' lang='lat'><strong>_</strong></span> <span class='ocrx_word' id='word_1_695' title='bbox 906 1626 916 1636; x_wconf 54' lang='lat'><em>.</em></span> <span class='ocrx_word' id='word_1_696' title='bbox 931 1611 953 1642; x_wconf 65' lang='grc' dir='ltr'><strong><em>ε</em></strong></span> <span class='ocrx_word' id='word_1_697' title='bbox 970 1598 1164 1627; x_wconf 87' lang='lat' dir='ltr'><strong>documentum</strong></span> <span class='ocrx_word' id='word_1_698' title='bbox 1179 1608 1258 1629; x_wconf 89' lang='lat' dir='ltr'><strong>mons</strong></span> <span class='ocrx_word' id='word_1_699' title='bbox 1269 1610 1354 1638; x_wconf 86' lang='lat' dir='ltr'><strong>super</strong></span> <span class='ocrx_word' id='word_1_700' title='bbox 1369 1607 1480 1630; x_wconf 89' lang='lat' dir='ltr'><strong>terram.</strong></span> <span class='ocrx_word' id='word_1_701' title='bbox 1504 1625 1510 1631; x_wconf 93' lang='lat'><strong>.</strong></span> <span class='ocrx_word' id='word_1_702' title='bbox 1533 1624 1540 1631; x_wconf 90' lang='lat'><strong>.</strong></span> <span class='ocrx_word' id='word_1_703' title='bbox 1563 1624 1569 1631; x_wconf 94' lang='lat'><strong>.</strong></span> <span class='ocrx_word' id='word_1_704' title='bbox 1593 1625 1600 1631; x_wconf 98' lang='lat'><strong>.</strong></span> <span class='ocrx_word' id='word_1_705' title='bbox 1622 1623 1629 1631; x_wconf 89' lang='lat'><strong>.</strong></span> <span class='ocrx_word' id='word_1_706' title='bbox 1653 1625 1660 1631; x_wconf 93' lang='lat'><strong>.</strong></span> <span class='ocrx_word' id='word_1_707' title='bbox 1676 1608 1703 1631; x_wconf 83' lang='lat' dir='ltr'><strong>et</strong></span> <span class='ocrx_word' id='word_1_708' title='bbox 1717 1603 1751 1632; x_wconf 74' lang='lat' dir='ltr'><strong>ad</strong></span> 
     </span>
    </p>
   </div>
   <div class='ocr_carea' id='block_1_85' title="bbox 969 1645 1750 1680">
    <p class='ocr_par' dir='ltr' id='par_1_85' title="bbox 969 1645 1750 1680">
     <span class='ocr_line' id='line_1_85' title="bbox 969 1645 1750 1680; baseline 0.008 -9"><span class='ocrx_word' id='word_1_709' title='bbox 969 1646 1092 1680; x_wconf 76' lang='lat' dir='ltr'><strong>gentium</strong></span> <span class='ocrx_word' id='word_1_710' title='bbox 1108 1645 1259 1674; x_wconf 85' lang='lat' dir='ltr'><strong>Ecclesiam</strong></span> <span class='ocrx_word' id='word_1_711' title='bbox 1277 1649 1444 1677; x_wconf 75' lang='lat' dir='ltr'><strong>extenditur.</strong></span> <span class='ocrx_word' id='word_1_712' title='bbox 1469 1649 1532 1677; x_wconf 88' lang='lat' dir='ltr'><strong>Pro.</strong></span> <span class='ocrx_word' id='word_1_713' title='bbox 1554 1669 1562 1676; x_wconf 87' lang='lat'><strong>.</strong></span> <span class='ocrx_word' id='word_1_714' title='bbox 1584 1670 1592 1678; x_wconf 92' lang='lat'><strong>.</strong></span> <span class='ocrx_word' id='word_1_715' title='bbox 1613 1670 1619 1676; x_wconf 90' lang='lat'><strong>.</strong></span> <span class='ocrx_word' id='word_1_716' title='bbox 1644 1669 1651 1676; x_wconf 91' lang='lat'><strong>.</strong></span> <span class='ocrx_word' id='word_1_717' title='bbox 1673 1669 1680 1677; x_wconf 93' lang='lat'><strong>.</strong></span> <span class='ocrx_word' id='word_1_718' title='bbox 1701 1657 1750 1677; x_wconf 83' lang='lat' dir='ltr'><strong>vo-</strong></span> 
     </span>
    </p>
   </div>
   <div class='ocr_carea' id='block_1_86' title="bbox 965 1684 1753 1728">
    <p class='ocr_par' dir='ltr' id='par_1_86' title="bbox 965 1684 1753 1728">
     <span class='ocr_line' id='line_1_86' title="bbox 965 1684 1753 1728; baseline 0.008 -11"><span class='ocrx_word' id='word_1_719' title='bbox 965 1684 1100 1718; x_wconf 75' lang='lat' dir='ltr'><strong>cationem</strong></span> <span class='ocrx_word' id='word_1_720' title='bbox 1117 1699 1212 1719; x_wconf 85' lang='lat' dir='ltr'><strong>eorum</strong></span> <span class='ocrx_word' id='word_1_721' title='bbox 1227 1693 1275 1728; x_wconf 85' lang='lat' dir='ltr'><strong>qui</strong></span> <span class='ocrx_word' id='word_1_722' title='bbox 1292 1694 1326 1721; x_wconf 89' lang='lat' dir='ltr'><strong>ab</strong></span> <span class='ocrx_word' id='word_1_723' title='bbox 1336 1702 1369 1722; x_wconf 88' lang='lat' dir='ltr'><strong>eo</strong></span> <span class='ocrx_word' id='word_1_724' title='bbox 1383 1695 1517 1723; x_wconf 82' lang='lat' dir='ltr'><strong>salvandi.</strong></span> <span class='ocrx_word' id='word_1_725' title='bbox 1539 1715 1546 1721; x_wconf 95' lang='lat'><strong>.</strong></span> <span class='ocrx_word' id='word_1_726' title='bbox 1568 1715 1574 1721; x_wconf 95' lang='lat'><strong>.</strong></span> <span class='ocrx_word' id='word_1_727' title='bbox 1594 1714 1601 1721; x_wconf 90' lang='lat'><strong>.</strong></span> <span class='ocrx_word' id='word_1_728' title='bbox 1625 1716 1632 1723; x_wconf 93' lang='lat'><strong>.</strong></span> <span class='ocrx_word' id='word_1_729' title='bbox 1654 1715 1662 1723; x_wconf 91' lang='lat'><strong>.</strong></span> <span class='ocrx_word' id='word_1_730' title='bbox 1685 1714 1693 1722; x_wconf 90' lang='lat'><strong>.</strong></span> <span class='ocrx_word' id='word_1_731' title='bbox 1714 1695 1753 1723; x_wconf 84' lang='lat' dir='ltr'><strong>ab</strong></span> 
     </span>
    </p>
   </div>
   <div class='ocr_carea' id='block_1_87' title="bbox 961 1739 1250 1775">
    <p class='ocr_par' dir='ltr' id='par_1_87' title="bbox 961 1739 1250 1775">
     <span class='ocr_line' id='line_1_87' title="bbox 961 1739 1250 1775; baseline 0.01 -11"><span class='ocrx_word' id='word_1_732' title='bbox 961 1744 993 1764; x_wconf 88' lang='lat' dir='ltr'><strong>eo</strong></span> <span class='ocrx_word' id='word_1_733' title='bbox 1003 1743 1131 1773; x_wconf 72' lang='lat' dir='ltr'><strong>regentur</strong></span> <span class='ocrx_word' id='word_1_734' title='bbox 1141 1739 1169 1766; x_wconf 94' lang='lat' dir='ltr'><strong>in</strong></span> <span class='ocrx_word' id='word_1_735' title='bbox 1180 1739 1250 1775; x_wconf 85' lang='lat' dir='ltr'><strong>ipsa.</strong></span> 
     </span>
    </p>
   </div>
   <div class='ocr_carea' id='block_1_88' title="bbox 1238 1873 1467 1903">
    <p class='ocr_par' dir='ltr' id='par_1_88' title="bbox 1238 1873 1467 1903">
     <span class='ocr_line' id='line_1_88' title="bbox 1238 1873 1467 1903; baseline 0.013 -3"><span class='ocrx_word' id='word_1_736' title='bbox 1238 1873 1352 1902; x_wconf 85' lang='lat' dir='ltr'><strong>CAPUT</strong></span> <span class='ocrx_word' id='word_1_737' title='bbox 1372 1874 1467 1903; x_wconf 77' lang='lat' dir='ltr'><strong>XXIII.</strong></span> 
     </span>
    </p>
   </div>
   <div class='ocr_carea' id='block_1_89' title="bbox 1280 1919 1431 1949">
    <p class='ocr_par' dir='ltr' id='par_1_89' title="bbox 1280 1919 1431 1949">
     <span class='ocr_line' id='line_1_89' title="bbox 1280 1919 1431 1949; baseline 0.02 -3"><span class='ocrx_word' id='word_1_738' title='bbox 1280 1919 1322 1947; x_wconf 79' lang='lat' dir='ltr'><strong>Ea:</strong></span> <span class='ocrx_word' id='word_1_739' title='bbox 1331 1920 1431 1949; x_wconf 85' lang='lat' dir='ltr'><strong>eodem.</strong></span> 
     </span>
    </p>
   </div>
   <div class='ocr_carea' id='block_1_90' title="bbox 999 1973 1745 2014">
    <p class='ocr_par' dir='ltr' id='par_1_90' title="bbox 999 1973 1745 2014">
     <span class='ocr_line' id='line_1_90' title="bbox 999 1973 1745 2014; baseline 0.013 -14"><span class='ocrx_word' id='word_1_740' title='bbox 999 1982 1009 1999; x_wconf 81' lang='grc' dir='ltr'><strong>ι</strong></span> <span class='ocrx_word' id='word_1_741' title='bbox 1032 1973 1065 2000; x_wconf 83' lang='lat' dir='ltr'><strong>Et</strong></span> <span class='ocrx_word' id='word_1_742' title='bbox 1082 1973 1211 2011; x_wconf 89' lang='lat' dir='ltr'><strong>(ostendit</strong></span> <span class='ocrx_word' id='word_1_743' title='bbox 1226 1976 1292 2003; x_wconf 91' lang='lat' dir='ltr'><strong>mihi</strong></span> <span class='ocrx_word' id='word_1_744' title='bbox 1308 1976 1451 2014; x_wconf 84' lang='lat' dir='ltr'><strong>Dominus)</strong></span> <span class='ocrx_word' id='word_1_745' title='bbox 1466 1978 1559 2007; x_wconf 83' lang='lat' dir='ltr'><strong>Jesum</strong></span> <span class='ocrx_word' id='word_1_746' title='bbox 1575 1981 1745 2011; x_wconf 64' lang='lat' dir='ltr'><strong>sacerdotem</strong></span> 
     </span>
    </p>
   </div>
   <div class='ocr_carea' id='block_1_91' title="bbox 960 2024 1744 2060">
    <p class='ocr_par' dir='ltr' id='par_1_91' title="bbox 960 2024 1744 2060">
     <span class='ocr_line' id='line_1_91' title="bbox 960 2024 1744 2060; baseline 0.013 -15"><span class='ocrx_word' id='word_1_747' title='bbox 960 2026 1090 2054; x_wconf 76' lang='lat' dir='ltr'><strong>magnum</strong></span> <span class='ocrx_word' id='word_1_748' title='bbox 1107 2024 1224 2049; x_wconf 84' lang='lat' dir='ltr'><strong>stantem</strong></span> <span class='ocrx_word' id='word_1_749' title='bbox 1237 2030 1332 2051; x_wconf 83' lang='lat' dir='ltr'><strong>coram</strong></span> <span class='ocrx_word' id='word_1_750' title='bbox 1349 2025 1467 2060; x_wconf 81' lang='lat' dir='ltr'><strong>(angelo)</strong></span> <span class='ocrx_word' id='word_1_751' title='bbox 1480 2025 1587 2053; x_wconf 91' lang='lat' dir='ltr'><strong>Domini</strong></span> <span class='ocrx_word' id='word_1_752' title='bbox 1602 2036 1609 2054; x_wconf 95' lang='lat'><strong>:</strong></span> <span class='ocrx_word' id='word_1_753' title='bbox 1622 2031 1649 2054; x_wconf 88' lang='lat' dir='ltr'><strong>et</strong></span> <span class='ocrx_word' id='word_1_754' title='bbox 1660 2026 1744 2055; x_wconf 66' lang='lat' dir='ltr'><strong>Satn</strong></span> 
     </span>
    </p>
   </div>
   <div class='ocr_carea' id='block_1_92' title="bbox 960 2065 1744 2109">
    <p class='ocr_par' dir='ltr' id='par_1_92' title="bbox 960 2065 1744 2109">
     <span class='ocr_line' id='line_1_92' title="bbox 960 2065 1744 2109; baseline 0.013 -17"><span class='ocrx_word' id='word_1_755' title='bbox 960 2065 1048 2094; x_wconf 77' lang='lat' dir='ltr'><strong>stabat</strong></span> <span class='ocrx_word' id='word_1_756' title='bbox 1061 2074 1076 2093; x_wconf 85' lang='lat' dir='ltr'><strong>a</strong></span> <span class='ocrx_word' id='word_1_757' title='bbox 1091 2067 1195 2096; x_wconf 78' lang='lat' dir='ltr'><strong>dextris</strong></span> <span class='ocrx_word' id='word_1_758' title='bbox 1222 2069 1281 2104; x_wconf 82' lang='lat' dir='ltr'><strong>ejus</strong></span> <span class='ocrx_word' id='word_1_759' title='bbox 1301 2074 1331 2098; x_wconf 90' lang='lat' dir='ltr'><strong>ut</strong></span> <span class='ocrx_word' id='word_1_760' title='bbox 1360 2072 1574 2109; x_wconf 84' lang='lat' dir='ltr'><strong>advers(aretur)</strong></span> <span class='ocrx_word' id='word_1_761' title='bbox 1588 2074 1613 2101; x_wconf 88' lang='lat' dir='ltr'><strong>ei</strong></span> <span class='ocrx_word' id='word_1_762' title='bbox 1629 2074 1663 2102; x_wconf 81' lang='lat'><strong>“.</strong></span> <span class='ocrx_word' id='word_1_763' title='bbox 1682 2084 1692 2101; x_wconf 77' lang='grc' dir='ltr'><strong>ι</strong></span> <span class='ocrx_word' id='word_1_764' title='bbox 1710 2074 1744 2102; x_wconf 83' lang='lat' dir='ltr'><strong>Et</strong></span> 
     </span>
    </p>
   </div>
   <div class='ocr_carea' id='block_1_93' title="bbox 958 2115 1745 2154">
    <p class='ocr_par' dir='ltr' id='par_1_93' title="bbox 958 2115 1745 2154">
     <span class='ocr_line' id='line_1_93' title="bbox 958 2115 1745 2154; baseline 0.013 -15"><span class='ocrx_word' id='word_1_765' title='bbox 958 2117 1021 2149; x_wconf 87' lang='lat' dir='ltr'><strong>post</strong></span> <span class='ocrx_word' id='word_1_766' title='bbox 1035 2122 1122 2149; x_wconf 88' lang='lat' dir='ltr'><strong>pauca</strong></span> <span class='ocrx_word' id='word_1_767' title='bbox 1139 2125 1145 2142; x_wconf 91' lang='lat'><strong>:</strong></span> <span class='ocrx_word' id='word_1_768' title='bbox 1166 2125 1176 2141; x_wconf 76' lang='grc' dir='ltr'><strong><em>ι</em></strong></span> <span class='ocrx_word' id='word_1_769' title='bbox 1200 2115 1233 2144; x_wconf 86' lang='grc' dir='ltr'>Ει</span> <span class='ocrx_word' id='word_1_770' title='bbox 1253 2118 1291 2144; x_wconf 87' lang='lat' dir='ltr'><strong>ait</strong></span> <span class='ocrx_word' id='word_1_771' title='bbox 1307 2118 1340 2145; x_wconf 88' lang='lat' dir='ltr'><strong>ad</strong></span> <span class='ocrx_word' id='word_1_772' title='bbox 1351 2126 1398 2146; x_wconf 86' lang='lat' dir='ltr'><strong>eos</strong></span> <span class='ocrx_word' id='word_1_773' title='bbox 1415 2119 1462 2154; x_wconf 91' lang='lat' dir='ltr'><strong>qui</strong></span> <span class='ocrx_word' id='word_1_774' title='bbox 1477 2120 1586 2148; x_wconf 81' lang='lat' dir='ltr'><strong>stabant</strong></span> <span class='ocrx_word' id='word_1_775' title='bbox 1597 2128 1688 2148; x_wconf 87' lang='lat' dir='ltr'><strong>coram</strong></span> <span class='ocrx_word' id='word_1_776' title='bbox 1702 2128 1745 2153; x_wconf 80' lang='lat' dir='ltr'><strong>se,</strong></span> 
     </span>
    </p>
   </div>
   <div class='ocr_carea' id='block_1_94' title="bbox 958 2160 1746 2194">
    <p class='ocr_par' dir='ltr' id='par_1_94' title="bbox 958 2160 1746 2194">
     <span class='ocr_line' id='line_1_94' title="bbox 958 2160 1746 2194; baseline 0.009 -7"><span class='ocrx_word' id='word_1_777' title='bbox 958 2160 1054 2188; x_wconf 87' lang='lat' dir='ltr'><strong>dicens</strong></span> <span class='ocrx_word' id='word_1_778' title='bbox 1070 2170 1077 2187; x_wconf 87' lang='lat'><strong>:</strong></span> <span class='ocrx_word' id='word_1_779' title='bbox 1093 2160 1206 2189; x_wconf 79' lang='lat' dir='ltr'><strong>Auferte</strong></span> <span class='ocrx_word' id='word_1_780' title='bbox 1222 2163 1384 2191; x_wconf 85' lang='lat' dir='ltr'><strong>vestimenta</strong></span> <span class='ocrx_word' id='word_1_781' title='bbox 1398 2164 1507 2193; x_wconf 85' lang='lat' dir='ltr'><strong>sordida</strong></span> <span class='ocrx_word' id='word_1_782' title='bbox 1521 2165 1554 2193; x_wconf 89' lang='lat' dir='ltr'><strong>ab</strong></span> <span class='ocrx_word' id='word_1_783' title='bbox 1569 2173 1611 2193; x_wconf 91' lang='lat' dir='ltr'><strong>eo.</strong></span> <span class='ocrx_word' id='word_1_784' title='bbox 1629 2167 1661 2193; x_wconf 85' lang='lat' dir='ltr'><strong>Et</strong></span> <span class='ocrx_word' id='word_1_785' title='bbox 1674 2166 1746 2194; x_wconf 82' lang='lat' dir='ltr'><strong>dixit</strong></span> 
     </span>
    </p>
   </div>
   <div class='ocr_carea' id='block_1_95' title="bbox 962 2205 1744 2245">
    <p class='ocr_par' dir='ltr' id='par_1_95' title="bbox 962 2205 1744 2245">
     <span class='ocr_line' id='line_1_95' title="bbox 962 2205 1744 2245; baseline 0.01 -13"><span class='ocrx_word' id='word_1_786' title='bbox 962 2205 994 2232; x_wconf 87' lang='lat' dir='ltr'><strong>ad</strong></span> <span class='ocrx_word' id='word_1_787' title='bbox 1009 2214 1071 2233; x_wconf 92' lang='lat' dir='ltr'><strong>eum</strong></span> <span class='ocrx_word' id='word_1_788' title='bbox 1084 2215 1091 2233; x_wconf 87' lang='lat'><strong>:</strong></span> <span class='ocrx_word' id='word_1_789' title='bbox 1103 2205 1179 2234; x_wconf 86' lang='lat' dir='ltr'><strong>Ecce</strong></span> <span class='ocrx_word' id='word_1_790' title='bbox 1190 2208 1290 2235; x_wconf 81' lang='lat' dir='ltr'><strong>abstuli</strong></span> <span class='ocrx_word' id='word_1_791' title='bbox 1305 2216 1320 2236; x_wconf 88' lang='lat' dir='ltr'><strong>a</strong></span> <span class='ocrx_word' id='word_1_792' title='bbox 1341 2212 1368 2237; x_wconf 85' lang='lat' dir='ltr'><strong>te</strong></span> <span class='ocrx_word' id='word_1_793' title='bbox 1382 2209 1553 2245; x_wconf 86' lang='lat' dir='ltr'><strong>iniquitatem</strong></span> <span class='ocrx_word' id='word_1_794' title='bbox 1572 2215 1646 2239; x_wconf 87' lang='lat' dir='ltr'><strong>tuam</strong></span> <span class='ocrx_word' id='word_1_795' title='bbox 1661 2216 1688 2240; x_wconf 85' lang='lat' dir='ltr'><strong>et</strong></span> <span class='ocrx_word' id='word_1_796' title='bbox 1701 2213 1744 2240; x_wconf 88' lang='lat' dir='ltr'><strong>in-</strong></span> 
     </span>
    </p>
   </div>
   <div class='ocr_carea' id='block_1_96' title="bbox 957 2254 1743 2294">
    <p class='ocr_par' dir='ltr' id='par_1_96' title="bbox 957 2254 1743 2294">
     <span class='ocr_line' id='line_1_96' title="bbox 957 2254 1743 2294; baseline 0.008 -13"><span class='ocrx_word' id='word_1_797' title='bbox 957 2254 1003 2282; x_wconf 93' lang='lat' dir='ltr'><strong>dui</strong></span> <span class='ocrx_word' id='word_1_798' title='bbox 1020 2254 1229 2290; x_wconf 45' lang='lat' dir='ltr'><strong>(teImutatoriis</strong></span> <span class='ocrx_word' id='word_1_799' title='bbox 1245 2266 1253 2283; x_wconf 85' lang='lat'><strong>:</strong></span> <span class='ocrx_word' id='word_1_800' title='bbox 1269 2262 1295 2284; x_wconf 94' lang='lat' dir='ltr'><strong>et</strong></span> <span class='ocrx_word' id='word_1_801' title='bbox 1307 2257 1386 2294; x_wconf 77' lang='lat' dir='ltr'><strong>dixit)</strong></span> <span class='ocrx_word' id='word_1_802' title='bbox 1406 2267 1413 2285; x_wconf 93' lang='lat'><strong>:</strong></span> <span class='ocrx_word' id='word_1_803' title='bbox 1429 2257 1525 2286; x_wconf 88' lang='lat' dir='ltr'><strong>Ponite</strong></span> <span class='ocrx_word' id='word_1_804' title='bbox 1534 2259 1648 2287; x_wconf 82' lang='lat' dir='ltr'><strong>cidarim</strong></span> <span class='ocrx_word' id='word_1_805' title='bbox 1662 2267 1743 2287; x_wconf 87' lang='lat' dir='ltr'><strong>mun-</strong></span> 
     </span>
    </p>
   </div>
   <div class='ocr_carea' id='block_1_97' title="bbox 956 2300 1742 2340">
    <p class='ocr_par' dir='ltr' id='par_1_97' title="bbox 956 2300 1742 2340">
     <span class='ocr_line' id='line_1_97' title="bbox 956 2300 1742 2340; baseline 0.006 -13"><span class='ocrx_word' id='word_1_806' title='bbox 956 2300 1019 2327; x_wconf 81' lang='lat' dir='ltr'><strong>dam</strong></span> <span class='ocrx_word' id='word_1_807' title='bbox 1036 2308 1118 2336; x_wconf 88' lang='lat' dir='ltr'><strong>super</strong></span> <span class='ocrx_word' id='word_1_808' title='bbox 1133 2305 1215 2336; x_wconf 82' lang='lat' dir='ltr'><strong>caput</strong></span> <span class='ocrx_word' id='word_1_809' title='bbox 1234 2302 1294 2337; x_wconf 90' lang='lat' dir='ltr'><strong>ejus</strong></span> <span class='ocrx_word' id='word_1_810' title='bbox 1305 2303 1339 2330; x_wconf 71' lang='grc' dir='ltr'><strong>θ’.</strong></span> <span class='ocrx_word' id='word_1_811' title='bbox 1359 2312 1369 2329; x_wconf 73' lang='grc' dir='ltr'><strong>ι</strong></span> <span class='ocrx_word' id='word_1_812' title='bbox 1395 2303 1427 2330; x_wconf 90' lang='lat' dir='ltr'><strong>Et</strong></span> <span class='ocrx_word' id='word_1_813' title='bbox 1452 2311 1549 2332; x_wconf 90' lang='lat' dir='ltr'><strong>rursus</strong></span> <span class='ocrx_word' id='word_1_814' title='bbox 1572 2305 1653 2340; x_wconf 88' lang='lat' dir='ltr'><strong>paulo</strong></span> <span class='ocrx_word' id='word_1_815' title='bbox 1678 2309 1742 2340; x_wconf 85' lang='lat' dir='ltr'><strong>post</strong></span> 
     </span>
    </p>
   </div>
   <div class='ocr_carea' id='block_1_98' title="bbox 953 2346 1743 2387">
    <p class='ocr_par' dir='ltr' id='par_1_98' title="bbox 953 2346 1743 2387">
     <span class='ocr_line' id='line_1_98' title="bbox 953 2346 1743 2387; baseline 0.008 -14"><span class='ocrx_word' id='word_1_816' title='bbox 953 2346 1054 2373; x_wconf 87' lang='lat' dir='ltr'><strong>dicitur</strong></span> <span class='ocrx_word' id='word_1_817' title='bbox 1066 2347 1098 2374; x_wconf 88' lang='lat' dir='ltr'><strong>ad</strong></span> <span class='ocrx_word' id='word_1_818' title='bbox 1111 2354 1173 2374; x_wconf 93' lang='lat' dir='ltr'><strong>eum</strong></span> <span class='ocrx_word' id='word_1_819' title='bbox 1192 2357 1199 2375; x_wconf 74' lang='grc' dir='ltr'>ε</span> <span class='ocrx_word' id='word_1_820' title='bbox 1213 2357 1222 2374; x_wconf 82' lang='grc' dir='ltr'><strong>ι</strong></span> <span class='ocrx_word' id='word_1_821' title='bbox 1234 2348 1303 2376; x_wconf 78' lang='lat' dir='ltr'><strong>Audi</strong></span> <span class='ocrx_word' id='word_1_822' title='bbox 1316 2349 1390 2384; x_wconf 85' lang='lat' dir='ltr'><strong>(Jesu</strong></span> <span class='ocrx_word' id='word_1_823' title='bbox 1406 2350 1545 2387; x_wconf 83' lang='lat' dir='ltr'><strong>sacer)dos</strong></span> <span class='ocrx_word' id='word_1_824' title='bbox 1555 2358 1662 2386; x_wconf 84' lang='lat' dir='ltr'><strong>magne,</strong></span> <span class='ocrx_word' id='word_1_825' title='bbox 1673 2355 1702 2378; x_wconf 91' lang='lat' dir='ltr'><strong>tu</strong></span> <span class='ocrx_word' id='word_1_826' title='bbox 1714 2356 1743 2379; x_wconf 76' lang='lat' dir='ltr'><strong>el</strong></span> 
     </span>
    </p>
   </div>
   <div class='ocr_carea' id='block_1_99' title="bbox 955 2392 1741 2432">
    <p class='ocr_par' dir='ltr' id='par_1_99' title="bbox 955 2392 1741 2432">
     <span class='ocr_line' id='line_1_99' title="bbox 955 2392 1741 2432; baseline 0.006 -13"><span class='ocrx_word' id='word_1_827' title='bbox 955 2392 1035 2420; x_wconf 89' lang='lat' dir='ltr'><strong>amici</strong></span> <span class='ocrx_word' id='word_1_828' title='bbox 1050 2392 1089 2420; x_wconf 84' lang='lat' dir='ltr'><strong>tui</strong></span> <span class='ocrx_word' id='word_1_829' title='bbox 1105 2393 1151 2428; x_wconf 87' lang='lat' dir='ltr'><strong>qui</strong></span> <span class='ocrx_word' id='word_1_830' title='bbox 1166 2393 1296 2422; x_wconf 85' lang='lat' dir='ltr'><strong>habitant</strong></span> <span class='ocrx_word' id='word_1_831' title='bbox 1309 2403 1402 2423; x_wconf 84' lang='lat' dir='ltr'><strong>coram</strong></span> <span class='ocrx_word' id='word_1_832' title='bbox 1420 2401 1456 2429; x_wconf 87' lang='lat' dir='ltr'><strong>te,</strong></span> <span class='ocrx_word' id='word_1_833' title='bbox 1479 2396 1542 2432; x_wconf 89' lang='lat' dir='ltr'><strong>quia</strong></span> <span class='ocrx_word' id='word_1_834' title='bbox 1563 2397 1614 2424; x_wconf 82' lang='lat' dir='ltr'><strong>viri</strong></span> <span class='ocrx_word' id='word_1_835' title='bbox 1628 2401 1741 2432; x_wconf 86' lang='lat' dir='ltr'><strong>porten-</strong></span> 
     </span>
    </p>
   </div>
   <div class='ocr_carea' id='block_1_100' title="bbox 954 2437 1747 2476">
    <p class='ocr_par' dir='ltr' id='par_1_100' title="bbox 954 2437 1747 2476">
     <span class='ocr_line' id='line_1_100' title="bbox 954 2437 1747 2476; baseline 0.008 -12"><span class='ocrx_word' id='word_1_836' title='bbox 954 2437 1050 2465; x_wconf 88' lang='lat' dir='ltr'><strong>dentes</strong></span> <span class='ocrx_word' id='word_1_837' title='bbox 1064 2443 1139 2471; x_wconf 86' lang='lat' dir='ltr'><strong>sunt,</strong></span> <span class='ocrx_word' id='word_1_838' title='bbox 1156 2446 1220 2467; x_wconf 86' lang='lat' dir='ltr'><strong>ecce</strong></span> <span class='ocrx_word' id='word_1_839' title='bbox 1234 2440 1306 2467; x_wconf 90' lang='lat' dir='ltr'><strong>enim</strong></span> <span class='ocrx_word' id='word_1_840' title='bbox 1321 2448 1370 2476; x_wconf 82' lang='lat' dir='ltr'><strong>ego</strong></span> <span class='ocrx_word' id='word_1_841' title='bbox 1378 2441 1509 2469; x_wconf 82' lang='lat' dir='ltr'><strong>adducam</strong></span> <span class='ocrx_word' id='word_1_842' title='bbox 1524 2449 1633 2469; x_wconf 86' lang='lat' dir='ltr'><strong>servum</strong></span> <span class='ocrx_word' id='word_1_843' title='bbox 1648 2449 1747 2470; x_wconf 80' lang='lat' dir='ltr'><strong>meum</strong></span> 
     </span>
    </p>
   </div>
   <div class='ocr_carea' id='block_1_101' title="bbox 956 2483 1741 2522">
    <p class='ocr_par' dir='ltr' id='par_1_101' title="bbox 956 2483 1741 2522">
     <span class='ocr_line' id='line_1_101' title="bbox 956 2483 1741 2522; baseline 0.006 -12"><span class='ocrx_word' id='word_1_844' title='bbox 956 2483 1094 2511; x_wconf 88' lang='lat' dir='ltr'><strong>Orientem</strong></span> <span class='ocrx_word' id='word_1_845' title='bbox 1111 2484 1144 2511; x_wconf 79' lang='grc'><strong>⁸³.</strong></span> <span class='ocrx_word' id='word_1_846' title='bbox 1173 2494 1183 2510; x_wconf 84' lang='grc'><strong>›</strong></span> <span class='ocrx_word' id='word_1_847' title='bbox 1204 2493 1214 2510; x_wconf 73' lang='grc' dir='ltr'><strong>ι</strong></span> <span class='ocrx_word' id='word_1_848' title='bbox 1229 2484 1320 2520; x_wconf 81' lang='lat' dir='ltr'><strong>Atque</strong></span> <span class='ocrx_word' id='word_1_849' title='bbox 1334 2486 1432 2514; x_wconf 86' lang='lat' dir='ltr'><strong>iterum</strong></span> <span class='ocrx_word' id='word_1_850' title='bbox 1449 2490 1512 2522; x_wconf 84' lang='lat' dir='ltr'><strong>post</strong></span> <span class='ocrx_word' id='word_1_851' title='bbox 1531 2487 1603 2514; x_wconf 86' lang='lat' dir='ltr'><strong>alia:</strong></span> <span class='ocrx_word' id='word_1_852' title='bbox 1621 2496 1631 2513; x_wconf 76' lang='grc' dir='ltr'><strong>ι</strong></span> <span class='ocrx_word' id='word_1_853' title='bbox 1650 2486 1683 2514; x_wconf 79' lang='lat' dir='ltr'><strong>Et</strong></span> <span class='ocrx_word' id='word_1_854' title='bbox 1698 2487 1741 2515; x_wconf 76' lang='lat' dir='ltr'><strong>fa-</strong></span> 
     </span>
    </p>
   </div>
   <div class='ocr_carea' id='block_1_102' title="bbox 955 2529 1741 2561">
    <p class='ocr_par' dir='ltr' id='par_1_102' title="bbox 955 2529 1741 2561">
     <span class='ocr_line' id='line_1_102' title="bbox 955 2529 1741 2561; baseline 0.004 -4"><span class='ocrx_word' id='word_1_855' title='bbox 955 2534 1029 2557; x_wconf 90' lang='lat' dir='ltr'><strong>ctum</strong></span> <span class='ocrx_word' id='word_1_856' title='bbox 1041 2534 1083 2557; x_wconf 83' lang='lat' dir='ltr'><strong>est</strong></span> <span class='ocrx_word' id='word_1_857' title='bbox 1094 2529 1213 2558; x_wconf 83' lang='lat' dir='ltr'><strong>Verbum</strong></span> <span class='ocrx_word' id='word_1_858' title='bbox 1236 2531 1346 2559; x_wconf 90' lang='lat' dir='ltr'><strong>Domini</strong></span> <span class='ocrx_word' id='word_1_859' title='bbox 1370 2532 1405 2559; x_wconf 88' lang='lat' dir='ltr'><strong>ad</strong></span> <span class='ocrx_word' id='word_1_860' title='bbox 1431 2540 1475 2560; x_wconf 87' lang='lat' dir='ltr'><strong>me</strong></span> <span class='ocrx_word' id='word_1_861' title='bbox 1487 2532 1583 2560; x_wconf 89' lang='lat' dir='ltr'><strong>dicens</strong></span> <span class='ocrx_word' id='word_1_862' title='bbox 1599 2541 1606 2560; x_wconf 91' lang='lat'><strong>:</strong></span> <span class='ocrx_word' id='word_1_863' title='bbox 1624 2532 1707 2561; x_wconf 89' lang='lat' dir='ltr'><strong>Sume</strong></span> <span class='ocrx_word' id='word_1_864' title='bbox 1722 2541 1741 2560; x_wconf 72' lang='grc' dir='ltr'><strong>ιι</strong></span> 
     </span>
    </p>
   </div>
   <div class='ocr_carea' id='block_1_103' title="bbox 954 2577 1740 2615">
    <p class='ocr_par' dir='ltr' id='par_1_103' title="bbox 954 2577 1740 2615">
     <span class='ocr_line' id='line_1_103' title="bbox 954 2577 1740 2615; baseline 0.008 -13"><span class='ocrx_word' id='word_1_865' title='bbox 954 2577 1194 2612; x_wconf 80' lang='lat' dir='ltr'><strong>transmigratione</strong></span> <span class='ocrx_word' id='word_1_866' title='bbox 1208 2585 1224 2605; x_wconf 88' lang='lat' dir='ltr'><strong>a</strong></span> <span class='ocrx_word' id='word_1_867' title='bbox 1235 2578 1353 2606; x_wconf 87' lang='lat' dir='ltr'><strong>ducibus</strong></span> <span class='ocrx_word' id='word_1_868' title='bbox 1364 2578 1405 2613; x_wconf 73' lang='lat'><strong>“;</strong></span> <span class='ocrx_word' id='word_1_869' title='bbox 1422 2589 1431 2606; x_wconf 72' lang='grc' dir='ltr'><strong>ι</strong></span> <span class='ocrx_word' id='word_1_870' title='bbox 1444 2583 1470 2607; x_wconf 88' lang='lat' dir='ltr'><strong>et</strong></span> <span class='ocrx_word' id='word_1_871' title='bbox 1484 2580 1566 2615; x_wconf 88' lang='lat' dir='ltr'><strong>paulo</strong></span> <span class='ocrx_word' id='word_1_872' title='bbox 1582 2583 1644 2615; x_wconf 90' lang='lat' dir='ltr'><strong>post</strong></span> <span class='ocrx_word' id='word_1_873' title='bbox 1657 2589 1663 2607; x_wconf 87' lang='lat'><strong>:</strong></span> <span class='ocrx_word' id='word_1_874' title='bbox 1680 2588 1690 2606; x_wconf 77' lang='grc' dir='ltr'><strong>ι</strong></span> <span class='ocrx_word' id='word_1_875' title='bbox 1704 2579 1740 2608; x_wconf 71' lang='lat' dir='ltr'><strong>Et</strong></span> 
     </span>
    </p>
   </div>
   <div class='ocr_carea' id='block_1_104' title="bbox 955 2625 1745 2660">
    <p class='ocr_par' dir='ltr' id='par_1_104' title="bbox 955 2625 1745 2660">
     <span class='ocr_line' id='line_1_104' title="bbox 955 2625 1745 2660; baseline 0.005 -11"><span class='ocrx_word' id='word_1_876' title='bbox 955 2630 1048 2651; x_wconf 88' lang='lat' dir='ltr'><strong>sumes</strong></span> <span class='ocrx_word' id='word_1_877' title='bbox 1065 2631 1163 2651; x_wconf 85' lang='lat' dir='ltr'><strong>aurum</strong></span> <span class='ocrx_word' id='word_1_878' title='bbox 1189 2628 1216 2652; x_wconf 86' lang='lat' dir='ltr'><strong>et</strong></span> <span class='ocrx_word' id='word_1_879' title='bbox 1232 2630 1374 2660; x_wconf 82' lang='lat' dir='ltr'><strong>argentum</strong></span> <span class='ocrx_word' id='word_1_880' title='bbox 1393 2635 1400 2653; x_wconf 73' lang='grc' dir='ltr'>ε</span> <span class='ocrx_word' id='word_1_881' title='bbox 1414 2630 1441 2653; x_wconf 88' lang='lat' dir='ltr'><strong>et</strong></span> <span class='ocrx_word' id='word_1_882' title='bbox 1459 2625 1544 2654; x_wconf 83' lang='lat' dir='ltr'><strong>facies</strong></span> <span class='ocrx_word' id='word_1_883' title='bbox 1566 2632 1695 2658; x_wconf 82' lang='lat' dir='ltr'><strong>coronas,</strong></span> <span class='ocrx_word' id='word_1_884' title='bbox 1710 2629 1745 2653; x_wconf 50' lang='lat' dir='ltr'><strong>et.</strong></span> 
     </span>
    </p>
   </div>
   <div class='ocr_carea' id='block_1_105' title="bbox 953 2670 1734 2708">
    <p class='ocr_par' dir='ltr' id='par_1_105' title="bbox 953 2670 1734 2708">
     <span class='ocr_line' id='line_1_105' title="bbox 953 2670 1734 2708; baseline 0.004 -11"><span class='ocrx_word' id='word_1_885' title='bbox 953 2677 1038 2704; x_wconf 87' lang='lat' dir='ltr'><strong>pones</strong></span> <span class='ocrx_word' id='word_1_886' title='bbox 1049 2670 1076 2697; x_wconf 90' lang='lat' dir='ltr'><strong>in</strong></span> <span class='ocrx_word' id='word_1_887' title='bbox 1088 2670 1175 2706; x_wconf 86' lang='lat' dir='ltr'><strong>capite</strong></span> <span class='ocrx_word' id='word_1_888' title='bbox 1188 2670 1263 2704; x_wconf 80' lang='lat' dir='ltr'><strong>Iesu,</strong></span> <span class='ocrx_word' id='word_1_889' title='bbox 1276 2671 1326 2698; x_wconf 78' lang='lat' dir='ltr'><strong>lilii</strong></span> <span class='ocrx_word' id='word_1_890' title='bbox 1339 2670 1454 2700; x_wconf 83' lang='lat' dir='ltr'><strong>Josedec</strong></span> <span class='ocrx_word' id='word_1_891' title='bbox 1467 2672 1617 2700; x_wconf 85' lang='lat' dir='ltr'><strong>sacerdotis</strong></span> <span class='ocrx_word' id='word_1_892' title='bbox 1632 2673 1734 2708; x_wconf 77' lang='lat' dir='ltr'><strong>magni,</strong></span> 
     </span>
    </p>
   </div>
   <div class='ocr_carea' id='block_1_106' title="bbox 953 2716 1738 2752">
    <p class='ocr_par' dir='ltr' id='par_1_106' title="bbox 953 2716 1738 2752">
     <span class='ocr_line' id='line_1_106' title="bbox 953 2716 1738 2752; baseline 0.008 -9"><span class='ocrx_word' id='word_1_893' title='bbox 953 2719 980 2743; x_wconf 89' lang='lat' dir='ltr'><strong>et</strong></span> <span class='ocrx_word' id='word_1_894' title='bbox 994 2716 1114 2752; x_wconf 75' lang='lat' dir='ltr'><strong>lqueris</strong></span> <span class='ocrx_word' id='word_1_895' title='bbox 1127 2717 1161 2744; x_wconf 89' lang='lat' dir='ltr'><strong>ad</strong></span> <span class='ocrx_word' id='word_1_896' title='bbox 1173 2725 1235 2745; x_wconf 87' lang='lat' dir='ltr'><strong>eum</strong></span> <span class='ocrx_word' id='word_1_897' title='bbox 1250 2718 1346 2746; x_wconf 88' lang='lat' dir='ltr'><strong>dicens</strong></span> <span class='ocrx_word' id='word_1_898' title='bbox 1358 2727 1365 2745; x_wconf 89' lang='lat'><strong>:</strong></span> <span class='ocrx_word' id='word_1_899' title='bbox 1377 2718 1440 2747; x_wconf 66' lang='lat' dir='ltr'><strong>Haec</strong></span> <span class='ocrx_word' id='word_1_900' title='bbox 1454 2720 1492 2747; x_wconf 90' lang='lat' dir='ltr'><strong>ait</strong></span> <span class='ocrx_word' id='word_1_901' title='bbox 1503 2719 1634 2749; x_wconf 90' lang='lat' dir='ltr'><strong>Dominus</strong></span> <span class='ocrx_word' id='word_1_902' title='bbox 1648 2721 1738 2749; x_wconf 89' lang='lat' dir='ltr'><strong>omni-</strong></span> 
     </span>
    </p>
   </div>
   <div class='ocr_carea' id='block_1_107' title="bbox 953 2763 1741 2802">
    <p class='ocr_par' dir='ltr' id='par_1_107' title="bbox 953 2763 1741 2802">
     <span class='ocr_line' id='line_1_107' title="bbox 953 2763 1741 2802; baseline 0.008 -11"><span class='ocrx_word' id='word_1_903' title='bbox 953 2767 1068 2797; x_wconf 88' lang='lat' dir='ltr'><strong>potens:</strong></span> <span class='ocrx_word' id='word_1_904' title='bbox 1088 2763 1159 2793; x_wconf 85' lang='lat' dir='ltr'><strong>Ecce</strong></span> <span class='ocrx_word' id='word_1_905' title='bbox 1172 2765 1213 2792; x_wconf 89' lang='lat' dir='ltr'><strong>vir</strong></span> <span class='ocrx_word' id='word_1_906' title='bbox 1224 2765 1322 2794; x_wconf 86' lang='lat' dir='ltr'><strong>Oriens</strong></span> <span class='ocrx_word' id='word_1_907' title='bbox 1335 2773 1437 2794; x_wconf 87' lang='lat' dir='ltr'><strong>nomen</strong></span> <span class='ocrx_word' id='word_1_908' title='bbox 1462 2766 1524 2802; x_wconf 86' lang='lat' dir='ltr'><strong>ejus</strong></span> <span class='ocrx_word' id='word_1_909' title='bbox 1551 2776 1560 2795; x_wconf 85' lang='lat'><strong>:</strong></span> <span class='ocrx_word' id='word_1_910' title='bbox 1584 2770 1612 2796; x_wconf 75' lang='lat' dir='ltr'><strong>et</strong></span> <span class='ocrx_word' id='word_1_911' title='bbox 1640 2768 1741 2797; x_wconf 69' lang='lat' dir='ltr'><strong>subter</strong></span> 
     </span>
    </p>
   </div>
   <div class='ocr_carea' id='block_1_108' title="bbox 151 2819 911 2879">
    <p class='ocr_par' dir='ltr' id='par_1_108' title="bbox 151 2819 908 2879">
     <span class='ocr_line' id='line_1_108' title="bbox 151 2819 908 2869; baseline 0.007 -23"><span class='ocrx_word' id='word_1_912' title='bbox 151 2819 175 2834; x_wconf 82' lang='lat'>&quot;</span> <span class='ocrx_word' id='word_1_913' title='bbox 194 2819 307 2849; x_wconf 87' lang='lat' dir='ltr'><strong>Zachar.</strong></span> <span class='ocrx_word' id='word_1_914' title='bbox 326 2831 360 2856; x_wconf 79' lang='grc' dir='ltr'>ιι,</span> <span class='ocrx_word' id='word_1_915' title='bbox 375 2823 402 2851; x_wconf 81' lang='grc'><strong>8.</strong></span> <span class='ocrx_word' id='word_1_916' title='bbox 441 2826 463 2843; x_wconf 83' lang='grc'><strong>⁸·</strong></span> <span class='ocrx_word' id='word_1_917' title='bbox 482 2827 548 2857; x_wconf 68' lang='lat' dir='ltr'><strong>ibid,</strong></span> <span class='ocrx_word' id='word_1_918' title='bbox 566 2830 608 2858; x_wconf 75' lang='grc' dir='ltr'><strong>ιι,</strong></span> <span class='ocrx_word' id='word_1_919' title='bbox 649 2832 673 2848; x_wconf 76' lang='grc' dir='ltr'><strong>ιο</strong></span> <span class='ocrx_word' id='word_1_920' title='bbox 691 2831 804 2865; x_wconf 59' lang='grc' dir='ltr'><strong>ιειειηῃ.⁵</strong></span> <span class='ocrx_word' id='word_1_921' title='bbox 821 2844 856 2869; x_wconf 44' lang='grc' dir='ltr'><strong>η,</strong></span> <span class='ocrx_word' id='word_1_922' title='bbox 875 2837 908 2867; x_wconf 71' lang='grc' dir='ltr'><strong>ω</strong></span> 
     </span>
     <span class='ocr_line' id='line_1_109' title="bbox 159 2853 432 2879; baseline 0 0"><span class='ocrx_word' id='word_1_923' title='bbox 159 2853 272 2879; x_wconf 74' lang='lat' dir='ltr'><strong>Zachnr.</strong></span> <span class='ocrx_word' id='word_1_924' title='bbox 289 2864 331 2879; x_wconf 71' lang='lat' dir='ltr'><strong>vr.</strong></span> <span class='ocrx_word' id='word_1_925' title='bbox 348 2858 365 2879; x_wconf 85' lang='lat'><strong>9</strong></span> <span class='ocrx_word' id='word_1_926' title='bbox 399 2860 432 2879; x_wconf 75' lang='lat' dir='ltr'><strong>In</strong></span> 
     </span>
    </p>
   </div>
   <div class='ocr_carea' id='block_1_109' title="bbox 962 2819 1735 2879">
    <p class='ocr_par' dir='ltr' id='par_1_109' title="bbox 962 2841 1735 2879">
     <span class='ocr_line' id='line_1_110' title="bbox 962 2841 1735 2879; baseline 0.006 -10"><span class='ocrx_word' id='word_1_927' title='bbox 962 2841 987 2869; x_wconf 73' lang='grc' dir='ltr'>ί,</span> <span class='ocrx_word' id='word_1_928' title='bbox 1026 2843 1046 2860; x_wconf 86' lang='grc'><strong>⁸¹</strong></span> <span class='ocrx_word' id='word_1_929' title='bbox 1068 2842 1182 2873; x_wconf 72' lang='lat' dir='ltr'><strong>Zacltar.</strong></span> <span class='ocrx_word' id='word_1_930' title='bbox 1199 2853 1249 2877; x_wconf 83' lang='lat' dir='ltr'><strong>III,</strong></span> <span class='ocrx_word' id='word_1_931' title='bbox 1266 2844 1292 2872; x_wconf 81' lang='grc'><strong>1.</strong></span> <span class='ocrx_word' id='word_1_932' title='bbox 1330 2845 1352 2862; x_wconf 83' lang='grc'><strong>⁶¹</strong></span> <span class='ocrx_word' id='word_1_933' title='bbox 1372 2843 1437 2873; x_wconf 83' lang='lat' dir='ltr'><strong>ibid.</strong></span> <span class='ocrx_word' id='word_1_934' title='bbox 1467 2844 1495 2879; x_wconf 76' lang='grc' dir='ltr'>ι,</span> <span class='ocrx_word' id='word_1_935' title='bbox 1519 2844 1547 2874; x_wconf 84' lang='grc'><strong>5.</strong></span> <span class='ocrx_word' id='word_1_936' title='bbox 1583 2845 1605 2863; x_wconf 81' lang='grc'><strong>⁸³</strong></span> <span class='ocrx_word' id='word_1_937' title='bbox 1624 2845 1690 2874; x_wconf 84' lang='lat' dir='ltr'><strong>ibid.</strong></span> <span class='ocrx_word' id='word_1_938' title='bbox 1706 2846 1735 2875; x_wconf 78' lang='lat'><strong>8.</strong></span> 
     </span>
    </p>
   </div>
   <div class='ocr_carea' id='block_1_110' title="bbox 116 2853 443 2891">
    <p class='ocr_par' dir='ltr' id='par_1_110' title="bbox 116 2853 443 2891">
     <span class='ocr_line' id='line_1_111' title="bbox 116 2853 443 2891; baseline 0.021 -11"><span class='ocrx_word' id='word_1_939' title='bbox 116 2854 138 2868; x_wconf 74' lang='lat'>“</span> <span class='ocrx_word' id='word_1_940' title='bbox 159 2853 272 2882; x_wconf 80' lang='lat' dir='ltr'><strong>Zachar.</strong></span> <span class='ocrx_word' id='word_1_941' title='bbox 289 2864 314 2883; x_wconf 78' lang='lat' dir='ltr'><strong>VI</strong></span> <span class='ocrx_word' id='word_1_942' title='bbox 325 2877 332 2889; x_wconf 87' lang='grc'><em>,</em></span> <span class='ocrx_word' id='word_1_943' title='bbox 348 2853 383 2891; x_wconf 78' lang='lat'><strong>9,</strong></span> <span class='ocrx_word' id='word_1_944' title='bbox 399 2860 443 2888; x_wconf 74' lang='grc'><strong>10.</strong></span> 
     </span>
    </p>
   </div>
   <div class='ocr_carea' id='block_1_111' title="bbox 151 2912 442 2947">
    <p class='ocr_par' dir='ltr' id='par_1_111' title="bbox 151 2912 442 2947">
     <span class='ocr_line' id='line_1_112' title="bbox 151 2912 442 2947; baseline 0.024 -9"><span class='ocrx_word' id='word_1_945' title='bbox 151 2912 189 2947; x_wconf 85' lang='grc' dir='ltr'><strong>(Ι)</strong></span> <span class='ocrx_word' id='word_1_946' title='bbox 204 2913 283 2942; x_wconf 80' lang='lat' dir='ltr'><strong>Deest</strong></span> <span class='ocrx_word' id='word_1_947' title='bbox 296 2915 351 2941; x_wconf 80' lang='grc' dir='ltr'>τοῦ.</span> <span class='ocrx_word' id='word_1_948' title='bbox 364 2915 442 2945; x_wconf 77' lang='lat' dir='ltr'><strong>Enn.</strong></span> 
     </span>
    </p>
   </div>
  </div>
