2037 3215
285 187 352 215 ΗΠ

637 180 770 208 EUSEBH
789 181 1030 210 CxESAltlE-NSIS
1048 181 1121 210 OPP.
1142 179 1231 208 PARS
1245 179 1288 206 lll.
1302 194 1336 199 -—
1347 176 1550 205 EXEGETICA.

1829 172 1897 200 “‘8

284 251 346 270 eum
366 241 478 272 orietur,
497 239 528 268 ἐξ
554 237 702 268 aediﬁcabit
726 240 856 274 templum
884 239 1006 267 Domino.
1037 240 1069 266 Et

1122 239 1193 272 λέγει
1219 238 1320 272 Κύριος
1346 234 1551 270 παντοκράτωρ⁸
1571 231 1647 263 Ἰδοὶ,
1671 231 1750 266 ἀνὴρ,
1773 229 1898 264 Ἀνατολὴ

286 289 344 323 ipse
370 287 486 322 portabit
503 287 628 321 gioriam,
648 290 675 313 et
693 286 808 318 sedebit,
831 289 859 313 et
883 285 1068 312 dominabitur

285 342 368 369 super
384 333 452 360 solio
466 340 527 364 suo.
544 335 572 359 et
588 333 640 359 erit
656 332 787 359 sacerdos
802 339 817 358 a
833 331 935 359 dextris
949 331 1020 366 ejus,
1040 335 1067 359 et

284 379 429 407 consilium
455 378 530 413 pacis
547 378 599 405 erit
628 369 700 404 inter
723 377 786 404 illos
809 377 888 404 duos.
910 376 943 403 Et
960 384 1066 404 corona!

284 429 364 452 erunt
381 424 605 459 exspectantibus
620 424 653 450 “.
675 433 684 449 ›
702 423 769 451 Cum
787 421 954 450 Salvatorem
975 427 1001 450 et
1016 423 1067 450 Do-

284 471 387 497 tninum
402 474 526 496 nostrum
537 469 630 496 Jesum
641 469 780 496 Christum
794 469 912 503 inclytus
921 468 1067 503 Apostolus

286 525 296 542 ι
314 515 488 543 Sacerdotem
508 515 632 550 Magnum
648 514 830 550 n(ominavit),
848 515 895 549 qui
918 515 1068 549 penetravit

284 562 368 589 caelos
386 561 419 593 “,
440 571 450 586 ›
465 561 498 588 ad
516 568 578 588 eum
597 568 652 587 non
670 561 808 588 immerito
823 559 976 587 referenda.
1000 582 1006 588 .
1030 581 1035 587 .
1059 583 1064 588 .

283 612 310 635 et
326 607 372 642 qui
387 607 538 634 secundum
552 606 724 642 prophetiam
743 606 838 633 eodem
855 606 1017 642 cognomine
1036 614 1067 634 ac

284 653 386 680 honore
405 653 561 680 decoratus.
577 652 638 679 Haec
653 653 758 680 eadem.
781 673 788 680 .
812 672 818 679 .
842 673 849 679 .
871 672 878 679 .
901 672 907 679 .
924 651 1002 679 llunc
1017 652 1067 688 igi-

283 703 328 726 tur
347 694 479 726 Dominus
495 697 616 726 ostendit
627 699 775 733 prophetae.
798 719 805 726 .
828 719 835 726 .
858 718 865 725 .
889 719 896 724 .
919 719 926 725 .
949 718 955 725 .
977 717 984 725 .
1007 697 1067 725 Sal-

283 745 387 772 vatoris
411 745 501 771 nostri
521 744 553 771 ad
568 748 691 771 nostram
707 744 892 778 captivitatem
911 744 1066 771 solvendam

283 791 444 818 descensum
463 790 634 824 signiﬁcans,
651 798 716 825 quo.
738 810 746 817 .
767 810 774 817 .
798 810 804 816 .
831 809 838 817 .
864 812 872 819 .
899 791 1068 818 nuntiavisse

283 836 399 871 captivis
426 836 652 870 redemptionem,
668 836 742 862 velut
760 840 871 863 nostras
889 835 916 862 in
947 836 1066 871 seipsum

284 882 437 916 suscipiens
461 881 622 916 iniquitates
643 880 762 908 sordidis
778 881 849 916 apud
867 888 918 908 nos
934 889 1001 909 usus
1024 886 1067 909 est

1117 285 1200 319 δνομα
1217 283 1300 318 αύτῷ,
1317 282 1364 309 καὶ
1378 279 1551 308 ὑποκάτωθεν
1565 277 1646 305 αὑτοῦ
1660 277 1691 311 (ι.
1706 277 1751 310 52)
1767 275 1897 308 ἀναπλεῖ,

1117 331 1164 358 καὶ
1176 330 1347 364 οἰκοδομήσει
1360 328 1405 354 τὸν
1419 324 1492 352 οἷκον
1506 325 1617 360 Κυρίου,
1635 323 1681 350 καὶ
1692 321 1771 350 αὐτὸς
1787 320 1899 356 λήψεται

1117 376 1226 412 ἀρετὴν,
1243 375 1289 401 καὶ
1303 372 1446 404 καθιεῖται,
1464 371 1509 398 καὶ
1530 370 1604 406 ἄρξει
1617 369 1663 396 ἐπὶ
1683 367 1730 395 τοῦ
1743 367 1839 412 θρόνςν
1852 366 1899 392 αὑ-

1116 421 1174 452 τοῦ,
1188 421 1234 447 καὶ
1253 420 1328 446 ἔσται
1344 419 1358 444 ὁ
1371 418 1458 453 ἱερεὺς
1471 417 1503 443 ἐκ
1524 414 1616 447 δεξιῶν
1637 413 1730 445 αὑτοῦ,
1752 413 1800 439 καὶ
1822 411 1898 447 βτδλὴ

1117 465 1242 501 εἰρηνικὴ
1259 464 1334 490 ἔσται
1346 463 1481 497 ἀναμέσον
1497 460 1666 497 ἀμφοτέρων.
1688 459 1717 485 Ὀ
1731 459 1760 486 δὲ
1772 459 1900 493 στέφανος

1117 512 1191 538 ἔσται
1208 512 1263 542 τοῖς
1280 508 1470 544 ὑπομενοῦσιν.
1484 515 1493 533 t
1511 506 1587 533 Ἑπεὶ
1597 504 1643 532 τὸν
1659 505 1773 540 Σωτῆρα
1788 504 1837 530 καὶ
1851 503 1901 529 Κύο

1120 566 1175 593 ριον
1193 556 1272 592 ἡμῶν
1292 555 1394 591 Ἰηστῦν
1411 552 1528 589 Χριστὸν
1546 553 1560 579 ὁ
1574 551 1723 586 θαυμάσιος
1743 549 1899 580 Ἀπόστολος

1124 603 1268 639 Ἀρχιερέα
1282 601 1376 635 Μέγαν
1395 598 1542 635 ὼ(νόμασε)
1561 597 1735 633 διεληλυθότα
1746 597 1810 627 τοὺς
1822 595 1903 630 ούρα-

1117 649 1189 681 νοῦς,
1205 647 1359 683 ἀναφέροιτ¹
1374 646 1406 673 ἂν
1424 646 1465 672 ἐπ’
1481 644 1561 671 αὐτὸν
1577 643 1689 674 εἰκότως
1709 662 1717 670 .
1740 662 1746 669 .
1769 661 1777 669 .
1799 662 1807 668 .
1830 661 1836 668 .
1856 640 1901 668 καὶ

1117 696 1131 721 ὁ
1144 695 1213 722 κατὰ
1228 695 1275 729 τὴν
1291 693 1460 729 προφητείαν
1476 693 1509 726 τῇ
1524 699 1554 717 τε
1574 690 1642 725 αὐτῇ
1659 687 1838 724 προσωνυμία
1858 687 1902 713 καὶ

1117 741 1156 777 τῷ
1181 740 1255 776 αὐτῷ
1269 739 1403 774 ἀξιώματι
1415 736 1610 772 τετιμημένος·
1626 734 1710 770 ταύτη
1728 742 1757 760 τε
1779 753 1785 760 .

1174 805 1182 814 .
1203 806 1210 812 .
1232 785 1384 822 ρηματίσας
1397 793 1403 799 ·
1429 783 1523 810 τοῦτον
1539 782 1571 818 δὴ
1590 779 1636 808 οὖν
1651 782 1665 807 ὁ
1689 779 1791 815 Κύριος
1807 778 1902 811 ἔδειξεν
1918 803 1924 811 ,

1117 832 1156 868 τῷ
1173 832 1303 868 προφήτω
1324 850 1330 856 .
1353 851 1360 856 .
1384 851 1390 856 .
1413 850 1420 856 .
1440 827 1581 864 τιρυπώση
1604 824 1902 862 περιϐεϐλημένον,τήν

1117 879 1165 906 τοῦ
1181 879 1305 913 Σωτῆρος
1321 876 1398 912 ἡμῶν
1413 876 1459 901 ἐπὶ
1478 875 1527 910 τὴν
1549 873 1609 900 καθ’
1630 873 1704 908 ἡμᾶς
1716 870 1903 906 αἰχμαλωσίαν

283 915 465 955 vestirhentis.
482 915 544 954 Haec
557 926 638 954 Pater
657 915 802 954 exuenteni
822 927 899 962 jubet
915 926 1068 954 divinitatis

1122 925 1301 959 αἰνιττόμενος
1325 922 1448 953 κάθοδον,
1471 920 1531 947 καθ’
1546 920 1579 954 ἡν
1600 937 1608 945 .
1630 939 1637 945 .
1661 939 1668 946 .
1689 937 1697 946 .
1722 938 1729 944 .
1751 936 1758 943 .
1782 937 1788 943 .
1812 937 1819 942 .
1842 936 1851 942 .
1869 915 1903 941 ὧν

284 981 424 1001 assumere
445 973 543 1000 divinze
558 977 585 1000 et
605 973 703 1000 decora
719 973 819 1000 summi
835 973 862 1000 in
882 973 960 1001 caelis
975 981 1070 1001 sacer—

283 1019 351 1047 dolil
362 1020 487 1054 insignia.
504 1019 605 1046 llorum
621 1022 710 1046 autem
722 1026 754 1045 ex
773 1018 888 1045 historia
903 1019 945 1046 de.
969 1039 976 1046 .
998 1039 1006 1046 .
1028 1040 1034 1047 .
1057 1039 1066 1047 .

281 1065 375 1093 Jesum
393 1066 482 1100 typice
498 1069 527 1092 ut
538 1064 686 1092 verisimile
700 1069 742 1091 est
762 1064 834 1092 natis
849 1064 883 1091 ab
899 1065 953 1091 alio
965 1065 1068 1099 princi-

283 1111 327 1146 pio
345 1111 457 1139 verbum
469 1111 502 1138 ad
521 1111 609 1146 ipsum
623 1110 710 1137 virum
725 1108 818 1138 Iesum
831 1114 858 1137 et
875 1110 937 1138 illos
948 1111 1068 1145 quicum

283 1165 326 1184 eo.
348 1177 356 1184 .
379 1177 386 1184 .
410 1178 416 1184 .
439 1177 445 1184 .
468 1178 474 1184 .
496 1177 503 1186 .
531 1156 658 1191 dignatas
683 1157 831 1188 nominari,
859 1156 897 1183 ait
925 1166 931 1183 :
962 1167 971 1182 ι
998 1156 1069 1184 Ecce

283 1211 334 1238 ego
349 1203 481 1231 adducam
497 1203 617 1238 (servum
630 1202 730 1238 meum)
744 1202 882 1229 Orientem
894 1203 926 1229 ⁶⁷.
947 1212 956 1229 ι
972 1203 1004 1228 Et
1014 1210 1068 1229 non

283 1250 370 1277 multo
386 1254 448 1284 post
465 1260 472 1277 :
497 1259 506 1275 ι
523 1249 646 1277 Coronas
675 1249 702 1276 in
722 1249 810 1283 ipsius
825 1248 891 1276 Jesu
915 1249 1005 1284 capite
1018 1257 1068 1284 po-

284 1303 332 1322 nes
348 1295 380 1326 ⁶⁸,
404 1305 412 1320 ι
441 1295 573 1330 subjicit:
599 1304 608 1320 ι
636 1293 699 1321 Haec
727 1295 764 1321 ait
790 1294 923 1322 Dominus
944 1295 1069 1330 omnipo-

284 1343 345 1365 tens
361 1338 449 1366 :Ecce
461 1339 503 1366 vir
517 1338 615 1366 Oriens
628 1346 728 1366 nomen
743 1339 803 1373 ejus
816 1339 849 1366 ".
871 1348 881 1364 ›
898 1338 930 1365 Ει
944 1344 1016 1374 post.
1034 1360 1041 1366 .
1059 1361 1067 1367 .

284 1385 308 1419 (ι
321 1383 415 1411 subter
431 1386 504 1418 eum)
517 1385 620 1412 orietur
630 1388 657 1412 et
672 1383 818 1412 aadiﬁcabit
832 1384 961 1419 templum
978 1384 1069 1412 Domi-

284 1437 320 1456 no
330 1430 364 1462 ⁷⁸³,
376 1440 385 1456 ι
398 1434 458 1457 et...
468 1430 501 1457 ad
509 1430 647 1458 Christum
657 1430 801 1457 referenda
808 1434 916 1458 sunt....
927 1430 1009 1466 hujus
1017 1431 1069 1459 loci

284 1473 633 1508 sequentia.Verumtamen
648 1473 759 1502 Iudaeis.
782 1496 788 1503 .
808 1496 815 1502 .
831 1496 838 1503 .
856 1495 863 1501 .
885 1495 893 1503 .
909 1477 1068 1509 ostendere;

284 1526 346 1546 cum
363 1519 470 1553 quidem
486 1520 595 1549 minimc
612 1520 769 1555 prophetam
783 1528 809 1547 a.
826 1541 832 1548 .
852 1541 859 1548 .
882 1542 889 1549 .
911 1542 917 1548 .
928 1530 1022 1557 regno.
1039 1523 1070 1550 Et

1121 970 1237 1006 κηρύξαι
1255 967 1435 1005 αἰχμαλιωοις
1457 967 1563 1001 ἄφεσιν,
1578 963 1621 991 οἶα
1644 964 1676 1000 δὴ
1695 963 1746 995 τὰς
1769 962 1908 998 ἡμετέρας

1121 1019 1160 1049 εἰς
1182 1016 1277 1043 ἑαυτὸν
1301 1013 1441 1042 ἀναλαϐὼν
1459 1012 1594 1048 ἁμαρτίας
1618 1011 1748 1046 ῥυπαροῖς
1774 1009 1905 1043 κέχρηται

1121 1063 1186 1098 παρ’
1209 1060 1286 1097 ἡμῶν
1308 1060 1452 1095 ἐνδύμασι·
1470 1058 1555 1085 ταῦτα
1577 1057 1599 1083 δ“
1618 1058 1633 1084 ὁ
1655 1055 1749 1091 Πατὴρ
1772 1054 1906 1081 ἀποδύντα

1121 1107 1225 1135 κελεύει
1247 1106 1281 1133 τὰ
1304 1105 1352 1141 τῆς
1374 1104 1499 1139 θεότητος
1520 1102 1664 1130 ἀναλαϐεῖν
1686 1102 1746 1128 θεῖα
1770 1101 1818 1128 καὶ
1835 1099 1906 1133 ἀξιοο

1122 1154 1216 1191 πρεπῆ
1238 1155 1287 1189 τῆς
1308 1152 1367 1179 κατ’
1393 1151 1507 1187 οὐρανὸν
1533 1149 1736 1186 ἀρχιερωσύνης
1760 1147 1912 1182 ἐνδύματα..

1122 1201 1221 1228 Τούτω*
1248 1199 1276 1226 δὲ
1298 1199 1343 1225 καὶ
1364 1196 1435 1224 κατὰ
1448 1197 1497 1232 τὴν
1513 1195 1631 1231 ἱστορίαν
1647 1194 1710 1230 περὶ
1723 1203 1738 1220 τ
1759 1213 1767 1220 .
1789 1213 1795 1219 .
1821 1213 1828 1219 .
1851 1201 1908 1219 τοτε

1128 1245 1229 1280 Ἰησοῦν
1249 1244 1370 1275 τυπικῶς
1384 1243 1426 1275 ’ὡς
1448 1243 1521 1274 εἰκὸς
1540 1240 1730 1276 γεγενημένων
1745 1240 1792 1274 ἀφ’
1811 1239 1908 1274 ἑτέρας

1121 1291 1207 1326 ἀρχῆς
1222 1291 1235 1316 ὁ
1247 1290 1324 1324 λόγος
1347 1289 1414 1325 πρός
1425 1297 1455 1314 τε
1470 1288 1550 1315 αὐτὸν
1564 1287 1610 1313 τὸν
1629 1286 1714 1321 ἄνδρα
1735 1284 1841 1320 Ἰησοῦν
1864 1284 1910 1310 καὶ

1121 1337 1183 1368 τοὺς
1217 1336 1265 1362 σὺν
1290 1334 1364 1370 αὐτῷ
1384 1354 1392 1361 .
1415 1354 1424 1360 .
1445 1353 1452 1360 .
1474 1331 1720 1368 (τε)ρατοσκόπους,
1744 1329 1864 1365 ἡγοῦμαι
1888 1329 1909 1354 δ’

1122 1382 1208 1414 οὕτως
1221 1382 1283 1413 τοὺς
1296 1382 1345 1416 τῆς
1360 1379 1546 1416 πνευματικῆς
1568 1398 1574 1404 .
1597 1399 1604 1405 ,
1624 1397 1632 1404 .
1655 1397 1662 1404 .
1687 1397 1694 1403 .
1716 1397 1722 1402 .
1742 1375 1911 1410 ἠξιωμένους

1122 1427 1286 1463 ὠνομάσθαι,
1302 1427 1394 1462 φησίν,
1412 1435 1420 1452 ι
1439 1425 1505 1452 Ἰδοὺ
1522 1423 1577 1458 ἐγὼ
1593 1423 1651 1457 ἄγω
1664 1423 1710 1449 τὸν
1722 1441 1729 1448 .
1751 1442 1759 1449 .
1781 1441 1788 1448 .
1811 1440 1820 1448 .
1842 1440 1849 1447 .
1873 1440 1882 1448 .
1901 1438 1911 1447 .

1129 1471 1280 1506 Ἀνατολήν.
1299 1481 1307 1497 ι
1325 1471 1378 1497 Καὶ
1392 1469 1567 1500 ὑποκαταϐὰς
1581 1467 1662 1495 αὐτοῦ
1680 1466 1726 1493 τοῦ
1743 1465 1832 1501 Ἰησοῦ
1848 1465 1911 1496 τοὺς

1124 1515 1292 1551 στε(φάνους)
1315 1517 1348 1550 τῇ
1374 1514 1477 1550 κεφαλῇ
1503 1513 1624 1544 ἐπιθεὶς,
1650 1511 1775 1547 ἐπιφέρει
1802 1510 1910 1544 λέγων·

284 1565 431 1599 prophetiae
454 1565 631 1600 tempmibus.
654 1586 661 1593 .
683 1586 690 1592 .
713 1587 720 1592 .
743 1586 749 1592 .
771 1587 778 1593 .
802 1587 808 1593 .
832 1588 838 1594 .
862 1588 868 1594 .
891 1588 897 1595 .
923 1569 1069 1596 excitatum

1126 1571 1135 1587 ι
1151 1562 1220 1588 Τάδε
1235 1561 1308 1595 λέγει
1322 1561 1424 1596 Κύριος
1435 1559 1631 1594 παντοκράτωρ
1643 1566 1649 1573 ·
1668 1557 1723 1584 ἰδοὺ
1740 1557 1811 1592 ἀνὴρ
1835 1557 1911 1583 Ἀνα-

285 1611 414 1638 haberent
428 1611 581 1643 ostendere,
604 1611 657 1639 nisi
669 1611 803 1639 Joannem
819 1616 846 1640 et
860 1613 1005 1641 Dominum
1020 1622 1069 1641 no-

1122 1608 1183 1644 τολὴ
1201 1607 1286 1643 ὄνομα
1299 1616 1305 1622 ·
1322 1617 1331 1633 ›
1344 1607 1391 1633 καὶ
1406 1606 1527 1633 ὑποκάτ.
1550 1626 1557 1632 .
1580 1624 1587 1631 .
1610 1624 1616 1630 .
1638 1623 1648 1631 .
1669 1624 1675 1631 .
1697 1612 1707 1628 ‹
1725 1603 1852 1630 ἀνατελεῖ
1866 1604 1912 1629 καὶ

285 1655 478 1683 strumJesum
493 1656 641 1687 Christum.
665 1656 732 1689 Quis
758 1658 840 1692 igitur
869 1659 1071 1693 prophetizatus

286 1706 391 1735 tempus
404 1706 445 1729 est
458 1701 562 1729 dicere.
574 1721 581 1727 .
592 1722 598 1728 .
610 1723 617 1730 .
629 1722 636 1729 .
649 1723 656 1729 .
677 1701 706 1730 Si
727 1710 793 1730 vero
816 1703 949 1736 dicerent,
961 1704 1018 1732 hzec
1038 1704 1071 1731 ad

284 1746 375 1774 Jesum
391 1747 474 1774 lilium
483 1746 596 1775 Josedec
610 1753 748 1783 spectant,
762 1749 960 1776 ostendendum
977 1753 1018 1777 est
1032 1750 1072 1777 eis

285 1791 397 1818 minime
411 1791 449 1818 illi
465 1800 525 1827 qua:
539 1792 611 1819 dicta
628 1797 691 1820 sunt
703 1794 858 1821 convenire.
871 1793 985 1827 Quando
999 1795 1071 1822 enim

284 1843 409 1865 vocatum
424 1841 466 1865 est
485 1845 584 1865 nomen
599 1838 659 1872 ejus
674 1837 794 1866 Oriens?
808 1838 894 1871 Quam
913 1839 948 1866 ob
961 1847 1071 1867 causam

286 1883 337 1909 hac
350 1882 570 1910 denominatione
590 1883 738 1918 dignatur?
755 1885 896 1916 Quomodo
916 1892 978 1911 cum
993 1885 1072 1912 dece-

286 1933 336 1960 ret.
351 1938 360 1954 ι
375 1928 406 1955 Et
416 1929 554 1957 sedcbitct
568 1930 752 1958 dominabitur
763 1938 845 1965 super
860 1931 927 1958 solio
939 1931 1005 1958 tuo?
1019 1942 1027 1957 ι
1040 1940 1072 1958 ac

285 1976 435 2009 praesertim
456 1975 531 2006 illud,
547 1987 555 2000 ι
575 1979 602 2002 et
619 1975 669 2002 erit
683 1976 811 2003 sacerdos
827 1984 841 2002 a
856 1976 958 2004 dextris
975 1977 1067 2012 ejus?t

287 2020 316 2046 Si
330 2020 402 2048 enim
417 2021 475 2055 ipse
495 2025 567 2048 esset
586 2021 714 2048 sacerdos
729 2029 856 2057 magnus,
878 2023 939 2057 quis
954 2022 1024 2050 foret
1039 2023 1072 2050 ad

285 2066 423 2093 dexteram
438 2066 497 2100 ejus
525 2067 595 2093 alius
619 2074 651 2093 ac
672 2067 730 2102 ipse
754 2067 899 2094 sacerdos?
930 2067 1073 2095 Manifeste

286 2117 376 2139 autem
391 2113 473 2139 alium
487 2120 518 2139 ac
535 2113 609 2139 illum
629 2121 690 2140 esse
704 2113 783 2140 docet
799 2113 936 2140 Orientem
949 2114 1072 2140 nomina-

286 2163 352 2185 tum.
371 2157 476 2185 Etenim
490 2158 521 2185 ad
536 2159 623 2193 ipsum
641 2158 782 2186 Dominum
796 2162 822 2186 et
843 2160 875 2186 ad
893 2160 1073 2187 circumstan-

286 2209 327 2232 tes
360 2212 420 2231 eum
447 2205 485 2231 ait
506 2204 666 2239 Scriptura:
692 2214 701 2230 ι
725 2205 814 2237 Audi,
837 2205 920 2237 Jcsu,
945 2207 1073 2234 sacerdos

287 2258 397 2286 magne,
417 2255 445 2277 tu
461 2255 487 2277 et
507 2251 585 2277 amiei
605 2251 662 2278 tui:
680 2259 744 2278 ecce
767 2252 838 2278 enim
862 2259 912 2286 ego
939 2251 1071 2279 adducam

1123 1654 1292 1688 οἰκοδομήσει
1308 1653 1353 1679 τὸν
1376 1650 1449 1678 οἷκον
1471 1651 1571 1686 Κυρίου
1589 1660 1598 1677 ›
1617 1649 1726 1681 καὶτὰς
1745 1670 1753 1676 .
1776 1669 1784 1676 .
1807 1670 1814 1676 .
1838 1669 1846 1676 .
1867 1650 1914 1675 καὶ

1123 1699 1158 1726 τὰ
1179 1699 1225 1725 ἐπὶ
1247 1699 1292 1726 τὸν
1316 1697 1433 1734 Χριστὸν
1455 1696 1607 1732 ὰναφέροιτ¹
1623 1695 1666 1728 ἂν,
1683 1695 1733 1730 τῆς
1755 1694 1913 1730 προσηκοὺ-

1124 1755 1173 1782 σης
1193 1766 1200 1773 .
1223 1765 1232 1773 .
1253 1745 1388 1782 (τυ)χόντα
1411 1744 1562 1779 διηγήσεως
1575 1751 1582 1757 ·
1599 1741 1668 1777 πλὴν
1682 1742 1729 1768 καὶ
1743 1742 1801 1772 τοῖς
1818 1742 1851 1767 ὲκ
1868 1748 1914 1766 π-

1124 1791 1236 1827 ριτομῇς
1252 1790 1298 1817 καὶ
1320 1809 1326 1816 .
1349 1810 1355 1816 .
1379 1810 1387 1818 .
1409 1808 1416 1815 .
1439 1808 1446 1816 .
1469 1809 1476 1815 .
1498 1808 1506 1815 .
1527 1787 1589 1814 αλὸν
1611 1807 1618 1813 .
1641 1807 1647 1812 .
1671 1807 1677 1812 .
1700 1806 1707 1813 .
1728 1785 1914 1820 παραθέσθαι.

1123 1838 1184 1863 ἐπεὶ
1200 1836 1259 1871 μηδ’
1275 1835 1341 1866 ὅλως
1356 1835 1497 1870 προφήτην
1522 1832 1575 1859 ἀπὸ
1590 1832 1639 1867 τῆς
1659 1852 1667 1859 .
1688 1851 1694 1858 .
1717 1850 1725 1858 .
1748 1850 1754 1857 .
1778 1850 1785 1857 .
1810 1839 1913 1866 περσου

1124 1882 1274 1918 βασιλείας·
1291 1881 1337 1907 καὶ
1351 1881 1405 1907 τῶν
1417 1880 1467 1915 τῆς
1482 1878 1649 1915 προφητείας
1660 1877 1765 1912 χρόνων
1784 1897 1790 1902 .
1816 1897 1823 1902 .
1847 1897 1854 1902 .
1878 1896 1886 1904 .
1906 1897 1913 1904 .

1154 1950 1162 1957 .
1184 1948 1191 1956 .
1211 1927 1394 1963 ἐγηγερμένον
1407 1926 1492 1961 ἔχοιεν
1507 1924 1648 1956 ἐπιδεῖξαι,
1668 1923 1704 1958 μὴ
1718 1924 1760 1950 ὅτι
1776 1931 1810 1956 γε
1825 1922 1914 1951 Ἰωάν-

1122 1984 1171 2011 νην
1188 1974 1294 2002 καὶτὸν
1326 1973 1426 2008 Κύριον
1455 1972 1532 2008 ἡμῶν
1557 1970 1659 2006 Ἰησοῦν
1673 1969 1802 2006 Χριστόν.
1822 1970 1872 2001 Τίς
1884 1970 1916 2005 δή

1122 2020 1167 2048 οὖν
1180 2023 1194 2048 ὁ
1210 2019 1445 2056 προφητευόμενος
1467 2018 1526 2053 ὥρα
1547 2018 1634 2052 λέγειν
1657 2038 1662 2043 .
1683 2037 1692 2046 .
1712 2017 1736 2043 εἰ
1750 2016 1779 2043 δε
1797 2016 1911 2050 λέγοιεν,

1121 2067 1209 2094 ταῦτα
1225 2068 1264 2098 εἰς
1278 2066 1323 2092 τὸν
1343 2065 1445 2101 Ἰησοῦν
1458 2065 1502 2091 τὸν
1524 2064 1570 2090 τοῦ
1589 2063 1710 2090 Ἰωσεδὲκ
1733 2063 1911 2099 ἀναξέρεται,

1122 2112 1239 2139 δεικτέον
1251 2113 1351 2144 αὑτοῖς,
1366 2112 1406 2138 ὅτι
1417 2110 1546 2146 μηδαμῶς
1563 2111 1658 2144 ἐκείνῳ
1668 2109 1701 2135 τὰ
1715 2110 1852 2144 λεγόμενα
1866 2111 1913 2144 ἁρ-

1125 2158 1200 2194 μόζει
1211 2167 1217 2173 ·
1234 2158 1298 2184 πότε
1316 2158 1368 2193 γὰρ
1391 2156 1491 2192 ἐκλήθη
1505 2157 1534 2182 τὸ
1549 2156 1633 2190 δνομα
1654 2154 1737 2181 αὑτοῦ
1762 2155 1891 2189 Ἀνατολή
1906 2163 1911 2182 ;

1122 2205 1166 2231 διὰ
1178 2205 1204 2230 τί
1219 2204 1247 2230 δὲ
1262 2204 1308 2230 καὶ
1323 2203 1424 2237 ταύτης
1440 2202 1561 2234 ἀξιοῦται
1578 2202 1627 2237 τῆς
1639 2200 1843 2236 προσηγορίαςς
1856 2201 1912 2231 πῶς

1124 2251 1152 2277 δὲ
1168 2250 1282 2286 ἁρμόσει
1302 2248 1376 2284 αὐτῷ
1389 2249 1429 2281 τὸ,
1449 2257 1459 2273 ί
1481 2247 1535 2274 Καὶ
1552 2247 1685 2274 καθιείται
1706 2247 1753 2272 καὶ
1772 2246 1852 2282 ἄρξει
1869 2246 1913 2271 ἐπὶ

286 2304 394 2325 servum
419 2304 509 2323 meum
523 2296 671 2324 Orientem.
691 2307 699 2322 ι
719 2297 747 2323 Si
768 2297 850 2332 igitur
863 2297 886 2324 ei
903 2297 959 2324 [πως
977 2297 1069 2325 dicun-

1125 2297 1171 2323 τοῦ
1186 2297 1279 2331 θρόνου
1292 2295 1390 2329 aii-:06;
1409 2304 1417 2321 ι
1437 2294 1552 2330 μάλιστα
1559 2294 1587 2320 δὲ
1599 2293 1640 2325 τὸ,
1658 2304 1666 2318 ι
1682 2293 1737 2319 Καὶ
1751 2293 1828 2319 ἔσται
1840 2293 1855 2319 ὁ
1878 2294 1913 2318 ἱε-

287 2349 349 2375 tur,
384 2343 519 2378 quomodo
551 2342 702 2369 existimari
731 2346 819 2378 potest
850 2343 883 2370 de
912 2344 971 2378 ipso
995 2344 1070 2372 dici:

290 2399 299 2415 ι
318 2389 385 2416 Ecce
398 2390 439 2415 vir
455 2388 551 2416 Oriens
566 2388 686 2423 (nomen)
703 2388 782 2422 ejus?
802 2397 811 2414 ι
833 2388 933 2424 Aperte
952 2389 995 2416 his
1012 2397 1071 2416 ver-

287 2436 328 2463 bis
341 2435 401 2463 duae
413 2435 590 2470 designantur
601 2442 741 2468 personam
759 2435 843 2462 altera
859 2435 978 2470 quidem,
989 2443 1070 2470 quam

288 2481 434 2515 alloquitur
445 2481 585 2513 divinitas,
601 2480 687 2507 altera
702 2480 735 2507 dc
750 2488 803 2515 qua
824 2481 1003 2515 prophetizat.
1021 2481 1071 2508 Cui

287 2529 314 2552 et
329 2526 387 2553 sine
407 2526 593 2553 controversia
608 2525 784 2553 induceretur
798 2525 832 2552 ad
844 2525 993 2558 Christum,
1008 2533 1072 2553 vere

289 2573 383 2599 lilium.
405 2591 413 2600 .
432 2592 440 2599 .
462 2591 469 2599 .
491 2593 498 2600 .
539 2593 545 2598 .
573 2592 579 2599 .
603 2593 610 2600 .
633 2593 640 2599 .
662 2593 669 2599 .
697 2572 856 2607 intelligitur
884 2572 999 2606 juslitia.
1021 2571 1071 2599 Hic

288 2622 359 2645 esset
375 2618 463 2646 Pater.
486 2639 492 2646 .
518 2639 524 2646 .
547 2639 553 2645 .
577 2639 584 2646 .
607 2639 614 2645 .
632 2619 753 2646 victoriae
768 2619 878 2646 coronis
890 2618 999 2646 Christo
1021 2619 1072 2645 im-

289 2665 384 2698 positis
405 2685 412 2692 .
435 2685 442 2692 .
465 2686 471 2692 .
496 2686 501 2692 .
524 2684 530 2692 .
553 2684 560 2692 .
583 2685 590 2692 .
613 2685 620 2692 .
652 2668 741 2692 vocat.
773 2663 888 2699 Propter
919 2664 1070 2691 doctrinam

290 2708 360 2735 inter
374 2709 507 2737 homines.
533 2731 538 2736 .
559 2730 566 2737 .
587 2729 594 2736 .
617 2731 623 2736 .
646 2730 653 2738 .
676 2730 683 2737 .
705 2730 712 2738 .
735 2730 742 2737 .
764 2709 938 2744 Primumque
962 2715 989 2737 et
1015 2717 1071 2736 ma-

291 2760 374 2787 gnum
390 2753 483 2780 Pontif
502 2772 510 2781 .
533 2775 539 2781 .
562 2775 569 2782 .
592 2775 598 2781 .
619 2754 828 2789 primogenitum
852 2753 912 2787 ejus
941 2752 1069 2780 Verbum.

291 2797 362 2825 Deus
377 2800 485 2833 quidem
497 2807 560 2827 cum
579 2800 614 2828 sit
627 2803 653 2828 et
670 2799 810 2827 Dominus.
835 2820 841 2826 .
864 2819 870 2824 .
895 2821 902 2827 .
925 2818 930 2823 .
953 2818 960 2826 .
981 2806 1071 2826 sacer-

329 2876 350 2891 ”
370 2875 483 2903 Zachar.
500 2884 536 2908 vr,
549 2875 578 2903 Η
590 2889 602 2894 —
615 2876 657 2902 lt.

697 2877 718 2892 "
739 2875 809 2905 Hell?
837 2886 871 2908 ..',
890 2875 932 2904 Η.
970 2876 990 2891 ⁵⁷
1012 2875 1124 2903 Zachar.
1145 2883 1192 2907 tu,
1210 2876 1235 2901 8.
1275 2875 1296 2889 “
1319 2873 1430 2901 Zachar.
1454 2882 1488 2905 γι,
1508 2874 1549 2900 Η.

1128 2343 1187 2378 ρεὺς
1203 2343 1234 2368 ἐκ
1249 2341 1340 2375 δεξιῶν
1358 2340 1437 2368 αὐτοῦ
1451 2350 1458 2374 ;
1479 2350 1489 2366 ι
1510 2341 1534 2366 εἰ
1548 2339 1601 2375 γὰρ
1616 2339 1696 2370 αὐτὸς
1717 2338 1866 2373 ἐτύγχανεν
1877 2338 1912 2363 ὢν

1125 2389 1139 2414 ὁ
1155 2388 1241 2422 ἱερεὺς
1259 2388 1272 2413 ὁ
1296 2387 1391 2422 μέγας,
1416 2386 1458 2417 τίς
1478 2385 1500 2411 δ’
1517 2386 1549 2412 ἂν
1569 2385 1610 2420 εἴη
1626 2386 1640 2411 ὁ
1656 2385 1688 2411 ἐκ
1703 2384 1798 2416 δεξιῶν
1817 2383 1911 2414 αὐτοῦ,

1125 2434 1218 2468 ἕτερος
1231 2432 1267 2459 ὢν
1283 2434 1346 2469 παρ’
1362 2433 1442 2459 αὑτὸν
1460 2432 1548 2467 ἱερεύς
1561 2440 1568 2463 ;
1587 2431 1677 2465 σαφῶς
1690 2430 1718 2456 δὲ
1732 2431 1826 2465 ἕτερον
1846 2430 1911 2464 παρ’

1125 2479 1228 2504 ἐκεῖνον
1256 2475 1324 2503 εἶναι
1352 2477 1471 2504 διδάσκει
1500 2476 1544 2502 τὸν
1573 2475 1717 2510 λεγόμενον
1747 2474 1910 2509 Ἀνατολήψ

1126 2523 1192 2558 πρὸς
1206 2523 1259 2558 γὰρ
1280 2523 1324 2548 τὸν
1344 2522 1424 2549 αὑτὸν
1440 2521 1542 2557 Κύριον
1555 2522 1602 2547 καὶ
1616 2521 1700 2555 το(ὺς)
1723 2540 1730 2546 .
1754 2541 1760 2547 .
1781 2521 1850 2555 ἀμφ’
1865 2521 1911 2546 αἰ-

1124 2569 1223 2604 τοῦ(ὸν)
1248 2569 1329 2604 φησιν
1345 2570 1358 2594 ὁ
1374 2568 1466 2602 λόγος·
1487 2577 1497 2594 ι
1517 2569 1616 2594 Ἄκουε
1630 2567 1662 2602 δὴ
1684 2567 1771 2602 Ἰησοῦ
1791 2568 1806 2593 ὁ
1823 2568 1911 2602 ἱερεὺς

1125 2613 1139 2638 ὁ
1155 2613 1249 2647 μέγας,
1277 2613 1308 2639 σὺ
1330 2612 1376 2638 καὶ
1393 2612 1417 2638 οἱ
1434 2612 1545 2647 πλησίον
1561 2620 1606 2638 σου
1617 2620 1624 2626 ”
1639 2611 1694 2638 ἰδοὺ
1718 2612 1774 2645 ὲγὼ
1788 2612 1848 2646 ἄγω
1866 2613 1910 2638 τὸν

1125 2657 1216 2685 δοῦλόν
1232 2667 1281 2692 μου
1300 2657 1443 2692 ’Λνατολήν
1452 2666 1458 2672 '
1480 2667 1490 2683 ›
1506 2658 1530 2683 εἰ
1546 2657 1578 2692 δὴ
1592 2655 1637 2683 οὖν
1649 2657 1723 2692 αὐτῷ
1736 2658 1826 2684 ταῦτα
1836 2658 1909 2694 εἴρη-

1124 2712 1178 2736 ται,
1196 2704 1253 2734 πῶς
1275 2703 1308 2730 ἂν
1324 2697 1363 2729 ἔτι
1382 2703 1472 2739 χώραν
1489 2704 1593 2739 ἕ;(ει(οιὶ
1612 2703 1642 2729 τὸ
1660 2704 1724 2739 περὶ
1740 2704 1823 2730 αὑτοῦ
1835 2704 1910 2737 λέγε⁸

1126 2750 1187 2776 σθαι
1199 2750 1317 2785 νομίζειν
1330 2749 1386 2782 τὸ,‹
1397 2750 1462 2776 Ἰδοὺ
1479 2751 1547 2785 ἀνὴρ
1560 2749 1690 2784 ἀνατολὴν
1712 2769 1718 2775 .
1741 2769 1748 2776 .
1771 2769 1779 2776 .

1125 2797 1220 2832 Σαφῶς
1235 2798 1266 2832 δὴ
1281 2797 1324 2823 διὰ
1345 2797 1445 2823 τούτων
1468 2797 1513 2822 δύο
1535 2796 1698 2831 παρίσταται
1713 2797 1847 2830 πρόσωπα
1860 2804 1866 2810 ·
1884 2795 1910 2820 ἓν

1800 2749 1887 2783 αὑτᾷ
1899 2757 1907 2773 ι

1589 2874 1610 2889 ⁹¹³
1630 2873 1694 2900 ibid.
1717 2874 1759 2899 l2.
1799 2875 1822 2889 ⁷ο
1841 2873 1908 2900 ibid.
