2037 3215
177 199 246 227 1149

698 198 843 227 ΕςιοςΑε
859 198 1202 227 PROPHETlC/E.—Llll.
1224 199 1256 226 Ill

1738 203 1806 230 “50

176 260 225 294 μὲν
246 256 267 293 ᾧ
286 259 315 286 τὸ
329 259 398 286 θεῖον
412 259 442 295 (1³.
456 259 499 294 ,32
515 260 552 294 v°)
568 259 732 293 διαλέγεται,
745 259 840 295 ἕτερον
850 259 886 292 ,δὲ
900 260 963 295 περὶ

1015 260 1065 286 dos
1080 260 1174 294 prima:
1188 263 1215 286 et
1241 259 1367 287 incl-cata
1389 259 1508 287 deitatis.
1531 279 1537 287 .
1560 279 1567 287 .
1590 281 1596 288 .
1619 281 1625 287 .
1647 280 1654 288 .
1678 283 1684 289 .
1708 281 1715 288 .
1744 270 1806 291 esse

173 302 205 332 οὗ
219 305 400 340 προφητεύει·
417 302 440 339 ᾧ
456 306 502 332 καὶ
517 305 709 340 ἀναμφιλόγως
731 305 850 339 ἀνάγοιτ*
865 306 898 332 ἂν
917 306 962 332 ἐπὶ

172 351 219 377 τὸν
231 352 347 387 Χριστὸν
366 351 412 378 τὸν
431 351 538 387 ἀληθῶς
552 351 610 378 υἱὸν
630 351 676 378 τοῦ
698 371 704 377 .
728 371 734 378 .
757 372 763 378 .
787 371 794 378 .
817 373 823 379 .
846 371 852 378 .
874 352 960 388 ἑρμη-

173 397 280 424 νεύεται
293 397 342 424 ἰαὼ
353 397 521 432 δικαιοσύνη·
536 393 613 428 οὗτος
626 397 648 423 δ’
662 396 695 423 ἂν
707 397 749 432 εἴη
762 398 776 424 ό
788 397 882 433 Πατὴρ
895 417 902 424 .
925 418 931 424 .
955 419 960 424 .

174 443 236 474 τοὺς
249 442 304 469 τῶν
321 443 485 479 νικητηρίων
506 443 656 479 περιτιθεὶς
677 442 717 478 τῷ
731 443 840 479 Χριστῷ
864 444 964 479 στεφά-

173 497 236 520 νους
258 509 263 515 .
287 510 292 516 .
315 509 322 516 .
345 509 350 515 .
374 511 409 525 .,.
432 509 438 516 .
461 510 468 515 .
491 509 498 516 .
522 509 528 515 .
551 508 558 515 .
581 510 587 516 .
611 510 616 515 .
641 509 647 515 .
670 510 676 516 .
698 489 790 515 καλεῖ-
808 489 910 526 διὰτὴν
925 491 964 522 εἰς

1013 313 1076 332 eum
1101 305 1167 333 dicit
1183 312 1198 332 a
1215 313 1270 340 quo
1296 305 1403 341 excepit
1431 305 1560 339 homine,
1584 307 1726 336 sacerdote
1747 317 1806 335 ma-

1012 359 1076 387 gno.
1096 371 1104 379 .
1123 371 1130 379 .
1148 371 1155 378 .
1174 371 1180 379 .
1198 371 1204 377 .
1223 372 1229 379 .
1246 371 1254 380 .
1274 351 1334 386 ipso
1349 351 1522 379 manifestato
1534 360 1582 388 per
1597 354 1727 382 unitatem
1743 362 1805 383 eum

1014 397 1061 425 Dci
1076 397 1231 433 Unigenito.
1247 398 1350 431 Quibus
1367 406 1431 426 vero
1448 406 1510 426 cum
1536 399 1640 428 fusiore
1655 408 1724 435 opus
1734 406 1808 430 esset

1015 444 1217 479 explanatione,
1233 444 1291 472 haec
1315 444 1439 472 sufﬁcere
1468 445 1609 481 proposito
1634 451 1728 473 nostro
1755 454 1806 482 pu-

1016 495 1116 518 tamus.

173 535 333 571 ἀνθρώπους
355 535 531 562 ἁνατείλασαν
545 536 578 562 αὑ
598 556 604 563 .
628 557 634 562 .
657 557 664 562 .
686 557 691 562 .
721 556 728 562 .
751 557 757 563 .
783 557 788 564 .
809 556 816 563 .
835 537 1007 564 διδασκαλίαν
1018 538 1064 564 καὶ
1078 538 1123 564 τὸν
1145 538 1253 574 πρῶτον
1271 539 1317 565 καὶ
1335 538 1421 574 μέγαν
1440 540 1524 575 ἀρχι.
1547 561 1554 567 .
1592 561 1598 568 .
1621 559 1629 567 .
1650 560 1657 567 .
1681 561 1688 568 .
1710 560 1717 567 .
1739 559 1746 566 .
1769 559 1777 567 .
1799 571 1806 578 .

174 581 345 617 πρωτότοκον
364 581 444 608 αὖτοῦ
459 582 559 617 Λόγον·
575 582 640 609 Θεὸν
653 583 702 618 μὲν
715 583 780 610 ἤντα
796 583 842 610 καὶ
859 583 962 620 Κύριον
981 584 1034 611 τῶν
1056 605 1062 611 .
1085 603 1093 612 .
1117 606 1123 612 .
1148 606 1153 612 .
1178 607 1183 613 .
1207 605 1215 613 .
1237 606 1243 612 .
1265 606 1272 612 .
1293 594 1330 612 ων
1345 585 1419 622 ἱερέα
1441 586 1470 612 δὲ
1494 586 1543 622 τῆς
1560 585 1671 622 πρώτης
1686 586 1732 613 καὶ
1745 588 1808 620 ἁγε-

174 629 256 663 νήτου
269 627 409 664 θεότητος⁸
433 649 438 654 .
461 648 467 656 .
491 649 498 656 .
519 650 526 656 .
550 651 556 657 .
577 639 617 666 ωρ
628 630 656 657 δὲ
670 628 740 656 εῖναι
754 630 834 657 αὐτόν
851 639 932 665 φησιν
944 628 974 658 οὗ
993 631 1137 667 ἀνείληφεν
1157 631 1310 667 ἀνθρώπου,
1331 632 1426 668 ἱερέως
1442 633 1559 668 μεγάλου
1581 653 1587 660 .
1609 653 1616 660 .
1638 653 1646 660 .
1667 653 1675 660 .
1697 653 1704 659 .
1725 632 1808 660 αὑτοῦ

174 674 388 711 χρηματίζοντος
403 675 446 702 διὰ
466 676 514 711 τὴν
530 676 626 702 ’ένωσιν
647 676 697 710 τὴν
720 677 788 712 πρὸς
811 677 855 703 τὸν
878 678 1015 713 Μονογενῆ
1047 677 1094 704 τοῦ
1109 677 1188 705 Θεοῦ.
1203 677 1307 714 Πολλῆς
1331 678 1360 704 δὲ
1387 679 1440 705 τῶν
1457 679 1527 706 κατὰ
1553 679 1598 706 τὸν
1616 679 1697 706 τόπον
1716 679 1806 715 δεομέ-

174 731 227 749 νων
243 722 418 758 ὲξ(ηγήσεως)
438 722 517 749 ἱκανὰ
534 723 580 749 καὶ
600 722 687 749 ταῦτα
701 722 739 755 ὡς
756 723 823 758 πρὸς
837 722 886 758 τὴν
910 723 1052 759 παροῦσαν
1065 723 1201 751 ὑπόθεσιν.

430 793 628 820 ΚΕΦΑΛΔΙΟΝ
647 795 710 821 KA’.

472 850 527 877 Τοῦ
539 850 644 878 αὐτοῦ.

1299 792 1414 820 CAPUT
1434 791 1529 820 XXIV.

1311 849 1354 877 Ea:
1375 850 1475 877 eodem.

212 916 221 932 ι
238 907 323 942 Χαῖρε
334 927 341 934 .
360 927 366 933 .
389 929 395 934 .
417 926 425 933 .
448 927 454 934 .
473 907 591 944 θύγατερ
605 907 684 941 Σιὼν,
699 909 830 944 κήρυσσε,
846 909 963 945 θύγατερ

1056 916 1065 933 ‹
1084 906 1196 934 Exsulta
1211 906 1312 942 (satis),
1327 906 1382 934 ﬁlia
1403 905 1482 938 Sion.
1500 907 1603 942 jubila,
1621 908 1674 935 ﬁlia
1693 908 1807 937 Jerusa-

179 953 373 988 Ἰερουσαλήμ·
403 953 472 985 ἰδοὺ,
494 954 508 980 ὁ
529 953 562 988 βα
584 973 590 980 .
612 972 620 980 .
642 973 650 980 .
671 973 678 980 .
701 974 708 981 .
729 953 837 989 ἔρχεταί
860 963 901 981 σοι
924 954 963 981 δί-

1015 955 1078 982 lem.
1093 953 1162 981 Ecce
1177 953 1233 981 Rex
1245 953 1332 989 (tuus)
1345 954 1434 981 veniet
1443 953 1493 981 tibi
1505 954 1597 989 justus
1623 958 1650 981 et
1662 954 1802 982 Salvator:

174 1008 250 1031 καιος
265 1000 312 1026 καὶ
329 998 422 1031 σώζων
443 999 524 1031 αὐτὸς
540 1000 630 1036 πραῢς
647 1000 693 1026 καὶ
709 1000 755 1026 ἐπι
777 1019 783 1026 .
806 1021 813 1027 .
835 1019 842 1026 .
864 1019 871 1026 .
894 1020 901 1027 .
924 1020 931 1026 .
953 1020 960 1026 .

1014 1002 1072 1036 ipse
1087 1009 1191 1036 pauper
1215 999 1380 1037 (ascendens
1402 1003 1499 1036 super)
1522 1000 1627 1029 asinam
1641 1021 1648 1033 ,
1676 1004 1703 1028 et
1723 1009 1806 1036 super
1846 1021 1852 1027 .

174 1046 320 1080 ὑποζύγιον
335 1046 381 1073 καὶ
399 1045 487 1073 πῶλον
501 1046 570 1073 νέον.
584 1047 640 1073 Καὶ
654 1046 837 1082 ὲξολοθρεύσει
853 1046 963 1083 ἅρματα

173 1092 204 1125 ἐξ
222 1091 351 1128 Ἐφραῖμ,
373 1092 420 1119 καὶ
442 1092 524 1118 ἵππον
545 1091 574 1125 ἐξ
597 1092 783 1128 Ἰερουσαλὴμ,
805 1092 852 1119 καὶ
873 1092 962 1126 ἐξολο-

174 1137 318 1173 θρεύσεται
338 1137 414 1171 τόξον
433 1138 589 1173 πολεμικὸν,
612 1139 659 1165 καὶ
683 1138 784 1174 πλῆθος
801 1139 848 1166 καὶ
868 1139 962 1175 εἰρήνη

174 1184 205 1216 ἐξ
221 1184 315 1216 ἐθνῶν,
332 1185 379 1211 καὶ
395 1184 524 1220 κατάρξει
537 1185 590 1211 ἀπὸ
605 1184 752 1221 θαλάσσης,
767 1185 815 1212 καὶ
831 1186 962 1221 ποταμῶν

172 1231 208 1258 δι’
220 1231 333 1258 ὲκῆολὰς
346 1231 407 1266 γῆς.
430 1241 440 1257 ›
455 1231 584 1267 Θυγάτηρ
599 1230 678 1262 Σιὼν,
692 1240 709 1267 ῃ
727 1232 893 1267 προστάσσει
907 1232 964 1268 χαί-

175 1285 232 1312 ρειν
247 1277 261 1303 ὁ
283 1276 379 1310 Λόγος,
401 1277 475 1303 πᾶσα
497 1278 514 1312 ἡ
536 1276 586 1312 τῆς
609 1278 708 1312 νοητῆς
731 1277 778 1304 καὶ
802 1277 962 1314 ἐπουρανίου

174 1322 243 1349 Σιὼν
253 1323 277 1350 οἱ
292 1331 490 1358 κατατυγχανει
513 1322 660 1358 {sicin}.va
671 1331 679 1338 '
693 1323 710 1358 ἢ
733 1323 771 1358 (ἡ)
788 1323 834 1349 καὶ
849 1324 894 1350 ἐπὶ
912 1324 964 1359 γῆς

174 1368 218 1395 διὰ
229 1367 347 1403 Χριστοῦ
362 1368 482 1394 συστᾶσα
499 1366 528 1399 ἐξ
548 1366 631 1393 ἐθνῶν
649 1367 788 1403 ἡκκλησία
803 1366 849 1402 (ς)’
863 1366 964 1402 ὁμοίως

174 1415 197 1441 δ’
213 1412 246 1441 αὖ
264 1414 344 1441 πάλιν
363 1414 486 1449 θυγάτηρ
506 1414 692 1449 Ἰερουσαλὴμ,
705 1415 722 1449 ἡ
738 1413 896 1448 συγγένειαν
915 1413 964 1449 φέ-

177 1470 260 1497 ρουσα
281 1461 330 1496 τῆς
359 1460 518 1496 ἐπουρανίου
543 1460 733 1496 Ἰερουσαλήμ.-
751 1457 795 1487 οἶὰ
818 1469 861 1492 τις
886 1458 920 1496 ἦν
946 1461 963 1496 ὴ

175 1507 282 1535 Παύλου
299 1507 433 1542 λέγοντος.
453 1517 462 1533 ε
484 1507 515 1533 ’11
530 1507 558 1533 δὲ
570 1507 626 1534 ἄνω
646 1507 822 1542 Ἰερουσαλὴμ
834 1507 964 1543 ἐλευθέρα

174 1555 258 1585 ἐστὶν,
276 1554 337 1589 ἥτις
351 1553 424 1580 ἐστὶν
443 1553 533 1587 μήτηρ
544 1551 633 1587 ἡμῶν.
654 1562 663 1578 ι
677 1553 742 1584 Ταῖς
759 1552 791 1587 δὴ
805 1550 852 1579 οὖν
871 1552 963 1578 τοιαύ-

174 1609 234 1632 ταις
247 1599 345 1635 ψυχαῖς
359 1600 373 1626 ὁ
392 1598 476 1633 Λόγος
492 1598 692 1634 (ὲπι)δημήσειν
713 1598 758 1625 τὸν
783 1598 900 1633 Χριστὸν
915 1597 962 1625 τοῦ

174 1647 242 1674 Θεοῦ
273 1646 506 1683 προανακηρύττει
536 1646 718 1681 ἐπιϐεϐηκότα
747 1647 886 1682 ὑποζυγίῳ
916 1647 963 1673 καὶ

175 1694 256 1729 πώλῳ
269 1694 322 1729 νέῳ
332 1701 338 1709 '
351 1692 423 1719 οὕτω
436 1692 485 1728 τῆς
500 1691 671 1728 ἀνθρωπείας
691 1692 808 1727 φύσεως,
822 1693 855 1727 ἣν
872 1693 965 1728 ἐπιδη-

176 1741 265 1775 μήσας
279 1738 454 1775 (ἀνεί)ληφεν,
481 1737 627 1773 νοουμένης
638 1746 644 1752 ·
666 1737 724 1773 μεθ’
737 1735 771 1774 ἦς
784 1737 964 1774 ὲξωλόθρευσε

174 1786 264 1812 πᾶσαν
278 1785 427 1820 πολεμικὴν
443 1784 557 1820 δύναμιν
570 1783 623 1810 ἀπὸ
636 1784 724 1818 πάσης
736 1783 964 1819 ἐκκλησιαστικῆς

175 1833 222 1860 καὶ
244 1818 484 1867 φέρειν-καρπούς
505 1818 599 1865 άγίους
626 1829 774 1865 δυναμένης
796 1818 896 1865 ψυχῆς,
917 1818 964 1857 τοῦ

181 1878 300 1915 Ἐφραῖμ
324 1879 364 1910 εἰς
392 1877 580 1913 καρποφορίαν
607 1876 892 1912 μεταλαμϐανομὲνου,
917 1876 965 1903 καὶ

174 1925 214 1956 είς
237 1924 331 1959 ὅρασιν
351 1924 462 1959 εἰρήνης
484 1921 555 1949 κατὰ
577 1922 626 1957 τὴν
646 1921 758 1948 Ἐλλάδα
779 1921 901 1955 γλῶτταν
915 1922 965 1956 τῆς

181 1969 371 2004 ’Ῑερουσαλήμο
385 1969 431 1995 καὶ
446 1968 477 2002 δὴ
489 1967 680 2002 ὲξολοθρεύσας
693 1967 756 1998 τοὺς
770 1967 902 2002 πρότερον
914 1966 964 2002 τῆς

174 2015 382 2052 ἀνθρωπὸτητος
395 2014 594 2050 ὲπικρατούσας
605 2013 664 2047 (sic)
675 2013 803 2047 δαίμονας
819 2013 963 2047 πονηροὺς,

175 2062 204 2095 ἐξ
232 2061 360 2088 ἁπάντων
383 2061 436 2088 τῶν
464 2060 548 2086 πάλαι
569 2059 676 2092 τούτοις
696 2059 860 2094 ὑποχειρίων
880 2058 964 2085 ὲθνῶν

176 2108 290 2143 μυρίους
315 2107 392 2138 ὅσους
412 2106 464 2132 ὑπὸ
478 2106 523 2132 τὸν
539 2105 637 2140 εὐσεϐῆ
653 2107 702 2140 τῆς
721 2104 894 2136 διδασκαλίας
918 2105 965 2131 αὺ-

172 2153 221 2180 τοῦ
234 2152 314 2187 ζυγὸν
331 2153 497 2188 ὑπηγάγετο.
514 2151 606 2178 Ταῦτα
619 2151 666 2187 μὲν
682 2151 753 2178 κατὰ
767 2151 885 2178 διάνοιαν
896 2159 903 2165 ·
918 2150 964 2177 καὶ

175 2197 264 2233 ῥητῶς
287 2198 314 2224 δὲ
329 2200 343 2225 ὁ
366 2199 481 2232 Χριστὸς
502 2197 715 2233 ἐνανθρωπήσας
731 2197 778 2224 καὶ
801 2196 964 2232 σωματικῶς

174 2244 225 2275 τὰς
238 2244 302 2277 περὶ
315 2244 396 2270 all-:05
416 2244 583 2279 προφητείας
597 2243 738 2274 ἐπιτελῶν,
755 2242 802 2270 καὶ
815 2242 901 2278 ταύτῃ
915 2242 964 2268 πέ-

176 2298 227 2325 ρας
248 2288 422 2321 ἐπιτέθεικεν,
441 2290 485 2316 ὅτε
506 2290 576 2316 κατὰ
598 2289 643 2316 τὸν
667 2289 862 2324 εὐαγγελιστὴν
888 2287 964 2315 εἶπεν

174 2337 232 2368 τοῖς
255 2334 350 2362 ἑαυτοῦ
369 2335 510 2370 μαθηταῖς,
532 2345 541 2361 ι
565 2336 745 2372 Πορευθέντες
759 2337 799 2367 είς
820 2336 870 2370 τὴν
892 2335 963 2362 ἀπέ-

175 2390 252 2409 ναντι
277 2381 384 2415 κώμην,
405 2382 534 2416 εὑρήσετε
550 2381 610 2408 όνον
632 2382 678 2408 καὶ
695 2383 784 2409 πῶλον
801 2382 963 2418 δεδεμένην·

176 2429 307 2459 λύσαντες
322 2425 368 2454 οὖν
387 2426 471 2462 αὐτὴν
488 2427 604 2461 ἀγάγετε
614 2437 620 2443 ·
638 2428 685 2455 κα)⁵
699 2429 746 2455 ὲάν
762 2438 803 2461 τις
820 2429 884 2464 ὑμῖν
900 2430 964 2465 εἴπῃ

175 2474 202 2500 τί
216 2475 328 2504 ποιεῖτε,
342 2473 439 2508 ἐρεῖτε,
453 2473 467 2498 ὁ
478 2472 580 2508 Κύριος
594 2473 646 2499 ἀπο
658 2474 769 2510 (αὐτῶν)
783 2475 875 2509 χρείαν
890 2475 944 2510 ἔχει
954 2484 962 2490 θ

177 2519 224 2546 καὶ
245 2517 409 2549 ἀπελθόντες
425 2518 521 2543 ἐκεῖνοι
545 2517 674 2552 ἐποίησαν
688 2518 778 2550 καθὼς
799 2520 963 2555 προσέταξεν

177 2564 279 2597 αὐτοῖς.
299 2572 308 2588 ι
325 2562 432 2588 Τούτων
445 2562 467 2588 δ’
493 2560 580 2593 οὕτως
601 2562 727 2596 ἑχόντων,
749 2563 915 2598 παραθετέον
929 2563 964 2590 τὰ

179 2609 248 2645 ῥητὰ
261 2610 317 2641 τοῖς
331 2609 417 2644 μόνως
431 2607 593 2643 σωματικῶς
610 2609 656 2634 καὶ
672 2608 823 2640 Ἰουδαϊκῶς
843 2609 878 2636 τὰ
900 2618 966 2645 προ-

180 2652 292 2688 κείμενα
314 2652 360 2678 ὲπὶ
382 2653 416 2688 τῇ
432 2652 479 2678 τοῦ
503 2651 621 2687 Χριστοῦ
643 2653 778 2688 παρουσίᾳ
802 2654 964 2689 γενήσεσθαι

179 2698 391 2733 φανταζομένοις
402 2707 408 2714 ·
423 2698 542 2725 δεικτέον
554 2707 583 2724 τε
598 2699 663 2725 αύτο
675 2699 703 2725 δὲ
716 2699 775 2734 (sic)
786 2699 859 2732 ὅπως
871 2701 918 2727 ἐπὶ
931 2703 964 2737 τῇ

177 2743 225 2770 τοῦ
247 2744 372 2780 Σωτῆρος
394 2743 472 2779 ἡμῶν
496 2745 632 2780 παρουσίᾳ
654 2745 701 2771 καὶ
725 2746 887 2780 σωματικῶς
912 2755 965 2782 περ

178 2798 230 2816 αυτ
249 2809 256 2816 ,
278 2809 284 2815 .
307 2809 313 2816 .
335 2799 383 2824 φεν
401 2789 469 2824 μετὰ
480 2790 534 2816 τῶν
544 2789 630 2817 ἄλλων
645 2791 721 2826 καὶὴ
738 2791 878 2826 φάσκουσα
896 2801 963 2828 προ-

180 2834 288 2867 ςητείαε
311 2845 319 2860 ι
335 2835 390 2862 Καὶ
411 2835 594 2871 ἐξολοθρεύσει
606 2836 716 2872 ἆρματα
731 2837 760 2870 ἐξ
784 2837 902 2872 Ἐφραῒμ
917 2839 964 2865 καὶ

216 2924 235 2938 τ’
258 2922 371 2951 lat-har.
388 2932 413 2951 ιι
426 2943 432 2955 ,
449 2925 476 2956 9,
514 2925 554 2952 l0.

1015 1046 1117 1081 pullum
1136 1045 1219 1073 ﬁlium
1236 1045 1329 1072 asinaa.
1354 1044 1388 1072 Et
1415 1045 1571 1080 disperdam
1595 1046 1754 1081 quadrigam
1771 1054 1805 1074 ex

1014 1093 1154 1127 Ephraim,
1170 1096 1197 1120 et
1209 1100 1310 1128 equum
1324 1093 1358 1120 de
1376 1092 1545 1124 Jerusalem,
1573 1097 1600 1120 et
1626 1092 1806 1127 dissipabitur

1013 1145 1094 1166 arcus
1114 1138 1178 1166 belli
1193 1147 1199 1165 :
1217 1141 1244 1166 et
1255 1138 1383 1174 loquetur
1394 1145 1486 1173 pacem
1499 1137 1637 1173 gentilem,
1647 1142 1674 1165 et
1685 1142 1805 1173 potestas

1013 1183 1074 1218 ejus
1086 1190 1101 1209 a
1115 1183 1184 1210 mari
1197 1191 1284 1218 usque
1300 1182 1332 1210 ad
1351 1190 1439 1215 mare.
1466 1186 1492 1209 et
1509 1189 1524 1209 a
1545 1182 1701 1211 ﬂuminibus
1719 1191 1806 1218 usque

1014 1228 1047 1255 ad
1071 1227 1139 1255 ﬁnes
1155 1232 1236 1255 teme
1250 1227 1284 1254 ".
1304 1237 1313 1254 ι
1335 1227 1408 1254 Filia
1424 1227 1488 1255 Sion
1499 1248 1506 1260 ,
1522 1235 1604 1263 quam
1631 1227 1706 1263 jubet
1720 1228 1805 1255 lactari

1015 1273 1178 1309 Scriptura,
1204 1274 1294 1301 omnis
1320 1277 1361 1301 est
1386 1273 1518 1309 spiritalis
1546 1274 1720 1308 cmlestisque
1739 1272 1805 1301 Sion

1014 1320 1120 1351 anima,
1147 1319 1189 1347 vel
1206 1319 1233 1346 in
1259 1319 1338 1346 terra'
1348 1327 1396 1354 per
1419 1319 1559 1347 Christum
1583 1324 1660 1347 stans
1685 1320 1805 1354 gentium

1014 1365 1147 1393 Ecclesia.
1165 1363 1297 1392 Similiter
1312 1373 1409 1393 rursus
1425 1365 1479 1393 ﬁlia
1495 1365 1647 1393 Jerusalem
1658 1385 1665 1397 ,
1687 1373 1748 1399 quae
1764 1365 1806 1392 ai-

1015 1412 1077 1439 ﬁnis
1091 1416 1133 1439 est
1150 1411 1256 1439 caelesti
1271 1410 1440 1445 Jerusalem;
1469 1411 1502 1439 de
1520 1420 1573 1447 qua
1600 1412 1672 1447 apud
1692 1411 1806 1439 Paulum

1015 1459 1181 1485 memoratur
1195 1458 1346 1486 dicentem:
1369 1467 1379 1484 ‹
1398 1457 1446 1485 llla
1460 1463 1551 1486 autem
1567 1467 1628 1494 qua:
1640 1466 1750 1486 sursum
1763 1463 1806 1486 est

1013 1503 1175 1536 Jerusalem,
1189 1504 1274 1532 libera
1296 1509 1355 1537 est,
1372 1512 1433 1540 quae
1449 1509 1491 1532 est
1515 1509 1603 1533 mater
1626 1509 1718 1533 nostra
1740 1505 1772 1532 ".
1794 1516 1802 1532 ι

1015 1549 1127 1577 Talibus
1143 1550 1225 1585 igitur
1243 1551 1342 1578 animis
1363 1550 1506 1586 Scriptura
1540 1550 1696 1578 adfuturum
1726 1551 1805 1578 Chri-

1015 1600 1087 1623 stum
1103 1595 1149 1623 Dei
1175 1597 1338 1631 pmnuntiat
1352 1617 1360 1629 ,
1383 1597 1522 1624 sedentem
1540 1605 1622 1632 super
1641 1598 1748 1626 asinam
1778 1603 1805 1626 et

977 1630 1000 1661 ο
1016 1650 1097 1677 super
1120 1643 1223 1677 pullum
1251 1642 1334 1669 ﬁlium
1350 1642 1452 1675 asina;
1477 1643 1517 1670 sic
1535 1643 1607 1670 enim
1624 1643 1806 1677 interpretan-

991 1688 1060 1715 'tur
1088 1694 1212 1716 naturam
1236 1689 1394 1719 humanam,
1421 1689 1448 1715 in
1473 1696 1527 1723 qua
1545 1692 1729 1716 commoratus
1751 1693 1804 1716 est.

1013 1734 1116 1762 Deinde
1129 1734 1314 1769 pessumdedit
1330 1742 1438 1761 omnem
1454 1734 1579 1762 hostilem
1596 1738 1757 1769 potestatem
1770 1743 1804 1763 ex

1013 1781 1087 1808 omni
1104 1781 1300 1812 ecclesiastica.
1313 1783 1340 1808 et
1361 1784 1471 1808 sanctos
1486 1779 1557 1808 ferre
1582 1780 1687 1808 fructus
1699 1781 1805 1808 valente

1014 1828 1124 1859 anima,
1151 1826 1279 1862 Ephraim
1309 1826 1447 1854 fructuum
1464 1827 1569 1862 copiam
1600 1826 1805 1862 Jerusalemque

1013 1873 1105 1909 lingua
1120 1873 1213 1900 Graeca
1239 1873 1372 1900 visionem
1399 1873 1475 1908 pacis
1496 1872 1688 1908 signiﬁcante:
1706 1872 1805 1901 Deletis

1013 1927 1078 1954 ergo
1091 1920 1136 1954 qui
1150 1920 1226 1954 prius
1240 1919 1381 1946 hominum
1405 1927 1492 1954 genus
1505 1923 1701 1954 oppresserunt
1714 1919 1806 1954 pravis

1014 1965 1192 1997 daemonibus,
1207 1973 1240 1992 ex
1259 1965 1387 1993 omnibus
1404 1965 1450 2000 qui
1469 1965 1606 2000 quondam
1625 1965 1739 1992 istorum
1753 1966 1805 1993 sub

1014 2011 1117 2038 ditione
1129 2015 1207 2038 erant
1222 2011 1305 2037 millia
1329 2011 1413 2038 multa
1438 2011 1490 2038 sub
1511 2011 1583 2046 pium
1599 2010 1730 2038 doctrina:
1749 2019 1806 2039 suae

1011 2058 1105 2092 jngum
1123 2057 1246 2084 deduxit.
1266 2056 1327 2085 llrcc
1341 2058 1450 2092 quidem
1474 2057 1507 2084 dc
1515 2057 1805 2093 hujusflocisigniﬁca-

1014 2105 1097 2131 tione.
1116 2104 1147 2131 Et
1160 2104 1268 2139 proprie
1283 2103 1411 2132 Christus
1427 2104 1516 2131 factus
1534 2104 1615 2131 homo
1635 2108 1660 2131 et
1676 2112 1806 2140 corpora-

1014 2151 1078 2178 liter
1092 2151 1125 2178 dc
1138 2159 1167 2178 se
1181 2151 1240 2185 ipso
1257 2150 1407 2185 prophetiis
1423 2150 1557 2185 impletis,
1573 2150 1636 2177 huic
1657 2151 1736 2178 ﬁnem
1752 2151 1804 2178 im-

1015 2197 1116 2232 posuit,
1131 2204 1192 2224 cum
1209 2197 1359 2224 secundum
1375 2197 1572 2231 evangelistam
1592 2197 1733 2232 discipulis
1747 2198 1805 2225 suis

1015 2243 1103 2271 dixit:
1125 2253 1134 2269 ε
1153 2242 1190 2271 lte
1209 2244 1234 2270 in
1253 2243 1397 2271 castellum
1420 2243 1493 2278 quod
1506 2247 1602 2271 contra
1621 2251 1670 2271 vos
1685 2248 1727 2271 cst
1741 2264 1748 2275 ,
1778 2247 1805 2272 et

980 2304 1002 2331 ι)
1017 2289 1106 2317 statim
1117 2289 1262 2317 invenietis
1274 2290 1379 2317 asinam
1395 2289 1532 2324 alligatam
1543 2309 1551 2320 ,
1573 2293 1600 2317 ct
1616 2290 1719 2324 pullum
1742 2297 1803 2317 cum

1016 2342 1067 2366 ea;
1084 2335 1180 2362 solvite
1195 2338 1222 2362 et
1248 2335 1374 2363 adducite
1396 2334 1473 2360 mihi.
1491 2333 1526 2360 Et
1546 2335 1568 2362 si
1584 2335 1645 2369 quis
1664 2335 1741 2361 vobis
1756 2335 1805 2361 ali-

1016 2380 1082 2416 quid
1099 2381 1209 2413 diterit,
1224 2381 1308 2409 dicite
1323 2383 1387 2416 quia
1400 2381 1531 2408 Dominus
1543 2388 1611 2416 opus
1635 2381 1679 2407 his
1705 2380 1803 2413 habet;

1016 2431 1043 2454 et
1060 2426 1203 2454 confestim
1221 2427 1340 2454 dimittet
1352 2435 1408 2455 eos.
1432 2427 1465 2454 Et
1481 2427 1611 2454 abeuntes
1631 2427 1668 2452 illi
1683 2425 1805 2453 fecerunt

1016 2475 1086 2501 sicut
1100 2478 1266 2509 praeceperat
1282 2474 1323 2501 eis
1335 2474 1368 2500 ⁷³.
1386 2484 1395 2500 ι
1415 2473 1477 2500 Haec
1494 2473 1530 2499 ita
1551 2480 1613 2499 cum
1630 2480 1658 2499 se
1672 2472 1804 2503 habeant.

1016 2520 1175 2552 exponenda
1198 2524 1262 2547 sunt
1283 2519 1340 2547 haac
1364 2519 1444 2547 verba
1472 2519 1525 2546 illis
1549 2518 1594 2553 qui
1618 2518 1805 2545 tantummodo

1016 2564 1162 2592 carnaliter
1175 2568 1202 2592 et
1213 2564 1326 2592 Judaice
1340 2572 1372 2592 ea
1389 2565 1423 2592 de
1437 2564 1538 2590 Christi
1553 2563 1670 2590 adventu
1684 2563 1740 2591 ﬁeri
1750 2565 1805 2598 opi-

1017 2613 1133 2640 nantur;
1148 2609 1390 2638 demonstrandum
1417 2614 1459 2637 est
1484 2610 1524 2637 eis
1540 2609 1677 2644 quomodo
1693 2609 1727 2636 dc
1745 2609 1805 2636 Sal-

1017 2656 1215 2684 vatorisnostri
1227 2656 1456 2687 manifestatione.
1468 2656 1510 2684 vel
1523 2656 1680 2685 carnaliter.
1697 2676 1705 2684 .
1723 2676 1730 2683 .
1747 2675 1754 2683 .
1770 2677 1776 2683 .
1796 2677 1802 2684 .

1019 2711 1080 2730 cum
1094 2702 1155 2729 aliis
1166 2706 1193 2730 et
1210 2702 1351 2737 prophetia
1367 2702 1461 2730 dicens
1476 2711 1483 2729 :
1508 2711 1517 2727 ε
1537 2701 1678 2736 Disperdet
1694 2701 1805 2736 quadri-

1019 2755 1067 2782 gas
1091 2754 1124 2775 ex
1137 2747 1266 2782 Ephraim
1286 2751 1314 2775 et
1327 2755 1427 2783 equum
1444 2747 1477 2774 de
1492 2745 1652 2774 Jerusalem.
1673 2756 1684 2773 ι
1709 2745 1805 2774 Divina

1017 2793 1101 2828 igitur
1120 2793 1294 2829 coelestiSque
1318 2793 1420 2822 Christi
1444 2793 1570 2828 potentiae
1599 2791 1727 2820 incﬁabili
1751 2793 1804 2819 \‘ir-

1018 2843 1076 2866 tute
1095 2843 1166 2874 post.
1187 2861 1194 2868 .
1215 2861 1221 2867 .
1242 2861 1247 2865 .
1267 2862 1272 2868 .
1291 2860 1297 2867 .
1317 2861 1322 2867 .
1348 2840 1430 2876 hujus
1444 2839 1590 2877 ‘insidias;
1609 2840 1748 2875 ipsamque
1761 2838 1804 2866 Ic:

593 2926 615 2941 "
636 2925 721 2952 Galat.
740 2934 776 2960 iv,
793 2926 838 2954 26.
878 2927 901 2943 ⁷³
921 2927 1014 2955 Matth.
1033 2936 1076 2955 xtl
1089 2948 1096 2961 ,
1111 2929 1198 2962 2,3,6.
