2037 3215
145 189 215 216 Ηῦὕ

654 185 800 213 ECLOGE
821 183 1180 212 PROPHETICIE.——LIB.
1200 183 1244 212 lll.

1707 187 1775 214 “55

142 247 256 281 Δέγοιτο
269 245 290 272 δ’
306 245 339 272 ἂν
352 245 387 271 τὰ
403 245 571 280 προκείμενα
585 245 617 271 ὲκ
635 244 781 280 προσώπου
801 244 847 270 τοῦ
865 243 932 279 Χρι-

983 243 1159 278 propheticus
1174 246 1254 269 vocat
1278 249 1386 273 sermo.
1416 246 1482 269 tunc
1507 242 1638 277 temporis
1667 243 1776 270 Chana-

144 291 219 324 στοῦ,
236 291 330 326 ὥσπερ
349 292 411 322 τοὺς
433 290 678 321 ἐπιϐουλεύσαντας
696 289 787 324 αὐτῷ,
811 288 857 321 οὓς
876 288 933 315 ἐτέ-

144 337 211 373 ρωθι
228 337 276 373 μὲν
293 336 326 372 (Γ.
343 337 378 363 53
391 336 428 371 νο)
445 345 453 361 ι
468 336 603 371 ἄρχοντας
617 335 742 370 Σοδόμων
755 335 799 361 καὶ
810 335 873 361 λαὸν
886 334 934 360 Γο-

145 383 250 418 μόρρας
265 392 274 408 ι
290 383 304 407 ὁ
319 383 367 418 τῆς
382 381 551 417 προφητείας
572 381 705 408 ἀποκαλεῖ
718 380 806 415 λόγος,
824 380 872 418 ἐπι
884 378 932 406 τοῦ

142 417 277 464 παρόντος
298 428 326 454 δὲ
352 428 520 459 Χαναναίους
540 427 584 454 διὰ
602 427 652 462 τὴν
673 427 742 464 πρὸς
762 427 825 458 τοὺς
840 417 932 453 Χανα-

142 475 235 507 ναίους
254 475 411 510 ἐξομοίωσιν
425 474 523 506 αὐτοὺς
537 473 674 509 ὀνομάζει.
692 473 803 509 Φήσασα
825 472 890 507 γοῦν
916 473 932 508 ἡ

143 522 297 558 προφητεία
311 521 351 553 τὸ,
371 530 380 546 ι
398 521 452 547 Καὶ
463 520 612 554 γνώσονται
629 521 653 547 oi.
670 521 827 551 Χαναναῖοι,
845 529 854 546 ι
872 520 932 545 ἐπι-

142 569 232 604 φέρει,
254 568 417 594 διδάσκουσα
436 567 510 602 ἡμᾶς
530 567 606 598 τίνας
629 566 753 602 βούλεται
778 566 931 601 σημαίνειν,

142 613 191 640 καί
204 621 294 648 φησιν,
312 621 321 637 ι
338 611 373 638 τὰ
385 611 507 647 πρόϐατα
517 611 551 638 τὰ
564 610 756 646 φυλασσόμενά
771 619 826 646 μοι.
843 621 852 637 ι
867 610 933 637 Τίνα

142 657 172 687 δὲ
194 657 228 695 ἦν
254 658 340 685 ταῦτα
357 658 390 684 τὰ
408 658 543 693 πρόϐατα,
568 657 602 684 τὰ
627 658 759 693 πρότερον
784 657 823 693 τῷ
839 657 933 694 Κυρίῳ

143 705 346 740 φυλασσόμενα,
367 704 383 740 ἢ
398 706 412 731 ὀ
424 705 456 731 ἐκ
480 704 632 740 περιτομῆς
648 703 710 735 λαός
723 711 730 736 ;
751 703 797 735 οῦς
815 703 863 730 νῦν
879 705 934 730 Χα-

141 751 268 783 ναναίους
278 751 413 785 ὀνομάσας
424 751 438 776 ὁ
448 750 542 784 Λόγος,
558 751 595 782 ὡς
607 751 638 777 ἐκ
652 749 797 785 προσώπου
808 750 856 776 τοῦ
870 751 935 785 Χρι-

143 798 208 824 στοῦ
222 797 319 831 ἐπάγει
334 796 430 831 λέγων,
449 806 458 821 ί
475 797 522 823 καὶ
536 796 591 832 ἐρῶ
604 796 672 832 πρὸς
685 797 784 828 αὐτοὺς
802 806 812 822 ›
828 796 861 823 τὰ
873 796 934 822 ἀνει-

141 844 333 880 γεγραμμένα,
350 843 368 870 ἃ
392 843 438 870 καὶ
457 843 530 877 λέγοι
553 843 585 870 ἂν
608 843 676 879 πρὸς
697 843 761 874 τοὺς
775 843 932 869 ἐπιϐουλεύ-

142 897 243 919 σαντας
257 887 341 923 αὐτῷ,
357 888 426 922 ὑπὲρ
446 884 484 914 ὧν
506 888 604 918 αὐτοὺς
626 887 792 922 εὐεργέτησε
811 887 874 918 τοὺς
890 896 934 921 μι-

142 935 224 966 σθοὺς
238 934 332 969 ὥσπερ
347 934 430 960 αἰτῶν
447 934 555 966 αὐτοὺς,
573 933 645 960 τοῦτ’
665 933 722 960 ἐστι
736 933 784 969 τὴν
797 935 834 965 είς
851 934 932 960 αὐτὸν

141 982 234 1008 πίστιν
249 981 296 1007 καὶ
317 980 363 1007 τὸν
382 981 467 1016 ταύτῃ
491 979 657 1015 κατάλληλον
678 978 748 1014 βίον·
771 978 858 1010 οὕτως
877 979 931 1015 γὰρ

141 1028 234 1055 ἀκούω
251 1027 308 1059 τοῦ,
331 1036 340 1052 ί
357 1027 416 1054 δότε
431 1027 476 1054 τὸν
497 1026 591 1062 μισθόν
612 1035 677 1062 μου·
697 1036 706 1052 ι
719 1026 744 1052 οἱ
762 1026 800 1057 δέ,
815 1026 885 1052 κατὰ
903 1027 933 1052 τὸ

140 1073 256 1109 ἑτέρωθι
278 1073 341 1108 περὶ
361 1072 452 1099 αὐτῶν
471 1071 615 1107 είρημένον
639 1071 684 1098 ὑπ’
709 1071 802 1103 αὑτοῦ,
827 1080 834 1096 ι
860 1071 933 1097 ’Λντὶ

139 1120 190 1147 τοῦ
212 1120 322 1154 ἀγαπᾷν
344 1128 388 1154 με,
405 1118 572 1145 ἐνδιέϐαλλὸν
589 1126 633 1153 με,
656 1116 712 1152 ἐγὼ
728 1117 756 1144 δὲ
778 1117 931 1153 προσηυχό-

142 1174 211 1202 μην·
231 1166 277 1192 καὶ
298 1165 389 1192 ἔθεντο
410 1165 471 1191 κατ’
491 1162 559 1199 ἐμοῦ
580 1163 655 1190 κακὰ
671 1163 731 1189 ἀντὶ
746 1162 868 1196 ἀγαθῶν,
886 1163 933 1189 καὶ

141 1214 222 1248 μῖσος
235 1212 294 1238 ἀντὶ
309 1212 358 1247 τῆς
372 1208 537 1246 ἁγαπήσεώς
561 1217 626 1244 μουο
648 1218 658 1235 ι
682 1208 828 1245 τριάκοντα
849 1208 933 1244 ἀργυ-

142 1258 218 1294 ρίους
239 1257 385 1292 στήσαντες
401 1256 538 1291 παρέσχον
552 1254 591 1290 τῷ
616 1254 744 1291 προδότῃ,
760 1254 880 1290 ὡσπερεὶ
892 1263 934 1280 το-

141 1303 237 1331 σούτου
259 1303 339 1330 αὑτὸν
355 1305 388 1339 τῇ
408 1302 578 1339 ἀσεϐεστάτῃ
592 1301 682 1329 αὐτῶν
703 1301 792 1336 κρίσει
811 1299 933 1336 τιμώμε-

139 1358 194 1377 νοι.
217 1349 284 1376 Ἀλλ’
299 1349 359 1375 ἐπεὶ
375 1349 404 1375 τὸ
421 1348 535 1375 ἑκάστου
552 1347 632 1384 ἔργον
652 1347 742 1373 ὁποῖόν
758 1348 815 1373 ἐστι
831 1346 861 1372 τὸ
877 1346 932 1381 πῦρ

139 1394 294 1430 δοκιμάσει,
316 1393 411 1419 τούτου
430 1393 508 1429 χάριν
533 1393 657 1419 καθεῖναι
683 1392 792 1423 αὐτοὺς,
813 1401 822 1416 t
842 1391 880 1422 εἰς
903 1390 932 1416 τὸ

141 1440 333 1476 χωνευτήριον,
353 1449 362 1465 ι
381 1438 452 1465 τοῦτ’
468 1438 540 1465 ἔστιν
552 1439 592 1470 είς
606 1437 636 1464 τὺ
649 1437 698 1473 τῆς
713 1437 827 1472 κρίσεως
843 1436 889 1462 καὶ
903 1435 933 1462 τὸ

140 1487 192 1523 τῆς
206 1486 343 1518 κολάσεως
367 1486 431 1521 πῦρ,
450 1487 464 1512 ὁ
489 1485 591 1521 Κύριος
609 1484 791 1520 προστάσσει·
810 1482 885 1513 τίνας
904 1482 932 1508 δὲ

143 1534 242 1566 αὐτοὺς
258 1534 274 1569 ἢ
294 1534 356 1565 τοὺς
378 1532 623 1563 ἐπιϐουλεύσαντας
640 1530 731 1565 αὐτῷ;
754 1530 809 1556 Καὶ
835 1529 933 1563 σκέψαι

140 1582 182 1615 δέ,
197 1581 289 1617 φησιν,
304 1581 328 1606 εἰ
349 1579 458 1615 δόκιμόν
472 1579 555 1611 ἐστιν,
570 1577 648 1612 δῆλον
670 1576 692 1603 δ’
709 1577 749 1603 ὅτι
763 1575 793 1603 τὸ
812 1575 870 1602 κατ’
884 1576 933 1601 αὐ-

140 1628 189 1655 τοῦ
202 1627 316 1663 δρασοέν
335 1626 442 1656 αὐτοῖς·
459 1624 531 1658 λέγει
552 1623 581 1649 δὲ
597 1623 694 1654 αὐτοὺς
712 1622 741 1648 ἐν
756 1621 795 1656 τῷ
808 1623 873 1656 πυρὶ
889 1621 931 1647 δο-

141 1653 371 1711 κιμασθήσεσθαι,
387 1653 425 1698 ὃν-
441 1653 541 1707 τρόπον
563 1669 610 1695 καὶ
632 1653 712 1699 αὐτὸς
733 1668 747 1694 ὁ
769 1653 871 1702 Κύριος
886 1665 931 1693 διὰ
945 1653 965 1681 C

140 1721 193 1755 τῆς
206 1720 245 1751 εἰς
259 1719 347 1754 σάρκα
363 1716 508 1752 ἐπιδημίας
522 1715 569 1742 καὶ
585 1713 631 1741 τοῦ
647 1712 749 1744 πάθους
765 1711 930 1747 ἐδοκιμάσθη

142 1766 214 1802 ὑπὲρ
237 1765 341 1792 αὐτῶν·
365 1764 412 1791 καὶ
432 1762 485 1798 γὰρ
507 1762 539 1797 δὴ
561 1759 773 1796 προηγουμένως
793 1757 929 1794 ἐνηνθρώ-

141 1822 225 1848 πησε,
242 1813 287 1838 καὶ
304 1810 436 1838 πέπονθεν
449 1809 519 1845 ὑπὲρ
535 1807 671 1843 σωτηρίας
686 1806 740 1833 τῶν
753 1804 931 1832 ἀπολωλότων

144 1860 288 1895 προϐάτιον
297 1859 370 1885 οἴκου
378 1857 498 1892 Ἰσραήλ.
512 1854 623 1885 Τούτοις
632 1853 695 1888 ἑξῆς
707 1853 754 1880 καὶ
762 1852 810 1888 τὴν
821 1851 890 1886 μετὰ
899 1850 928 1877 τὸ

144 1905 230 1938 πάθος
244 1905 290 1932 τοῦ
300 1904 424 1941 Σωτῆρος
438 1902 516 1939 ἡμῶν
530 1900 666 1936 ἀποϐολὴν
681 1899 770 1926 αὐτῶν
790 1898 931 1934 σημαίνων

142 1951 249 1987 ὀΛόγος
264 1951 340 1987 φησὶ,
357 1959 366 1975 ι
381 1949 428 1976 καὶ
439 1947 578 1984 ἀπέρῥιψα
587 1946 635 1982 τὴν
652 1945 748 1981 ῥάϐδον
768 1944 816 1980 τὴν
837 1944 930 1970 δευτέ-

986 297 1060 317 meos
1073 293 1184 325 propter
1195 295 1288 316 eorum
1306 295 1368 315 cum
1380 287 1541 316 Chananaeis
1556 288 1774 324 similitudinem,

984 340 1074 363 vocat.
1089 335 1237 370 Postquam
1251 335 1333 369 igitur
1350 335 1494 370 prophetia
1505 334 1585 369 dixit,
1600 344 1609 360 ι
1626 334 1659 361 Ει
1674 342 1777 370 cogno-

984 385 1061 410 scent
1075 381 1230 415 Chananmi,
1245 391 1252 407 ι
1273 381 1376 415 adjicit,
1389 388 1438 408 nos
1453 381 1555 408 docens
1570 388 1638 416 quos
1653 380 1776 408 indicare

983 429 1058 461 velit,
1074 428 1204 463 dicitque,
1218 436 1228 453 ‹
1248 435 1343 463 greges
1369 435 1428 462 qua:
1453 426 1649 454 custodiuntur
1669 427 1746 454 mihi.
1763 436 1773 453 ›

984 475 1050 509 Qua:
1065 479 1154 502 autem
1165 477 1244 501 erant
1260 474 1313 501 illa:
1336 481 1441 509 greges.
1457 473 1533 508 prius
1549 472 1664 499 Domino
1680 478 1775 500 custo-

984 521 1058 552 ditaa.
1071 520 1125 548 nisi
1136 519 1355 548 circumcisionis
1378 519 1514 555 populus?
1528 526 1597 554 quos
1618 526 1692 546 nunc
1704 517 1775 546 Cha-

984 574 1095 594 nauacos
1114 573 1213 593 vocans
1228 564 1381 600 Scriptura,
1394 565 1473 600 quasi
1491 565 1525 592 de
1537 564 1639 592 Christi
1657 571 1774 600 persona

985 613 1070 646 addit,
1087 622 1097 638 ι
1118 616 1145 639 et
1159 611 1248 639 dicam
1269 611 1303 638 ad
1318 619 1365 639 eos
1384 621 1393 638 ν
1407 619 1468 647 qua;
1483 611 1583 646 scripta
1613 615 1692 643 sunt,
1715 618 1776 647 quae.

984 663 1010 686 et
1025 658 1116 685 dicere
1128 661 1217 692 potest
1229 657 1427 685 insidiantibus
1443 658 1506 689 sibi,
1518 658 1598 693 quasi
1626 659 1660 684 ab
1683 657 1717 684 iis
1731 664 1775 685 re-

985 709 1080 739 petens
1097 711 1209 731 suorum
1226 704 1254 731 in
1281 712 1329 732 eos
1348 702 1543 732 beneﬁciorum
1559 704 1730 736 mercedem,
1745 704 1776 731 ii—

984 751 1046 778 dem
1064 751 1169 779 scilicet
1186 751 1214 777 in
1231 757 1263 778 se
1274 770 1282 783 ,
1307 755 1573 786 consentaneamque
1591 750 1652 778 fidei
1676 752 1775 784 vitam;

985 797 1025 824 sic
1038 797 1110 824 enim
1131 797 1262 832 intelligo.
1278 806 1288 822 ι
1308 796 1404 824 aﬂ‘erte
1426 797 1579 825 mercedem
1600 804 1698 825 meam.
1717 806 1726 823 ι
1743 797 1777 824 Hi

984 851 1060 875 vero,
1075 844 1225 871 secundum
1246 851 1278 871 ea
1290 851 1351 878 quae
1366 843 1435 871 alias
1449 843 1483 871 de
1505 843 1574 878 ipsis
1597 843 1631 871 ab
1647 851 1679 871 eo
1703 843 1776 871 dicta

985 894 1059 923 sunt,
1077 900 1087 916 ί
1107 890 1159 918 Pro
1171 897 1203 918 eo
1219 895 1249 918 ut
1262 898 1304 918 me
1316 890 1470 925 diligerent,
1485 889 1664 918 detrahebant
1686 890 1751 918 mihi
1767 900 1774 918 :

984 943 1035 971 ego
1049 939 1139 964 autem
1154 936 1278 964 orabam.
1294 936 1327 963 Et
1341 940 1492 971 posuerunt
1503 936 1648 964 adversum
1663 944 1706 963 me
1718 944 1775 964 ma-

984 984 1009 1010 la
1026 990 1076 1017 pro
1092 983 1183 1015 bonis,
1192 987 1219 1011 et
1233 982 1326 1010 odium
1341 991 1390 1018 pro
1404 983 1550 1010 dilectione
1565 990 1623 1010 mea
1639 983 1672 1010 ⁷⁸.
1689 992 1698 1009 ›
1713 982 1776 1010 Tri-

983 1028 1058 1063 ginta
1073 1035 1201 1055 nummos
1228 1031 1346 1055 statutos
1373 1028 1507 1062 proditori
1531 1027 1681 1059 dederunt,
1708 1028 1775 1055 tanti

982 1081 1043 1101 eum
1063 1074 1224 1109 impiissima
1253 1074 1433 1101 aestimatione
1458 1074 1601 1101 facientes.
1631 1073 1685 1101 Sed
1710 1081 1775 1102 cum

982 1120 1114 1155 cujusque
1128 1128 1198 1156 opus
1213 1121 1294 1156 quale
1310 1120 1347 1148 sit
1363 1120 1424 1156 igne
1436 1125 1479 1149 est
1497 1121 1668 1157 probandum
1679 1141 1686 1153 ,
1713 1120 1774 1148 ideo

981 1167 1116 1202 projicere
1133 1174 1182 1195 eos
1201 1167 1235 1194 ad
1257 1166 1432 1200 stittuarium,
1446 1167 1473 1195 id
1501 1173 1543 1195 est
1567 1167 1595 1195 in
1621 1167 1719 1203 judicii
1749 1172 1776 1195 et

982 1213 1108 1248 supplicii
1124 1213 1228 1248 ignem,
1244 1212 1376 1241 Dominus
1394 1214 1481 1248 jubet.
1497 1212 1613 1246 Quinam
1630 1221 1696 1240 vero
1711 1219 1777 1241 sunt

981 1258 1019 1292 ii,
1036 1259 1090 1287 nisi
1106 1259 1215 1287 sibimet
1236 1259 1288 1295 ipsi
1304 1255 1485 1287 insidiantes?
1499 1260 1661 1295 Appretiare
1686 1260 1774 1294 jubet,

982 1303 1086 1332 scilicet
1097 1304 1125 1331 in
1136 1303 1170 1331 iis
1184 1311 1244 1338 quae
1260 1304 1391 1340 adversus
1403 1312 1433 1332 se
1444 1304 1623 1332 admiserunt.
1644 1304 1715 1332 Dicit
1727 1312 1776 1332 eos

982 1351 1010 1378 in
1025 1350 1086 1384 igne
1098 1349 1254 1384 probandos
1268 1357 1340 1382 csse,
1356 1349 1584 1385 quemadmodum
1608 1353 1635 1377 et
1649 1350 1708 1384 ipse
1725 1349 1775 1377 Do-

983 1396 1073 1424 minus
1087 1396 1115 1423 in
1127 1395 1327 1424 incarnationis
1343 1399 1371 1424 et
1386 1397 1523 1432 passionis
1549 1400 1670 1431 tempore
1685 1397 1720 1424 ab
1735 1396 1776 1424 eis

984 1442 1113 1478 probatus
1131 1447 1183 1471 est.
1199 1442 1308 1471 Etenim
1323 1444 1442 1478 primum
1458 1444 1540 1471 homo
1563 1444 1653 1471 factus
1669 1449 1696 1471 et
1713 1452 1777 1479 pas-

983 1495 1032 1516 sus
1041 1493 1084 1516 est
1097 1496 1147 1524 pro
1165 1488 1333 1523 perditarum
1351 1489 1442 1517 ovium
1462 1489 1560 1516 domus
1574 1488 1657 1516 Israel
1677 1491 1775 1518 salute.

982 1534 1032 1562 His
1045 1534 1144 1562 deinde
1157 1539 1219 1570 post
1235 1535 1386 1562 Salvatoris
1399 1535 1487 1563 nostri
1509 1536 1662 1570 passionem
1684 1544 1777 1570 repro-

983 1580 1120 1607 bationem
1138 1587 1232 1608 eorum
1250 1580 1376 1608 indicans
1387 1579 1529 1615 Scriptura
1543 1581 1618 1613 dicit,
1647 1591 1656 1607 ‹
1672 1585 1697 1608 et
1709 1588 1778 1616 pm-

984 1626 1039 1653 cidi
1052 1626 1157 1662 virgam
1182 1633 1270 1653 meam
1288 1627 1446 1654 secundam.
1462 1636 1474 1652 ο
1490 1625 1556 1659 Quae
1573 1627 1609 1654 sit
1626 1627 1682 1654 hinc
1699 1627 1777 1662 virga

981 1670 1084 1699 docens
1100 1670 1194 1705 adjicit
1223 1679 1232 1696 ι
1252 1670 1414 1704 funiculum,
1433 1681 1442 1697 ι
1463 1673 1496 1700 de
1509 1680 1564 1708 quo
1580 1672 1712 1704 dicitur,¢
1732 1672 1778 1700 fu-

980 1717 1102 1744 niculum
1118 1716 1285 1744 hereditatis
1297 1717 1358 1752 ejus
1373 1717 1466 1745 lsrael.
1477 1718 1516 1744 "l
1539 1717 1710 1746 Mauifestius
1722 1718 1775 1753 igi-

981 1767 1026 1790 tur
1037 1763 1104 1791 illud
1116 1763 1247 1795 ostendit,
1260 1763 1420 1798 subjiciens,
1438 1773 1447 1789 (
1464 1767 1494 1791 ιιι
1505 1764 1682 1792 dissolverem
1699 1766 1777 1800 prius

980 1812 1173 1836 testamentum
1188 1808 1247 1841 Dei,
1263 1808 1333 1836 inter
1343 1808 1441 1836 Judam
1455 1813 1482 1837 et
1500 1809 1593 1837 lsrael.
1609 1821 1618 1836 ι
1637 1810 1671 1837 Et
1683 1816 1776 1845 aperte

982 1858 1056 1889 patet
1079 1854 1140 1888 ipso
1173 1854 1323 1882 Salvatoris
1355 1854 1442 1882 nostri
1481 1858 1604 1890 tempore
1637 1857 1776 1884 corruisse

982 1906 1077 1927 omnes
1089 1899 1183 1934 legalis
1199 1899 1290 1927 cultus
1305 1900 1504 1934 observantius,
1518 1909 1552 1928 ex
1573 1909 1628 1936 quo
1643 1909 1717 1929 nunc
1730 1910 1776 1930 us-

984 1952 1038 1979 que
1053 1945 1164 1979 penitus
1183 1945 1277 1973 dcletae
1289 1951 1363 1974 sunt.

145 2007 222 2035 ραν.»
239 1999 286 2030 Τίς
302 1998 330 2024 δέ
347 1997 420 2023 ἐστιν
436 1994 504 2030 αῦτη
529 1993 663 2020 διδάσκων
699 1991 823 2027 ἐπιφέρει
842 1991 872 2017 τὸ
893 2000 902 2015 ι
922 1991 1075 2027 σχοίνισμα,
1093 2002 1103 2018 ι
1123 1993 1187 2028 περὶ
1208 1990 1237 2019 οὗ
1268 1993 1384 2029 εἴρηται,
1406 2003 1414 2019 ι
1438 1993 1579 2030 σχοίνισμα
1597 1994 1776 2030 κληρονομίας

144 2045 227 2072 αὐτοῦ
249 2044 394 2081 Ἰσραήλ.”ι
413 2042 583 2077 Σαφέστερον
604 2039 669 2074 γοῦν
692 2038 771 2066 τοῦτο
796 2038 960 2074 παρίστησιν
980 2039 1122 2073 ἐπιλέγων,
1137 2048 1147 2064 ‹
1172 2039 1218 2066 τοῦ
1236 2039 1408 2067 διασκεδάσαι
1422 2041 1471 2077 τὴν
1496 2041 1629 2076 προτέραν
1644 2041 1777 2078 διαθήκην

143 2092 191 2119 τοῦ
207 2091 284 2124 Θεοῦ,
303 2091 352 2127 τὴν
369 2089 504 2125 ἅναμέσον
525 2087 609 2114 Ἰούδα
627 2086 674 2113 καὶ
693 2086 827 2120 ἀναμέσον
847 2085 969 2121 Ἰσραήλ·
994 2096 1004 2112 ι
1030 2087 1076 2113 καὶ
1095 2085 1189 2121 σαφῶς
1204 2086 1341 2114 δείκνυται
1354 2088 1409 2114 ἀπὸ
1425 2087 1479 2114 τῶν
1489 2096 1537 2114 του
1557 2088 1682 2124 Σωτῆρος
1697 2088 1776 2124 ἡμῶν

144 2138 247 2173 χρόνων
271 2135 459 2172 περιῃρημένα
486 2134 534 2170 τῆς
553 2132 680 2168 λατρείας
707 2131 815 2167 ἀπάσης
846 2132 888 2167 τῆς
905 2132 975 2158 κατὰ
999 2133 1046 2159 τὸν
1064 2133 1146 2169 νόμον
1169 2132 1197 2167 ἐξ
1216 2133 1320 2160 ἐκείνου
1339 2134 1386 2160 καὶ
1403 2135 1443 2165 είς
1463 2133 1543 2170 δεῦρο
1558 2134 1777 2170 καθαιρεθείσης,

397 2191 595 2220 ΚΕΦΑΛΑΙΟΝ
623 2190 684 2217 KZ'.

375 2240 429 2267 Τοῦ
447 2238 540 2266 αὐτοῦ
561 2237 702 2272 Ζαχαρία.

183 2299 193 2315 ε
221 2286 366 2322 Ῥομφαῑα,
387 2284 545 2321 ἐξεγέρθητι
557 2284 604 2310 ἐπὶ
617 2282 662 2309 τὸν
678 2281 795 2318 ποιμένα
811 2289 871 2315 μου,
887 2280 934 2308 καὶ
951 2271 972 2298 D

146 2336 194 2362 ἐπὶ
211 2333 295 2369 ἄνδρα
316 2332 426 2367 πολίτην
442 2331 535 2363 αὑτοῦ,
559 2330 633 2364 λέγει
655 2328 757 2365 Κύριος
781 2327 933 2363 παντοκρά-

144 2389 212 2416 τωρ,
229 2378 347 2410 πάταξον
370 2376 415 2403 τὸν
430 2375 557 2411 ποιμένα,
575 2375 622 2405 καὶ
640 2373 932 2410 διασκορπισθήτωσαν

145 2428 181 2456 τὰ
197 2426 333 2462 πρόϐατα·
350 2424 398 2451 καλ¹
411 2421 566 2458 ἐπιστρέψω
579 2421 629 2457 τὴν
644 2421 723 2457 χεῖρά
740 2429 790 2456 μου
807 2421 853 2446 ἐπὶ
869 2420 933 2451 τοὺς

145 2475 288 2510 ποιμένας.
306 2483 315 2499 ι
339 2470 468 2504 Ἐπείπερ
481 2469 496 2495 ό
509 2467 702 2502 εὐαγγελιστὴς
717 2467 758 2498 τὸ,
780 2476 789 2491 ί
810 2466 932 2499 Πάταξον

144 2522 191 2549 τὸν
205 2519 331 2555 ποιμένα,
349 2516 396 2544 καὶ
408 2513 682 2549 διασκορπισθήσεται
697 2512 731 2539 τὰ
743 2511 866 2547 πρόϐατα
882 2512 932 2546 τῆς

146 2566 272 2601 ποίμνης.
293 2574 302 2590 ι
318 2561 443 2590 ἐντεῦθεν
463 2559 552 2588 λαϐὼν
580 2558 651 2586 κατὰ
671 2557 717 2584 τὸν
739 2557 775 2592 (εὶ)
799 2557 932 2592 σωτηρίου

147 2613 249 2644 πάθους
269 2610 363 2645 καιρον
386 2608 473 2642 πέρας
489 2605 628 2641 εἰληφέναι
642 2602 770 2636 ἐδίδαξεν,
790 2603 834 2629 ὅτε
849 2611 930 2629 κατα-

146 2658 288 2693 λείψαντες
306 2655 387 2682 αὐτὸν
408 2655 432 2680 οἱ
455 2651 574 2688 μαθηταὶ
589 2649 834 2685 διεσκορπίσθησαν
846 2657 852 2663 ·
871 2648 932 2675 τού-

146 2714 192 2732 του
207 2704 239 2738 δὴ
254 2703 332 2738 χάριν
348 2701 394 2728 καὶ
417 2701 496 2735 ἡμεῖς
512 2695 742 2732 ὲσημειωσὰμεθα
757 2695 788 2721 τὸ
811 2695 902 2730 ῥητὸν,
920 2694 934 2720 ὃ

146 2753 193 2779 καὶ
208 2750 308 2784 πολλῆς
323 2749 447 2783 δεόμενον
460 2745 608 2777 ἐξετάσεως
624 2744 663 2774 είς
676 2741 827 2777 ἐπιτήδειον
838 2740 934 2776 ἀναθη-

148 2798 251 2834 σόμεθα
266 2795 371 2831 καιρόν.

182 2856 206 2872 ⁷⁸
224 2855 295 2883 Psal.
312 2861 388 2884 cvm,
403 2852 429 2881 4.
448 2852 471 2878 5.
510 2849 533 2866 "
558 2849 635 2877 Deut.
656 2856 741 2882 uim,
760 2847 786 2874 9.
825 2846 847 2862 ⁸⁰
861 2845 932 2873 Zach

184 2913 223 2948 (9.)
241 2910 414 2939 Desideratur
427 2908 483 2936 τοῦ.
504 2907 580 2935 Enn.

1260 2189 1375 2218 CAPUT
1394 2189 1502 2218 XXV".

1233 2236 1276 2264 Ea:
1287 2236 1378 2264 eodem
1397 2236 1540 2264 Zaclmria.

1024 2292 1034 2309 ι
1050 2283 1175 2317 Framea,
1188 2283 1334 2315 suscitare,
1356 2290 1439 2318 super
1455 2287 1592 2318 pastorem
1618 2290 1706 2310 meum
1717 2303 1725 2316 ,
1749 2287 1778 2311 et

987 2337 1070 2365 super
1082 2329 1172 2357 virum
1187 2329 1367 2357 cohaerentem
1382 2329 1459 2361 mihi,
1473 2328 1538 2356 dicit
1564 2327 1695 2356 Dominus
1717 2337 1778 2356 om-

986 2376 1129 2410 nipotens;
1144 2381 1255 2411 percute
1267 2374 1652 2411 pastorem,et‘dispergentur
1661 2381 1735 2406 oves,
1748 2378 1776 2402 et

986 2426 1141 2450 convertam
1153 2430 1264 2450 manum
1279 2430 1366 2450 meam
1383 2422 1416 2449 ad
1433 2426 1555 2457 pastores
1570 2418 1603 2448 ⁸ο.
1626 2431 1637 2447 ι
1654 2420 1777 2456 Evange-

985 2468 1047 2496 lista
1061 2476 1179 2503 quoque,
1197 2477 1206 2494 ‹
1223 2468 1377 2496 Percutiam
1392 2472 1539 2503 pastorem,
1548 2472 1574 2495 et
1587 2467 1777 2502 dispergenlur

986 2522 1051 2542 oves
1069 2514 1159 2549 gregis
1180 2513 1214 2547 ⁸³,
1230 2524 1240 2540 ι
1258 2514 1363 2545 dicens.
1380 2514 1437 2541 hac
1464 2514 1492 2540 in
1520 2512 1670 2540 Salvatoris
1685 2512 1772 2539 nostri

986 2561 1123 2596 passionis
1139 2566 1260 2596 tempore
1275 2561 1385 2596 impleta
1405 2559 1490 2587 fuisse
1500 2559 1689 2591 demonstrat,
1709 2565 1772 2585 cum

986 2607 1123 2642 discipuli,
1139 2614 1172 2634 eo
1194 2606 1300 2638 relicto,
1316 2607 1452 2642 fugerunt.
1474 2606 1579 2634 Idcirco
1597 2613 1647 2633 nes
1665 2612 1773 2640 quoque

987 2653 1060 2680 hunc
1073 2653 1228 2680 notavimus
1243 2653 1347 2685 locum,
1369 2656 1396 2680 et
1421 2651 1524 2679 fusiore
1538 2651 1727 2686 explanatione
1739 2649 1774 2679 ii-

987 2700 1158 2728 lustrandum
1173 2704 1326 2735 opportuno
1340 2703 1463 2735 tempore
1479 2698 1667 2726 tractabimus.

937 2866 942 2872 .
960 2853 1020 2879 ιιιι,
1037 2845 1061 2873 7.
1100 2846 1120 2862 ¹¹
1140 2845 1233 2873 Matth.
1249 2852 1323 2878 uvt,
1341 2844 1387 2873 3i.
