2035 3214
271 155 339 182 “55

535 210 650 237 CAPUT
671 210 788 238 XXVIII.

578 255 620 282 Er
647 256 748 283 eodem.

306 322 316 339 ‹
340 312 372 339 Et
387 312 540 348 egredietur
562 312 693 340 Dominus
716 316 743 340 et
775 313 943 347 prreliabitur
965 317 1060 340 contra

269 363 363 394 gentes
380 359 440 386 illas
455 379 462 390 ,
488 362 558 385 sucut
584 359 722 393 praeliatus
737 363 780 386 est
810 360 838 386 in
866 360 910 386 die
932 360 1061 386 certami-

270 406 322 431 nis.
339 426 345 431 .
379 424 386 432 .
407 424 413 430 .
430 425 436 431 .
459 403 490 430 Et
507 404 596 430 veniet
612 403 743 430 Dominus
763 404 833 431 Deus
848 412 934 436 meus,
950 413 1060 432 omnes-

269 459 321 485 que
335 450 421 478 sancti
433 458 493 477 eum
508 458 541 477 eo
556 450 588 476 ".
602 460 611 476 ι
626 449 658 476 Ει
672 450 728 477 haec
745 451 797 478 rati
809 450 843 478 de
854 451 976 479 secundo
1003 451 1056 479 dici

342 496 444 524 Christi
459 496 577 523 adventu
594 496 758 524 notavimus.

550 585 664 612 CAPUT
684 585 781 612 XXIX.

569 632 594 660 E
610 633 756 662 Mulae/tia.

309 701 317 716 ι
336 689 395 718 Νοιι
409 695 452 717 est
465 690 532 718 mihi
549 692 675 719 voluntas
693 692 720 719 in
734 692 822 724 vobis,
834 692 902 719 dicit
923 693 1056 721 Dominus

269 738 443 773 omnipotens
459 747 464 764 :
480 743 507 765 et
537 746 636 766 munus
659 746 714 765 non
743 740 892 774 suscipiam
918 740 951 768 de
975 749 1056 768 manu

267 788 369 812 vestra.
386 784 426 812 Ab
440 789 502 812 ortu
515 786 587 812 enim
604 786 671 813 solis
688 794 775 821 usque
789 788 822 814 ad
839 795 978 819 occasum,
997 796 1057 814 ma-

267 839 350 865 guum
382 834 423 858 est
453 837 552 857 nomen
577 838 666 857 meum
688 831 715 857 iu
732 831 859 866 gentibus
877 841 884 859 :
899 835 925 858 et
942 833 969 859 in
983 832 1056 859 omni

267 878 328 904 loco
354 876 532 908 sacriﬁcatur,
557 880 584 904 et
611 878 723 904 oﬁ‘ertur
740 877 842 904 nomini
873 886 934 905 meo
955 878 1057 905 oblatio

268 924 368 950 munda
380 933 386 950 :
397 923 460 958 quia
473 931 601 958 magnum
610 927 652 951 est
664 931 761 950 nomen
772 931 862 950 meum
874 924 901 950 in
917 924 1054 958 gentibus,

271 968 477 997 dicitDominus
487 969 676 1004 omnipotens:
688 973 715 997 et
723 977 771 997 vos
781 970 916 1004 polluistis
928 971 1031 997 illud".
1044 981 1052 996 ι

268 1016 347 1043 Sicut
360 1024 469 1048 manus,
491 1019 519 1043 et
548 1017 675 1048 dextera,
691 1020 718 1043 et
747 1016 889 1044 brachium
916 1021 943 1044 et
968 1018 1056 1044 virtus

267 1061 315 1101 Ι)θὶ
338 1062 460 1089 omnium
491 1061 609 1090 Verbum
635 1063 695 1097 ejus
722 1063 749 1089 in
775 1062 875 1090 divinis
898 1063 1056 1091 nominatur

267 1108 429 1143 Scripturis,
442 1109 480 1135 ita
512 1113 615 1136 etcum
641 1109 768 1144 designat
795 1117 894 1137 nomen
921 1109 978 1137 Dei.
998 1109 1054 1137 Iloc

266 1155 348 1190 igitur
363 1155 484 1182 divinum
508 1163 606 1182 nomen
625 1158 704 1190 quasi
724 1165 733 1181 ι
751 1155 785 1183 ab
808 1159 869 1183 ortu
888 1156 954 1183 solis
970 1164 1056 1191 usque

267 1201 300 1228 ad
314 1209 442 1229 occasum
459 1202 629 1237 gloriﬁcatur
640 1202 667 1228 in
685 1202 824 1236 gentibus,
841 1211 851 1227 ι
869 1202 956 1230 cuivis
969 1203 1057 1229 mani-

265 1247 366 1275 festum
381 1256 428 1283 per
447 1247 656 1283 praedicationes
682 1256 742 1283 quae
764 1248 791 1275 in
821 1247 922 1284 Christi
947 1249 1057 1276 nomine

268 1293 369 1328 ubique
387 1292 465 1319 ﬁunt.
482 1292 588 1326 Quippe
601 1292 628 1319 in
645 1293 720 1319 omni
739 1293 800 1320 loco
826 1293 948 1328 spiritale
963 1293 1057 1320 incen-

266 1345 328 1365 sum
343 1342 370 1365 et
387 1337 514 1372 precibus
527 1346 626 1373 purum
653 1338 883 1374 incruentumque
908 1346 941 1366 ac
969 1340 1055 1366 ratio-

266 1384 328 1410 nale
349 1384 516 1411 sacrilicium
536 1391 584 1419 per
599 1391 694 1412 verum
723 1392 915 1420 summumque
945 1385 1055 1419 pontiﬁ-

266 1437 327 1458 cem
344 1428 398 1456 Deo
413 1429 543 1457 olI'erunt.
557 1429 663 1462 Quibus
681 1437 747 1457 vero
760 1430 812 1457 hoc
833 1431 915 1458 modo
939 1431 1056 1458 adoran-

267 1475 351 1507 tibus,
367 1475 519 1510 corporalia
533 1475 634 1510 prioris
652 1476 746 1511 populi
763 1477 896 1504 sacriﬁcia
913 1485 1055 1505 recessura

265 1522 333 1549 dicit
344 1521 425 1550 Deus.
444 1521 617 1550 Manifestum
643 1523 726 1558 igitur
749 1523 886 1558 quomodo
900 1528 961 1559 post
975 1524 1055 1551 Chri-

613 152 748 180 EUSEBII
769 152 1010 180 CA‘ZSARIENSIS
1027 153 1102 178 UPI’.
1126 153 1215 181 PARS
1236 155 1278 183 Ill.
1298 173 1328 177 —
1351 158 1557 187 EXEGETICA.

1830 164 1897 190 “56

1360 217 1554 244 ΚΕΦᾹΛΑΙΟΝ
1575 219 1631 244 KII'

1421 263 1475 288 Τοῦ
1488 263 1590 289 αὑτοῦ.

1149 325 1158 341 ι
1182 315 1270 352 (£511)
1291 318 1345 344 Καὶ
1361 318 1529 350 ἐξελεύσεται
1544 319 1655 354 Κύριος,
1676 320 1722 346 καὶ
1743 320 1883 354 παρατὰξε

1110 371 1154 401 ται
1170 363 1199 388 ὲν
1214 364 1269 394 τοῖς
1286 363 1390 390 ἔθνεσιν
1403 365 1525 396 ἐκείνοις,
1541 365 1631 397 καθὼς
1645 366 1735 401 ἡμέρα
1755 365 1874 401 πολέμου
1889 375 1894 380 ·

1110 408 1156 433 καὶ¹
1182 408 1315 443 παρέσται
1340 409 1441 446 Κύριος
1456 411 1471 436 ό
1493 409 1558 441 Θεός
1585 419 1646 445 μου,
1671 411 1718 436 καὶ
1746 411 1847 442 πάντες
1873 413 1896 437 οἱ

1110 453 1181 488 ἂγιοι
1206 455 1266 488 μετ’
1292 455 1384 482 αὑτοῦ.
1409 465 1418 480 ι
1443 456 1498 482 Καὶ
1522 457 1607 483 ταῦτα
1629 456 1806 489 ὑπονοοῦντες
1833 459 1898 493 περὶ

1109 500 1157 534 τῆς
1176 499 1305 535 δευτέρας
1321 500 1447 530 λέγεσθαι
1464 501 1509 527 τοῦ
1526 502 1643 538 Χριστοῦ
1666 503 1818 538 παρουσίας
1836 505 1898 539 ἐση-

1109 545 1296 580 μειωσάμεθα.

1362 593 1558 620 ΚΕΦΑΛΛῘΟΝ
1578 593 1640 620 ΚΘΕ

1394 639 1449 666 Τοῦ
1465 639 1604 674 ἀγγέλου.

1148 703 1156 718 ι
1181 693 1237 720 Οὐκ
1263 693 1320 720 ἔστι
1345 703 1395 729 μου
1420 694 1526 730 θέλημα
1549 696 1577 722 ὲν
1600 697 1674 731 ὑμῖν,
1695 696 1771 730 λέγει
1794 697 1899 732 Κύριος

1109 740 1314 775 παντοκράτωρ,
1339 741 1386 767 καὶ
1411 740 1505 767 θυσίαν
1527 742 1558 767 οὺ
1585 742 1766 777 προσδέξομαι
1786 744 1819 769 ὲκ
1843 742 1897 768 τῶν

1108 785 1208 820 χειρῶν
1230 786 1317 821 ὑμῶν.
1343 787 1415 813 Διότι
1441 787 1495 814 ἀπὸ
1516 788 1651 814 ἀνατολῶν
1675 788 1750 823 ἡλίου
1776 789 1825 815 καὶ
1846 790 1897 819 ἕως

1107 831 1217 866 δυσμῶν
1236 832 1266 858 τὸ
1281 832 1366 868 ὄνομα
1382 842 1432 868 μου
1445 834 1599 867 δεδόξασται
1613 835 1642 860 ὲν
1663 836 1719 867 τοῖς
1734 835 1835 869 ἔθνεσι,
1851 839 1897 864 καὶ

1108 879 1136 904 ἐν
1160 879 1243 905 παντὶ
1266 880 1489 916 τόπῳθυμίαμα
1512 882 1694 917 προσφέρεται
1720 882 1759 917 τῷ
1784 883 1898 918 ὀνόματί

1109 932 1170 957 μου,
1189 924 1236 950 καὶ
1250 924 1329 951 θυσία
1343 925 1450 960 καθαρά
1460 933 1466 939 ·
1484 925 1550 952 διότι
1567 925 1639 960 μέγα
1654 926 1684 952 τὸ
1698 926 1784 961 δνομά
1805 935 1856 961 μου
1870 927 1898 952 ἐν

1106 971 1163 1001 τοῖς
1185 969 1283 1001 ἔθνεσι,
1306 970 1379 1004 λέγει
1403 971 1505 1006 Κύριος
1531 972 1742 1007 παντοκράτωρ·
1768 972 1848 1006 ὑμεῖς
1870 972 1898 998 δὲ

1109 1016 1253 1052 βεϐηλοῦτε
1277 1017 1352 1044 αὑτό.
1372 1027 1381 1044 ι
1405 1018 1510 1054 ’Ὠσπερ
1532 1019 1593 1054 χεὶρ
1607 1019 1653 1045 καὶ
1672 1018 1746 1051 δεξιὰ
1765 1020 1814 1046 καὶ
1829 1018 1898 1054 βρα-

1108 1063 1173 1098 χίων
1193 1064 1240 1090 καὶ
1254 1064 1366 1099 δύναμις
1381 1063 1428 1090 τοῦ
1443 1064 1510 1090 Θεοῦ
1531 1063 1584 1090 τῶν
1598 1064 1664 1090 ὅλων
1679 1065 1693 1090 ὁ
1711 1065 1798 1097 Λόγος
1814 1063 1898 1090 αὐτοῦ

1108 1109 1137 1135 ἐν
1155 1110 1214 1141 ταῖς
1238 1109 1324 1141 Θείαις
1345 1109 1501 1144 ὠνόμασται
1521 1109 1655 1145 Γραφαίς,
1677 1109 1764 1140 οὕτως
1778 1110 1793 1135 ὁ
1816 1109 1898 1140 αὐτὸς

1109 1155 1156 1181 καὶ
1174 1155 1258 1190 ὄνομα
1280 1155 1441 1190 χρηματίζει
1461 1155 1506 1181 τοῦ
1521 1155 1599 1182 Θεοῦ.
1623 1155 1707 1182 Τοῦτο
1720 1153 1766 1181 οὖν
1780 1155 1812 1181 τὸ
1826 1155 1898 1182 θεῖον

1109 1201 1194 1236 ὄνομα
1210 1202 1247 1233 ὡς
1262 1211 1271 1226 ‹
1289 1202 1335 1227 ἀπ’
1358 1200 1492 1228 ἀνατολῶν
1512 1201 1587 1236 ἡλίου
1605 1202 1652 1228 καὶ
1663 1201 1772 1237 δυσμῶν
1791 1201 1899 1234 δεδόξα-

1111 1257 1170 1274 σται
1192 1249 1220 1274 ὲν
1235 1250 1289 1279 τοῖς
1303 1248 1417 1279 ἔθνεσιν,
1434 1257 1443 1273 ι
1465 1248 1545 1274 παντί
1566 1256 1604 1282 τῳ
1625 1247 1757 1283 πρόδηλον
1772 1247 1827 1274 ἀπὸ
1844 1246 1898 1273 τῶν

1108 1295 1261 1329 πανταχόσε
1290 1295 1513 1330 χρηματιζόντων
1539 1294 1610 1321 κατὰ
1631 1294 1679 1329 τὴν
1705 1294 1753 1320 τοῦ
1776 1293 1897 1329 Χριστοῦ

1108 1340 1293 1376 προσηγορίαν
1303 1349 1309 1354 ·
1325 1341 1349 1367 οἳ
1364 1341 1410 1367 καὶ
1421 1341 1450 1366 ἐν
1464 1340 1545 1366 παντὶ
1559 1340 1634 1375 τόπῳ
1648 1339 1836 1374 πνευματικὸν
1852 1339 1899 1365 θυ-

1109 1387 1199 1423 μίαμα
1216 1388 1263 1414 καὶ
1284 1388 1333 1423 τὴν
1354 1387 1388 1414 δι’
1405 1387 1493 1422 εὐχῶν
1514 1386 1635 1422 καθαρὰν
1656 1386 1703 1413 καὶ
1726 1385 1898 1421 ἀναίμακτον

1108 1436 1155 1462 καὶ
1169 1434 1280 1469 λογικὴν
1293 1433 1388 1460 θυσίαν
1401 1433 1445 1459 διὰ
1457 1432 1504 1459 τοῦ
1517 1433 1577 1459 κατ’
1594 1432 1723 1467 ἀλήθειαν
1744 1432 1898 1467 ἀρχιερέως

1107 1481 1274 1517 προσάγουσι
1287 1480 1326 1515 τῷ
1340 1479 1412 1515 Θεῷ·
1427 1479 1529 1505 τούτων
1544 1478 1572 1505 δὲ
1595 1478 1687 1505 τοῦτον
1710 1477 1898 1514 λατρευόντων

1106 1528 1153 1554 τὸν
1168 1527 1278 1563 τρόπον,
1295 1527 1344 1558 τὰς
1363 1525 1522 1560 σωματικὰς
1543 1524 1589 1552 τοῦ
1611 1524 1742 1560 προτέρου
1766 1524 1832 1551 λ.αοῦ
1853 1524 1896 1551 θυ-

265 1569 301 1596 sti
314 1569 531 1596 incarnationem
552 1569 682 1604 utrinque
710 1569 791 1597 ﬁnem
819 1571 962 1606 prophetia
977 1579 1053 1598 acce-

1109 1573 1169 1605 σίας
1184 1571 1444 1607 ἀποστραφήσεσθαί
1462 1579 1542 1606 φησιν
1564 1571 1579 1596 ό
1592 1571 1674 1602 Qui;-
1691 1569 1739 1597 καὶ
1756 1570 1790 1605 δὴ
1815 1571 1898 1604 σαφὲς

265 1615 352 1651 perit;
388 1615 489 1642 etenim
520 1615 620 1650 prioris
643 1616 734 1651 populi
759 1616 951 1651 reprobatione
973 1616 1054 1644 simul

265 1661 392 1688 submota
420 1665 485 1688 sunt
502 1661 536 1688 ab
547 1662 588 1689 eis
601 1662 750 1689 secundum
765 1662 858 1690 Daniel
878 1663 1013 1690 sacriﬁcia
1029 1668 1055 1690 et

266 1707 423 1739 libamenta,
451 1715 501 1734 nec
526 1715 581 1734 non
596 1712 623 1735 et
648 1708 768 1743 gentium
783 1709 816 1736 ad
834 1709 956 1736 omnium
969 1709 1054 1737 Deum

266 1754 408 1780 conversio
424 1753 570 1782 subsecuta
581 1757 633 1782 est.

548 1854 768 1890 CAPUTJKXX.

582 1901 624 1928 Ea:
636 1901 738 1928 eodem.

304 1966 314 1983 ε
336 1957 449 1985 Pactum
463 1965 553 1986 meum
574 1957 626 1985 fuit
644 1966 706 1985 eum
722 1966 755 1987 eo
777 1960 840 1987 vitae
863 1964 890 1987 et
910 1960 985 1995 pacis
1003 1968 1009 1986 :
1027 1964 1054 1988 et

265 2004 327 2032 dedi
351 2005 376 2032 ei
406 2005 543 2037 timorem,
555 2008 582 2033 et
594 2005 692 2040 _timuit
706 2013 760 2038 me,
788 2010 815 2033 et
841 2013 857 2032 a
878 2005 948 2034 facie
964 2006 1054 2034 nomi-

267 2051 311 2078 nis
331 2050 383 2078 mei
395 2051 519 2086 pavebat.
539 2051 594 2079 Lex
610 2051 734 2079 veritatis
755 2050 808 2078 Iuit
831 2052 858 2079 in
879 2059 929 2080 ore
944 2052 1015 2087 ejus,
1027 2057 1052 2080 et

266 2097 398 2132 iniquitas
423 2106 478 2125 non
504 2103 546 2125 est
570 2098 680 2126 inventa
704 2099 731 2126 in
749 2098 829 2126 labiis
841 2099 924 2134 ejus:
944 2099 971 2126 in
984 2107 1051 2134 pace

264 2148 292 2170 et
307 2144 334 2170 in
347 2143 475 2178 aequitate
492 2145 642 2172 ambulavit
657 2153 775 2177 mecum,
793 2149 821 2172 et
836 2145 936 2174 multos
955 2146 1052 2173 avertit

265 2187 300 2214 ab
317 2187 471 2222 iniquitate.
496 2187 582 2216 Labia
613 2189 686 2216 enim
717 2190 869 2218 sacerdotis
895 2191 1052 2218 custodient

1107 1617 1165 1649 πῶς
1182 1617 1251 1652 μετὰ
1263 1617 1312 1652 τὴν
1328 1616 1373 1642 τοῦ
1385 1615 1502 1652 Χριστοῦ
1517 1615 1666 1651 παρουσίαν
1679 1614 1738 1640 κατ’
1753 1615 1898 1649 ἀμφότερι

1106 1663 1193 1698 πέρας
1200 1662 1309 1697 εἴληφεν
1325 1663 1341 1697 ἡ
1354 1661 1516 1697 προφητεία·
1532 1661 1602 1687 κατά
1608 1669 1638 1687 τε
1649 1660 1698 1696 τὴν
1708 1660 1746 1696 (5)
1762 1660 1898 1696 προτέρου

1105 1707 1170 1734 λαοῦ
1186 1707 1330 1743 ἀποϐολὴν,
1348 1707 1405 1742 ἃμα
1420 1716 1449 1733 τε
1470 1706 1597 1742 ἀρθείσης
1611 1706 1640 1739 ἐξ
1654 1706 1744 1733 αὐτῶν
1763 1707 1840 1734 κατὰ
1855 1707 1898 1734 τὸν

1105 1753 1204 1789 Δανιὴλ
1220 1753 1315 1784 θυσίας
1329 1753 1376 1779 καὶ
1395 1752 1522 1787 σπονδῆς,
1537 1753 1585 1779 καὶ
1596 1752 1667 1779 κατά
1679 1752 1728 1788 τὴν
1745 1752 1804 1780 τῶν
1817 1753 1898 1780 ἐθνῶν

1106 1800 1152 1826 ἐπὶ
1163 1799 1208 1825 τὸν
1222 1799 1276 1825 τῶν
1292 1798 1359 1825 ὅλων
1373 1798 1439 1825 Θεὸν
1455 1798 1632 1834 ἐπιστροφήν.

1368 1853 1565 1880 ΚΕΦΑΛΑΙΟΝ
1582 1853 1621 1880 Δ’.

1414 1900 1469 1927 Τοῦ
1480 1899 1583 1926 αὑτοῦ.

1142 1969 1151 1985 ‹
1178 1959 1210 1985 'II
1226 1958 1340 1994 διαθήκη
1357 1955 1391 1993 ἦν
1418 1957 1477 1992 μετ’
1499 1956 1581 1983 αὐτοῦ
1609 1955 1659 1991 τῆς
1682 1955 1757 1991 ζωῆς
1772 1956 1824 1982 καὶ
1850 1956 1897 1988 τῆς

1104 2006 1226 2042 εἰρήνης,
1250 2005 1298 2032 καὶ
1325 2004 1412 2030 ἔδωκα
1428 2003 1502 2038 αὐτῷ
1526 2002 1600 2038 φόϐῳ
1617 2001 1758 2037 φοῦεῖσθαί
1784 2011 1830 2037 με,
1852 2002 1896 2029 ναὶ

1104 2053 1158 2080 ἀπὸ
1174 2051 1319 2088 προσώπου
1334 2050 1465 2086 ὀνόματός
1489 2057 1539 2085 μου
1558 2048 1715 2075 στέλλεσθαι
1732 2048 1829 2074 αὐτόν.
1844 2048 1895 2074 Νόο

1105 2107 1154 2134 μος
1167 2097 1294 2133 ἀληθείας
1306 2095 1340 2132 ἦν
1355 2097 1384 2123 ὲν
1397 2095 1436 2131 τῷ
1449 2096 1562 2130 στόματι
1577 2093 1669 2127 αὑτοῦ,
1683 2094 1732 2121 καὶ
1743 2094 1839 2121 ἀδικία
1849 2094 1894 2129 οὐχ

1104 2143 1202 2180 εὑρέθη
1218 2144 1246 2169 ὲν
1258 2142 1374 2178 χείλεσιν
1387 2140 1480 2167 αὐτοῦ’
1493 2141 1521 2166 ὲν
1534 2140 1629 2175 είρὴνῃ
1645 2138 1821 2166 κατευθύνων
1834 2140 1895 2166 ἐπο-

1105 2189 1188 2225 ρεύθη
1211 2189 1268 2224 μετ’
1288 2186 1367 2223 ἐμοῦ,
1384 2187 1430 2214 καὶ
1450 2182 1563 2217 πολλοὺς
1577 2184 1744 2220 ἐπέστρεψεν
1760 2185 1818 2211 ἀπὸ
1838 2184 1893 2211 ἀδι-

265 2232 420 2264 scieutiam,
437 2237 464 2261 et
475 2234 560 2269 legem
584 2236 724 2270 requirent
749 2243 781 2263 ex
812 2243 860 2264 ore
881 2237 943 2271 ejus
960 2245 966 2262 :
986 2238 1048 2272 quia

1105 2236 1174 2267 κίας.
1191 2235 1250 2261 ’Ότι
1270 2234 1345 2269 χείλη
1360 2233 1455 2269 ἱερέως
1467 2231 1613 2266 φυλάξεται
1628 2231 1739 2265 γνῶσιν,
1750 2231 1800 2257 καὶ
1813 2231 1892 2265 νόμον

264 2280 377 2315 angelus
394 2279 500 2307 Domini
514 2278 709 2316 omnipotentis
731 2287 773 2310 est
783 2282 816 2309 ".
835 2292 844 2308 )
863 2282 926 2310 Haec
941 2291 1049 2318 quoque

263 2333 326 2352 cum
340 2326 505 2354 testimoniis
520 2327 555 2355 de
567 2326 678 2355 Christo
691 2335 811 2363 congrua
828 2333 986 2364 reputantes
1004 2339 1048 2358 re-

263 2372 386 2400 tulimus.
404 2372 517 2400 Pactum
538 2372 612 2401 enim
631 2374 693 2401 vitae
707 2377 734 2401 et
751 2374 826 2409 pacis
848 2381 910 2401 cum
925 2382 958 2402 eo
970 2379 1046 2408 erat;

262 2418 370 2446 timoris
385 2426 450 2445 vero
466 2418 580 2454 spiritus
597 2426 660 2446 cum
683 2419 790 2446 caateris
819 2427 901 2455 super
924 2428 987 2448 eum
1005 2428 1048 2448 re-

262 2465 376 2500 quievit,
387 2465 466 2499 juxta
486 2465 544 2492 haec
564 2463 642 2493 Isaia
656 2465 737 2493 verba
752 2474 759 2492 :
777 2474 786 2490 ε
805 2465 839 2492 Ει
856 2466 971 2501 replebit
983 2474 1046 2494 eum

263 2512 376 2547 spiritus
395 2512 501 2540 timoris
518 2511 625 2539 Domini
635 2511 669 2539 ⁸⁸,
691 2522 700 2538 ι
719 2511 850 2540 Veritatis
867 2521 978 2548 quoque
993 2513 1047 2546 lex,

263 2566 316 2585 non
332 2562 422 2586 autem
438 2559 528 2594 typica
541 2558 569 2586 in
589 2565 638 2587 ore
652 2558 711 2594 ejus
725 2563 794 2592 erat,
812 2563 839 2586 et
861 2567 918 2586 non
938 2559 1048 2587 inventa

262 2609 303 2632 est
314 2604 446 2640 iniquitas
467 2605 496 2632 in
518 2604 598 2633 labiis
631 2604 702 2640 ejus.
716 2604 800 2633 Juxta
822 2605 896 2632 enim
921 2604 1047 2633 eumdem

263 2649 370 2681 Isaiam,
397 2650 570 2685 iniquitatem
593 2658 649 2678 non
677 2649 752 2683 fecit,
775 2657 826 2678 nec
856 2650 983 2679 inventus
1007 2655 1050 2678 est

264 2694 344 2724 dolus
357 2697 382 2724 in
399 2697 477 2724 labris
499 2698 570 2732 ejus.
587 2697 671 2730 Quasi
689 2698 860 2726 coexsistens
884 2699 974 2733 patria
992 2699 1049 2724 vir-

263 2745 320 2769 tute
336 2752 344 2768 ε
366 2743 392 2770 in
409 2751 475 2778 pace
494 2747 520 2771 et
541 2744 568 2771 in
585 2745 713 2780 aequitate
731 2754 740 2771 ι
757 2745 906 2772 ambulavit
926 2752 988 2771 cum
1003 2752 1047 2777 eo,

1103 2280 1297 2316 ἐκζητήσουσιν
1311 2280 1342 2306 ἐκ
1353 2279 1486 2314 στόματος
1500 2278 1593 2308 αὐτοῦ,
1608 2278 1649 2304 ὅτι
1663 2277 1779 2311 ἄγγελος
1790 2277 1890 2312 Κυρίου

1102 2326 1320 2362 παντοκράτορός
1334 2326 1418 2352 ἐστιν,
1435 2335 1445 2350 ι
1460 2325 1515 2351 Καὶ
1530 2323 1605 2350 ταῦθ’
1620 2323 1750 2359 ἁρμόζειν
1769 2323 1891 2357 ὑπολαμ-

1101 2375 1227 2406 ϐάνοντες
1238 2374 1297 2405 ταῖς
1311 2374 1375 2409 περὶ
1390 2371 1507 2408 Χριστοῦ
1525 2370 1687 2407 μαρτυρίαις
1702 2369 1888 2404 ἐκτεθείμεθα·

1100 2422 1117 2456 ἦ
1132 2430 1161 2447 τε
1176 2421 1230 2456 γὰρ
1245 2420 1360 2455 διαθήκη
1378 2420 1428 2454 τῆς
1440 2417 1513 2452 ζωῆς
1531 2417 1577 2443 καὶ
1592 2416 1642 2451 τῆς
1651 2416 1763 2450 εἰρήνης
1781 2412 1816 2449 ἦν
1833 2415 1889 2449 μετ’

1101 2466 1195 2498 αὑτοῦ,
1213 2466 1243 2492 τό
1265 2473 1295 2492 τε
1313 2464 1359 2491 τοῦ
1384 2463 1466 2498 φόϐου
1484 2461 1594 2497 πνεῦμα
1611 2461 1680 2496 μετά
1700 2460 1747 2486 καὶ
1762 2460 1816 2486 τῶν
1838 2459 1891 2485 λοι-

1103 2513 1161 2539 πῶν
1178 2513 1220 2539 ἐπ’
1237 2511 1319 2539 αὑτὸν
1335 2509 1506 2537 ἀνεπαύσατο
1522 2507 1592 2535 κατά
1604 2507 1644 2539 τὸ,
1659 2516 1669 2532 ‹
1683 2507 1739 2532 Καὶ
1755 2505 1888 2540 ἐμπλήσει

1102 2559 1182 2586 αὑτὸν
1199 2557 1307 2593 πνεῦμα
1331 2556 1413 2590 φόϐου
1433 2555 1512 2585 Θεοῦ,
1532 2565 1540 2580 ι
1557 2553 1702 2588 λεγόμενον
1723 2553 1752 2578 ὲν
1775 2552 1886 2586 Ἦσαῖᾳο

1101 2605 1180 2632 τοῦτο
1196 2605 1224 2631 δὲ
1238 2604 1285 2630 καὶ
1299 2604 1313 2630 ὁ
1327 2603 1376 2638 τῆς
1391 2601 1518 2637 ἀληθείας
1534 2601 1625 2635 νόμος,
1638 2599 1699 2634 οὐχὶ
1712 2599 1740 2625 δὲ
1751 2599 1766 2625 ὸ
1778 2597 1887 2628 autut;

1099 2653 1127 2678 ὲν
1142 2651 1181 2686 τῷ
1198 2651 1311 2685 στόματι
1327 2648 1371 2684 ἦν,
1390 2649 1436 2676 καὶ
1448 2648 1537 2675 ἀδικία
1553 2647 1602 2681 οὐχ
1618 2645 1718 2682 εὑρέθη
1732 2646 1761 2671 ἐν
1774 2645 1886 2680 χείλεσιν

1098 2696 1190 2723 αὐτοῦ’
1207 2695 1278 2721 κατὰ
1297 2694 1350 2729 γὰρ
1371 2693 1416 2719 τὸν
1436 2692 1550 2718 Ἡσαΐαν
1565 2690 1702 2726 ἁμαρτίαν
1725 2690 1776 2716 οὐκ
1795 2689 1885 2723 ἐποίη-

1099 2751 1155 2774 σεν,
1169 2741 1228 2768 οὐδὲ
1242 2740 1340 2776 εὑρὲοη
1350 2739 1424 2770 δόλος
1439 2739 1467 2764 ὲν
1482 2738 1598 2772 χείλεσιν
1614 2735 1706 2763 αὐτοῦ·
1723 2733 1768 2762 οἷα
1784 2735 1812 2762 δὲ
1830 2742 1886 2762 τυν-

298 2822 320 2837 "
337 2822 419 2850 Zach.
436 2831 490 2855 xw,
504 2823 521 2850 3
533 2843 541 2855 ,
566 2824 592 2850 ὅ.
629 2823 652 2839 ⁸³
670 2823 784 2851 Malaeh.
807 2831 832 2857 I,
859 2824 953 2852 10-12.
991 2824 1013 2840 “
1031 2823 1053 2850 Μ

1105 2822 1177 2855 ch.n,
1195 2821 1250 2848 5-7.
1289 2820 1312 2836 ⁸⁸
1328 2819 1379 2847 Isa.
1398 2827 1434 2851 χιι
1456 2818 1481 2845 5.

299 2870 337 2906 (ἦ)
359 2870 530 2899 Desiderulur
549 2871 604 2898 τοῦ.
620 2871 698 2898 Eutr.
