  <div class='ocr_page' id='page_1' title='image "/cluster/home/n/w/nwhite01/storage/ocr_20150623/22/njp.32101077772497/654.png"; bbox 0 0 2035 3214; ppageno 0'>
   <div class='ocr_carea' id='block_1_1' title="bbox 135 163 202 190">
    <p class='ocr_par' dir='ltr' id='par_1_1' title="bbox 135 163 202 190">
     <span class='ocr_line' id='line_1_1' title="bbox 135 163 202 190; baseline 0 0"><span class='ocrx_word' id='word_1_1' title='bbox 135 163 202 190; x_wconf 72' lang='lat' dir='ltr'><strong>H57</strong></span> 
     </span>
    </p>
   </div>
   <div class='ocr_carea' id='block_1_2' title="bbox 636 163 1250 194">
    <p class='ocr_par' dir='ltr' id='par_1_2' title="bbox 636 163 1250 194">
     <span class='ocr_line' id='line_1_2' title="bbox 636 163 1250 194; baseline 0.008 -5"><span class='ocrx_word' id='word_1_2' title='bbox 636 163 784 191; x_wconf 68' lang='grc' dir='ltr'><strong>ΕΚ]ιοοΕ</strong></span> <span class='ocrx_word' id='word_1_3' title='bbox 805 163 1042 192; x_wconf 63' lang='grc' dir='ltr'><strong>ΡΒΟΡΙΙΕἸΙΟΕ.</strong></span> <span class='ocrx_word' id='word_1_4' title='bbox 1063 181 1094 184; x_wconf 83' lang='lat'><strong>—</strong></span> <span class='ocrx_word' id='word_1_5' title='bbox 1119 166 1182 193; x_wconf 88' lang='lat' dir='ltr'><strong>LIB.</strong></span> <span class='ocrx_word' id='word_1_6' title='bbox 1205 167 1250 194; x_wconf 91' lang='lat' dir='ltr'><strong>Ill.</strong></span> 
     </span>
    </p>
   </div>
   <div class='ocr_carea' id='block_1_3' title="bbox 1693 170 1787 197">
    <p class='ocr_par' dir='ltr' id='par_1_3' title="bbox 1693 170 1787 197">
     <span class='ocr_line' id='line_1_3' title="bbox 1693 170 1787 197; baseline 0.011 -1"><span class='ocrx_word' id='word_1_7' title='bbox 1693 170 1762 197; x_wconf 70' lang='lat'><strong>“58</strong></span> <span class='ocrx_word' id='word_1_8' title='bbox 1783 186 1787 189; x_wconf 94' lang='lat'><em>-</em></span> 
     </span>
    </p>
   </div>
   <div class='ocr_carea' id='block_1_4' title="bbox 134 222 926 262">
    <p class='ocr_par' dir='ltr' id='par_1_4' title="bbox 134 222 920 260">
     <span class='ocr_line' id='line_1_4' title="bbox 134 222 920 260; baseline 0.004 -11"><span class='ocrx_word' id='word_1_9' title='bbox 134 223 171 249; x_wconf 84' lang='grc' dir='ltr'>ὼν</span> <span class='ocrx_word' id='word_1_10' title='bbox 190 225 222 257; x_wconf 69' lang='grc' dir='ltr'>τῇ</span> <span class='ocrx_word' id='word_1_11' title='bbox 250 224 366 258; x_wconf 82' lang='grc' dir='ltr'>πατρικῇ</span> <span class='ocrx_word' id='word_1_12' title='bbox 392 222 504 258; x_wconf 80' lang='grc' dir='ltr'><strong>δυνάμει</strong></span> <span class='ocrx_word' id='word_1_13' title='bbox 524 232 532 247; x_wconf 88' lang='grc'><strong>‹</strong></span> <span class='ocrx_word' id='word_1_14' title='bbox 553 223 581 249; x_wconf 84' lang='grc' dir='ltr'><strong>ἐν</strong></span> <span class='ocrx_word' id='word_1_15' title='bbox 602 224 697 260; x_wconf 76' lang='grc' dir='ltr'>εἰρήνῃ</span> <span class='ocrx_word' id='word_1_16' title='bbox 721 225 891 252; x_wconf 71' lang='grc' dir='ltr'><strong>κατευθύνων</strong></span> <span class='ocrx_word' id='word_1_17' title='bbox 912 236 920 251; x_wconf 78' lang='grc' dir='ltr'><strong>ι</strong></span> 
     </span>
    </p>
   </div>
   <div class='ocr_carea' id='block_1_5' title="bbox 977 222 1762 262">
    <p class='ocr_par' dir='ltr' id='par_1_5' title="bbox 977 226 1762 262">
     <span class='ocr_line' id='line_1_5' title="bbox 977 226 1762 262; baseline 0.003 -10"><span class='ocrx_word' id='word_1_18' title='bbox 977 226 1069 253; x_wconf 80' lang='lat' dir='ltr'><strong>militis</strong></span> <span class='ocrx_word' id='word_1_19' title='bbox 1084 234 1178 253; x_wconf 88' lang='lat' dir='ltr'><strong>eorum</strong></span> <span class='ocrx_word' id='word_1_20' title='bbox 1191 227 1236 261; x_wconf 82' lang='lat' dir='ltr'><strong>qui</strong></span> <span class='ocrx_word' id='word_1_21' title='bbox 1251 228 1327 261; x_wconf 85' lang='lat' dir='ltr'><strong>prius</strong></span> <span class='ocrx_word' id='word_1_22' title='bbox 1350 227 1434 254; x_wconf 86' lang='lat' dir='ltr'><strong>Deum</strong></span> <span class='ocrx_word' id='word_1_23' title='bbox 1455 227 1617 262; x_wconf 74' lang='lat' dir='ltr'><strong>ignorabant</strong></span> <span class='ocrx_word' id='word_1_24' title='bbox 1637 227 1670 253; x_wconf 85' lang='lat' dir='ltr'><strong>ad</strong></span> <span class='ocrx_word' id='word_1_25' title='bbox 1696 235 1762 254; x_wconf 89' lang='lat' dir='ltr'><strong>con-</strong></span> 
     </span>
    </p>
   </div>
   <div class='ocr_carea' id='block_1_6' title="bbox 135 268 924 305">
    <p class='ocr_par' dir='ltr' id='par_1_6' title="bbox 135 268 924 305">
     <span class='ocr_line' id='line_1_6' title="bbox 135 268 924 305; baseline 0.003 -9"><span class='ocrx_word' id='word_1_26' title='bbox 135 269 280 305; x_wconf 76' lang='grc' dir='ltr'>ὲπορεύετο</span> <span class='ocrx_word' id='word_1_27' title='bbox 300 270 357 305; x_wconf 78' lang='grc' dir='ltr'>μετ’</span> <span class='ocrx_word' id='word_1_28' title='bbox 373 269 466 300; x_wconf 76' lang='grc' dir='ltr'>αὑτοῦ,</span> <span class='ocrx_word' id='word_1_29' title='bbox 484 268 597 301; x_wconf 77' lang='grc' dir='ltr'>πολλοὺς</span> <span class='ocrx_word' id='word_1_30' title='bbox 616 270 670 296; x_wconf 83' lang='grc' dir='ltr'><strong>τῶν</strong></span> <span class='ocrx_word' id='word_1_31' title='bbox 694 270 776 297; x_wconf 88' lang='grc' dir='ltr'>πάλαι</span> <span class='ocrx_word' id='word_1_32' title='bbox 792 271 838 297; x_wconf 79' lang='grc' dir='ltr'><strong>τὸν</strong></span> <span class='ocrx_word' id='word_1_33' title='bbox 858 271 924 298; x_wconf 78' lang='grc' dir='ltr'>Θεὸν</span> 
     </span>
    </p>
   </div>
   <div class='ocr_carea' id='block_1_7' title="bbox 137 314 924 352">
    <p class='ocr_par' dir='ltr' id='par_1_7' title="bbox 137 314 924 352">
     <span class='ocr_line' id='line_1_7' title="bbox 137 314 924 352; baseline 0.004 -11"><span class='ocrx_word' id='word_1_34' title='bbox 137 315 173 351; x_wconf 86' lang='grc' dir='ltr'>μὴ</span> <span class='ocrx_word' id='word_1_35' title='bbox 188 315 297 341; x_wconf 78' lang='grc' dir='ltr'><strong>εἰδότων</strong></span> <span class='ocrx_word' id='word_1_36' title='bbox 316 315 355 346; x_wconf 86' lang='grc' dir='ltr'>εἰς</span> <span class='ocrx_word' id='word_1_37' title='bbox 373 314 540 350; x_wconf 76' lang='grc' dir='ltr'>ἐπιστροφὴν</span> <span class='ocrx_word' id='word_1_38' title='bbox 553 315 637 349; x_wconf 86' lang='grc' dir='ltr'>ἄγων·</span> <span class='ocrx_word' id='word_1_39' title='bbox 650 317 715 352; x_wconf 82' lang='grc' dir='ltr'>παρ’</span> <span class='ocrx_word' id='word_1_40' title='bbox 728 317 810 343; x_wconf 83' lang='grc' dir='ltr'>αὐτοῦ</span> <span class='ocrx_word' id='word_1_41' title='bbox 821 317 860 349; x_wconf 79' lang='grc' dir='ltr'>δὲ,</span> <span class='ocrx_word' id='word_1_42' title='bbox 877 317 924 344; x_wconf 77' lang='grc' dir='ltr'><strong>ἅτε</strong></span> 
     </span>
    </p>
   </div>
   <div class='ocr_carea' id='block_1_8' title="bbox 135 361 924 398">
    <p class='ocr_par' dir='ltr' id='par_1_8' title="bbox 135 361 924 398">
     <span class='ocr_line' id='line_1_8' title="bbox 135 361 924 398; baseline 0.005 -12"><span class='ocrx_word' id='word_1_43' title='bbox 135 361 371 396; x_wconf 76' lang='grc' dir='ltr'>ἀρχιερέως¹δντος</span> <span class='ocrx_word' id='word_1_44' title='bbox 384 361 429 387; x_wconf 74' lang='grc' dir='ltr'><strong>καὶ</strong></span> <span class='ocrx_word' id='word_1_45' title='bbox 440 361 488 396; x_wconf 81' lang='grc' dir='ltr'>τὴν</span> <span class='ocrx_word' id='word_1_46' title='bbox 505 362 568 397; x_wconf 67' lang='grc' dir='ltr'>περὶ</span> <span class='ocrx_word' id='word_1_47' title='bbox 584 362 691 389; x_wconf 79' lang='grc' dir='ltr'>πάντων</span> <span class='ocrx_word' id='word_1_48' title='bbox 705 362 735 395; x_wconf 80' lang='lat' dir='ltr'><strong>(f.</strong></span> <span class='ocrx_word' id='word_1_49' title='bbox 749 363 783 389; x_wconf 69' lang='grc'><strong>54</strong></span> <span class='ocrx_word' id='word_1_50' title='bbox 797 364 835 398; x_wconf 71' lang='grc' dir='ltr'><strong>νο)</strong></span> <span class='ocrx_word' id='word_1_51' title='bbox 853 363 924 398; x_wconf 84' lang='grc' dir='ltr'>γνῶ-</span> 
     </span>
    </p>
   </div>
   <div class='ocr_carea' id='block_1_9' title="bbox 137 405 923 445">
    <p class='ocr_par' dir='ltr' id='par_1_9' title="bbox 137 405 923 445">
     <span class='ocr_line' id='line_1_9' title="bbox 137 405 923 445; baseline 0.004 -12"><span class='ocrx_word' id='word_1_52' title='bbox 137 416 178 433; x_wconf 84' lang='grc' dir='ltr'><strong>σιν</strong></span> <span class='ocrx_word' id='word_1_53' title='bbox 197 407 431 441; x_wconf 75' lang='grc' dir='ltr'>διαφυλάττοντος,</span> <span class='ocrx_word' id='word_1_54' title='bbox 452 407 497 434; x_wconf 79' lang='grc' dir='ltr'>τὸν</span> <span class='ocrx_word' id='word_1_55' title='bbox 515 408 592 435; x_wconf 82' lang='grc' dir='ltr'>Θεῖον-</span> <span class='ocrx_word' id='word_1_56' title='bbox 609 405 695 444; x_wconf 79' lang='grc' dir='ltr'>νόμον</span> <span class='ocrx_word' id='word_1_57' title='bbox 712 408 878 445; x_wconf 72' lang='grc' dir='ltr'>ἐξεζήτησαν</span> <span class='ocrx_word' id='word_1_58' title='bbox 895 419 923 436; x_wconf 88' lang='grc' dir='ltr'><strong>τε</strong></span> 
     </span>
    </p>
   </div>
   <div class='ocr_carea' id='block_1_10' title="bbox 135 451 925 492">
    <p class='ocr_par' dir='ltr' id='par_1_10' title="bbox 135 451 925 492">
     <span class='ocr_line' id='line_1_10' title="bbox 135 451 925 492; baseline 0.003 -12"><span class='ocrx_word' id='word_1_59' title='bbox 135 454 181 480; x_wconf 73' lang='grc' dir='ltr'><strong>καὶ</strong></span> <span class='ocrx_word' id='word_1_60' title='bbox 198 453 403 489; x_wconf 78' lang='grc' dir='ltr'>ὲκζητήσουσιν,</span> <span class='ocrx_word' id='word_1_61' title='bbox 416 451 456 486; x_wconf 75' lang='grc' dir='ltr'>οἷς</span> <span class='ocrx_word' id='word_1_62' title='bbox 467 454 558 490; x_wconf 79' lang='grc' dir='ltr'>μέλλει</span> <span class='ocrx_word' id='word_1_63' title='bbox 574 455 624 489; x_wconf 78' lang='grc' dir='ltr'><strong>τῆς</strong></span> <span class='ocrx_word' id='word_1_64' title='bbox 640 455 700 481; x_wconf 85' lang='grc' dir='ltr'>κατ’</span> <span class='ocrx_word' id='word_1_65' title='bbox 716 455 796 482; x_wconf 77' lang='grc' dir='ltr'>αὐτὸν</span> <span class='ocrx_word' id='word_1_66' title='bbox 813 457 925 492; x_wconf 79' lang='grc' dir='ltr'>ἐπιστή-</span> 
     </span>
    </p>
   </div>
   <div class='ocr_carea' id='block_1_11' title="bbox 136 500 925 538">
    <p class='ocr_par' dir='ltr' id='par_1_11' title="bbox 136 500 925 538">
     <span class='ocr_line' id='line_1_11' title="bbox 136 500 925 538; baseline 0.003 -12"><span class='ocrx_word' id='word_1_67' title='bbox 136 507 204 535; x_wconf 81' lang='grc' dir='ltr'>μης’</span> <span class='ocrx_word' id='word_1_68' title='bbox 220 500 301 532; x_wconf 79' lang='grc' dir='ltr'>αὐτὸς</span> <span class='ocrx_word' id='word_1_69' title='bbox 315 501 369 535; x_wconf 83' lang='grc' dir='ltr'>γάρ</span> <span class='ocrx_word' id='word_1_70' title='bbox 391 502 464 527; x_wconf 77' lang='grc' dir='ltr'>ἐστιν</span> <span class='ocrx_word' id='word_1_71' title='bbox 483 510 491 526; x_wconf 78' lang='grc' dir='ltr'><strong>ι</strong></span> <span class='ocrx_word' id='word_1_72' title='bbox 512 501 586 536; x_wconf 80' lang='grc' dir='ltr'>ὁτῆς</span> <span class='ocrx_word' id='word_1_73' title='bbox 605 502 725 538; x_wconf 79' lang='grc' dir='ltr'>μεγάλης</span> <span class='ocrx_word' id='word_1_74' title='bbox 748 502 844 538; x_wconf 84' lang='grc' dir='ltr'>βουλῆς</span> <span class='ocrx_word' id='word_1_75' title='bbox 860 503 925 537; x_wconf 75' lang='grc' dir='ltr'>’Λγ-</span> 
     </span>
    </p>
   </div>
   <div class='ocr_carea' id='block_1_12' title="bbox 133 544 925 583">
    <p class='ocr_par' dir='ltr' id='par_1_12' title="bbox 133 544 925 583">
     <span class='ocr_line' id='line_1_12' title="bbox 133 544 925 583; baseline 0.005 -13"><span class='ocrx_word' id='word_1_76' title='bbox 133 544 220 578; x_wconf 79' lang='grc' dir='ltr'>γελος,</span> <span class='ocrx_word' id='word_1_77' title='bbox 241 555 249 571; x_wconf 75' lang='grc' dir='ltr'><strong>ι</strong></span> <span class='ocrx_word' id='word_1_78' title='bbox 269 545 399 572; x_wconf 87' lang='grc' dir='ltr'>διακονῶν</span> <span class='ocrx_word' id='word_1_79' title='bbox 421 546 467 573; x_wconf 76' lang='grc' dir='ltr'>καὶ</span> <span class='ocrx_word' id='word_1_80' title='bbox 478 546 641 580; x_wconf 80' lang='grc' dir='ltr'><strong>διαγγέλλων</strong></span> <span class='ocrx_word' id='word_1_81' title='bbox 665 547 745 573; x_wconf 79' lang='grc' dir='ltr'>παντὶ</span> <span class='ocrx_word' id='word_1_82' title='bbox 769 547 874 583; x_wconf 81' lang='grc' dir='ltr'><strong>γενητῷ</strong></span> <span class='ocrx_word' id='word_1_83' title='bbox 895 548 925 574; x_wconf 83' lang='grc' dir='ltr'>τὸ</span> 
     </span>
    </p>
   </div>
   <div class='ocr_carea' id='block_1_13' title="bbox 134 589 447 626">
    <p class='ocr_par' dir='ltr' id='par_1_13' title="bbox 134 589 447 626">
     <span class='ocr_line' id='line_1_13' title="bbox 134 589 447 626; baseline 0.006 -10"><span class='ocrx_word' id='word_1_84' title='bbox 134 589 181 616; x_wconf 73' lang='grc' dir='ltr'>τοῦ</span> <span class='ocrx_word' id='word_1_85' title='bbox 197 591 301 625; x_wconf 60' lang='grc' dir='ltr'>Πατρός</span> <span class='ocrx_word' id='word_1_86' title='bbox 314 591 447 626; x_wconf 73' lang='grc' dir='ltr'>βούλημα.</span> 
     </span>
    </p>
   </div>
   <div class='ocr_carea' id='block_1_14' title="bbox 391 647 666 676">
    <p class='ocr_par' dir='ltr' id='par_1_14' title="bbox 391 647 666 676">
     <span class='ocr_line' id='line_1_14' title="bbox 391 647 666 676; baseline 0.007 -2"><span class='ocrx_word' id='word_1_87' title='bbox 391 649 588 675; x_wconf 80' lang='grc' dir='ltr'><strong>ΚΕΦΑΛΛΙΟΝ</strong></span> <span class='ocrx_word' id='word_1_88' title='bbox 603 647 666 676; x_wconf 83' lang='grc' dir='ltr'>ΛΛ’.</span> 
     </span>
    </p>
   </div>
   <div class='ocr_carea' id='block_1_15' title="bbox 444 704 618 732">
    <p class='ocr_par' dir='ltr' id='par_1_15' title="bbox 444 704 618 732">
     <span class='ocr_line' id='line_1_15' title="bbox 444 704 618 732; baseline 0.011 -2"><span class='ocrx_word' id='word_1_89' title='bbox 444 704 498 731; x_wconf 80' lang='grc' dir='ltr'><strong>Τοῦ</strong></span> <span class='ocrx_word' id='word_1_90' title='bbox 515 706 618 732; x_wconf 79' lang='grc' dir='ltr'>αὑτοῦ.</span> 
     </span>
    </p>
   </div>
   <div class='ocr_carea' id='block_1_16' title="bbox 173 759 924 798">
    <p class='ocr_par' dir='ltr' id='par_1_16' title="bbox 173 759 924 798">
     <span class='ocr_line' id='line_1_16' title="bbox 173 759 924 798; baseline 0.007 -13"><span class='ocrx_word' id='word_1_91' title='bbox 173 769 182 785; x_wconf 77' lang='grc' dir='ltr'><strong>ι</strong></span> <span class='ocrx_word' id='word_1_92' title='bbox 209 759 272 786; x_wconf 78' lang='grc' dir='ltr'>Ἰδοὺ</span> <span class='ocrx_word' id='word_1_93' title='bbox 288 760 475 793; x_wconf 74' lang='grc' dir='ltr'><strong>ἐξαποστέλλω</strong></span> <span class='ocrx_word' id='word_1_94' title='bbox 487 762 532 788; x_wconf 78' lang='grc' dir='ltr'>τὸν</span> <span class='ocrx_word' id='word_1_95' title='bbox 545 761 659 796; x_wconf 80' lang='grc' dir='ltr'>ἄγγελόν</span> <span class='ocrx_word' id='word_1_96' title='bbox 676 771 736 798; x_wconf 85' lang='grc' dir='ltr'>μου,</span> <span class='ocrx_word' id='word_1_97' title='bbox 754 763 801 790; x_wconf 71' lang='grc' dir='ltr'>καὶ</span> <span class='ocrx_word' id='word_1_98' title='bbox 817 763 924 790; x_wconf 79' lang='grc' dir='ltr'>ἐπιϐλέ-</span> 
     </span>
    </p>
   </div>
   <div class='ocr_carea' id='block_1_17' title="bbox 132 805 926 845">
    <p class='ocr_par' dir='ltr' id='par_1_17' title="bbox 132 805 926 845">
     <span class='ocr_line' id='line_1_17' title="bbox 132 805 926 845; baseline 0.005 -13"><span class='ocrx_word' id='word_1_99' title='bbox 132 805 214 840; x_wconf 72' lang='grc' dir='ltr'>ψεται</span> <span class='ocrx_word' id='word_1_100' title='bbox 225 806 283 832; x_wconf 78' lang='grc' dir='ltr'>ὁδὸν</span> <span class='ocrx_word' id='word_1_101' title='bbox 296 807 349 842; x_wconf 75' lang='grc' dir='ltr'>πρὸ</span> <span class='ocrx_word' id='word_1_102' title='bbox 363 807 508 843; x_wconf 70' lang='grc' dir='ltr'>προσώπου</span> <span class='ocrx_word' id='word_1_103' title='bbox 526 817 587 843; x_wconf 89' lang='grc' dir='ltr'>μου,</span> <span class='ocrx_word' id='word_1_104' title='bbox 603 809 650 836; x_wconf 69' lang='grc' dir='ltr'><strong>καὶ</strong></span> <span class='ocrx_word' id='word_1_105' title='bbox 667 809 799 844; x_wconf 77' lang='grc' dir='ltr'><strong>ἐξαίφνης</strong></span> <span class='ocrx_word' id='word_1_106' title='bbox 812 809 871 845; x_wconf 75' lang='grc' dir='ltr'>ἥξει</span> <span class='ocrx_word' id='word_1_107' title='bbox 887 811 926 841; x_wconf 81' lang='grc' dir='ltr'><strong>είς</strong></span> 
     </span>
    </p>
   </div>
   <div class='ocr_carea' id='block_1_18' title="bbox 134 854 926 893">
    <p class='ocr_par' dir='ltr' id='par_1_18' title="bbox 134 854 926 893">
     <span class='ocr_line' id='line_1_18' title="bbox 134 854 926 893; baseline 0.006 -13"><span class='ocrx_word' id='word_1_108' title='bbox 134 854 179 881; x_wconf 84' lang='grc' dir='ltr'><strong>τδν</strong></span> <span class='ocrx_word' id='word_1_109' title='bbox 190 854 257 880; x_wconf 80' lang='grc' dir='ltr'>ναὸν</span> <span class='ocrx_word' id='word_1_110' title='bbox 272 854 370 881; x_wconf 78' lang='grc' dir='ltr'>ἑαυτοῦ</span> <span class='ocrx_word' id='word_1_111' title='bbox 384 855 494 891; x_wconf 83' lang='grc' dir='ltr'>Κύριος,</span> <span class='ocrx_word' id='word_1_112' title='bbox 510 856 540 882; x_wconf 82' lang='grc' dir='ltr'>ὃν</span> <span class='ocrx_word' id='word_1_113' title='bbox 559 857 637 892; x_wconf 84' lang='grc' dir='ltr'>ὑμεῖς</span> <span class='ocrx_word' id='word_1_114' title='bbox 656 857 771 893; x_wconf 82' lang='grc' dir='ltr'>ζητεῖτε,</span> <span class='ocrx_word' id='word_1_115' title='bbox 791 859 838 885; x_wconf 84' lang='grc' dir='ltr'>καὶ</span> <span class='ocrx_word' id='word_1_116' title='bbox 851 859 865 885; x_wconf 86' lang='grc' dir='ltr'>ὁ</span> <span class='ocrx_word' id='word_1_117' title='bbox 878 859 926 893; x_wconf 82' lang='grc' dir='ltr'><strong>ἄγ-</strong></span> 
     </span>
    </p>
   </div>
   <div class='ocr_carea' id='block_1_19' title="bbox 134 901 924 943">
    <p class='ocr_par' dir='ltr' id='par_1_19' title="bbox 134 901 924 943">
     <span class='ocr_line' id='line_1_19' title="bbox 134 901 924 943; baseline 0.006 -16"><span class='ocrx_word' id='word_1_118' title='bbox 134 902 211 935; x_wconf 85' lang='grc' dir='ltr'>γελος</span> <span class='ocrx_word' id='word_1_119' title='bbox 225 901 276 943; x_wconf 68' lang='grc' dir='ltr'>τῆς</span> <span class='ocrx_word' id='word_1_120' title='bbox 289 901 432 938; x_wconf 79' lang='grc' dir='ltr'>διαθήκης,</span> <span class='ocrx_word' id='word_1_121' title='bbox 447 902 476 928; x_wconf 87' lang='grc' dir='ltr'>ὂν</span> <span class='ocrx_word' id='word_1_122' title='bbox 494 903 573 938; x_wconf 78' lang='grc' dir='ltr'>ὑμεῖς</span> <span class='ocrx_word' id='word_1_123' title='bbox 591 903 681 930; x_wconf 79' lang='grc' dir='ltr'>θέλετε</span> <span class='ocrx_word' id='word_1_124' title='bbox 691 913 697 919; x_wconf 89' lang='grc'>·</span> <span class='ocrx_word' id='word_1_125' title='bbox 717 904 782 936; x_wconf 76' lang='grc' dir='ltr'>ἰδοὺ,</span> <span class='ocrx_word' id='word_1_126' title='bbox 804 905 924 940; x_wconf 73' lang='grc' dir='ltr'>ἔρχεται,</span> 
     </span>
    </p>
   </div>
   <div class='ocr_carea' id='block_1_20' title="bbox 133 945 924 986">
    <p class='ocr_par' dir='ltr' id='par_1_20' title="bbox 133 945 924 986">
     <span class='ocr_line' id='line_1_20' title="bbox 133 945 924 986; baseline 0.006 -14"><span class='ocrx_word' id='word_1_127' title='bbox 133 945 207 980; x_wconf 78' lang='grc' dir='ltr'>λέγει</span> <span class='ocrx_word' id='word_1_128' title='bbox 219 947 321 982; x_wconf 77' lang='grc' dir='ltr'>Κύριος</span> <span class='ocrx_word' id='word_1_129' title='bbox 333 948 540 984; x_wconf 81' lang='grc' dir='ltr'>παντοκράτωρ.</span> <span class='ocrx_word' id='word_1_130' title='bbox 553 949 608 976; x_wconf 74' lang='grc' dir='ltr'><strong>Καὶ</strong></span> <span class='ocrx_word' id='word_1_131' title='bbox 623 950 665 981; x_wconf 86' lang='grc' dir='ltr'><strong>τίς</strong></span> <span class='ocrx_word' id='word_1_132' title='bbox 678 950 808 986; x_wconf 87' lang='grc' dir='ltr'>ὑπομενεῖ</span> <span class='ocrx_word' id='word_1_133' title='bbox 819 951 924 986; x_wconf 80' lang='grc' dir='ltr'>ἡμέραν</span> 
     </span>
    </p>
   </div>
   <div class='ocr_carea' id='block_1_21' title="bbox 134 993 925 1034">
    <p class='ocr_par' dir='ltr' id='par_1_21' title="bbox 134 993 925 1034">
     <span class='ocr_line' id='line_1_21' title="bbox 134 993 925 1034; baseline 0.006 -15"><span class='ocrx_word' id='word_1_134' title='bbox 134 993 236 1019; x_wconf 64' lang='grc' dir='ltr'>εἰσόδου</span> <span class='ocrx_word' id='word_1_135' title='bbox 250 993 350 1026; x_wconf 79' lang='grc' dir='ltr'>αὐτοῦ;</span> <span class='ocrx_word' id='word_1_136' title='bbox 367 994 383 1030; x_wconf 80' lang='grc' dir='ltr'>ἦ</span> <span class='ocrx_word' id='word_1_137' title='bbox 400 995 442 1026; x_wconf 84' lang='grc' dir='ltr'><strong>τίς</strong></span> <span class='ocrx_word' id='word_1_138' title='bbox 455 995 638 1031; x_wconf 79' lang='grc' dir='ltr'>ὑποστήσεται</span> <span class='ocrx_word' id='word_1_139' title='bbox 656 997 685 1023; x_wconf 84' lang='grc' dir='ltr'><strong>ὲν</strong></span> <span class='ocrx_word' id='word_1_140' title='bbox 697 998 729 1032; x_wconf 85' lang='grc' dir='ltr'>τῇ</span> <span class='ocrx_word' id='word_1_141' title='bbox 746 997 867 1034; x_wconf 75' lang='grc' dir='ltr'>ὀπτασίᾳ</span> <span class='ocrx_word' id='word_1_142' title='bbox 878 999 925 1024; x_wconf 77' lang='grc' dir='ltr'><strong>αὐ-</strong></span> 
     </span>
    </p>
   </div>
   <div class='ocr_carea' id='block_1_22' title="bbox 132 1038 924 1080">
    <p class='ocr_par' dir='ltr' id='par_1_22' title="bbox 132 1038 924 1080">
     <span class='ocr_line' id='line_1_22' title="bbox 132 1038 924 1080; baseline 0.008 -15"><span class='ocrx_word' id='word_1_143' title='bbox 132 1038 196 1071; x_wconf 78' lang='grc' dir='ltr'><strong>τ;ὖ;</strong></span> <span class='ocrx_word' id='word_1_144' title='bbox 211 1039 276 1066; x_wconf 87' lang='grc' dir='ltr'>διότι</span> <span class='ocrx_word' id='word_1_145' title='bbox 293 1040 373 1072; x_wconf 77' lang='grc' dir='ltr'>αὐτὸς</span> <span class='ocrx_word' id='word_1_146' title='bbox 392 1041 580 1077; x_wconf 70' lang='grc' dir='ltr'><strong>εἰσπορεύεται</strong></span> <span class='ocrx_word' id='word_1_147' title='bbox 600 1042 637 1074; x_wconf 83' lang='grc' dir='ltr'>ὡς</span> <span class='ocrx_word' id='word_1_148' title='bbox 655 1043 709 1078; x_wconf 88' lang='grc' dir='ltr'>πῦρ</span> <span class='ocrx_word' id='word_1_149' title='bbox 730 1045 924 1080; x_wconf 83' lang='grc' dir='ltr'>χωνευτηρὶου,</span> 
     </span>
    </p>
   </div>
   <div class='ocr_carea' id='block_1_23' title="bbox 135 1085 926 1124">
    <p class='ocr_par' dir='ltr' id='par_1_23' title="bbox 135 1085 926 1124">
     <span class='ocr_line' id='line_1_23' title="bbox 135 1085 926 1124; baseline 0.008 -13"><span class='ocrx_word' id='word_1_150' title='bbox 135 1085 182 1112; x_wconf 68' lang='grc' dir='ltr'><strong>καὶ</strong></span> <span class='ocrx_word' id='word_1_151' title='bbox 194 1086 231 1117; x_wconf 83' lang='grc' dir='ltr'>ὡς</span> <span class='ocrx_word' id='word_1_152' title='bbox 242 1086 306 1113; x_wconf 86' lang='grc' dir='ltr'>ποιὰ</span> <span class='ocrx_word' id='word_1_153' title='bbox 318 1086 479 1114; x_wconf 80' lang='grc' dir='ltr'>πλυνόντων-</span> <span class='ocrx_word' id='word_1_154' title='bbox 491 1088 537 1114; x_wconf 82' lang='grc' dir='ltr'>καὶ</span> <span class='ocrx_word' id='word_1_155' title='bbox 547 1087 680 1115; x_wconf 81' lang='grc' dir='ltr'>καθιεῖται</span> <span class='ocrx_word' id='word_1_156' title='bbox 694 1090 871 1124; x_wconf 76' lang='grc' dir='ltr'>ἁναχωνεύων</span> <span class='ocrx_word' id='word_1_157' title='bbox 878 1091 926 1117; x_wconf 73' lang='grc' dir='ltr'>καὶ</span> 
     </span>
    </p>
   </div>
   <div class='ocr_carea' id='block_1_24' title="bbox 133 1131 926 1172">
    <p class='ocr_par' dir='ltr' id='par_1_24' title="bbox 133 1131 926 1172">
     <span class='ocr_line' id='line_1_24' title="bbox 133 1131 926 1172; baseline 0.008 -15"><span class='ocrx_word' id='word_1_158' title='bbox 133 1131 288 1167; x_wconf 79' lang='grc' dir='ltr'>καθαρίζων</span> <span class='ocrx_word' id='word_1_159' title='bbox 302 1132 339 1164; x_wconf 84' lang='grc' dir='ltr'>ὡς</span> <span class='ocrx_word' id='word_1_160' title='bbox 353 1133 382 1159; x_wconf 87' lang='grc' dir='ltr'>τὺ</span> <span class='ocrx_word' id='word_1_161' title='bbox 396 1133 526 1169; x_wconf 81' lang='grc' dir='ltr'>ἀργύριον</span> <span class='ocrx_word' id='word_1_162' title='bbox 541 1134 630 1161; x_wconf 77' lang='grc' dir='ltr'>καὶτὸ</span> <span class='ocrx_word' id='word_1_163' title='bbox 644 1135 763 1170; x_wconf 85' lang='grc' dir='ltr'>χρυσίον.</span> <span class='ocrx_word' id='word_1_164' title='bbox 781 1145 790 1161; x_wconf 71' lang='grc' dir='ltr'><strong>ι</strong></span> <span class='ocrx_word' id='word_1_165' title='bbox 810 1135 849 1162; x_wconf 85' lang='grc' dir='ltr'><strong>Τὰ</strong></span> <span class='ocrx_word' id='word_1_166' title='bbox 862 1137 926 1172; x_wconf 77' lang='grc' dir='ltr'>περὶ</span> 
     </span>
    </p>
   </div>
   <div class='ocr_carea' id='block_1_25' title="bbox 133 1177 926 1216">
    <p class='ocr_par' dir='ltr' id='par_1_25' title="bbox 133 1177 926 1216">
     <span class='ocr_line' id='line_1_25' title="bbox 133 1177 926 1216; baseline 0.006 -13"><span class='ocrx_word' id='word_1_167' title='bbox 133 1177 183 1211; x_wconf 82' lang='grc' dir='ltr'><strong>τῆς</strong></span> <span class='ocrx_word' id='word_1_168' title='bbox 191 1177 319 1213; x_wconf 80' lang='grc' dir='ltr'>δευτέρας</span> <span class='ocrx_word' id='word_1_169' title='bbox 334 1179 380 1206; x_wconf 82' lang='grc' dir='ltr'>τοῦ</span> <span class='ocrx_word' id='word_1_170' title='bbox 396 1179 513 1215; x_wconf 76' lang='grc' dir='ltr'>Χριστοῦ</span> <span class='ocrx_word' id='word_1_171' title='bbox 534 1181 685 1216; x_wconf 74' lang='grc' dir='ltr'>παρουσίας</span> <span class='ocrx_word' id='word_1_172' title='bbox 706 1182 753 1208; x_wconf 79' lang='grc' dir='ltr'><strong>καὶ</strong></span> <span class='ocrx_word' id='word_1_173' title='bbox 767 1181 812 1208; x_wconf 81' lang='grc' dir='ltr'>διὰ</span> <span class='ocrx_word' id='word_1_174' title='bbox 824 1181 926 1208; x_wconf 78' lang='grc' dir='ltr'>τούτων</span> 
     </span>
    </p>
   </div>
   <div class='ocr_carea' id='block_1_26' title="bbox 133 1223 926 1264">
    <p class='ocr_par' dir='ltr' id='par_1_26' title="bbox 133 1223 926 1264">
     <span class='ocr_line' id='line_1_26' title="bbox 133 1223 926 1264; baseline 0.006 -14"><span class='ocrx_word' id='word_1_175' title='bbox 133 1223 345 1259; x_wconf 78' lang='grc' dir='ltr'>προφητεύεται,</span> <span class='ocrx_word' id='word_1_176' title='bbox 361 1225 478 1261; x_wconf 83' lang='grc' dir='ltr'>ὁπηνίκα</span> <span class='ocrx_word' id='word_1_177' title='bbox 500 1246 506 1252; x_wconf 93' lang='grc'><em>.</em></span> <span class='ocrx_word' id='word_1_178' title='bbox 529 1247 535 1253; x_wconf 92' lang='grc'>.</span> <span class='ocrx_word' id='word_1_179' title='bbox 558 1246 564 1252; x_wconf 91' lang='grc'>.</span> <span class='ocrx_word' id='word_1_180' title='bbox 587 1235 600 1258; x_wconf 90' lang='grc' dir='ltr'><strong><em>ς</em></strong></span> <span class='ocrx_word' id='word_1_181' title='bbox 613 1226 659 1252; x_wconf 79' lang='grc' dir='ltr'>τοῦ</span> <span class='ocrx_word' id='word_1_182' title='bbox 671 1226 738 1254; x_wconf 79' lang='grc' dir='ltr'>Θεοῦ</span> <span class='ocrx_word' id='word_1_183' title='bbox 758 1228 804 1254; x_wconf 77' lang='grc' dir='ltr'><strong>καὶ</strong></span> <span class='ocrx_word' id='word_1_184' title='bbox 820 1229 926 1264; x_wconf 82' lang='grc' dir='ltr'>Πατρὸς</span> 
     </span>
    </p>
   </div>
   <div class='ocr_carea' id='block_1_27' title="bbox 133 1269 926 1308">
    <p class='ocr_par' dir='ltr' id='par_1_27' title="bbox 133 1269 926 1308">
     <span class='ocr_line' id='line_1_27' title="bbox 133 1269 926 1308; baseline 0.006 -12"><span class='ocrx_word' id='word_1_185' title='bbox 133 1269 188 1296; x_wconf 78' lang='grc' dir='ltr'>ἰῶν</span> <span class='ocrx_word' id='word_1_186' title='bbox 203 1269 271 1297; x_wconf 85' lang='grc' dir='ltr'>ὃλων</span> <span class='ocrx_word' id='word_1_187' title='bbox 292 1271 484 1304; x_wconf 80' lang='grc' dir='ltr'>ὲξαποσταλεὶς</span> <span class='ocrx_word' id='word_1_188' title='bbox 503 1272 584 1304; x_wconf 84' lang='grc' dir='ltr'>αὐτὸς</span> <span class='ocrx_word' id='word_1_189' title='bbox 599 1273 613 1299; x_wconf 85' lang='grc' dir='ltr'>ὁ</span> <span class='ocrx_word' id='word_1_190' title='bbox 629 1273 746 1308; x_wconf 83' lang='grc' dir='ltr'>Χριστὸς</span> <span class='ocrx_word' id='word_1_191' title='bbox 761 1274 808 1300; x_wconf 81' lang='grc' dir='ltr'>τοῦ</span> <span class='ocrx_word' id='word_1_192' title='bbox 831 1274 898 1301; x_wconf 82' lang='grc' dir='ltr'>Θεοῦ</span> <span class='ocrx_word' id='word_1_193' title='bbox 912 1275 926 1300; x_wconf 88' lang='grc' dir='ltr'><strong>ὀ</strong></span> 
     </span>
    </p>
   </div>
   <div class='ocr_carea' id='block_1_28' title="bbox 133 1315 926 1354">
    <p class='ocr_par' dir='ltr' id='par_1_28' title="bbox 133 1315 926 1354">
     <span class='ocr_line' id='line_1_28' title="bbox 133 1315 926 1354; baseline 0.006 -13"><span class='ocrx_word' id='word_1_194' title='bbox 133 1315 204 1351; x_wconf 84' lang='grc' dir='ltr'>ν(ὖν)</span> <span class='ocrx_word' id='word_1_195' title='bbox 216 1315 360 1351; x_wconf 84' lang='grc' dir='ltr'>λεγόμενος</span> <span class='ocrx_word' id='word_1_196' title='bbox 377 1327 386 1343; x_wconf 76' lang='grc' dir='ltr'><strong>ι</strong></span> <span class='ocrx_word' id='word_1_197' title='bbox 402 1318 451 1353; x_wconf 81' lang='grc' dir='ltr'><strong>τῆς</strong></span> <span class='ocrx_word' id='word_1_198' title='bbox 471 1317 603 1354; x_wconf 82' lang='grc' dir='ltr'><strong>διαθήκης</strong></span> <span class='ocrx_word' id='word_1_199' title='bbox 620 1319 733 1353; x_wconf 82' lang='grc' dir='ltr'>ἄγγελος</span> <span class='ocrx_word' id='word_1_200' title='bbox 751 1319 926 1354; x_wconf 74' lang='grc' dir='ltr'>ὲπισλέψεται</span> 
     </span>
    </p>
   </div>
   <div class='ocr_carea' id='block_1_29' title="bbox 135 1361 925 1401">
    <p class='ocr_par' dir='ltr' id='par_1_29' title="bbox 135 1361 925 1401">
     <span class='ocr_line' id='line_1_29' title="bbox 135 1361 925 1401; baseline 0.005 -13"><span class='ocrx_word' id='word_1_201' title='bbox 135 1361 194 1389; x_wconf 80' lang='grc' dir='ltr'>ὁδὸν</span> <span class='ocrx_word' id='word_1_202' title='bbox 213 1363 266 1398; x_wconf 85' lang='grc' dir='ltr'><strong>πρὸ</strong></span> <span class='ocrx_word' id='word_1_203' title='bbox 278 1362 424 1398; x_wconf 86' lang='grc' dir='ltr'>προσώπου</span> <span class='ocrx_word' id='word_1_204' title='bbox 435 1364 482 1391; x_wconf 79' lang='grc' dir='ltr'>τοῦ</span> <span class='ocrx_word' id='word_1_205' title='bbox 501 1364 616 1401; x_wconf 80' lang='grc' dir='ltr'>Πατρὸς,</span> <span class='ocrx_word' id='word_1_206' title='bbox 639 1375 648 1391; x_wconf 75' lang='grc' dir='ltr'><strong>ι</strong></span> <span class='ocrx_word' id='word_1_207' title='bbox 662 1365 733 1392; x_wconf 79' lang='grc' dir='ltr'>τοῦτ’</span> <span class='ocrx_word' id='word_1_208' title='bbox 747 1365 804 1392; x_wconf 72' lang='grc' dir='ltr'>ἔστι</span> <span class='ocrx_word' id='word_1_209' title='bbox 826 1374 925 1400; x_wconf 88' lang='grc' dir='ltr'>προευ-</span> 
     </span>
    </p>
   </div>
   <div class='ocr_carea' id='block_1_30' title="bbox 133 1408 926 1446">
    <p class='ocr_par' dir='ltr' id='par_1_30' title="bbox 133 1408 926 1446">
     <span class='ocr_line' id='line_1_30' title="bbox 133 1408 926 1446; baseline 0.004 -13"><span class='ocrx_word' id='word_1_210' title='bbox 133 1408 256 1443; x_wconf 82' lang='grc' dir='ltr'>τρεπίσει</span> <span class='ocrx_word' id='word_1_211' title='bbox 273 1410 320 1436; x_wconf 70' lang='grc' dir='ltr'>καὶ</span> <span class='ocrx_word' id='word_1_212' title='bbox 342 1410 600 1445; x_wconf 68' lang='grc' dir='ltr'>προπαρασκευάσει</span> <span class='ocrx_word' id='word_1_213' title='bbox 626 1410 676 1442; x_wconf 78' lang='grc' dir='ltr'>τὰς</span> <span class='ocrx_word' id='word_1_214' title='bbox 699 1410 752 1437; x_wconf 81' lang='grc' dir='ltr'><strong>τῶν</strong></span> <span class='ocrx_word' id='word_1_215' title='bbox 775 1409 926 1446; x_wconf 79' lang='grc' dir='ltr'>ἀνθρώπων</span> 
     </span>
    </p>
   </div>
   <div class='ocr_carea' id='block_1_31' title="bbox 134 1452 926 1491">
    <p class='ocr_par' dir='ltr' id='par_1_31' title="bbox 134 1452 926 1491">
     <span class='ocr_line' id='line_1_31' title="bbox 134 1452 926 1491; baseline 0.005 -12"><span class='ocrx_word' id='word_1_216' title='bbox 134 1452 223 1488; x_wconf 75' lang='grc' dir='ltr'>ψυχὰς</span> <span class='ocrx_word' id='word_1_217' title='bbox 239 1455 272 1490; x_wconf 86' lang='grc' dir='ltr'>τῇ</span> <span class='ocrx_word' id='word_1_218' title='bbox 290 1454 336 1481; x_wconf 81' lang='grc' dir='ltr'>τοῦ</span> <span class='ocrx_word' id='word_1_219' title='bbox 358 1455 465 1491; x_wconf 76' lang='grc' dir='ltr'>Πατρὸς</span> <span class='ocrx_word' id='word_1_220' title='bbox 480 1455 602 1491; x_wconf 83' lang='grc' dir='ltr'>βασιλείᾳ</span> <span class='ocrx_word' id='word_1_221' title='bbox 612 1464 618 1470; x_wconf 92' lang='grc'><strong>·</strong></span> <span class='ocrx_word' id='word_1_222' title='bbox 633 1456 677 1482; x_wconf 84' lang='grc' dir='ltr'>ὅτε</span> <span class='ocrx_word' id='word_1_223' title='bbox 694 1457 727 1483; x_wconf 81' lang='grc' dir='ltr'>ὲκ</span> <span class='ocrx_word' id='word_1_224' title='bbox 741 1456 857 1491; x_wconf 81' lang='grc' dir='ltr'>λογικῶν</span> <span class='ocrx_word' id='word_1_225' title='bbox 880 1456 926 1483; x_wconf 85' lang='grc' dir='ltr'><strong>καὶ</strong></span> 
     </span>
    </p>
   </div>
   <div class='ocr_carea' id='block_1_32' title="bbox 134 1499 926 1537">
    <p class='ocr_par' dir='ltr' id='par_1_32' title="bbox 134 1499 926 1537">
     <span class='ocr_line' id='line_1_32' title="bbox 134 1499 926 1537; baseline 0.004 -12"><span class='ocrx_word' id='word_1_226' title='bbox 134 1499 264 1535; x_wconf 73' lang='grc' dir='ltr'>ἐμψύχων</span> <span class='ocrx_word' id='word_1_227' title='bbox 281 1499 363 1526; x_wconf 87' lang='grc' dir='ltr'>λίθων</span> <span class='ocrx_word' id='word_1_228' title='bbox 372 1500 417 1527; x_wconf 85' lang='grc' dir='ltr'><strong>τὸν</strong></span> <span class='ocrx_word' id='word_1_229' title='bbox 429 1500 612 1536; x_wconf 80' lang='grc' dir='ltr'>πνευματικὸν</span> <span class='ocrx_word' id='word_1_230' title='bbox 622 1501 694 1532; x_wconf 68' lang='grc' dir='ltr'>ναὺν,</span> <span class='ocrx_word' id='word_1_231' title='bbox 707 1501 779 1528; x_wconf 79' lang='grc' dir='ltr'>τοῦτ’</span> <span class='ocrx_word' id='word_1_232' title='bbox 794 1501 852 1528; x_wconf 72' lang='grc' dir='ltr'>ἔστι</span> <span class='ocrx_word' id='word_1_233' title='bbox 879 1502 926 1537; x_wconf 84' lang='grc' dir='ltr'><strong>τὴν</strong></span> 
     </span>
    </p>
   </div>
   <div class='ocr_carea' id='block_1_33' title="bbox 140 1546 927 1582">
    <p class='ocr_par' dir='ltr' id='par_1_33' title="bbox 140 1546 927 1582">
     <span class='ocr_line' id='line_1_33' title="bbox 140 1546 927 1582; baseline 0.003 -9"><span class='ocrx_word' id='word_1_234' title='bbox 140 1546 311 1581; x_wconf 79' lang='grc' dir='ltr'>Ἐκκλησίαν,</span> <span class='ocrx_word' id='word_1_235' title='bbox 338 1546 567 1578; x_wconf 79' lang='grc' dir='ltr'>ὲπισκευάσαντος</span> <span class='ocrx_word' id='word_1_236' title='bbox 590 1547 689 1579; x_wconf 81' lang='grc' dir='ltr'>αὑτοῦ,</span> <span class='ocrx_word' id='word_1_237' title='bbox 715 1546 775 1582; x_wconf 79' lang='grc' dir='ltr'>ἥξει</span> <span class='ocrx_word' id='word_1_238' title='bbox 805 1548 886 1579; x_wconf 78' lang='grc' dir='ltr'>αὐτὸς</span> <span class='ocrx_word' id='word_1_239' title='bbox 912 1549 927 1575; x_wconf 83' lang='grc' dir='ltr'><strong>ὁ</strong></span> 
     </span>
    </p>
   </div>
   <div class='ocr_carea' id='block_1_34' title="bbox 976 273 1761 308">
    <p class='ocr_par' dir='ltr' id='par_1_34' title="bbox 976 273 1761 308">
     <span class='ocr_line' id='line_1_34' title="bbox 976 273 1761 308; baseline 0.003 -10"><span class='ocrx_word' id='word_1_240' title='bbox 976 273 1128 299; x_wconf 83' lang='lat' dir='ltr'><strong>versionem</strong></span> <span class='ocrx_word' id='word_1_241' title='bbox 1148 273 1284 308; x_wconf 77' lang='lat' dir='ltr'><strong>impulsis.</strong></span> <span class='ocrx_word' id='word_1_242' title='bbox 1301 273 1379 308; x_wconf 84' lang='lat' dir='ltr'><strong>Apud</strong></span> <span class='ocrx_word' id='word_1_243' title='bbox 1406 281 1479 304; x_wconf 87' lang='lat' dir='ltr'><strong>eum,</strong></span> <span class='ocrx_word' id='word_1_244' title='bbox 1499 276 1525 299; x_wconf 86' lang='lat' dir='ltr'><strong>ut</strong></span> <span class='ocrx_word' id='word_1_245' title='bbox 1551 280 1688 300; x_wconf 84' lang='lat' dir='ltr'><strong>summum</strong></span> <span class='ocrx_word' id='word_1_246' title='bbox 1717 281 1761 300; x_wconf 80' lang='lat' dir='ltr'><strong>sa-</strong></span> 
     </span>
    </p>
   </div>
   <div class='ocr_carea' id='block_1_35' title="bbox 976 317 1761 351">
    <p class='ocr_par' dir='ltr' id='par_1_35' title="bbox 976 317 1761 351">
     <span class='ocr_line' id='line_1_35' title="bbox 976 317 1761 351; baseline 0.001 -7"><span class='ocrx_word' id='word_1_247' title='bbox 976 317 1124 351; x_wconf 90' lang='lat' dir='ltr'><strong>cerdotem,</strong></span> <span class='ocrx_word' id='word_1_248' title='bbox 1140 323 1167 345; x_wconf 88' lang='lat' dir='ltr'><strong>et</strong></span> <span class='ocrx_word' id='word_1_249' title='bbox 1184 318 1217 345; x_wconf 94' lang='lat' dir='ltr'><strong>de</strong></span> <span class='ocrx_word' id='word_1_250' title='bbox 1239 318 1367 345; x_wconf 89' lang='lat' dir='ltr'><strong>omnibus</strong></span> <span class='ocrx_word' id='word_1_251' title='bbox 1392 318 1536 345; x_wconf 76' lang='lat' dir='ltr'><strong>scientiam</strong></span> <span class='ocrx_word' id='word_1_252' title='bbox 1550 317 1761 345; x_wconf 71' lang='lat' dir='ltr'><strong>custodientem.</strong></span> 
     </span>
    </p>
   </div>
   <div class='ocr_carea' id='block_1_36' title="bbox 976 363 1761 399">
    <p class='ocr_par' dir='ltr' id='par_1_36' title="bbox 976 363 1761 399">
     <span class='ocr_line' id='line_1_36' title="bbox 976 363 1761 399; baseline 0.001 -10"><span class='ocrx_word' id='word_1_253' title='bbox 976 363 1095 389; x_wconf 83' lang='lat' dir='ltr'><strong>divinam</strong></span> <span class='ocrx_word' id='word_1_254' title='bbox 1111 363 1197 399; x_wconf 79' lang='lat' dir='ltr'><strong>legem</strong></span> <span class='ocrx_word' id='word_1_255' title='bbox 1230 363 1431 398; x_wconf 84' lang='lat' dir='ltr'><strong>requisiverunt</strong></span> <span class='ocrx_word' id='word_1_256' title='bbox 1458 368 1486 391; x_wconf 89' lang='lat' dir='ltr'><strong>et</strong></span> <span class='ocrx_word' id='word_1_257' title='bbox 1507 364 1648 398; x_wconf 86' lang='lat' dir='ltr'><strong>requirent</strong></span> <span class='ocrx_word' id='word_1_258' title='bbox 1673 363 1761 398; x_wconf 74' lang='lat' dir='ltr'><strong>ipsius</strong></span> 
     </span>
    </p>
   </div>
   <div class='ocr_carea' id='block_1_37' title="bbox 976 409 1761 445">
    <p class='ocr_par' dir='ltr' id='par_1_37' title="bbox 976 409 1761 445">
     <span class='ocr_line' id='line_1_37' title="bbox 976 409 1761 445; baseline 0.001 -10"><span class='ocrx_word' id='word_1_259' title='bbox 976 409 1098 436; x_wconf 54' lang='lat' dir='ltr'><strong>sitientia:</strong></span> <span class='ocrx_word' id='word_1_260' title='bbox 1119 409 1245 437; x_wconf 88' lang='lat' dir='ltr'><strong>studiosi.</strong></span> <span class='ocrx_word' id='word_1_261' title='bbox 1276 409 1334 444; x_wconf 89' lang='lat' dir='ltr'><strong>Ipse</strong></span> <span class='ocrx_word' id='word_1_262' title='bbox 1356 414 1398 436; x_wconf 88' lang='lat' dir='ltr'><strong>est</strong></span> <span class='ocrx_word' id='word_1_263' title='bbox 1409 409 1482 437; x_wconf 89' lang='lat' dir='ltr'><strong>enim</strong></span> <span class='ocrx_word' id='word_1_264' title='bbox 1509 419 1518 434; x_wconf 85' lang='grc'><strong>‹</strong></span> <span class='ocrx_word' id='word_1_265' title='bbox 1537 409 1627 445; x_wconf 78' lang='lat' dir='ltr'><strong>magni</strong></span> <span class='ocrx_word' id='word_1_266' title='bbox 1653 409 1761 436; x_wconf 80' lang='lat' dir='ltr'><strong>consilii</strong></span> 
     </span>
    </p>
   </div>
   <div class='ocr_carea' id='block_1_38' title="bbox 975 454 1764 490">
    <p class='ocr_par' dir='ltr' id='par_1_38' title="bbox 975 454 1764 490">
     <span class='ocr_line' id='line_1_38' title="bbox 975 454 1764 490; baseline 0 -9"><span class='ocrx_word' id='word_1_267' title='bbox 975 454 1095 490; x_wconf 79' lang='lat' dir='ltr'><strong>Angelus</strong></span> <span class='ocrx_word' id='word_1_268' title='bbox 1108 455 1142 486; x_wconf 78' lang='grc'><strong>⁸⁸,</strong></span> <span class='ocrx_word' id='word_1_269' title='bbox 1159 465 1167 480; x_wconf 78' lang='grc' dir='ltr'><strong>ι</strong></span> <span class='ocrx_word' id='word_1_270' title='bbox 1186 459 1212 482; x_wconf 78' lang='lat' dir='ltr'><strong>et</strong></span> <span class='ocrx_word' id='word_1_271' title='bbox 1228 454 1318 483; x_wconf 89' lang='lat' dir='ltr'><strong>Patris</strong></span> <span class='ocrx_word' id='word_1_272' title='bbox 1340 456 1508 483; x_wconf 76' lang='lat' dir='ltr'><strong>voluntatem</strong></span> <span class='ocrx_word' id='word_1_273' title='bbox 1533 455 1607 483; x_wconf 92' lang='lat' dir='ltr'><strong>omni</strong></span> <span class='ocrx_word' id='word_1_274' title='bbox 1631 459 1764 482; x_wconf 68' lang='lat' dir='ltr'><strong>creaturae</strong></span> 
     </span>
    </p>
   </div>
   <div class='ocr_carea' id='block_1_39' title="bbox 976 502 1152 530">
    <p class='ocr_par' dir='ltr' id='par_1_39' title="bbox 976 502 1152 530">
     <span class='ocr_line' id='line_1_39' title="bbox 976 502 1152 530; baseline 0.011 -2"><span class='ocrx_word' id='word_1_275' title='bbox 976 502 1152 530; x_wconf 89' lang='lat' dir='ltr'><strong>annuntians.</strong></span> 
     </span>
    </p>
   </div>
   <div class='ocr_carea' id='block_1_40' title="bbox 1251 651 1474 680">
    <p class='ocr_par' dir='ltr' id='par_1_40' title="bbox 1251 651 1474 680">
     <span class='ocr_line' id='line_1_40' title="bbox 1251 651 1474 680; baseline 0 -1"><span class='ocrx_word' id='word_1_276' title='bbox 1251 652 1317 679; x_wconf 77' lang='lat' dir='ltr'><strong>CAP</strong></span> <span class='ocrx_word' id='word_1_277' title='bbox 1324 652 1367 680; x_wconf 90' lang='lat' dir='ltr'><strong>UT</strong></span> <span class='ocrx_word' id='word_1_278' title='bbox 1388 651 1474 679; x_wconf 73' lang='lat' dir='ltr'><strong>XXXI</strong></span> 
     </span>
    </p>
   </div>
   <div class='ocr_carea' id='block_1_41' title="bbox 1283 709 1442 737">
    <p class='ocr_par' dir='ltr' id='par_1_41' title="bbox 1283 709 1442 737">
     <span class='ocr_line' id='line_1_41' title="bbox 1283 709 1442 737; baseline 0.006 -2"><span class='ocrx_word' id='word_1_279' title='bbox 1283 709 1323 736; x_wconf 71' lang='lat' dir='ltr'><strong>Ex</strong></span> <span class='ocrx_word' id='word_1_280' title='bbox 1343 711 1442 737; x_wconf 78' lang='lat' dir='ltr'><strong>eodem.</strong></span> 
     </span>
    </p>
   </div>
   <div class='ocr_carea' id='block_1_42' title="bbox 1015 767 1763 802">
    <p class='ocr_par' dir='ltr' id='par_1_42' title="bbox 1015 767 1763 802">
     <span class='ocr_line' id='line_1_42' title="bbox 1015 767 1763 802; baseline -0.001 -8"><span class='ocrx_word' id='word_1_281' title='bbox 1015 777 1024 793; x_wconf 76' lang='grc' dir='ltr'><strong>ι</strong></span> <span class='ocrx_word' id='word_1_282' title='bbox 1045 767 1116 794; x_wconf 83' lang='lat' dir='ltr'><strong>Ecce</strong></span> <span class='ocrx_word' id='word_1_283' title='bbox 1139 775 1189 802; x_wconf 79' lang='lat' dir='ltr'><strong>ego</strong></span> <span class='ocrx_word' id='word_1_284' title='bbox 1207 767 1286 794; x_wconf 85' lang='lat' dir='ltr'><strong>mitto</strong></span> <span class='ocrx_word' id='word_1_285' title='bbox 1309 767 1436 802; x_wconf 76' lang='lat' dir='ltr'><strong>angelum</strong></span> <span class='ocrx_word' id='word_1_286' title='bbox 1465 774 1566 800; x_wconf 84' lang='lat' dir='ltr'><strong>meum,</strong></span> <span class='ocrx_word' id='word_1_287' title='bbox 1582 770 1608 794; x_wconf 86' lang='lat' dir='ltr'><strong>et</strong></span> <span class='ocrx_word' id='word_1_288' title='bbox 1626 774 1763 802; x_wconf 62' lang='lat' dir='ltr'><strong>pra-para-</strong></span> 
     </span>
    </p>
   </div>
   <div class='ocr_carea' id='block_1_43' title="bbox 978 812 1764 842">
    <p class='ocr_par' dir='ltr' id='par_1_43' title="bbox 978 812 1764 842">
     <span class='ocr_line' id='line_1_43' title="bbox 978 812 1764 842; baseline -0.001 -1"><span class='ocrx_word' id='word_1_289' title='bbox 978 815 1018 842; x_wconf 89' lang='lat' dir='ltr'><strong>bit</strong></span> <span class='ocrx_word' id='word_1_290' title='bbox 1033 814 1103 842; x_wconf 86' lang='lat' dir='ltr'><strong>viam</strong></span> <span class='ocrx_word' id='word_1_291' title='bbox 1138 818 1200 841; x_wconf 86' lang='lat' dir='ltr'><strong>ante</strong></span> <span class='ocrx_word' id='word_1_292' title='bbox 1229 814 1325 841; x_wconf 77' lang='lat' dir='ltr'><strong>faciem</strong></span> <span class='ocrx_word' id='word_1_293' title='bbox 1342 821 1440 841; x_wconf 87' lang='lat' dir='ltr'><strong>meam.</strong></span> <span class='ocrx_word' id='word_1_294' title='bbox 1461 812 1494 839; x_wconf 85' lang='lat' dir='ltr'><strong>Et</strong></span> <span class='ocrx_word' id='word_1_295' title='bbox 1507 813 1598 840; x_wconf 81' lang='lat' dir='ltr'><strong>statim</strong></span> <span class='ocrx_word' id='word_1_296' title='bbox 1626 814 1715 841; x_wconf 83' lang='lat' dir='ltr'><strong>veniet</strong></span> <span class='ocrx_word' id='word_1_297' title='bbox 1731 813 1764 840; x_wconf 86' lang='lat' dir='ltr'><strong>ad</strong></span> 
     </span>
    </p>
   </div>
   <div class='ocr_carea' id='block_1_44' title="bbox 977 859 1764 895">
    <p class='ocr_par' dir='ltr' id='par_1_44' title="bbox 977 859 1764 895">
     <span class='ocr_line' id='line_1_44' title="bbox 977 859 1764 895; baseline -0.004 -7"><span class='ocrx_word' id='word_1_298' title='bbox 977 869 1057 889; x_wconf 87' lang='lat' dir='ltr'><strong>suum</strong></span> <span class='ocrx_word' id='word_1_299' title='bbox 1072 861 1203 895; x_wconf 78' lang='lat' dir='ltr'><strong>templum</strong></span> <span class='ocrx_word' id='word_1_300' title='bbox 1220 859 1390 891; x_wconf 88' lang='lat' dir='ltr'><strong>Dominator,</strong></span> <span class='ocrx_word' id='word_1_301' title='bbox 1407 867 1487 894; x_wconf 86' lang='lat' dir='ltr'><strong>quem</strong></span> <span class='ocrx_word' id='word_1_302' title='bbox 1509 867 1558 887; x_wconf 89' lang='lat' dir='ltr'><strong>vos</strong></span> <span class='ocrx_word' id='word_1_303' title='bbox 1577 859 1699 894; x_wconf 69' lang='lat' dir='ltr'><strong>quaeritis</strong></span> <span class='ocrx_word' id='word_1_304' title='bbox 1715 867 1721 884; x_wconf 92' lang='lat'><strong>:</strong></span> <span class='ocrx_word' id='word_1_305' title='bbox 1737 862 1764 886; x_wconf 81' lang='lat' dir='ltr'><strong>et</strong></span> 
     </span>
    </p>
   </div>
   <div class='ocr_carea' id='block_1_45' title="bbox 942 904 1763 950">
    <p class='ocr_par' dir='ltr' id='par_1_45' title="bbox 942 904 1763 950">
     <span class='ocr_line' id='line_1_45' title="bbox 942 904 1763 950; baseline -0.004 -16"><span class='ocrx_word' id='word_1_306' title='bbox 942 923 961 950; x_wconf 77' lang='grc' dir='ltr'><strong>Β</strong></span> <span class='ocrx_word' id='word_1_307' title='bbox 977 907 1090 942; x_wconf 80' lang='lat' dir='ltr'><strong>angelus</strong></span> <span class='ocrx_word' id='word_1_308' title='bbox 1115 906 1282 938; x_wconf 81' lang='lat' dir='ltr'><strong>testamenti,</strong></span> <span class='ocrx_word' id='word_1_309' title='bbox 1311 913 1392 940; x_wconf 85' lang='lat' dir='ltr'><strong>quem</strong></span> <span class='ocrx_word' id='word_1_310' title='bbox 1414 913 1463 933; x_wconf 85' lang='lat' dir='ltr'><strong>vos</strong></span> <span class='ocrx_word' id='word_1_311' title='bbox 1477 905 1569 932; x_wconf 90' lang='lat' dir='ltr'><strong>vultis.</strong></span> <span class='ocrx_word' id='word_1_312' title='bbox 1587 904 1656 932; x_wconf 81' lang='lat' dir='ltr'><strong>Ecce</strong></span> <span class='ocrx_word' id='word_1_313' title='bbox 1679 905 1763 936; x_wconf 81' lang='lat' dir='ltr'><strong>venit.</strong></span> 
     </span>
    </p>
   </div>
   <div class='ocr_carea' id='block_1_46' title="bbox 976 948 1765 985">
    <p class='ocr_par' dir='ltr' id='par_1_46' title="bbox 976 948 1765 985">
     <span class='ocr_line' id='line_1_46' title="bbox 976 948 1765 985; baseline -0.004 -6"><span class='ocrx_word' id='word_1_314' title='bbox 976 952 1041 979; x_wconf 87' lang='lat' dir='ltr'><strong>dicit</strong></span> <span class='ocrx_word' id='word_1_315' title='bbox 1060 952 1189 978; x_wconf 88' lang='lat' dir='ltr'><strong>Dominus</strong></span> <span class='ocrx_word' id='word_1_316' title='bbox 1202 951 1386 985; x_wconf 87' lang='lat' dir='ltr'><strong>omnipotens.</strong></span> <span class='ocrx_word' id='word_1_317' title='bbox 1405 949 1437 976; x_wconf 86' lang='lat' dir='ltr'><strong>Et</strong></span> <span class='ocrx_word' id='word_1_318' title='bbox 1453 949 1515 984; x_wconf 84' lang='lat' dir='ltr'><strong>quis</strong></span> <span class='ocrx_word' id='word_1_319' title='bbox 1531 949 1630 984; x_wconf 86' lang='lat' dir='ltr'><strong>poterit</strong></span> <span class='ocrx_word' id='word_1_320' title='bbox 1644 948 1765 984; x_wconf 79' lang='lat' dir='ltr'><strong>cogitare</strong></span> 
     </span>
    </p>
   </div>
   <div class='ocr_carea' id='block_1_47' title="bbox 978 994 1765 1031">
    <p class='ocr_par' dir='ltr' id='par_1_47' title="bbox 978 994 1765 1031">
     <span class='ocr_line' id='line_1_47' title="bbox 978 994 1765 1031; baseline -0.003 -7"><span class='ocrx_word' id='word_1_321' title='bbox 978 998 1050 1025; x_wconf 88' lang='lat' dir='ltr'><strong>diem</strong></span> <span class='ocrx_word' id='word_1_322' title='bbox 1067 998 1201 1024; x_wconf 80' lang='lat' dir='ltr'><strong>adventus</strong></span> <span class='ocrx_word' id='word_1_323' title='bbox 1229 997 1299 1031; x_wconf 79' lang='lat' dir='ltr'><strong>ejus,</strong></span> <span class='ocrx_word' id='word_1_324' title='bbox 1324 1000 1351 1024; x_wconf 90' lang='lat' dir='ltr'><strong>et</strong></span> <span class='ocrx_word' id='word_1_325' title='bbox 1375 996 1438 1031; x_wconf 88' lang='lat' dir='ltr'><strong>quis</strong></span> <span class='ocrx_word' id='word_1_326' title='bbox 1459 995 1542 1023; x_wconf 87' lang='lat' dir='ltr'><strong>stabit</strong></span> <span class='ocrx_word' id='word_1_327' title='bbox 1567 995 1600 1022; x_wconf 89' lang='lat' dir='ltr'><strong>ad</strong></span> <span class='ocrx_word' id='word_1_328' title='bbox 1616 994 1765 1022; x_wconf 82' lang='lat' dir='ltr'><strong>videndum</strong></span> 
     </span>
    </p>
   </div>
   <div class='ocr_carea' id='block_1_48' title="bbox 976 1039 1765 1078">
    <p class='ocr_par' dir='ltr' id='par_1_48' title="bbox 976 1039 1765 1078">
     <span class='ocr_line' id='line_1_48' title="bbox 976 1039 1765 1078; baseline -0.006 -7"><span class='ocrx_word' id='word_1_329' title='bbox 976 1043 1058 1071; x_wconf 91' lang='lat' dir='ltr'><strong>eum?</strong></span> <span class='ocrx_word' id='word_1_330' title='bbox 1071 1042 1129 1078; x_wconf 91' lang='lat' dir='ltr'><strong>ipse</strong></span> <span class='ocrx_word' id='word_1_331' title='bbox 1146 1043 1217 1069; x_wconf 93' lang='lat' dir='ltr'><strong>enim</strong></span> <span class='ocrx_word' id='word_1_332' title='bbox 1239 1043 1318 1076; x_wconf 86' lang='lat' dir='ltr'><strong>quasi</strong></span> <span class='ocrx_word' id='word_1_333' title='bbox 1335 1042 1406 1077; x_wconf 83' lang='lat' dir='ltr'><strong>ignis</strong></span> <span class='ocrx_word' id='word_1_334' title='bbox 1419 1041 1552 1072; x_wconf 84' lang='lat' dir='ltr'><strong>conﬂans,</strong></span> <span class='ocrx_word' id='word_1_335' title='bbox 1571 1044 1597 1067; x_wconf 90' lang='lat' dir='ltr'><strong>et</strong></span> <span class='ocrx_word' id='word_1_336' title='bbox 1612 1039 1765 1067; x_wconf 86' lang='lat' dir='ltr'><strong>emundans</strong></span> 
     </span>
    </p>
   </div>
   <div class='ocr_carea' id='block_1_49' title="bbox 977 1086 1765 1124">
    <p class='ocr_par' dir='ltr' id='par_1_49' title="bbox 977 1086 1765 1124">
     <span class='ocr_line' id='line_1_49' title="bbox 977 1086 1765 1124; baseline -0.005 -8"><span class='ocrx_word' id='word_1_337' title='bbox 977 1093 1131 1124; x_wconf 78' lang='lat' dir='ltr'><strong>argentum,</strong></span> <span class='ocrx_word' id='word_1_338' title='bbox 1144 1093 1170 1116; x_wconf 86' lang='lat' dir='ltr'><strong>et</strong></span> <span class='ocrx_word' id='word_1_339' title='bbox 1184 1089 1323 1124; x_wconf 84' lang='lat' dir='ltr'><strong>purgabit,</strong></span> <span class='ocrx_word' id='word_1_340' title='bbox 1343 1092 1371 1115; x_wconf 89' lang='lat' dir='ltr'><strong>et</strong></span> <span class='ocrx_word' id='word_1_341' title='bbox 1393 1087 1494 1114; x_wconf 84' lang='lat' dir='ltr'><strong>celabit</strong></span> <span class='ocrx_word' id='word_1_342' title='bbox 1506 1094 1555 1114; x_wconf 81' lang='lat' dir='ltr'><strong>eos</strong></span> <span class='ocrx_word' id='word_1_343' title='bbox 1571 1086 1651 1121; x_wconf 86' lang='lat' dir='ltr'><strong>quasi</strong></span> <span class='ocrx_word' id='word_1_344' title='bbox 1667 1093 1765 1113; x_wconf 87' lang='lat' dir='ltr'><strong>aurum</strong></span> 
     </span>
    </p>
   </div>
   <div class='ocr_carea' id='block_1_50' title="bbox 976 1131 1765 1170">
    <p class='ocr_par' dir='ltr' id='par_1_50' title="bbox 976 1131 1765 1170">
     <span class='ocr_line' id='line_1_50' title="bbox 976 1131 1765 1170; baseline -0.006 -7"><span class='ocrx_word' id='word_1_345' title='bbox 976 1139 1003 1163; x_wconf 87' lang='lat' dir='ltr'><strong>et</strong></span> <span class='ocrx_word' id='word_1_346' title='bbox 1019 1136 1097 1170; x_wconf 90' lang='lat' dir='ltr'><strong>quasi</strong></span> <span class='ocrx_word' id='word_1_347' title='bbox 1113 1139 1255 1170; x_wconf 87' lang='lat' dir='ltr'><strong>argentum</strong></span> <span class='ocrx_word' id='word_1_348' title='bbox 1281 1134 1314 1161; x_wconf 79' lang='grc'><strong>³⁷.</strong></span> <span class='ocrx_word' id='word_1_349' title='bbox 1332 1145 1341 1160; x_wconf 76' lang='grc' dir='ltr'><strong>ι</strong></span> <span class='ocrx_word' id='word_1_350' title='bbox 1361 1133 1425 1161; x_wconf 60' lang='lat' dir='ltr'><strong>Haec</strong></span> <span class='ocrx_word' id='word_1_351' title='bbox 1449 1133 1483 1160; x_wconf 89' lang='lat' dir='ltr'><strong>de</strong></span> <span class='ocrx_word' id='word_1_352' title='bbox 1514 1132 1636 1161; x_wconf 89' lang='lat' dir='ltr'><strong>secundo</strong></span> <span class='ocrx_word' id='word_1_353' title='bbox 1662 1131 1765 1159; x_wconf 87' lang='lat' dir='ltr'><strong>Christi</strong></span> 
     </span>
    </p>
   </div>
   <div class='ocr_carea' id='block_1_51' title="bbox 977 1179 1765 1217">
    <p class='ocr_par' dir='ltr' id='par_1_51' title="bbox 977 1179 1765 1217">
     <span class='ocr_line' id='line_1_51' title="bbox 977 1179 1765 1217; baseline -0.006 -7"><span class='ocrx_word' id='word_1_354' title='bbox 977 1183 1095 1210; x_wconf 85' lang='lat' dir='ltr'><strong>adventu</strong></span> <span class='ocrx_word' id='word_1_355' title='bbox 1117 1183 1301 1217; x_wconf 72' lang='lat' dir='ltr'><strong>prophetizatj,</strong></span> <span class='ocrx_word' id='word_1_356' title='bbox 1328 1181 1449 1216; x_wconf 88' lang='lat' dir='ltr'><strong>quando.</strong></span> <span class='ocrx_word' id='word_1_357' title='bbox 1472 1201 1478 1207; x_wconf 91' lang='lat'><strong>.</strong></span> <span class='ocrx_word' id='word_1_358' title='bbox 1497 1201 1504 1209; x_wconf 93' lang='lat'><strong>.</strong></span> <span class='ocrx_word' id='word_1_359' title='bbox 1537 1180 1584 1208; x_wconf 88' lang='lat' dir='ltr'><strong>Dei</strong></span> <span class='ocrx_word' id='word_1_360' title='bbox 1613 1183 1641 1207; x_wconf 85' lang='lat' dir='ltr'><strong>et</strong></span> <span class='ocrx_word' id='word_1_361' title='bbox 1674 1179 1765 1206; x_wconf 82' lang='lat' dir='ltr'><strong>Patris</strong></span> 
     </span>
    </p>
   </div>
   <div class='ocr_carea' id='block_1_52' title="bbox 978 1225 1762 1262">
    <p class='ocr_par' dir='ltr' id='par_1_52' title="bbox 978 1225 1762 1262">
     <span class='ocr_line' id='line_1_52' title="bbox 978 1225 1762 1262; baseline -0.006 -7"><span class='ocrx_word' id='word_1_362' title='bbox 978 1229 1098 1255; x_wconf 82' lang='lat' dir='ltr'><strong>omnium</strong></span> <span class='ocrx_word' id='word_1_363' title='bbox 1109 1229 1211 1256; x_wconf 87' lang='lat' dir='ltr'><strong>missus</strong></span> <span class='ocrx_word' id='word_1_364' title='bbox 1226 1228 1285 1262; x_wconf 80' lang='lat' dir='ltr'><strong>ipse</strong></span> <span class='ocrx_word' id='word_1_365' title='bbox 1296 1227 1433 1258; x_wconf 89' lang='lat' dir='ltr'><strong>Christus,</strong></span> <span class='ocrx_word' id='word_1_366' title='bbox 1447 1226 1481 1253; x_wconf 92' lang='lat' dir='ltr'><strong>de</strong></span> <span class='ocrx_word' id='word_1_367' title='bbox 1490 1233 1544 1261; x_wconf 90' lang='lat' dir='ltr'><strong>quo</strong></span> <span class='ocrx_word' id='word_1_368' title='bbox 1556 1233 1628 1253; x_wconf 87' lang='lat' dir='ltr'><strong>nunc</strong></span> <span class='ocrx_word' id='word_1_369' title='bbox 1642 1225 1762 1252; x_wconf 85' lang='lat' dir='ltr'><strong>dicitur:</strong></span> 
     </span>
    </p>
   </div>
   <div class='ocr_carea' id='block_1_53' title="bbox 981 1269 1765 1308">
    <p class='ocr_par' dir='ltr' id='par_1_53' title="bbox 981 1269 1765 1308">
     <span class='ocr_line' id='line_1_53' title="bbox 981 1269 1765 1308; baseline -0.005 -8"><span class='ocrx_word' id='word_1_370' title='bbox 981 1283 989 1299; x_wconf 81' lang='grc' dir='ltr'><strong>ι</strong></span> <span class='ocrx_word' id='word_1_371' title='bbox 1010 1273 1165 1300; x_wconf 80' lang='lat' dir='ltr'><strong>testamenti</strong></span> <span class='ocrx_word' id='word_1_372' title='bbox 1193 1273 1313 1308; x_wconf 80' lang='lat' dir='ltr'><strong>Angelus</strong></span> <span class='ocrx_word' id='word_1_373' title='bbox 1325 1272 1488 1307; x_wconf 73' lang='lat' dir='ltr'><strong>pra&#39;parabit</strong></span> <span class='ocrx_word' id='word_1_374' title='bbox 1503 1272 1572 1298; x_wconf 84' lang='lat' dir='ltr'><strong>viam</strong></span> <span class='ocrx_word' id='word_1_375' title='bbox 1586 1274 1648 1298; x_wconf 86' lang='lat' dir='ltr'><strong>ante</strong></span> <span class='ocrx_word' id='word_1_376' title='bbox 1669 1269 1765 1297; x_wconf 85' lang='lat' dir='ltr'><strong>faciem</strong></span> 
     </span>
    </p>
   </div>
   <div class='ocr_carea' id='block_1_54' title="bbox 978 1315 1764 1351">
    <p class='ocr_par' dir='ltr' id='par_1_54' title="bbox 978 1315 1764 1351">
     <span class='ocr_line' id='line_1_54' title="bbox 978 1315 1764 1351; baseline -0.006 -5"><span class='ocrx_word' id='word_1_377' title='bbox 978 1318 1078 1351; x_wconf 86' lang='lat' dir='ltr'><strong>Patris,</strong></span> <span class='ocrx_word' id='word_1_378' title='bbox 1098 1328 1108 1345; x_wconf 75' lang='grc' dir='ltr'><strong>ι</strong></span> <span class='ocrx_word' id='word_1_379' title='bbox 1127 1319 1154 1345; x_wconf 95' lang='lat' dir='ltr'><strong>id</strong></span> <span class='ocrx_word' id='word_1_380' title='bbox 1184 1322 1226 1346; x_wconf 89' lang='lat' dir='ltr'><strong>est</strong></span> <span class='ocrx_word' id='word_1_381' title='bbox 1251 1318 1390 1345; x_wconf 88' lang='lat' dir='ltr'><strong>hominum</strong></span> <span class='ocrx_word' id='word_1_382' title='bbox 1423 1317 1529 1344; x_wconf 88' lang='lat' dir='ltr'><strong>animas</strong></span> <span class='ocrx_word' id='word_1_383' title='bbox 1557 1315 1647 1343; x_wconf 87' lang='lat' dir='ltr'><strong>Patris</strong></span> <span class='ocrx_word' id='word_1_384' title='bbox 1679 1322 1764 1350; x_wconf 77' lang='lat' dir='ltr'><strong>regno</strong></span> 
     </span>
    </p>
   </div>
   <div class='ocr_carea' id='block_1_55' title="bbox 977 1361 1765 1400">
    <p class='ocr_par' dir='ltr' id='par_1_55' title="bbox 977 1361 1765 1400">
     <span class='ocr_line' id='line_1_55' title="bbox 977 1361 1765 1400; baseline -0.006 -8"><span class='ocrx_word' id='word_1_385' title='bbox 977 1365 1090 1393; x_wconf 89' lang='lat' dir='ltr'><strong>idoneas</strong></span> <span class='ocrx_word' id='word_1_386' title='bbox 1119 1370 1199 1400; x_wconf 89' lang='lat' dir='ltr'><strong>atque</strong></span> <span class='ocrx_word' id='word_1_387' title='bbox 1226 1368 1339 1400; x_wconf 85' lang='lat' dir='ltr'><strong>paratas</strong></span> <span class='ocrx_word' id='word_1_388' title='bbox 1364 1363 1479 1396; x_wconf 86' lang='lat' dir='ltr'><strong>elliciet;</strong></span> <span class='ocrx_word' id='word_1_389' title='bbox 1498 1369 1561 1389; x_wconf 89' lang='lat' dir='ltr'><strong>cum</strong></span> <span class='ocrx_word' id='word_1_390' title='bbox 1583 1361 1765 1388; x_wconf 83' lang='lat' dir='ltr'><strong>rationalibus</strong></span> 
     </span>
    </p>
   </div>
   <div class='ocr_carea' id='block_1_56' title="bbox 978 1409 1762 1446">
    <p class='ocr_par' dir='ltr' id='par_1_56' title="bbox 978 1409 1762 1446">
     <span class='ocr_line' id='line_1_56' title="bbox 978 1409 1762 1446; baseline -0.003 -8"><span class='ocrx_word' id='word_1_391' title='bbox 978 1410 1223 1446; x_wconf 87' lang='lat' dir='ltr'><strong>spiritualibusque</strong></span> <span class='ocrx_word' id='word_1_392' title='bbox 1257 1410 1395 1445; x_wconf 86' lang='lat' dir='ltr'><strong>lapidibus</strong></span> <span class='ocrx_word' id='word_1_393' title='bbox 1432 1410 1575 1445; x_wconf 88' lang='lat' dir='ltr'><strong>spirituale</strong></span> <span class='ocrx_word' id='word_1_394' title='bbox 1609 1409 1762 1444; x_wconf 86' lang='lat' dir='ltr'><strong>templum,</strong></span> 
     </span>
    </p>
   </div>
   <div class='ocr_carea' id='block_1_57' title="bbox 979 1454 1766 1490">
    <p class='ocr_par' dir='ltr' id='par_1_57' title="bbox 979 1454 1766 1490">
     <span class='ocr_line' id='line_1_57' title="bbox 979 1454 1766 1490; baseline -0.003 -6"><span class='ocrx_word' id='word_1_395' title='bbox 979 1456 1084 1484; x_wconf 85' lang='lat' dir='ltr'><strong>scilicet</strong></span> <span class='ocrx_word' id='word_1_396' title='bbox 1095 1455 1256 1487; x_wconf 88' lang='lat' dir='ltr'><strong>Ecelesiam,</strong></span> <span class='ocrx_word' id='word_1_397' title='bbox 1269 1456 1329 1490; x_wconf 85' lang='lat' dir='ltr'><strong>ipso</strong></span> <span class='ocrx_word' id='word_1_398' title='bbox 1340 1460 1521 1490; x_wconf 65' lang='lat' dir='ltr'><strong>praeparante,</strong></span> <span class='ocrx_word' id='word_1_399' title='bbox 1538 1456 1628 1483; x_wconf 78' lang='lat' dir='ltr'><strong>veniet</strong></span> <span class='ocrx_word' id='word_1_400' title='bbox 1644 1456 1700 1490; x_wconf 73' lang='lat' dir='ltr'><strong>ipse</strong></span> <span class='ocrx_word' id='word_1_401' title='bbox 1713 1454 1766 1482; x_wconf 91' lang='lat' dir='ltr'><strong>Do-</strong></span> 
     </span>
    </p>
   </div>
   <div class='ocr_carea' id='block_1_58' title="bbox 983 1501 1768 1538">
    <p class='ocr_par' dir='ltr' id='par_1_58' title="bbox 983 1501 1768 1538">
     <span class='ocr_line' id='line_1_58' title="bbox 983 1501 1768 1538; baseline -0.004 -8"><span class='ocrx_word' id='word_1_402' title='bbox 983 1503 1074 1531; x_wconf 86' lang='lat' dir='ltr'><strong>minus</strong></span> <span class='ocrx_word' id='word_1_403' title='bbox 1101 1502 1227 1538; x_wconf 66' lang='lat' dir='ltr'><strong>Deus‘que</strong></span> <span class='ocrx_word' id='word_1_404' title='bbox 1241 1502 1362 1530; x_wconf 71' lang='lat' dir='ltr'><strong>Verbum</strong></span> <span class='ocrx_word' id='word_1_405' title='bbox 1375 1503 1456 1530; x_wconf 88' lang='lat' dir='ltr'><strong>simul</strong></span> <span class='ocrx_word' id='word_1_406' title='bbox 1468 1510 1531 1529; x_wconf 88' lang='lat' dir='ltr'><strong>cum</strong></span> <span class='ocrx_word' id='word_1_407' title='bbox 1544 1503 1603 1537; x_wconf 87' lang='lat' dir='ltr'><strong>ipso</strong></span> <span class='ocrx_word' id='word_1_408' title='bbox 1613 1501 1768 1530; x_wconf 74' lang='lat' dir='ltr'><strong>testamenti</strong></span> 
     </span>
    </p>
   </div>
   <div class='ocr_carea' id='block_1_59' title="bbox 979 1547 1768 1584">
    <p class='ocr_par' dir='ltr' id='par_1_59' title="bbox 979 1547 1768 1584">
     <span class='ocr_line' id='line_1_59' title="bbox 979 1547 1768 1584; baseline -0.003 -7"><span class='ocrx_word' id='word_1_409' title='bbox 979 1550 1083 1584; x_wconf 80' lang='lat' dir='ltr'><strong>Angelo</strong></span> <span class='ocrx_word' id='word_1_410' title='bbox 1112 1550 1141 1576; x_wconf 94' lang='lat' dir='ltr'><strong>in</strong></span> <span class='ocrx_word' id='word_1_411' title='bbox 1166 1549 1297 1584; x_wconf 88' lang='lat' dir='ltr'><strong>templum</strong></span> <span class='ocrx_word' id='word_1_412' title='bbox 1313 1549 1387 1584; x_wconf 89' lang='lat' dir='ltr'><strong>quod</strong></span> <span class='ocrx_word' id='word_1_413' title='bbox 1416 1553 1596 1576; x_wconf 91' lang='lat' dir='ltr'><strong>memoratum</strong></span> <span class='ocrx_word' id='word_1_414' title='bbox 1624 1551 1683 1581; x_wconf 84' lang='lat' dir='ltr'><strong>est;</strong></span> <span class='ocrx_word' id='word_1_415' title='bbox 1704 1547 1768 1575; x_wconf 87' lang='lat' dir='ltr'><strong>dein</strong></span> 
     </span>
    </p>
   </div>
   <div class='ocr_carea' id='block_1_60' title="bbox 135 1591 926 1630">
    <p class='ocr_par' dir='ltr' id='par_1_60' title="bbox 135 1591 926 1630">
     <span class='ocr_line' id='line_1_60' title="bbox 135 1591 926 1630; baseline 0.004 -12"><span class='ocrx_word' id='word_1_416' title='bbox 135 1591 236 1627; x_wconf 84' lang='grc' dir='ltr'>Κύριος</span> <span class='ocrx_word' id='word_1_417' title='bbox 248 1593 295 1619; x_wconf 75' lang='grc' dir='ltr'>καὶ</span> <span class='ocrx_word' id='word_1_418' title='bbox 318 1592 384 1625; x_wconf 82' lang='grc' dir='ltr'><strong>Θεὸς</strong></span> <span class='ocrx_word' id='word_1_419' title='bbox 400 1593 486 1627; x_wconf 88' lang='grc' dir='ltr'>Λόγος</span> <span class='ocrx_word' id='word_1_420' title='bbox 502 1593 561 1628; x_wconf 73' lang='grc' dir='ltr'><strong>ἅμα</strong></span> <span class='ocrx_word' id='word_1_421' title='bbox 580 1593 654 1628; x_wconf 82' lang='grc' dir='ltr'>αὐτῷ</span> <span class='ocrx_word' id='word_1_422' title='bbox 673 1593 711 1629; x_wconf 81' lang='grc' dir='ltr'>τῷ</span> <span class='ocrx_word' id='word_1_423' title='bbox 727 1594 777 1629; x_wconf 82' lang='grc' dir='ltr'>τῆς</span> <span class='ocrx_word' id='word_1_424' title='bbox 796 1594 926 1630; x_wconf 81' lang='grc' dir='ltr'>διαθήκης</span> 
     </span>
    </p>
   </div>
   <div class='ocr_carea' id='block_1_61' title="bbox 977 1591 1767 1630">
    <p class='ocr_par' dir='ltr' id='par_1_61' title="bbox 981 1591 1767 1629">
     <span class='ocr_line' id='line_1_61' title="bbox 981 1591 1767 1629; baseline -0.005 -7"><span class='ocrx_word' id='word_1_425' title='bbox 981 1602 1042 1622; x_wconf 88' lang='lat' dir='ltr'><strong>cum</strong></span> <span class='ocrx_word' id='word_1_426' title='bbox 1055 1594 1206 1622; x_wconf 87' lang='lat' dir='ltr'><strong>secundum</strong></span> <span class='ocrx_word' id='word_1_427' title='bbox 1218 1594 1278 1629; x_wconf 86' lang='lat' dir='ltr'><strong>ejus</strong></span> <span class='ocrx_word' id='word_1_428' title='bbox 1289 1594 1434 1621; x_wconf 78' lang='lat' dir='ltr'><strong>adventum</strong></span> <span class='ocrx_word' id='word_1_429' title='bbox 1443 1594 1640 1628; x_wconf 78' lang='lat' dir='ltr'><strong>pramuntians.</strong></span> <span class='ocrx_word' id='word_1_430' title='bbox 1648 1591 1767 1619; x_wconf 82' lang='lat' dir='ltr'><strong>Verbum</strong></span> 
     </span>
    </p>
   </div>
   <div class='ocr_carea' id='block_1_62' title="bbox 142 1637 928 1676">
    <p class='ocr_par' dir='ltr' id='par_1_62' title="bbox 142 1637 928 1676">
     <span class='ocr_line' id='line_1_62' title="bbox 142 1637 928 1676; baseline 0.003 -12"><span class='ocrx_word' id='word_1_431' title='bbox 142 1637 260 1674; x_wconf 81' lang='grc' dir='ltr'>Ἀγγέλῳ</span> <span class='ocrx_word' id='word_1_432' title='bbox 270 1640 310 1671; x_wconf 82' lang='grc' dir='ltr'><strong>εἰς</strong></span> <span class='ocrx_word' id='word_1_433' title='bbox 322 1639 368 1665; x_wconf 86' lang='grc' dir='ltr'><strong>τὸν</strong></span> <span class='ocrx_word' id='word_1_434' title='bbox 382 1639 564 1674; x_wconf 80' lang='grc' dir='ltr'>δεδηλωμένον</span> <span class='ocrx_word' id='word_1_435' title='bbox 576 1640 639 1666; x_wconf 89' lang='grc' dir='ltr'>ναόν</span> <span class='ocrx_word' id='word_1_436' title='bbox 648 1649 654 1654; x_wconf 94' lang='grc'><strong>·</strong></span> <span class='ocrx_word' id='word_1_437' title='bbox 670 1637 739 1673; x_wconf 85' lang='grc' dir='ltr'>εἶτα,</span> <span class='ocrx_word' id='word_1_438' title='bbox 756 1637 800 1666; x_wconf 72' lang='grc' dir='ltr'>οἷα</span> <span class='ocrx_word' id='word_1_439' title='bbox 814 1640 862 1676; x_wconf 77' lang='grc' dir='ltr'>τὴν</span> <span class='ocrx_word' id='word_1_440' title='bbox 870 1640 928 1666; x_wconf 80' lang='grc' dir='ltr'>δευ-</span> 
     </span>
    </p>
   </div>
   <div class='ocr_carea' id='block_1_63' title="bbox 133 1683 928 1721">
    <p class='ocr_par' dir='ltr' id='par_1_63' title="bbox 133 1683 928 1721">
     <span class='ocr_line' id='line_1_63' title="bbox 133 1683 928 1721; baseline 0.003 -11"><span class='ocrx_word' id='word_1_441' title='bbox 133 1683 217 1720; x_wconf 79' lang='grc' dir='ltr'>τέραν</span> <span class='ocrx_word' id='word_1_442' title='bbox 237 1685 318 1712; x_wconf 81' lang='grc' dir='ltr'>αὑτοῦ</span> <span class='ocrx_word' id='word_1_443' title='bbox 344 1685 494 1721; x_wconf 83' lang='grc' dir='ltr'>παρουσίαν</span> <span class='ocrx_word' id='word_1_444' title='bbox 515 1685 717 1721; x_wconf 75' lang='grc' dir='ltr'>προαγγέλλων,</span> <span class='ocrx_word' id='word_1_445' title='bbox 742 1687 755 1713; x_wconf 86' lang='grc' dir='ltr'><strong>ό</strong></span> <span class='ocrx_word' id='word_1_446' title='bbox 781 1686 866 1720; x_wconf 81' lang='grc' dir='ltr'>Λόγος</span> <span class='ocrx_word' id='word_1_447' title='bbox 891 1686 928 1718; x_wconf 83' lang='grc' dir='ltr'><strong>ὡς</strong></span> 
     </span>
    </p>
   </div>
   <div class='ocr_carea' id='block_1_64' title="bbox 135 1730 929 1768">
    <p class='ocr_par' dir='ltr' id='par_1_64' title="bbox 135 1730 929 1768">
     <span class='ocr_line' id='line_1_64' title="bbox 135 1730 929 1768; baseline 0.004 -12"><span class='ocrx_word' id='word_1_448' title='bbox 135 1730 204 1765; x_wconf 85' lang='grc' dir='ltr'>πρὸς</span> <span class='ocrx_word' id='word_1_449' title='bbox 219 1731 281 1763; x_wconf 78' lang='grc' dir='ltr'>τοὺς</span> <span class='ocrx_word' id='word_1_450' title='bbox 295 1731 473 1767; x_wconf 84' lang='grc' dir='ltr'>ἁμαρτωλούς</span> <span class='ocrx_word' id='word_1_451' title='bbox 490 1740 581 1766; x_wconf 81' lang='grc' dir='ltr'>φησιν,</span> <span class='ocrx_word' id='word_1_452' title='bbox 597 1741 606 1756; x_wconf 75' lang='grc' dir='ltr'><strong>ι</strong></span> <span class='ocrx_word' id='word_1_453' title='bbox 631 1732 695 1759; x_wconf 81' lang='grc' dir='ltr'>Ἰδοὺ</span> <span class='ocrx_word' id='word_1_454' title='bbox 706 1732 814 1767; x_wconf 77' lang='grc' dir='ltr'>ἔρχεται</span> <span class='ocrx_word' id='word_1_455' title='bbox 827 1733 929 1768; x_wconf 82' lang='grc' dir='ltr'>Κύριος</span> 
     </span>
    </p>
   </div>
   <div class='ocr_carea' id='block_1_65' title="bbox 135 1776 929 1813">
    <p class='ocr_par' dir='ltr' id='par_1_65' title="bbox 135 1776 929 1813">
     <span class='ocr_line' id='line_1_65' title="bbox 135 1776 929 1813; baseline 0.001 -11"><span class='ocrx_word' id='word_1_456' title='bbox 135 1777 348 1813; x_wconf 73' lang='grc' dir='ltr'>παντοκράτωρο</span> <span class='ocrx_word' id='word_1_457' title='bbox 366 1777 413 1804; x_wconf 73' lang='grc' dir='ltr'><strong>καὶ</strong></span> <span class='ocrx_word' id='word_1_458' title='bbox 435 1777 476 1808; x_wconf 80' lang='grc' dir='ltr'><strong>τίς</strong></span> <span class='ocrx_word' id='word_1_459' title='bbox 493 1777 623 1813; x_wconf 86' lang='grc' dir='ltr'>ὑπομενεῖ</span> <span class='ocrx_word' id='word_1_460' title='bbox 638 1776 744 1813; x_wconf 83' lang='grc' dir='ltr'>ἡμέραν</span> <span class='ocrx_word' id='word_1_461' title='bbox 756 1777 857 1804; x_wconf 78' lang='grc' dir='ltr'>εἰσόδου</span> <span class='ocrx_word' id='word_1_462' title='bbox 882 1778 929 1804; x_wconf 86' lang='grc' dir='ltr'><strong>αὐ-</strong></span> 
     </span>
    </p>
   </div>
   <div class='ocr_carea' id='block_1_66' title="bbox 134 1822 929 1860">
    <p class='ocr_par' dir='ltr' id='par_1_66' title="bbox 134 1822 929 1860">
     <span class='ocr_line' id='line_1_66' title="bbox 134 1822 929 1860; baseline 0.001 -10"><span class='ocrx_word' id='word_1_463' title='bbox 134 1822 182 1850; x_wconf 76' lang='grc' dir='ltr'>τοῦ</span> <span class='ocrx_word' id='word_1_464' title='bbox 195 1832 201 1856; x_wconf 91' lang='grc'>;</span> <span class='ocrx_word' id='word_1_465' title='bbox 216 1824 232 1859; x_wconf 81' lang='grc' dir='ltr'>ἢ</span> <span class='ocrx_word' id='word_1_466' title='bbox 249 1824 290 1856; x_wconf 87' lang='grc' dir='ltr'><strong>τίς</strong></span> <span class='ocrx_word' id='word_1_467' title='bbox 305 1825 485 1860; x_wconf 81' lang='grc' dir='ltr'>ὑποστήσεται</span> <span class='ocrx_word' id='word_1_468' title='bbox 505 1825 533 1851; x_wconf 82' lang='grc' dir='ltr'>ὲν</span> <span class='ocrx_word' id='word_1_469' title='bbox 547 1825 580 1859; x_wconf 87' lang='grc' dir='ltr'><strong>τῇ</strong></span> <span class='ocrx_word' id='word_1_470' title='bbox 598 1824 716 1860; x_wconf 75' lang='grc' dir='ltr'>ὀπτασίᾳ</span> <span class='ocrx_word' id='word_1_471' title='bbox 733 1824 833 1857; x_wconf 78' lang='grc' dir='ltr'>αὑτοῦ;</span> <span class='ocrx_word' id='word_1_472' title='bbox 856 1835 865 1851; x_wconf 71' lang='grc' dir='ltr'><strong>ι</strong></span> <span class='ocrx_word' id='word_1_473' title='bbox 882 1826 929 1853; x_wconf 79' lang='grc' dir='ltr'>καὶ</span> 
     </span>
    </p>
   </div>
   <div class='ocr_carea' id='block_1_67' title="bbox 134 1868 928 1907">
    <p class='ocr_par' dir='ltr' id='par_1_67' title="bbox 134 1868 928 1907">
     <span class='ocr_line' id='line_1_67' title="bbox 134 1868 928 1907; baseline 0.003 -11"><span class='ocrx_word' id='word_1_474' title='bbox 134 1869 170 1896; x_wconf 81' lang='grc' dir='ltr'>τὰ</span> <span class='ocrx_word' id='word_1_475' title='bbox 195 1870 273 1906; x_wconf 77' lang='grc' dir='ltr'>ἑξῆς·</span> <span class='ocrx_word' id='word_1_476' title='bbox 295 1868 336 1903; x_wconf 73' lang='grc' dir='ltr'>οἷς</span> <span class='ocrx_word' id='word_1_477' title='bbox 354 1871 491 1906; x_wconf 82' lang='grc' dir='ltr'>ἐπιμελῶς</span> <span class='ocrx_word' id='word_1_478' title='bbox 520 1871 685 1907; x_wconf 80' lang='grc' dir='ltr'>προσεκτέον</span> <span class='ocrx_word' id='word_1_479' title='bbox 702 1871 746 1897; x_wconf 85' lang='grc' dir='ltr'><strong>ὑπ’</strong></span> <span class='ocrx_word' id='word_1_480' title='bbox 779 1871 861 1898; x_wconf 79' lang='grc' dir='ltr'>αὑτοῦ</span> <span class='ocrx_word' id='word_1_481' title='bbox 881 1871 928 1898; x_wconf 79' lang='grc' dir='ltr'>τοῦ</span> 
     </span>
    </p>
   </div>
   <div class='ocr_carea' id='block_1_68' title="bbox 135 1915 926 1953">
    <p class='ocr_par' dir='ltr' id='par_1_68' title="bbox 135 1915 926 1953">
     <span class='ocr_line' id='line_1_68' title="bbox 135 1915 926 1953; baseline 0.003 -12"><span class='ocrx_word' id='word_1_482' title='bbox 135 1917 355 1952; x_wconf 80' lang='grc' dir='ltr'>παντοκράτορος</span> <span class='ocrx_word' id='word_1_483' title='bbox 375 1916 477 1953; x_wconf 82' lang='grc' dir='ltr'>Κυρίου</span> <span class='ocrx_word' id='word_1_484' title='bbox 495 1916 532 1948; x_wconf 80' lang='grc' dir='ltr'><strong>ὡς</strong></span> <span class='ocrx_word' id='word_1_485' title='bbox 552 1917 616 1952; x_wconf 75' lang='grc' dir='ltr'>περὶ</span> <span class='ocrx_word' id='word_1_486' title='bbox 638 1916 732 1952; x_wconf 78' lang='grc' dir='ltr'>ἐτέρου</span> <span class='ocrx_word' id='word_1_487' title='bbox 757 1915 926 1952; x_wconf 81' lang='grc' dir='ltr'>λεγομένοις·</span> 
     </span>
    </p>
   </div>
   <div class='ocr_carea' id='block_1_69' title="bbox 135 1961 929 1998">
    <p class='ocr_par' dir='ltr' id='par_1_69' title="bbox 135 1961 929 1998">
     <span class='ocr_line' id='line_1_69' title="bbox 135 1961 929 1998; baseline 0.003 -11"><span class='ocrx_word' id='word_1_488' title='bbox 135 1961 183 1987; x_wconf 76' lang='grc' dir='ltr'><strong>καὶ</strong></span> <span class='ocrx_word' id='word_1_489' title='bbox 205 1962 335 1988; x_wconf 82' lang='grc' dir='ltr'>πευστέον</span> <span class='ocrx_word' id='word_1_490' title='bbox 354 1971 383 1988; x_wconf 87' lang='grc' dir='ltr'><strong>τε</strong></span> <span class='ocrx_word' id='word_1_491' title='bbox 405 1962 459 1988; x_wconf 82' lang='grc' dir='ltr'><strong>τῶν</strong></span> <span class='ocrx_word' id='word_1_492' title='bbox 476 1962 508 1988; x_wconf 76' lang='grc' dir='ltr'>ἐκ</span> <span class='ocrx_word' id='word_1_493' title='bbox 533 1962 693 1998; x_wconf 79' lang='grc' dir='ltr'>περιτομῆς,</span> <span class='ocrx_word' id='word_1_494' title='bbox 713 1962 740 1988; x_wconf 71' lang='grc' dir='ltr'>εἴ</span> <span class='ocrx_word' id='word_1_495' title='bbox 761 1971 822 1989; x_wconf 84' lang='grc' dir='ltr'>τινα</span> <span class='ocrx_word' id='word_1_496' title='bbox 843 1962 929 1997; x_wconf 77' lang='grc' dir='ltr'>ἔχοιεν</span> 
     </span>
    </p>
   </div>
   <div class='ocr_carea' id='block_1_70' title="bbox 135 2007 928 2043">
    <p class='ocr_par' dir='ltr' id='par_1_70' title="bbox 135 2007 928 2043">
     <span class='ocr_line' id='line_1_70' title="bbox 135 2007 928 2043; baseline 0.003 -10"><span class='ocrx_word' id='word_1_497' title='bbox 135 2007 224 2042; x_wconf 82' lang='grc' dir='ltr'>λέγειν</span> <span class='ocrx_word' id='word_1_498' title='bbox 241 2008 286 2034; x_wconf 78' lang='grc' dir='ltr'><strong>τὸν</strong></span> <span class='ocrx_word' id='word_1_499' title='bbox 311 2007 427 2034; x_wconf 79' lang='grc' dir='ltr'>ἐνταῦθα</span> <span class='ocrx_word' id='word_1_500' title='bbox 447 2008 610 2043; x_wconf 84' lang='grc' dir='ltr'>δηλούμενον</span> <span class='ocrx_word' id='word_1_501' title='bbox 632 2008 734 2043; x_wconf 81' lang='grc' dir='ltr'>Κύριον</span> <span class='ocrx_word' id='word_1_502' title='bbox 754 2009 801 2035; x_wconf 82' lang='grc' dir='ltr'><strong>καὶ</strong></span> <span class='ocrx_word' id='word_1_503' title='bbox 819 2009 862 2035; x_wconf 84' lang='grc' dir='ltr'>τὸν</span> <span class='ocrx_word' id='word_1_504' title='bbox 881 2009 928 2036; x_wconf 84' lang='grc' dir='ltr'><strong>σὺν</strong></span> 
     </span>
    </p>
   </div>
   <div class='ocr_carea' id='block_1_71' title="bbox 136 2051 929 2090">
    <p class='ocr_par' dir='ltr' id='par_1_71' title="bbox 136 2051 929 2090">
     <span class='ocr_line' id='line_1_71' title="bbox 136 2051 929 2090; baseline 0.001 -10"><span class='ocrx_word' id='word_1_505' title='bbox 136 2054 211 2089; x_wconf 75' lang='grc' dir='ltr'>αὐτῷ</span> <span class='ocrx_word' id='word_1_506' title='bbox 228 2054 359 2088; x_wconf 74' lang='grc' dir='ltr'>Ἄγγελον</span> <span class='ocrx_word' id='word_1_507' title='bbox 373 2055 422 2089; x_wconf 79' lang='grc' dir='ltr'><strong>τῆς</strong></span> <span class='ocrx_word' id='word_1_508' title='bbox 441 2055 582 2090; x_wconf 83' lang='grc' dir='ltr'>διαθήκης,</span> <span class='ocrx_word' id='word_1_509' title='bbox 604 2054 667 2090; x_wconf 74' lang='grc' dir='ltr'>περὶ</span> <span class='ocrx_word' id='word_1_510' title='bbox 677 2051 708 2081; x_wconf 74' lang='grc' dir='ltr'>οὗ</span> <span class='ocrx_word' id='word_1_511' title='bbox 719 2055 820 2090; x_wconf 81' lang='grc' dir='ltr'>Κύριος</span> <span class='ocrx_word' id='word_1_512' title='bbox 834 2055 848 2081; x_wconf 85' lang='grc' dir='ltr'>ὁ</span> <span class='ocrx_word' id='word_1_513' title='bbox 862 2063 929 2081; x_wconf 85' lang='grc' dir='ltr'>παν-</span> 
     </span>
    </p>
   </div>
   <div class='ocr_carea' id='block_1_72' title="bbox 136 2099 927 2136">
    <p class='ocr_par' dir='ltr' id='par_1_72' title="bbox 136 2099 927 2136">
     <span class='ocr_line' id='line_1_72' title="bbox 136 2099 927 2136; baseline 0.001 -11"><span class='ocrx_word' id='word_1_514' title='bbox 136 2100 278 2136; x_wconf 83' lang='grc' dir='ltr'>τοκράτωρ</span> <span class='ocrx_word' id='word_1_515' title='bbox 289 2101 388 2135; x_wconf 81' lang='grc' dir='ltr'>φάσκει</span> <span class='ocrx_word' id='word_1_516' title='bbox 404 2101 444 2133; x_wconf 80' lang='grc' dir='ltr'><strong>τὸ,</strong></span> <span class='ocrx_word' id='word_1_517' title='bbox 463 2111 471 2127; x_wconf 80' lang='grc' dir='ltr'><strong>ι</strong></span> <span class='ocrx_word' id='word_1_518' title='bbox 495 2101 560 2127; x_wconf 76' lang='grc' dir='ltr'>Ἰδοὺ</span> <span class='ocrx_word' id='word_1_519' title='bbox 573 2100 692 2136; x_wconf 71' lang='grc' dir='ltr'>ἔρχεται,</span> <span class='ocrx_word' id='word_1_520' title='bbox 707 2111 715 2126; x_wconf 73' lang='grc' dir='ltr'><strong>ι</strong></span> <span class='ocrx_word' id='word_1_521' title='bbox 729 2101 776 2127; x_wconf 75' lang='grc' dir='ltr'><strong>καὶ</strong></span> <span class='ocrx_word' id='word_1_522' title='bbox 788 2100 822 2127; x_wconf 85' lang='grc' dir='ltr'>τὰ</span> <span class='ocrx_word' id='word_1_523' title='bbox 835 2099 927 2127; x_wconf 88' lang='grc' dir='ltr'>λοιπά·</span> 
     </span>
    </p>
   </div>
   <div class='ocr_carea' id='block_1_73' title="bbox 136 2143 928 2183">
    <p class='ocr_par' dir='ltr' id='par_1_73' title="bbox 136 2143 928 2183">
     <span class='ocr_line' id='line_1_73' title="bbox 136 2143 928 2183; baseline 0.001 -11"><span class='ocrx_word' id='word_1_524' title='bbox 136 2146 170 2172; x_wconf 86' lang='grc' dir='ltr'>δι’</span> <span class='ocrx_word' id='word_1_525' title='bbox 183 2143 220 2174; x_wconf 81' lang='grc' dir='ltr'>ὧν</span> <span class='ocrx_word' id='word_1_526' title='bbox 237 2147 297 2173; x_wconf 83' lang='grc' dir='ltr'>καθ’</span> <span class='ocrx_word' id='word_1_527' title='bbox 317 2148 388 2183; x_wconf 80' lang='grc' dir='ltr'>ἡμᾶς</span> <span class='ocrx_word' id='word_1_528' title='bbox 406 2148 422 2183; x_wconf 89' lang='grc' dir='ltr'><strong>ἠ</strong></span> <span class='ocrx_word' id='word_1_529' title='bbox 444 2147 558 2183; x_wconf 80' lang='grc' dir='ltr'>δευτέρα</span> <span class='ocrx_word' id='word_1_530' title='bbox 579 2147 627 2174; x_wconf 83' lang='grc' dir='ltr'>τοῦ</span> <span class='ocrx_word' id='word_1_531' title='bbox 643 2147 761 2182; x_wconf 80' lang='grc' dir='ltr'>Χριστοῦ</span> <span class='ocrx_word' id='word_1_532' title='bbox 778 2147 928 2181; x_wconf 82' lang='grc' dir='ltr'>καταγγέλ-</span> 
     </span>
    </p>
   </div>
   <div class='ocr_carea' id='block_1_74' title="bbox 136 2192 928 2228">
    <p class='ocr_par' dir='ltr' id='par_1_74' title="bbox 136 2192 928 2228">
     <span class='ocr_line' id='line_1_74' title="bbox 136 2192 928 2228; baseline 0.001 -10"><span class='ocrx_word' id='word_1_533' title='bbox 136 2192 213 2219; x_wconf 82' lang='grc' dir='ltr'>λεται</span> <span class='ocrx_word' id='word_1_534' title='bbox 235 2193 382 2227; x_wconf 85' lang='grc' dir='ltr'>παρουσία·</span> <span class='ocrx_word' id='word_1_535' title='bbox 400 2193 429 2225; x_wconf 83' lang='grc' dir='ltr'>ὃς</span> <span class='ocrx_word' id='word_1_536' title='bbox 446 2193 531 2228; x_wconf 84' lang='grc' dir='ltr'>Λόγος</span> <span class='ocrx_word' id='word_1_537' title='bbox 556 2192 622 2220; x_wconf 85' lang='grc' dir='ltr'>Θεοῦ</span> <span class='ocrx_word' id='word_1_538' title='bbox 646 2192 785 2228; x_wconf 79' lang='grc' dir='ltr'>τυγχάνων</span> <span class='ocrx_word' id='word_1_539' title='bbox 806 2201 928 2228; x_wconf 82' lang='grc' dir='ltr'>παραγε-</span> 
     </span>
    </p>
   </div>
   <div class='ocr_carea' id='block_1_75' title="bbox 135 2239 929 2275">
    <p class='ocr_par' dir='ltr' id='par_1_75' title="bbox 135 2239 929 2275">
     <span class='ocr_line' id='line_1_75' title="bbox 135 2239 929 2275; baseline 0 -11"><span class='ocrx_word' id='word_1_540' title='bbox 135 2239 249 2273; x_wconf 78' lang='grc' dir='ltr'>νόμενος</span> <span class='ocrx_word' id='word_1_541' title='bbox 272 2239 476 2274; x_wconf 78' lang='grc' dir='ltr'>εῐσπορεύσεται</span> <span class='ocrx_word' id='word_1_542' title='bbox 497 2241 537 2271; x_wconf 84' lang='grc' dir='ltr'><strong>είς</strong></span> <span class='ocrx_word' id='word_1_543' title='bbox 552 2239 601 2275; x_wconf 86' lang='grc' dir='ltr'><strong>τὴν</strong></span> <span class='ocrx_word' id='word_1_544' title='bbox 615 2239 731 2266; x_wconf 78' lang='grc' dir='ltr'>ἑκάστου</span> <span class='ocrx_word' id='word_1_545' title='bbox 745 2239 843 2274; x_wconf 76' lang='grc' dir='ltr'>ψυχὴν,</span> <span class='ocrx_word' id='word_1_546' title='bbox 869 2239 929 2273; x_wconf 81' lang='grc' dir='ltr'>κρί-</span> 
     </span>
    </p>
   </div>
   <div class='ocr_carea' id='block_1_76' title="bbox 136 2282 928 2320">
    <p class='ocr_par' dir='ltr' id='par_1_76' title="bbox 136 2282 928 2320">
     <span class='ocr_line' id='line_1_76' title="bbox 136 2282 928 2320; baseline 0 -11"><span class='ocrx_word' id='word_1_547' title='bbox 136 2292 192 2310; x_wconf 87' lang='grc' dir='ltr'><strong>νων</strong></span> <span class='ocrx_word' id='word_1_548' title='bbox 207 2282 322 2309; x_wconf 76' lang='grc' dir='ltr'>ἒκαστον</span> <span class='ocrx_word' id='word_1_549' title='bbox 343 2284 407 2319; x_wconf 74' lang='grc' dir='ltr'>περὶ</span> <span class='ocrx_word' id='word_1_550' title='bbox 422 2284 477 2311; x_wconf 84' lang='grc' dir='ltr'>τῶν</span> <span class='ocrx_word' id='word_1_551' title='bbox 499 2284 572 2320; x_wconf 81' lang='grc' dir='ltr'>αὐτῷ</span> <span class='ocrx_word' id='word_1_552' title='bbox 590 2285 660 2311; x_wconf 84' lang='grc' dir='ltr'>κατὰ</span> <span class='ocrx_word' id='word_1_553' title='bbox 676 2285 720 2311; x_wconf 77' lang='grc' dir='ltr'><strong>τὸν</strong></span> <span class='ocrx_word' id='word_1_554' title='bbox 734 2284 791 2319; x_wconf 79' lang='grc' dir='ltr'>βίον</span> <span class='ocrx_word' id='word_1_555' title='bbox 822 2292 928 2319; x_wconf 86' lang='grc' dir='ltr'>πεπρα-</span> 
     </span>
    </p>
   </div>
   <div class='ocr_carea' id='block_1_77' title="bbox 135 2329 929 2366">
    <p class='ocr_par' dir='ltr' id='par_1_77' title="bbox 135 2329 929 2366">
     <span class='ocr_line' id='line_1_77' title="bbox 135 2329 929 2366; baseline 0.001 -11"><span class='ocrx_word' id='word_1_556' title='bbox 135 2329 258 2366; x_wconf 79' lang='grc' dir='ltr'>γμένων,</span> <span class='ocrx_word' id='word_1_557' title='bbox 270 2329 408 2357; x_wconf 82' lang='grc' dir='ltr'>ὲκπλύνων</span> <span class='ocrx_word' id='word_1_558' title='bbox 422 2338 450 2356; x_wconf 81' lang='grc' dir='ltr'><strong>τε</strong></span> <span class='ocrx_word' id='word_1_559' title='bbox 464 2331 511 2356; x_wconf 73' lang='grc' dir='ltr'><strong>καὶ</strong></span> <span class='ocrx_word' id='word_1_560' title='bbox 524 2330 566 2357; x_wconf 75' lang='grc' dir='ltr'><strong>διὰ</strong></span> <span class='ocrx_word' id='word_1_561' title='bbox 581 2331 664 2366; x_wconf 84' lang='grc' dir='ltr'>πυρὸς</span> <span class='ocrx_word' id='word_1_562' title='bbox 680 2329 780 2366; x_wconf 80' lang='grc' dir='ltr'>χρυσοῦ</span> <span class='ocrx_word' id='word_1_563' title='bbox 792 2330 869 2365; x_wconf 85' lang='grc' dir='ltr'>δίκην</span> <span class='ocrx_word' id='word_1_564' title='bbox 877 2339 929 2364; x_wconf 86' lang='grc' dir='ltr'>χω-</span> 
     </span>
    </p>
   </div>
   <div class='ocr_carea' id='block_1_78' title="bbox 136 2376 929 2413">
    <p class='ocr_par' dir='ltr' id='par_1_78' title="bbox 136 2376 929 2413">
     <span class='ocr_line' id='line_1_78' title="bbox 136 2376 929 2413; baseline 0 -10"><span class='ocrx_word' id='word_1_565' title='bbox 136 2377 234 2409; x_wconf 82' lang='grc' dir='ltr'>νεύων,</span> <span class='ocrx_word' id='word_1_566' title='bbox 253 2376 301 2403; x_wconf 76' lang='grc' dir='ltr'><strong>καὶ</strong></span> <span class='ocrx_word' id='word_1_567' title='bbox 315 2376 470 2411; x_wconf 78' lang='grc' dir='ltr'>καθαρίζων</span> <span class='ocrx_word' id='word_1_568' title='bbox 488 2377 523 2404; x_wconf 76' lang='grc' dir='ltr'>τὰ</span> <span class='ocrx_word' id='word_1_569' title='bbox 537 2379 644 2404; x_wconf 80' lang='grc' dir='ltr'>πάντων</span> <span class='ocrx_word' id='word_1_570' title='bbox 658 2377 818 2413; x_wconf 84' lang='grc' dir='ltr'>ἡγεμονικά.</span> <span class='ocrx_word' id='word_1_571' title='bbox 835 2378 929 2403; x_wconf 81' lang='grc' dir='ltr'>Πᾶσαν</span> 
     </span>
    </p>
   </div>
   <div class='ocr_carea' id='block_1_79' title="bbox 137 2421 930 2459">
    <p class='ocr_par' dir='ltr' id='par_1_79' title="bbox 137 2421 930 2459">
     <span class='ocr_line' id='line_1_79' title="bbox 137 2421 930 2459; baseline 0 -9"><span class='ocrx_word' id='word_1_572' title='bbox 137 2421 205 2457; x_wconf 75' lang='grc' dir='ltr'>γοῦν</span> <span class='ocrx_word' id='word_1_573' title='bbox 233 2422 282 2458; x_wconf 80' lang='grc' dir='ltr'>τὴν</span> <span class='ocrx_word' id='word_1_574' title='bbox 305 2423 393 2457; x_wconf 85' lang='grc' dir='ltr'>κρίσιν</span> <span class='ocrx_word' id='word_1_575' title='bbox 407 2423 421 2449; x_wconf 84' lang='grc' dir='ltr'>ὁ</span> <span class='ocrx_word' id='word_1_576' title='bbox 435 2423 528 2458; x_wconf 76' lang='grc' dir='ltr'>Πατὴρ</span> <span class='ocrx_word' id='word_1_577' title='bbox 544 2423 659 2451; x_wconf 75' lang='grc' dir='ltr'>δέδωκεν</span> <span class='ocrx_word' id='word_1_578' title='bbox 672 2423 710 2459; x_wconf 86' lang='grc' dir='ltr'><strong>τῷ</strong></span> <span class='ocrx_word' id='word_1_579' title='bbox 726 2424 783 2459; x_wconf 82' lang='grc' dir='ltr'>Υίῷ</span> <span class='ocrx_word' id='word_1_580' title='bbox 799 2423 870 2450; x_wconf 81' lang='grc' dir='ltr'>κατὰ</span> <span class='ocrx_word' id='word_1_581' title='bbox 884 2423 930 2450; x_wconf 71' lang='grc' dir='ltr'><strong>τὸν</strong></span> 
     </span>
    </p>
   </div>
   <div class='ocr_carea' id='block_1_80' title="bbox 137 2468 930 2505">
    <p class='ocr_par' dir='ltr' id='par_1_80' title="bbox 137 2468 930 2505">
     <span class='ocr_line' id='line_1_80' title="bbox 137 2468 930 2505; baseline 0 -10"><span class='ocrx_word' id='word_1_582' title='bbox 137 2469 278 2504; x_wconf 77' lang='grc' dir='ltr'>φάσκοντα</span> <span class='ocrx_word' id='word_1_583' title='bbox 291 2469 337 2495; x_wconf 67' lang='grc' dir='ltr'><strong>καὶ¹</strong></span> <span class='ocrx_word' id='word_1_584' title='bbox 347 2470 376 2495; x_wconf 87' lang='grc' dir='ltr'>ὲν</span> <span class='ocrx_word' id='word_1_585' title='bbox 391 2468 514 2504; x_wconf 83' lang='grc' dir='ltr'>Ψαλμοῖς</span> <span class='ocrx_word' id='word_1_586' title='bbox 529 2469 617 2503; x_wconf 82' lang='grc' dir='ltr'>λόγον,</span> <span class='ocrx_word' id='word_1_587' title='bbox 635 2479 644 2494; x_wconf 74' lang='grc' dir='ltr'><strong>ι</strong></span> <span class='ocrx_word' id='word_1_588' title='bbox 665 2470 693 2496; x_wconf 92' lang='lat'><strong>&#39;0</strong></span> <span class='ocrx_word' id='word_1_589' title='bbox 707 2470 783 2501; x_wconf 81' lang='grc' dir='ltr'>Θεὸς,</span> <span class='ocrx_word' id='word_1_590' title='bbox 798 2469 828 2495; x_wconf 81' lang='grc' dir='ltr'><strong>τὸ</strong></span> <span class='ocrx_word' id='word_1_591' title='bbox 842 2469 930 2505; x_wconf 69' lang='grc' dir='ltr'>κρῖμα</span> 
     </span>
    </p>
   </div>
   <div class='ocr_carea' id='block_1_81' title="bbox 138 2513 928 2550">
    <p class='ocr_par' dir='ltr' id='par_1_81' title="bbox 138 2513 928 2550">
     <span class='ocr_line' id='line_1_81' title="bbox 138 2513 928 2550; baseline 0 -9"><span class='ocrx_word' id='word_1_592' title='bbox 138 2523 187 2541; x_wconf 81' lang='grc' dir='ltr'><strong>σου</strong></span> <span class='ocrx_word' id='word_1_593' title='bbox 202 2514 241 2550; x_wconf 79' lang='grc' dir='ltr'><strong>τῷ</strong></span> <span class='ocrx_word' id='word_1_594' title='bbox 255 2514 359 2549; x_wconf 83' lang='grc' dir='ltr'>βασιλεί</span> <span class='ocrx_word' id='word_1_595' title='bbox 374 2515 428 2547; x_wconf 87' lang='grc' dir='ltr'>δὸς,</span> <span class='ocrx_word' id='word_1_596' title='bbox 448 2514 496 2542; x_wconf 75' lang='grc' dir='ltr'>καὶ</span> <span class='ocrx_word' id='word_1_597' title='bbox 515 2514 564 2550; x_wconf 84' lang='grc' dir='ltr'><strong>τὴν</strong></span> <span class='ocrx_word' id='word_1_598' title='bbox 577 2513 749 2550; x_wconf 86' lang='grc' dir='ltr'>δικαιοσύνην</span> <span class='ocrx_word' id='word_1_599' title='bbox 768 2523 815 2541; x_wconf 82' lang='grc' dir='ltr'><strong>σου</strong></span> <span class='ocrx_word' id='word_1_600' title='bbox 827 2514 865 2550; x_wconf 82' lang='grc' dir='ltr'>τῷ</span> <span class='ocrx_word' id='word_1_601' title='bbox 878 2514 928 2550; x_wconf 83' lang='grc' dir='ltr'><strong>υἱῷ</strong></span> 
     </span>
    </p>
   </div>
   <div class='ocr_carea' id='block_1_82' title="bbox 137 2559 927 2596">
    <p class='ocr_par' dir='ltr' id='par_1_82' title="bbox 137 2559 927 2596">
     <span class='ocr_line' id='line_1_82' title="bbox 137 2559 927 2596; baseline -0.001 -10"><span class='ocrx_word' id='word_1_602' title='bbox 137 2559 185 2586; x_wconf 79' lang='grc' dir='ltr'>τοῦ</span> <span class='ocrx_word' id='word_1_603' title='bbox 210 2560 355 2595; x_wconf 83' lang='grc' dir='ltr'>βασιλέως·</span> <span class='ocrx_word' id='word_1_604' title='bbox 375 2561 478 2596; x_wconf 89' lang='grc' dir='ltr'>κρίνειν</span> <span class='ocrx_word' id='word_1_605' title='bbox 498 2561 543 2587; x_wconf 77' lang='grc' dir='ltr'><strong>τὸν</strong></span> <span class='ocrx_word' id='word_1_606' title='bbox 562 2560 626 2586; x_wconf 88' lang='grc' dir='ltr'>λαόν</span> <span class='ocrx_word' id='word_1_607' title='bbox 651 2568 697 2586; x_wconf 88' lang='grc' dir='ltr'><strong>σου</strong></span> <span class='ocrx_word' id='word_1_608' title='bbox 719 2560 748 2586; x_wconf 84' lang='grc' dir='ltr'>ὲν</span> <span class='ocrx_word' id='word_1_609' title='bbox 762 2559 927 2596; x_wconf 74' lang='grc' dir='ltr'>δικαιοσύνῃ,</span> 
     </span>
    </p>
   </div>
   <div class='ocr_carea' id='block_1_83' title="bbox 979 1637 1766 1675">
    <p class='ocr_par' dir='ltr' id='par_1_83' title="bbox 979 1637 1766 1675">
     <span class='ocr_line' id='line_1_83' title="bbox 979 1637 1766 1675; baseline -0.006 -8"><span class='ocrx_word' id='word_1_610' title='bbox 979 1641 1059 1675; x_wconf 90' lang='lat' dir='ltr'><strong>quasi</strong></span> <span class='ocrx_word' id='word_1_611' title='bbox 1082 1640 1116 1667; x_wconf 90' lang='lat' dir='ltr'><strong>ad</strong></span> <span class='ocrx_word' id='word_1_612' title='bbox 1141 1643 1300 1675; x_wconf 86' lang='lat' dir='ltr'><strong>peccatores</strong></span> <span class='ocrx_word' id='word_1_613' title='bbox 1318 1639 1404 1666; x_wconf 85' lang='lat' dir='ltr'><strong>dicit:</strong></span> <span class='ocrx_word' id='word_1_614' title='bbox 1424 1648 1433 1663; x_wconf 75' lang='grc' dir='ltr'><strong>ι</strong></span> <span class='ocrx_word' id='word_1_615' title='bbox 1451 1638 1521 1666; x_wconf 82' lang='lat' dir='ltr'><strong>Ecce</strong></span> <span class='ocrx_word' id='word_1_616' title='bbox 1542 1638 1616 1665; x_wconf 81' lang='lat' dir='ltr'><strong>venit</strong></span> <span class='ocrx_word' id='word_1_617' title='bbox 1635 1637 1766 1664; x_wconf 81' lang='lat' dir='ltr'><strong>Dominus</strong></span> 
     </span>
    </p>
   </div>
   <div class='ocr_carea' id='block_1_84' title="bbox 980 1682 1766 1721">
    <p class='ocr_par' dir='ltr' id='par_1_84' title="bbox 980 1682 1766 1721">
     <span class='ocr_line' id='line_1_84' title="bbox 980 1682 1766 1721; baseline -0.008 -7"><span class='ocrx_word' id='word_1_618' title='bbox 980 1687 1152 1721; x_wconf 90' lang='lat' dir='ltr'><strong>omnipotens</strong></span> <span class='ocrx_word' id='word_1_619' title='bbox 1169 1694 1174 1711; x_wconf 82' lang='lat'><strong>2</strong></span> <span class='ocrx_word' id='word_1_620' title='bbox 1191 1689 1218 1713; x_wconf 88' lang='lat' dir='ltr'><strong>et</strong></span> <span class='ocrx_word' id='word_1_621' title='bbox 1234 1684 1294 1720; x_wconf 86' lang='lat' dir='ltr'><strong>quis</strong></span> <span class='ocrx_word' id='word_1_622' title='bbox 1315 1684 1415 1719; x_wconf 89' lang='lat' dir='ltr'><strong>poterit</strong></span> <span class='ocrx_word' id='word_1_623' title='bbox 1431 1684 1552 1719; x_wconf 86' lang='lat' dir='ltr'><strong>cogitare</strong></span> <span class='ocrx_word' id='word_1_624' title='bbox 1568 1683 1640 1710; x_wconf 88' lang='lat' dir='ltr'><strong>diem</strong></span> <span class='ocrx_word' id='word_1_625' title='bbox 1663 1682 1766 1709; x_wconf 89' lang='lat' dir='ltr'><strong>adven-</strong></span> 
     </span>
    </p>
   </div>
   <div class='ocr_carea' id='block_1_85' title="bbox 980 1727 1767 1767">
    <p class='ocr_par' dir='ltr' id='par_1_85' title="bbox 980 1727 1767 1767">
     <span class='ocr_line' id='line_1_85' title="bbox 980 1727 1767 1767; baseline -0.006 -7"><span class='ocrx_word' id='word_1_626' title='bbox 980 1738 1023 1760; x_wconf 90' lang='lat' dir='ltr'><strong>tus</strong></span> <span class='ocrx_word' id='word_1_627' title='bbox 1048 1732 1118 1767; x_wconf 83' lang='lat' dir='ltr'><strong>ejus,</strong></span> <span class='ocrx_word' id='word_1_628' title='bbox 1134 1735 1161 1759; x_wconf 89' lang='lat' dir='ltr'><strong>et</strong></span> <span class='ocrx_word' id='word_1_629' title='bbox 1190 1731 1252 1766; x_wconf 86' lang='lat' dir='ltr'><strong>quis</strong></span> <span class='ocrx_word' id='word_1_630' title='bbox 1278 1732 1363 1759; x_wconf 82' lang='lat' dir='ltr'><strong>stabit</strong></span> <span class='ocrx_word' id='word_1_631' title='bbox 1385 1731 1418 1757; x_wconf 87' lang='lat' dir='ltr'><strong>ad</strong></span> <span class='ocrx_word' id='word_1_632' title='bbox 1441 1730 1589 1757; x_wconf 89' lang='lat' dir='ltr'><strong>videndum</strong></span> <span class='ocrx_word' id='word_1_633' title='bbox 1610 1729 1692 1757; x_wconf 86' lang='lat' dir='ltr'><strong>eum?</strong></span> <span class='ocrx_word' id='word_1_634' title='bbox 1707 1738 1716 1754; x_wconf 77' lang='grc' dir='ltr'><strong>ι</strong></span> <span class='ocrx_word' id='word_1_635' title='bbox 1734 1727 1767 1755; x_wconf 86' lang='lat' dir='ltr'><strong>Et</strong></span> 
     </span>
    </p>
   </div>
   <div class='ocr_carea' id='block_1_86' title="bbox 980 1775 1765 1813">
    <p class='ocr_par' dir='ltr' id='par_1_86' title="bbox 980 1775 1765 1813">
     <span class='ocr_line' id='line_1_86' title="bbox 980 1775 1765 1813; baseline -0.008 -8"><span class='ocrx_word' id='word_1_636' title='bbox 980 1778 1085 1813; x_wconf 82' lang='lat' dir='ltr'><strong>reliqua</strong></span> <span class='ocrx_word' id='word_1_637' title='bbox 1098 1785 1160 1813; x_wconf 63' lang='lat' dir='ltr'><strong>quae</strong></span> <span class='ocrx_word' id='word_1_638' title='bbox 1175 1777 1320 1813; x_wconf 81' lang='lat' dir='ltr'><strong>diligenter</strong></span> <span class='ocrx_word' id='word_1_639' title='bbox 1350 1777 1526 1809; x_wconf 85' lang='lat' dir='ltr'><strong>attendenda,</strong></span> <span class='ocrx_word' id='word_1_640' title='bbox 1541 1779 1570 1802; x_wconf 93' lang='lat' dir='ltr'><strong>ut</strong></span> <span class='ocrx_word' id='word_1_641' title='bbox 1596 1775 1629 1802; x_wconf 90' lang='lat' dir='ltr'><strong>ab</strong></span> <span class='ocrx_word' id='word_1_642' title='bbox 1643 1775 1765 1808; x_wconf 88' lang='lat' dir='ltr'><strong>omnipo-</strong></span> 
     </span>
    </p>
   </div>
   <div class='ocr_carea' id='block_1_87' title="bbox 980 1820 1767 1859">
    <p class='ocr_par' dir='ltr' id='par_1_87' title="bbox 980 1820 1767 1859">
     <span class='ocr_line' id='line_1_87' title="bbox 980 1820 1767 1859; baseline -0.004 -8"><span class='ocrx_word' id='word_1_643' title='bbox 980 1825 1062 1852; x_wconf 90' lang='lat' dir='ltr'><strong>tentis</strong></span> <span class='ocrx_word' id='word_1_644' title='bbox 1079 1823 1138 1858; x_wconf 86' lang='lat' dir='ltr'><strong>Dei,</strong></span> <span class='ocrx_word' id='word_1_645' title='bbox 1156 1825 1234 1859; x_wconf 88' lang='lat' dir='ltr'><strong>quasi</strong></span> <span class='ocrx_word' id='word_1_646' title='bbox 1249 1824 1379 1855; x_wconf 85' lang='lat' dir='ltr'><strong>alterius,</strong></span> <span class='ocrx_word' id='word_1_647' title='bbox 1405 1831 1452 1850; x_wconf 87' lang='lat' dir='ltr'><strong>ore</strong></span> <span class='ocrx_word' id='word_1_648' title='bbox 1483 1823 1600 1859; x_wconf 86' lang='lat' dir='ltr'><strong>prolata;</strong></span> <span class='ocrx_word' id='word_1_649' title='bbox 1627 1825 1655 1848; x_wconf 88' lang='lat' dir='ltr'><strong>et</strong></span> <span class='ocrx_word' id='word_1_650' title='bbox 1681 1821 1715 1847; x_wconf 86' lang='lat' dir='ltr'><strong>ah</strong></span> <span class='ocrx_word' id='word_1_651' title='bbox 1732 1820 1767 1848; x_wconf 80' lang='lat' dir='ltr'><strong>iis</strong></span> 
     </span>
    </p>
   </div>
   <div class='ocr_carea' id='block_1_88' title="bbox 980 1863 1767 1906">
    <p class='ocr_par' dir='ltr' id='par_1_88' title="bbox 980 1863 1767 1906">
     <span class='ocr_line' id='line_1_88' title="bbox 980 1863 1767 1906; baseline -0.006 -9"><span class='ocrx_word' id='word_1_652' title='bbox 980 1870 1026 1906; x_wconf 89' lang='lat' dir='ltr'><strong>qui</strong></span> <span class='ocrx_word' id='word_1_653' title='bbox 1041 1878 1074 1898; x_wconf 76' lang='lat' dir='ltr'><strong>ex</strong></span> <span class='ocrx_word' id='word_1_654' title='bbox 1091 1863 1303 1898; x_wconf 78' lang='lat' dir='ltr'><strong>circumcisione</strong></span> <span class='ocrx_word' id='word_1_655' title='bbox 1321 1874 1385 1898; x_wconf 86' lang='lat' dir='ltr'><strong>sunt</strong></span> <span class='ocrx_word' id='word_1_656' title='bbox 1407 1869 1604 1897; x_wconf 77' lang='lat' dir='ltr'><strong>sciscitantium</strong></span> <span class='ocrx_word' id='word_1_657' title='bbox 1620 1875 1654 1894; x_wconf 91' lang='lat' dir='ltr'><strong>an</strong></span> <span class='ocrx_word' id='word_1_658' title='bbox 1675 1866 1767 1894; x_wconf 83' lang='lat' dir='ltr'><strong>Domi-</strong></span> 
     </span>
    </p>
   </div>
   <div class='ocr_carea' id='block_1_89' title="bbox 979 1914 1766 1953">
    <p class='ocr_par' dir='ltr' id='par_1_89' title="bbox 979 1914 1766 1953">
     <span class='ocr_line' id='line_1_89' title="bbox 979 1914 1766 1953; baseline -0.008 -8"><span class='ocrx_word' id='word_1_659' title='bbox 979 1926 1047 1945; x_wconf 89' lang='lat' dir='ltr'><strong>num</strong></span> <span class='ocrx_word' id='word_1_660' title='bbox 1066 1918 1202 1953; x_wconf 85' lang='lat' dir='ltr'><strong>quemvis,</strong></span> <span class='ocrx_word' id='word_1_661' title='bbox 1219 1918 1264 1945; x_wconf 92' lang='lat' dir='ltr'><strong>cui</strong></span> <span class='ocrx_word' id='word_1_662' title='bbox 1292 1919 1351 1945; x_wconf 84' lang='lat' dir='ltr'><strong>haec</strong></span> <span class='ocrx_word' id='word_1_663' title='bbox 1367 1917 1440 1944; x_wconf 90' lang='lat' dir='ltr'><strong>dicta</strong></span> <span class='ocrx_word' id='word_1_664' title='bbox 1466 1914 1642 1946; x_wconf 83' lang='lat' dir='ltr'><strong>conveniant,</strong></span> <span class='ocrx_word' id='word_1_665' title='bbox 1656 1917 1684 1940; x_wconf 85' lang='lat' dir='ltr'><strong>et</strong></span> <span class='ocrx_word' id='word_1_666' title='bbox 1703 1919 1766 1940; x_wconf 89' lang='lat' dir='ltr'><strong>cum</strong></span> 
     </span>
    </p>
   </div>
   <div class='ocr_carea' id='block_1_90' title="bbox 980 1958 1768 1999">
    <p class='ocr_par' dir='ltr' id='par_1_90' title="bbox 980 1958 1768 1999">
     <span class='ocr_line' id='line_1_90' title="bbox 980 1958 1768 1999; baseline -0.009 -8"><span class='ocrx_word' id='word_1_667' title='bbox 980 1964 1153 1999; x_wconf 65' lang='lat' dir='ltr'><strong>etAngelum</strong></span> <span class='ocrx_word' id='word_1_668' title='bbox 1181 1963 1329 1991; x_wconf 84' lang='lat' dir='ltr'><strong>testimonii</strong></span> <span class='ocrx_word' id='word_1_669' title='bbox 1350 1963 1480 1990; x_wconf 86' lang='lat' dir='ltr'><strong>inducere</strong></span> <span class='ocrx_word' id='word_1_670' title='bbox 1510 1959 1627 1996; x_wconf 87' lang='lat' dir='ltr'><strong>possint,</strong></span> <span class='ocrx_word' id='word_1_671' title='bbox 1657 1958 1690 1986; x_wconf 92' lang='lat' dir='ltr'><strong>de</strong></span> <span class='ocrx_word' id='word_1_672' title='bbox 1712 1965 1768 1993; x_wconf 88' lang='lat' dir='ltr'><strong>quo</strong></span> 
     </span>
    </p>
   </div>
   <div class='ocr_carea' id='block_1_91' title="bbox 980 2004 1765 2044">
    <p class='ocr_par' dir='ltr' id='par_1_91' title="bbox 980 2004 1765 2044">
     <span class='ocr_line' id='line_1_91' title="bbox 980 2004 1765 2044; baseline -0.009 -8"><span class='ocrx_word' id='word_1_673' title='bbox 980 2009 1155 2044; x_wconf 88' lang='lat' dir='ltr'><strong>omnipotens</strong></span> <span class='ocrx_word' id='word_1_674' title='bbox 1180 2005 1250 2037; x_wconf 85' lang='lat' dir='ltr'><strong>Deus</strong></span> <span class='ocrx_word' id='word_1_675' title='bbox 1275 2009 1333 2036; x_wconf 68' lang='lat' dir='ltr'><strong>haec</strong></span> <span class='ocrx_word' id='word_1_676' title='bbox 1351 2008 1444 2036; x_wconf 84' lang='lat' dir='ltr'><strong>dicat:</strong></span> <span class='ocrx_word' id='word_1_677' title='bbox 1462 2017 1471 2032; x_wconf 75' lang='grc' dir='ltr'><strong>ι</strong></span> <span class='ocrx_word' id='word_1_678' title='bbox 1491 2006 1560 2033; x_wconf 81' lang='lat' dir='ltr'><strong>Ecce</strong></span> <span class='ocrx_word' id='word_1_679' title='bbox 1580 2004 1666 2036; x_wconf 79' lang='lat' dir='ltr'><strong>venit,</strong></span> <span class='ocrx_word' id='word_1_680' title='bbox 1682 2013 1691 2029; x_wconf 84' lang='lat' dir='ltr'><strong>I</strong></span> <span class='ocrx_word' id='word_1_681' title='bbox 1712 2007 1765 2030; x_wconf 79' lang='lat' dir='ltr'><strong>etc.</strong></span> 
     </span>
    </p>
   </div>
   <div class='ocr_carea' id='block_1_92' title="bbox 981 2049 1767 2091">
    <p class='ocr_par' dir='ltr' id='par_1_92' title="bbox 981 2049 1767 2091">
     <span class='ocr_line' id='line_1_92' title="bbox 981 2049 1767 2091; baseline -0.005 -9"><span class='ocrx_word' id='word_1_682' title='bbox 981 2055 1028 2083; x_wconf 78' lang='lat' dir='ltr'><strong>liis</strong></span> <span class='ocrx_word' id='word_1_683' title='bbox 1043 2055 1136 2091; x_wconf 83' lang='lat' dir='ltr'><strong>igitur,</strong></span> <span class='ocrx_word' id='word_1_684' title='bbox 1154 2059 1183 2082; x_wconf 92' lang='lat' dir='ltr'><strong>ut</strong></span> <span class='ocrx_word' id='word_1_685' title='bbox 1198 2055 1277 2082; x_wconf 83' lang='lat' dir='ltr'><strong>nobis</strong></span> <span class='ocrx_word' id='word_1_686' title='bbox 1291 2055 1408 2087; x_wconf 88' lang='lat' dir='ltr'><strong>videtur,</strong></span> <span class='ocrx_word' id='word_1_687' title='bbox 1425 2051 1562 2081; x_wconf 86' lang='lat' dir='ltr'><strong>secundus</strong></span> <span class='ocrx_word' id='word_1_688' title='bbox 1586 2049 1767 2079; x_wconf 70' lang='lat' dir='ltr'><strong>annuntialur</strong></span> 
     </span>
    </p>
   </div>
   <div class='ocr_carea' id='block_1_93' title="bbox 979 2095 1766 2133">
    <p class='ocr_par' dir='ltr' id='par_1_93' title="bbox 979 2095 1766 2133">
     <span class='ocr_line' id='line_1_93' title="bbox 979 2095 1766 2133; baseline -0.01 -5"><span class='ocrx_word' id='word_1_689' title='bbox 979 2101 1083 2128; x_wconf 88' lang='lat' dir='ltr'><strong>Christi</strong></span> <span class='ocrx_word' id='word_1_690' title='bbox 1109 2101 1253 2128; x_wconf 88' lang='lat' dir='ltr'><strong>adventus.</strong></span> <span class='ocrx_word' id='word_1_691' title='bbox 1277 2099 1346 2133; x_wconf 83' lang='lat' dir='ltr'><strong>Qui,</strong></span> <span class='ocrx_word' id='word_1_692' title='bbox 1370 2107 1432 2126; x_wconf 91' lang='lat' dir='ltr'><strong>cum</strong></span> <span class='ocrx_word' id='word_1_693' title='bbox 1468 2097 1587 2124; x_wconf 90' lang='lat' dir='ltr'><strong>Verbum</strong></span> <span class='ocrx_word' id='word_1_694' title='bbox 1611 2095 1658 2122; x_wconf 87' lang='lat' dir='ltr'><strong>Dei</strong></span> <span class='ocrx_word' id='word_1_695' title='bbox 1681 2097 1766 2126; x_wconf 89' lang='lat' dir='ltr'><strong>esset,</strong></span> 
     </span>
    </p>
   </div>
   <div class='ocr_carea' id='block_1_94' title="bbox 979 2141 1765 2182">
    <p class='ocr_par' dir='ltr' id='par_1_94' title="bbox 979 2141 1765 2182">
     <span class='ocr_line' id='line_1_94' title="bbox 979 2141 1765 2182; baseline -0.011 -7"><span class='ocrx_word' id='word_1_696' title='bbox 979 2147 1175 2182; x_wconf 83' lang='lat' dir='ltr'><strong>superveniens</strong></span> <span class='ocrx_word' id='word_1_697' title='bbox 1200 2147 1227 2174; x_wconf 85' lang='lat' dir='ltr'><strong>in</strong></span> <span class='ocrx_word' id='word_1_698' title='bbox 1265 2146 1398 2181; x_wconf 83' lang='lat' dir='ltr'><strong>cujusque</strong></span> <span class='ocrx_word' id='word_1_699' title='bbox 1432 2144 1553 2171; x_wconf 89' lang='lat' dir='ltr'><strong>animam</strong></span> <span class='ocrx_word' id='word_1_700' title='bbox 1585 2141 1765 2177; x_wconf 83' lang='lat' dir='ltr'><strong>ingredietur,</strong></span> 
     </span>
    </p>
   </div>
   <div class='ocr_carea' id='block_1_95' title="bbox 980 2189 1765 2229">
    <p class='ocr_par' dir='ltr' id='par_1_95' title="bbox 980 2189 1765 2229">
     <span class='ocr_line' id='line_1_95' title="bbox 980 2189 1765 2229; baseline -0.011 -8"><span class='ocrx_word' id='word_1_701' title='bbox 980 2201 1116 2229; x_wconf 86' lang='lat' dir='ltr'><strong>quemque</strong></span> <span class='ocrx_word' id='word_1_702' title='bbox 1132 2193 1287 2228; x_wconf 87' lang='lat' dir='ltr'><strong>dijudicans</strong></span> <span class='ocrx_word' id='word_1_703' title='bbox 1303 2201 1334 2219; x_wconf 82' lang='lat' dir='ltr'><strong>ex</strong></span> <span class='ocrx_word' id='word_1_704' title='bbox 1358 2200 1417 2227; x_wconf 85' lang='lat' dir='ltr'><strong>ejus</strong></span> <span class='ocrx_word' id='word_1_705' title='bbox 1435 2191 1496 2218; x_wconf 64' lang='lat' dir='ltr'><strong>vitae</strong></span> <span class='ocrx_word' id='word_1_706' title='bbox 1510 2189 1652 2225; x_wconf 87' lang='lat' dir='ltr'><strong>operibus,</strong></span> <span class='ocrx_word' id='word_1_707' title='bbox 1668 2193 1765 2221; x_wconf 78' lang='lat' dir='ltr'><strong>expur-</strong></span> 
     </span>
    </p>
   </div>
   <div class='ocr_carea' id='block_1_96' title="bbox 981 2237 1768 2276">
    <p class='ocr_par' dir='ltr' id='par_1_96' title="bbox 981 2237 1768 2276">
     <span class='ocr_line' id='line_1_96' title="bbox 981 2237 1768 2276; baseline -0.013 -8"><span class='ocrx_word' id='word_1_708' title='bbox 981 2248 1050 2276; x_wconf 79' lang='lat' dir='ltr'><strong>gans</strong></span> <span class='ocrx_word' id='word_1_709' title='bbox 1077 2245 1105 2268; x_wconf 89' lang='lat' dir='ltr'><strong>et</strong></span> <span class='ocrx_word' id='word_1_710' title='bbox 1131 2239 1212 2275; x_wconf 84' lang='lat' dir='ltr'><strong>quasi</strong></span> <span class='ocrx_word' id='word_1_711' title='bbox 1245 2246 1342 2266; x_wconf 87' lang='lat' dir='ltr'><strong>aurum</strong></span> <span class='ocrx_word' id='word_1_712' title='bbox 1375 2239 1437 2273; x_wconf 83' lang='lat' dir='ltr'><strong>igne</strong></span> <span class='ocrx_word' id='word_1_713' title='bbox 1466 2237 1580 2267; x_wconf 82' lang='lat' dir='ltr'><strong>celans,</strong></span> <span class='ocrx_word' id='word_1_714' title='bbox 1607 2237 1768 2267; x_wconf 85' lang='lat' dir='ltr'><strong>mentesque</strong></span> 
     </span>
    </p>
   </div>
   <div class='ocr_carea' id='block_1_97' title="bbox 946 2275 1765 2318">
    <p class='ocr_par' dir='ltr' id='par_1_97' title="bbox 946 2275 1765 2318">
     <span class='ocr_line' id='line_1_97' title="bbox 946 2275 1765 2318; baseline -0.013 -5"><span class='ocrx_word' id='word_1_715' title='bbox 946 2275 967 2301; x_wconf 69' lang='grc' dir='ltr'><strong>Β</strong></span> <span class='ocrx_word' id='word_1_716' title='bbox 982 2275 1106 2313; x_wconf 85' lang='lat' dir='ltr'><strong>omnium</strong></span> <span class='ocrx_word' id='word_1_717' title='bbox 1121 2282 1285 2312; x_wconf 80' lang='lat' dir='ltr'><strong>eiiitlndans.</strong></span> <span class='ocrx_word' id='word_1_718' title='bbox 1304 2283 1390 2311; x_wconf 88' lang='lat' dir='ltr'><strong>Omne</strong></span> <span class='ocrx_word' id='word_1_719' title='bbox 1419 2283 1503 2318; x_wconf 77' lang='lat' dir='ltr'><strong>igitur</strong></span> <span class='ocrx_word' id='word_1_720' title='bbox 1528 2279 1663 2316; x_wconf 86' lang='lat' dir='ltr'><strong>judicium</strong></span> <span class='ocrx_word' id='word_1_721' title='bbox 1685 2277 1765 2303; x_wconf 87' lang='lat' dir='ltr'><strong>Pater</strong></span> 
     </span>
    </p>
   </div>
   <div class='ocr_carea' id='block_1_98' title="bbox 981 2325 1766 2365">
    <p class='ocr_par' dir='ltr' id='par_1_98' title="bbox 981 2325 1766 2365">
     <span class='ocr_line' id='line_1_98' title="bbox 981 2325 1766 2365; baseline -0.014 -6"><span class='ocrx_word' id='word_1_722' title='bbox 981 2332 1056 2359; x_wconf 86' lang='lat' dir='ltr'><strong>dedit</strong></span> <span class='ocrx_word' id='word_1_723' title='bbox 1088 2331 1157 2358; x_wconf 84' lang='lat' dir='ltr'><strong>Filio</strong></span> <span class='ocrx_word' id='word_1_724' title='bbox 1186 2338 1236 2358; x_wconf 90' lang='lat' dir='ltr'><strong>suo</strong></span> <span class='ocrx_word' id='word_1_725' title='bbox 1252 2331 1329 2365; x_wconf 81' lang='lat' dir='ltr'><strong>juxta</strong></span> <span class='ocrx_word' id='word_1_726' title='bbox 1354 2330 1428 2357; x_wconf 89' lang='lat' dir='ltr'><strong>hunc</strong></span> <span class='ocrx_word' id='word_1_727' title='bbox 1458 2330 1485 2356; x_wconf 93' lang='lat' dir='ltr'><strong>in</strong></span> <span class='ocrx_word' id='word_1_728' title='bbox 1514 2326 1632 2354; x_wconf 86' lang='lat' dir='ltr'><strong>Psalmis</strong></span> <span class='ocrx_word' id='word_1_729' title='bbox 1656 2325 1766 2351; x_wconf 76' lang='lat' dir='ltr'><strong>locum:</strong></span> 
     </span>
    </p>
   </div>
   <div class='ocr_carea' id='block_1_99' title="bbox 984 2372 1762 2411">
    <p class='ocr_par' dir='ltr' id='par_1_99' title="bbox 984 2372 1762 2411">
     <span class='ocr_line' id='line_1_99' title="bbox 984 2372 1762 2411; baseline -0.01 -9"><span class='ocrx_word' id='word_1_730' title='bbox 984 2387 993 2402; x_wconf 73' lang='grc' dir='ltr'><strong>ι</strong></span> <span class='ocrx_word' id='word_1_731' title='bbox 1013 2377 1095 2407; x_wconf 82' lang='lat' dir='ltr'><strong>Deus.</strong></span> <span class='ocrx_word' id='word_1_732' title='bbox 1109 2376 1242 2410; x_wconf 91' lang='lat' dir='ltr'><strong>judicium</strong></span> <span class='ocrx_word' id='word_1_733' title='bbox 1257 2381 1333 2403; x_wconf 89' lang='lat' dir='ltr'><strong>tuum</strong></span> <span class='ocrx_word' id='word_1_734' title='bbox 1353 2376 1408 2411; x_wconf 79' lang='lat' dir='ltr'><strong>regi</strong></span> <span class='ocrx_word' id='word_1_735' title='bbox 1432 2375 1476 2406; x_wconf 79' lang='lat' dir='ltr'><strong>da,</strong></span> <span class='ocrx_word' id='word_1_736' title='bbox 1489 2377 1516 2401; x_wconf 87' lang='lat' dir='ltr'><strong>et</strong></span> <span class='ocrx_word' id='word_1_737' title='bbox 1529 2372 1665 2408; x_wconf 86' lang='lat' dir='ltr'><strong>justitiam</strong></span> <span class='ocrx_word' id='word_1_738' title='bbox 1688 2373 1762 2398; x_wconf 87' lang='lat' dir='ltr'><strong>tuam</strong></span> 
     </span>
    </p>
   </div>
   <div class='ocr_carea' id='block_1_100' title="bbox 984 2416 1768 2458">
    <p class='ocr_par' dir='ltr' id='par_1_100' title="bbox 984 2416 1768 2458">
     <span class='ocr_line' id='line_1_100' title="bbox 984 2416 1768 2458; baseline -0.008 -9"><span class='ocrx_word' id='word_1_739' title='bbox 984 2422 1040 2449; x_wconf 81' lang='lat' dir='ltr'><strong>lilio</strong></span> <span class='ocrx_word' id='word_1_740' title='bbox 1055 2422 1128 2458; x_wconf 74' lang='lat' dir='ltr'><strong>regis</strong></span> <span class='ocrx_word' id='word_1_741' title='bbox 1147 2422 1291 2457; x_wconf 84' lang='lat' dir='ltr'><strong>:judicare</strong></span> <span class='ocrx_word' id='word_1_742' title='bbox 1315 2422 1445 2457; x_wconf 87' lang='lat' dir='ltr'><strong>populum</strong></span> <span class='ocrx_word' id='word_1_743' title='bbox 1470 2425 1546 2448; x_wconf 89' lang='lat' dir='ltr'><strong>tuum</strong></span> <span class='ocrx_word' id='word_1_744' title='bbox 1563 2419 1590 2445; x_wconf 93' lang='lat' dir='ltr'><strong>in</strong></span> <span class='ocrx_word' id='word_1_745' title='bbox 1605 2416 1721 2452; x_wconf 86' lang='lat' dir='ltr'><strong>justitia,</strong></span> <span class='ocrx_word' id='word_1_746' title='bbox 1741 2419 1768 2441; x_wconf 85' lang='lat' dir='ltr'><strong>ct</strong></span> 
     </span>
    </p>
   </div>
   <div class='ocr_carea' id='block_1_101' title="bbox 982 2461 1767 2504">
    <p class='ocr_par' dir='ltr' id='par_1_101' title="bbox 982 2461 1767 2504">
     <span class='ocr_line' id='line_1_101' title="bbox 982 2461 1767 2504; baseline -0.013 -8"><span class='ocrx_word' id='word_1_747' title='bbox 982 2476 1116 2504; x_wconf 82' lang='lat' dir='ltr'><strong>pauperes</strong></span> <span class='ocrx_word' id='word_1_748' title='bbox 1145 2472 1208 2496; x_wconf 88' lang='lat' dir='ltr'><strong>tuos</strong></span> <span class='ocrx_word' id='word_1_749' title='bbox 1234 2469 1261 2495; x_wconf 93' lang='lat' dir='ltr'><strong>in</strong></span> <span class='ocrx_word' id='word_1_750' title='bbox 1287 2467 1392 2502; x_wconf 85' lang='lat' dir='ltr'><strong>judicio</strong></span> <span class='ocrx_word' id='word_1_751' title='bbox 1415 2467 1438 2482; x_wconf 79' lang='grc'>⁸⁸</span> <span class='ocrx_word' id='word_1_752' title='bbox 1465 2476 1473 2492; x_wconf 72' lang='grc' dir='ltr'><strong>ι</strong></span> <span class='ocrx_word' id='word_1_753' title='bbox 1493 2465 1558 2492; x_wconf 85' lang='lat' dir='ltr'><strong>inde</strong></span> <span class='ocrx_word' id='word_1_754' title='bbox 1582 2463 1637 2490; x_wconf 76' lang='lat' dir='ltr'><strong>Rex</strong></span> <span class='ocrx_word' id='word_1_755' title='bbox 1658 2461 1767 2499; x_wconf 86' lang='lat' dir='ltr'><strong>quidem</strong></span> 
     </span>
    </p>
   </div>
   <div class='ocr_carea' id='block_1_102' title="bbox 982 2511 1767 2550">
    <p class='ocr_par' dir='ltr' id='par_1_102' title="bbox 982 2511 1767 2550">
     <span class='ocr_line' id='line_1_102' title="bbox 982 2511 1767 2550; baseline -0.008 -9"><span class='ocrx_word' id='word_1_756' title='bbox 982 2514 1111 2541; x_wconf 83' lang='lat' dir='ltr'><strong>divinitas</strong></span> <span class='ocrx_word' id='word_1_757' title='bbox 1131 2517 1158 2541; x_wconf 92' lang='lat' dir='ltr'><strong>et</strong></span> <span class='ocrx_word' id='word_1_758' title='bbox 1183 2514 1241 2550; x_wconf 90' lang='lat' dir='ltr'><strong>ipse</strong></span> <span class='ocrx_word' id='word_1_759' title='bbox 1266 2513 1337 2541; x_wconf 85' lang='lat' dir='ltr'><strong>Deus</strong></span> <span class='ocrx_word' id='word_1_760' title='bbox 1357 2513 1476 2540; x_wconf 81' lang='lat' dir='ltr'><strong>Verbum</strong></span> <span class='ocrx_word' id='word_1_761' title='bbox 1494 2511 1646 2546; x_wconf 85' lang='lat' dir='ltr'><strong>appellatur</strong></span> <span class='ocrx_word' id='word_1_762' title='bbox 1663 2517 1669 2535; x_wconf 85' lang='lat'><strong>:</strong></span> <span class='ocrx_word' id='word_1_763' title='bbox 1687 2513 1767 2542; x_wconf 84' lang='lat' dir='ltr'><strong>quem</strong></span> 
     </span>
    </p>
   </div>
   <div class='ocr_carea' id='block_1_103' title="bbox 983 2558 1587 2594">
    <p class='ocr_par' dir='ltr' id='par_1_103' title="bbox 983 2558 1587 2594">
     <span class='ocr_line' id='line_1_103' title="bbox 983 2558 1587 2594; baseline -0.003 -8"><span class='ocrx_word' id='word_1_764' title='bbox 983 2565 1073 2587; x_wconf 86' lang='lat' dir='ltr'><strong>autent</strong></span> <span class='ocrx_word' id='word_1_765' title='bbox 1090 2560 1212 2594; x_wconf 85' lang='lat' dir='ltr'><strong>suscepit</strong></span> <span class='ocrx_word' id='word_1_766' title='bbox 1227 2559 1377 2592; x_wconf 76' lang='lat' dir='ltr'><strong>hominem,</strong></span> <span class='ocrx_word' id='word_1_767' title='bbox 1391 2569 1399 2584; x_wconf 78' lang='grc' dir='ltr'><strong>ι</strong></span> <span class='ocrx_word' id='word_1_768' title='bbox 1418 2559 1488 2586; x_wconf 80' lang='lat' dir='ltr'><strong>[ilius</strong></span> <span class='ocrx_word' id='word_1_769' title='bbox 1505 2558 1587 2592; x_wconf 83' lang='lat' dir='ltr'><strong>regis.</strong></span> 
     </span>
    </p>
   </div>
   <div class='ocr_carea' id='block_1_104' title="bbox 137 2598 1766 2643">
    <p class='ocr_par' dir='ltr' id='par_1_104' title="bbox 137 2598 1766 2643">
     <span class='ocr_line' id='line_1_104' title="bbox 137 2598 1766 2643; baseline -0.002 -11"><span class='ocrx_word' id='word_1_770' title='bbox 137 2607 188 2632; x_wconf 73' lang='grc' dir='ltr'><strong>καὶ</strong></span> <span class='ocrx_word' id='word_1_771' title='bbox 200 2607 263 2638; x_wconf 76' lang='grc' dir='ltr'>τοὺς</span> <span class='ocrx_word' id='word_1_772' title='bbox 277 2607 401 2642; x_wconf 83' lang='grc' dir='ltr'>πτωχούς</span> <span class='ocrx_word' id='word_1_773' title='bbox 414 2616 460 2634; x_wconf 86' lang='grc' dir='ltr'><strong>σου</strong></span> <span class='ocrx_word' id='word_1_774' title='bbox 473 2613 502 2633; x_wconf 81' lang='grc' dir='ltr'><strong>εν</strong></span> <span class='ocrx_word' id='word_1_775' title='bbox 517 2607 606 2643; x_wconf 85' lang='grc' dir='ltr'>κρίσει</span> <span class='ocrx_word' id='word_1_776' title='bbox 619 2616 624 2621; x_wconf 84' lang='grc'>·</span> <span class='ocrx_word' id='word_1_777' title='bbox 644 2617 652 2632; x_wconf 76' lang='grc' dir='ltr'><strong>ι</strong></span> <span class='ocrx_word' id='word_1_778' title='bbox 667 2606 732 2633; x_wconf 74' lang='grc' dir='ltr'>ἔνθα</span> <span class='ocrx_word' id='word_1_779' title='bbox 740 2606 892 2639; x_wconf 74' lang='grc' dir='ltr'>,ϐασιλεὺς</span> <span class='ocrx_word' id='word_1_780' title='bbox 904 2608 951 2642; x_wconf 79' lang='grc' dir='ltr'><strong>μὲν</strong></span> <span class='ocrx_word' id='word_1_781' title='bbox 970 2609 986 2643; x_wconf 85' lang='grc' dir='ltr'>ἡ</span> <span class='ocrx_word' id='word_1_782' title='bbox 1003 2600 1098 2642; x_wconf 66' lang='grc' dir='ltr'>ὒεότης</span> <span class='ocrx_word' id='word_1_783' title='bbox 1118 2607 1164 2634; x_wconf 75' lang='grc' dir='ltr'><strong>καὶ</strong></span> <span class='ocrx_word' id='word_1_784' title='bbox 1177 2606 1258 2638; x_wconf 73' lang='grc' dir='ltr'>αὐτὸς</span> <span class='ocrx_word' id='word_1_785' title='bbox 1270 2607 1284 2633; x_wconf 86' lang='grc' dir='ltr'>ὁ</span> <span class='ocrx_word' id='word_1_786' title='bbox 1300 2606 1365 2638; x_wconf 63' lang='grc' dir='ltr'>Θεὸς</span> <span class='ocrx_word' id='word_1_787' title='bbox 1385 2607 1470 2640; x_wconf 83' lang='grc' dir='ltr'>Λόγος</span> <span class='ocrx_word' id='word_1_788' title='bbox 1485 2605 1679 2640; x_wconf 78' lang='grc' dir='ltr'>ἀνηγόρευται·</span> <span class='ocrx_word' id='word_1_789' title='bbox 1697 2600 1726 2626; x_wconf 78' lang='grc' dir='ltr'>ὃν</span> <span class='ocrx_word' id='word_1_790' title='bbox 1740 2598 1766 2625; x_wconf 62' lang='grc' dir='ltr'>δὲ</span> 
     </span>
    </p>
   </div>
   <div class='ocr_carea' id='block_1_105' title="bbox 137 2653 810 2690">
    <p class='ocr_par' dir='ltr' id='par_1_105' title="bbox 137 2653 810 2690">
     <span class='ocr_line' id='line_1_105' title="bbox 137 2653 810 2690; baseline -0.003 -9"><span class='ocrx_word' id='word_1_791' title='bbox 137 2653 283 2689; x_wconf 73' lang='grc' dir='ltr'>ἀνείληφεν</span> <span class='ocrx_word' id='word_1_792' title='bbox 300 2654 452 2690; x_wconf 78' lang='grc' dir='ltr'>ἄνθρωπον,</span> <span class='ocrx_word' id='word_1_793' title='bbox 470 2664 479 2680; x_wconf 85' lang='grc'><strong><em>‹</em></strong></span> <span class='ocrx_word' id='word_1_794' title='bbox 500 2654 556 2685; x_wconf 81' lang='grc' dir='ltr'>υἱὸς</span> <span class='ocrx_word' id='word_1_795' title='bbox 575 2653 622 2679; x_wconf 85' lang='grc' dir='ltr'>τοῦ</span> <span class='ocrx_word' id='word_1_796' title='bbox 639 2653 779 2688; x_wconf 83' lang='grc' dir='ltr'>βασιλέως.</span> <span class='ocrx_word' id='word_1_797' title='bbox 802 2662 810 2678; x_wconf 73' lang='grc' dir='ltr'><strong>ι</strong></span> 
     </span>
    </p>
   </div>
   <div class='ocr_carea' id='block_1_106' title="bbox 397 2711 671 2740">
    <p class='ocr_par' dir='ltr' id='par_1_106' title="bbox 397 2711 671 2740">
     <span class='ocr_line' id='line_1_106' title="bbox 397 2711 671 2740; baseline -0.007 -2"><span class='ocrx_word' id='word_1_798' title='bbox 397 2711 594 2740; x_wconf 80' lang='grc' dir='ltr'><strong>ΚΕΦΛΛΛΙΟΝ</strong></span> <span class='ocrx_word' id='word_1_799' title='bbox 610 2711 671 2737; x_wconf 87' lang='lat' dir='ltr'><strong>AB&#39;.</strong></span> 
     </span>
    </p>
   </div>
   <div class='ocr_carea' id='block_1_107' title="bbox 378 2756 689 2791">
    <p class='ocr_par' dir='ltr' id='par_1_107' title="bbox 378 2756 689 2791">
     <span class='ocr_line' id='line_1_107' title="bbox 378 2756 689 2791; baseline -0.01 -6"><span class='ocrx_word' id='word_1_800' title='bbox 378 2758 434 2786; x_wconf 84' lang='grc' dir='ltr'><strong>Τοῦ</strong></span> <span class='ocrx_word' id='word_1_801' title='bbox 449 2757 542 2785; x_wconf 83' lang='grc' dir='ltr'>αὑτοῦ</span> <span class='ocrx_word' id='word_1_802' title='bbox 560 2756 689 2791; x_wconf 76' lang='grc' dir='ltr'>ἀγγέλου</span> 
     </span>
    </p>
   </div>
   <div class='ocr_carea' id='block_1_108' title="bbox 180 2802 930 2840">
    <p class='ocr_par' dir='ltr' id='par_1_108' title="bbox 180 2802 930 2840">
     <span class='ocr_line' id='line_1_108' title="bbox 180 2802 930 2840; baseline -0.004 -8"><span class='ocrx_word' id='word_1_803' title='bbox 180 2817 190 2832; x_wconf 70' lang='grc' dir='ltr'><strong>ε</strong></span> <span class='ocrx_word' id='word_1_804' title='bbox 205 2808 259 2833; x_wconf 68' lang='grc' dir='ltr'>Καὶ</span> <span class='ocrx_word' id='word_1_805' title='bbox 273 2806 396 2833; x_wconf 82' lang='grc' dir='ltr'>ἀνατελΞί</span> <span class='ocrx_word' id='word_1_806' title='bbox 405 2806 461 2837; x_wconf 81' lang='grc' dir='ltr'>τοῖς</span> <span class='ocrx_word' id='word_1_807' title='bbox 472 2804 647 2840; x_wconf 78' lang='grc' dir='ltr'>φοϐουμένοις</span> <span class='ocrx_word' id='word_1_808' title='bbox 661 2803 691 2830; x_wconf 84' lang='grc' dir='ltr'><strong>τὸ</strong></span> <span class='ocrx_word' id='word_1_809' title='bbox 699 2803 783 2838; x_wconf 65' lang='grc' dir='ltr'>ὄνομά</span> <span class='ocrx_word' id='word_1_810' title='bbox 796 2811 844 2836; x_wconf 83' lang='grc' dir='ltr'><strong>μου</strong></span> <span class='ocrx_word' id='word_1_811' title='bbox 855 2802 930 2834; x_wconf 58' lang='lat' dir='ltr'><strong>ﬁte;</strong></span> 
     </span>
    </p>
   </div>
   <div class='ocr_carea' id='block_1_109' title="bbox 195 2880 950 2916">
    <p class='ocr_par' dir='ltr' id='par_1_109' title="bbox 195 2880 950 2916">
     <span class='ocr_line' id='line_1_109' title="bbox 195 2880 950 2916; baseline -0.004 -7"><span class='ocrx_word' id='word_1_812' title='bbox 195 2885 218 2900; x_wconf 89' lang='lat'><strong>&quot;</strong></span> <span class='ocrx_word' id='word_1_813' title='bbox 235 2884 283 2912; x_wconf 71' lang='lat' dir='ltr'><strong>lsa.</strong></span> <span class='ocrx_word' id='word_1_814' title='bbox 304 2892 339 2916; x_wconf 79' lang='lat' dir='ltr'><strong>lx,</strong></span> <span class='ocrx_word' id='word_1_815' title='bbox 356 2883 383 2911; x_wconf 78' lang='grc' dir='ltr'><strong>ϐ.</strong></span> <span class='ocrx_word' id='word_1_816' title='bbox 423 2883 444 2899; x_wconf 81' lang='grc'><strong>⁸⁷</strong></span> <span class='ocrx_word' id='word_1_817' title='bbox 466 2882 578 2909; x_wconf 71' lang='lat' dir='ltr'><strong>)lalacli.</strong></span> <span class='ocrx_word' id='word_1_818' title='bbox 598 2890 638 2914; x_wconf 82' lang='lat' dir='ltr'><strong>Ill,</strong></span> <span class='ocrx_word' id='word_1_819' title='bbox 659 2881 712 2908; x_wconf 76' lang='grc'><strong>1-5.</strong></span> <span class='ocrx_word' id='word_1_820' title='bbox 752 2881 772 2896; x_wconf 66' lang='grc'><strong>³⁸</strong></span> <span class='ocrx_word' id='word_1_821' title='bbox 790 2880 861 2909; x_wconf 73' lang='lat' dir='ltr'><strong>Psal.</strong></span> <span class='ocrx_word' id='word_1_822' title='bbox 879 2889 950 2914; x_wconf 76' lang='lat' dir='ltr'><strong>uxr,</strong></span> 
     </span>
    </p>
   </div>
   <div class='ocr_carea' id='block_1_110' title="bbox 1268 2704 1507 2736">
    <p class='ocr_par' dir='ltr' id='par_1_110' title="bbox 1268 2704 1507 2736">
     <span class='ocr_line' id='line_1_110' title="bbox 1268 2704 1507 2736; baseline -0.021 0"><span class='ocrx_word' id='word_1_823' title='bbox 1268 2708 1382 2736; x_wconf 77' lang='lat' dir='ltr'><strong>CAPUT</strong></span> <span class='ocrx_word' id='word_1_824' title='bbox 1403 2704 1507 2734; x_wconf 74' lang='lat' dir='ltr'><strong>XXXII.</strong></span> 
     </span>
    </p>
   </div>
   <div class='ocr_carea' id='block_1_111' title="bbox 1212 2751 1521 2782">
    <p class='ocr_par' dir='ltr' id='par_1_111' title="bbox 1212 2751 1521 2782">
     <span class='ocr_line' id='line_1_111' title="bbox 1212 2751 1521 2782; baseline -0.019 1"><span class='ocrx_word' id='word_1_825' title='bbox 1212 2755 1254 2782; x_wconf 78' lang='lat' dir='ltr'><strong>Ea:</strong></span> <span class='ocrx_word' id='word_1_826' title='bbox 1268 2755 1359 2782; x_wconf 85' lang='lat' dir='ltr'><strong>eodem</strong></span> <span class='ocrx_word' id='word_1_827' title='bbox 1376 2751 1521 2780; x_wconf 69' lang='lat' dir='ltr'><strong>“alltc/tia.</strong></span> 
     </span>
    </p>
   </div>
   <div class='ocr_carea' id='block_1_112' title="bbox 1023 2798 1769 2831">
    <p class='ocr_par' dir='ltr' id='par_1_112' title="bbox 1023 2798 1769 2831">
     <span class='ocr_line' id='line_1_112' title="bbox 1023 2798 1769 2831; baseline -0.009 -2"><span class='ocrx_word' id='word_1_828' title='bbox 1023 2814 1031 2829; x_wconf 73' lang='grc' dir='ltr'><strong>ι</strong></span> <span class='ocrx_word' id='word_1_829' title='bbox 1056 2803 1087 2830; x_wconf 73' lang='lat' dir='ltr'><strong>lit</strong></span> <span class='ocrx_word' id='word_1_830' title='bbox 1099 2803 1202 2831; x_wconf 87' lang='lat' dir='ltr'><strong>orietur</strong></span> <span class='ocrx_word' id='word_1_831' title='bbox 1220 2801 1297 2830; x_wconf 88' lang='lat' dir='ltr'><strong>vobis</strong></span> <span class='ocrx_word' id='word_1_832' title='bbox 1316 2798 1474 2827; x_wconf 86' lang='lat' dir='ltr'><strong>timentibus</strong></span> <span class='ocrx_word' id='word_1_833' title='bbox 1498 2803 1597 2824; x_wconf 87' lang='lat' dir='ltr'><strong>nomen</strong></span> <span class='ocrx_word' id='word_1_834' title='bbox 1621 2801 1712 2823; x_wconf 84' lang='lat' dir='ltr'><strong>meum</strong></span> <span class='ocrx_word' id='word_1_835' title='bbox 1726 2798 1769 2823; x_wconf 78' lang='lat' dir='ltr'><strong>so!</strong></span> 
     </span>
    </p>
   </div>
   <div class='ocr_carea' id='block_1_113' title="bbox 971 2881 987 2897">
    <p class='ocr_par' dir='ltr' id='par_1_113' title="bbox 971 2881 987 2897">
     <span class='ocr_line' id='line_1_113' title="bbox 971 2881 987 2897; baseline 0 0"><span class='ocrx_word' id='word_1_836' title='bbox 971 2881 987 2897; x_wconf 61' lang='grc' dir='ltr'><strong>ι)</strong></span> 
     </span>
    </p>
   </div>
  </div>
