2035 3214
301 156 369 184 “59

651 155 784 182 EUSEBII
799 152 1039 182 CESARIENSIS
1058 152 1134 180 OPP.
1152 151 1242 179 PARS
1262 150 1306 178 Ill.
1327 166 1361 171 —
1375 150 1583 179 EXEGETICA.

1852 152 1914 178 “60

298 214 421 250 justitia,
435 217 462 241 et
475 214 577 241 sanitas
592 213 619 239 in
634 213 731 247 pennis
747 221 808 248 ejus
818 213 851 240 ".
873 223 882 239 ν
899 212 945 240 Sol
968 213 1069 247 justitia

1132 210 1315 247 δικαιοσύνης,
1341 210 1387 236 καὶ
1411 209 1483 241 ἴασις
1508 210 1537 235 ἐν
1562 210 1621 240 ταῖς
1643 207 1769 244 πτέρυξιν
1792 208 1884 235 αὑτοῦ.
1904 219 1912 234 ι

301 269 310 286 ι
330 260 376 287 lux
394 264 436 288 est
461 267 525 286 vera
555 265 616 292 quae
646 258 782 285 illuminat
808 265 915 285 omnem
941 258 1078 285 hominem

297 305 450 334 venientem
469 305 497 331 in
519 304 591 330 hunc
613 303 746 330 mundum
757 304 797 337 '°;
817 313 827 329 ι
845 305 891 338 qui
916 304 983 332 solis
1013 305 1078 331 oriri

297 349 399 377 dicitur
407 349 566 376 timentibus
580 357 679 375 nomen
697 348 787 376 Patris
802 350 878 385 ejus;
904 350 984 384 cujus
1003 357 1080 377 occa-

296 401 357 421 sum
376 394 428 425 his,
446 394 493 428 qui
511 402 566 420 non
579 394 646 421 tales
662 397 753 425 erunt,
768 394 887 421 minatur
901 395 944 422 his
965 394 1056 422 verbis
1071 403 1077 420 :

298 448 309 465 ι
324 440 472 467 Uccumbet
483 440 524 466 sol
537 447 619 475 super
633 440 780 475 prophetas
800 440 930 475 populum
949 448 1038 468 nteum
1051 441 1078 467 in

294 493 418 514 errorem
433 485 594 513 inducentes
605 486 639 512 9‘.
656 495 666 512 ›

329 573 392 601 Hae
406 574 515 608 quidem
530 581 545 601 e
559 574 703 602 duodecim
727 575 867 610 prophetis
881 582 888 600 :
903 582 965 602 cum
987 579 1076 602 autem

293 619 371 647 lsaize
395 620 564 652 testimonia,
589 628 706 655 quorum
736 629 851 655 magnus
863 626 906 648 est
935 629 1076 654 numerus,

295 666 426 703 peculiari
436 666 505 694 libro
517 670 635 693 tractare
647 667 724 694 nobis
737 668 908 702 propositum
927 671 979 700 est,
997 667 1077 694 nobis

293 713 475 740 liceatordine
489 713 599 740 inverso
614 716 773 740 cmterorum
786 721 947 749 magnorum
959 714 1078 749 propheo

295 764 382 786 tarum
401 757 562 785 documenta
582 758 723 793 indagare.

553 813 668 841 CAPUT
693 813 810 842 XXXIII.

599 868 623 896 E
637 868 765 896 Jeremia.

329 935 339 952 ι
354 925 395 953 Tu
408 929 496 953 autem
509 945 517 957 ,
535 924 660 957 Domine,
677 925 870 953 demonstrasti
885 926 961 957 mihi,
981 930 1009 954 et
1028 934 1070 954 co‘
1094 913 1113 940 Β

290 972 370 1007 gnovi
387 981 394 998 :
415 976 481 998 tunc
501 971 644 998 ostendisti
659 971 726 998 mihi
739 971 830 998 studia
848 979 954 999 eorum.
971 971 1004 998 Et
1026 980 1076 1008 ego

289 1017 369 1053 quasi
383 1025 469 1053 agnus
485 1020 656 1049 mansuetus,
668 1017 714 1052 qui
732 1022 857 1052 portatur
871 1018 904 1044 ad
916 1018 1053 1045 victimam
1066 1027 1073 1045 :

288 1066 317 1091 et
333 1071 388 1090 tton
401 1063 516 1096 cognovi
529 1063 594 1097 quia
604 1063 792 1097 cogitaverunt
808 1070 891 1098 super
914 1071 956 1090 me
979 1065 1072 1091 consi-

288 1108 326 1136 lia
339 1108 460 1136 dicentes
477 1117 484 1135 :
499 1107 637 1135 Mittamus
663 1108 766 1144 lignum
790 1109 817 1135 in
842 1116 939 1144 panem
965 1110 1025 1144 ejus
1047 1115 1074 1137 et

288 1155 435 1183 erodamus
449 1163 511 1182 eum
526 1154 559 1182 de
574 1158 647 1182 terra
662 1155 822 1186 viventium,
843 1159 870 1182 et
894 1163 994 1183 nomen
1015 1156 1074 1190 ejus

287 1207 343 1228 non
361 1206 526 1228 memoretur
540 1201 656 1235 amplius
666 1194 709 1227 ”.’
723 1210 732 1226 ι
752 1200 884 1229 Dominus
895 1200 1074 1236 Salvatorque

286 1251 381 1274 noster
404 1245 485 1274 Jesus
515 1246 653 1278 Christus,
675 1246 753 1281 juxta
779 1246 856 1274 Isaiae
881 1247 1071 1282 prophetiam,

290 1301 300 1318 ι
320 1291 397 1319 Sicut
418 1292 478 1319 ovis
504 1291 538 1318 ad
561 1292 729 1320 occisionem
752 1292 852 1320 ductus
872 1297 925 1324 est,
946 1297 973 1320 et
993 1294 1071 1328 quasi

286 1345 373 1373 agnus
395 1345 487 1364 coram
512 1337 642 1365 tondente
666 1345 695 1365 se
717 1338 902 1372 obmutuit";
922 1348 931 1364 ι
950 1343 977 1366 et
994 1339 1072 1373 juxta

286 1383 360 1410 illam
378 1390 438 1418 quae
458 1383 536 1410 nobis
552 1383 580 1410 in
598 1390 679 1410 manu
695 1388 746 1415 est,
765 1393 774 1409 ι
789 1385 869 1419 quasi
892 1392 979 1420 agnus
995 1393 1072 1412 man-

286 1432 382 1456 suetus
396 1429 442 1463 qui
455 1432 581 1464 portatur
597 1428 631 1455 ad
649 1429 788 1456 victimam
802 1431 925 1458 nescius.
942 1441 951 1457 ι
975 1430 1072 1459 Passio

284 1477 313 1501 et
327 1481 392 1502 crux
401 1475 461 1509 ejus
473 1474 588 1501 indicari
604 1478 717 1509 possunt
728 1475 770 1503 his
782 1476 873 1503 verbis
886 1486 892 1503 :
905 1485 915 1501 ‹
932 1476 1072 1505 Mittamus

285 1520 389 1555 lignum
412 1521 439 1548 in
461 1528 557 1556 panem
573 1522 633 1556 ejus
647 1525 675 1548 et
688 1521 834 1550 erodamus
858 1530 921 1549 eum
941 1523 975 1550 de
999 1527 1070 1550 terra

285 1566 455 1600 viventium;
473 1570 500 1594 et
526 1575 624 1595 nomen
647 1567 707 1602 ejus
735 1575 790 1595 non
814 1572 982 1596 memoretur
1010 1577 1070 1596 am-

284 1614 367 1649 plius.
388 1624 397 1641 ι
413 1613 479 1646 Quae
493 1615 602 1649 quidem
617 1622 651 1642 ex
668 1622 786 1649 persona
810 1615 883 1643 dicta
907 1621 972 1643 sunt
997 1617 1067 1644 insi--

284 1660 416 1688 diantium
432 1661 468 1688 ei.
486 1661 593 1688 Etenim
607 1661 630 1689 si
646 1669 746 1697 corpus
757 1662 816 1696 ejus
836 1663 916 1697 panis
936 1662 997 1694 fuit,
1013 1663 1071 1690 sic-

284 1711 314 1734 ut
342 1707 402 1742 ipse
425 1707 574 1742 discipulos
587 1715 653 1735 suos
677 1708 768 1740 docet,
784 1707 900 1736 dicens:
921 1718 930 1734 ι
949 1709 1070 1744 Accipite

283 1756 311 1779 et
325 1753 468 1785 comedite,
488 1753 539 1780 hoc
553 1758 595 1781 est
611 1761 712 1789 corpus
725 1762 815 1782 meum
827 1755 860 1787 ’⁵,
882 1765 891 1781 ›
914 1755 987 1790 ligno
1005 1763 1070 1783 vere

282 1798 447 1833 applicatum
462 1803 504 1826 est
518 1807 565 1834 per
584 1807 705 1831 crucem,
718 1800 790 1827 unde
805 1807 859 1827 non
874 1800 1011 1828 immerito
1027 1801 1070 1827 di-

282 1843 364 1876 citur,
381 1853 390 1869 ι
407 1843 546 1871 Mittamus
559 1845 661 1879 lignum
678 1845 705 1872 in
723 1846 821 1880 panem
833 1846 902 1880 ejus.
927 1855 936 1871 ι
961 1847 1026 1879 Quae
1041 1847 1068 1874 in

282 1888 355 1916 hunc
369 1889 458 1916 locum
475 1889 594 1917 diximus
610 1891 678 1918 nulli
695 1895 759 1918 sunt
785 1891 980 1926 itnpedimento
1000 1893 1067 1928 quin

280 1935 440 1969 accuratius,
451 1936 662 1971 contempletur.

543 1992 657 2020 CAPUT
671 1993 790 2021 XXXIV.

596 2047 637 2074 Ea:
648 2048 748 2075 eodem.

318 2113 328 2130 ι
346 2103 452 2140 Reliqui
479 2104 591 2133 domum
618 2113 727 2138 meam.
754 2105 846 2134 dimisi
879 2107 1064 2135 hereditatem

277 2157 367 2178 meam
387 2159 394 2177 :
411 2150 472 2177 dedi
484 2151 611 2178 dilectam
627 2152 745 2179 animam
761 2160 848 2180 meam
871 2153 898 2180 in
917 2161 998 2180 manu
1012 2154 1064 2181 ini-

278 2195 410 2223 micorum
424 2195 494 2230 ejus.
515 2196 597 2224 Facta
612 2202 653 2225 est
665 2198 731 2225 mihi
745 2194 889 2226 hat-editas
908 2207 967 2226 mea
983 2200 1064 2235 quasi

1131 257 1224 288 ’Ἥλιος
1237 255 1409 291 δικαιοσύνης
1419 255 1449 281 τὸ
1464 265 1473 281 ι
1490 255 1547 289 φῶς
1555 254 1632 281 ’ἐστιν
1643 255 1673 281 τὺ
1685 254 1808 289 ἀληθινὸν
1822 255 1853 281 τὸ
1866 264 1916 290 φω-

1129 302 1202 334 τίζον
1219 304 1307 330 πάντα
1323 303 1466 338 ἄνθρωπον
1485 302 1631 337 ἐρχόμενον
1654 302 1694 333 εἰς
1714 302 1760 328 τὸν
1776 302 1890 336 κόσμον·
1905 312 1914 328 ι

1129 349 1158 380 ὃς
1180 349 1270 383 μόνοις
1300 348 1454 375 ἀνατέλλειν
1479 348 1587 382 εἴρηται
1607 348 1663 378 τοῖς
1677 346 1867 382 ,φοϐουμένοις
1889 348 1917 373 τὸ

1128 395 1211 430 δνομα
1226 395 1272 422 τοῦ
1290 394 1396 429 Πατρὸς
1417 394 1498 421 αὐτοῦ
1509 402 1516 408 ”
1532 395 1587 424 τοῖς
1607 393 1703 428 γάρτοι
1736 393 1773 428 μὴ
1790 392 1916 423 τοιοῦτοις

1128 439 1254 466 δύσεσθαι
1276 439 1393 470 ἀπειλεῖ,
1414 438 1485 465 κατὰ
1500 437 1541 464 τὸ·
1556 437 1586 473 (f.
1603 437 1648 470 55)
1665 447 1675 462 ι
1693 437 1747 463 Καὶ
1773 436 1883 463 δύσεται
1903 438 1916 463 6

1128 485 1205 520 ἥλιος
1221 486 1268 511 ἐπὶ
1289 486 1352 516 τοὺς
1369 485 1509 520 προφήτας
1531 484 1593 514 τοὺς
1618 482 1776 514 πλανῶντας
1790 482 1837 508 τὸν
1858 481 1915 508 λαόν

1130 539 1192 566 μου,
1214 540 1223 556 ι
1236 530 1263 557 ἔν
1279 539 1332 557 τινι
1343 531 1397 557 τῶν
1413 529 1558 565 προφητῶν
1577 528 1732 564 εἰρημένον.

1164 575 1256 602 Ταῦτα
1279 576 1327 611 μὲν
1343 575 1378 602 τὰ
1400 575 1453 602 ἀπὸ
1475 575 1530 601 τῶν
1550 574 1653 601 δώδεκα
1677 572 1842 608 προφητῶνο
1864 571 1916 599 ἀλλ’

1129 621 1190 647 ἐπεὶ
1207 621 1241 647 τὰ
1266 622 1297 647 ἐκ
1312 621 1358 647 τοῦ
1379 621 1490 647 Ἡσαΐου
1505 620 1548 647 διὰ
1566 619 1595 646 τὸ
1611 619 1710 654 πλῆθος
1735 619 1764 644 ἐν
1783 617 1841 653 ἰδίῳ
1857 625 1917 651 συγ-

1128 667 1271 702 γράμματι
1297 666 1453 702 περιλαϐεῖν
1476 667 1541 701 ἡμῖν
1566 666 1719 701 πρόκειται,
1747 664 1814 700 φέρε
1840 672 1917 699 μετα-

1128 711 1224 743 ϐάντες
1241 712 1273 738 τὰ
1290 712 1344 738 ἀπὸ
1359 712 1412 738 τῶν
1433 712 1535 739 λοιπῶν
1552 711 1678 747 μεγάλων
1692 709 1840 747 προφητῶν
1859 710 1916 736 ἐπι·

1129 758 1301 793 σκεψώμεθα.

1381 815 1578 842 ΚΕΦᾹΛᾹῙΟΝ
1591 815 1650 841 AI".

1376 871 1422 898 Ἐκ
1442 870 1495 898 τοῦ
1518 870 1670 905 Ἰερεμίου.

1164 940 1173 956 ‹
1195 930 1292 966 Κύριε,
1309 927 1441 962 γνώρισον
1455 935 1510 961 μοι,
1531 926 1578 952 καὶ
1591 925 1732 961 γνώσομαι
1742 933 1749 940 '
1771 925 1834 952 τότε
1849 923 1915 952 εἶδον

1125 976 1159 1003 τὰ
1169 974 1372 1010 ἐπιτηδεύματα
1385 972 1484 999 αὐτῶν.
1503 971 1572 1005 Ἐγὼ
1583 971 1621 1002 ὡς
1633 971 1724 1006 ἀρνίον
1738 971 1844 997 ἄκακον
1856 971 1915 1004 ἀγό-

1128 1031 1207 1058 μενον
1218 1021 1264 1048 τοῦ
1277 1019 1387 1046 (δύεσθαι
1403 1019 1453 1044 οὐκ
1467 1018 1551 1052 ἔγνων
1561 1026 1568 1032 ⁸
1583 1017 1627 1044 ἐπ’
1643 1017 1694 1052 ἐμὲ
1705 1017 1863 1052 ἐλογίσαντο
1877 1017 1916 1044 λέ-

1125 1075 1229 1102 γοντες·
1250 1065 1334 1092 Δεῦτε
1347 1064 1393 1091 καὶ
1409 1063 1570 1098 ἐμϐάλωμεν
1583 1062 1660 1096 ξύλον
1672 1063 1711 1094 είς
1725 1063 1810 1098 ἄρτον
1823 1062 1915 1094 αὐτοῦ,

1125 1114 1172 1140 καὶ
1189 1111 1360 1148 ἐκτρίψωμεν
1378 1110 1459 1138 αὑτὸν
1472 1110 1524 1136 ἀπὸ
1535 1110 1587 1144 γῆς
1598 1109 1716 1141 ζώντων,
1730 1111 1778 1136 καὶ
1790 1110 1822 1136 τὸ
1834 1110 1916 1145 δνομα

1124 1158 1205 1185 αὑτοῦ
1220 1157 1251 1185 οὗ
1279 1157 1317 1192 μὴ
1340 1154 1445 1191 μνησθῇ
1470 1155 1520 1182 ἔτι.
1551 1165 1560 1181 ι
1580 1155 1608 1182 '0
1625 1154 1719 1191 Σωτὴρ
1741 1155 1789 1181 καὶ
1816 1155 1916 1191 Κύριος

1125 1203 1202 1239 ἡμῶν
1219 1202 1321 1238 Ἰησοῦς
1337 1201 1452 1237 Χριστὸς
1466 1199 1561 1235 (κα)τὰ
1573 1199 1623 1235 τὴν
1637 1200 1665 1225 ἐν
1679 1199 1718 1234 τῷ
1736 1199 1836 1235 Ἡσαΐᾳ
1852 1209 1915 1235 προ-

1124 1249 1247 1285 φητείαν,
1265 1257 1275 1274 ι
1290 1249 1327 1280 ὡς
1345 1247 1489 1284 πρόϐατον
1510 1247 1556 1273 ἐπὶ
1581 1246 1686 1282 σφαγὴν
1709 1246 1792 1282 ἢχθη,
1813 1247 1862 1273 καὶ
1880 1247 1915 1278 ὼς

1124 1296 1208 1331 ἀμνὸς
1224 1295 1343 1322 ἐναντίον
1362 1294 1407 1321 τοῦ
1426 1294 1568 1329 κείραντος
1581 1293 1662 1320 αὑτὸν
1680 1292 1798 1328 ἄφωνος,
1823 1303 1832 1319 ι
1848 1293 1916 1320 κατὰ

1122 1343 1213 1377 δὲτὴν
1238 1341 1306 1377 μετὰ
1329 1342 1431 1377 χεῖρας,
1452 1349 1462 1365 ι
1481 1340 1518 1372 ὠς
1541 1339 1634 1376 ἀρνίον
1657 1338 1759 1366 ἄκακον
1782 1339 1915 1374 ἀγόμενον

1122 1388 1168 1416 τοῦ
1182 1388 1292 1414 θυέσθαι
1311 1388 1361 1414 οὐκ
1377 1386 1462 1421 ἔγνων
1475 1396 1481 1401 ’
1500 1396 1510 1411 ι
1524 1387 1571 1412 καὶ
1591 1385 1620 1412 τὸ
1642 1386 1712 1412 κατά
1727 1386 1781 1412 τὸν·
1799 1386 1915 1420 σταυρὸν

1121 1433 1240 1465 δέπάθος
1253 1433 1335 1460 αὐτοῦ
1350 1433 1460 1459 δύναται
1471 1431 1615 1467 δηλοῦσθαι
1631 1431 1675 1458 διὰ
1686 1431 1746 1457 τοῦ*
1759 1431 1858 1458 (As-32:
1869 1432 1916 1458 καὶ

1122 1478 1284 1514 ἐμϐάλωμεν
1309 1477 1385 1510 ξύλον
1406 1478 1446 1508 είς
1462 1476 1542 1511 ἄρτον
1564 1476 1646 1503 αὐτοῦ
1670 1476 1718 1503 καὶ
1742 1477 1915 1512 ἐκτρέψωμεν

1122 1524 1202 1551 αὐτὸν
1218 1524 1272 1551 ἀπὸ
1286 1524 1338 1558 γῆς
1361 1523 1467 1555 ζώντων
1480 1531 1486 1537 ·
1505 1523 1551 1549 καὶ
1566 1522 1597 1548 τὸ
1620 1522 1705 1557 ὄνομα
1728 1522 1812 1548 αὑτοῦ
1829 1523 1861 1548 οὐ
1879 1523 1914 1558 μὴ

1085 1590 1106 1619 C
1124 1571 1228 1607 μνησθῇ
1251 1571 1301 1598 ἐτιο
1323 1581 1332 1596 ι
1350 1571 1421 1607 ἅπερ
1434 1571 1466 1597 ἐκ
1477 1569 1622 1605 προσώπου
1643 1569 1767 1596 λέλεκται
1780 1569 1836 1619 των
1856 1570 1915 1595 ἐτη-

1122 1616 1323 1643 ϐουλευσάντων
1337 1615 1421 1651 αὐτῷ.
1439 1616 1470 1642 Εἰ
1484 1615 1539 1650 γὰρ
1550 1615 1580 1650 δὴ
1592 1615 1622 1641 τὸ
1641 1615 1719 1650 σῶμα
1733 1614 1816 1640 αὑτοῦ
1834 1615 1915 1649 ἄρτος

1120 1661 1165 1698 ἦν,
1179 1663 1216 1694 ὡς
1240 1663 1320 1694 αὐτὸς
1339 1661 1458 1688 διδάσκει
1488 1661 1556 1696 πρὸς
1578 1661 1641 1692 τοὺς
1665 1660 1790 1696 μαθητὰς
1816 1660 1914 1694 λέγων.

1124 1719 1132 1734 ι
1149 1708 1263 1740 Λάϐετε,
1283 1708 1394 1743 φάγετε,
1408 1707 1486 1734 τοῦτὸ
1506 1708 1565 1733 ἐστι
1582 1707 1612 1733 τὸ
1630 1707 1710 1742 σῶμά
1726 1715 1790 1742 μου,
1811 1717 1821 1732 ι
1836 1707 1914 1734 τοῦτο

1119 1756 1141 1782 δ’
1156 1753 1190 1791 ἦν
1204 1755 1235 1781 τὸ
1251 1755 1319 1790 πρὸς
1339 1754 1378 1790 τῷ
1392 1753 1461 1788 ξύλῳ
1478 1752 1548 1780 κατὰ
1564 1754 1609 1780 τὸν
1633 1753 1750 1788 σταυρὸν
1773 1752 1914 1788 δειγματί-

1121 1800 1192 1832 σθὲν,
1207 1800 1271 1835 περὶ
1285 1799 1367 1825 αὑτοῦ
1384 1799 1481 1832 λέγοιτ’
1502 1797 1534 1824 ἂν
1552 1797 1665 1828 εἰκότως
1677 1797 1720 1829 τὸ,
1736 1806 1745 1821 ι
1766 1797 1852 1823 Δεῦτε
1868 1797 1914 1823 καὶ

1119 1846 1282 1882 ἐμϐάλωμεν
1296 1845 1372 1876 ξύλον
1387 1846 1425 1876 εἰς
1443 1844 1524 1879 ἄρτον
1539 1843 1622 1870 αὐτοῦ
1632 1851 1639 1858 ·
1659 1853 1669 1868 ›
1685 1843 1709 1869 εί
1724 1843 1753 1869 δέ
1767 1843 1816 1869 καὶ
1832 1842 1914 1877 βαθυ-

1117 1892 1199 1928 τέρας
1212 1891 1299 1926 ἐχοιτο
1315 1890 1429 1926 Θεωρίας
1444 1890 1478 1916 τὰ
1497 1889 1566 1916 κατὰ
1581 1888 1626 1915 τὸν
1644 1889 1738 1921 τόπον,
1749 1888 1828 1914 οὐδὲν
1847 1887 1912 1923 πρὸς

1118 1938 1205 1964 ἐκεῖνο
1219 1937 1298 1963 λυπεῖ
1314 1937 1360 1962 καὶ
1371 1936 1404 1963 τὰ
1419 1935 1558 1971 εἰρημένα.

1380 1991 1576 2018 ΚΕΦΑΛΑῘΟΝ
1593 1992 1653 2018 AA’.

1425 2048 1482 2075 Τοῦ
1496 2048 1599 2075 αὐτοῦ.

1154 2117 1163 2132 ι
1189 2106 1417 2141 Ἐγκαταλέλοιπα
1432 2105 1478 2132 τὸν
1493 2102 1565 2131 οἶκόν
1585 2113 1646 2139 μου,
1662 2104 1758 2139 ἀφῆκα
1777 2104 1907 2139 τῆν’κλη-

1116 2154 1243 2189 ρονομίαν
1257 2161 1319 2187 μου,
1337 2152 1423 2178 ἔδωκα
1439 2151 1488 2186 τὴν
1503 2149 1684 2186 ἠγαπημένην
1693 2150 1786 2185 ψυχήν
1803 2160 1854 2186 μου
1870 2159 1909 2181 εις

1114 2201 1209 2236 χεῖρας
1220 2199 1324 2234 ἐχθρῶν
1332 2197 1426 2232 αὐτῆς.
1444 2196 1573 2232 Ἐγενήθη
1586 2202 1602 2232 η
1613 2195 1780 2232 κληρονομία
1788 2206 1840 2232 μου
1849 2197 1908 2229 ἐμοὶ

277 2240 320 2268 leo
333 2241 359 2267 in
375 2241 442 2268 silva
462 2242 559 2269 :dedit
582 2249 678 2270 contra
694 2252 737 2271 me
760 2252 871 2276 vocem,
901 2245 962 2272 ideo
989 2246 1061 2273 odivi

1120 2245 1153 2276 ὣς
1166 2243 1233 2271 λέων
1245 2245 1274 2270 ἐν
1286 2243 1390 2279 δρυμῷ,
1404 2243 1502 2269 ἔδωκεν
1516 2243 1559 2268 ἐπ’
1573 2242 1623 2278 ἐμὲ
1641 2243 1733 2278 φωνὴν
1754 2243 1854 2276 αὐτῆς,
1865 2242 1907 2269 διὰ

274 2294 347 2314 eam.
366 2286 493 2322 Nunquid
511 2288 568 2315 avis
597 2288 716 2316 discolor
729 2290 872 2318 haereditas
894 2298 953 2318 mea
976 2291 1063 2319 mihi?

1120 2291 1192 2318 τοῦτο
1207 2290 1324 2325 ἐμίσησα
1340 2289 1433 2325 αὑτήν.
1455 2289 1500 2324 Μὴ
1517 2288 1648 2323 σπήλαιον
1663 2289 1759 2324 ὑαίνης
1774 2290 1790 2324 ἡ
1806 2293 1906 2324 κληρο-

275 2333 400 2368 nunquid
423 2334 481 2361 avis
497 2333 581 2361 tincta
599 2342 645 2370 per
658 2335 767 2362 totum?
784 2335 879 2364 Venite
891 2358 897 2369 ,
912 2345 1061 2373 congrega-

274 2378 341 2405 miui
363 2386 458 2406 omnes
477 2379 572 2406 bestia:
595 2383 685 2410 terrae,
705 2385 848 2415 properate
869 2382 903 2408 ad
924 2383 1059 2410 devoran-

270 2423 349 2453 dum.
366 2424 492 2452 Pastores
507 2425 585 2452 multi
602 2425 722 2453 demoliti
741 2430 805 2454 sunt
821 2427 926 2454 vineam
951 2437 1038 2456 meam
1050 2449 1057 2461 ,

269 2469 504 2497 lconculcavcrunt
528 2474 631 2504 partem
661 2477 748 2498 meam
767 2480 773 2498 :
795 2470 930 2499 dederunt
953 2473 1058 2507 portio-

274 2521 335 2540 nem
352 2521 440 2540 mcam
456 2513 661 2542 desiderabilem
686 2515 713 2541 in
733 2515 870 2543 desertum
888 2518 1054 2546 solitudinis.

272 2558 425 2586 Posuerunt
438 2567 496 2587 eain
509 2560 535 2586 in
547 2561 762 2595 dissipationem,
773 2562 894 2597 luxitque
909 2571 991 2598 super
1002 2572 1053 2592 me.

1107 2564 1259 2600 ἀφανισμὸν
1281 2564 1419 2594 ἀπωλείας
1428 2572 1435 2578 ·

1114 2337 1194 2372 νομία
1212 2344 1262 2371 μου
1279 2335 1377 2371 ἐμοὶ,ῆ
1395 2335 1526 2370 σπήλαιον
1542 2333 1634 2370 κύκλῳ
1647 2335 1731 2370 αὐτῆς,
1742 2343 1749 2366 ;
1761 2335 1904 2364 Βαδίσατε.

1114 2383 1280 2417 συναγάγετε
1295 2382 1382 2408 πάντα
1397 2381 1432 2408 τὰ
1454 2380 1536 2416 Θηρία
1548 2379 1595 2406 τοῦ
1612 2380 1706 2416 ἀγροῦ,
1724 2381 1771 2406 καὶ
1790 2380 1904 2407 ἐλθέτω-

1113 2437 1162 2455 σαν
1180 2428 1227 2454 τοῦ
1250 2428 1346 2462 φαγεῖν
1368 2427 1463 2461 αὑτήν.
1482 2426 1615 2461 Ποιμένες
1634 2426 1726 2452 πολλοὶ
1748 2426 1905 2462 διέφθειραν

1112 2474 1157 2500 τὸν
1170 2473 1318 2509 ἁμπελῶνά
1330 2481 1390 2507 μου,
1405 2471 1537 2507 ἐμόλυναν
1552 2471 1600 2507 τὴν
1617 2471 1713 2507 μερίδα
1724 2480 1786 2506 μου,
1798 2472 1904 2498 ἔδωκαν

1111 2519 1205 2554 μερίδα
1225 2518 1398 2554 ἐπιθυμητὴν
1414 2519 1453 2548 είς
1469 2517 1572 2552 ἔρημον
1592 2517 1703 2549 ἄϐατον,
1724 2517 1843 2553 ἐγενήθη
1863 2518 1903 2549 είς

1457 2563 1491 2589 δι’
1514 2563 1564 2599 ἐμὲ
1590 2563 1738 2598 ἀφανισμῷ
1763 2563 1900 2598 ἠφανίσθη

270 2605 443 2634 ‘Desolatione
458 2606 577 2633 desolata
595 2611 636 2633 est
659 2608 748 2635 omnis
764 2612 847 2640 terra,
873 2610 937 2644 quia
962 2610 1055 2637 nullus

1120 2611 1182 2637 rica
1195 2611 1210 2645 ἡ
1222 2611 1267 2645 γῆ,
1278 2610 1319 2636 ὅτι
1335 2609 1383 2635 οὐκ
1396 2609 1470 2634 ἐστιν
1487 2608 1557 2643 ἀνὴρ
1567 2608 1708 2643 τιθέμενος
1720 2611 1750 2635 ἐν
1764 2609 1874 2645 καρδίᾳ.
1888 2618 1896 2633 ι

272 2655 313 2678 est
336 2651 382 2685 qui
405 2651 536 2686 recogitet
563 2652 645 2680 corde
659 2654 692 2679 ⁸⁵.
713 2663 723 2679 )
743 2653 856 2682 Videtur
883 2656 973 2682 audiri
1002 2656 1054 2683 Do-

272 2697 337 2722 mini
354 2696 557 2732 Salvatorisque
571 2699 656 2725 nostri
670 2706 731 2732 vox,
744 2699 777 2727 de
789 2701 890 2735 templo
901 2701 1052 2729 Jerusalem

266 2741 384 2769 dicens:
403 2751 412 2768 ι
433 2742 538 2778 Reliqui
564 2745 674 2772 douium
706 2754 804 2774 meam.
825 2757 833 2773 ι
853 2747 884 2774 Et
910 2748 943 2775 de
963 2749 1053 2784 priore

306 2829 328 2844 ’θ
346 2829 461 2871 Malm-l31
473 2840 509 2871 t_v.
528 2832 554 2859 Ξ.
613 2835 644 2871 ﬁ”
655 2834 734 2863 Joan.
755 2845 773 2871 t,
793 2838 818 2866 9.

269 2872 343 2897 nm,
359 2866 401 2891 '26.
439 2867 461 2882 "
478 2866 531 2893 Jer.
547 2876 596 2902 ut,
612 2870 687 2897 7-H.

878 2839 899 2855 ἰ
916 2838 995 2867 Μὶςιι.
1016 2847 1056 2872 ιιι,
1071 2839 1096 2867 G.

1108 2657 1200 2683 Ἔοικε
1213 2656 1258 2683 τοῦ
1273 2656 1375 2691 Κυρίου
1387 2655 1435 2682 καὶ
1445 2655 1570 2691 Σωτῆρος
1586 2655 1664 2690 ἡμῶν
1678 2653 1748 2682 εἶναι
1764 2656 1842 2690 φωνὴ
1854 2657 1898 2682 καὶ

1107 2704 1123 2738 ή
1141 2703 1281 2737 φάσκουσα
1308 2702 1370 2737 περὶ
1395 2701 1443 2737 μὲν
1466 2701 1513 2728 τοῦ
1535 2702 1564 2727 ἐν
1583 2701 1760 2737 Ἰερουσαλὴμ
1775 2702 1829 2728 νεὼ
1850 2703 1896 2733 τὸ,

1110 2758 1119 2774 ι
1139 2749 1353 2783 ἐγκαταλέλοιπα
1375 2748 1420 2774 τὸν
1436 2745 1510 2774 οἶκόν
1529 2755 1591 2782 μου,
1609 2757 1617 2773 ›
1637 2748 1702 2783 περὶ
1716 2748 1745 2774 δὲ
1767 2749 1816 2783 τῆς
1833 2756 1897 2784 προ-

1155 2841 1176 2856 ¹³
1191 2839 1289 2868 .Icrem.
1308 2847 1345 2873 xt,
1365 2839 1462 2873 18.19.
1499 2839 1524 2857 "
1538 2837 1589 2866 lsa.
1606 2846 1665 2871 Lm,
1692 2838 1718 2866 7.
1760 2840 1783 2856 ’δ
1799 2837 1893 2866 Matth.
