2035 3214
136 191 204 219 “6|

649 188 795 216 ECLOGE
810 183 1056 215 PBOPHETICE.
1072 201 1106 206 —
1123 184 1188 214 LIB.
1206 184 1227 213 1.

1690 187 1760 216 1162

131 252 215 292 τέρας
239 251 411 287 Συναγωγῆς,
430 251 447 286 ἢ
472 249 519 277 κάι
537 249 614 284 μερίς
635 257 699 275 ποτε
721 248 767 275 καὶ
785 248 815 283 (l'.
831 247 866 275 55
882 248 919 283 v°)

975 245 1128 282 Synagoga,
1141 255 1203 283 qua:
1220 255 1340 283 unquam
1355 255 1419 283 pars
1435 252 1462 276 et
1488 248 1627 277 funiculus
1641 249 1759 277 haeredi—

133 298 276 334 σχοίνισμα
297 297 478 333 κληρονομίας
499 294 580 322 αὐτοῦ
595 295 715 329 γέγονεν,
733 294 772 325 τὸ,
793 303 802 319 ι
815 293 922 328 Ἀφῆκα

131 343 182 379 τὴν
198 343 378 379 κληρονομίαν
395 351 455 377 μου,
474 352 482 367 ι
499 340 570 368 κατὰ
583 341 622 373 τὸ,
640 350 649 365 ι
666 340 784 371 Ποσὰκις
801 338 921 374 1ηθέληοα

133 390 343 424 ἐπισυναγαγεῖν
353 388 386 415 τὰ
401 388 484 414 τέκνα
500 396 557 418 σου,
572 387 601 413 ὃν
615 386 714 422 τρόπον
731 386 805 422 ὅρνις
816 386 923 412 ἐπισυν-

133 435 195 469 άγει
217 435 251 461 τὰ
271 434 364 460 νοσσία
383 433 466 468 αὐτῆς
492 432 544 459 ὑπὸ
568 432 617 464 τὰς
643 432 790 467 πτέρυγας,
810 431 858 457 καὶ
872 430 922 458 οὐκ

131 481 282 516 ἠθελήσατε
292 489 298 495 ”
317 480 381 506 Ἰδοὺ
392 479 500 514 ἀφίεται
512 479 575 514 ὑμῖν
587 477 601 504 ό
611 476 684 509 οἶκος
698 477 774 513 ὑμῶν
785 477 895 513 ἕρημος.
909 486 919 502 ι

130 527 218 558 Αὐτὸς
231 526 252 552 δ’
267 525 280 552 ὁ
305 525 388 552 εἰπὼν
409 534 418 550 ι
437 524 530 556 Οὐδεὶς
549 524 619 559 αἴρει
632 523 681 558 τὴν
704 523 793 558 ψυχήν
812 531 861 558 μου
874 522 921 549 ἀπ’

130 572 210 608 ἐμοῦ·
232 571 354 605 ἐξουσίαν
378 570 432 606 ἔχω
454 570 538 597 θεῖναι
564 570 659 605 αὐτὴν,
681 579 690 595 ι
711 570 792 604 φησὶν
809 569 854 596 καὶ
880 569 920 601 τὸ,

132 628 145 646 ε
151 619 257 645 Ἐδωκα
265 618 312 654 τὴν
321 619 413 653 ἡγαπη
419 618 500 652 μένην
508 617 595 652 ψυχήν
605 625 654 652 μου
666 617 705 648 είς
713 618 806 652 χεῖρας
818 616 922 652 ὲχθρῶν

130 666 226 701 αὐτῆς.
245 675 254 691 ι
270 664 362 700 Τούτῳ
376 665 404 690 δὲ
425 663 470 690 καὶ
492 663 607 699 ἐγενήθη
624 664 639 698 ἡ
658 663 777 698 προτέρα
792 662 921 697 κληρονο-

75 746 77 748 η
132 713 183 748 μία
195 712 232 743 ὡς
245 712 313 738 λέων
325 712 353 738 ἐν
367 709 463 747 δρυμῷ
473 718 479 724 ·
496 709 595 735 ἔδωκέν
610 717 639 734 τε
651 709 693 735 ἐπ’
709 708 790 734 αὑτὸν
806 708 855 742 τὴν
868 716 923 742 φω-

129 759 180 795 νὴν
201 758 295 793 αὐτῆς,
321 757 438 792 ὁπηνίκα
466 756 632 791 παραδόντες
654 755 735 782 αὑτὸν
756 754 794 789 τῷ
815 753 923 789 Πιλάτῳ

131 804 293 839 ἑστήκεισαν
303 801 518 838 κατηγοροῦντες
530 800 612 828 αὐτοῦ
628 801 675 828 καὶ
688 800 826 836 μονονουχὶ
841 799 923 834 βοῶν-

128 857 188 880 τες,
208 858 217 874 ι
233 847 308 882 Αἶρε,
320 846 390 884 αἶρε,
410 846 526 882 σταύρου
542 846 623 873 αὐτόν
633 855 639 862 '
659 856 668 872 ι
685 845 729 872 διὰ
741 845 820 871 τοῦτο
833 845 861 871 δέ
873 853 923 880 φη-

131 902 185 926 σιν,
213 893 368 928 (Ἐμίσησα
384 891 480 928 αὐτὴν.
501 901 510 917 ι
530 891 574 917 διὰ
595 891 629 917 τὰ
651 890 745 926 μίσους
759 889 822 922 ἄξια
835 889 919 923 αὐτῆς

976 293 1040 321 tatis
1054 294 1115 328 ejus
1126 292 1198 321 facta
1210 297 1263 326 est,
1279 303 1288 319 ι
1310 293 1404 322 Dimisi
1421 294 1606 322 hereditatem
1622 302 1723 328 meam,
1748 305 1758 322 ι

973 339 1051 374 juxta
1066 339 1131 367 illud
1149 349 1154 367 :
1175 349 1184 366 ι
1204 339 1316 373 Quoties
1336 341 1408 368 volui
1420 347 1587 376 congregare
1602 341 1671 369 ﬁlios
1685 345 1759 373 tuos,

975 387 1203 421 quemadmodum
1232 387 1290 414 avis
1313 386 1407 414 nidum
1428 394 1508 414 suum
1531 387 1583 414 sub
1607 387 1714 422 pennis,
1734 393 1761 415 et

975 433 1107 460 noluisti!
1125 432 1196 460 Ecce
1209 433 1379 467 relinquetur
1395 432 1472 460 vobis
1487 433 1584 460 demus
1606 437 1697 460 vestra
1713 433 1761 461 de-

976 478 1088 506 serta".
1107 488 1116 505 ι
1137 477 1197 513 lpse
1209 482 1298 505 autem
1314 479 1381 505 dixit
1398 488 1406 506 :
1422 488 1432 504 ι
1448 478 1532 506 Nemo
1546 479 1617 506 tollit
1640 480 1759 507 animam

977 531 1081 557 meam;
1098 527 1258 559 potestatem
1285 524 1371 551 habeo
1395 532 1496 559 ponere
1520 525 1631 558 eam";
1650 535 1659 552 ι
1678 530 1761 561 atque

976 569 1062 596 illud:
1086 579 1095 595 ι
1114 569 1181 596 Dedi
1201 569 1326 597 dilectam
1342 570 1460 597 animam
1476 578 1563 598 meam
1588 571 1615 598 in
1634 571 1761 600 manibus

977 615 1148 643 inimicorum
1161 616 1231 649 ejus.
1244 626 1254 642 ι
1272 615 1341 643 Huic
1353 624 1417 644 vero
1431 617 1501 644 facta
1515 621 1557 644 est
1565 618 1637 652 prior
1645 618 1760 646 hzeredi-

978 666 1019 689 tas
1034 661 1111 696 quasi
1126 662 1169 689 leo
1184 663 1210 689 in
1223 662 1301 690 silva.
1316 663 1392 690 Dedit
1404 668 1498 690 contra
1508 672 1570 691 eum
1580 671 1673 691 vocem
1689 664 1758 699 ejus.

951 712 954 716 '
976 714 1039 734 cum
1064 707 1204 735 tradentes
1218 715 1279 734 eum
1293 707 1381 735 Pilato
1398 708 1580 742 adduxerunt,
1598 714 1760 737 accusantes

976 753 1212 789 vociferantesque
1227 754 1415 782 tantununodo
1434 765 1440 783 :
1457 765 1466 780 ι
1482 755 1570 788 Tolle,
1582 757 1656 790 tolle,
1670 757 1761 784 cruci-

977 801 1027 835 ﬁge
1041 808 1103 827 cum
1113 801 1152 834 '3;
1169 811 1178 826 ι
1192 806 1359 836 quapropter
1370 803 1423 829 ait:
1438 813 1445 828 ι
1459 801 1536 830 Odivi
1548 811 1618 837 eam,
1635 814 1644 830 ι
1657 805 1692 832 ob
1700 805 1760 839 ejttl

976 853 1058 880 opera
1073 846 1136 873 odio
1151 847 1244 882 digna,
1261 852 1288 875 et
1301 849 1373 882 quod
1391 848 1459 876 nihil
1476 849 1502 876 in
1523 857 1584 876 eum
1608 857 1700 877 amore
1718 850 1760 877 di-

977 899 1059 926 gnum
1085 892 1270 920 ostenderant.
1294 895 1359 926 Qua:
1376 902 1439 922 vero
1465 899 1627 930 sequuntur,
1650 899 1677 923 et
1701 896 1760 924 [nec

130 939 211 975 ἔργα.
228 939 275 965 καὶ
290 938 333 965 διὰ
353 938 383 964 τὸ
401 937 483 973 μηδὲν
496 937 536 968 είς
556 936 637 963 αὑτὸν
649 935 760 970 ἀγάπης
775 933 849 967 ἄξιον
866 935 923 961 ἐπι·

978 938 1128 972 praesertim
1146 948 1151 965 :
1171 948 1180 964 ι
1201 938 1316 974 Propter
1335 948 1379 968 me
1397 941 1566 968 desolationc
1581 941 1702 969 desolata
1717 946 1760 970 est

130 983 284 1016 δείξασθαι·
299 983 329 1009 τὸ
341 983 362 1009 δ’
378 982 450 1017 ἑξῆς,
463 981 509 1008 καὶ
525 980 642 1016 μάλιστα
653 980 694 1013 τὸ,
710 989 718 1006 ι
735 979 773 1006 Δι’
789 979 838 1014 ἐμὲ
851 980 922 1013 ἀφα-

130 1028 222 1064 νισμῷ
241 1028 376 1064 ἠφανίσθη
393 1028 467 1054 πᾶσα
483 1027 558 1062 ήγῆ,
576 1036 587 1053 ›
603 1026 690 1053 ἔοικεν
703 1025 799 1061 δηλοῦν
813 1025 862 1061 τὴν
879 1024 924 1052 διὰ

131 1075 177 1102 τὸν
197 1075 308 1110 Σωτῆρα
323 1074 391 1110 μετὰ
405 1074 436 1100 τὸ
450 1074 534 1105 πάθος
549 1072 630 1100 αὐτοῦ
653 1072 759 1100 τελείαν
775 1071 923 1107 γενομένην

132 1121 234 1148 ἅλωσιν
248 1120 295 1147 καὶ
310 1119 498 1155 αἰχμαλωσίαν
513 1119 560 1145 τοῦ
577 1118 711 1154 προτέρου
724 1118 801 1150 λαοῦ,
815 1118 861 1145 καὶ
874 1117 924 1154 τὴν

131 1168 173 1198 είς
189 1166 302 1202 ἔσχατον
312 1166 361 1201 τῆς
377 1165 552 1201 Ίιρουσαλὴμ
568 1165 717 1200 ἐρήμωσιν.

388 1223 587 1250 ΚΕΦᾹΛΔΙΟΝ
607 1222 668 1249 AE'.

442 1270 496 1297 Τοῦ
509 1270 613 1296 αὑτοῦ.

172 1328 182 1345 ι
199 1318 295 1354 Κύριε,
311 1317 386 1353 ίσχύς
401 1326 449 1353 μου
462 1317 508 1344 καὶ
521 1316 630 1352 βοηθεία
646 1324 707 1352 μου,
721 1315 768 1344 καὶ
780 1315 923 1351 καταφυγή

134 1372 186 1399 μου
200 1364 228 1390 ὲν
239 1364 330 1399 ἡμέρᾳ
344 1362 446 1389 κακῶν.
465 1362 535 1398 Πρὸς
544 1362 574 1388 σὲ
586 1361 650 1397 ἔθνη
659 1361 771 1397 ἥξουσιν
786 1362 833 1388 ἀπ’
847 1361 925 1397 ἐσχά-

131 1418 180 1437 του
199 1409 247 1445 τῆς
270 1410 331 1445 γῆς,
356 1410 402 1435 καὶ
423 1408 540 1444 ἐροῦσιν,
563 1408 606 1439 Ὧς
625 1408 711 1444 ψευδῆ
730 1409 880 1443 ἐκτήσαντο
900 1409 924 1434 οί

134 1455 251 1490 πατέρες
264 1455 342 1490 ήμῶν
362 1454 467 1485 εἴδωλα,
486 1455 533 1481 καὶ
554 1455 603 1481 οὐκ
617 1454 689 1481 ἔστιν
705 1455 734 1480 ὲν
749 1454 840 1486 αὑτοτς
854 1454 925 1488 ὠφέ-

132 1500 218 1536 λημα.
240 1501 271 1526 Et
291 1501 396 1536 ποιήσει
411 1499 500 1534 ἑαυτῴ
522 1499 663 1536 ἄνθρωπος
682 1499 769 1531 θεοὺς,
784 1499 831 1525 καὶ
850 1499 925 1525 αὐτοὶ

133 1547 184 1574 οὒκ
194 1547 246 1573 εἰσὶ
260 1545 315 1572 θεοί
325 1555 332 1578 ;
343 1546 392 1572 Διὰ
405 1545 493 1577 τοῦτο,
513 1545 578 1578 ίδοὺ,
596 1545 651 1579 ἐγὼ
665 1545 776 1581 δηλώσω
794 1546 884 1576 αὐτοῖς
896 1545 924 1571 ἐν

133 1593 172 1629 τῷ
189 1594 276 1629 καιρῷ
295 1592 380 1628 τούτῳ
395 1593 442 1629 τὴν
459 1592 537 1628 χεῖρά
556 1601 617 1627 μου,
633 1593 679 1619 καὶ
701 1592 809 1629 γνωριῶ
832 1592 924 1624 αὐτοῖς
937 1606 958 1635 c

132 1640 184 1674 τὴν
200 1639 312 1674 δύναμίν
330 1648 390 1674 μου,
409 1639 455 1665 καὶ
471 1638 619 1672 γνώσονται
637 1639 677 1665 ὃτι
694 1638 749 1672 ἐγὼ
763 1639 874 1674 Κύριος.
890 1640 923 1672 Χ

140 1685 274 1720 Ἀμαρτία
293 1683 376 1710 Ἰοὸδα
399 1684 553 1718 γέγραπται
577 1683 605 1709 ὲν
621 1683 744 1717 γραφείῳ
768 1682 880 1718 σιδηρῷ,
896 1683 924 1710 ἐν

134 1731 209 1765 δνυχι
231 1729 401 1765 ἁδαμαντίνῳ
422 1728 647 1764 ἐκκεκολαμμένη
671 1729 717 1755 ἐπὶ
741 1729 786 1755 τοῦ
812 1729 925 1764 στήθους

134 1777 184 1812 τῆς
200 1775 312 1811 καρδίας
328 1775 425 1802 αὐτῶν.
445 1785 454 1800 ι
473 1775 538 1810 Περὶ
554 1774 607 1801 τῶν
624 1775 668 1801 διὰ
681 1774 798 1810 Χριστοῦ
813 1775 858 1801 τὸν
870 1775 924 1801 τῶν

134 1821 202 1848 ὅλων
222 1820 413 1855 ὲπεγνωκότων
430 1819 494 1846 Θεὸν
515 1820 705 1855 προφητεύσας
724 1820 738 1846 ὁ
756 1820 843 1855 λόγος,
861 1820 924 1855 ἑξῆς

133 1867 233 1901 nam
257 1866 383 1903 περὶτῆς
404 1866 472 1893 κατὰ
494 1865 541 1892 τοῦ
566 1866 690 1902 Σωτῆρος
710 1866 758 1893 τοῦ
792 1867 924 1893 Ἰουδαίων

133 1912 200 1940 λαοῦ
222 1912 367 1948 ἁμαρτίας,
384 1911 572 1944 ἀνεξάλειπτον
595 1912 678 1948 αὐτὴν
698 1911 805 1938 ἔσεσθαι
824 1912 923 1947 σημαί-

133 1967 188 1986 νων
201 1958 270 1985 κατὰ
283 1959 331 1990 τὰς
350 1957 547 1994 παρατεθείσας
562 1958 630 1993 μετά
644 1958 812 1993 ἀστερίσκων
825 1957 921 1991 λέξεις·

134 2004 167 2035 ἃς
178 2003 286 2030 δύναταί
301 2011 342 2034 τις
361 2003 408 2029 καὶ
428 2003 474 2029 ἐπὶ
489 2002 534 2029 τοῦ
550 2002 680 2038 προδότου
701 2003 785 2030 Ἰούδα
801 2003 923 2039 ἐφαρμό-

136 2050 202 2082 ζειν,
216 2050 253 2082 ὡς
264 2050 310 2076 καὶ
321 2050 450 2085 ὀνομαστὶ
460 2049 498 2084 τῷ
510 2049 574 2084 θείῳ
586 2048 724 2084 Πνεύματι
737 2048 925 2084 προεγνωσμέ-

135 2104 182 2123 νου
198 2104 227 2121 τε
240 2096 286 2121 καὶ
301 2103 516 2131 προαναπεφωνη
522 2094 613 2130 μένου.

382 2152 578 2178 ΚΕΦΑΛΑΙΟΝ
605 2152 675 2185 Αςῖη

444 2198 498 2225 Τοῦ
514 2197 619 2225 αὐτοῦ.

178 2244 255 2276 Ἰδοὺ,
273 2244 373 2280 ἡμέραι
397 2244 531 2280 ἔρχονται,
556 2243 630 2277 λέγει
651 2242 764 2279 Κύριος,
786 2240 832 2270 καὶ
855 2243 921 2270 ἀνα-

973 988 1058 1016 terra,
1076 993 1085 1010 ι
1103 985 1250 1013 ostendere
1261 987 1388 1014 videntur
1402 987 1506 1022 antiqui
1522 988 1615 1023 populi
1629 995 1760 1015 consum-

973 1035 1074 1057 matam
1102 1036 1164 1066 post
1187 1030 1338 1060 Salvatoris
1362 1033 1532 1067 passionem.
1547 1034 1654 1061 ruinam
1677 1037 1760 1068 atque

972 1076 1168 1111 captivitatem,
1179 1076 1385 1114 Jerusalemque
1400 1078 1429 1106 in
1454 1083 1614 1115 perpetuum
1635 1079 1759 1107 solitudi-

973 1131 1045 1151 nem.

1245 1221 1359 1252 CAPUT
1374 1221 1482 1253 XXXV.

1288 1269 1331 1297 Ex
1345 1270 1446 1298 eodem.

1013 1323 1022 1341 ι
1040 1313 1163 1347 Domine,
1181 1315 1313 1342 fortitudo
1329 1323 1387 1343 mea
1403 1319 1429 1343 et
1444 1315 1529 1343 robur
1544 1323 1645 1349 meum,
1667 1319 1695 1344 et
1715 1323 1759 1345 re.

976 1361 1079 1396 fugium
1106 1369 1196 1389 meum
1224 1362 1251 1389 in
1272 1362 1317 1390 die
1340 1362 1536 1390 tribulationis.
1558 1362 1599 1390 Ad
1621 1367 1648 1390 te
1663 1368 1760 1398 gentes

975 1407 1084 1435 venient
1099 1408 1133 1434 ab
1147 1408 1276 1435 extremis
1288 1413 1378 1439 terra,
1392 1412 1419 1436 et
1432 1408 1523 1436 dicent
1538 1418 1544 1435 :
1563 1408 1631 1436 Vere
1646 1409 1760 1436 menda-

975 1453 1047 1480 cium
1063 1453 1243 1489 possederunt
1257 1459 1349 1489 patres
1364 1455 1462 1486 nostri,
1477 1455 1635 1486 vanitatem,
1649 1462 1710 1490 qua:
1719 1455 1760 1483 eis

976 1507 1029 1527 non
1043 1499 1156 1535 profuit.
1173 1500 1299 1535 Nunquid
1316 1500 1397 1528 faciet
1408 1501 1461 1528 sibi
1477 1501 1559 1529 homo
1572 1501 1649 1534 deos,
1665 1505 1692 1528 et
1707 1501 1759 1536 ipsi

977 1553 1030 1573 non
1055 1551 1119 1574 sunt
1134 1547 1192 1573 dii?
1208 1546 1313 1574 Idcirco
1326 1554 1391 1575 ecce
1411 1555 1462 1582 ego
1486 1547 1626 1576 ostendam
1647 1547 1686 1575 eis
1712 1555 1761 1582 per

974 1591 1062 1618 vicem
1078 1592 1159 1624 hanc,
1174 1592 1316 1619 ostendam
1332 1593 1372 1619 eis
1383 1599 1493 1620 manum
1513 1601 1600 1621 meam
1626 1596 1653 1620 et
1673 1592 1762 1620 virtu-

976 1641 1031 1665 tem
1046 1645 1145 1668 mcam,
1161 1643 1187 1664 et
1200 1638 1286 1665 scient
1299 1637 1362 1672 quia
1377 1646 1476 1666 nomen
1493 1639 1558 1666 milii
1577 1638 1760 1673 Dominusx

976 1683 1119 1711 Peccatum
1138 1683 1206 1710 Juda
1228 1684 1360 1719 scriptum
1375 1688 1417 1712 est
1433 1685 1502 1720 stylo
1519 1684 1608 1716 ferreo
1626 1685 1653 1712 in
1669 1692 1760 1722 ungue

975 1730 1175 1762 adamantina,
1200 1734 1340 1758 exaratum
1365 1734 1446 1765 super
1469 1730 1639 1757 latitudinem
1669 1729 1761 1758 eordls

975 1777 1108 1804 eorum”.
1131 1786 1140 1802 ι
1158 1776 1195 1804 De
1210 1776 1243 1804 iis
1254 1776 1299 1811 qui
1315 1783 1363 1811 per
1374 1775 1514 1804 Christum
1526 1777 1646 1803 omnium
1662 1784 1762 1812 cogno-

975 1828 1072 1851 verunt
1093 1822 1178 1850 Deum
1209 1822 1352 1858 Scriptura
1376 1821 1556 1857 prophetizat,
1576 1826 1604 1850 et
1628 1823 1761 1852 continuo

974 1868 1130 1896 Judmorum
1154 1868 1248 1903 populi
1261 1867 1392 1896 adversus
1408 1867 1577 1896 Salvatorem
1602 1868 1761 1903 iniquitates

975 1915 1112 1947 indicans,
1129 1914 1289 1942 indelebiles
1303 1921 1349 1942 eas
1365 1914 1423 1942 fore
1437 1914 1558 1942 ostendit
1579 1918 1674 1942 notato
1688 1920 1760 1943 aste-

974 1961 1055 1989 riscis
1069 1961 1140 1988 loco.
1156 1960 1223 1993 Qua
1239 1960 1348 1994 quidem
1359 1965 1386 1987 et
1399 1959 1524 1987 tradituri
1540 1958 1617 1987 Iuda:
1637 1960 1760 1996 adaptarl

975 2011 1101 2043 possunt.
1120 2014 1135 2034 a
1155 2006 1259 2042 Spiritu
1274 2010 1370 2034 sancto
1391 2006 1550 2034 nominatim
1570 2011 1634 2035 ante
1654 2011 1760 2043 tempus

974 2054 1084 2089 cognito
1100 2056 1181 2088 atque
1195 2053 1344 2080 nominato.

1239 2138 1355 2167 CAPUT
1372 2138 1493 2167 XXXVI.

1289 2185 1330 2212 Ea:
1343 2186 1441 2213 eodem.

1013 2241 1023 2258 ι
1039 2229 1109 2259 Ecce
1124 2231 1183 2259 dies
1197 2231 1321 2263 veniunt,
1337 2230 1407 2258 dicit
1418 2230 1550 2258 Dominus
1562 2239 1568 2257 :
1581 2234 1609 2257 et
1621 2229 1761 2258 suscitabo

136 2291 231 2325 στήσω
252 2288 290 2324 τῷ
312 2287 391 2314 Δαυτδ
415 2289 545 2323 ἀνατολὴν
566 2288 682 2321 δικαίαν,
704 2289 751 2315 καὶ
774 2288 923 2324 βασιλεύσει

976 2279 1061 2306 David
1077 2286 1187 2314 germen
1200 2278 1305 2313 justum
1321 2287 1328 2304 :
1345 2281 1372 2304 et
1387 2276 1511 2312 regnabit
1526 2284 1574 2304 rex
1588 2296 1595 2308 .
1612 2280 1638 2303 et
1653 2277 1760 2311 sapiens

137 2334 273 2371 βασιλεὺς,
287 2332 335 2359 καὶ
347 2332 465 2366 συνήσει,
483 2332 529 2358 καὶ
543 2333 650 2368 ποιήσει
663 2333 750 2368 κρίμα
764 2331 810 2358 καὶ
822 2331 925 2357 δικαιο-

137 2379 222 2415 σύνην
233 2378 279 2405 ἐπὶ
292 2377 341 2413 τῆς
355 2379 417 2413 γῆς.
442 2378 485 2404 Ἑν
499 2379 557 2410 ταῖς
571 2378 686 2414 ἡμέραις
701 2377 783 2404 αὑτοῦ
801 2377 924 2412 σωθήσε-

135 2435 182 2453 ται
193 2426 239 2452 καὶ
255 2425 366 2456 Ἰούδας,
378 2423 425 2450 καὶ
442 2424 549 2459 Ἰσραὴλ
560 2424 766 2459 κατασκηνώσει
777 2423 923 2456 πεποιθὼς,

137 2474 186 2499 καὶ
201 2471 280 2498 τοῦτο
295 2471 324 2497 τὸ
341 2471 437 2506 ὄνομα,
458 2469 472 2496 ὃ
489 2470 597 2496 καλέσει
614 2471 711 2502 αὐτοὺς
731 2469 842 2505 Κύριος,
868 2470 925 2495 Ἰω-

139 2519 218 2546 σεδὲκ
231 2519 259 2544 ὲν
274 2519 328 2549 τοῖς
341 2517 503 2553 προφήταις.
523 2516 566 2542 Ἐν
579 2517 611 2551 τῇ
625 2515 715 2550 ἡμέρᾳ
730 2515 832 2551 ἐκείνῃ,
850 2513 926 2542 εἶπεν

138 2564 250 2599 Κύριος,
276 2563 412 2598 συντρίςμω
438 2561 517 2595 ζυγὸν
533 2560 586 2587 ἀπὸ
604 2561 738 2596 τραχήλου
755 2560 854 2593 αὐτῶν,
879 2562 926 2587 καὶ

135 2611 201 2642 τοὺς
214 2610 329 2645 δεσμοὺς
345 2608 434 2635 αὐτῶν
448 2607 596 2643 διαρρήξω,
612 2607 660 2633 καὶ
676 2607 725 2633 οὐκ
737 2606 869 2642 ἑργῶνται
883 2607 926 2633 αὐ-

135 2657 178 2683 τοὶ
193 2655 232 2682 ἔτι
247 2655 405 2691 ἀλλοτρίοις,
422 2654 468 2680 καὶ
484 2653 617 2689 ὲργῶνται
633 2652 673 2688 τῷ
692 2653 786 2688 Κυρίῳ
802 2652 861 2688 Θεῷ
875 2653 924 2679 αὺ-

135 2702 202 2733 τῶν,
215 2702 262 2728 καὶ
274 2701 318 2728 τὸν
331 2700 412 2727 Δαυῖδ
426 2698 535 2735 βασιλέα
547 2698 634 2725 αὐτῶν
648 2699 790 2734 ἀναστήσω
804 2698 920 2730 αὐτοῖς.»

136 2748 249 2779 Τούτοις
261 2747 294 2773 τὰ
306 2746 481 2782 παραπλήσια
498 2745 544 2771 καὶ
559 2746 587 2771 ὲν
602 2745 688 2781 ἑτέρῳ
700 2744 746 2771 τοῦ
763 2742 845 2771 αὒτοῦ
857 2752 923 2779 προ-

136 2794 221 2828 φήτου
243 2792 318 2827 τόπῳ
339 2791 446 2827 εἷρητμ
466 2791 495 2817 ἐν
515 2789 627 2822 τούτοις·
644 2801 653 2815 ι
678 2789 741 2816 Ἰδοὺ
759 2789 859 2826 ἡμέραι
879 2789 923 2825 έρ-

977 2326 1050 2354 erit:
1074 2329 1102 2353 et
1126 2324 1210 2352 faciet
1227 2324 1362 2359 judicium
1381 2327 1408 2351 et
1426 2323 1560 2358 justitiam
1582 2323 1608 2350 in
1629 2326 1713 2350 terra.
1730 2321 1760 2349 In

977 2371 1074 2399 diebus
1085 2370 1139 2398 illis
1153 2370 1303 2398 salvubitur
1314 2369 1384 2397 Juda
1393 2389 1401 2402 ,
1416 2373 1444 2397 et
1454 2368 1538 2396 Israel
1552 2367 1684 2395 habitabit
1695 2375 1761 2395 con-

977 2416 1111 2444 ﬁdenter:
1136 2419 1164 2443 et
1184 2415 1236 2442 hoc
1257 2420 1299 2443 est
1318 2422 1418 2442 nomen
1439 2413 1512 2448 quod
1535 2411 1671 2440 vocabunt
1685 2419 1759 2443 eum,

979 2462 1111 2490 Dominus
1123 2482 1130 2495 ,
1146 2460 1262 2489 Josedec
1277 2461 1304 2488 in
1321 2460 1462 2496 prophetis
1474 2460 1493 2485 ¹.
1504 2480 1510 2486 .
1522 2478 1529 2485 .
1541 2456 1570 2485 1n
1586 2457 1629 2485 die
1644 2457 1688 2484 illa
1699 2477 1707 2489 ,
1723 2457 1761 2484 ait

976 2509 1110 2537 Dominus
1123 2528 1130 2540 ,
1143 2511 1283 2536 conteram
1296 2507 1390 2542 jugum
1405 2506 1439 2534 de
1452 2505 1522 2533 collo
1536 2512 1630 2532 corum
1639 2524 1646 2536 ,
1663 2507 1690 2531 et
1704 2503 1762 2530 vin-

977 2556 1038 2583 cula
1052 2562 1147 2582 eorum
1160 2554 1330 2589 disrumpam
1342 2572 1349 2585 ,
1363 2556 1390 2580 et
1411 2560 1466 2580 non
1486 2550 1701 2578 dominabuntur
1720 2549 1760 2577 eis

976 2601 1094 2636 amplius
1114 2600 1195 2627 alieni
1207 2620 1214 2632 ,
1237 2600 1286 2628 sed
1306 2599 1426 2627 servient
1446 2597 1563 2626 Domino
1579 2596 1634 2624 Deo
1648 2603 1716 2628 suo,
1733 2601 1761 2623 et

976 2647 1060 2674 David
1079 2646 1136 2681 regi
1166 2653 1216 2673 suo
1230 2653 1310 2681 quem
1323 2644 1462 2672 suscitabo
1476 2644 1516 2671 eis
1531 2643 1551 2670 ³.
1565 2651 1575 2668 ι
1588 2641 1637 2669 His
1653 2641 1709 2668 fere
1724 2641 1761 2668 si-

976 2694 1051 2721 milia
1066 2694 1094 2720 in
1108 2693 1163 2720 alio
1179 2692 1303 2727 ejusdem
1321 2691 1460 2727 prophetae
1482 2690 1543 2717 loco
1565 2688 1696 2716 dicuntur
1716 2687 1760 2716 bis

974 2740 1065 2767 verbis
1079 2749 1085 2766 :
1098 2748 1107 2764 ι
1120 2738 1190 2765 Ecce
1204 2737 1262 2764 dies
1275 2737 1403 2769 veniunt,
1415 2735 1482 2764 dicit
1495 2734 1628 2762 Dominus
1638 2753 1646 2766 ,
1661 2737 1689 2761 et
1702 2741 1762 2761 sus-

975 2787 1065 2816 citabo
1089 2786 1202 2815 verbum
1229 2785 1330 2812 bonum
1351 2783 1423 2819 quod
1446 2782 1555 2810 locutus
1579 2788 1641 2808 sum
1663 2779 1697 2807 ad
1712 2779 1762 2806 do-

171 2869 194 2885 "
213 2869 279 2897 Luc.
293 2877 351 2900 xui,
363 2868 407 2901 '54,
424 2869 468 2896 35.
505 2868 527 2884 "
542 2867 620 2896 Joan.
638 2876 666 2900 x,
686 2867 728 2896 18.
766 2867 880 2896 "Joan.
899 2874 954 2902 xix,
968 2866 1011 2895 l5.
1050 2866 1072 2883 "
1087 2865 1142 2894 Jer.
1158 2871 1214 2897 xvt,
1234 2861 1330 2897 lQ—‘ll;
1357 2869 1422 2895 xvn,
1438 2859 1464 2888 l.
1501 2859 1510 2876 ¹
1528 2858 1583 2886 Jer.
1598 2865 1679 2892 nm,
1695 2855 1760 2891 5,6.

137 2906 147 2920 '
161 2904 216 2932 Jer.
234 2913 297 2937 xxx,
313 2904 340 2936 Β,
354 2904 380 2931 9.

297 2952 428 2983 PATROL.
454 2951 513 2982 Gn.
529 2950 631 2982 XXII.

1550 2944 1589 2975 37
