  <div class='ocr_page' id='page_1' title='image "/cluster/home/n/w/nwhite01/storage/ocr_20150623/22/njp.32101077772497/657.png"; bbox 0 0 2035 3214; ppageno 0'>
   <div class='ocr_carea' id='block_1_1' title="bbox 304 162 372 192">
    <p class='ocr_par' dir='ltr' id='par_1_1' title="bbox 304 162 372 192">
     <span class='ocr_line' id='line_1_1' title="bbox 304 162 372 192; baseline 0 -1"><span class='ocrx_word' id='word_1_1' title='bbox 304 162 372 192; x_wconf 73' lang='grc'><strong>1165</strong></span> 
     </span>
    </p>
   </div>
   <div class='ocr_carea' id='block_1_2' title="bbox 653 164 1597 196">
    <p class='ocr_par' dir='ltr' id='par_1_2' title="bbox 653 164 1597 196">
     <span class='ocr_line' id='line_1_2' title="bbox 653 164 1597 196; baseline 0.004 -5"><span class='ocrx_word' id='word_1_2' title='bbox 653 165 787 192; x_wconf 80' lang='lat' dir='ltr'><strong>EUSEBII</strong></span> <span class='ocrx_word' id='word_1_3' title='bbox 805 164 1046 194; x_wconf 62' lang='lat' dir='ltr'><strong>CIESARIENSB</strong></span> <span class='ocrx_word' id='word_1_4' title='bbox 1065 165 1140 195; x_wconf 85' lang='lat' dir='ltr'><strong>OPP.</strong></span> <span class='ocrx_word' id='word_1_5' title='bbox 1165 165 1257 194; x_wconf 78' lang='lat' dir='ltr'><strong>PARS</strong></span> <span class='ocrx_word' id='word_1_6' title='bbox 1276 166 1319 193; x_wconf 89' lang='lat' dir='ltr'><strong>ll‘l.</strong></span> <span class='ocrx_word' id='word_1_7' title='bbox 1340 183 1374 187; x_wconf 91' lang='lat'><strong>—</strong></span> <span class='ocrx_word' id='word_1_8' title='bbox 1393 166 1597 196; x_wconf 67' lang='lat' dir='ltr'><strong>EXEGETICA.</strong></span> 
     </span>
    </p>
   </div>
   <div class='ocr_carea' id='block_1_3' title="bbox 1861 170 1917 198">
    <p class='ocr_par' dir='ltr' id='par_1_3' title="bbox 1861 170 1917 198">
     <span class='ocr_line' id='line_1_3' title="bbox 1861 170 1917 198; baseline 0.018 -1"><span class='ocrx_word' id='word_1_9' title='bbox 1861 170 1917 198; x_wconf 70' lang='grc' dir='ltr'>ιιθι</span> 
     </span>
    </p>
   </div>
   <div class='ocr_carea' id='block_1_4' title="bbox 303 222 1077 262">
    <p class='ocr_par' dir='ltr' id='par_1_4' title="bbox 303 222 1077 254">
     <span class='ocr_line' id='line_1_4' title="bbox 303 222 1077 254; baseline 0.001 -3"><span class='ocrx_word' id='word_1_10' title='bbox 303 232 376 251; x_wconf 89' lang='lat' dir='ltr'><strong>mum</strong></span> <span class='ocrx_word' id='word_1_11' title='bbox 392 222 474 250; x_wconf 78' lang='lat' dir='ltr'><strong>lsrael</strong></span> <span class='ocrx_word' id='word_1_12' title='bbox 487 227 514 251; x_wconf 83' lang='lat' dir='ltr'><strong>et</strong></span> <span class='ocrx_word' id='word_1_13' title='bbox 529 223 562 251; x_wconf 85' lang='lat' dir='ltr'><strong>ad</strong></span> <span class='ocrx_word' id='word_1_14' title='bbox 578 223 689 250; x_wconf 89' lang='lat' dir='ltr'><strong>domum</strong></span> <span class='ocrx_word' id='word_1_15' title='bbox 701 223 782 252; x_wconf 72' lang='lat' dir='ltr'><strong>Iuda.</strong></span> <span class='ocrx_word' id='word_1_16' title='bbox 797 224 827 252; x_wconf 91' lang='lat' dir='ltr'><strong>ln</strong></span> <span class='ocrx_word' id='word_1_17' title='bbox 842 225 941 253; x_wconf 87' lang='lat' dir='ltr'><strong>diebus</strong></span> <span class='ocrx_word' id='word_1_18' title='bbox 956 225 1010 254; x_wconf 83' lang='lat' dir='ltr'><strong>illis</strong></span> <span class='ocrx_word' id='word_1_19' title='bbox 1024 229 1051 253; x_wconf 84' lang='lat' dir='ltr'><strong>et</strong></span> <span class='ocrx_word' id='word_1_20' title='bbox 1064 226 1077 252; x_wconf 73' lang='lat' dir='ltr'><strong>i1</strong></span> 
     </span>
    </p>
   </div>
   <div class='ocr_carea' id='block_1_5' title="bbox 1128 222 1916 262">
    <p class='ocr_par' dir='ltr' id='par_1_5' title="bbox 1143 224 1916 262">
     <span class='ocr_line' id='line_1_5' title="bbox 1143 224 1916 262; baseline 0.003 -10"><span class='ocrx_word' id='word_1_21' title='bbox 1143 233 1247 260; x_wconf 78' lang='grc' dir='ltr'>χονται,</span> <span class='ocrx_word' id='word_1_22' title='bbox 1265 224 1338 259; x_wconf 82' lang='grc' dir='ltr'><strong>λέγει</strong></span> <span class='ocrx_word' id='word_1_23' title='bbox 1352 225 1462 260; x_wconf 83' lang='grc' dir='ltr'>Κύριος,</span> <span class='ocrx_word' id='word_1_24' title='bbox 1480 226 1527 252; x_wconf 76' lang='grc' dir='ltr'>καὶ</span> <span class='ocrx_word' id='word_1_25' title='bbox 1539 225 1712 261; x_wconf 73' lang='grc' dir='ltr'><strong>ἐξαναστήσω</strong></span> <span class='ocrx_word' id='word_1_26' title='bbox 1728 234 1768 252; x_wconf 72' lang='grc' dir='ltr'><strong>σοι</strong></span> <span class='ocrx_word' id='word_1_27' title='bbox 1782 225 1826 253; x_wconf 73' lang='grc' dir='ltr'><strong>τὸν</strong></span> <span class='ocrx_word' id='word_1_28' title='bbox 1837 226 1866 258; x_wconf 70' lang='grc' dir='ltr'><strong>(Γ.</strong></span> <span class='ocrx_word' id='word_1_29' title='bbox 1879 227 1916 262; x_wconf 75' lang='grc'><strong>56)</strong></span> 
     </span>
    </p>
   </div>
   <div class='ocr_carea' id='block_1_6' title="bbox 303 269 1094 307">
    <p class='ocr_par' dir='ltr' id='par_1_6' title="bbox 303 269 1094 307">
     <span class='ocr_line' id='line_1_6' title="bbox 303 269 1094 307; baseline 0.004 -11"><span class='ocrx_word' id='word_1_30' title='bbox 303 275 425 304; x_wconf 80' lang='lat' dir='ltr'><strong>tempore</strong></span> <span class='ocrx_word' id='word_1_31' title='bbox 438 269 486 296; x_wconf 93' lang='lat' dir='ltr'><strong>illo</strong></span> <span class='ocrx_word' id='word_1_32' title='bbox 497 289 504 301; x_wconf 80' lang='grc'><strong>,</strong></span> <span class='ocrx_word' id='word_1_33' title='bbox 521 270 678 305; x_wconf 76' lang='lat' dir='ltr'><strong>germinare</strong></span> <span class='ocrx_word' id='word_1_34' title='bbox 695 270 794 298; x_wconf 79' lang='lat' dir='ltr'><strong>faciam</strong></span> <span class='ocrx_word' id='word_1_35' title='bbox 819 270 905 298; x_wconf 83' lang='lat' dir='ltr'><strong>David</strong></span> <span class='ocrx_word' id='word_1_36' title='bbox 925 279 1037 307; x_wconf 77' lang='lat' dir='ltr'><strong>germen</strong></span> <span class='ocrx_word' id='word_1_37' title='bbox 1051 272 1094 307; x_wconf 92' lang='lat' dir='ltr'><strong>ju-</strong></span> 
     </span>
    </p>
   </div>
   <div class='ocr_carea' id='block_1_7' title="bbox 302 315 1092 353">
    <p class='ocr_par' dir='ltr' id='par_1_7' title="bbox 302 315 1092 353">
     <span class='ocr_line' id='line_1_7' title="bbox 302 315 1092 353; baseline 0.005 -10"><span class='ocrx_word' id='word_1_38' title='bbox 302 317 384 344; x_wconf 77' lang='lat' dir='ltr'><strong>stitiaa</strong></span> <span class='ocrx_word' id='word_1_39' title='bbox 399 316 419 344; x_wconf 85' lang='lat'><strong>&#39;.</strong></span> <span class='ocrx_word' id='word_1_40' title='bbox 436 325 445 342; x_wconf 71' lang='grc' dir='ltr'><strong>ι</strong></span> <span class='ocrx_word' id='word_1_41' title='bbox 460 315 565 349; x_wconf 88' lang='lat' dir='ltr'><strong>Quibus</strong></span> <span class='ocrx_word' id='word_1_42' title='bbox 592 318 725 344; x_wconf 81' lang='lat' dir='ltr'><strong>continuo</strong></span> <span class='ocrx_word' id='word_1_43' title='bbox 753 317 864 353; x_wconf 88' lang='lat' dir='ltr'><strong>subjicit</strong></span> <span class='ocrx_word' id='word_1_44' title='bbox 880 328 886 346; x_wconf 90' lang='lat'>:</span> <span class='ocrx_word' id='word_1_45' title='bbox 918 329 927 344; x_wconf 79' lang='grc' dir='ltr'><strong>ι</strong></span> <span class='ocrx_word' id='word_1_46' title='bbox 940 319 1009 352; x_wconf 87' lang='lat' dir='ltr'><strong>Quia</strong></span> <span class='ocrx_word' id='word_1_47' title='bbox 1035 319 1092 347; x_wconf 62' lang='lat' dir='ltr'><strong>haec</strong></span> 
     </span>
    </p>
   </div>
   <div class='ocr_carea' id='block_1_8' title="bbox 301 361 1091 400">
    <p class='ocr_par' dir='ltr' id='par_1_8' title="bbox 301 361 1091 400">
     <span class='ocr_line' id='line_1_8' title="bbox 301 361 1091 400; baseline 0.003 -11"><span class='ocrx_word' id='word_1_48' title='bbox 301 363 367 389; x_wconf 85' lang='lat' dir='ltr'><strong>dicit</strong></span> <span class='ocrx_word' id='word_1_49' title='bbox 391 361 546 389; x_wconf 84' lang='lat' dir='ltr'><strong>Dominus:</strong></span> <span class='ocrx_word' id='word_1_50' title='bbox 571 361 629 389; x_wconf 83' lang='lat' dir='ltr'><strong>Non</strong></span> <span class='ocrx_word' id='word_1_51' title='bbox 657 363 782 390; x_wconf 93' lang='lat' dir='ltr'><strong>interibit</strong></span> <span class='ocrx_word' id='word_1_52' title='bbox 803 363 837 390; x_wconf 92' lang='lat' dir='ltr'><strong>de</strong></span> <span class='ocrx_word' id='word_1_53' title='bbox 858 363 944 390; x_wconf 84' lang='lat' dir='ltr'><strong>David</strong></span> <span class='ocrx_word' id='word_1_54' title='bbox 968 365 1020 396; x_wconf 89' lang='lat' dir='ltr'><strong>vir,</strong></span> <span class='ocrx_word' id='word_1_55' title='bbox 1044 365 1091 400; x_wconf 93' lang='lat' dir='ltr'><strong>qui</strong></span> 
     </span>
    </p>
   </div>
   <div class='ocr_carea' id='block_1_9' title="bbox 301 408 1092 443">
    <p class='ocr_par' dir='ltr' id='par_1_9' title="bbox 301 408 1092 443">
     <span class='ocr_line' id='line_1_9' title="bbox 301 408 1092 443; baseline 0.004 -8"><span class='ocrx_word' id='word_1_56' title='bbox 301 408 393 435; x_wconf 82' lang='lat' dir='ltr'><strong>sedeat</strong></span> <span class='ocrx_word' id='word_1_57' title='bbox 416 416 499 443; x_wconf 84' lang='lat' dir='ltr'><strong>super</strong></span> <span class='ocrx_word' id='word_1_58' title='bbox 515 409 644 436; x_wconf 92' lang='lat' dir='ltr'><strong>thronum</strong></span> <span class='ocrx_word' id='word_1_59' title='bbox 670 409 769 436; x_wconf 89' lang='lat' dir='ltr'><strong>domus</strong></span> <span class='ocrx_word' id='word_1_60' title='bbox 786 409 869 437; x_wconf 88' lang='lat' dir='ltr'><strong>lsrael</strong></span> <span class='ocrx_word' id='word_1_61' title='bbox 884 419 890 436; x_wconf 88' lang='lat'><strong><em>:</em></strong></span> <span class='ocrx_word' id='word_1_62' title='bbox 909 414 936 437; x_wconf 87' lang='lat' dir='ltr'><strong>et</strong></span> <span class='ocrx_word' id='word_1_63' title='bbox 953 410 987 438; x_wconf 92' lang='lat' dir='ltr'><strong>de</strong></span> <span class='ocrx_word' id='word_1_64' title='bbox 1001 418 1092 438; x_wconf 86' lang='lat' dir='ltr'><strong>sacer-</strong></span> 
     </span>
    </p>
   </div>
   <div class='ocr_carea' id='block_1_10' title="bbox 298 453 1092 485">
    <p class='ocr_par' dir='ltr' id='par_1_10' title="bbox 298 453 1092 485">
     <span class='ocr_line' id='line_1_10' title="bbox 298 453 1092 485; baseline 0.004 -4"><span class='ocrx_word' id='word_1_65' title='bbox 298 453 409 482; x_wconf 88' lang='lat' dir='ltr'><strong>dotibus</strong></span> <span class='ocrx_word' id='word_1_66' title='bbox 424 459 451 482; x_wconf 90' lang='lat' dir='ltr'><strong>et</strong></span> <span class='ocrx_word' id='word_1_67' title='bbox 465 454 499 482; x_wconf 90' lang='lat' dir='ltr'><strong>de</strong></span> <span class='ocrx_word' id='word_1_68' title='bbox 517 454 619 482; x_wconf 86' lang='lat' dir='ltr'><strong>Levitis</strong></span> <span class='ocrx_word' id='word_1_69' title='bbox 637 462 690 482; x_wconf 91' lang='lat' dir='ltr'><strong>non</strong></span> <span class='ocrx_word' id='word_1_70' title='bbox 709 455 833 483; x_wconf 92' lang='lat' dir='ltr'><strong>interibit</strong></span> <span class='ocrx_word' id='word_1_71' title='bbox 850 457 892 483; x_wconf 91' lang='lat' dir='ltr'><strong>vir</strong></span> <span class='ocrx_word' id='word_1_72' title='bbox 907 464 922 483; x_wconf 92' lang='lat' dir='ltr'><strong>a</strong></span> <span class='ocrx_word' id='word_1_73' title='bbox 941 457 1011 484; x_wconf 81' lang='lat' dir='ltr'><strong>facie</strong></span> <span class='ocrx_word' id='word_1_74' title='bbox 1030 465 1092 485; x_wconf 86' lang='lat' dir='ltr'><strong>mea</strong></span> 
     </span>
    </p>
   </div>
   <div class='ocr_carea' id='block_1_11' title="bbox 299 499 1089 534">
    <p class='ocr_par' dir='ltr' id='par_1_11' title="bbox 299 499 1089 534">
     <span class='ocr_line' id='line_1_11' title="bbox 299 499 1089 534; baseline 0.004 -8"><span class='ocrx_word' id='word_1_75' title='bbox 299 499 345 533; x_wconf 89' lang='lat' dir='ltr'><strong>qui</strong></span> <span class='ocrx_word' id='word_1_76' title='bbox 358 499 454 526; x_wconf 71' lang='lat' dir='ltr'><strong>olferat</strong></span> <span class='ocrx_word' id='word_1_77' title='bbox 468 499 688 527; x_wconf 83' lang='lat' dir='ltr'><strong>holocautomata</strong></span> <span class='ocrx_word' id='word_1_78' title='bbox 698 520 705 532; x_wconf 87' lang='lat'><strong><em>,</em></strong></span> <span class='ocrx_word' id='word_1_79' title='bbox 719 505 747 527; x_wconf 89' lang='lat' dir='ltr'><strong>et</strong></span> <span class='ocrx_word' id='word_1_80' title='bbox 761 501 890 528; x_wconf 83' lang='lat' dir='ltr'><strong>incendat</strong></span> <span class='ocrx_word' id='word_1_81' title='bbox 906 501 1089 534; x_wconf 81' lang='lat' dir='ltr'><strong>sacriﬁcium,</strong></span> 
     </span>
    </p>
   </div>
   <div class='ocr_carea' id='block_1_12' title="bbox 297 546 1087 576">
    <p class='ocr_par' dir='ltr' id='par_1_12' title="bbox 297 546 1087 576">
     <span class='ocr_line' id='line_1_12' title="bbox 297 546 1087 576; baseline 0.004 -3"><span class='ocrx_word' id='word_1_82' title='bbox 297 549 324 574; x_wconf 86' lang='lat' dir='ltr'><strong>et</strong></span> <span class='ocrx_word' id='word_1_83' title='bbox 345 546 430 573; x_wconf 64' lang='lat' dir='ltr'><strong>caedat</strong></span> <span class='ocrx_word' id='word_1_84' title='bbox 448 547 574 574; x_wconf 81' lang='lat' dir='ltr'><strong>victimas</strong></span> <span class='ocrx_word' id='word_1_85' title='bbox 589 547 718 574; x_wconf 88' lang='lat' dir='ltr'><strong>omnibus</strong></span> <span class='ocrx_word' id='word_1_86' title='bbox 733 547 832 576; x_wconf 88' lang='lat' dir='ltr'><strong>diebus</strong></span> <span class='ocrx_word' id='word_1_87' title='bbox 850 548 870 574; x_wconf 73' lang='grc'><strong>⁵.</strong></span> <span class='ocrx_word' id='word_1_88' title='bbox 891 557 900 574; x_wconf 78' lang='grc' dir='ltr'><strong>ι</strong></span> <span class='ocrx_word' id='word_1_89' title='bbox 915 547 948 575; x_wconf 84' lang='grc' dir='ltr'><strong>Ει</strong></span> <span class='ocrx_word' id='word_1_90' title='bbox 971 555 1087 576; x_wconf 84' lang='lat' dir='ltr'><strong>rursus:</strong></span> 
     </span>
    </p>
   </div>
   <div class='ocr_carea' id='block_1_13' title="bbox 300 592 1089 631">
    <p class='ocr_par' dir='ltr' id='par_1_13' title="bbox 300 592 1089 631">
     <span class='ocr_line' id='line_1_13' title="bbox 300 592 1089 631; baseline 0.005 -12"><span class='ocrx_word' id='word_1_91' title='bbox 300 602 309 618; x_wconf 86' lang='grc' dir='ltr'><strong>ι</strong></span> <span class='ocrx_word' id='word_1_92' title='bbox 322 592 386 620; x_wconf 66' lang='lat' dir='ltr'><strong>Haec</strong></span> <span class='ocrx_word' id='word_1_93' title='bbox 399 593 466 620; x_wconf 82' lang='lat' dir='ltr'><strong>dicit</strong></span> <span class='ocrx_word' id='word_1_94' title='bbox 481 592 636 620; x_wconf 82' lang='lat' dir='ltr'><strong>Dominus:</strong></span> <span class='ocrx_word' id='word_1_95' title='bbox 655 594 684 621; x_wconf 80' lang='lat' dir='ltr'><strong>Si</strong></span> <span class='ocrx_word' id='word_1_96' title='bbox 707 594 816 622; x_wconf 91' lang='lat' dir='ltr'><strong>irritum</strong></span> <span class='ocrx_word' id='word_1_97' title='bbox 840 599 930 630; x_wconf 88' lang='lat' dir='ltr'><strong>potest</strong></span> <span class='ocrx_word' id='word_1_98' title='bbox 957 595 1014 623; x_wconf 81' lang='lat' dir='ltr'><strong>ﬁeri</strong></span> <span class='ocrx_word' id='word_1_99' title='bbox 1041 604 1089 631; x_wconf 83' lang='lat' dir='ltr'><strong>pa-</strong></span> 
     </span>
    </p>
   </div>
   <div class='ocr_carea' id='block_1_14' title="bbox 297 639 1087 676">
    <p class='ocr_par' dir='ltr' id='par_1_14' title="bbox 297 639 1087 676">
     <span class='ocr_line' id='line_1_14' title="bbox 297 639 1087 676; baseline 0.005 -11"><span class='ocrx_word' id='word_1_100' title='bbox 297 643 372 666; x_wconf 85' lang='lat' dir='ltr'><strong>ctum</strong></span> <span class='ocrx_word' id='word_1_101' title='bbox 388 646 477 666; x_wconf 92' lang='lat' dir='ltr'><strong>meum</strong></span> <span class='ocrx_word' id='word_1_102' title='bbox 493 646 554 666; x_wconf 91' lang='lat' dir='ltr'><strong>cum</strong></span> <span class='ocrx_word' id='word_1_103' title='bbox 571 639 615 666; x_wconf 91' lang='lat' dir='ltr'><strong>die</strong></span> <span class='ocrx_word' id='word_1_104' title='bbox 628 659 636 671; x_wconf 85' lang='lat'><strong><em>,</em></strong></span> <span class='ocrx_word' id='word_1_105' title='bbox 651 643 678 667; x_wconf 92' lang='lat' dir='ltr'><strong>et</strong></span> <span class='ocrx_word' id='word_1_106' title='bbox 693 644 804 675; x_wconf 85' lang='lat' dir='ltr'><strong>pactum</strong></span> <span class='ocrx_word' id='word_1_107' title='bbox 814 649 905 668; x_wconf 92' lang='lat' dir='ltr'><strong>meum</strong></span> <span class='ocrx_word' id='word_1_108' title='bbox 921 649 984 669; x_wconf 82' lang='lat' dir='ltr'><strong>cum</strong></span> <span class='ocrx_word' id='word_1_109' title='bbox 997 646 1087 676; x_wconf 86' lang='lat' dir='ltr'><strong>nocte,</strong></span> 
     </span>
    </p>
   </div>
   <div class='ocr_carea' id='block_1_15' title="bbox 297 685 1086 723">
    <p class='ocr_par' dir='ltr' id='par_1_15' title="bbox 297 685 1086 723">
     <span class='ocr_line' id='line_1_15' title="bbox 297 685 1086 723; baseline 0.005 -12"><span class='ocrx_word' id='word_1_110' title='bbox 297 689 327 711; x_wconf 90' lang='lat' dir='ltr'><strong>ut</strong></span> <span class='ocrx_word' id='word_1_111' title='bbox 343 693 396 712; x_wconf 87' lang='lat' dir='ltr'><strong>non</strong></span> <span class='ocrx_word' id='word_1_112' title='bbox 417 685 453 712; x_wconf 87' lang='lat' dir='ltr'><strong>sit</strong></span> <span class='ocrx_word' id='word_1_113' title='bbox 474 685 533 713; x_wconf 92' lang='lat' dir='ltr'><strong>dies</strong></span> <span class='ocrx_word' id='word_1_114' title='bbox 551 689 579 713; x_wconf 85' lang='lat' dir='ltr'><strong>et</strong></span> <span class='ocrx_word' id='word_1_115' title='bbox 598 693 653 713; x_wconf 83' lang='lat' dir='ltr'><strong>nox</strong></span> <span class='ocrx_word' id='word_1_116' title='bbox 669 686 696 713; x_wconf 91' lang='lat' dir='ltr'><strong>in</strong></span> <span class='ocrx_word' id='word_1_117' title='bbox 712 691 834 722; x_wconf 90' lang='lat' dir='ltr'><strong>tempore</strong></span> <span class='ocrx_word' id='word_1_118' title='bbox 848 695 915 721; x_wconf 89' lang='lat' dir='ltr'><strong>suo;</strong></span> <span class='ocrx_word' id='word_1_119' title='bbox 932 692 960 716; x_wconf 91' lang='lat' dir='ltr'><strong>et</strong></span> <span class='ocrx_word' id='word_1_120' title='bbox 978 693 1086 723; x_wconf 85' lang='lat' dir='ltr'><strong>pactum</strong></span> 
     </span>
    </p>
   </div>
   <div class='ocr_carea' id='block_1_16' title="bbox 297 731 1085 768">
    <p class='ocr_par' dir='ltr' id='par_1_16' title="bbox 297 731 1085 768">
     <span class='ocr_line' id='line_1_16' title="bbox 297 731 1085 768; baseline 0.004 -10"><span class='ocrx_word' id='word_1_121' title='bbox 297 739 386 759; x_wconf 90' lang='lat' dir='ltr'><strong>meum</strong></span> <span class='ocrx_word' id='word_1_122' title='bbox 402 731 508 759; x_wconf 88' lang='lat' dir='ltr'><strong>irritum</strong></span> <span class='ocrx_word' id='word_1_123' title='bbox 524 739 586 759; x_wconf 86' lang='lat' dir='ltr'><strong>esse</strong></span> <span class='ocrx_word' id='word_1_124' title='bbox 600 733 701 767; x_wconf 87' lang='lat' dir='ltr'><strong>poterit</strong></span> <span class='ocrx_word' id='word_1_125' title='bbox 716 741 778 760; x_wconf 91' lang='lat' dir='ltr'><strong>cum</strong></span> <span class='ocrx_word' id='word_1_126' title='bbox 800 733 885 761; x_wconf 82' lang='lat' dir='ltr'><strong>David</strong></span> <span class='ocrx_word' id='word_1_127' title='bbox 905 741 985 761; x_wconf 88' lang='lat' dir='ltr'><strong>servo</strong></span> <span class='ocrx_word' id='word_1_128' title='bbox 1007 742 1085 768; x_wconf 88' lang='lat' dir='ltr'><strong>meo,</strong></span> 
     </span>
    </p>
   </div>
   <div class='ocr_carea' id='block_1_17' title="bbox 296 777 1086 815">
    <p class='ocr_par' dir='ltr' id='par_1_17' title="bbox 296 777 1086 815">
     <span class='ocr_line' id='line_1_17' title="bbox 296 777 1086 815; baseline 0.006 -12"><span class='ocrx_word' id='word_1_129' title='bbox 296 782 326 803; x_wconf 89' lang='lat' dir='ltr'><strong>ut</strong></span> <span class='ocrx_word' id='word_1_130' title='bbox 342 785 395 804; x_wconf 87' lang='lat' dir='ltr'><strong>non</strong></span> <span class='ocrx_word' id='word_1_131' title='bbox 410 778 445 805; x_wconf 87' lang='lat' dir='ltr'><strong>sit</strong></span> <span class='ocrx_word' id='word_1_132' title='bbox 460 785 492 805; x_wconf 85' lang='lat' dir='ltr'><strong>ex</strong></span> <span class='ocrx_word' id='word_1_133' title='bbox 508 785 540 805; x_wconf 90' lang='lat' dir='ltr'><strong>eo</strong></span> <span class='ocrx_word' id='word_1_134' title='bbox 555 777 627 805; x_wconf 91' lang='lat' dir='ltr'><strong>lilius</strong></span> <span class='ocrx_word' id='word_1_135' title='bbox 641 779 688 813; x_wconf 86' lang='lat' dir='ltr'><strong>qui</strong></span> <span class='ocrx_word' id='word_1_136' title='bbox 704 783 798 814; x_wconf 80' lang='lat' dir='ltr'><strong>regnet</strong></span> <span class='ocrx_word' id='word_1_137' title='bbox 814 779 840 806; x_wconf 91' lang='lat' dir='ltr'><strong>in</strong></span> <span class='ocrx_word' id='word_1_138' title='bbox 856 779 956 807; x_wconf 88' lang='lat' dir='ltr'><strong>throno</strong></span> <span class='ocrx_word' id='word_1_139' title='bbox 969 780 1044 815; x_wconf 79' lang='lat' dir='ltr'><strong>ejus,</strong></span> <span class='ocrx_word' id='word_1_140' title='bbox 1059 786 1086 808; x_wconf 86' lang='lat' dir='ltr'><strong>et</strong></span> 
     </span>
    </p>
   </div>
   <div class='ocr_carea' id='block_1_18' title="bbox 296 823 1084 854">
    <p class='ocr_par' dir='ltr' id='par_1_18' title="bbox 296 823 1084 854">
     <span class='ocr_line' id='line_1_18' title="bbox 296 823 1084 854; baseline 0.005 -4"><span class='ocrx_word' id='word_1_141' title='bbox 296 823 397 851; x_wconf 69' lang='lat' dir='ltr'><strong>Levita:</strong></span> <span class='ocrx_word' id='word_1_142' title='bbox 410 828 437 850; x_wconf 93' lang='lat' dir='ltr'><strong>et</strong></span> <span class='ocrx_word' id='word_1_143' title='bbox 452 823 611 852; x_wconf 83' lang='lat' dir='ltr'><strong>sacerdotes</strong></span> <span class='ocrx_word' id='word_1_144' title='bbox 627 825 746 852; x_wconf 87' lang='lat' dir='ltr'><strong>ministri</strong></span> <span class='ocrx_word' id='word_1_145' title='bbox 764 826 825 853; x_wconf 87' lang='lat' dir='ltr'><strong>mei.</strong></span> <span class='ocrx_word' id='word_1_146' title='bbox 838 825 915 853; x_wconf 88' lang='lat' dir='ltr'><strong>Sicut</strong></span> <span class='ocrx_word' id='word_1_147' title='bbox 929 828 1084 854; x_wconf 83' lang='lat' dir='ltr'><strong>enumerari</strong></span> 
     </span>
    </p>
   </div>
   <div class='ocr_carea' id='block_1_19' title="bbox 296 871 1084 905">
    <p class='ocr_par' dir='ltr' id='par_1_19' title="bbox 296 871 1084 905">
     <span class='ocr_line' id='line_1_19' title="bbox 296 871 1084 905; baseline 0.005 -9"><span class='ocrx_word' id='word_1_148' title='bbox 296 878 350 896; x_wconf 92' lang='lat' dir='ltr'><strong>non</strong></span> <span class='ocrx_word' id='word_1_149' title='bbox 363 874 478 905; x_wconf 87' lang='lat' dir='ltr'><strong>possunt</strong></span> <span class='ocrx_word' id='word_1_150' title='bbox 491 871 579 898; x_wconf 74' lang='lat' dir='ltr'><strong>stella:</strong></span> <span class='ocrx_word' id='word_1_151' title='bbox 590 871 652 898; x_wconf 73' lang='lat' dir='ltr'><strong>cmli</strong></span> <span class='ocrx_word' id='word_1_152' title='bbox 663 890 670 902; x_wconf 84' lang='grc'><strong>,</strong></span> <span class='ocrx_word' id='word_1_153' title='bbox 685 877 712 898; x_wconf 88' lang='lat' dir='ltr'><strong>et</strong></span> <span class='ocrx_word' id='word_1_154' title='bbox 725 872 815 898; x_wconf 86' lang='lat' dir='ltr'><strong>metiri</strong></span> <span class='ocrx_word' id='word_1_155' title='bbox 830 879 914 898; x_wconf 83' lang='lat' dir='ltr'><strong>arena</strong></span> <span class='ocrx_word' id='word_1_156' title='bbox 930 873 1029 905; x_wconf 88' lang='lat' dir='ltr'><strong>maris,</strong></span> <span class='ocrx_word' id='word_1_157' title='bbox 1044 873 1084 900; x_wconf 88' lang='lat' dir='ltr'><strong>sic</strong></span> 
     </span>
    </p>
   </div>
   <div class='ocr_carea' id='block_1_20' title="bbox 1144 269 1917 307">
    <p class='ocr_par' dir='ltr' id='par_1_20' title="bbox 1144 269 1917 307">
     <span class='ocr_line' id='line_1_20' title="bbox 1144 269 1917 307; baseline 0.001 -10"><span class='ocrx_word' id='word_1_158' title='bbox 1144 270 1222 305; x_wconf 83' lang='grc' dir='ltr'>λόγον</span> <span class='ocrx_word' id='word_1_159' title='bbox 1241 279 1291 305; x_wconf 87' lang='grc' dir='ltr'><strong>μου</strong></span> <span class='ocrx_word' id='word_1_160' title='bbox 1306 270 1351 297; x_wconf 77' lang='grc' dir='ltr'>τὸν</span> <span class='ocrx_word' id='word_1_161' title='bbox 1365 270 1476 304; x_wconf 80' lang='grc' dir='ltr'>ἀγαθὸν,</span> <span class='ocrx_word' id='word_1_162' title='bbox 1496 271 1525 297; x_wconf 78' lang='grc' dir='ltr'>ὃν</span> <span class='ocrx_word' id='word_1_163' title='bbox 1540 271 1659 307; x_wconf 77' lang='grc' dir='ltr'><strong>ἐλάλησα</strong></span> <span class='ocrx_word' id='word_1_164' title='bbox 1674 272 1720 298; x_wconf 76' lang='grc' dir='ltr'>ἐπὶ</span> <span class='ocrx_word' id='word_1_165' title='bbox 1733 272 1779 298; x_wconf 80' lang='grc' dir='ltr'><strong>τὸν</strong></span> <span class='ocrx_word' id='word_1_166' title='bbox 1790 269 1860 298; x_wconf 75' lang='grc' dir='ltr'>οἷκον</span> <span class='ocrx_word' id='word_1_167' title='bbox 1875 271 1917 299; x_wconf 71' lang='lat' dir='ltr'><strong>‘ls-</strong></span> 
     </span>
    </p>
   </div>
   <div class='ocr_carea' id='block_1_21' title="bbox 1145 313 1917 355">
    <p class='ocr_par' dir='ltr' id='par_1_21' title="bbox 1145 313 1917 355">
     <span class='ocr_line' id='line_1_21' title="bbox 1145 313 1917 355; baseline 0.005 -14"><span class='ocrx_word' id='word_1_168' title='bbox 1145 315 1286 351; x_wconf 86' lang='grc' dir='ltr'>ρουσαλὴμ</span> <span class='ocrx_word' id='word_1_169' title='bbox 1309 315 1355 342; x_wconf 77' lang='grc' dir='ltr'>καὶ</span> <span class='ocrx_word' id='word_1_170' title='bbox 1377 315 1424 342; x_wconf 77' lang='grc' dir='ltr'>ἐπὶ</span> <span class='ocrx_word' id='word_1_171' title='bbox 1437 316 1482 342; x_wconf 80' lang='grc' dir='ltr'>τὸν</span> <span class='ocrx_word' id='word_1_172' title='bbox 1493 313 1566 343; x_wconf 78' lang='grc' dir='ltr'>οἷκον</span> <span class='ocrx_word' id='word_1_173' title='bbox 1585 316 1678 343; x_wconf 79' lang='grc' dir='ltr'>Ἰούδα·</span> <span class='ocrx_word' id='word_1_174' title='bbox 1696 317 1725 343; x_wconf 87' lang='grc' dir='ltr'><strong>ἐν</strong></span> <span class='ocrx_word' id='word_1_175' title='bbox 1741 318 1801 349; x_wconf 83' lang='grc' dir='ltr'>ταῖς</span> <span class='ocrx_word' id='word_1_176' title='bbox 1815 318 1917 355; x_wconf 81' lang='grc' dir='ltr'><strong>ἡμέραις</strong></span> 
     </span>
    </p>
   </div>
   <div class='ocr_carea' id='block_1_22' title="bbox 1143 361 1917 399">
    <p class='ocr_par' dir='ltr' id='par_1_22' title="bbox 1143 361 1917 399">
     <span class='ocr_line' id='line_1_22' title="bbox 1143 361 1917 399; baseline 0.005 -11"><span class='ocrx_word' id='word_1_177' title='bbox 1143 362 1261 394; x_wconf 78' lang='grc' dir='ltr'>ἐκείναις</span> <span class='ocrx_word' id='word_1_178' title='bbox 1280 362 1327 389; x_wconf 79' lang='grc' dir='ltr'>καὶ</span> <span class='ocrx_word' id='word_1_179' title='bbox 1346 363 1374 389; x_wconf 74' lang='grc' dir='ltr'><strong>ἐν</strong></span> <span class='ocrx_word' id='word_1_180' title='bbox 1389 361 1428 398; x_wconf 89' lang='grc' dir='ltr'>τῷ</span> <span class='ocrx_word' id='word_1_181' title='bbox 1443 362 1532 398; x_wconf 81' lang='grc' dir='ltr'>καιρῷ</span> <span class='ocrx_word' id='word_1_182' title='bbox 1551 363 1647 399; x_wconf 78' lang='grc' dir='ltr'>ἐκείνῳ</span> <span class='ocrx_word' id='word_1_183' title='bbox 1661 364 1782 390; x_wconf 81' lang='grc' dir='ltr'>ἀνατελῶ</span> <span class='ocrx_word' id='word_1_184' title='bbox 1795 364 1832 399; x_wconf 79' lang='grc' dir='ltr'>τῷ</span> <span class='ocrx_word' id='word_1_185' title='bbox 1848 365 1917 392; x_wconf 74' lang='grc' dir='ltr'><strong>Δαυῖὃ</strong></span> 
     </span>
    </p>
   </div>
   <div class='ocr_carea' id='block_1_23' title="bbox 1142 407 1915 445">
    <p class='ocr_par' dir='ltr' id='par_1_23' title="bbox 1142 407 1915 445">
     <span class='ocr_line' id='line_1_23' title="bbox 1142 407 1915 445; baseline 0.004 -11"><span class='ocrx_word' id='word_1_186' title='bbox 1142 408 1274 444; x_wconf 83' lang='grc' dir='ltr'>ἀνατολὴν</span> <span class='ocrx_word' id='word_1_187' title='bbox 1297 408 1414 436; x_wconf 82' lang='grc' dir='ltr'>δικαίαν.</span> <span class='ocrx_word' id='word_1_188' title='bbox 1437 419 1447 435; x_wconf 71' lang='grc'><strong><em>1</em></strong></span> <span class='ocrx_word' id='word_1_189' title='bbox 1465 407 1512 441; x_wconf 73' lang='grc' dir='ltr'>Οἷς</span> <span class='ocrx_word' id='word_1_190' title='bbox 1533 408 1597 444; x_wconf 76' lang='grc' dir='ltr'><strong>ἑξῆς</strong></span> <span class='ocrx_word' id='word_1_191' title='bbox 1616 409 1751 445; x_wconf 74' lang='grc' dir='ltr'>ἐπιφέρει,</span> <span class='ocrx_word' id='word_1_192' title='bbox 1775 411 1817 437; x_wconf 78' lang='grc' dir='ltr'>ὅτι</span> <span class='ocrx_word' id='word_1_193' title='bbox 1833 420 1842 436; x_wconf 82' lang='grc' dir='ltr'><strong>ι</strong></span> <span class='ocrx_word' id='word_1_194' title='bbox 1857 411 1915 438; x_wconf 55' lang='grc' dir='ltr'><strong>Τάὼ</strong></span> 
     </span>
    </p>
   </div>
   <div class='ocr_carea' id='block_1_24' title="bbox 1141 453 1917 492">
    <p class='ocr_par' dir='ltr' id='par_1_24' title="bbox 1141 453 1917 492">
     <span class='ocr_line' id='line_1_24' title="bbox 1141 453 1917 492; baseline 0.004 -13"><span class='ocrx_word' id='word_1_195' title='bbox 1141 453 1213 488; x_wconf 82' lang='grc' dir='ltr'>λέγει</span> <span class='ocrx_word' id='word_1_196' title='bbox 1231 453 1342 489; x_wconf 68' lang='grc' dir='ltr'>Κύριος</span> <span class='ocrx_word' id='word_1_197' title='bbox 1365 454 1422 480; x_wconf 88' lang='grc' dir='ltr'><strong>Οὐκ</strong></span> <span class='ocrx_word' id='word_1_198' title='bbox 1445 453 1698 490; x_wconf 77' lang='grc' dir='ltr'>ὲξολοθρευθήσεται</span> <span class='ocrx_word' id='word_1_199' title='bbox 1711 455 1750 490; x_wconf 85' lang='grc' dir='ltr'>τῷ</span> <span class='ocrx_word' id='word_1_200' title='bbox 1769 455 1849 482; x_wconf 63' lang='grc' dir='ltr'>Δαυιδ</span> <span class='ocrx_word' id='word_1_201' title='bbox 1859 456 1917 492; x_wconf 64' lang='grc' dir='ltr'>ἀνὴρ</span> 
     </span>
    </p>
   </div>
   <div class='ocr_carea' id='block_1_25' title="bbox 1142 499 1916 537">
    <p class='ocr_par' dir='ltr' id='par_1_25' title="bbox 1142 499 1916 537">
     <span class='ocr_line' id='line_1_25' title="bbox 1142 499 1916 537; baseline 0.003 -11"><span class='ocrx_word' id='word_1_202' title='bbox 1142 499 1296 535; x_wconf 85' lang='grc' dir='ltr'>καθήμενος</span> <span class='ocrx_word' id='word_1_203' title='bbox 1312 500 1358 526; x_wconf 80' lang='grc' dir='ltr'><strong>ἐπὶ</strong></span> <span class='ocrx_word' id='word_1_204' title='bbox 1371 499 1468 536; x_wconf 83' lang='grc' dir='ltr'><strong>θρόνου</strong></span> <span class='ocrx_word' id='word_1_205' title='bbox 1479 500 1553 527; x_wconf 69' lang='grc' dir='ltr'>οἴκου</span> <span class='ocrx_word' id='word_1_206' title='bbox 1571 501 1688 537; x_wconf 81' lang='grc' dir='ltr'>Ἰσραήλ·</span> <span class='ocrx_word' id='word_1_207' title='bbox 1703 502 1749 528; x_wconf 79' lang='grc' dir='ltr'><strong>καὶ</strong></span> <span class='ocrx_word' id='word_1_208' title='bbox 1760 503 1817 534; x_wconf 87' lang='grc' dir='ltr'>τοῖς</span> <span class='ocrx_word' id='word_1_209' title='bbox 1828 501 1916 537; x_wconf 77' lang='grc' dir='ltr'>ἱερεῦσι</span> 
     </span>
    </p>
   </div>
   <div class='ocr_carea' id='block_1_26' title="bbox 1140 546 1916 584">
    <p class='ocr_par' dir='ltr' id='par_1_26' title="bbox 1140 546 1916 584">
     <span class='ocr_line' id='line_1_26' title="bbox 1140 546 1916 584; baseline 0.001 -11"><span class='ocrx_word' id='word_1_210' title='bbox 1140 549 1197 579; x_wconf 85' lang='grc' dir='ltr'>τοῖς</span> <span class='ocrx_word' id='word_1_211' title='bbox 1217 547 1353 578; x_wconf 85' lang='grc' dir='ltr'>Λευῖταις’</span> <span class='ocrx_word' id='word_1_212' title='bbox 1369 546 1417 573; x_wconf 78' lang='grc' dir='ltr'><strong>οὐκ</strong></span> <span class='ocrx_word' id='word_1_213' title='bbox 1436 546 1690 583; x_wconf 78' lang='grc' dir='ltr'>ὲξολοθρευθήσεται</span> <span class='ocrx_word' id='word_1_214' title='bbox 1710 548 1781 583; x_wconf 72' lang='grc' dir='ltr'>ἀνὴρ</span> <span class='ocrx_word' id='word_1_215' title='bbox 1797 549 1829 574; x_wconf 80' lang='grc' dir='ltr'><strong>ἐκ</strong></span> <span class='ocrx_word' id='word_1_216' title='bbox 1846 557 1916 584; x_wconf 83' lang='grc' dir='ltr'>προσ-</span> 
     </span>
    </p>
   </div>
   <div class='ocr_carea' id='block_1_27' title="bbox 1140 593 1915 629">
    <p class='ocr_par' dir='ltr' id='par_1_27' title="bbox 1140 593 1915 629">
     <span class='ocr_line' id='line_1_27' title="bbox 1140 593 1915 629; baseline 0 -10"><span class='ocrx_word' id='word_1_217' title='bbox 1140 593 1215 620; x_wconf 86' lang='grc' dir='ltr'>ώπου</span> <span class='ocrx_word' id='word_1_218' title='bbox 1231 602 1282 629; x_wconf 86' lang='grc' dir='ltr'><strong>μου</strong></span> <span class='ocrx_word' id='word_1_219' title='bbox 1299 593 1441 628; x_wconf 79' lang='grc' dir='ltr'><strong>ἀναφέρων</strong></span> <span class='ocrx_word' id='word_1_220' title='bbox 1457 593 1669 629; x_wconf 74' lang='grc' dir='ltr'><strong>ὁλοκαυτώματα</strong></span> <span class='ocrx_word' id='word_1_221' title='bbox 1682 594 1730 620; x_wconf 78' lang='grc' dir='ltr'>καὶ</span> <span class='ocrx_word' id='word_1_222' title='bbox 1743 594 1815 620; x_wconf 87' lang='grc' dir='ltr'>θύων</span> <span class='ocrx_word' id='word_1_223' title='bbox 1823 593 1915 626; x_wconf 81' lang='grc' dir='ltr'><strong>Θυσίαν,</strong></span> 
     </span>
    </p>
   </div>
   <div class='ocr_carea' id='block_1_28' title="bbox 1139 638 1915 675">
    <p class='ocr_par' dir='ltr' id='par_1_28' title="bbox 1139 638 1915 675">
     <span class='ocr_line' id='line_1_28' title="bbox 1139 638 1915 675; baseline 0.001 -10"><span class='ocrx_word' id='word_1_224' title='bbox 1139 640 1186 666; x_wconf 78' lang='grc' dir='ltr'>καὶ</span> <span class='ocrx_word' id='word_1_225' title='bbox 1206 638 1290 666; x_wconf 81' lang='grc' dir='ltr'>ποιῶν</span> <span class='ocrx_word' id='word_1_226' title='bbox 1311 638 1386 674; x_wconf 78' lang='grc' dir='ltr'>θῦμα</span> <span class='ocrx_word' id='word_1_227' title='bbox 1410 639 1501 670; x_wconf 86' lang='grc' dir='ltr'>πάσας</span> <span class='ocrx_word' id='word_1_228' title='bbox 1523 639 1573 671; x_wconf 85' lang='grc' dir='ltr'><strong>τὰς</strong></span> <span class='ocrx_word' id='word_1_229' title='bbox 1594 639 1710 675; x_wconf 80' lang='grc' dir='ltr'>ἡμέρας.</span> <span class='ocrx_word' id='word_1_230' title='bbox 1729 649 1738 666; x_wconf 74' lang='grc' dir='ltr'><strong>ι</strong></span> <span class='ocrx_word' id='word_1_231' title='bbox 1760 639 1816 666; x_wconf 80' lang='grc' dir='ltr'><strong>Καὶ</strong></span> <span class='ocrx_word' id='word_1_232' title='bbox 1837 639 1915 667; x_wconf 63' lang='grc' dir='ltr'>πάλιν</span> 
     </span>
    </p>
   </div>
   <div class='ocr_carea' id='block_1_29' title="bbox 1141 684 1916 722">
    <p class='ocr_par' dir='ltr' id='par_1_29' title="bbox 1141 684 1916 722">
     <span class='ocr_line' id='line_1_29' title="bbox 1141 684 1916 722; baseline 0.001 -11"><span class='ocrx_word' id='word_1_233' title='bbox 1141 694 1150 710; x_wconf 74' lang='grc' dir='ltr'><strong>ι</strong></span> <span class='ocrx_word' id='word_1_234' title='bbox 1169 686 1237 712; x_wconf 82' lang='grc' dir='ltr'>Τάδε</span> <span class='ocrx_word' id='word_1_235' title='bbox 1255 684 1326 719; x_wconf 83' lang='grc' dir='ltr'>λέγει</span> <span class='ocrx_word' id='word_1_236' title='bbox 1342 684 1453 720; x_wconf 83' lang='grc' dir='ltr'>Κύριος·</span> <span class='ocrx_word' id='word_1_237' title='bbox 1473 685 1504 711; x_wconf 82' lang='lat' dir='ltr'><strong>El</strong></span> <span class='ocrx_word' id='word_1_238' title='bbox 1523 685 1710 712; x_wconf 77' lang='grc' dir='ltr'>διασκεδάσετε</span> <span class='ocrx_word' id='word_1_239' title='bbox 1730 685 1779 721; x_wconf 85' lang='grc' dir='ltr'><strong>τὴν</strong></span> <span class='ocrx_word' id='word_1_240' title='bbox 1795 685 1916 722; x_wconf 73' lang='grc' dir='ltr'><strong>διαθήκην</strong></span> 
     </span>
    </p>
   </div>
   <div class='ocr_carea' id='block_1_30' title="bbox 1139 730 1915 766">
    <p class='ocr_par' dir='ltr' id='par_1_30' title="bbox 1139 730 1915 766">
     <span class='ocr_line' id='line_1_30' title="bbox 1139 730 1915 766; baseline 0.003 -10"><span class='ocrx_word' id='word_1_241' title='bbox 1139 739 1190 766; x_wconf 89' lang='grc' dir='ltr'><strong>μου</strong></span> <span class='ocrx_word' id='word_1_242' title='bbox 1210 730 1259 766; x_wconf 77' lang='grc' dir='ltr'><strong>τὴν</strong></span> <span class='ocrx_word' id='word_1_243' title='bbox 1281 731 1398 766; x_wconf 85' lang='grc' dir='ltr'><strong>ἡμέραν,</strong></span> <span class='ocrx_word' id='word_1_244' title='bbox 1421 730 1469 757; x_wconf 57' lang='grc' dir='ltr'><strong>καὶ⁸</strong></span> <span class='ocrx_word' id='word_1_245' title='bbox 1487 730 1536 765; x_wconf 82' lang='grc' dir='ltr'>τὴν</span> <span class='ocrx_word' id='word_1_246' title='bbox 1551 730 1681 766; x_wconf 73' lang='grc' dir='ltr'>διαθήκην</span> <span class='ocrx_word' id='word_1_247' title='bbox 1699 739 1749 766; x_wconf 85' lang='grc' dir='ltr'><strong>μου</strong></span> <span class='ocrx_word' id='word_1_248' title='bbox 1766 730 1817 766; x_wconf 76' lang='grc' dir='ltr'>τὴν</span> <span class='ocrx_word' id='word_1_249' title='bbox 1832 732 1915 763; x_wconf 82' lang='grc' dir='ltr'>νύκτα,</span> 
     </span>
    </p>
   </div>
   <div class='ocr_carea' id='block_1_31' title="bbox 1136 776 1915 815">
    <p class='ocr_par' dir='ltr' id='par_1_31' title="bbox 1136 776 1915 815">
     <span class='ocr_line' id='line_1_31' title="bbox 1136 776 1915 815; baseline 0.001 -10"><span class='ocrx_word' id='word_1_250' title='bbox 1136 779 1183 805; x_wconf 84' lang='grc' dir='ltr'>τοῦ</span> <span class='ocrx_word' id='word_1_251' title='bbox 1199 779 1236 814; x_wconf 83' lang='grc' dir='ltr'>μὴ</span> <span class='ocrx_word' id='word_1_252' title='bbox 1252 776 1322 806; x_wconf 76' lang='grc' dir='ltr'>εἶναι</span> <span class='ocrx_word' id='word_1_253' title='bbox 1339 779 1445 814; x_wconf 76' lang='grc' dir='ltr'>ἡμέραν</span> <span class='ocrx_word' id='word_1_254' title='bbox 1462 778 1509 805; x_wconf 75' lang='grc' dir='ltr'><strong>καὶ</strong></span> <span class='ocrx_word' id='word_1_255' title='bbox 1526 778 1610 805; x_wconf 86' lang='grc' dir='ltr'>νύκτα</span> <span class='ocrx_word' id='word_1_256' title='bbox 1625 779 1654 805; x_wconf 83' lang='grc' dir='ltr'><strong>ἐν</strong></span> <span class='ocrx_word' id='word_1_257' title='bbox 1671 778 1710 814; x_wconf 89' lang='grc' dir='ltr'>τῷ</span> <span class='ocrx_word' id='word_1_258' title='bbox 1723 779 1812 815; x_wconf 83' lang='grc' dir='ltr'>καιρῷ</span> <span class='ocrx_word' id='word_1_259' title='bbox 1828 779 1915 806; x_wconf 80' lang='grc' dir='ltr'>αὐτῶν·</span> 
     </span>
    </p>
   </div>
   <div class='ocr_carea' id='block_1_32' title="bbox 1136 825 1918 861">
    <p class='ocr_par' dir='ltr' id='par_1_32' title="bbox 1136 825 1918 861">
     <span class='ocr_line' id='line_1_32' title="bbox 1136 825 1918 861; baseline -0.001 -9"><span class='ocrx_word' id='word_1_260' title='bbox 1136 826 1183 853; x_wconf 78' lang='grc' dir='ltr'>καί</span> <span class='ocrx_word' id='word_1_261' title='bbox 1199 834 1230 860; x_wconf 91' lang='grc' dir='ltr'><strong>γε</strong></span> <span class='ocrx_word' id='word_1_262' title='bbox 1246 825 1263 861; x_wconf 83' lang='grc' dir='ltr'>ἡ</span> <span class='ocrx_word' id='word_1_263' title='bbox 1277 825 1399 861; x_wconf 76' lang='grc' dir='ltr'>Διαθήκη</span> <span class='ocrx_word' id='word_1_264' title='bbox 1417 834 1468 860; x_wconf 82' lang='grc' dir='ltr'><strong>μου</strong></span> <span class='ocrx_word' id='word_1_265' title='bbox 1485 825 1746 860; x_wconf 85' lang='grc' dir='ltr'>διασκεδασθήσεται</span> <span class='ocrx_word' id='word_1_266' title='bbox 1761 825 1832 860; x_wconf 79' lang='grc' dir='ltr'>μετὰ</span> <span class='ocrx_word' id='word_1_267' title='bbox 1847 825 1918 852; x_wconf 78' lang='grc' dir='ltr'>Δαυῖδ</span> 
     </span>
    </p>
   </div>
   <div class='ocr_carea' id='block_1_33' title="bbox 1135 869 1917 906">
    <p class='ocr_par' dir='ltr' id='par_1_33' title="bbox 1135 869 1917 906">
     <span class='ocr_line' id='line_1_33' title="bbox 1135 869 1917 906; baseline 0 -8"><span class='ocrx_word' id='word_1_268' title='bbox 1135 871 1183 898; x_wconf 83' lang='grc' dir='ltr'>τοῦ</span> <span class='ocrx_word' id='word_1_269' title='bbox 1197 871 1291 898; x_wconf 85' lang='grc' dir='ltr'>δούλου</span> <span class='ocrx_word' id='word_1_270' title='bbox 1307 879 1368 906; x_wconf 89' lang='grc' dir='ltr'>μου,</span> <span class='ocrx_word' id='word_1_271' title='bbox 1388 871 1433 897; x_wconf 74' lang='grc' dir='ltr'>τοῦ</span> <span class='ocrx_word' id='word_1_272' title='bbox 1451 871 1488 906; x_wconf 84' lang='grc' dir='ltr'>μὴ</span> <span class='ocrx_word' id='word_1_273' title='bbox 1507 869 1575 898; x_wconf 78' lang='grc' dir='ltr'>εἶναι</span> <span class='ocrx_word' id='word_1_274' title='bbox 1592 870 1666 906; x_wconf 75' lang='grc' dir='ltr'>αὐτῷ</span> <span class='ocrx_word' id='word_1_275' title='bbox 1679 871 1735 897; x_wconf 76' lang='grc' dir='ltr'>υἱὸν</span> <span class='ocrx_word' id='word_1_276' title='bbox 1753 870 1917 905; x_wconf 71' lang='grc' dir='ltr'>βασιλεύοντα</span> 
     </span>
    </p>
   </div>
   <div class='ocr_carea' id='block_1_34' title="bbox 295 916 1077 954">
    <p class='ocr_par' dir='ltr' id='par_1_34' title="bbox 295 916 1077 951">
     <span class='ocr_line' id='line_1_34' title="bbox 295 916 1077 951; baseline 0.004 -8"><span class='ocrx_word' id='word_1_277' title='bbox 295 917 481 951; x_wconf 88' lang='lat' dir='ltr'><strong>multiplicabo</strong></span> <span class='ocrx_word' id='word_1_278' title='bbox 505 924 598 944; x_wconf 86' lang='lat' dir='ltr'><strong>semen</strong></span> <span class='ocrx_word' id='word_1_279' title='bbox 623 916 709 944; x_wconf 88' lang='lat' dir='ltr'><strong>David</strong></span> <span class='ocrx_word' id='word_1_280' title='bbox 733 918 804 945; x_wconf 87' lang='lat' dir='ltr'><strong>servi</strong></span> <span class='ocrx_word' id='word_1_281' title='bbox 832 918 897 950; x_wconf 81' lang='lat' dir='ltr'><strong>mei,</strong></span> <span class='ocrx_word' id='word_1_282' title='bbox 923 922 951 946; x_wconf 89' lang='lat' dir='ltr'><strong>et</strong></span> <span class='ocrx_word' id='word_1_283' title='bbox 975 917 1077 946; x_wconf 67' lang='lat' dir='ltr'><strong>Levita:</strong></span> 
     </span>
    </p>
   </div>
   <div class='ocr_carea' id='block_1_35' title="bbox 1128 916 1918 954">
    <p class='ocr_par' dir='ltr' id='par_1_35' title="bbox 1135 916 1918 953">
     <span class='ocr_line' id='line_1_35' title="bbox 1135 916 1918 953; baseline -0.001 -9"><span class='ocrx_word' id='word_1_284' title='bbox 1135 918 1182 944; x_wconf 72' lang='grc' dir='ltr'><strong>ἐπὶ</strong></span> <span class='ocrx_word' id='word_1_285' title='bbox 1200 916 1246 944; x_wconf 79' lang='grc' dir='ltr'><strong>τοῦ</strong></span> <span class='ocrx_word' id='word_1_286' title='bbox 1263 917 1358 953; x_wconf 80' lang='grc' dir='ltr'>θρόνου</span> <span class='ocrx_word' id='word_1_287' title='bbox 1374 916 1466 948; x_wconf 80' lang='grc' dir='ltr'>αὐτοῦ,</span> <span class='ocrx_word' id='word_1_288' title='bbox 1486 917 1533 944; x_wconf 76' lang='grc' dir='ltr'>καὶ</span> <span class='ocrx_word' id='word_1_289' title='bbox 1553 917 1617 948; x_wconf 82' lang='grc' dir='ltr'>τοὺς</span> <span class='ocrx_word' id='word_1_290' title='bbox 1629 917 1744 949; x_wconf 80' lang='grc' dir='ltr'>Λευῖτας</span> <span class='ocrx_word' id='word_1_291' title='bbox 1764 918 1829 948; x_wconf 83' lang='grc' dir='ltr'>τοὺς</span> <span class='ocrx_word' id='word_1_292' title='bbox 1846 917 1918 952; x_wconf 80' lang='grc' dir='ltr'>ἱερεῖς</span> 
     </span>
    </p>
   </div>
   <div class='ocr_carea' id='block_1_36' title="bbox 294 963 1080 1000">
    <p class='ocr_par' dir='ltr' id='par_1_36' title="bbox 294 963 1080 1000">
     <span class='ocr_line' id='line_1_36' title="bbox 294 963 1080 1000; baseline 0.004 -11"><span class='ocrx_word' id='word_1_293' title='bbox 294 963 436 991; x_wconf 88' lang='lat' dir='ltr'><strong>ministros</strong></span> <span class='ocrx_word' id='word_1_294' title='bbox 454 971 528 991; x_wconf 90' lang='lat' dir='ltr'><strong>meos</strong></span> <span class='ocrx_word' id='word_1_295' title='bbox 545 964 566 990; x_wconf 86' lang='grc'><strong>⁵.</strong></span> <span class='ocrx_word' id='word_1_296' title='bbox 582 973 592 989; x_wconf 72' lang='grc' dir='ltr'><strong>ι</strong></span> <span class='ocrx_word' id='word_1_297' title='bbox 607 964 696 998; x_wconf 84' lang='lat' dir='ltr'><strong>Atque</strong></span> <span class='ocrx_word' id='word_1_298' title='bbox 712 963 812 991; x_wconf 80' lang='lat' dir='ltr'><strong>iterum</strong></span> <span class='ocrx_word' id='word_1_299' title='bbox 828 968 891 999; x_wconf 90' lang='lat' dir='ltr'><strong>post</strong></span> <span class='ocrx_word' id='word_1_300' title='bbox 912 972 1000 1000; x_wconf 80' lang='lat' dir='ltr'><strong>pauca</strong></span> <span class='ocrx_word' id='word_1_301' title='bbox 1022 966 1059 992; x_wconf 85' lang='lat' dir='ltr'><strong>ait</strong></span> <span class='ocrx_word' id='word_1_302' title='bbox 1074 976 1080 993; x_wconf 72' lang='grc' dir='ltr'><strong>ε</strong></span> 
     </span>
    </p>
   </div>
   <div class='ocr_carea' id='block_1_37' title="bbox 295 1009 1082 1044">
    <p class='ocr_par' dir='ltr' id='par_1_37' title="bbox 295 1009 1082 1044">
     <span class='ocr_line' id='line_1_37' title="bbox 295 1009 1082 1044; baseline 0.003 -8"><span class='ocrx_word' id='word_1_303' title='bbox 295 1019 305 1033; x_wconf 79' lang='grc' dir='ltr'><strong>ι</strong></span> <span class='ocrx_word' id='word_1_304' title='bbox 323 1009 385 1036; x_wconf 61' lang='lat' dir='ltr'><strong>Haec</strong></span> <span class='ocrx_word' id='word_1_305' title='bbox 399 1009 466 1037; x_wconf 87' lang='lat' dir='ltr'><strong>dicit</strong></span> <span class='ocrx_word' id='word_1_306' title='bbox 480 1009 632 1038; x_wconf 85' lang='lat' dir='ltr'><strong>Dominus:</strong></span> <span class='ocrx_word' id='word_1_307' title='bbox 649 1009 678 1037; x_wconf 87' lang='lat' dir='ltr'><strong>Si</strong></span> <span class='ocrx_word' id='word_1_308' title='bbox 694 1014 804 1044; x_wconf 84' lang='lat' dir='ltr'><strong>pactum</strong></span> <span class='ocrx_word' id='word_1_309' title='bbox 820 1018 910 1037; x_wconf 90' lang='lat' dir='ltr'><strong>meum</strong></span> <span class='ocrx_word' id='word_1_310' title='bbox 924 1011 997 1038; x_wconf 88' lang='lat' dir='ltr'><strong>inter</strong></span> <span class='ocrx_word' id='word_1_311' title='bbox 1010 1010 1082 1038; x_wconf 91' lang='lat' dir='ltr'><strong>diem</strong></span> 
     </span>
    </p>
   </div>
   <div class='ocr_carea' id='block_1_38' title="bbox 292 1055 1083 1092">
    <p class='ocr_par' dir='ltr' id='par_1_38' title="bbox 292 1055 1083 1092">
     <span class='ocr_line' id='line_1_38' title="bbox 292 1055 1083 1092; baseline 0.004 -11"><span class='ocrx_word' id='word_1_312' title='bbox 292 1059 319 1081; x_wconf 90' lang='lat' dir='ltr'><strong>et</strong></span> <span class='ocrx_word' id='word_1_313' title='bbox 334 1059 457 1087; x_wconf 88' lang='lat' dir='ltr'><strong>noctem,</strong></span> <span class='ocrx_word' id='word_1_314' title='bbox 473 1058 500 1082; x_wconf 89' lang='lat' dir='ltr'><strong>et</strong></span> <span class='ocrx_word' id='word_1_315' title='bbox 514 1055 588 1091; x_wconf 74' lang='lat' dir='ltr'><strong>leges</strong></span> <span class='ocrx_word' id='word_1_316' title='bbox 603 1055 674 1083; x_wconf 72' lang='lat' dir='ltr'><strong>coelo</strong></span> <span class='ocrx_word' id='word_1_317' title='bbox 687 1060 714 1083; x_wconf 90' lang='lat' dir='ltr'><strong>et</strong></span> <span class='ocrx_word' id='word_1_318' title='bbox 731 1060 811 1083; x_wconf 68' lang='lat' dir='ltr'><strong>terra:</strong></span> <span class='ocrx_word' id='word_1_319' title='bbox 826 1064 879 1083; x_wconf 92' lang='lat' dir='ltr'><strong>non</strong></span> <span class='ocrx_word' id='word_1_320' title='bbox 892 1057 991 1092; x_wconf 86' lang='lat' dir='ltr'><strong>posui;</strong></span> <span class='ocrx_word' id='word_1_321' title='bbox 1005 1056 1083 1092; x_wconf 89' lang='lat' dir='ltr'><strong>equi-</strong></span> 
     </span>
    </p>
   </div>
   <div class='ocr_carea' id='block_1_39' title="bbox 293 1100 1080 1138">
    <p class='ocr_par' dir='ltr' id='par_1_39' title="bbox 293 1100 1080 1138">
     <span class='ocr_line' id='line_1_39' title="bbox 293 1100 1080 1138; baseline 0.003 -10"><span class='ocrx_word' id='word_1_322' title='bbox 293 1101 354 1128; x_wconf 90' lang='lat' dir='ltr'><strong>dem</strong></span> <span class='ocrx_word' id='word_1_323' title='bbox 368 1106 395 1128; x_wconf 90' lang='lat' dir='ltr'><strong>et</strong></span> <span class='ocrx_word' id='word_1_324' title='bbox 408 1109 500 1129; x_wconf 85' lang='lat' dir='ltr'><strong>semen</strong></span> <span class='ocrx_word' id='word_1_325' title='bbox 517 1100 602 1129; x_wconf 83' lang='lat' dir='ltr'><strong>Jaeob</strong></span> <span class='ocrx_word' id='word_1_326' title='bbox 615 1105 643 1128; x_wconf 89' lang='lat' dir='ltr'><strong>et</strong></span> <span class='ocrx_word' id='word_1_327' title='bbox 658 1101 743 1129; x_wconf 89' lang='lat' dir='ltr'><strong>David</strong></span> <span class='ocrx_word' id='word_1_328' title='bbox 760 1102 832 1129; x_wconf 85' lang='lat' dir='ltr'><strong>servi</strong></span> <span class='ocrx_word' id='word_1_329' title='bbox 849 1103 902 1130; x_wconf 92' lang='lat' dir='ltr'><strong>mei</strong></span> <span class='ocrx_word' id='word_1_330' title='bbox 917 1103 1060 1138; x_wconf 89' lang='lat' dir='ltr'><strong>projiciam</strong></span> <span class='ocrx_word' id='word_1_331' title='bbox 1072 1120 1080 1136; x_wconf 84' lang='lat'><strong>,</strong></span> 
     </span>
    </p>
   </div>
   <div class='ocr_carea' id='block_1_40' title="bbox 292 1147 1081 1183">
    <p class='ocr_par' dir='ltr' id='par_1_40' title="bbox 292 1147 1081 1183">
     <span class='ocr_line' id='line_1_40' title="bbox 292 1147 1081 1183; baseline 0.003 -9"><span class='ocrx_word' id='word_1_332' title='bbox 292 1151 322 1174; x_wconf 92' lang='lat' dir='ltr'><strong>ut</strong></span> <span class='ocrx_word' id='word_1_333' title='bbox 336 1155 389 1174; x_wconf 87' lang='lat' dir='ltr'><strong>non</strong></span> <span class='ocrx_word' id='word_1_334' title='bbox 406 1155 544 1176; x_wconf 86' lang='lat' dir='ltr'><strong>assumam</strong></span> <span class='ocrx_word' id='word_1_335' title='bbox 558 1148 592 1175; x_wconf 83' lang='lat' dir='ltr'><strong>de</strong></span> <span class='ocrx_word' id='word_1_336' title='bbox 607 1148 712 1175; x_wconf 87' lang='lat' dir='ltr'><strong>semine</strong></span> <span class='ocrx_word' id='word_1_337' title='bbox 728 1147 789 1182; x_wconf 90' lang='lat' dir='ltr'><strong>ejus</strong></span> <span class='ocrx_word' id='word_1_338' title='bbox 812 1148 952 1183; x_wconf 87' lang='lat' dir='ltr'><strong>principes</strong></span> <span class='ocrx_word' id='word_1_339' title='bbox 967 1149 1081 1177; x_wconf 84' lang='lat' dir='ltr'><strong>seminis</strong></span> 
     </span>
    </p>
   </div>
   <div class='ocr_carea' id='block_1_41' title="bbox 291 1191 1077 1228">
    <p class='ocr_par' dir='ltr' id='par_1_41' title="bbox 291 1191 1077 1228">
     <span class='ocr_line' id='line_1_41' title="bbox 291 1191 1077 1228; baseline 0.003 -10"><span class='ocrx_word' id='word_1_340' title='bbox 291 1192 446 1225; x_wconf 80' lang='lat' dir='ltr'><strong>Abraham,</strong></span> <span class='ocrx_word' id='word_1_341' title='bbox 464 1191 541 1220; x_wconf 81' lang='lat' dir='ltr'><strong>Isaac</strong></span> <span class='ocrx_word' id='word_1_342' title='bbox 556 1196 583 1219; x_wconf 88' lang='lat' dir='ltr'><strong>et</strong></span> <span class='ocrx_word' id='word_1_343' title='bbox 599 1191 684 1219; x_wconf 70' lang='lat' dir='ltr'><strong>Iacob</strong></span> <span class='ocrx_word' id='word_1_344' title='bbox 699 1193 719 1220; x_wconf 76' lang='grc'><strong>⁸.</strong></span> <span class='ocrx_word' id='word_1_345' title='bbox 737 1202 745 1218; x_wconf 74' lang='grc' dir='ltr'><strong>ι</strong></span> <span class='ocrx_word' id='word_1_346' title='bbox 760 1191 904 1225; x_wconf 84' lang='lat' dir='ltr'><strong>Quodnam</strong></span> <span class='ocrx_word' id='word_1_347' title='bbox 930 1192 1002 1219; x_wconf 90' lang='lat' dir='ltr'><strong>enim</strong></span> <span class='ocrx_word' id='word_1_348' title='bbox 1019 1200 1077 1228; x_wconf 78' lang='lat' dir='ltr'><strong>ger-</strong></span> 
     </span>
    </p>
   </div>
   <div class='ocr_carea' id='block_1_42' title="bbox 291 1237 1079 1266">
    <p class='ocr_par' dir='ltr' id='par_1_42' title="bbox 291 1237 1079 1266">
     <span class='ocr_line' id='line_1_42' title="bbox 291 1237 1079 1266; baseline -0.001 -1"><span class='ocrx_word' id='word_1_349' title='bbox 291 1247 353 1266; x_wconf 83' lang='lat' dir='ltr'><strong>men</strong></span> <span class='ocrx_word' id='word_1_350' title='bbox 379 1238 510 1266; x_wconf 87' lang='lat' dir='ltr'><strong>Dominus</strong></span> <span class='ocrx_word' id='word_1_351' title='bbox 539 1237 635 1265; x_wconf 90' lang='lat' dir='ltr'><strong>Davidi</strong></span> <span class='ocrx_word' id='word_1_352' title='bbox 663 1238 848 1266; x_wconf 86' lang='lat' dir='ltr'><strong>suscitaturus</strong></span> <span class='ocrx_word' id='word_1_353' title='bbox 863 1238 930 1265; x_wconf 86' lang='lat' dir='ltr'><strong>est?</strong></span> <span class='ocrx_word' id='word_1_354' title='bbox 954 1237 1079 1265; x_wconf 88' lang='lat' dir='ltr'><strong>Divinum</strong></span> 
     </span>
    </p>
   </div>
   <div class='ocr_carea' id='block_1_43' title="bbox 294 1282 1080 1320">
    <p class='ocr_par' dir='ltr' id='par_1_43' title="bbox 294 1282 1080 1320">
     <span class='ocr_line' id='line_1_43' title="bbox 294 1282 1080 1320; baseline -0.001 -8"><span class='ocrx_word' id='word_1_355' title='bbox 294 1285 423 1317; x_wconf 85' lang='lat' dir='ltr'><strong>Verbum,</strong></span> <span class='ocrx_word' id='word_1_356' title='bbox 438 1285 472 1313; x_wconf 90' lang='lat' dir='ltr'><strong>de</strong></span> <span class='ocrx_word' id='word_1_357' title='bbox 496 1293 550 1320; x_wconf 83' lang='lat' dir='ltr'><strong>quo</strong></span> <span class='ocrx_word' id='word_1_358' title='bbox 573 1285 641 1312; x_wconf 85' lang='lat' dir='ltr'><strong>alias</strong></span> <span class='ocrx_word' id='word_1_359' title='bbox 665 1284 787 1311; x_wconf 85' lang='lat' dir='ltr'><strong>dicitur:</strong></span> <span class='ocrx_word' id='word_1_360' title='bbox 803 1294 812 1309; x_wconf 76' lang='grc' dir='ltr'><strong>ι</strong></span> <span class='ocrx_word' id='word_1_361' title='bbox 828 1283 899 1311; x_wconf 84' lang='lat' dir='ltr'><strong>Ecce</strong></span> <span class='ocrx_word' id='word_1_362' title='bbox 913 1284 966 1316; x_wconf 81' lang='lat' dir='ltr'><strong>vir,</strong></span> <span class='ocrx_word' id='word_1_363' title='bbox 981 1282 1080 1312; x_wconf 85' lang='lat' dir='ltr'><strong>Oriens</strong></span> 
     </span>
    </p>
   </div>
   <div class='ocr_carea' id='block_1_44' title="bbox 290 1330 1078 1366">
    <p class='ocr_par' dir='ltr' id='par_1_44' title="bbox 290 1330 1078 1366">
     <span class='ocr_line' id='line_1_44' title="bbox 290 1330 1078 1366; baseline -0.003 -8"><span class='ocrx_word' id='word_1_364' title='bbox 290 1339 391 1359; x_wconf 86' lang='lat' dir='ltr'><strong>nomen</strong></span> <span class='ocrx_word' id='word_1_365' title='bbox 411 1332 472 1365; x_wconf 84' lang='lat' dir='ltr'><strong>ejus</strong></span> <span class='ocrx_word' id='word_1_366' title='bbox 489 1331 519 1364; x_wconf 88' lang='grc'><strong>⁷;</strong></span> <span class='ocrx_word' id='word_1_367' title='bbox 536 1341 545 1356; x_wconf 86' lang='lat' dir='ltr'><strong>I</strong></span> <span class='ocrx_word' id='word_1_368' title='bbox 561 1331 607 1366; x_wconf 95' lang='lat' dir='ltr'><strong>qui</strong></span> <span class='ocrx_word' id='word_1_369' title='bbox 631 1335 658 1358; x_wconf 92' lang='lat' dir='ltr'><strong>et</strong></span> <span class='ocrx_word' id='word_1_370' title='bbox 681 1334 846 1365; x_wconf 73' lang='lat' dir='ltr'><strong>regnaturus</strong></span> <span class='ocrx_word' id='word_1_371' title='bbox 869 1330 1078 1365; x_wconf 73' lang='lat' dir='ltr'><strong>praenuntiatur,</strong></span> 
     </span>
    </p>
   </div>
   <div class='ocr_carea' id='block_1_45' title="bbox 291 1375 1078 1412">
    <p class='ocr_par' dir='ltr' id='par_1_45' title="bbox 291 1375 1078 1412">
     <span class='ocr_line' id='line_1_45' title="bbox 291 1375 1078 1412; baseline -0.003 -9"><span class='ocrx_word' id='word_1_372' title='bbox 291 1384 323 1404; x_wconf 80' lang='lat' dir='ltr'><strong>ac</strong></span> <span class='ocrx_word' id='word_1_373' title='bbox 341 1387 350 1403; x_wconf 87' lang='grc'><strong>‹</strong></span> <span class='ocrx_word' id='word_1_374' title='bbox 365 1377 476 1412; x_wconf 84' lang='lat' dir='ltr'><strong>sapiens</strong></span> <span class='ocrx_word' id='word_1_375' title='bbox 491 1376 544 1404; x_wconf 85' lang='lat' dir='ltr'><strong>erit</strong></span> <span class='ocrx_word' id='word_1_376' title='bbox 559 1380 587 1403; x_wconf 92' lang='lat' dir='ltr'><strong>et</strong></span> <span class='ocrx_word' id='word_1_377' title='bbox 606 1375 688 1402; x_wconf 79' lang='lat' dir='ltr'><strong>faciet</strong></span> <span class='ocrx_word' id='word_1_378' title='bbox 701 1375 835 1410; x_wconf 91' lang='lat' dir='ltr'><strong>judicium</strong></span> <span class='ocrx_word' id='word_1_379' title='bbox 852 1379 879 1402; x_wconf 88' lang='lat' dir='ltr'><strong>et</strong></span> <span class='ocrx_word' id='word_1_380' title='bbox 898 1375 1035 1410; x_wconf 83' lang='lat' dir='ltr'><strong>justitiam</strong></span> <span class='ocrx_word' id='word_1_381' title='bbox 1052 1375 1078 1402; x_wconf 94' lang='lat' dir='ltr'><strong>in</strong></span> 
     </span>
    </p>
   </div>
   <div class='ocr_carea' id='block_1_46' title="bbox 290 1421 1080 1457">
    <p class='ocr_par' dir='ltr' id='par_1_46' title="bbox 290 1421 1080 1457">
     <span class='ocr_line' id='line_1_46' title="bbox 290 1421 1080 1457; baseline 0 -8"><span class='ocrx_word' id='word_1_382' title='bbox 290 1426 374 1450; x_wconf 85' lang='lat' dir='ltr'><strong>terra.</strong></span> <span class='ocrx_word' id='word_1_383' title='bbox 390 1433 400 1449; x_wconf 69' lang='grc' dir='ltr'><strong>ι</strong></span> <span class='ocrx_word' id='word_1_384' title='bbox 411 1422 461 1450; x_wconf 89' lang='lat' dir='ltr'><strong>llic</strong></span> <span class='ocrx_word' id='word_1_385' title='bbox 473 1427 498 1450; x_wconf 85' lang='lat' dir='ltr'><strong>et</strong></span> <span class='ocrx_word' id='word_1_386' title='bbox 515 1423 542 1450; x_wconf 89' lang='lat' dir='ltr'><strong>in</strong></span> <span class='ocrx_word' id='word_1_387' title='bbox 559 1423 681 1449; x_wconf 87' lang='lat' dir='ltr'><strong>tenebris</strong></span> <span class='ocrx_word' id='word_1_388' title='bbox 696 1421 856 1449; x_wconf 86' lang='lat' dir='ltr'><strong>sedentibus</strong></span> <span class='ocrx_word' id='word_1_389' title='bbox 872 1421 971 1448; x_wconf 89' lang='lat' dir='ltr'><strong>animis</strong></span> <span class='ocrx_word' id='word_1_390' title='bbox 986 1426 1080 1457; x_wconf 72' lang='lat' dir='ltr'><strong>surget</strong></span> 
     </span>
    </p>
   </div>
   <div class='ocr_carea' id='block_1_47' title="bbox 290 1468 1078 1504">
    <p class='ocr_par' dir='ltr' id='par_1_47' title="bbox 290 1468 1078 1504">
     <span class='ocr_line' id='line_1_47' title="bbox 290 1468 1078 1504; baseline 0 -9"><span class='ocrx_word' id='word_1_391' title='bbox 290 1469 335 1496; x_wconf 82' lang='lat' dir='ltr'><strong>lux</strong></span> <span class='ocrx_word' id='word_1_392' title='bbox 351 1469 379 1496; x_wconf 91' lang='lat' dir='ltr'><strong>in</strong></span> <span class='ocrx_word' id='word_1_393' title='bbox 396 1469 502 1497; x_wconf 68' lang='lat' dir='ltr'><strong>cmlesti</strong></span> <span class='ocrx_word' id='word_1_394' title='bbox 518 1477 604 1504; x_wconf 78' lang='lat' dir='ltr'><strong>regno</strong></span> <span class='ocrx_word' id='word_1_395' title='bbox 624 1477 694 1502; x_wconf 82' lang='lat' dir='ltr'><strong>suo;</strong></span> <span class='ocrx_word' id='word_1_396' title='bbox 727 1469 843 1504; x_wconf 84' lang='lat' dir='ltr'><strong>quique.</strong></span> <span class='ocrx_word' id='word_1_397' title='bbox 863 1468 941 1503; x_wconf 78' lang='lat' dir='ltr'><strong>juxta</strong></span> <span class='ocrx_word' id='word_1_398' title='bbox 962 1468 1078 1503; x_wconf 84' lang='lat' dir='ltr'><strong>Aposto-</strong></span> 
     </span>
    </p>
   </div>
   <div class='ocr_carea' id='block_1_48' title="bbox 290 1514 1077 1551">
    <p class='ocr_par' dir='ltr' id='par_1_48' title="bbox 290 1514 1077 1551">
     <span class='ocr_line' id='line_1_48' title="bbox 290 1514 1077 1551; baseline -0.003 -8"><span class='ocrx_word' id='word_1_399' title='bbox 290 1516 405 1547; x_wconf 80' lang='lat' dir='ltr'><strong>stolum.</strong></span> <span class='ocrx_word' id='word_1_400' title='bbox 425 1526 434 1542; x_wconf 78' lang='grc' dir='ltr'><strong>ι</strong></span> <span class='ocrx_word' id='word_1_401' title='bbox 449 1516 590 1551; x_wconf 83' lang='lat' dir='ltr'><strong>plenitudo</strong></span> <span class='ocrx_word' id='word_1_402' title='bbox 611 1516 733 1551; x_wconf 76' lang='lat' dir='ltr'><strong>gentium</strong></span> <span class='ocrx_word' id='word_1_403' title='bbox 749 1516 864 1543; x_wconf 89' lang='lat' dir='ltr'><strong>intrabit</strong></span> <span class='ocrx_word' id='word_1_404' title='bbox 878 1515 900 1547; x_wconf 82' lang='grc'>⁸,</span> <span class='ocrx_word' id='word_1_405' title='bbox 917 1525 926 1541; x_wconf 70' lang='grc' dir='ltr'><strong>ι</strong></span> <span class='ocrx_word' id='word_1_406' title='bbox 943 1519 970 1542; x_wconf 89' lang='lat' dir='ltr'><strong>et</strong></span> <span class='ocrx_word' id='word_1_407' title='bbox 987 1514 1077 1542; x_wconf 86' lang='lat' dir='ltr'><strong>omnis</strong></span> 
     </span>
    </p>
   </div>
   <div class='ocr_carea' id='block_1_49' title="bbox 290 1561 1076 1597">
    <p class='ocr_par' dir='ltr' id='par_1_49' title="bbox 290 1561 1076 1597">
     <span class='ocr_line' id='line_1_49' title="bbox 290 1561 1076 1597; baseline -0.001 -8"><span class='ocrx_word' id='word_1_408' title='bbox 290 1570 370 1590; x_wconf 85' lang='lat' dir='ltr'><strong>verus</strong></span> <span class='ocrx_word' id='word_1_409' title='bbox 384 1562 467 1590; x_wconf 88' lang='lat' dir='ltr'><strong>lsrael</strong></span> <span class='ocrx_word' id='word_1_410' title='bbox 481 1570 542 1590; x_wconf 85' lang='lat' dir='ltr'><strong>cum</strong></span> <span class='ocrx_word' id='word_1_411' title='bbox 556 1562 690 1597; x_wconf 87' lang='lat' dir='ltr'><strong>spirituali</strong></span> <span class='ocrx_word' id='word_1_412' title='bbox 703 1561 783 1589; x_wconf 82' lang='lat' dir='ltr'><strong>Juda.</strong></span> <span class='ocrx_word' id='word_1_413' title='bbox 798 1561 995 1594; x_wconf 86' lang='lat' dir='ltr'><strong>Salvabuntur,</strong></span> <span class='ocrx_word' id='word_1_414' title='bbox 1007 1569 1076 1596; x_wconf 89' lang='lat' dir='ltr'><strong>quos</strong></span> 
     </span>
    </p>
   </div>
   <div class='ocr_carea' id='block_1_50' title="bbox 288 1607 1077 1644">
    <p class='ocr_par' dir='ltr' id='par_1_50' title="bbox 288 1607 1077 1644">
     <span class='ocr_line' id='line_1_50' title="bbox 288 1607 1077 1644; baseline -0.003 -8"><span class='ocrx_word' id='word_1_415' title='bbox 288 1613 316 1636; x_wconf 87' lang='lat' dir='ltr'><strong>et</strong></span> <span class='ocrx_word' id='word_1_416' title='bbox 330 1609 438 1637; x_wconf 86' lang='lat' dir='ltr'><strong>vocabit</strong></span> <span class='ocrx_word' id='word_1_417' title='bbox 461 1609 537 1644; x_wconf 88' lang='lat' dir='ltr'><strong>ipsos</strong></span> <span class='ocrx_word' id='word_1_418' title='bbox 560 1609 693 1636; x_wconf 86' lang='lat' dir='ltr'><strong>Dominus</strong></span> <span class='ocrx_word' id='word_1_419' title='bbox 713 1609 875 1636; x_wconf 91' lang='lat' dir='ltr'><strong>nominatim</strong></span> <span class='ocrx_word' id='word_1_420' title='bbox 887 1628 895 1640; x_wconf 88' lang='lat'><strong>,</strong></span> <span class='ocrx_word' id='word_1_421' title='bbox 912 1615 982 1643; x_wconf 91' lang='lat' dir='ltr'><strong>quos</strong></span> <span class='ocrx_word' id='word_1_422' title='bbox 1001 1607 1077 1642; x_wconf 90' lang='lat' dir='ltr'><strong>ipsos</strong></span> 
     </span>
    </p>
   </div>
   <div class='ocr_carea' id='block_1_51' title="bbox 287 1654 1077 1690">
    <p class='ocr_par' dir='ltr' id='par_1_51' title="bbox 287 1654 1077 1690">
     <span class='ocr_line' id='line_1_51' title="bbox 287 1654 1077 1690; baseline -0.001 -8"><span class='ocrx_word' id='word_1_423' title='bbox 287 1655 386 1690; x_wconf 77' lang='lat' dir='ltr'><strong>dignos</strong></span> <span class='ocrx_word' id='word_1_424' title='bbox 404 1654 542 1690; x_wconf 79' lang='lat' dir='ltr'><strong>judicabit</strong></span> <span class='ocrx_word' id='word_1_425' title='bbox 564 1655 591 1682; x_wconf 94' lang='lat' dir='ltr'><strong>in</strong></span> <span class='ocrx_word' id='word_1_426' title='bbox 613 1655 743 1687; x_wconf 82' lang='lat' dir='ltr'><strong>Josedec,</strong></span> <span class='ocrx_word' id='word_1_427' title='bbox 765 1654 838 1690; x_wconf 91' lang='lat' dir='ltr'><strong>quod</strong></span> <span class='ocrx_word' id='word_1_428' title='bbox 862 1655 1077 1690; x_wconf 86' lang='lat' dir='ltr'><strong>interpretantur</strong></span> 
     </span>
    </p>
   </div>
   <div class='ocr_carea' id='block_1_52' title="bbox 287 1700 1076 1736">
    <p class='ocr_par' dir='ltr' id='par_1_52' title="bbox 287 1700 1076 1736">
     <span class='ocr_line' id='line_1_52' title="bbox 287 1700 1076 1736; baseline 0 -8"><span class='ocrx_word' id='word_1_429' title='bbox 287 1701 336 1728; x_wconf 82' lang='lat' dir='ltr'><strong>Dei</strong></span> <span class='ocrx_word' id='word_1_430' title='bbox 345 1701 446 1736; x_wconf 79' lang='lat' dir='ltr'><strong>justas.</strong></span> <span class='ocrx_word' id='word_1_431' title='bbox 464 1700 493 1728; x_wconf 90' lang='lat' dir='ltr'><strong>In</strong></span> <span class='ocrx_word' id='word_1_432' title='bbox 507 1701 550 1729; x_wconf 92' lang='lat' dir='ltr'><strong>die</strong></span> <span class='ocrx_word' id='word_1_433' title='bbox 565 1705 656 1728; x_wconf 87' lang='lat' dir='ltr'><strong>autem</strong></span> <span class='ocrx_word' id='word_1_434' title='bbox 671 1701 717 1728; x_wconf 86' lang='lat' dir='ltr'><strong>illa</strong></span> <span class='ocrx_word' id='word_1_435' title='bbox 728 1721 736 1733; x_wconf 88' lang='lat'><strong><em>,</em></strong></span> <span class='ocrx_word' id='word_1_436' title='bbox 752 1708 813 1728; x_wconf 88' lang='lat' dir='ltr'><strong>cum</strong></span> <span class='ocrx_word' id='word_1_437' title='bbox 831 1701 989 1729; x_wconf 83' lang='lat' dir='ltr'><strong>liberaverit</strong></span> <span class='ocrx_word' id='word_1_438' title='bbox 1004 1700 1076 1728; x_wconf 86' lang='lat' dir='ltr'><strong>Deus</strong></span> 
     </span>
    </p>
   </div>
   <div class='ocr_carea' id='block_1_53' title="bbox 286 1746 1074 1781">
    <p class='ocr_par' dir='ltr' id='par_1_53' title="bbox 286 1746 1074 1781">
     <span class='ocr_line' id='line_1_53' title="bbox 286 1746 1074 1781; baseline 0 -8"><span class='ocrx_word' id='word_1_439' title='bbox 286 1754 334 1774; x_wconf 85' lang='lat' dir='ltr'><strong>eos</strong></span> <span class='ocrx_word' id='word_1_440' title='bbox 349 1754 364 1772; x_wconf 91' lang='lat' dir='ltr'><strong>a</strong></span> <span class='ocrx_word' id='word_1_441' title='bbox 379 1746 481 1774; x_wconf 85' lang='lat' dir='ltr'><strong>diaboli</strong></span> <span class='ocrx_word' id='word_1_442' title='bbox 498 1746 648 1778; x_wconf 86' lang='lat' dir='ltr'><strong>servitute,</strong></span> <span class='ocrx_word' id='word_1_443' title='bbox 664 1746 732 1774; x_wconf 88' lang='lat' dir='ltr'><strong>adeo</strong></span> <span class='ocrx_word' id='word_1_444' title='bbox 748 1749 777 1773; x_wconf 91' lang='lat' dir='ltr'><strong>ut</strong></span> <span class='ocrx_word' id='word_1_445' title='bbox 798 1753 852 1773; x_wconf 93' lang='lat' dir='ltr'><strong>non</strong></span> <span class='ocrx_word' id='word_1_446' title='bbox 872 1746 929 1781; x_wconf 87' lang='lat' dir='ltr'><strong>jam</strong></span> <span class='ocrx_word' id='word_1_447' title='bbox 950 1746 1007 1778; x_wconf 86' lang='lat' dir='ltr'><strong>illi.</strong></span> <span class='ocrx_word' id='word_1_448' title='bbox 1024 1746 1074 1773; x_wconf 90' lang='lat' dir='ltr'><strong>soli</strong></span> 
     </span>
    </p>
   </div>
   <div class='ocr_carea' id='block_1_54' title="bbox 286 1791 1076 1823">
    <p class='ocr_par' dir='ltr' id='par_1_54' title="bbox 286 1791 1076 1823">
     <span class='ocr_line' id='line_1_54' title="bbox 286 1791 1076 1823; baseline -0.001 -4"><span class='ocrx_word' id='word_1_449' title='bbox 286 1800 353 1820; x_wconf 81' lang='lat' dir='ltr'><strong>vero</strong></span> <span class='ocrx_word' id='word_1_450' title='bbox 369 1791 487 1819; x_wconf 90' lang='lat' dir='ltr'><strong>Domino</strong></span> <span class='ocrx_word' id='word_1_451' title='bbox 503 1791 560 1819; x_wconf 91' lang='lat' dir='ltr'><strong>Deo</strong></span> <span class='ocrx_word' id='word_1_452' title='bbox 575 1791 714 1823; x_wconf 84' lang='lat' dir='ltr'><strong>serviant,</strong></span> <span class='ocrx_word' id='word_1_453' title='bbox 730 1792 867 1818; x_wconf 87' lang='lat' dir='ltr'><strong>oriturum</strong></span> <span class='ocrx_word' id='word_1_454' title='bbox 881 1791 923 1819; x_wconf 90' lang='lat' dir='ltr'><strong>eis</strong></span> <span class='ocrx_word' id='word_1_455' title='bbox 937 1791 1008 1819; x_wconf 90' lang='lat' dir='ltr'><strong>Deus</strong></span> <span class='ocrx_word' id='word_1_456' title='bbox 1023 1791 1076 1818; x_wconf 81' lang='lat' dir='ltr'><strong>Da-</strong></span> 
     </span>
    </p>
   </div>
   <div class='ocr_carea' id='block_1_55' title="bbox 286 1837 1074 1874">
    <p class='ocr_par' dir='ltr' id='par_1_55' title="bbox 286 1837 1074 1874">
     <span class='ocr_line' id='line_1_55' title="bbox 286 1837 1074 1874; baseline 0 -8"><span class='ocrx_word' id='word_1_457' title='bbox 286 1839 374 1866; x_wconf 77' lang='lat' dir='ltr'><strong>vitlem</strong></span> <span class='ocrx_word' id='word_1_458' title='bbox 390 1847 481 1874; x_wconf 77' lang='lat' dir='ltr'><strong>regem</strong></span> <span class='ocrx_word' id='word_1_459' title='bbox 496 1839 652 1874; x_wconf 85' lang='lat' dir='ltr'><strong>pollicetur,</strong></span> <span class='ocrx_word' id='word_1_460' title='bbox 678 1838 785 1866; x_wconf 88' lang='lat' dir='ltr'><strong>scilicet</strong></span> <span class='ocrx_word' id='word_1_461' title='bbox 808 1841 902 1865; x_wconf 86' lang='lat' dir='ltr'><strong>natum</strong></span> <span class='ocrx_word' id='word_1_462' title='bbox 926 1845 941 1864; x_wconf 91' lang='lat' dir='ltr'><strong>e</strong></span> <span class='ocrx_word' id='word_1_463' title='bbox 963 1837 1074 1866; x_wconf 90' lang='lat' dir='ltr'><strong>Davidis</strong></span> 
     </span>
    </p>
   </div>
   <div class='ocr_carea' id='block_1_56' title="bbox 286 1884 1074 1918">
    <p class='ocr_par' dir='ltr' id='par_1_56' title="bbox 286 1884 1074 1918">
     <span class='ocr_line' id='line_1_56' title="bbox 286 1884 1074 1918; baseline -0.001 -6"><span class='ocrx_word' id='word_1_464' title='bbox 286 1885 390 1912; x_wconf 83' lang='lat' dir='ltr'><strong>semine</strong></span> <span class='ocrx_word' id='word_1_465' title='bbox 416 1884 584 1912; x_wconf 87' lang='lat' dir='ltr'><strong>Salvatorem</strong></span> <span class='ocrx_word' id='word_1_466' title='bbox 613 1887 737 1911; x_wconf 84' lang='lat' dir='ltr'><strong>nostrum</strong></span> <span class='ocrx_word' id='word_1_467' title='bbox 753 1903 762 1916; x_wconf 84' lang='lat'><strong>,</strong></span> <span class='ocrx_word' id='word_1_468' title='bbox 789 1891 869 1918; x_wconf 88' lang='lat' dir='ltr'><strong>quem</strong></span> <span class='ocrx_word' id='word_1_469' title='bbox 899 1884 1074 1918; x_wconf 86' lang='lat' dir='ltr'><strong>peculiariter</strong></span> 
     </span>
    </p>
   </div>
   <div class='ocr_carea' id='block_1_57' title="bbox 285 1928 1074 1965">
    <p class='ocr_par' dir='ltr' id='par_1_57' title="bbox 285 1928 1074 1965">
     <span class='ocr_line' id='line_1_57' title="bbox 285 1928 1074 1965; baseline 0.001 -8"><span class='ocrx_word' id='word_1_470' title='bbox 285 1930 437 1965; x_wconf 81' lang='lat' dir='ltr'><strong>Scriptura:</strong></span> <span class='ocrx_word' id='word_1_471' title='bbox 451 1931 504 1958; x_wconf 90' lang='lat' dir='ltr'><strong>hoc</strong></span> <span class='ocrx_word' id='word_1_472' title='bbox 517 1929 731 1965; x_wconf 75' lang='lat' dir='ltr'><strong>designaverunt</strong></span> <span class='ocrx_word' id='word_1_473' title='bbox 746 1929 866 1957; x_wconf 84' lang='lat' dir='ltr'><strong>nomine.</strong></span> <span class='ocrx_word' id='word_1_474' title='bbox 880 1928 910 1956; x_wconf 82' lang='lat' dir='ltr'><strong>in</strong></span> <span class='ocrx_word' id='word_1_475' title='bbox 926 1930 978 1957; x_wconf 88' lang='lat' dir='ltr'><strong>hac</strong></span> <span class='ocrx_word' id='word_1_476' title='bbox 990 1930 1074 1965; x_wconf 82' lang='lat' dir='ltr'><strong>igitur</strong></span> 
     </span>
    </p>
   </div>
   <div class='ocr_carea' id='block_1_58' title="bbox 284 1977 1072 2014">
    <p class='ocr_par' dir='ltr' id='par_1_58' title="bbox 284 1977 1072 2014">
     <span class='ocr_line' id='line_1_58' title="bbox 284 1977 1072 2014; baseline 0 -8"><span class='ocrx_word' id='word_1_477' title='bbox 284 1979 428 2014; x_wconf 84' lang='lat' dir='ltr'><strong>prophetia</strong></span> <span class='ocrx_word' id='word_1_478' title='bbox 457 1979 543 2006; x_wconf 87' lang='lat' dir='ltr'><strong>David</strong></span> <span class='ocrx_word' id='word_1_479' title='bbox 573 1978 725 2006; x_wconf 88' lang='lat' dir='ltr'><strong>secundum</strong></span> <span class='ocrx_word' id='word_1_480' title='bbox 754 1977 923 2005; x_wconf 89' lang='lat' dir='ltr'><strong>Salvatorem</strong></span> <span class='ocrx_word' id='word_1_481' title='bbox 947 1982 1072 2006; x_wconf 89' lang='lat' dir='ltr'><strong>nostrum</strong></span> 
     </span>
    </p>
   </div>
   <div class='ocr_carea' id='block_1_59' title="bbox 284 2023 1073 2059">
    <p class='ocr_par' dir='ltr' id='par_1_59' title="bbox 284 2023 1073 2059">
     <span class='ocr_line' id='line_1_59' title="bbox 284 2023 1073 2059; baseline -0.001 -6"><span class='ocrx_word' id='word_1_482' title='bbox 284 2025 459 2053; x_wconf 79' lang='lat' dir='ltr'><strong>existimatus</strong></span> <span class='ocrx_word' id='word_1_483' title='bbox 474 2025 556 2052; x_wconf 92' lang='lat' dir='ltr'><strong>homo</strong></span> <span class='ocrx_word' id='word_1_484' title='bbox 571 2025 682 2053; x_wconf 88' lang='lat' dir='ltr'><strong>dicitur.</strong></span> <span class='ocrx_word' id='word_1_485' title='bbox 707 2023 824 2052; x_wconf 87' lang='lat' dir='ltr'><strong>Germen</strong></span> <span class='ocrx_word' id='word_1_486' title='bbox 848 2029 939 2052; x_wconf 89' lang='lat' dir='ltr'><strong>autem</strong></span> <span class='ocrx_word' id='word_1_487' title='bbox 957 2024 1073 2059; x_wconf 74' lang='lat' dir='ltr'><strong>justitiae</strong></span> 
     </span>
    </p>
   </div>
   <div class='ocr_carea' id='block_1_60' title="bbox 283 2071 1073 2108">
    <p class='ocr_par' dir='ltr' id='par_1_60' title="bbox 283 2071 1073 2108">
     <span class='ocr_line' id='line_1_60' title="bbox 283 2071 1073 2108; baseline -0.001 -9"><span class='ocrx_word' id='word_1_488' title='bbox 283 2072 370 2099; x_wconf 86' lang='lat' dir='ltr'><strong>deitas</strong></span> <span class='ocrx_word' id='word_1_489' title='bbox 385 2076 427 2099; x_wconf 87' lang='lat' dir='ltr'><strong>est</strong></span> <span class='ocrx_word' id='word_1_490' title='bbox 441 2080 501 2107; x_wconf 66' lang='lat' dir='ltr'><strong>qua:</strong></span> <span class='ocrx_word' id='word_1_491' title='bbox 515 2072 541 2099; x_wconf 92' lang='lat' dir='ltr'><strong>in</strong></span> <span class='ocrx_word' id='word_1_492' title='bbox 558 2071 618 2107; x_wconf 89' lang='lat' dir='ltr'><strong>ipso</strong></span> <span class='ocrx_word' id='word_1_493' title='bbox 630 2072 711 2108; x_wconf 78' lang='lat' dir='ltr'><strong>viget.</strong></span> <span class='ocrx_word' id='word_1_494' title='bbox 725 2081 734 2097; x_wconf 82' lang='grc' dir='ltr'><strong>ι</strong></span> <span class='ocrx_word' id='word_1_495' title='bbox 747 2071 952 2106; x_wconf 68' lang='lat' dir='ltr'><strong>soljustitiae&quot;)</strong></span> <span class='ocrx_word' id='word_1_496' title='bbox 971 2071 998 2098; x_wconf 94' lang='lat' dir='ltr'><strong>in</strong></span> <span class='ocrx_word' id='word_1_497' title='bbox 1012 2071 1073 2098; x_wconf 88' lang='lat' dir='ltr'><strong>aliis</strong></span> 
     </span>
    </p>
   </div>
   <div class='ocr_carea' id='block_1_61' title="bbox 284 2117 1070 2153">
    <p class='ocr_par' dir='ltr' id='par_1_61' title="bbox 284 2117 1070 2153">
     <span class='ocr_line' id='line_1_61' title="bbox 284 2117 1070 2153; baseline 0 -9"><span class='ocrx_word' id='word_1_498' title='bbox 284 2118 437 2153; x_wconf 85' lang='lat' dir='ltr'><strong>appellata;</strong></span> <span class='ocrx_word' id='word_1_499' title='bbox 454 2125 516 2144; x_wconf 92' lang='lat' dir='ltr'><strong>cum</strong></span> <span class='ocrx_word' id='word_1_500' title='bbox 542 2118 653 2153; x_wconf 91' lang='lat' dir='ltr'><strong>quidem</strong></span> <span class='ocrx_word' id='word_1_501' title='bbox 667 2127 677 2143; x_wconf 83' lang='grc'><strong><em>‹</em></strong></span> <span class='ocrx_word' id='word_1_502' title='bbox 692 2118 739 2144; x_wconf 76' lang='lat' dir='ltr'><strong>lux</strong></span> <span class='ocrx_word' id='word_1_503' title='bbox 755 2125 835 2150; x_wconf 85' lang='lat' dir='ltr'><strong>vera,</strong></span> <span class='ocrx_word' id='word_1_504' title='bbox 851 2125 913 2153; x_wconf 73' lang='lat' dir='ltr'><strong>quae</strong></span> <span class='ocrx_word' id='word_1_505' title='bbox 929 2117 1070 2145; x_wconf 88' lang='lat' dir='ltr'><strong>illuminat</strong></span> 
     </span>
    </p>
   </div>
   <div class='ocr_carea' id='block_1_62' title="bbox 282 2163 1068 2192">
    <p class='ocr_par' dir='ltr' id='par_1_62' title="bbox 282 2163 1068 2192">
     <span class='ocr_line' id='line_1_62' title="bbox 282 2163 1068 2192; baseline 0 -2"><span class='ocrx_word' id='word_1_506' title='bbox 282 2171 392 2190; x_wconf 84' lang='lat' dir='ltr'><strong>omnem</strong></span> <span class='ocrx_word' id='word_1_507' title='bbox 415 2164 552 2191; x_wconf 92' lang='lat' dir='ltr'><strong>hominem</strong></span> <span class='ocrx_word' id='word_1_508' title='bbox 567 2165 720 2192; x_wconf 85' lang='lat' dir='ltr'><strong>venientem</strong></span> <span class='ocrx_word' id='word_1_509' title='bbox 736 2164 763 2190; x_wconf 95' lang='lat' dir='ltr'><strong>in</strong></span> <span class='ocrx_word' id='word_1_510' title='bbox 780 2164 853 2190; x_wconf 91' lang='lat' dir='ltr'><strong>hunc</strong></span> <span class='ocrx_word' id='word_1_511' title='bbox 874 2163 1004 2191; x_wconf 93' lang='lat' dir='ltr'><strong>mundum</strong></span> <span class='ocrx_word' id='word_1_512' title='bbox 1022 2164 1043 2191; x_wconf 82' lang='lat'><strong>&#39;.</strong></span> <span class='ocrx_word' id='word_1_513' title='bbox 1059 2173 1068 2190; x_wconf 76' lang='grc' dir='ltr'><strong>ι</strong></span> 
     </span>
    </p>
   </div>
   <div class='ocr_carea' id='block_1_63' title="bbox 283 2209 1071 2244">
    <p class='ocr_par' dir='ltr' id='par_1_63' title="bbox 283 2209 1071 2244">
     <span class='ocr_line' id='line_1_63' title="bbox 283 2209 1071 2244; baseline 0.001 -9"><span class='ocrx_word' id='word_1_514' title='bbox 283 2209 338 2237; x_wconf 86' lang='lat' dir='ltr'><strong>Deo</strong></span> <span class='ocrx_word' id='word_1_515' title='bbox 364 2210 447 2244; x_wconf 80' lang='lat' dir='ltr'><strong>igitur</strong></span> <span class='ocrx_word' id='word_1_516' title='bbox 469 2209 553 2241; x_wconf 88' lang='lat' dir='ltr'><strong>dicit,</strong></span> <span class='ocrx_word' id='word_1_517' title='bbox 579 2210 651 2244; x_wconf 89' lang='lat' dir='ltr'><strong>quod</strong></span> <span class='ocrx_word' id='word_1_518' title='bbox 674 2217 729 2237; x_wconf 92' lang='lat' dir='ltr'><strong>non</strong></span> <span class='ocrx_word' id='word_1_519' title='bbox 753 2209 878 2236; x_wconf 89' lang='lat' dir='ltr'><strong>interibit</strong></span> <span class='ocrx_word' id='word_1_520' title='bbox 899 2210 941 2236; x_wconf 90' lang='lat' dir='ltr'><strong>vir</strong></span> <span class='ocrx_word' id='word_1_521' title='bbox 964 2209 1019 2237; x_wconf 89' lang='lat' dir='ltr'><strong>dux</strong></span> <span class='ocrx_word' id='word_1_522' title='bbox 1044 2214 1071 2237; x_wconf 88' lang='lat' dir='ltr'><strong>et</strong></span> 
     </span>
    </p>
   </div>
   <div class='ocr_carea' id='block_1_64' title="bbox 1134 962 1916 1000">
    <p class='ocr_par' dir='ltr' id='par_1_64' title="bbox 1134 962 1916 1000">
     <span class='ocr_line' id='line_1_64' title="bbox 1134 962 1916 1000; baseline 0.001 -10"><span class='ocrx_word' id='word_1_523' title='bbox 1134 965 1196 996; x_wconf 80' lang='grc' dir='ltr'>τοὺς</span> <span class='ocrx_word' id='word_1_524' title='bbox 1211 963 1435 999; x_wconf 76' lang='grc' dir='ltr'>λειτουργοῦντας</span> <span class='ocrx_word' id='word_1_525' title='bbox 1453 972 1507 998; x_wconf 76' lang='grc' dir='ltr'>μοι’</span> <span class='ocrx_word' id='word_1_526' title='bbox 1522 962 1560 995; x_wconf 84' lang='grc' dir='ltr'><strong>ὡς</strong></span> <span class='ocrx_word' id='word_1_527' title='bbox 1579 964 1629 990; x_wconf 79' lang='grc' dir='ltr'>οὐκ</span> <span class='ocrx_word' id='word_1_528' title='bbox 1646 963 1916 1000; x_wconf 72' lang='grc' dir='ltr'>ἐξαριθμηθήσεταιή</span> 
     </span>
    </p>
   </div>
   <div class='ocr_carea' id='block_1_65' title="bbox 1133 1009 1917 1046">
    <p class='ocr_par' dir='ltr' id='par_1_65' title="bbox 1133 1009 1917 1046">
     <span class='ocr_line' id='line_1_65' title="bbox 1133 1009 1917 1046; baseline 0.001 -10"><span class='ocrx_word' id='word_1_529' title='bbox 1133 1009 1247 1045; x_wconf 84' lang='grc' dir='ltr'>δύναμις</span> <span class='ocrx_word' id='word_1_530' title='bbox 1259 1010 1307 1037; x_wconf 84' lang='grc' dir='ltr'>τοῦ</span> <span class='ocrx_word' id='word_1_531' title='bbox 1321 1010 1447 1046; x_wconf 81' lang='grc' dir='ltr'>ούρανοῦ,</span> <span class='ocrx_word' id='word_1_532' title='bbox 1467 1010 1527 1037; x_wconf 74' lang='grc' dir='ltr'><strong>οὐδὲ</strong></span> <span class='ocrx_word' id='word_1_533' title='bbox 1546 1010 1783 1046; x_wconf 84' lang='grc' dir='ltr'>ἐκμετρηθήσεται</span> <span class='ocrx_word' id='word_1_534' title='bbox 1800 1011 1818 1046; x_wconf 80' lang='grc' dir='ltr'><strong>ἠ</strong></span> <span class='ocrx_word' id='word_1_535' title='bbox 1833 1010 1917 1046; x_wconf 75' lang='grc' dir='ltr'>ἄμμος</span> 
     </span>
    </p>
   </div>
   <div class='ocr_carea' id='block_1_66' title="bbox 1133 1055 1917 1092">
    <p class='ocr_par' dir='ltr' id='par_1_66' title="bbox 1133 1055 1917 1092">
     <span class='ocr_line' id='line_1_66' title="bbox 1133 1055 1917 1092; baseline -0.001 -9"><span class='ocrx_word' id='word_1_536' title='bbox 1133 1056 1182 1091; x_wconf 77' lang='grc' dir='ltr'>τῆς</span> <span class='ocrx_word' id='word_1_537' title='bbox 1197 1056 1345 1092; x_wconf 80' lang='grc' dir='ltr'>θαλάσσης,</span> <span class='ocrx_word' id='word_1_538' title='bbox 1363 1056 1449 1088; x_wconf 78' lang='grc' dir='ltr'>οὕτως</span> <span class='ocrx_word' id='word_1_539' title='bbox 1467 1056 1593 1092; x_wconf 81' lang='grc' dir='ltr'>πληθυνῶ</span> <span class='ocrx_word' id='word_1_540' title='bbox 1608 1056 1640 1083; x_wconf 77' lang='grc' dir='ltr'>τὸ</span> <span class='ocrx_word' id='word_1_541' title='bbox 1654 1057 1765 1092; x_wconf 78' lang='grc' dir='ltr'>σπέρμα</span> <span class='ocrx_word' id='word_1_542' title='bbox 1781 1055 1863 1082; x_wconf 77' lang='grc' dir='ltr'>Δαυῒδ</span> <span class='ocrx_word' id='word_1_543' title='bbox 1877 1056 1917 1083; x_wconf 78' lang='grc' dir='ltr'>τοῦ</span> 
     </span>
    </p>
   </div>
   <div class='ocr_carea' id='block_1_67' title="bbox 1132 1102 1918 1139">
    <p class='ocr_par' dir='ltr' id='par_1_67' title="bbox 1132 1102 1918 1139">
     <span class='ocr_line' id='line_1_67' title="bbox 1132 1102 1918 1139; baseline 0 -10"><span class='ocrx_word' id='word_1_544' title='bbox 1132 1102 1225 1129; x_wconf 87' lang='grc' dir='ltr'>δούλου</span> <span class='ocrx_word' id='word_1_545' title='bbox 1250 1112 1300 1139; x_wconf 82' lang='grc' dir='ltr'><strong>μου</strong></span> <span class='ocrx_word' id='word_1_546' title='bbox 1325 1103 1372 1129; x_wconf 75' lang='grc' dir='ltr'>καὶ</span> <span class='ocrx_word' id='word_1_547' title='bbox 1393 1103 1456 1134; x_wconf 75' lang='grc' dir='ltr'>τοὺς</span> <span class='ocrx_word' id='word_1_548' title='bbox 1479 1103 1594 1134; x_wconf 77' lang='grc' dir='ltr'>Λευῖτας</span> <span class='ocrx_word' id='word_1_549' title='bbox 1616 1102 1679 1134; x_wconf 79' lang='grc' dir='ltr'>τοὺς</span> <span class='ocrx_word' id='word_1_550' title='bbox 1699 1102 1918 1138; x_wconf 74' lang='grc' dir='ltr'>λειτουργοῦντας</span> 
     </span>
    </p>
   </div>
   <div class='ocr_carea' id='block_1_68' title="bbox 1134 1147 1918 1185">
    <p class='ocr_par' dir='ltr' id='par_1_68' title="bbox 1134 1147 1918 1185">
     <span class='ocr_line' id='line_1_68' title="bbox 1134 1147 1918 1185; baseline 0 -10"><span class='ocrx_word' id='word_1_551' title='bbox 1134 1157 1188 1184; x_wconf 82' lang='grc' dir='ltr'>μοι.</span> <span class='ocrx_word' id='word_1_552' title='bbox 1206 1159 1215 1175; x_wconf 82' lang='grc'><strong><em>›</em></strong></span> <span class='ocrx_word' id='word_1_553' title='bbox 1228 1150 1283 1176; x_wconf 77' lang='lat' dir='ltr'><strong>Ka‘t</strong></span> <span class='ocrx_word' id='word_1_554' title='bbox 1301 1147 1378 1181; x_wconf 79' lang='grc' dir='ltr'>αὖθις</span> <span class='ocrx_word' id='word_1_555' title='bbox 1397 1149 1464 1185; x_wconf 85' lang='grc' dir='ltr'>μετὰ</span> <span class='ocrx_word' id='word_1_556' title='bbox 1480 1149 1582 1185; x_wconf 74' lang='grc' dir='ltr'>βραχέα</span> <span class='ocrx_word' id='word_1_557' title='bbox 1596 1149 1713 1184; x_wconf 79' lang='grc' dir='ltr'>εἴρηται·</span> <span class='ocrx_word' id='word_1_558' title='bbox 1733 1158 1742 1174; x_wconf 80' lang='grc' dir='ltr'><strong>ι</strong></span> <span class='ocrx_word' id='word_1_559' title='bbox 1763 1149 1835 1175; x_wconf 84' lang='grc' dir='ltr'><strong>Τάδε</strong></span> <span class='ocrx_word' id='word_1_560' title='bbox 1851 1148 1918 1183; x_wconf 83' lang='grc' dir='ltr'>λέγει</span> 
     </span>
    </p>
   </div>
   <div class='ocr_carea' id='block_1_69' title="bbox 1132 1193 1916 1230">
    <p class='ocr_par' dir='ltr' id='par_1_69' title="bbox 1132 1193 1916 1230">
     <span class='ocr_line' id='line_1_69' title="bbox 1132 1193 1916 1230; baseline -0.001 -9"><span class='ocrx_word' id='word_1_561' title='bbox 1132 1195 1243 1230; x_wconf 83' lang='grc' dir='ltr'>Κύριος·</span> <span class='ocrx_word' id='word_1_562' title='bbox 1265 1195 1297 1221; x_wconf 73' lang='lat' dir='ltr'><strong>Et</strong></span> <span class='ocrx_word' id='word_1_563' title='bbox 1320 1194 1358 1230; x_wconf 87' lang='grc' dir='ltr'>μὴ</span> <span class='ocrx_word' id='word_1_564' title='bbox 1381 1194 1534 1230; x_wconf 75' lang='grc' dir='ltr'>διαθήκηίν)</span> <span class='ocrx_word' id='word_1_565' title='bbox 1557 1202 1607 1228; x_wconf 84' lang='grc' dir='ltr'><strong>μου</strong></span> <span class='ocrx_word' id='word_1_566' title='bbox 1623 1193 1731 1229; x_wconf 84' lang='grc' dir='ltr'>ἡμέρας</span> <span class='ocrx_word' id='word_1_567' title='bbox 1748 1194 1798 1220; x_wconf 78' lang='grc' dir='ltr'>καὶ</span> <span class='ocrx_word' id='word_1_568' title='bbox 1818 1194 1916 1226; x_wconf 74' lang='grc' dir='ltr'>νυκτὸς,</span> 
     </span>
    </p>
   </div>
   <div class='ocr_carea' id='block_1_70' title="bbox 1131 1239 1918 1276">
    <p class='ocr_par' dir='ltr' id='par_1_70' title="bbox 1131 1239 1918 1276">
     <span class='ocr_line' id='line_1_70' title="bbox 1131 1239 1918 1276; baseline 0 -9"><span class='ocrx_word' id='word_1_569' title='bbox 1131 1240 1325 1276; x_wconf 79' lang='grc' dir='ltr'>ἀκριὸάσματα</span> <span class='ocrx_word' id='word_1_570' title='bbox 1342 1240 1458 1276; x_wconf 78' lang='grc' dir='ltr'>οὐρανοῦ</span> <span class='ocrx_word' id='word_1_571' title='bbox 1473 1240 1520 1266; x_wconf 78' lang='grc' dir='ltr'>καὶ</span> <span class='ocrx_word' id='word_1_572' title='bbox 1534 1241 1585 1275; x_wconf 83' lang='grc' dir='ltr'>γῆς</span> <span class='ocrx_word' id='word_1_573' title='bbox 1602 1239 1652 1266; x_wconf 81' lang='grc' dir='ltr'>οὐκ</span> <span class='ocrx_word' id='word_1_574' title='bbox 1674 1239 1765 1273; x_wconf 78' lang='grc' dir='ltr'>ἔταξα,</span> <span class='ocrx_word' id='word_1_575' title='bbox 1782 1240 1831 1266; x_wconf 79' lang='grc' dir='ltr'><strong>καί</strong></span> <span class='ocrx_word' id='word_1_576' title='bbox 1848 1248 1878 1274; x_wconf 80' lang='grc' dir='ltr'><strong>γε</strong></span> <span class='ocrx_word' id='word_1_577' title='bbox 1891 1241 1918 1267; x_wconf 74' lang='grc' dir='ltr'>τὸ</span> 
     </span>
    </p>
   </div>
   <div class='ocr_carea' id='block_1_71' title="bbox 1132 1285 1918 1322">
    <p class='ocr_par' dir='ltr' id='par_1_71' title="bbox 1132 1285 1918 1322">
     <span class='ocr_line' id='line_1_71' title="bbox 1132 1285 1918 1322; baseline -0.001 -9"><span class='ocrx_word' id='word_1_578' title='bbox 1132 1286 1243 1322; x_wconf 85' lang='grc' dir='ltr'>σπέρμα</span> <span class='ocrx_word' id='word_1_579' title='bbox 1261 1285 1358 1313; x_wconf 77' lang='grc' dir='ltr'>Ἰακὼϐ</span> <span class='ocrx_word' id='word_1_580' title='bbox 1371 1286 1417 1312; x_wconf 74' lang='grc' dir='ltr'>καὶ</span> <span class='ocrx_word' id='word_1_581' title='bbox 1431 1285 1512 1312; x_wconf 84' lang='grc' dir='ltr'>Δαυῖδ</span> <span class='ocrx_word' id='word_1_582' title='bbox 1521 1285 1567 1312; x_wconf 82' lang='grc' dir='ltr'><strong>τὸν</strong></span> <span class='ocrx_word' id='word_1_583' title='bbox 1579 1285 1672 1312; x_wconf 79' lang='grc' dir='ltr'>δοῦλόν</span> <span class='ocrx_word' id='word_1_584' title='bbox 1689 1294 1741 1321; x_wconf 88' lang='grc' dir='ltr'><strong>μου</strong></span> <span class='ocrx_word' id='word_1_585' title='bbox 1751 1285 1918 1321; x_wconf 83' lang='grc' dir='ltr'>ἀποδοκιμῶ,</span> 
     </span>
    </p>
   </div>
   <div class='ocr_carea' id='block_1_72' title="bbox 1130 1331 1917 1368">
    <p class='ocr_par' dir='ltr' id='par_1_72' title="bbox 1130 1331 1917 1368">
     <span class='ocr_line' id='line_1_72' title="bbox 1130 1331 1917 1368; baseline -0.003 -9"><span class='ocrx_word' id='word_1_586' title='bbox 1130 1332 1176 1359; x_wconf 85' lang='grc' dir='ltr'>τοῦ</span> <span class='ocrx_word' id='word_1_587' title='bbox 1198 1332 1236 1368; x_wconf 85' lang='grc' dir='ltr'>μὴ</span> <span class='ocrx_word' id='word_1_588' title='bbox 1255 1332 1348 1359; x_wconf 80' lang='grc' dir='ltr'>λαϐεῖν</span> <span class='ocrx_word' id='word_1_589' title='bbox 1369 1333 1401 1358; x_wconf 86' lang='grc' dir='ltr'><strong>ἐκ</strong></span> <span class='ocrx_word' id='word_1_590' title='bbox 1421 1331 1466 1358; x_wconf 80' lang='grc' dir='ltr'>τοῦ</span> <span class='ocrx_word' id='word_1_591' title='bbox 1492 1332 1648 1367; x_wconf 85' lang='grc' dir='ltr'>σπέρματος</span> <span class='ocrx_word' id='word_1_592' title='bbox 1663 1331 1746 1357; x_wconf 80' lang='grc' dir='ltr'>αὐτοῦ</span> <span class='ocrx_word' id='word_1_593' title='bbox 1764 1331 1892 1367; x_wconf 79' lang='grc' dir='ltr'>ἄρχοντα.</span> <span class='ocrx_word' id='word_1_594' title='bbox 1908 1341 1917 1357; x_wconf 80' lang='grc' dir='ltr'><strong>ι</strong></span> 
     </span>
    </p>
   </div>
   <div class='ocr_carea' id='block_1_73' title="bbox 1130 1377 1920 1412">
    <p class='ocr_par' dir='ltr' id='par_1_73' title="bbox 1130 1377 1920 1412">
     <span class='ocr_line' id='line_1_73' title="bbox 1130 1377 1920 1412; baseline 0 -8"><span class='ocrx_word' id='word_1_595' title='bbox 1130 1378 1185 1404; x_wconf 78' lang='grc' dir='ltr'><strong>Καὶ</strong></span> <span class='ocrx_word' id='word_1_596' title='bbox 1202 1378 1244 1410; x_wconf 86' lang='grc' dir='ltr'>τίς</span> <span class='ocrx_word' id='word_1_597' title='bbox 1259 1377 1292 1404; x_wconf 87' lang='grc' dir='ltr'>ἂν</span> <span class='ocrx_word' id='word_1_598' title='bbox 1313 1378 1356 1412; x_wconf 82' lang='grc' dir='ltr'><strong>εῐη</strong></span> <span class='ocrx_word' id='word_1_599' title='bbox 1383 1377 1434 1404; x_wconf 84' lang='grc' dir='ltr'><strong>ὑπὸ</strong></span> <span class='ocrx_word' id='word_1_600' title='bbox 1453 1377 1500 1404; x_wconf 82' lang='grc' dir='ltr'>τοῦ</span> <span class='ocrx_word' id='word_1_601' title='bbox 1525 1377 1628 1412; x_wconf 80' lang='grc' dir='ltr'>Κυρίου</span> <span class='ocrx_word' id='word_1_602' title='bbox 1651 1377 1860 1412; x_wconf 78' lang='grc' dir='ltr'>ἀναστησομένη</span> <span class='ocrx_word' id='word_1_603' title='bbox 1883 1377 1920 1412; x_wconf 77' lang='grc' dir='ltr'>τῷ</span> 
     </span>
    </p>
   </div>
   <div class='ocr_carea' id='block_1_74' title="bbox 1129 1419 1921 1460">
    <p class='ocr_par' dir='ltr' id='par_1_74' title="bbox 1129 1419 1921 1460">
     <span class='ocr_line' id='line_1_74' title="bbox 1129 1419 1921 1460; baseline 0 -10"><span class='ocrx_word' id='word_1_604' title='bbox 1129 1423 1210 1450; x_wconf 86' lang='grc' dir='ltr'>Δαυῒδ</span> <span class='ocrx_word' id='word_1_605' title='bbox 1225 1424 1358 1460; x_wconf 75' lang='grc' dir='ltr'>ἀνατολῆς</span> <span class='ocrx_word' id='word_1_606' title='bbox 1380 1423 1409 1450; x_wconf 84' lang='lat'><strong>&#39;0</strong></span> <span class='ocrx_word' id='word_1_607' title='bbox 1429 1422 1500 1454; x_wconf 85' lang='grc' dir='ltr'>θεῖος</span> <span class='ocrx_word' id='word_1_608' title='bbox 1515 1423 1610 1457; x_wconf 85' lang='grc' dir='ltr'><strong>Λόγος,</strong></span> <span class='ocrx_word' id='word_1_609' title='bbox 1627 1423 1692 1458; x_wconf 77' lang='grc' dir='ltr'>περὶ</span> <span class='ocrx_word' id='word_1_610' title='bbox 1705 1419 1735 1449; x_wconf 77' lang='grc' dir='ltr'><strong>οὗ</strong></span> <span class='ocrx_word' id='word_1_611' title='bbox 1755 1423 1804 1449; x_wconf 80' lang='grc' dir='ltr'>καὶ</span> <span class='ocrx_word' id='word_1_612' title='bbox 1822 1424 1852 1450; x_wconf 86' lang='grc' dir='ltr'><strong>ἐν</strong></span> <span class='ocrx_word' id='word_1_613' title='bbox 1864 1423 1921 1450; x_wconf 77' lang='grc' dir='ltr'>ἑτέ-</span> 
     </span>
    </p>
   </div>
   <div class='ocr_carea' id='block_1_75' title="bbox 1130 1468 1920 1506">
    <p class='ocr_par' dir='ltr' id='par_1_75' title="bbox 1130 1468 1920 1506">
     <span class='ocr_line' id='line_1_75' title="bbox 1130 1468 1920 1506; baseline -0.016 -9"><span class='ocrx_word' id='word_1_614' title='bbox 1130 1479 1186 1506; x_wconf 88' lang='grc' dir='ltr'>ροις</span> <span class='ocrx_word' id='word_1_615' title='bbox 1200 1471 1317 1506; x_wconf 74' lang='grc' dir='ltr'>εἴρηται,</span> <span class='ocrx_word' id='word_1_616' title='bbox 1335 1479 1343 1495; x_wconf 82' lang='grc' dir='ltr'><strong>ι</strong></span> <span class='ocrx_word' id='word_1_617' title='bbox 1355 1469 1420 1496; x_wconf 85' lang='grc' dir='ltr'><strong>Ἰδοὺ</strong></span> <span class='ocrx_word' id='word_1_618' title='bbox 1436 1468 1515 1504; x_wconf 81' lang='grc' dir='ltr'>ἀνὴρ,</span> <span class='ocrx_word' id='word_1_619' title='bbox 1536 1468 1665 1504; x_wconf 80' lang='grc' dir='ltr'>Ἀνατολὴ</span> <span class='ocrx_word' id='word_1_620' title='bbox 1679 1468 1765 1504; x_wconf 76' lang='grc' dir='ltr'>ὄνομα</span> <span class='ocrx_word' id='word_1_621' title='bbox 1778 1468 1864 1504; x_wconf 66' lang='grc' dir='ltr'>ας,τῷ-</span> <span class='ocrx_word' id='word_1_622' title='bbox 1872 1479 1881 1494; x_wconf 78' lang='lat'><strong><em>,</em></strong></span> <span class='ocrx_word' id='word_1_623' title='bbox 1892 1468 1920 1499; x_wconf 59' lang='grc' dir='ltr'><strong>ὃς</strong></span> 
     </span>
    </p>
   </div>
   <div class='ocr_carea' id='block_1_76' title="bbox 1128 1514 1921 1552">
    <p class='ocr_par' dir='ltr' id='par_1_76' title="bbox 1128 1514 1921 1552">
     <span class='ocr_line' id='line_1_76' title="bbox 1128 1514 1921 1552; baseline -0.003 -9"><span class='ocrx_word' id='word_1_624' title='bbox 1128 1517 1176 1543; x_wconf 75' lang='grc' dir='ltr'>καὶ</span> <span class='ocrx_word' id='word_1_625' title='bbox 1203 1516 1371 1552; x_wconf 82' lang='grc' dir='ltr'>βασιλεύσειν</span> <span class='ocrx_word' id='word_1_626' title='bbox 1398 1514 1599 1551; x_wconf 80' lang='grc' dir='ltr'>προφητεύεται</span> <span class='ocrx_word' id='word_1_627' title='bbox 1620 1515 1667 1542; x_wconf 79' lang='grc' dir='ltr'>καὶ</span> <span class='ocrx_word' id='word_1_628' title='bbox 1685 1524 1695 1540; x_wconf 79' lang='grc' dir='ltr'><strong>ι</strong></span> <span class='ocrx_word' id='word_1_629' title='bbox 1723 1515 1851 1550; x_wconf 84' lang='grc' dir='ltr'>συνήσειν</span> <span class='ocrx_word' id='word_1_630' title='bbox 1876 1515 1921 1542; x_wconf 81' lang='grc' dir='ltr'>καὶ</span> 
     </span>
    </p>
   </div>
   <div class='ocr_carea' id='block_1_77' title="bbox 1128 1559 1920 1598">
    <p class='ocr_par' dir='ltr' id='par_1_77' title="bbox 1128 1559 1920 1598">
     <span class='ocr_line' id='line_1_77' title="bbox 1128 1559 1920 1598; baseline -0.001 -9"><span class='ocrx_word' id='word_1_631' title='bbox 1128 1563 1251 1598; x_wconf 84' lang='grc' dir='ltr'>ποιήσειν</span> <span class='ocrx_word' id='word_1_632' title='bbox 1263 1563 1350 1598; x_wconf 75' lang='grc' dir='ltr'>κρίμα</span> <span class='ocrx_word' id='word_1_633' title='bbox 1363 1562 1409 1589; x_wconf 80' lang='grc' dir='ltr'>καὶ</span> <span class='ocrx_word' id='word_1_634' title='bbox 1424 1561 1596 1597; x_wconf 85' lang='grc' dir='ltr'>δικαιοσύνην</span> <span class='ocrx_word' id='word_1_635' title='bbox 1610 1561 1655 1588; x_wconf 77' lang='grc' dir='ltr'><strong>ἐπὶ</strong></span> <span class='ocrx_word' id='word_1_636' title='bbox 1669 1563 1720 1597; x_wconf 82' lang='grc' dir='ltr'>τῆς</span> <span class='ocrx_word' id='word_1_637' title='bbox 1732 1562 1796 1597; x_wconf 79' lang='grc' dir='ltr'>γῆς.</span> <span class='ocrx_word' id='word_1_638' title='bbox 1812 1571 1821 1587; x_wconf 74' lang='grc' dir='ltr'><strong>ι</strong></span> <span class='ocrx_word' id='word_1_639' title='bbox 1840 1559 1920 1593; x_wconf 59' lang='grc' dir='ltr'>(ἤνιος</span> 
     </span>
    </p>
   </div>
   <div class='ocr_carea' id='block_1_78' title="bbox 1091 1600 1921 1643">
    <p class='ocr_par' dir='ltr' id='par_1_78' title="bbox 1091 1600 1921 1643">
     <span class='ocr_line' id='line_1_78' title="bbox 1091 1600 1921 1643; baseline -0.004 -7"><span class='ocrx_word' id='word_1_640' title='bbox 1091 1600 1112 1628; x_wconf 75' lang='lat' dir='ltr'><strong><em>C</em></strong></span> <span class='ocrx_word' id='word_1_641' title='bbox 1128 1609 1156 1635; x_wconf 86' lang='grc' dir='ltr'><strong>δὲ</strong></span> <span class='ocrx_word' id='word_1_642' title='bbox 1170 1609 1217 1636; x_wconf 84' lang='grc' dir='ltr'>καὶ</span> <span class='ocrx_word' id='word_1_643' title='bbox 1229 1610 1290 1640; x_wconf 85' lang='grc' dir='ltr'>ταῖς</span> <span class='ocrx_word' id='word_1_644' title='bbox 1308 1609 1336 1635; x_wconf 85' lang='grc' dir='ltr'>ὲν</span> <span class='ocrx_word' id='word_1_645' title='bbox 1354 1608 1443 1634; x_wconf 77' lang='grc' dir='ltr'>σκότει</span> <span class='ocrx_word' id='word_1_646' title='bbox 1461 1606 1630 1643; x_wconf 80' lang='grc' dir='ltr'>καθημέναις</span> <span class='ocrx_word' id='word_1_647' title='bbox 1645 1606 1745 1643; x_wconf 80' lang='grc' dir='ltr'>ψυχαῖς</span> <span class='ocrx_word' id='word_1_648' title='bbox 1765 1606 1921 1640; x_wconf 77' lang='grc' dir='ltr'>ὲξανατελεῐ</span> 
     </span>
    </p>
   </div>
   <div class='ocr_carea' id='block_1_79' title="bbox 1127 1652 1920 1690">
    <p class='ocr_par' dir='ltr' id='par_1_79' title="bbox 1127 1652 1920 1690">
     <span class='ocr_line' id='line_1_79' title="bbox 1127 1652 1920 1690; baseline -0.003 -8"><span class='ocrx_word' id='word_1_649' title='bbox 1127 1655 1185 1689; x_wconf 82' lang='grc' dir='ltr'>φῶς</span> <span class='ocrx_word' id='word_1_650' title='bbox 1195 1655 1266 1682; x_wconf 85' lang='grc' dir='ltr'>κατὰ</span> <span class='ocrx_word' id='word_1_651' title='bbox 1279 1655 1327 1690; x_wconf 84' lang='grc' dir='ltr'>τὴν</span> <span class='ocrx_word' id='word_1_652' title='bbox 1339 1654 1477 1689; x_wconf 81' lang='grc' dir='ltr'>βασιλείαν</span> <span class='ocrx_word' id='word_1_653' title='bbox 1491 1652 1572 1680; x_wconf 82' lang='grc' dir='ltr'>αὑτοῦ</span> <span class='ocrx_word' id='word_1_654' title='bbox 1584 1653 1633 1689; x_wconf 82' lang='grc' dir='ltr'>τὴν</span> <span class='ocrx_word' id='word_1_655' title='bbox 1647 1653 1822 1689; x_wconf 70' lang='grc' dir='ltr'>ἐπουράνιον·</span> <span class='ocrx_word' id='word_1_656' title='bbox 1853 1653 1920 1680; x_wconf 77' lang='grc' dir='ltr'>ἐπὰν</span> 
     </span>
    </p>
   </div>
   <div class='ocr_carea' id='block_1_80' title="bbox 1125 1699 1919 1737">
    <p class='ocr_par' dir='ltr' id='par_1_80' title="bbox 1125 1699 1919 1737">
     <span class='ocr_line' id='line_1_80' title="bbox 1125 1699 1919 1737; baseline -0.003 -9"><span class='ocrx_word' id='word_1_657' title='bbox 1125 1701 1154 1728; x_wconf 84' lang='grc' dir='ltr'><strong>δὲ</strong></span> <span class='ocrx_word' id='word_1_658' title='bbox 1178 1701 1248 1728; x_wconf 70' lang='grc' dir='ltr'>κατὰ</span> <span class='ocrx_word' id='word_1_659' title='bbox 1272 1701 1317 1728; x_wconf 73' lang='grc' dir='ltr'>τὸν</span> <span class='ocrx_word' id='word_1_660' title='bbox 1346 1701 1506 1728; x_wconf 84' lang='grc' dir='ltr'>Ἀπόστολον</span> <span class='ocrx_word' id='word_1_661' title='bbox 1532 1710 1541 1725; x_wconf 80' lang='lat' dir='ltr'><strong>I</strong></span> <span class='ocrx_word' id='word_1_662' title='bbox 1558 1701 1588 1727; x_wconf 79' lang='grc' dir='ltr'>τὸ</span> <span class='ocrx_word' id='word_1_663' title='bbox 1609 1700 1745 1737; x_wconf 82' lang='grc' dir='ltr'>πλήρωμα</span> <span class='ocrx_word' id='word_1_664' title='bbox 1759 1699 1815 1726; x_wconf 82' lang='grc' dir='ltr'>τῶν</span> <span class='ocrx_word' id='word_1_665' title='bbox 1837 1699 1919 1726; x_wconf 75' lang='grc' dir='ltr'>ἐθνῶν</span> 
     </span>
    </p>
   </div>
   <div class='ocr_carea' id='block_1_81' title="bbox 1125 1745 1919 1783">
    <p class='ocr_par' dir='ltr' id='par_1_81' title="bbox 1125 1745 1919 1783">
     <span class='ocr_line' id='line_1_81' title="bbox 1125 1745 1919 1783; baseline -0.003 -9"><span class='ocrx_word' id='word_1_666' title='bbox 1125 1747 1244 1783; x_wconf 78' lang='grc' dir='ltr'>εἰσελοῇ,</span> <span class='ocrx_word' id='word_1_667' title='bbox 1266 1757 1274 1773; x_wconf 78' lang='grc' dir='ltr'><strong>ι</strong></span> <span class='ocrx_word' id='word_1_668' title='bbox 1300 1747 1347 1774; x_wconf 74' lang='grc' dir='ltr'>καὶ</span> <span class='ocrx_word' id='word_1_669' title='bbox 1371 1748 1425 1778; x_wconf 83' lang='grc' dir='ltr'>πᾶς</span> <span class='ocrx_word' id='word_1_670' title='bbox 1448 1747 1462 1773; x_wconf 88' lang='grc' dir='ltr'>ὁ</span> <span class='ocrx_word' id='word_1_671' title='bbox 1486 1746 1612 1781; x_wconf 83' lang='grc' dir='ltr'>ἀληθινὸς</span> <span class='ocrx_word' id='word_1_672' title='bbox 1642 1746 1752 1781; x_wconf 83' lang='grc' dir='ltr'>Ἰσραὴλ</span> <span class='ocrx_word' id='word_1_673' title='bbox 1777 1746 1850 1781; x_wconf 77' lang='grc' dir='ltr'>μετὰ</span> <span class='ocrx_word' id='word_1_674' title='bbox 1874 1745 1919 1772; x_wconf 78' lang='grc' dir='ltr'>τοῦ</span> 
     </span>
    </p>
   </div>
   <div class='ocr_carea' id='block_1_82' title="bbox 1125 1791 1918 1829">
    <p class='ocr_par' dir='ltr' id='par_1_82' title="bbox 1125 1791 1918 1829">
     <span class='ocr_line' id='line_1_82' title="bbox 1125 1791 1918 1829; baseline 0 -10"><span class='ocrx_word' id='word_1_675' title='bbox 1125 1793 1310 1829; x_wconf 85' lang='grc' dir='ltr'>πνευματικοῦ</span> <span class='ocrx_word' id='word_1_676' title='bbox 1329 1791 1415 1819; x_wconf 81' lang='grc' dir='ltr'>Ἰούδα</span> <span class='ocrx_word' id='word_1_677' title='bbox 1436 1793 1596 1828; x_wconf 83' lang='grc' dir='ltr'>σωθήσεται,</span> <span class='ocrx_word' id='word_1_678' title='bbox 1614 1792 1662 1824; x_wconf 80' lang='grc' dir='ltr'>οὓς</span> <span class='ocrx_word' id='word_1_679' title='bbox 1684 1793 1731 1819; x_wconf 77' lang='grc' dir='ltr'>καὶ</span> <span class='ocrx_word' id='word_1_680' title='bbox 1744 1791 1858 1819; x_wconf 69' lang='grc' dir='ltr'>καλεσει</span> <span class='ocrx_word' id='word_1_681' title='bbox 1872 1793 1918 1819; x_wconf 84' lang='grc' dir='ltr'>αύ-</span> 
     </span>
    </p>
   </div>
   <div class='ocr_carea' id='block_1_83' title="bbox 1125 1837 1919 1875">
    <p class='ocr_par' dir='ltr' id='par_1_83' title="bbox 1125 1837 1919 1875">
     <span class='ocr_line' id='line_1_83' title="bbox 1125 1837 1919 1875; baseline -0.001 -9"><span class='ocrx_word' id='word_1_682' title='bbox 1125 1840 1187 1872; x_wconf 79' lang='grc' dir='ltr'>τοὺς</span> <span class='ocrx_word' id='word_1_683' title='bbox 1202 1841 1215 1866; x_wconf 83' lang='grc' dir='ltr'>ὁ</span> <span class='ocrx_word' id='word_1_684' title='bbox 1230 1838 1333 1875; x_wconf 84' lang='grc' dir='ltr'>Κύριος</span> <span class='ocrx_word' id='word_1_685' title='bbox 1352 1839 1491 1873; x_wconf 74' lang='grc' dir='ltr'>ὀνομαστὶ,</span> <span class='ocrx_word' id='word_1_686' title='bbox 1506 1837 1552 1870; x_wconf 86' lang='grc' dir='ltr'><strong>οὒς</strong></span> <span class='ocrx_word' id='word_1_687' title='bbox 1567 1838 1658 1871; x_wconf 81' lang='grc' dir='ltr'>ἀξίους</span> <span class='ocrx_word' id='word_1_688' title='bbox 1675 1839 1774 1870; x_wconf 71' lang='grc' dir='ltr'>αὐτοὺς</span> <span class='ocrx_word' id='word_1_689' title='bbox 1787 1840 1881 1873; x_wconf 83' lang='grc' dir='ltr'>κρινεῖ</span> <span class='ocrx_word' id='word_1_690' title='bbox 1892 1839 1919 1865; x_wconf 82' lang='grc' dir='ltr'><strong>ἐν</strong></span> 
     </span>
    </p>
   </div>
   <div class='ocr_carea' id='block_1_84' title="bbox 1124 1883 1918 1921">
    <p class='ocr_par' dir='ltr' id='par_1_84' title="bbox 1124 1883 1918 1921">
     <span class='ocr_line' id='line_1_84' title="bbox 1124 1883 1918 1921; baseline -0.003 -9"><span class='ocrx_word' id='word_1_691' title='bbox 1124 1885 1163 1920; x_wconf 85' lang='grc' dir='ltr'>τῷ</span> <span class='ocrx_word' id='word_1_692' title='bbox 1185 1885 1344 1918; x_wconf 72' lang='grc' dir='ltr'>Ἰωσεδεκὶν,</span> <span class='ocrx_word' id='word_1_693' title='bbox 1371 1885 1439 1921; x_wconf 78' lang='grc' dir='ltr'>ὅπερ</span> <span class='ocrx_word' id='word_1_694' title='bbox 1463 1884 1645 1920; x_wconf 78' lang='grc' dir='ltr'>ἑρμηνεύεται</span> <span class='ocrx_word' id='word_1_695' title='bbox 1665 1886 1692 1911; x_wconf 80' lang='grc' dir='ltr'><strong>οι</strong></span> <span class='ocrx_word' id='word_1_696' title='bbox 1712 1883 1766 1910; x_wconf 80' lang='grc' dir='ltr'>τοῦ</span> <span class='ocrx_word' id='word_1_697' title='bbox 1781 1884 1860 1911; x_wconf 80' lang='grc' dir='ltr'>θεοῦ</span> <span class='ocrx_word' id='word_1_698' title='bbox 1876 1884 1918 1910; x_wconf 80' lang='grc' dir='ltr'><strong>δί-</strong></span> 
     </span>
    </p>
   </div>
   <div class='ocr_carea' id='block_1_85' title="bbox 1124 1929 1917 1967">
    <p class='ocr_par' dir='ltr' id='par_1_85' title="bbox 1124 1929 1917 1967">
     <span class='ocr_line' id='line_1_85' title="bbox 1124 1929 1917 1967; baseline -0.004 -9"><span class='ocrx_word' id='word_1_699' title='bbox 1124 1939 1210 1960; x_wconf 82' lang='grc' dir='ltr'>καιοι.</span> <span class='ocrx_word' id='word_1_700' title='bbox 1238 1931 1282 1958; x_wconf 86' lang='grc' dir='ltr'>Ἐν</span> <span class='ocrx_word' id='word_1_701' title='bbox 1292 1931 1384 1967; x_wconf 79' lang='grc' dir='ltr'>ἐκείνῃ</span> <span class='ocrx_word' id='word_1_702' title='bbox 1402 1931 1430 1957; x_wconf 83' lang='grc' dir='ltr'><strong>δὲ</strong></span> <span class='ocrx_word' id='word_1_703' title='bbox 1449 1931 1481 1966; x_wconf 85' lang='grc' dir='ltr'>τῇ</span> <span class='ocrx_word' id='word_1_704' title='bbox 1497 1930 1589 1966; x_wconf 67' lang='grc' dir='ltr'>ἡμέρᾳ</span> <span class='ocrx_word' id='word_1_705' title='bbox 1606 1929 1674 1965; x_wconf 84' lang='grc' dir='ltr'>μετὰ</span> <span class='ocrx_word' id='word_1_706' title='bbox 1687 1930 1717 1956; x_wconf 80' lang='grc' dir='ltr'>τὸ</span> <span class='ocrx_word' id='word_1_707' title='bbox 1730 1929 1917 1965; x_wconf 67' lang='grc' dir='ltr'>ἐλευθερῶσαι</span> 
     </span>
    </p>
   </div>
   <div class='ocr_carea' id='block_1_86' title="bbox 1123 1975 1919 2013">
    <p class='ocr_par' dir='ltr' id='par_1_86' title="bbox 1123 1975 1919 2013">
     <span class='ocr_line' id='line_1_86' title="bbox 1123 1975 1919 2013; baseline -0.004 -9"><span class='ocrx_word' id='word_1_708' title='bbox 1123 1978 1169 2004; x_wconf 88' lang='grc' dir='ltr'>τὸν</span> <span class='ocrx_word' id='word_1_709' title='bbox 1178 1977 1243 2004; x_wconf 81' lang='grc' dir='ltr'>Θεὸν</span> <span class='ocrx_word' id='word_1_710' title='bbox 1254 1977 1316 2009; x_wconf 80' lang='grc' dir='ltr'>τοὺς</span> <span class='ocrx_word' id='word_1_711' title='bbox 1330 1977 1547 2013; x_wconf 81' lang='grc' dir='ltr'>προειρημένους</span> <span class='ocrx_word' id='word_1_712' title='bbox 1565 1975 1619 2002; x_wconf 83' lang='grc' dir='ltr'><strong>ἀπὸ</strong></span> <span class='ocrx_word' id='word_1_713' title='bbox 1635 1976 1683 2011; x_wconf 79' lang='grc' dir='ltr'>τῆς</span> <span class='ocrx_word' id='word_1_714' title='bbox 1699 1976 1751 2002; x_wconf 73' lang='grc' dir='ltr'><strong>ὑπὸ</strong></span> <span class='ocrx_word' id='word_1_715' title='bbox 1766 1975 1814 2002; x_wconf 80' lang='grc' dir='ltr'>τὸν</span> <span class='ocrx_word' id='word_1_716' title='bbox 1830 1975 1919 2002; x_wconf 52' lang='lat'><strong>6-160-</strong></span> 
     </span>
    </p>
   </div>
   <div class='ocr_carea' id='block_1_87' title="bbox 1123 2021 1919 2060">
    <p class='ocr_par' dir='ltr' id='par_1_87' title="bbox 1123 2021 1919 2060">
     <span class='ocr_line' id='line_1_87' title="bbox 1123 2021 1919 2060; baseline -0.004 -10"><span class='ocrx_word' id='word_1_717' title='bbox 1123 2024 1168 2051; x_wconf 91' lang='grc' dir='ltr'><strong>λον</strong></span> <span class='ocrx_word' id='word_1_718' title='bbox 1188 2023 1386 2060; x_wconf 80' lang='grc' dir='ltr'>αἰχμαλωσίας,</span> <span class='ocrx_word' id='word_1_719' title='bbox 1408 2022 1446 2054; x_wconf 85' lang='grc' dir='ltr'>ὼς</span> <span class='ocrx_word' id='word_1_720' title='bbox 1470 2022 1568 2058; x_wconf 75' lang='grc' dir='ltr'>μηκέτι</span> <span class='ocrx_word' id='word_1_721' title='bbox 1593 2022 1641 2057; x_wconf 74' lang='grc' dir='ltr'>μὲν</span> <span class='ocrx_word' id='word_1_722' title='bbox 1666 2022 1775 2057; x_wconf 85' lang='grc' dir='ltr'>ἐκείνῳ,</span> <span class='ocrx_word' id='word_1_723' title='bbox 1800 2021 1877 2056; x_wconf 76' lang='grc' dir='ltr'>μόνῳ</span> <span class='ocrx_word' id='word_1_724' title='bbox 1892 2021 1919 2047; x_wconf 73' lang='grc' dir='ltr'><strong><em>ἃ</em></strong></span> 
     </span>
    </p>
   </div>
   <div class='ocr_carea' id='block_1_88' title="bbox 1123 2067 1919 2106">
    <p class='ocr_par' dir='ltr' id='par_1_88' title="bbox 1123 2067 1919 2106">
     <span class='ocr_line' id='line_1_88' title="bbox 1123 2067 1919 2106; baseline -0.005 -10"><span class='ocrx_word' id='word_1_725' title='bbox 1123 2069 1218 2106; x_wconf 85' lang='grc' dir='ltr'>Κυρίῳ</span> <span class='ocrx_word' id='word_1_726' title='bbox 1231 2069 1270 2105; x_wconf 83' lang='grc' dir='ltr'>τῷ</span> <span class='ocrx_word' id='word_1_727' title='bbox 1282 2068 1341 2104; x_wconf 82' lang='grc' dir='ltr'>Θεῷ</span> <span class='ocrx_word' id='word_1_728' title='bbox 1354 2068 1444 2095; x_wconf 80' lang='grc' dir='ltr'>αὐτῶν</span> <span class='ocrx_word' id='word_1_729' title='bbox 1453 2067 1604 2103; x_wconf 79' lang='grc' dir='ltr'>λατρεύειν,</span> <span class='ocrx_word' id='word_1_730' title='bbox 1618 2068 1784 2102; x_wconf 82' lang='grc' dir='ltr'>ἀναστήσειν</span> <span class='ocrx_word' id='word_1_731' title='bbox 1799 2068 1894 2099; x_wconf 78' lang='grc' dir='ltr'>αὐτοῖς</span> <span class='ocrx_word' id='word_1_732' title='bbox 1905 2067 1919 2092; x_wconf 79' lang='grc'>6</span> 
     </span>
    </p>
   </div>
   <div class='ocr_carea' id='block_1_89' title="bbox 1122 2113 1918 2151">
    <p class='ocr_par' dir='ltr' id='par_1_89' title="bbox 1122 2113 1918 2151">
     <span class='ocr_line' id='line_1_89' title="bbox 1122 2113 1918 2151; baseline -0.005 -8"><span class='ocrx_word' id='word_1_733' title='bbox 1122 2115 1188 2147; x_wconf 86' lang='grc' dir='ltr'>Θεὸς</span> <span class='ocrx_word' id='word_1_734' title='bbox 1210 2116 1378 2151; x_wconf 84' lang='grc' dir='ltr'>ὑπισχνεῖται</span> <span class='ocrx_word' id='word_1_735' title='bbox 1395 2114 1506 2149; x_wconf 83' lang='grc' dir='ltr'>βασιλέα</span> <span class='ocrx_word' id='word_1_736' title='bbox 1523 2113 1569 2140; x_wconf 82' lang='grc' dir='ltr'><strong>τὸν</strong></span> <span class='ocrx_word' id='word_1_737' title='bbox 1582 2113 1672 2145; x_wconf 84' lang='grc' dir='ltr'>Δαυῒδ,</span> <span class='ocrx_word' id='word_1_738' title='bbox 1686 2114 1735 2143; x_wconf 63' lang='grc' dir='ltr'><strong>οὐκ</strong></span> <span class='ocrx_word' id='word_1_739' title='bbox 1754 2113 1839 2140; x_wconf 79' lang='grc' dir='ltr'>ἄλλον</span> <span class='ocrx_word' id='word_1_740' title='bbox 1856 2114 1918 2139; x_wconf 69' lang='grc' dir='ltr'>ὂντα</span> 
     </span>
    </p>
   </div>
   <div class='ocr_carea' id='block_1_90' title="bbox 1121 2158 1916 2197">
    <p class='ocr_par' dir='ltr' id='par_1_90' title="bbox 1121 2158 1916 2197">
     <span class='ocr_line' id='line_1_90' title="bbox 1121 2158 1916 2197; baseline -0.005 -9"><span class='ocrx_word' id='word_1_741' title='bbox 1121 2161 1168 2188; x_wconf 80' lang='grc' dir='ltr'>τοῦ</span> <span class='ocrx_word' id='word_1_742' title='bbox 1183 2162 1215 2188; x_wconf 80' lang='grc' dir='ltr'><strong>ἐκ</strong></span> <span class='ocrx_word' id='word_1_743' title='bbox 1230 2161 1386 2197; x_wconf 86' lang='grc' dir='ltr'>σπέρματος</span> <span class='ocrx_word' id='word_1_744' title='bbox 1399 2160 1480 2186; x_wconf 73' lang='grc' dir='ltr'>Δαυῖδ</span> <span class='ocrx_word' id='word_1_745' title='bbox 1499 2160 1646 2195; x_wconf 84' lang='grc' dir='ltr'>γενομένου</span> <span class='ocrx_word' id='word_1_746' title='bbox 1670 2159 1798 2195; x_wconf 81' lang='grc' dir='ltr'>Σωτῆρος</span> <span class='ocrx_word' id='word_1_747' title='bbox 1823 2158 1916 2195; x_wconf 78' lang='grc' dir='ltr'>ἡμῶν,</span> 
     </span>
    </p>
   </div>
   <div class='ocr_carea' id='block_1_91' title="bbox 1121 2207 1916 2244">
    <p class='ocr_par' dir='ltr' id='par_1_91' title="bbox 1121 2207 1916 2244">
     <span class='ocr_line' id='line_1_91' title="bbox 1121 2207 1916 2244; baseline -0.003 -9"><span class='ocrx_word' id='word_1_748' title='bbox 1121 2209 1150 2235; x_wconf 83' lang='grc' dir='ltr'>ὃν</span> <span class='ocrx_word' id='word_1_749' title='bbox 1163 2208 1296 2244; x_wconf 84' lang='grc' dir='ltr'>διαφόρως</span> <span class='ocrx_word' id='word_1_750' title='bbox 1315 2210 1342 2235; x_wconf 79' lang='grc' dir='ltr'>αἱ</span> <span class='ocrx_word' id='word_1_751' title='bbox 1358 2208 1465 2244; x_wconf 74' lang='grc' dir='ltr'>Γραφαὶ</span> <span class='ocrx_word' id='word_1_752' title='bbox 1479 2208 1526 2235; x_wconf 69' lang='grc' dir='ltr'>καὶ</span> <span class='ocrx_word' id='word_1_753' title='bbox 1539 2208 1626 2243; x_wconf 89' lang='grc' dir='ltr'>τούτῳ</span> <span class='ocrx_word' id='word_1_754' title='bbox 1638 2209 1790 2243; x_wconf 79' lang='grc' dir='ltr'>προσεῖπαν</span> <span class='ocrx_word' id='word_1_755' title='bbox 1803 2207 1846 2242; x_wconf 81' lang='grc' dir='ltr'><strong>τῷ</strong></span> <span class='ocrx_word' id='word_1_756' title='bbox 1859 2207 1916 2233; x_wconf 77' lang='grc' dir='ltr'>ὀνό-</span> 
     </span>
    </p>
   </div>
   <div class='ocr_carea' id='block_1_92' title="bbox 280 2252 1077 2305">
    <p class='ocr_par' dir='ltr' id='par_1_92' title="bbox 280 2256 1068 2292">
     <span class='ocr_line' id='line_1_92' title="bbox 280 2256 1068 2292; baseline 0 -9"><span class='ocrx_word' id='word_1_757' title='bbox 280 2257 409 2292; x_wconf 88' lang='lat' dir='ltr'><strong>princcps</strong></span> <span class='ocrx_word' id='word_1_758' title='bbox 431 2256 560 2284; x_wconf 61' lang='lat' dir='ltr'><strong>Ecclesiae</strong></span> <span class='ocrx_word' id='word_1_759' title='bbox 581 2257 652 2291; x_wconf 82' lang='lat' dir='ltr'><strong>ejus,</strong></span> <span class='ocrx_word' id='word_1_760' title='bbox 677 2257 829 2292; x_wconf 89' lang='lat' dir='ltr'><strong>spiritualis</strong></span> <span class='ocrx_word' id='word_1_761' title='bbox 842 2257 947 2284; x_wconf 85' lang='lat' dir='ltr'><strong>scilicet</strong></span> <span class='ocrx_word' id='word_1_762' title='bbox 969 2256 1068 2283; x_wconf 90' lang='lat' dir='ltr'><strong>domus</strong></span> 
     </span>
    </p>
   </div>
   <div class='ocr_carea' id='block_1_93' title="bbox 1128 2252 1917 2305">
    <p class='ocr_par' dir='ltr' id='par_1_93' title="bbox 1128 2252 1917 2290">
     <span class='ocr_line' id='line_1_93' title="bbox 1128 2252 1917 2290; baseline -0.003 -9"><span class='ocrx_word' id='word_1_763' title='bbox 1128 2263 1198 2289; x_wconf 63' lang='grc' dir='ltr'>ματι.</span> <span class='ocrx_word' id='word_1_764' title='bbox 1216 2255 1245 2281; x_wconf 91' lang='grc'><strong>’0</strong></span> <span class='ocrx_word' id='word_1_765' title='bbox 1263 2254 1312 2290; x_wconf 83' lang='grc' dir='ltr'>μὲν</span> <span class='ocrx_word' id='word_1_766' title='bbox 1330 2252 1376 2281; x_wconf 74' lang='grc' dir='ltr'><strong>οὖν</strong></span> <span class='ocrx_word' id='word_1_767' title='bbox 1392 2255 1421 2280; x_wconf 86' lang='grc' dir='ltr'>ὲν</span> <span class='ocrx_word' id='word_1_768' title='bbox 1436 2255 1468 2289; x_wconf 84' lang='grc' dir='ltr'>τῇ</span> <span class='ocrx_word' id='word_1_769' title='bbox 1488 2254 1641 2290; x_wconf 77' lang='grc' dir='ltr'>προφητείᾳ</span> <span class='ocrx_word' id='word_1_770' title='bbox 1659 2253 1741 2281; x_wconf 80' lang='grc' dir='ltr'>Δαυῖδ</span> <span class='ocrx_word' id='word_1_771' title='bbox 1755 2255 1772 2280; x_wconf 80' lang='grc' dir='ltr'><strong>ὸ</strong></span> <span class='ocrx_word' id='word_1_772' title='bbox 1783 2254 1859 2280; x_wconf 70' lang='grc' dir='ltr'>κατὰ</span> <span class='ocrx_word' id='word_1_773' title='bbox 1872 2253 1917 2282; x_wconf 60' lang='grc' dir='ltr'>τὸν</span> 
     </span>
    </p>
   </div>
   <div class='ocr_carea' id='block_1_94' title="bbox 281 2300 1077 2337">
    <p class='ocr_par' dir='ltr' id='par_1_94' title="bbox 281 2302 1068 2337">
     <span class='ocr_line' id='line_1_94' title="bbox 281 2302 1068 2337; baseline 0 -7"><span class='ocrx_word' id='word_1_774' title='bbox 281 2303 364 2330; x_wconf 84' lang='lat' dir='ltr'><strong>Israel</strong></span> <span class='ocrx_word' id='word_1_775' title='bbox 380 2311 387 2336; x_wconf 88' lang='lat'><strong>;</strong></span> <span class='ocrx_word' id='word_1_776' title='bbox 402 2310 451 2330; x_wconf 90' lang='lat' dir='ltr'><strong>nec</strong></span> <span class='ocrx_word' id='word_1_777' title='bbox 467 2303 626 2337; x_wconf 84' lang='lat' dir='ltr'><strong>spirituales</strong></span> <span class='ocrx_word' id='word_1_778' title='bbox 643 2302 690 2329; x_wconf 92' lang='lat' dir='ltr'><strong>Dei</strong></span> <span class='ocrx_word' id='word_1_779' title='bbox 706 2302 864 2329; x_wconf 87' lang='lat' dir='ltr'><strong>sacerdotes</strong></span> <span class='ocrx_word' id='word_1_780' title='bbox 883 2309 1003 2337; x_wconf 90' lang='lat' dir='ltr'><strong>unquam</strong></span> <span class='ocrx_word' id='word_1_781' title='bbox 1020 2302 1068 2330; x_wconf 85' lang='lat' dir='ltr'><strong>de-</strong></span> 
     </span>
    </p>
   </div>
   <div class='ocr_carea' id='block_1_95' title="bbox 1128 2300 1917 2337">
    <p class='ocr_par' dir='ltr' id='par_1_95' title="bbox 1128 2300 1917 2336">
     <span class='ocr_line' id='line_1_95' title="bbox 1128 2300 1917 2336; baseline 0 -10"><span class='ocrx_word' id='word_1_782' title='bbox 1128 2301 1232 2336; x_wconf 73' lang='grc' dir='ltr'>Σωτῆρα</span> <span class='ocrx_word' id='word_1_783' title='bbox 1244 2300 1322 2336; x_wconf 82' lang='grc' dir='ltr'>ἡμῶν</span> <span class='ocrx_word' id='word_1_784' title='bbox 1333 2300 1392 2327; x_wconf 85' lang='grc' dir='ltr'>νοού</span> <span class='ocrx_word' id='word_1_785' title='bbox 1397 2309 1475 2335; x_wconf 86' lang='grc' dir='ltr'>μενος</span> <span class='ocrx_word' id='word_1_786' title='bbox 1487 2300 1629 2336; x_wconf 78' lang='grc' dir='ltr'>ἄνθρωπος</span> <span class='ocrx_word' id='word_1_787' title='bbox 1641 2300 1760 2334; x_wconf 83' lang='grc' dir='ltr'>λέγεται·</span> <span class='ocrx_word' id='word_1_788' title='bbox 1775 2301 1792 2336; x_wconf 80' lang='grc' dir='ltr'>ὴ</span> <span class='ocrx_word' id='word_1_789' title='bbox 1805 2300 1837 2326; x_wconf 78' lang='grc' dir='ltr'><strong>δέ</strong></span> <span class='ocrx_word' id='word_1_790' title='bbox 1851 2301 1917 2326; x_wconf 73' lang='grc' dir='ltr'>ἁνα-</span> 
     </span>
    </p>
   </div>
   <div class='ocr_carea' id='block_1_96' title="bbox 282 2348 1068 2384">
    <p class='ocr_par' dir='ltr' id='par_1_96' title="bbox 282 2348 1068 2384">
     <span class='ocr_line' id='line_1_96' title="bbox 282 2348 1068 2384; baseline -0.003 -8"><span class='ocrx_word' id='word_1_791' title='bbox 282 2350 403 2377; x_wconf 73' lang='lat' dir='ltr'><strong>lecturos</strong></span> <span class='ocrx_word' id='word_1_792' title='bbox 429 2356 491 2377; x_wconf 87' lang='lat' dir='ltr'><strong>esse</strong></span> <span class='ocrx_word' id='word_1_793' title='bbox 513 2348 656 2384; x_wconf 82' lang='lat' dir='ltr'><strong>Scriptura</strong></span> <span class='ocrx_word' id='word_1_794' title='bbox 678 2349 868 2384; x_wconf 86' lang='lat' dir='ltr'><strong>prophetizat.</strong></span> <span class='ocrx_word' id='word_1_795' title='bbox 897 2348 961 2376; x_wconf 90' lang='lat' dir='ltr'><strong>thus</strong></span> <span class='ocrx_word' id='word_1_796' title='bbox 985 2348 1068 2383; x_wconf 88' lang='lat' dir='ltr'><strong>spiri-</strong></span> 
     </span>
    </p>
   </div>
   <div class='ocr_carea' id='block_1_97' title="bbox 280 2392 1068 2428">
    <p class='ocr_par' dir='ltr' id='par_1_97' title="bbox 280 2392 1068 2428">
     <span class='ocr_line' id='line_1_97' title="bbox 280 2392 1068 2428; baseline -0.001 -8"><span class='ocrx_word' id='word_1_797' title='bbox 280 2395 353 2422; x_wconf 83' lang='lat' dir='ltr'><strong>tuale</strong></span> <span class='ocrx_word' id='word_1_798' title='bbox 369 2394 496 2426; x_wconf 82' lang='lat' dir='ltr'><strong>ferentes.</strong></span> <span class='ocrx_word' id='word_1_799' title='bbox 513 2401 679 2428; x_wconf 89' lang='lat' dir='ltr'><strong>suavemque</strong></span> <span class='ocrx_word' id='word_1_800' title='bbox 694 2393 829 2421; x_wconf 88' lang='lat' dir='ltr'><strong>bonorum</strong></span> <span class='ocrx_word' id='word_1_801' title='bbox 844 2400 956 2428; x_wconf 89' lang='lat' dir='ltr'><strong>operum</strong></span> <span class='ocrx_word' id='word_1_802' title='bbox 979 2392 1068 2420; x_wconf 90' lang='lat' dir='ltr'><strong>dicto-</strong></span> 
     </span>
    </p>
   </div>
   <div class='ocr_carea' id='block_1_98' title="bbox 280 2439 1067 2475">
    <p class='ocr_par' dir='ltr' id='par_1_98' title="bbox 280 2439 1067 2475">
     <span class='ocr_line' id='line_1_98' title="bbox 280 2439 1067 2475; baseline 0 -9"><span class='ocrx_word' id='word_1_803' title='bbox 280 2448 375 2468; x_wconf 81' lang='lat' dir='ltr'><strong>rumve</strong></span> <span class='ocrx_word' id='word_1_804' title='bbox 389 2441 501 2467; x_wconf 89' lang='lat' dir='ltr'><strong>odorem</strong></span> <span class='ocrx_word' id='word_1_805' title='bbox 511 2460 518 2471; x_wconf 87' lang='lat'>,</span> <span class='ocrx_word' id='word_1_806' title='bbox 535 2446 641 2466; x_wconf 81' lang='lat' dir='ltr'><strong>necnon</strong></span> <span class='ocrx_word' id='word_1_807' title='bbox 670 2439 842 2467; x_wconf 88' lang='lat' dir='ltr'><strong>incruentam</strong></span> <span class='ocrx_word' id='word_1_808' title='bbox 859 2447 1012 2475; x_wconf 85' lang='lat' dir='ltr'><strong>puramque</strong></span> <span class='ocrx_word' id='word_1_809' title='bbox 1026 2441 1067 2468; x_wconf 88' lang='lat' dir='ltr'><strong>vi-</strong></span> 
     </span>
    </p>
   </div>
   <div class='ocr_carea' id='block_1_99' title="bbox 280 2485 1066 2521">
    <p class='ocr_par' dir='ltr' id='par_1_99' title="bbox 280 2485 1066 2521">
     <span class='ocr_line' id='line_1_99' title="bbox 280 2485 1066 2521; baseline 0.001 -9"><span class='ocrx_word' id='word_1_810' title='bbox 280 2486 402 2513; x_wconf 77' lang='lat' dir='ltr'><strong>ctimam.</strong></span> <span class='ocrx_word' id='word_1_811' title='bbox 425 2485 491 2518; x_wconf 59' lang='lat' dir='ltr'><strong>Quae</strong></span> <span class='ocrx_word' id='word_1_812' title='bbox 511 2486 584 2512; x_wconf 89' lang='lat' dir='ltr'><strong>enim</strong></span> <span class='ocrx_word' id='word_1_813' title='bbox 606 2485 634 2512; x_wconf 93' lang='lat' dir='ltr'><strong>ni</strong></span> <span class='ocrx_word' id='word_1_814' title='bbox 650 2485 686 2512; x_wconf 83' lang='lat' dir='ltr'><strong>ita</strong></span> <span class='ocrx_word' id='word_1_815' title='bbox 704 2486 912 2521; x_wconf 85' lang='lat' dir='ltr'><strong>acceperimus.</strong></span> <span class='ocrx_word' id='word_1_816' title='bbox 929 2486 1066 2514; x_wconf 89' lang='lat' dir='ltr'><strong>mendacii</strong></span> 
     </span>
    </p>
   </div>
   <div class='ocr_carea' id='block_1_100' title="bbox 278 2531 1064 2566">
    <p class='ocr_par' dir='ltr' id='par_1_100' title="bbox 278 2531 1064 2566">
     <span class='ocr_line' id='line_1_100' title="bbox 278 2531 1064 2566; baseline 0 -8"><span class='ocrx_word' id='word_1_817' title='bbox 278 2532 438 2566; x_wconf 79' lang='lat' dir='ltr'><strong>prophetias</strong></span> <span class='ocrx_word' id='word_1_818' title='bbox 452 2535 589 2566; x_wconf 75' lang='lat' dir='ltr'><strong>arguunt,</strong></span> <span class='ocrx_word' id='word_1_819' title='bbox 606 2539 669 2558; x_wconf 93' lang='lat' dir='ltr'><strong>cum</strong></span> <span class='ocrx_word' id='word_1_820' title='bbox 691 2532 832 2559; x_wconf 84' lang='lat' dir='ltr'><strong>terrestris</strong></span> <span class='ocrx_word' id='word_1_821' title='bbox 851 2531 964 2559; x_wconf 86' lang='lat' dir='ltr'><strong>Davidis</strong></span> <span class='ocrx_word' id='word_1_822' title='bbox 986 2531 1064 2559; x_wconf 55' lang='lat' dir='ltr'><strong>thro.</strong></span> 
     </span>
    </p>
   </div>
   <div class='ocr_carea' id='block_1_101' title="bbox 280 2577 1063 2612">
    <p class='ocr_par' dir='ltr' id='par_1_101' title="bbox 280 2577 1063 2612">
     <span class='ocr_line' id='line_1_101' title="bbox 280 2577 1063 2612; baseline 0.001 -9"><span class='ocrx_word' id='word_1_823' title='bbox 280 2585 332 2604; x_wconf 80' lang='lat' dir='ltr'><strong>nus</strong></span> <span class='ocrx_word' id='word_1_824' title='bbox 355 2577 530 2612; x_wconf 83' lang='lat' dir='ltr'><strong>typicumque</strong></span> <span class='ocrx_word' id='word_1_825' title='bbox 545 2577 738 2608; x_wconf 83' lang='lat' dir='ltr'><strong>sacerdotium.</strong></span> <span class='ocrx_word' id='word_1_826' title='bbox 754 2585 808 2604; x_wconf 90' lang='lat' dir='ltr'><strong>non</strong></span> <span class='ocrx_word' id='word_1_827' title='bbox 829 2578 886 2612; x_wconf 85' lang='lat' dir='ltr'><strong>jam</strong></span> <span class='ocrx_word' id='word_1_828' title='bbox 901 2577 1063 2605; x_wconf 87' lang='lat' dir='ltr'><strong>subsistant.</strong></span> 
     </span>
    </p>
   </div>
   <div class='ocr_carea' id='block_1_102' title="bbox 279 2623 1064 2658">
    <p class='ocr_par' dir='ltr' id='par_1_102' title="bbox 279 2623 1064 2658">
     <span class='ocr_line' id='line_1_102' title="bbox 279 2623 1064 2658; baseline 0.001 -9"><span class='ocrx_word' id='word_1_829' title='bbox 279 2623 391 2650; x_wconf 86' lang='lat' dir='ltr'><strong>Davidis</strong></span> <span class='ocrx_word' id='word_1_830' title='bbox 411 2623 521 2657; x_wconf 88' lang='lat' dir='ltr'><strong>quidem</strong></span> <span class='ocrx_word' id='word_1_831' title='bbox 537 2631 553 2650; x_wconf 90' lang='lat' dir='ltr'><strong>e</strong></span> <span class='ocrx_word' id='word_1_832' title='bbox 569 2623 674 2650; x_wconf 88' lang='lat' dir='ltr'><strong>semine</strong></span> <span class='ocrx_word' id='word_1_833' title='bbox 690 2630 769 2658; x_wconf 71' lang='lat' dir='ltr'><strong>reges</strong></span> <span class='ocrx_word' id='word_1_834' title='bbox 783 2623 839 2658; x_wconf 87' lang='lat' dir='ltr'><strong>jam</strong></span> <span class='ocrx_word' id='word_1_835' title='bbox 855 2623 982 2650; x_wconf 65' lang='lat' dir='ltr'><strong>Ieremia:</strong></span> <span class='ocrx_word' id='word_1_836' title='bbox 996 2628 1064 2650; x_wconf 86' lang='lat' dir='ltr'><strong>tem-</strong></span> 
     </span>
    </p>
   </div>
   <div class='ocr_carea' id='block_1_103' title="bbox 279 2668 1065 2702">
    <p class='ocr_par' dir='ltr' id='par_1_103' title="bbox 279 2668 1065 2702">
     <span class='ocr_line' id='line_1_103' title="bbox 279 2668 1065 2702; baseline 0.003 -8"><span class='ocrx_word' id='word_1_837' title='bbox 279 2668 393 2702; x_wconf 86' lang='lat' dir='ltr'><strong>poribus</strong></span> <span class='ocrx_word' id='word_1_838' title='bbox 413 2668 520 2696; x_wconf 91' lang='lat' dir='ltr'><strong>detrusi</strong></span> <span class='ocrx_word' id='word_1_839' title='bbox 538 2672 634 2702; x_wconf 84' lang='lat' dir='ltr'><strong>erant;</strong></span> <span class='ocrx_word' id='word_1_840' title='bbox 657 2669 784 2697; x_wconf 88' lang='lat' dir='ltr'><strong>leviticus</strong></span> <span class='ocrx_word' id='word_1_841' title='bbox 803 2677 868 2696; x_wconf 91' lang='lat' dir='ltr'><strong>vero</strong></span> <span class='ocrx_word' id='word_1_842' title='bbox 880 2689 886 2701; x_wconf 85' lang='lat'>.</span> <span class='ocrx_word' id='word_1_843' title='bbox 909 2669 1065 2697; x_wconf 87' lang='lat' dir='ltr'><strong>sacerdota-</strong></span> 
     </span>
    </p>
   </div>
   <div class='ocr_carea' id='block_1_104' title="bbox 280 2714 1063 2750">
    <p class='ocr_par' dir='ltr' id='par_1_104' title="bbox 280 2714 1063 2750">
     <span class='ocr_line' id='line_1_104' title="bbox 280 2714 1063 2750; baseline 0.004 -11"><span class='ocrx_word' id='word_1_844' title='bbox 280 2714 365 2748; x_wconf 89' lang='lat' dir='ltr'><strong>lisque</strong></span> <span class='ocrx_word' id='word_1_845' title='bbox 380 2714 471 2742; x_wconf 85' lang='lat' dir='ltr'><strong>cultus</strong></span> <span class='ocrx_word' id='word_1_846' title='bbox 491 2722 546 2742; x_wconf 92' lang='lat' dir='ltr'><strong>non</strong></span> <span class='ocrx_word' id='word_1_847' title='bbox 568 2715 655 2742; x_wconf 91' lang='lat' dir='ltr'><strong>multo</strong></span> <span class='ocrx_word' id='word_1_848' title='bbox 679 2719 741 2750; x_wconf 89' lang='lat' dir='ltr'><strong>post</strong></span> <span class='ocrx_word' id='word_1_849' title='bbox 759 2714 910 2742; x_wconf 88' lang='lat' dir='ltr'><strong>Salvatoris</strong></span> <span class='ocrx_word' id='word_1_850' title='bbox 934 2715 1063 2743; x_wconf 86' lang='lat' dir='ltr'><strong>incarna-</strong></span> 
     </span>
    </p>
   </div>
   <div class='ocr_carea' id='block_1_105' title="bbox 279 2760 1065 2797">
    <p class='ocr_par' dir='ltr' id='par_1_105' title="bbox 279 2760 1065 2797">
     <span class='ocr_line' id='line_1_105' title="bbox 279 2760 1065 2797; baseline 0.004 -12"><span class='ocrx_word' id='word_1_851' title='bbox 279 2760 381 2788; x_wconf 80' lang='lat' dir='ltr'><strong>tionem</strong></span> <span class='ocrx_word' id='word_1_852' title='bbox 395 2767 508 2788; x_wconf 82' lang='lat' dir='ltr'><strong>eversus</strong></span> <span class='ocrx_word' id='word_1_853' title='bbox 524 2764 566 2788; x_wconf 88' lang='lat' dir='ltr'><strong>est</strong></span> <span class='ocrx_word' id='word_1_854' title='bbox 580 2769 589 2796; x_wconf 91' lang='lat'><strong>;</strong></span> <span class='ocrx_word' id='word_1_855' title='bbox 604 2768 637 2788; x_wconf 84' lang='lat' dir='ltr'><strong>ex</strong></span> <span class='ocrx_word' id='word_1_856' title='bbox 650 2768 705 2796; x_wconf 86' lang='lat' dir='ltr'><strong>quo</strong></span> <span class='ocrx_word' id='word_1_857' title='bbox 726 2768 801 2788; x_wconf 92' lang='lat' dir='ltr'><strong>nunc</strong></span> <span class='ocrx_word' id='word_1_858' title='bbox 816 2769 903 2797; x_wconf 88' lang='lat' dir='ltr'><strong>usque</strong></span> <span class='ocrx_word' id='word_1_859' title='bbox 923 2769 979 2789; x_wconf 90' lang='lat' dir='ltr'><strong>non</strong></span> <span class='ocrx_word' id='word_1_860' title='bbox 1001 2761 1065 2789; x_wconf 83' lang='lat' dir='ltr'><strong>licet</strong></span> 
     </span>
    </p>
   </div>
   <div class='ocr_carea' id='block_1_106' title="bbox 1118 2346 1917 2382">
    <p class='ocr_par' dir='ltr' id='par_1_106' title="bbox 1118 2346 1917 2382">
     <span class='ocr_line' id='line_1_106' title="bbox 1118 2346 1917 2382; baseline -0.003 -9"><span class='ocrx_word' id='word_1_861' title='bbox 1118 2346 1181 2382; x_wconf 84' lang='grc' dir='ltr'>τολὴ</span> <span class='ocrx_word' id='word_1_862' title='bbox 1193 2347 1209 2382; x_wconf 91' lang='grc' dir='ltr'><strong>ή</strong></span> <span class='ocrx_word' id='word_1_863' title='bbox 1223 2346 1326 2378; x_wconf 75' lang='grc' dir='ltr'>δικαία,</span> <span class='ocrx_word' id='word_1_864' title='bbox 1340 2347 1357 2382; x_wconf 80' lang='grc' dir='ltr'>ἡ</span> <span class='ocrx_word' id='word_1_865' title='bbox 1368 2347 1427 2373; x_wconf 85' lang='grc' dir='ltr'>κατ’</span> <span class='ocrx_word' id='word_1_866' title='bbox 1439 2347 1519 2373; x_wconf 74' lang='grc' dir='ltr'>αὑτὸν</span> <span class='ocrx_word' id='word_1_867' title='bbox 1531 2346 1680 2382; x_wconf 83' lang='grc' dir='ltr'>ἐνεργοῠσα</span> <span class='ocrx_word' id='word_1_868' title='bbox 1691 2346 1800 2381; x_wconf 82' lang='grc' dir='ltr'>θεότης,</span> <span class='ocrx_word' id='word_1_869' title='bbox 1816 2356 1825 2371; x_wconf 76' lang='grc' dir='ltr'><strong>ε</strong></span> <span class='ocrx_word' id='word_1_870' title='bbox 1842 2346 1917 2381; x_wconf 78' lang='grc' dir='ltr'>ἣλιος</span> 
     </span>
    </p>
   </div>
   <div class='ocr_carea' id='block_1_107' title="bbox 1117 2391 1917 2428">
    <p class='ocr_par' dir='ltr' id='par_1_107' title="bbox 1117 2391 1917 2428">
     <span class='ocr_line' id='line_1_107' title="bbox 1117 2391 1917 2428; baseline -0.003 -9"><span class='ocrx_word' id='word_1_871' title='bbox 1117 2393 1287 2428; x_wconf 82' lang='grc' dir='ltr'>δικαιοσύνης</span> <span class='ocrx_word' id='word_1_872' title='bbox 1302 2403 1311 2418; x_wconf 75' lang='grc' dir='ltr'><strong>ι</strong></span> <span class='ocrx_word' id='word_1_873' title='bbox 1330 2393 1358 2419; x_wconf 81' lang='grc' dir='ltr'>ὲν</span> <span class='ocrx_word' id='word_1_874' title='bbox 1380 2393 1470 2424; x_wconf 78' lang='grc' dir='ltr'>ἄλλοις</span> <span class='ocrx_word' id='word_1_875' title='bbox 1484 2391 1683 2428; x_wconf 81' lang='grc' dir='ltr'>ὀνομαζομένη·</span> <span class='ocrx_word' id='word_1_876' title='bbox 1708 2392 1771 2419; x_wconf 76' lang='grc' dir='ltr'>ἐπεὶ</span> <span class='ocrx_word' id='word_1_877' title='bbox 1792 2392 1842 2419; x_wconf 76' lang='grc' dir='ltr'>καὶ</span> <span class='ocrx_word' id='word_1_878' title='bbox 1860 2401 1869 2417; x_wconf 79' lang='grc' dir='ltr'><strong>ι</strong></span> <span class='ocrx_word' id='word_1_879' title='bbox 1887 2391 1917 2417; x_wconf 66' lang='grc' dir='ltr'>τὸ</span> 
     </span>
    </p>
   </div>
   <div class='ocr_carea' id='block_1_108' title="bbox 1119 2438 1916 2475">
    <p class='ocr_par' dir='ltr' id='par_1_108' title="bbox 1119 2438 1916 2475">
     <span class='ocr_line' id='line_1_108' title="bbox 1119 2438 1916 2475; baseline -0.003 -9"><span class='ocrx_word' id='word_1_880' title='bbox 1119 2439 1177 2474; x_wconf 85' lang='grc' dir='ltr'>φῶς</span> <span class='ocrx_word' id='word_1_881' title='bbox 1193 2439 1223 2466; x_wconf 76' lang='grc' dir='ltr'>τὸ</span> <span class='ocrx_word' id='word_1_882' title='bbox 1237 2439 1361 2475; x_wconf 80' lang='grc' dir='ltr'>ἀληθινὸν</span> <span class='ocrx_word' id='word_1_883' title='bbox 1375 2439 1389 2465; x_wconf 80' lang='grc' dir='ltr'><strong>ὃ</strong></span> <span class='ocrx_word' id='word_1_884' title='bbox 1407 2439 1519 2474; x_wconf 79' lang='grc' dir='ltr'>φωτίζει</span> <span class='ocrx_word' id='word_1_885' title='bbox 1535 2439 1624 2465; x_wconf 83' lang='grc' dir='ltr'>πάντα</span> <span class='ocrx_word' id='word_1_886' title='bbox 1635 2439 1778 2474; x_wconf 78' lang='grc' dir='ltr'>ἄνθρωπον</span> <span class='ocrx_word' id='word_1_887' title='bbox 1795 2438 1916 2473; x_wconf 80' lang='grc' dir='ltr'>ἐρχόμε-</span> 
     </span>
    </p>
   </div>
   <div class='ocr_carea' id='block_1_109' title="bbox 1118 2484 1914 2520">
    <p class='ocr_par' dir='ltr' id='par_1_109' title="bbox 1118 2484 1914 2520">
     <span class='ocr_line' id='line_1_109' title="bbox 1118 2484 1914 2520; baseline -0.003 -9"><span class='ocrx_word' id='word_1_888' title='bbox 1118 2493 1162 2512; x_wconf 74' lang='grc' dir='ltr'><strong>νον</strong></span> <span class='ocrx_word' id='word_1_889' title='bbox 1177 2486 1216 2517; x_wconf 76' lang='grc' dir='ltr'>εἰς</span> <span class='ocrx_word' id='word_1_890' title='bbox 1231 2485 1275 2512; x_wconf 80' lang='grc' dir='ltr'><strong>τὸν</strong></span> <span class='ocrx_word' id='word_1_891' title='bbox 1291 2484 1391 2520; x_wconf 84' lang='grc' dir='ltr'>κόσμον</span> <span class='ocrx_word' id='word_1_892' title='bbox 1407 2495 1417 2511; x_wconf 73' lang='grc' dir='ltr'><strong>ι</strong></span> <span class='ocrx_word' id='word_1_893' title='bbox 1438 2485 1488 2511; x_wconf 73' lang='grc' dir='ltr'>οὐκ</span> <span class='ocrx_word' id='word_1_894' title='bbox 1510 2484 1578 2519; x_wconf 81' lang='grc' dir='ltr'>ἄλλη</span> <span class='ocrx_word' id='word_1_895' title='bbox 1600 2493 1642 2516; x_wconf 85' lang='grc' dir='ltr'><strong>τις</strong></span> <span class='ocrx_word' id='word_1_896' title='bbox 1661 2484 1744 2511; x_wconf 77' lang='grc' dir='ltr'>αὑτοῦ</span> <span class='ocrx_word' id='word_1_897' title='bbox 1768 2485 1914 2519; x_wconf 73' lang='grc' dir='ltr'>τυγχάνει.</span> 
     </span>
    </p>
   </div>
   <div class='ocr_carea' id='block_1_110' title="bbox 1120 2529 1916 2566">
    <p class='ocr_par' dir='ltr' id='par_1_110' title="bbox 1120 2529 1916 2566">
     <span class='ocr_line' id='line_1_110' title="bbox 1120 2529 1916 2566; baseline -0.004 -8"><span class='ocrx_word' id='word_1_898' title='bbox 1120 2530 1165 2566; x_wconf 86' lang='grc' dir='ltr'><strong>Τῷ</strong></span> <span class='ocrx_word' id='word_1_899' title='bbox 1181 2530 1241 2566; x_wconf 87' lang='grc' dir='ltr'>Θεῷ</span> <span class='ocrx_word' id='word_1_900' title='bbox 1259 2530 1348 2558; x_wconf 85' lang='grc' dir='ltr'>τοίνυν</span> <span class='ocrx_word' id='word_1_901' title='bbox 1367 2530 1449 2566; x_wconf 66' lang='grc' dir='ltr'>φησιν</span> <span class='ocrx_word' id='word_1_902' title='bbox 1466 2530 1517 2557; x_wconf 80' lang='grc' dir='ltr'>οὐκ</span> <span class='ocrx_word' id='word_1_903' title='bbox 1534 2529 1810 2566; x_wconf 79' lang='grc' dir='ltr'>ἐξολοθρευθήσεσθαι</span> <span class='ocrx_word' id='word_1_904' title='bbox 1829 2529 1916 2565; x_wconf 71' lang='grc' dir='ltr'>ἄνδρα</span> 
     </span>
    </p>
   </div>
   <div class='ocr_carea' id='block_1_111' title="bbox 1118 2574 1915 2612">
    <p class='ocr_par' dir='ltr' id='par_1_111' title="bbox 1118 2574 1915 2612">
     <span class='ocr_line' id='line_1_111' title="bbox 1118 2574 1915 2612; baseline -0.004 -9"><span class='ocrx_word' id='word_1_905' title='bbox 1118 2576 1268 2612; x_wconf 81' lang='grc' dir='ltr'>ἡγούμενον</span> <span class='ocrx_word' id='word_1_906' title='bbox 1282 2577 1327 2603; x_wconf 80' lang='grc' dir='ltr'><strong>καὶ</strong></span> <span class='ocrx_word' id='word_1_907' title='bbox 1342 2576 1499 2612; x_wconf 81' lang='grc' dir='ltr'>προεστῶτα</span> <span class='ocrx_word' id='word_1_908' title='bbox 1510 2577 1558 2612; x_wconf 82' lang='grc' dir='ltr'>τῆς</span> <span class='ocrx_word' id='word_1_909' title='bbox 1571 2574 1732 2610; x_wconf 77' lang='grc' dir='ltr'>Ἐκκλησίας</span> <span class='ocrx_word' id='word_1_910' title='bbox 1745 2575 1845 2608; x_wconf 74' lang='grc' dir='ltr'>αὑτοῦ,</span> <span class='ocrx_word' id='word_1_911' title='bbox 1855 2576 1915 2610; x_wconf 72' lang='grc' dir='ltr'>ἣτις</span> 
     </span>
    </p>
   </div>
   <div class='ocr_carea' id='block_1_112' title="bbox 1117 2620 1914 2658">
    <p class='ocr_par' dir='ltr' id='par_1_112' title="bbox 1117 2620 1914 2658">
     <span class='ocr_line' id='line_1_112' title="bbox 1117 2620 1914 2658; baseline -0.003 -9"><span class='ocrx_word' id='word_1_912' title='bbox 1117 2622 1191 2649; x_wconf 76' lang='grc' dir='ltr'>ἐστὶν</span> <span class='ocrx_word' id='word_1_913' title='bbox 1205 2624 1220 2650; x_wconf 90' lang='grc' dir='ltr'><strong>ό</strong></span> <span class='ocrx_word' id='word_1_914' title='bbox 1240 2622 1423 2657; x_wconf 83' lang='grc' dir='ltr'>πνευματικὸς</span> <span class='ocrx_word' id='word_1_915' title='bbox 1444 2620 1517 2654; x_wconf 83' lang='grc' dir='ltr'>οἶκος</span> <span class='ocrx_word' id='word_1_916' title='bbox 1545 2621 1662 2658; x_wconf 85' lang='grc' dir='ltr'>Ἰσραήλ·</span> <span class='ocrx_word' id='word_1_917' title='bbox 1686 2621 1744 2648; x_wconf 86' lang='grc' dir='ltr'>ἀλλ’</span> <span class='ocrx_word' id='word_1_918' title='bbox 1767 2621 1831 2648; x_wconf 80' lang='grc' dir='ltr'><strong>οὐδὲ</strong></span> <span class='ocrx_word' id='word_1_919' title='bbox 1852 2621 1914 2651; x_wconf 65' lang='grc' dir='ltr'>τοὺς</span> 
     </span>
    </p>
   </div>
   <div class='ocr_carea' id='block_1_113' title="bbox 1115 2668 1913 2705">
    <p class='ocr_par' dir='ltr' id='par_1_113' title="bbox 1115 2668 1913 2705">
     <span class='ocr_line' id='line_1_113' title="bbox 1115 2668 1913 2705; baseline -0.004 -9"><span class='ocrx_word' id='word_1_920' title='bbox 1115 2669 1186 2696; x_wconf 85' lang='grc' dir='ltr'>κατὰ</span> <span class='ocrx_word' id='word_1_921' title='bbox 1199 2669 1317 2696; x_wconf 84' lang='grc' dir='ltr'>διάνοιαν</span> <span class='ocrx_word' id='word_1_922' title='bbox 1331 2670 1414 2705; x_wconf 86' lang='grc' dir='ltr'>ἱερεῖς</span> <span class='ocrx_word' id='word_1_923' title='bbox 1423 2668 1470 2695; x_wconf 80' lang='grc' dir='ltr'>τοῦ</span> <span class='ocrx_word' id='word_1_924' title='bbox 1484 2668 1551 2695; x_wconf 82' lang='grc' dir='ltr'>Θεοῦ</span> <span class='ocrx_word' id='word_1_925' title='bbox 1563 2668 1709 2703; x_wconf 72' lang='grc' dir='ltr'>διαλειψειν</span> <span class='ocrx_word' id='word_1_926' title='bbox 1722 2669 1737 2694; x_wconf 85' lang='grc' dir='ltr'><strong>ὸ</strong></span> <span class='ocrx_word' id='word_1_927' title='bbox 1746 2668 1831 2702; x_wconf 76' lang='grc' dir='ltr'>λόγσς</span> <span class='ocrx_word' id='word_1_928' title='bbox 1846 2676 1913 2703; x_wconf 81' lang='grc' dir='ltr'>προ-</span> 
     </span>
    </p>
   </div>
   <div class='ocr_carea' id='block_1_114' title="bbox 1115 2713 1914 2750">
    <p class='ocr_par' dir='ltr' id='par_1_114' title="bbox 1115 2713 1914 2750">
     <span class='ocr_line' id='line_1_114' title="bbox 1115 2713 1914 2750; baseline -0.004 -8"><span class='ocrx_word' id='word_1_929' title='bbox 1115 2714 1236 2750; x_wconf 83' lang='grc' dir='ltr'>φητεύει,</span> <span class='ocrx_word' id='word_1_930' title='bbox 1252 2715 1282 2742; x_wconf 81' lang='grc' dir='ltr'><strong>τὸ</strong></span> <span class='ocrx_word' id='word_1_931' title='bbox 1297 2715 1482 2750; x_wconf 84' lang='grc' dir='ltr'>πνευματικὸν</span> <span class='ocrx_word' id='word_1_932' title='bbox 1500 2714 1686 2750; x_wconf 78' lang='grc' dir='ltr'>ἀναφέροντας</span> <span class='ocrx_word' id='word_1_933' title='bbox 1703 2713 1845 2750; x_wconf 79' lang='grc' dir='ltr'>θυμίαμα,</span> <span class='ocrx_word' id='word_1_934' title='bbox 1866 2713 1914 2740; x_wconf 76' lang='grc' dir='ltr'>καὶ</span> 
     </span>
    </p>
   </div>
   <div class='ocr_carea' id='block_1_115' title="bbox 1114 2758 1916 2798">
    <p class='ocr_par' dir='ltr' id='par_1_115' title="bbox 1114 2758 1916 2798">
     <span class='ocr_line' id='line_1_115' title="bbox 1114 2758 1916 2798; baseline -0.002 -11"><span class='ocrx_word' id='word_1_935' title='bbox 1114 2761 1164 2797; x_wconf 84' lang='grc' dir='ltr'>τὴν</span> <span class='ocrx_word' id='word_1_936' title='bbox 1180 2761 1214 2788; x_wconf 79' lang='grc' dir='ltr'><strong>δι’</strong></span> <span class='ocrx_word' id='word_1_937' title='bbox 1229 2761 1317 2798; x_wconf 73' lang='grc' dir='ltr'>ἔργων</span> <span class='ocrx_word' id='word_1_938' title='bbox 1328 2760 1438 2795; x_wconf 84' lang='grc' dir='ltr'>ἀγαθῶν</span> <span class='ocrx_word' id='word_1_939' title='bbox 1455 2761 1502 2788; x_wconf 76' lang='grc' dir='ltr'>καὶ</span> <span class='ocrx_word' id='word_1_940' title='bbox 1515 2760 1602 2796; x_wconf 82' lang='grc' dir='ltr'>λόγων</span> <span class='ocrx_word' id='word_1_941' title='bbox 1615 2759 1645 2795; x_wconf 78' lang='grc'><strong>(1³.</strong></span> <span class='ocrx_word' id='word_1_942' title='bbox 1658 2759 1693 2787; x_wconf 72' lang='grc'><strong>56</strong></span> <span class='ocrx_word' id='word_1_943' title='bbox 1709 2759 1749 2795; x_wconf 84' lang='lat' dir='ltr'><strong>v&#39;)</strong></span> <span class='ocrx_word' id='word_1_944' title='bbox 1761 2759 1853 2795; x_wconf 83' lang='grc' dir='ltr'>εὐώδη</span> <span class='ocrx_word' id='word_1_945' title='bbox 1865 2758 1916 2786; x_wconf 72' lang='grc' dir='ltr'>καὶ</span> 
     </span>
    </p>
   </div>
   <div class='ocr_carea' id='block_1_116' title="bbox 314 2838 1077 2887">
    <p class='ocr_par' dir='ltr' id='par_1_116' title="bbox 314 2838 1077 2886">
     <span class='ocr_line' id='line_1_116' title="bbox 314 2838 1077 2886; baseline -0.001 -7"><span class='ocrx_word' id='word_1_946' title='bbox 314 2852 323 2867; x_wconf 82' lang='grc' dir='ltr'>ι</span> <span class='ocrx_word' id='word_1_947' title='bbox 335 2850 389 2879; x_wconf 85' lang='lat' dir='ltr'><strong>Jer.</strong></span> <span class='ocrx_word' id='word_1_948' title='bbox 404 2860 503 2884; x_wconf 67' lang='grc' dir='ltr'>χχχιιι.</span> <span class='ocrx_word' id='word_1_949' title='bbox 520 2838 616 2884; x_wconf 63' lang='grc' dir='ltr'>ιῌε.</span> <span class='ocrx_word' id='word_1_950' title='bbox 653 2852 664 2867; x_wconf 71' lang='grc' dir='ltr'>ι</span> <span class='ocrx_word' id='word_1_951' title='bbox 680 2851 746 2879; x_wconf 84' lang='lat' dir='ltr'><strong>ibid.</strong></span> <span class='ocrx_word' id='word_1_952' title='bbox 764 2851 807 2886; x_wconf 78' lang='grc' dir='ltr'><strong>ιτ,</strong></span> <span class='ocrx_word' id='word_1_953' title='bbox 824 2851 865 2882; x_wconf 79' lang='lat' dir='ltr'><strong>is.</strong></span> <span class='ocrx_word' id='word_1_954' title='bbox 903 2852 989 2881; x_wconf 82' lang='lat' dir='ltr'><strong>&#39;ibid.</strong></span> <span class='ocrx_word' id='word_1_955' title='bbox 1005 2850 1077 2880; x_wconf 65' lang='lat'><strong>20—2:</strong></span> 
     </span>
    </p>
   </div>
   <div class='ocr_carea' id='block_1_117' title="bbox 1128 2838 1916 2887">
    <p class='ocr_par' dir='ltr' id='par_1_117' title="bbox 1137 2845 1916 2887">
     <span class='ocr_line' id='line_1_117' title="bbox 1137 2845 1916 2887; baseline -0.004 -8"><span class='ocrx_word' id='word_1_956' title='bbox 1137 2851 1157 2868; x_wconf 83' lang='lat'><strong><em>&quot;</em></strong></span> <span class='ocrx_word' id='word_1_957' title='bbox 1170 2851 1284 2880; x_wconf 81' lang='lat' dir='ltr'><strong>Malach.</strong></span> <span class='ocrx_word' id='word_1_958' title='bbox 1296 2860 1332 2882; x_wconf 84' lang='lat' dir='ltr'><strong>iv.</strong></span> <span class='ocrx_word' id='word_1_959' title='bbox 1345 2850 1372 2879; x_wconf 75' lang='grc'><strong>2.</strong></span> <span class='ocrx_word' id='word_1_960' title='bbox 1413 2851 1423 2867; x_wconf 88' lang='grc'>⁶</span> <span class='ocrx_word' id='word_1_961' title='bbox 1438 2849 1557 2887; x_wconf 47' lang='grc' dir='ltr'>ἱὶήιιηὲὅ,</span> <span class='ocrx_word' id='word_1_962' title='bbox 1571 2850 1616 2879; x_wconf 75' lang='grc'><strong>26.</strong></span> <span class='ocrx_word' id='word_1_963' title='bbox 1655 2850 1664 2865; x_wconf 90' lang='grc'><strong>⁷</strong></span> <span class='ocrx_word' id='word_1_964' title='bbox 1679 2849 1797 2878; x_wconf 77' lang='lat' dir='ltr'><strong>Zachar.</strong></span> <span class='ocrx_word' id='word_1_965' title='bbox 1812 2856 1857 2883; x_wconf 79' lang='lat' dir='ltr'><strong>vt,</strong></span> <span class='ocrx_word' id='word_1_966' title='bbox 1867 2845 1916 2876; x_wconf 64' lang='grc'><strong>13.</strong></span> 
     </span>
    </p>
   </div>
   <div class='ocr_carea' id='block_1_118' title="bbox 277 2886 715 2932">
    <p class='ocr_par' dir='ltr' id='par_1_118' title="bbox 277 2886 715 2932">
     <span class='ocr_line' id='line_1_118' title="bbox 277 2886 715 2932; baseline 0.002 -18"><span class='ocrx_word' id='word_1_967' title='bbox 277 2887 379 2917; x_wconf 54' lang='lat' dir='ltr'><strong>Iliam.</strong></span> <span class='ocrx_word' id='word_1_968' title='bbox 394 2887 488 2921; x_wconf 68' lang='lat'><strong>11,-25.</strong></span> <span class='ocrx_word' id='word_1_969' title='bbox 510 2888 536 2932; x_wconf 39' lang='grc'><strong>,³</strong></span> <span class='ocrx_word' id='word_1_970' title='bbox 559 2886 637 2915; x_wconf 86' lang='lat' dir='ltr'><strong>Joan.</strong></span> <span class='ocrx_word' id='word_1_971' title='bbox 654 2895 679 2920; x_wconf 87' lang='lat' dir='ltr'><strong>t,</strong></span> <span class='ocrx_word' id='word_1_972' title='bbox 699 2888 715 2915; x_wconf 87' lang='lat'><strong>9</strong></span> 
     </span>
    </p>
   </div>
  </div>
