2035 3214
196 182 264 213 1465

715 178 864 208 ECLOGA:
885 176 1124 206 PROPHETICIE.
1146 193 1180 197 —
1198 176 1262 204 LIB.
1283 176 1304 206 l.

1746 176 1814 204 “(SB

194 243 363 278 ἀναίμακτον
383 240 431 268 καὶ
450 240 572 276 καθαρὰν
593 239 699 266 θυσίαν.
719 238 751 265 Et
769 238 823 274 γὰρ
848 239 884 274 μὴ
905 237 970 265 ταῦθ

1033 244 1081 264 eos
1098 235 1175 262 adire
1191 234 1354 262 Jerusalem.
1371 234 1447 267 Quod
1470 234 1492 262 si
1514 234 1645 270 objiciant
1664 234 1750 262 Judaei
1767 237 1816 271 per

194 288 281 320 οὕτως
294 288 466 323 ἐκλάθοιμεν,
481 286 540 322 ὥρα
552 285 659 319 ψευδεῖς
675 284 836 319 ἀπελέγχειν
855 284 904 316 τὰς
918 293 980 320 προ-

195 334 319 370 φητείας,
331 332 370 369 τῷ
386 333 454 368 μήτε
465 332 511 358 τὸν
524 331 616 367 θρόνον
628 329 708 357 Δαυῒδ
724 329 896 366 σωματικῶς,
912 331 979 366 μήτε

195 379 244 414 τὴν
267 378 408 414 ἱερατικὴν
428 375 614 412 λειτουργείαν
632 370 679 411 ἑὴν
694 377 811 410 τυπικὴν
830 374 914 401 εἰσέτι
933 374 980 402 νῦν

196 423 366 450 συνεστάναι·
383 422 437 449 τῶν
457 423 506 458 μὲν
525 422 557 448 ἐκ
576 421 732 457 σπέρματος
751 420 832 447 Δαυῗδ
849 419 979 455 βασιλέων

195 468 225 502 ἐξ
234 469 321 496 αὐτῶν
331 469 386 496 τῶν
406 468 536 504 Ἱερεμίου
550 467 653 503 χρόνων
665 467 878 498 διαλελοιπότων,
894 468 943 502 τῆς
953 466 980 494 δὲ

194 515 330 550 λευῖτικῆς
352 515 399 541 καὶ
421 515 559 550 ἱερατικῆς
582 513 751 549 λειτουργίας
774 513 832 548 μετ’
860 514 890 539 οὐ
912 513 979 539 πολὺ

194 563 244 597 τῆς
253 560 300 587 τοῦ
310 562 435 596 Σωτῆρος
447 559 524 596 ἡμῶν
537 559 695 595 παρουσίας·
709 558 738 591 ἐξ
750 556 783 595 ἧς
794 559 840 585 καὶ
853 559 893 590 είς
902 558 980 594 δεῦρο

193 607 254 633 οὐδὲ
269 606 417 633 ἐπιϐαίνειν
429 607 519 637 αὐτοῖς
538 605 588 640 τῆς
608 604 783 641 Ἰερουσαλὴμ
794 604 906 637 ἔξεστιν.
925 605 980 631 Καὶ

195 653 218 678 εί
236 652 363 687 φάσκοιεν
380 659 412 686 γε
429 652 451 678 οί
468 653 500 678 ἐκ
516 651 664 686 περιτομῆς
678 651 711 678 δι’
727 651 756 677 ὃν
768 659 832 682 φασι
847 650 979 686 πατριάρ-

194 707 244 733 χην
258 699 295 734 μὴ
307 698 491 725 ἐκλελοιπέναι
501 698 531 724 τὸ
544 697 653 733 σπέρμα
664 696 753 728 Δαυῒδ,
769 696 826 723 ἀλλ’
837 696 978 730 ἐλεγκτέον

1033 289 1115 316 quem
1139 281 1235 308 dicunt
1257 281 1441 316 patriarcham
1466 288 1522 308 non
1548 281 1681 310 defecisse
1705 281 1815 310 Davidis

1033 336 1125 357 semen
1135 348 1143 360 ,
1162 328 1383 363 respondendum
1398 335 1452 355 non
1467 335 1549 363 posse
1563 336 1611 356 eos
1634 329 1706 356 hunc
1721 332 1816 357 osten-

1033 375 1098 403 dere
1119 375 1147 401 in
1172 374 1284 402 Davidis
1309 374 1378 402 solio
1400 374 1557 408 sedentem,
1584 375 1612 401 in
1634 375 1733 402 throno
1755 375 1816 410 ejus

1035 425 1207 456 regnantem,
1223 423 1306 456 atque
1320 419 1403 449 Israel
1428 421 1626 449 dominantem.
1655 421 1718 448 Haec
1742 423 1813 449 enim

1032 465 1173 500 prophetia
1188 465 1255 493 dicit
1270 474 1411 501 nunquam
1425 473 1487 494 esse
1506 465 1647 493 defectura
1660 486 1667 498 ,
1690 475 1750 502 qua:
1771 470 1814 493 ta-

1031 506 1093 539 i'nen
1107 519 1123 538 a
1143 512 1308 547 captivitatis
1326 517 1449 548 tempore
1473 512 1617 540 manifeste
1635 511 1793 540 defecerunt
1805 532 1812 544 .

1031 565 1064 585 ex
1078 566 1132 593 quo
1144 559 1236 586 nullus
1249 566 1370 593 unquam
1385 558 1496 586 Davidis
1510 567 1525 586 e
1541 559 1646 586 semine
1665 567 1714 586 rex
1729 558 1814 586 lsrael

1031 606 1177 634 invenitur.
1204 606 1276 640 Quid
1298 611 1325 634 et
1346 606 1380 634 de
1402 607 1557 634 sacerdotio
1577 607 1716 639 dicerent,
1740 614 1814 633 nunc

1031 651 1140 686 penitus
1160 650 1266 684 deleto,
1291 651 1365 686 quod
1386 656 1476 679 tamen
1499 659 1639 687 nunquam
1662 652 1814 687 periturum

1031 697 1173 732 prophetia
1188 698 1376 733 praenuntiat?

192 753 223 770 τε
239 743 291 780 (γε)
307 745 404 776 αὐτοὺς
423 743 461 780 μὴ
476 743 640 779 δυναμένους
660 743 798 775 ἀποδεῖξαι
820 741 973 778 καθήμενον
992 742 1072 770 αὑτὸν
1084 742 1130 769 ἐπὶ
1141 743 1236 778 θρόνου
1251 744 1344 776 Δαυϊδ,
1360 744 1406 770 καὶ
1420 743 1594 778 βασιλεύοντα
1604 744 1651 770 ἐπὶ
1678 743 1725 770 τοῦ
1756 744 1814 779 θρό-

193 800 238 818 νου
255 790 346 823 αὑτοῦ,
368 791 415 817 καὶ
436 790 552 825 ἄρχοντα
574 790 619 817 τοῦ
646 789 762 825 Ἰσραήλ·
783 788 868 815 ταῦτα
889 789 972 824 γὰρὴ
992 789 1143 824 προφητεία
1158 790 1225 825 φησὶ⁹
1239 789 1418 826 μηδεπώποτε
1432 790 1586 825 διαλείψειν,
1615 790 1691 817 ἃκαὶ
1720 791 1814 826 σαφῶς

195 837 357 873 παρίσταται
373 837 427 864 ἀπὸ
438 837 492 864 τῶν
506 837 556 873 τῆς
585 836 772 872 αἰχμαλωσίας
788 836 890 872 χρόνων
906 835 1101 868 διαλελοιπὸτα,
1129 836 1158 869 ἐξ
1174 834 1204 864 οὗ
1229 837 1296 873 μηδὲ
1313 834 1352 868 εἷς
1387 836 1548 872 βασιλεύσας
1579 836 1626 863 τοῦ
1647 837 1753 873 Ἰσραὴλ
1781 837 1813 863 ἐκ

193 883 240 912 τοῦ
257 886 411 922 σπέρματος
429 885 509 911 Δαυῒδ
524 883 723 911 ἀποδείκνυται·
738 883 764 910 τί
782 883 804 909 δ’
818 883 851 910 ἂν
865 883 978 918 φήσαιεν
998 883 1045 910 καὶ
1059 883 1122 919 περὶ
1140 883 1189 919 τῆς
1204 883 1325 919 ἐναργῶς
1345 883 1416 910 κατὰ
1431 883 1476 910 τὸν
1492 883 1613 918 παρόντα
1628 883 1721 919 καιρὸν
1745 883 1807 910 καθ-

192 931 331 968 ῃρημένης
352 930 495 967 ίερατείας,
520 931 553 966 ἣν
567 930 753 966 μηδεπώποτε,
765 929 1036 965 ἐξολοθρευθὴσεσθαι
1050 930 1067 965 ἡ
1080 930 1232 966 προφητεία
1245 930 1442 966 προαγορεύει;

442 988 639 1016 ΚΕΦΑΛΑΙΟΝ
661 988 722 1015 ΛΖ¹.

495 1045 551 1074 Τοῦ
571 1046 675 1073 αὐτοῦ.

230 1107 240 1128 ι
260 1100 325 1130 Ἰδοὺ
340 1099 442 1138 ἡμέραι
460 1102 595 1138 ἔρχονται,
614 1103 680 1139 φησὶ
694 1096 806 1139 Κύριος,
822 1103 869 1130 καὶ
884 1103 976 1139 διαθή-

193 1157 274 1185 σομαι
291 1148 328 1185 τῷ
340 1149 407 1184 οἴκῳ
428 1149 534 1185 Ὶσραὴλ
551 1150 599 1176 καὶ
611 1149 650 1185 τῷ
662 1150 727 1185 οἴκῳ
750 1149 834 1176 Ἰούδα
847 1149 976 1185 διαθήκην

190 1197 296 1232 καινήν·
316 1196 346 1223 οὐ
364 1195 435 1222 κατὰ
448 1195 497 1231 τὴν
514 1195 645 1231 διαθήκην
663 1195 696 1230 ἣν
710 1195 837 1231 διεθέμην
853 1197 908 1228 τοῖς
925 1204 976 1222 πα-

189 1242 286 1278 τράσιν
301 1240 390 1268 αὐτῶν
404 1243 433 1268 ὲν
452 1241 542 1277 ἡμέρᾳ
555 1241 747 1276 ἐπιλασομένου
763 1250 813 1276 μου
827 1241 877 1276 τῆς
886 1241 976 1276 χειρὸς

191 1281 280 1314 aetth
297 1288 442 1322 ἐξαγαγεῖν
459 1288 556 1318 αὐτοὺς
573 1287 605 1313 ἐκ
618 1288 670 1322 γῆς
681 1287 828 1321 Αἰγύπτουι
845 1287 884 1313 ὅτι
899 1287 976 1313 αὐτοὶ

190 1334 238 1361 οὐκ
252 1334 391 1369 ἐνέμειναν
412 1335 440 1361 ἐν
456 1335 488 1369 τῇ
508 1332 623 1369 διαθήκῃ
642 1342 703 1369 μου,
720 1334 767 1360 καὶ
784 1332 838 1367 ἐγὼ
851 1332 974 1368 ἠμέλησα

189 1379 287 1412 αὐτῶν,
303 1380 369 1416 φησὶ
379 1379 490 1415 Κύριος,
505 1381 545 1407 ὅτι
561 1379 629 1415 αὕτη
642 1381 659 1415 ἡ
670 1379 794 1415 διαθήκη,
808 1379 840 1414 ἦν
852 1379 975 1414 διαθήσο-

191 1434 239 1461 μαι
255 1425 293 1460 τῷ
304 1424 370 1460 οἴκῳ
387 1424 504 1460 Ἰσραήλ*
519 1424 586 1460 μετὰ
598 1424 644 1455 τὰς
658 1423 763 1459 ἡμέρας
778 1423 895 1454 ἐκείνας,
908 1422 974 1457 φησὶ

187 1469 300 1508 Κύριος,
317 1471 404 1503 διδοὺς
424 1471 522 1507 νόμους
544 1480 593 1507 μου
613 1471 652 1502 εἰς
668 1470 717 1506 τὴν
737 1470 855 1497 διάνοιαν
873 1469 972 1502 αὐτῶν,

187 1518 234 1545 καὶ
258 1518 303 1544 ἐπὶ
325 1517 438 1553 καρδίας
457 1517 548 1544 αὐτῶν
564 1517 663 1552 γράψω
680 1517 787 1548 αὐτοὺς,
810 1517 856 1543 καὶ
877 1516 972 1552 ἔσομαι

187 1564 278 1596 αὐτοῖς
295 1564 334 1595 εἰς
349 1564 425 1595 Θεὸν,
442 1564 488 1590 καὶ
507 1563 586 1590 αὐτοὶ
605 1563 709 1590 ἔσονταί
729 1571 772 1598 μοι
788 1563 827 1594 είς
842 1562 913 1589 λαόν·
927 1563 972 1589 καὶ

186 1610 215 1636 ού
230 1609 266 1645 μὴ
279 1608 418 1641 διδάξωσιν
429 1607 543 1640 ἕκαστος
555 1608 600 1635 τὸν
617 1608 729 1644 πλησίον
741 1608 835 1640 αὐτοῦ,
849 1608 896 1634 καὶ
906 1609 971 1635 ’ἐκα-

1283 987 1398 1015 CAPUT
1419 984 1549 1014 XXXVII;

1346 1045 1387 1072 Ea:
1404 1046 1503 1073 eodem.

1065 1115 1076 1132 ι
1098 1105 1169 1133 Ecce
1188 1105 1247 1133 dies
1270 1105 1401 1138 venient,
1417 1104 1482 1132 dicit
1502 1104 1652 1133 Dominus:
1671 1110 1697 1132 et
1715 1098 1810 1133 feriant

1026 1151 1119 1179 domui
1144 1151 1227 1180 Israel
1249 1156 1276 1179 et
1290 1151 1383 1179 domui
1407 1151 1476 1179 Juda
1501 1151 1590 1179 foedus
1615 1159 1715 1179 novum
1732 1160 1739 1185 ;
1755 1160 1811 1179 non

1026 1197 1175 1225 secundum
1193 1201 1312 1232 pactum,
1338 1196 1412 1232 quod
1437 1197 1526 1232 pepigi
1543 1205 1605 1224 cum
1627 1197 1751 1232 patribus
1765 1205 1812 1225 eo—

1025 1251 1097 1276 rum,
1125 1243 1152 1270 in
1176 1243 1220 1271 die
1243 1251 1296 1278 qua
1321 1242 1486 1278 apprehendi
1512 1250 1621 1270 martum
1646 1250 1751 1275 eorum,
1781 1247 1811 1270 ut

1024 1289 1167 1316 educerem
1180 1296 1228 1316 eos
1255 1288 1288 1316 de
1313 1292 1387 1315 terra
1411 1287 1520 1322 Egypti
1535 1295 1542 1320 ;
1558 1291 1666 1322 pactum
1683 1287 1755 1322 quod
1772 1287 1810 1314 ir-

1024 1335 1107 1362 ritum
1123 1335 1256 1367 fecerunt,
1272 1337 1298 1362 ct
1311 1342 1360 1370 ego
1374 1334 1531 1362 dominatus
1546 1342 1606 1362 sum
1623 1341 1728 1366 eorum,
1743 1334 1811 1362 dicit

1024 1380 1165 1408 Dominus.
1185 1381 1237 1408 Sed
1254 1380 1307 1407 hoc
1329 1380 1382 1407 erit
1404 1385 1523 1415 pactum,
1538 1379 1611 1414 quod
1631 1379 1726 1406 feriam
1747 1387 1809 1406 cum

1023 1426 1105 1454 domo
1123 1426 1206 1454 lsrael
1221 1432 1227 1453 ε
1246 1425 1312 1454 Post
1325 1426 1383 1453 dies
1405 1426 1477 1458 illos,
1496 1426 1562 1453 dicit
1578 1425 1720 1458 Dominus,
1738 1425 1810 1453 dabo

1024 1473 1108 1508 legem
1132 1480 1220 1500 meam
1238 1472 1266 1500 in
1288 1472 1442 1500 visceribus
1458 1479 1562 1503 eorum,
1578 1475 1605 1499 et
1622 1471 1650 1498 in
1666 1470 1748 1498 corde
1763 1478 1811 1498 eo-

1023 1527 1083 1546 rum
1099 1519 1216 1546 scribam
1224 1526 1300 1546 eam:
1314 1522 1341 1545 et
1357 1525 1404 1546 ero
1417 1518 1457 1545 eis
1471 1518 1499 1544 in
1511 1516 1605 1549 Deum,
1621 1522 1648 1544 et
1662 1517 1713 1552 ipsi
1730 1519 1810 1544 erunt

1023 1565 1089 1592 mihi
1106 1566 1133 1592 in
1151 1565 1290 1600 populum.
1307 1563 1339 1590 Et
1355 1572 1409 1592 non
1431 1564 1540 1591 docebit
1566 1564 1636 1590 ultra
1661 1563 1702 1591 vir
1717 1564 1810 1599 prosi-

1023 1619 1096 1639 mum
1110 1619 1198 1643 suum,
1215 1615 1242 1638 et
1260 1611 1303 1638 vir
1319 1610 1430 1638 fratrem
1454 1617 1545 1642 suum,
1567 1610 1662 1637 dicens
1677 1621 1682 1637 :
1699 1610 1809 1644 Cogno-

187 1663 248 1686 στος
266 1655 311 1681 τὸν
328 1654 442 1689 ἀδελφὸν
460 1653 541 1681 αὑτοῦ
565 1654 661 1688 λέγων,
687 1653 772 1680 Γνῶθι
794 1652 838 1681 τὸν
859 1654 968 1689 Κύριον·

1023 1665 1068 1685 sce
1091 1656 1235 1684 Dominum
1249 1665 1255 1683 :
1271 1664 1366 1684 omnes
1380 1657 1452 1684 enim
1468 1661 1633 1692 cognoscent
1646 1664 1698 1688 me,
1720 1664 1736 1682 a
1757 1657 1808 1683 mi—

185 1701 225 1728 ὅτι
240 1701 339 1732 πάντες
356 1700 492 1736 εἰδὴσουσῐ
508 1709 540 1736 με
562 1701 615 1727 ἀπὸ
636 1699 733 1736 μικροῦ
755 1700 843 1727 αὐτῶν
860 1700 910 1731 ἕως
924 1708 972 1735 με·

185 1746 267 1781 γάλου
292 1746 391 1777 αὐτῶν,
415 1745 481 1780 φησὶ
505 1745 615 1781 Κύριος·
640 1745 681 1771 ὅτι
704 1744 773 1776 ἵλεος
792 1744 889 1780 ἔσομαι
910 1745 970 1776 ταῖς

185 1793 302 1824 ἀδικίαις
323 1792 427 1824 αὐτῶν,
450 1792 497 1818 καὶ
519 1791 572 1817 τῶν
599 1790 740 1826 ἁμαρτιῶν
763 1790 854 1817 αύτῶν
878 1791 908 1816 ού
933 1790 969 1825 μὴ

187 1838 298 1874 μνησθῶ
309 1838 359 1864 ἔτι.
377 1848 386 1863 ›
403 1837 500 1872 Σαφῶς
518 1838 546 1863 ἐν
558 1839 619 1868 ταῖς
632 1836 772 1867 ἐπιούσαις
786 1835 904 1871 ἡμέραις
914 1844 972 1862 και-

185 1883 232 1919 νὴν
244 1884 373 1920 διαθήκην
385 1885 399 1910 ὁ
410 1883 509 1919 Κύριος
522 1881 695 1918 διαθήσεσθαι
711 1880 895 1917 προθεσπίζει·
910 1890 970 1908 και-

185 1931 233 1966 νὴν
258 1931 286 1958 δέ
310 1931 349 1966 τῷ
367 1931 450 1966 μηδὲν
478 1930 550 1966 ἔχειν
573 1931 665 1966 ὅμοιον
686 1932 719 1966 τῇ
743 1929 854 1965 παλαιᾷ,
878 1930 911 1965 ἣν
927 1930 970 1957 διὰ

184 1977 322 2008 Μωῦσέως
349 1977 378 2002 ἐν
399 1977 432 2011 τῇ
449 1977 544 2012 ἐρήμῳ
561 1975 682 2002 δοθεῖσαν
706 1975 967 2011 προμεμαθὴκαμεν.

184 2020 216 2047 Τί
230 2020 251 2047 δ’
266 2021 298 2047 ἂν
314 2021 382 2056 πρὸς
399 2021 485 2047 ταῦτα
499 2021 612 2055 φαῖενόί
627 2021 658 2047 ἐκ
673 2021 832 2056 περιτομῆς,
847 2019 969 2055 ἐναργῶς

183 2066 346 2093 ἀποϐλέπειν
359 2066 557 2103 ἐπιχειροῦντες
569 2068 628 2098 ταῖς
642 2066 831 2101 προφητείαις,
845 2066 891 2092 καὶ
905 2066 969 2101 μᾶλ-

183 2111 228 2138 λον
243 2108 399 2147 αἱρούμενοι
418 2111 521 2144 ἀτελεῖς
542 2112 626 2144 αὐτὰς
641 2111 822 2138 ἐπιδεικνύναι
841 2111 858 2148 ἡ
876 2111 968 2138 πείθε-

184 2157 245 2184 σθαι
261 2160 294 2193 τῇ
317 2158 439 2194 ἀληθείᾳ,
457 2158 501 2184 διὰ
522 2158 568 2184 τοῦ
591 2157 788 2193 παραδέχεσθαι
803 2157 851 2194 τὴν
872 2157 967 2193 καινὴν

183 2202 236 2228 τῶν
259 2202 430 2236 Εύαγγελιῶν
453 2203 500 2230 τοῦ
526 2203 651 2239 Σωτῆρος
673 2203 750 2238 ἡμῶν
771 2202 913 2239 διαθήκην,
933 2201 967 2239 ἦς

184 2248 407 2283 παραγενομένης
423 2249 608 2275 πεπαλαίωται
623 2250 640 2284 ἡ
658 2248 764 2284 πρώτη,
782 2249 867 2284 πέρας
883 2250 966 2284 ἴσχειν

183 2291 323 2327 ἀρξαμένη
335 2292 364 2324 ἐξ
374 2294 434 2319 ὅτου
447 2295 666 2330 παραγενόμενος
677 2296 690 2321 ό
700 2295 814 2330 Χριστὸς
825 2294 966 2330 ἐπλήρωσε

1023 1703 1098 1731 nimo
1120 1711 1216 1731 eorum
1242 1711 1329 1738 usque
1353 1703 1387 1730 ad
1411 1703 1569 1736 maximum,
1596 1703 1633 1730 ait
1657 1703 1805 1734 Dominus.

1023 1748 1087 1784 quia
1102 1748 1270 1783 propitiabor
1285 1748 1422 1783 iniquitati
1437 1753 1577 1780 eorum,et
1592 1748 1698 1783 peccati
1711 1756 1805 1776 eorum

1023 1803 1076 1822 non
1092 1794 1263 1822 memorabor
1276 1794 1393 1829 amplius
1406 1794 1436 1820 ‘°.
1456 1803 1465 1819 ι
1484 1793 1627 1822 Manifeste
1642 1794 1668 1820 in
1688 1801 1806 1829 sequen—

1022 1841 1096 1868 tibus
1117 1840 1214 1868 diebus
1241 1848 1342 1879 novum
1369 1843 1561 1868 testamentum
1587 1838 1718 1867 Dominus
1741 1847 1757 1866 a
1777 1843 1806 1867 se‘

1023 1886 1173 1914 feriendum
1195 1886 1371 1921 pronuntiat;
1394 1893 1506 1917 novum,
1527 1885 1628 1920 quippe
1649 1885 1721 1920 quod
1737 1885 1806 1912 nihil

1021 1932 1104 1960 veteri
1114 1933 1202 1960 simile
1210 1933 1380 1968 haberet,per
1388 1932 1497 1968 Moysen
1508 1932 1537 1959 in
1547 1931 1654 1960 deserto
1664 1931 1806 1967 pervulga-

1022 1984 1088 2007 tum.
1105 1978 1174 2012 Quid
1195 1980 1229 2007 ad
1256 1979 1314 2006 han:
1340 1980 1536 2014 responderent
1556 1978 1652 2012 Judaai,
1669 1979 1763 2006 oculos
1790 1986 1804 2005 a

1021 2025 1171 2060 prophetiis
1202 2029 1324 2053 avertere
1347 2030 1500 2057 conantes,
1527 2033 1627 2059 easque
1656 2024 1804 2059 inexpletas

1021 2078 1102 2105 quam
1118 2078 1196 2098 veras
1211 2070 1326 2097 inveniri
1345 2070 1489 2102 malentes,
1507 2073 1618 2105 accepto
1643 2069 1803 2104 Evangelioc

1020 2124 1080 2144 rum
1108 2115 1258 2144 Salvatoris
1278 2116 1364 2144 nostri
1395 2119 1569 2148 testamento,
1594 2123 1650 2150 quo
1673 2122 1804 2150 superve-s

1020 2163 1111 2191 niente
1133 2163 1209 2199 prius
1230 2164 1409 2191 inveteratum
1426 2167 1488 2196 est;
1505 2162 1576 2199 quod
1595 2161 1704 2197 quidem
1729 2161 1804 2190 desi-

1020 2216 1084 2237 nere
1110 2209 1192 2245 cmpit
1215 2217 1247 2237 ex
1269 2217 1323 2245 quo
1349 2209 1544 2244 superveniens
1566 2208 1692 2236 Christus
1717 2208 1802 2243 legem

1019 2259 1101 2289 atque
1128 2255 1161 2282 de
1188 2261 1217 2281 se
1242 2255 1301 2289 ipso
1326 2254 1482 2289 prophetiae
1507 2254 1637 2288 implevit.
1666 2252 1802 2281 Venturos

1019 2300 1102 2336 igitur
1114 2299 1180 2327 dicit
1195 2300 1263 2333 dics,
1287 2300 1387 2335 quibus
1411 2299 1489 2327 feriet
1510 2299 1642 2328 Dominus
1656 2304 1803 2327 testamen-

183 2338 228 2365 τὸν
243 2338 327 2373 δόμον,
339 2339 385 2364 καὶ
397 2339 445 2369 τὰς
455 2339 517 2374 περὶ
528 2340 610 2367 αὐτοῦ
622 2340 798 2376 προφητείας.
812 2340 905 2379 ’ίΗξειν
917 2341 966 2377 μὲν

1022 2351 1075 2374 tum
1091 2346 1278 2382 novum,quod
1293 2346 1320 2373 in
1336 2346 1499 2382 evangelicis
1510 2347 1642 2382 scriptum
1658 2350 1701 2374 est
1713 2346 1800 2374 libris.

183 2382 228 2410 οὖν
248 2383 353 2419 ἡμέρας
375 2384 403 2410 ἐν
423 2382 464 2416 αἷς
486 2385 659 2421 διαθήσεσθαί
673 2396 754 2422 φησιν
771 2388 784 2413 ὁ
800 2387 901 2423 Κύριος
917 2387 965 2422 τὴν

183 2429 278 2464 καινὴν
300 2429 447 2465 διαθήκην-
464 2429 535 2456 τοῦτ’
557 2431 612 2458 ἔστι
632 2431 680 2467 τὴν
708 2433 844 2469 ἔγγραφον
865 2434 894 2460 ἐν
911 2435 966 2466 τοῖς

183 2474 278 2510 (ἐντὸς)
293 2475 346 2501 τῶν
363 2474 549 2508 εύαγγελικῶν
564 2475 682 2511 βιῦλίων.
704 2477 783 2513 Ἑξῆς
801 2478 823 2504 δ’
841 2480 966 2516 ἐπιφέρει

182 2521 267 2555 λέγων
280 2522 294 2547 ὁ
311 2522 390 2553 αύτὺς
404 2521 516 2557 Κύριος,
532 2521 570 2554 ὡς
587 2522 656 2557 μετὰ
667 2523 716 2555 τὰς
729 2524 834 2560 ἡμέρας
846 2526 963 2560 ἐκείνας,

181 2567 212 2593 ἐν
230 2568 325 2599 αὐταῖς
342 2567 372 2602 (f.
390 2567 434 2602 57)
452 2568 510 2599 ταῖς
527 2567 657 2600 διανοίαις
672 2569 724 2596 τῶν
741 2570 964 2606 παραδεξαμένων

180 2610 230 2646 τὴν
250 2612 345 2647 καινὴν
360 2611 492 2648 διαθήκην
513 2612 657 2648 ἐγγράφων
679 2614 742 2645 τοὺς
762 2614 842 2647 ίδίους
855 2616 962 2651 νόμους,

180 2655 250 2683 ὥστε
263 2657 360 2689 αὐτοὺς
374 2655 442 2684 εἶναι
455 2659 493 2690 είς
507 2657 570 2685 λαὸν
585 2658 623 2694 τῷ
638 2658 706 2695 Θεῷ,
722 2660 767 2686 καὶ
779 2660 859 2687 αὐτὸν
873 2662 963 2694 αὐτοῖς

180 2703 221 2733 εις
238 2701 313 2734 Θεὸν,
339 2703 462 2739 οὐδαμῶς
484 2704 528 2730 ὑπ’
543 2703 714 2741 ἀνθρωπίνης
728 2705 900 2739 διδασκαλίας
916 2708 961 2734 ἐπὶ

179 2747 210 2775 τὸ
221 2747 363 2782 γινώσκειν
374 2749 418 2775 τὸν
431 2749 531 2785 Κύριον
544 2751 786 2786 παραγινομένους,
799 2753 960 2789 αὑτομαθεῐς

179 2792 203 2819 δ’
215 2793 319 2830 ὥσπερ,
343 2795 441 2830 μᾶλλον
460 2797 488 2823 δέ
509 2797 693 2830 θεοδιδάκτους
714 2799 872 2835 ἐσομένους,
888 2801 903 2827 ὃ
917 2802 962 2828 καὶ

180 2839 246 2867 αι’)τέ
268 2841 418 2877 καταμάθοι
439 2842 472 2869 ἄν
498 2851 541 2876 τις
563 2844 634 2872 κατὰ
657 2844 701 2873 τὸν
728 2846 847 2882 παρόντα
868 2847 963 2883 καιρὸν

216 2918 239 2934 ¹⁶
261 2918 316 2948 Jer.
332 2928 407 2953 xxxi,
424 2921 516 2956 51-35.

1016 2393 1083 2421 Dein
1101 2393 1212 2428 subjicit
1235 2393 1330 2421 dicens
1346 2394 1404 2428 ipse
1420 2393 1562 2425 Dominus,
1579 2393 1650 2426 quod
1669 2397 1730 2427 post
1743 2392 1802 2420 dies

1015 2440 1076 2467 illos
1094 2439 1130 2466 in
1154 2439 1309 2467 visceribus
1326 2447 1419 2467 eorum
1447 2439 1491 2474 qui
1519 2447 1619 2466 novum
1645 2439 1802 2473 acceperint

1015 2487 1217 2519 testamentum,
1233 2487 1306 2522 leges
1317 2494 1380 2514 suas
1404 2486 1514 2518 scribet,
1532 2489 1562 2512 ut
1575 2485 1630 2513 sint
1641 2485 1679 2512 illi
1700 2485 1755 2512 Deo
1773 2485 1801 2512 in

1013 2532 1154 2568 populum,
1170 2533 1282 2568 ipseque
1301 2533 1355 2560 illis
1377 2533 1402 2559 in
1432 2532 1528 2563 Deum,
1555 2531 1667 2559 minime
1682 2531 1801 2558 humana

1014 2578 1137 2606 doctrina
1151 2579 1185 2605 ad
1199 2578 1305 2606 Domini
1317 2577 1457 2606 scientiam
1472 2578 1591 2610 adducti,
1608 2578 1655 2604 sed
1668 2578 1702 2604 ab
1716 2577 1800 2613 ipsis-

1015 2623 1140 2659 metipsis
1153 2624 1194 2651 vel
1216 2625 1307 2659 potius
1322 2633 1335 2650 a
1351 2623 1408 2651 Deo
1426 2623 1525 2654 edocti.
1547 2630 1607 2659 qua:
1626 2623 1733 2658 quidem
1750 2631 1800 2650 no-

1016 2674 1073 2696 stro
1089 2672 1213 2704 tempore
1227 2670 1337 2705 impleta
1351 2669 1440 2705 quivis
1457 2669 1535 2696 facile
1552 2669 1693 2704 percipiet.
1714 2668 1800 2704 Quip-

1014 2720 1048 2747 pe
1064 2712 1156 2740 videre
1170 2717 1213 2740 est
1229 2714 1365 2748 quomodo
1383 2714 1410 2741 in
1428 2714 1533 2741 viscera
1557 2718 1583 2741 et
1599 2713 1683 2741 cerda
1703 2721 1799 2741 eorum

1014 2761 1061 2795 qui
1077 2766 1125 2796 per
1138 2759 1276 2788 Christum
1293 2761 1321 2788 in
1344 2761 1428 2788 Deum
1448 2761 1573 2793 credunt,
1598 2768 1699 2787 novum
1714 2763 1800 2787 testa-

1017 2809 1137 2833 mentum
1151 2804 1311 2840 Dominiq-ue
1328 2806 1404 2841 leges
1417 2806 1518 2841 scripta
1540 2805 1603 2837 sint.
1623 2805 1798 2840 perspicienti

1016 2849 1088 2878 inter
1109 2857 1160 2878 nos
1178 2851 1379 2879 multitudinem
1396 2851 1562 2886 privatorum
1582 2851 1722 2878 hominum
1747 2851 1800 2878 hac"
