2035 3214
187 182 256 211 “69

714 190 859 220 ECLOGAEI
879 192 1118 222 PROPHETICAE.
1139 210 1173 215 —
1192 195 1256 224 LIB.
1274 196 1294 224 l.

1735 205 1802 232 “70

183 242 238 269 τῶν
256 243 404 279 ὲπικτητὴν
414 245 463 280 τὴν
480 246 526 272 τοῦ
554 246 620 275 Θεοῦ
650 249 832 285 προσηγορίαν
859 250 958 285 ὲσχηκό

1023 251 1049 278 in
1068 252 1151 281 terris
1170 254 1245 282 visus
1270 258 1332 288 est;
1351 264 1361 281 ι
1388 257 1502 290 scilicet,
1529 262 1558 285 ut
1584 264 1700 294 constat,
1728 269 1801 296 post-

183 295 248 314 των.
262 297 271 312 ι
287 287 363 315 Μετὰ
375 289 453 316 τοῦτο
473 290 526 322 δὲ,,
541 292 630 326 φησὶν,
652 293 697 319 ἐπὶ
717 293 766 328 τῆς
792 293 843 329 γῆς
860 294 947 330 ὥφθηυ
958 305 968 320 ι

183 333 261 368 δῆλον
277 335 317 360 ὅτι
337 335 405 369 μετὰ
419 336 448 362 τὸ
461 336 506 362 διὰ
525 338 606 373 νόμου
624 339 670 365 καὶ
690 341 836 375 προφητῶν
851 341 900 377 τὴν
918 343 970 369 πᾶσ-

184 387 234 406 σαν
256 380 313 406 ὁδὸν
335 381 384 416 τῆς
401 382 562 416 ἐπαγγελίας
576 383 727 412 δεδωκέναι·
751 396 760 411 ι
772 385 880 422 ἐξεῦρεν
896 387 949 422 γὰρ
962 407 968 418 .

183 425 260 460 φησὶ,
294 427 383 453 πᾶσαν
415 428 474 455 ὁδὸν
505 430 668 465 ἐπιστήμης,
689 432 735 458 καὶ
749 432 844 459 ἔδωκεν
886 433 970 469 αὐτὴν

189 470 338 506 Ἰακὼϐ-τῷ
357 473 430 500 παιδὶ
449 473 542 506 αὑτοῦ,
563 476 610 502 κα).
630 477 734 513 Ἰσραὴλ
751 477 789 512 τῷ
799 478 970 514 ἠγαπημένῳ

183 515 228 542 ὑπ’
241 516 332 543 αὑτοῦ·
351 515 410 544 εἶτα
430 528 439 544 ι
462 519 530 553 μετὰ
550 519 628 547 τοῦτο
642 522 688 548 ἐπὶ
699 522 748 557 τῆς
763 521 813 556 γῆς
821 521 908 558 ὤφθη,
923 524 970 550 καὶ

181 563 239 594 τοῖς
255 561 406 598 ἀνθρώποις
423 566 637 602 συνανεστράφη.
655 576 664 593 ι

440 611 637 639 ΚΕΦΑΛΑΙΟΝ
664 613 708 640 Μ’.

424 657 494 684 Ἀπὸ
505 657 557 685 τοῦ
577 658 725 692 ἰεζεκιήλ.

221 709 232 726 ι
252 701 323 727 Ἀντὶ
332 701 426 729 τούτου
435 703 496 729 τάδε
505 703 577 738 λέγει
589 705 690 740 Κύριος
700 714 706 720 ·
726 706 801 739 Ἰδοὺ,
816 707 871 742 ἐγὼ
884 709 968 744 κρίνω

180 744 316 780 ἀναμέσον
332 746 467 782 προϐάτου
490 749 599 784 ἰσχυροῦ
616 751 663 777 καὶ
678 752 814 787 ἀναμέσον
831 754 966 788 προϐάτου

179 791 321 824 ἀσθενοῦς.
341 793 401 820 Ἐπὶ
414 795 474 826 ταῖς
488 795 616 831 πλευραῖς
629 797 675 823 καὶ
693 799 748 829 τοῖς
764 798 847 834 ὤμοις
862 800 966 827 διωϐετ-

181 835 238 868 σθε,
249 837 295 863 καὶ
310 838 365 869 τοῖς
375 838 486 873 κέρασιν
495 841 509 866 ὑ
514 840 570 875 μῶν
581 842 761 877 ὲκερατιζετε·
773 845 826 871 πᾶν
840 845 869 871 τὸ
882 845 966 872 ὲκλεί-

180 891 230 909 πον
247 883 413 918 ὲξεθλίψατε.
427 886 481 912 Καὶ
488 885 566 913 σώσω
573 887 606 914 τὰ
618 888 741 924 πρόϐατά
753 898 814 924 μου,
827 891 873 917 καὶ
883 891 912 917 οὐ
928 891 964 928 μὴ

179 925 246 955 ὦσιν
261 929 301 956 ἔτι
328 931 367 961 εἰς
389 932 542 967 προνομὴν,
560 933 606 960 καὶ
627 934 712 970 κρινῶ
734 935 867 971 ἀναμέσων
889 938 965 973 κριοῦ
983 946 1002 973 Β

179 974 248 1010 πρὸς
267 975 355 1010 κριόν*
377 977 424 1004 καὶ
445 977 589 1014 ἀναστήσω
609 979 698 1012 αὐτοῖς
726 981 840 1017 ποιμένα
860 983 965 1018 ἓτερον-

179 1020 227 1046 καὶ
243 1021 407 1058 ποιμανεί[ς]
427 1023 540 1055 αὐτοὺς,
564 1024 608 1051 τὸν
632 1025 723 1052 δοῦλόν
744 1035 794 1061 μου
815 1027 904 1059 Δαυῒδ,
920 1029 966 1055 καὶ

178 1066 254 1092 ἔσται
271 1067 359 1094 αὐτῶν
371 1068 480 1104 ποιμὴν.
498 1070 544 1096 καὶ
561 1070 656 1105 ἔσομαι
671 1072 761 1104 αὐτοῖς
771 1073 810 1105 εἰς
825 1073 899 1106 Θεὸν,
918 1076 965 1102 καὶ

178 1110 260 1137 Δαυῒδ
274 1112 364 1148 ἄρχων
381 1115 410 1140 ἐν
425 1114 499 1150 μέσῳ
518 1115 617 1141 αὐτῶν·
634 1116 688 1150 ἐγὼ
704 1118 806 1154 Κύριος
817 1119 963 1155 λελάληκα.

178 1157 233 1183 Καὶ
254 1157 414 1194 διαθήσομαι
434 1160 472 1194 τῷ
493 1161 572 1187 Δαυῖδ
596 1161 727 1199 διαθήκην
743 1165 849 1200 καινὴν,
871 1165 964 1201 διαθή-

178 1211 230 1238 κην
243 1204 362 1239 εἰρήνης.
377 1214 386 1230 ι
410 1205 484 1232 Ἐπεὶ
504 1208 550 1233 καὶ
577 1207 604 1233 ἐν
623 1208 710 1240 ἄλλοις
732 1210 776 1236 τὸν
800 1212 966 1246 προφητευό-

179 1256 258 1282 μενον
269 1249 349 1276 Δαυῒδ
362 1251 410 1277 οὐκ
429 1250 507 1277 ἄλλον
523 1252 680 1288 ἀποδίδομεν
695 1254 742 1281 τοῦ
763 1256 794 1281 ἐκ
811 1257 965 1292 σπέρματος

177 1293 258 1319 Δαυῒδ
274 1295 454 1330 γεγενημένου
477 1296 601 1332 Σωτῆρος
615 1298 702 1333 ἡμῶν,
724 1299 817 1326 τούτου
837 1300 868 1335 δὴ
884 1300 964 1336 χάριν

177 1338 225 1363 καὶ
237 1337 329 1364 ἐνθάδε
343 1339 390 1374 τὴν
399 1341 550 1376 περικοπὴν
563 1342 802 1378 ὲπεσημηνάμεθα·
814 1345 854 1376 τίς
866 1345 919 1380 γὰρ
930 1345 963 1373 ἂν

176 1381 255 1414 ἄλλος
268 1384 308 1418 εἴη
320 1384 334 1410 ὁ
347 1385 498 1420 ποιμαίνειν
515 1385 617 1420 μέλλων
632 1387 666 1413 τὰ
676 1389 721 1414 τοῦ
730 1390 831 1424 Κυρίου
841 1390 964 1426 πρόϐατα

179 1429 248 1463 μετὰ
264 1429 294 1456 τὸ
311 1430 436 1466 κριθῆναι
454 1434 522 1460 αὐτὰ
539 1435 583 1460 ὑπ’
605 1435 704 1466 αὑτοῦ,
721 1436 738 1471 ἢ
753 1437 767 1463 ό
790 1437 867 1472 μόνος
881 1438 963 1470 καλὸς

177 1474 289 1510 ποιμὴν,
302 1477 315 1502 ό
337 1477 375 1512 μὴ
397 1478 531 1513 ὑπεριδὼν
549 1480 715 1516 διωθούμενα
736 1483 782 1508 καὶ
804 1482 963 1519 διολλύμενα

177 1519 230 1546 ὑπὸ
247 1520 300 1547 τῶν
316 1522 508 1558 ἀντικειμένων
522 1524 660 1560 δυνάμεων
671 1526 705 1553 τὰ
718 1526 813 1561 λογικὰ
830 1528 879 1562 τῆς
894 1529 962 1561 ἰδίας

176 1566 259 1592 αὐτοῦ
277 1567 391 1603 ποίμνης
406 1569 537 1604 πρόϐατα,
553 1571 619 1598 ἀλλὰ
635 1572 690 1604 θεὶς
702 1573 750 1608 τὴν
767 1574 861 1600 ἑαυτοῦ
873 1575 960 1611 ψυχὴν

1021 305 1102 332 quam
1122 301 1210 328 omnis
1225 300 1362 337 Evangelii
1384 302 1426 330 via
1443 304 1589 340 perlegem
1605 310 1632 333 et
1656 308 1802 342 prophetas

1021 347 1112 377 aperta
1127 347 1179 372 est.
1199 354 1208 370 ι
1227 345 1373 373 Adinvenit
1402 349 1489 380 enim,
1517 349 1565 381 ait,
1592 357 1697 378 onmem
1730 353 1801 380 viam

1020 389 1180 424 disciplinae,
1206 395 1234 419 et
1260 391 1370 419 tradidit
1400 393 1472 420 illam
1498 393 1581 422 Jacob
1597 403 1679 430 puero
1694 405 1754 430 suo,
1774 403 1801 426 et

1021 433 1103 462 Israel
1125 435 1225 463 dilecto
1250 445 1319 470 suo;
1338 447 1347 463 ι
1364 438 1447 471 .dein,
1468 448 1477 465 ι
1506 444 1567 474 post
1596 441 1653 468 haec
1671 442 1698 469 in
1721 445 1801 471 terris

1019 480 1094 508 visus
1111 484 1164 514 est,
1177 486 1204 509 et
1217 489 1277 510 cum
1293 483 1448 512 hominibus
1463 490 1638 516 conversatus
1656 493 1707 516 est.
1727 498 1738 515 ι

1313 615 1426 644 CAPUT
1446 617 1501 645 XL.

1293 660 1334 687 Ea:
1367 660 1510 689 Ezechiele.

1055 712 1064 729 ι
1086 703 1149 732 llaec
1170 709 1267 732 contra
1284 706 1350 733 dicit
1373 706 1524 735 Dominus:
1547 707 1616 736 Ecce
1643 716 1692 744 ego
1706 709 1799 744 judico

1017 749 1088 779 inter
1114 758 1197 786 pecus
1221 752 1320 788 pingue
1334 757 1361 780 et
1378 761 1460 788 pecus
1487 755 1660 782 macilentam
1677 766 1683 782 :
1701 764 1749 791 pro
1766 764 1799 784 eo

1016 795 1088 829 quod
1102 795 1233 823 lateribus
1246 802 1271 824 et
1286 797 1405 825 humeris
1423 798 1621 833 impingebatis,
1632 805 1658 826 et
1670 800 1800 829 cornibus

1016 841 1116 869 vestris
1128 842 1301 870 ventilabatis
1314 844 1405 871 omnia
1421 844 1527 872 inﬁrma
1540 852 1648 880 pecora,
1664 846 1751 874 donec
1762 847 1800 874 di-

1015 891 1206 923 spergerentur
1218 888 1308 917 foras:
1330 890 1439 917 salvabo
1458 898 1566 926 gregem
1588 899 1688 924 meum,
1703 896 1798 923 etnon

1017 933 1069 960 erit
1083 933 1152 960 ultra
1169 934 1196 960 in
1210 935 1345 969 rapinam,
1359 935 1523 970 etjudicabo
1535 936 1604 963 inter
1620 944 1703 971 pecus
1716 942 1741 964 et
1753 945 1800 972 pe-

1018 986 1076 1005 cus.
1096 978 1127 1005 Et
1143 980 1282 1007 suscitabo
1305 988 1387 1015 super
1413 988 1460 1008 eos
1489 985 1625 1016 pastorem
1643 991 1736 1016 unum,
1752 984 1798 1018 qui

1017 1027 1175 1060 pascateos,
1192 1033 1299 1053 servum
1315 1034 1404 1053 meum
1422 1026 1525 1054 David:
1542 1027 1599 1063 ipse
1623 1033 1716 1063 pascet
1739 1037 1796 1062 eos,

1016 1075 1043 1098 et
1067 1071 1125 1109 ipse
1139 1072 1191 1099 erit
1211 1073 1251 1100 eis
1268 1072 1295 1099 in
1315 1076 1462 1108 pastorem.
1479 1073 1535 1109 Ego
1558 1078 1647 1102 autem
1668 1074 1797 1103 Dominus

1016 1124 1062 1144 ero
1078 1105 1119 1145 ὣς
1138 1117 1165 1144 in
1192 1117 1277 1145 Deum
1291 1127 1298 1145 :
1314 1122 1341 1146 et
1354 1126 1450 1147 servus
1467 1127 1543 1147 meus
1563 1119 1646 1147 David
1670 1121 1798 1157 princeps

1015 1164 1043 1191 in
1055 1163 1144 1191 medio
1156 1172 1250 1191 eortim
1267 1172 1334 1200 :ego
1351 1165 1481 1193 Dominus
1499 1166 1605 1194 locutus
1618 1175 1688 1196 sum.
1706 1167 1737 1194 Et
1756 1168 1797 1195 fa—

1014 1209 1083 1236 ciam
1099 1217 1159 1236 cum
1178 1208 1260 1237 David
1278 1214 1385 1245 pactum
1401 1219 1511 1244 novum,
1528 1217 1635 1247 pactum
1647 1213 1721 1247 pacis
1732 1214 1763 1240 ιθ.
1784 1224 1794 1240 ι

1013 1252 1072 1280 Jam
1091 1254 1155 1281 alibi
1186 1255 1338 1282 nuntiatum
1353 1257 1502 1290 prophetiis
1526 1256 1609 1284 David
1630 1265 1685 1284 non
1713 1259 1796 1285 alium

1013 1305 1074 1326 esse
1089 1299 1258 1327 ostendimus
1276 1307 1307 1327 ac
1323 1308 1338 1327 e
1353 1301 1455 1328 semine
1471 1300 1552 1328 David
1569 1305 1657 1329 ortum
1674 1302 1797 1330 Salvato-

1013 1351 1069 1371 rem
1085 1347 1227 1378 nostrum;
1246 1345 1289 1372 hic
1304 1353 1413 1381 quoque
1428 1346 1461 1373 de
1479 1347 1574 1374 eodem
1595 1347 1668 1375 hunc
1694 1349 1795 1383 accipi-

1014 1396 1074 1417 mus
1090 1389 1188 1418 locum.
1208 1390 1275 1423 Quis
1296 1391 1368 1418 enim
1385 1392 1455 1420 alius
1475 1396 1547 1420 cssct
1569 1392 1675 1421 Domini
1699 1402 1795 1429 pecora

1009 1434 1181 1469 judicaturus
1203 1441 1394 1472 pasturusque,
1412 1438 1464 1465 nisi
1493 1439 1569 1466 solus
1584 1439 1671 1467 bonus
1687 1439 1794 1474 Pastor,

1012 1480 1058 1514 qui
1071 1488 1126 1507 non
1142 1483 1306 1516 contempsit
1323 1483 1447 1518 dispersa
1458 1488 1484 1511 et
1500 1485 1605 1519 perdita
1617 1485 1651 1513 ab
1668 1486 1796 1514 adversa-

1011 1525 1060 1552 riis
1076 1527 1256 1560 potestatibus
1272 1528 1424 1562 spiritualia
1438 1530 1541 1564 proprii
1559 1531 1644 1566 ipsius
1658 1532 1737 1558 ovilis
1750 1540 1795 1566 pc-

1011 1577 1086 1602 cora,
1101 1570 1148 1597 sed
1166 1572 1282 1598 animam
1304 1580 1380 1600 suam
1402 1582 1451 1608 pro
1470 1582 1563 1602 eorum
1582 1577 1669 1604 salute
1685 1578 1794 1612 posuit;

177 1611 248 1647 ὐπὲρ
261 1614 309 1648 τῆς
326 1614 414 1641 αὐτῶν
435 1616 581 1651 σωτηρίας,
602 1614 639 1644 ὧν
661 1618 777 1654 ἄρχοντα
793 1620 806 1646 ὁ
825 1620 890 1651 Θεὸς
914 1621 960 1647 καὶ

1011 1622 1147 1650 quemque
1163 1615 1235 1644 Deus
1252 1620 1278 1644 et
1299 1616 1379 1645 Pater
1390 1619 1449 1653 ejus
1466 1620 1615 1654 principem
1629 1628 1723 1648 eorum
1733 1626 1795 1656 post

176 1657 272 1693 Πατὴρ
293 1659 374 1686 αὑτοῦ
399 1663 580 1697 καταστήσειν
605 1664 799 1697 ἐπαγγέλλεται
822 1665 890 1700 μετὰ
916 1666 962 1693 τὸν

175 1703 292 1739 κρίσεως
301 1706 405 1741 καιρὸν.
416 1706 609 1743 διαθησόμενος
618 1710 692 1745 αὐτῷ
702 1710 833 1746 διαθήκην
840 1712 960 1747 εἰρήνης,

174 1748 230 1778 ὅτε,
243 1749 429 1783 ὑποταγέντων
448 1751 521 1787 αὺτῷ
538 1753 591 1779 τῶν
607 1754 720 1790 ἐχθρῶν,
732 1755 842 1791 ἔσχατος
854 1757 961 1784 πάντων

176 1794 223 1820 καὶ
240 1795 319 1827 αὐτὸς
330 1797 344 1822 ὁ
360 1796 406 1823 νῦν
423 1798 609 1833 ἀντικείμενος
623 1799 661 1834 τῷ
680 1800 750 1836 λόγῳ
771 1802 817 1828 καὶ
832 1803 865 1838 τῇ
883 1803 962 1840 σοφίᾳ

175 1839 222 1865 καὶ
237 1842 269 1876 τῇ
289 1841 344 1878 ζωῇ
360 1842 474 1876 θάνατος
490 1845 743 1880 καταργηθήσεται;

425 1897 623 1924 ΚΕΦΑΛΑῘΟΝ
643 1898 710 1926 MA'.

483 1943 537 1970 Τοῦ
551 1944 654 1971 αὑτοῦ.

213 1995 224 2012 ε
240 1987 308 2013 Τάδε
327 1986 398 2021 λέγει
416 1987 532 2023 Κύριος,
553 1989 616 2016 Ἰδοὺ
627 2009 634 2020 ,
652 1989 707 2024 ἐγὼ
728 1989 856 2025 λαμϐάνω
872 1991 960 2019 πάντα

173 2029 246 2058 οἷκον
277 2033 383 2068 Ἰσραὴλ
398 2034 429 2059 ἐκ
451 2033 533 2069 μέσου
561 2035 613 2061 τῶν
630 2035 723 2067 ἐθνῶν,
749 2033 778 2063 οὗ
803 2037 959 2072 εὶσήλθοσαν

173 2078 241 2108 ἐκεῖ,
258 2079 303 2105 καὶ
319 2079 425 2112 συνάξω
445 2080 542 2112 αὐτοὺς
567 2082 606 2112 είς
624 2081 672 2115 τὴν
692 2081 743 2115 γῆν
758 2081 804 2108 τοῦ
829 2083 935 2118 Ἰσραὴλ
950 2103 957 2116 ,

173 2123 220 2150 καὶ
236 2123 312 2150 δώσω
326 2125 422 2156 αὐτοὺς
432 2126 472 2157 εἰς
491 2125 553 2161 ἔθνη
574 2127 603 2152 ἐν
623 2127 655 2161 τῇ
672 2128 707 2162 γῇ
723 2136 784 2162 μου,
801 2129 846 2155 καὶ
860 2130 888 2155 ἐν
904 2130 958 2161 τοῖς

171 2170 263 2204 ὖρεσιν
280 2171 393 2206 Ἰσραήλ·
409 2173 455 2198 καὶ
474 2172 564 2207 ἅρχων
585 2170 625 2204 εἷς
642 2172 716 2199 ἔσται
733 2173 832 2206 αὐτῶν,
849 2175 895 2201 καὶ
909 2176 958 2202 οὐκ

171 2214 278 2241 ἔσονται
294 2217 385 2243 οὐκέτι
399 2219 438 2249 εὶς
459 2217 505 2244 δύο
521 2218 595 2254 ἔθνη·
614 2219 668 2244 οὐδ’
686 2220 717 2246 οὺ
734 2220 770 2255 μὴ
787 2220 958 2256 διαιρεθῶσιν

171 2261 213 2291 εις
227 2260 273 2287 δύο
287 2261 433 2294 βασιλείας,
446 2264 488 2290 ἵνα
502 2265 538 2300 μὴ
553 2265 708 2300 μιαίνωνται
717 2265 756 2292 ἔτι
769 2267 797 2293 ἐν
809 2269 864 2299 τοῖς
880 2268 957 2295 εἰδώ-

170 2307 228 2338 λοις
236 2307 335 2333 αὐτῶν·
351 2308 397 2334 καὶ
414 2309 528 2344 ῥύσομαι
540 2311 637 2343 αὐτοὺς
652 2312 706 2338 ἀπὸ
724 2312 817 2339 πασῶν
830 2313 884 2341 τῶν
896 2314 957 2340 ἀνο-

171 2352 242 2388 μιῶν
255 2350 400 2384 αὐτῶν,ὧν
411 2354 532 2389 ἥμαρτον
544 2355 574 2390 (Γ.
591 2357 636 2390 58)
652 2358 680 2383 ὲν
692 2358 796 2390 αὐταῖς,
811 2359 857 2385 καὶ
873 2359 956 2386 καθα-

171 2398 224 2433 ριῶ
243 2398 340 2430 αὐτοὺς
367 2399 423 2426 ἀπὸ
443 2400 536 2428 πασῶν
557 2402 611 2428 τῶν
635 2403 774 2439 ἁμαρτιῶν
797 2405 896 2439 αὐτῶν,
917 2403 956 2433 ὧν

169 2444 292 2480 ἥμαρτον
308 2445 336 2472 ἐν
353 2446 463 2479 αὐταῖς,
480 2447 526 2473 καὶ
542 2448 663 2483 καθαριῶ
685 2451 792 2483 αὐτοὺς,
815 2452 861 2478 καὶ
879 2451 954 2480 ἔσον-

168 2490 273 2526 ταιομοι
288 2492 327 2523 είς
343 2491 416 2525 λαὸν,
440 2493 486 2519 καὶ
502 2492 557 2526 ἐγὼ
574 2493 674 2529 Κύριος
689 2495 786 2531 ἔσομαι
803 2498 892 2530 αὐτοῖς
913 2499 953 2531 είς

168 2537 244 2563 Θεόν.
264 2538 317 2564 Καὶ
332 2538 445 2570 ὀδοῡλός
464 2548 514 2574 μου
528 2539 608 2566 Δαυῖδ
625 2540 715 2576 ἄρχων
729 2543 759 2568 ἐν
773 2543 846 2578 μέσῳ
864 2545 952 2572 αὐτῶν

168 2582 245 2609 ἔσται
261 2584 362 2620 ποιμὴν
386 2582 426 2616 εἷς
450 2585 556 2612 πάντων
569 2607 576 2618 ,
592 2586 632 2614 ὅτι
648 2589 676 2613 ὲν
693 2589 749 2620 τοῖς
763 2589 951 2625 προστάγμασί

170 2637 222 2664 μου
235 2630 420 2665 πορεύσονται,
436 2632 482 2659 καὶ
494 2632 526 2658 τὰ
539 2633 661 2668 κρίματα
672 2643 722 2669 μου
734 2635 894 2669 φυλάξουσιν
905 2638 951 2665 καὶ

167 2675 325 2710 ποιήσουσιν
339 2677 418 2709 αὐτὰ,
435 2678 481 2704 καὶ
495 2680 699 2715 κατοικήσουσιν
715 2681 759 2707 ἐπὶ
773 2682 821 2716 τῆς
833 2681 884 2717 γῆς
896 2702 902 2712 ,
917 2683 950 2718 ἢν

167 2720 224 2756 ἐγὼ
236 2721 338 2749 δέδωκα
351 2723 389 2758 τῷ
397 2724 481 2760 δούλῳ
494 2734 544 2760 μου
562 2725 667 2758 Ἰακὼϐ,
682 2724 712 2753 οὗ
725 2727 886 2762 κατῴκησαν
893 2728 951 2754 ἐκεῖ

166 2768 192 2794 οἱ
209 2768 326 2804 πατέρες
342 2770 442 2803 αὐτῶν,
465 2771 512 2798 καὶ
529 2773 733 2808 κατοικήσουσιν
747 2774 790 2800 ἐπ’
807 2775 890 2809 αὐτῆς
902 2775 949 2801 αὺ-

166 2813 207 2840 τοί
221 2821 228 2828 ’
253 2814 299 2840 καὶ
319 2814 398 2842 Δαυῒδ
422 2817 435 2842 ό
456 2816 546 2848 δοῦλός
564 2826 613 2852 μου
634 2818 725 2853 ἄρχων
743 2818 831 2845 αὐτῶν
847 2820 886 2850 εἰς
905 2819 948 2845 τὸν

166 2858 261 2887 αἰῶνα.
277 2861 330 2887 Καὶ
345 2860 507 2897 διαθήσομαι
517 2863 608 2896 αὐτοῖς
620 2864 750 2900 διαθήκην
763 2865 884 2900 εἰρήνης,
904 2865 948 2891 καὶ

201 2915 222 2931 ¹³
235 2915 332 2946 Ezccli.
346 2925 437 2952 xxxiv,
453 2919 545 2948 20-25.

1009 1660 1106 1695 judicii
1120 1665 1226 1697 tempus
1244 1664 1400 1696 constituet,
1426 1665 1544 1693 initurus
1569 1673 1631 1692 cum
1661 1674 1693 1694 eo
1720 1668 1794 1702 pacis

1012 1711 1133 1741 pactum,
1146 1715 1207 1736 cum
1231 1709 1348 1738 subditis
1365 1710 1416 1745 ipsi
1431 1711 1550 1739 inimicis
1567 1712 1637 1745 suis,
1658 1717 1794 1748 postrema

1011 1752 1131 1779 omnium
1144 1757 1225 1788 atque
1245 1754 1355 1788 rationi,
1371 1760 1397 1783 et
1419 1757 1569 1791 sapientiae,
1580 1761 1606 1785 et
1624 1758 1684 1786 vita:
1698 1759 1794 1786 adver-

1011 1804 1041 1825 sa
1057 1805 1131 1826 mors
1145 1798 1298 1827 delebitur?

1317 1899 1430 1927 CAPUT
1442 1899 1508 1928 XLI.

1325 1945 1367 1972 Ex
1377 1946 1476 1974 eodem.

1047 1998 1057 2014 ι
1079 1989 1141 2017 Ilzec
1157 1990 1224 2018 dicit
1251 1991 1382 2020 Dominus
1397 2002 1402 2020 :
1419 1992 1488 2020 Ecce
1504 2000 1554 2028 ego
1569 2001 1705 2021 assumant
1733 2001 1792 2022 om-
1813 2019 1823 2028 ,

1009 2044 1069 2063 nem
1093 2037 1202 2064 domum
1226 2037 1308 2066 lsrael
1331 2039 1365 2066 de
1387 2039 1476 2066 medio
1502 2040 1653 2071 nationum,
1669 2039 1703 2066 ad
1723 2048 1791 2075 quas

1009 2083 1151 2110 abierunt:
1177 2088 1204 2111 et
1223 2085 1393 2120 congregabo
1420 2094 1467 2114 eos
1487 2086 1606 2121 undique
1632 2086 1659 2114 in
1691 2090 1792 2116 terram

1008 2127 1101 2162 lsrael,
1115 2133 1141 2157 et
1157 2128 1253 2166 faciam
1269 2137 1317 2158 eos
1343 2131 1370 2158 in
1392 2136 1499 2166 gentem
1517 2140 1597 2158 uuam
1612 2132 1639 2158 in
1650 2136 1721 2159 terra
1733 2140 1792 2160 mea

1008 2179 1035 2202 et
1049 2175 1075 2201 in
1090 2177 1228 2204 montibus
1241 2176 1334 2209 lsrael,
1353 2182 1379 2206 et
1393 2186 1438 2206 rex
1450 2187 1521 2206 unus
1536 2179 1588 2206 erit
1602 2179 1730 2206 omnibus
1742 2179 1794 2207 ἰιιι-

1008 2228 1107 2255 perans
1126 2232 1132 2249 :
1150 2226 1177 2250 et
1191 2231 1245 2250 non
1267 2228 1348 2251 erunt
1368 2225 1438 2251 ultra
1465 2225 1525 2252 duae
1549 2229 1654 2260 gentes,
1681 2233 1730 2252 nec
1749 2225 1792 2252 di-

1009 2268 1135 2295 videntur
1164 2269 1281 2304 amplius
1304 2270 1331 2297 iu
1357 2270 1412 2298 duo
1435 2279 1528 2305 regna.
1548 2270 1640 2306 Neque
1669 2271 1791 2306 polluelt‘

972 2303 994 2330 θ
1008 2316 1052 2339 tur
1067 2313 1138 2339 ultra
1162 2314 1189 2340 in
1211 2303 1292 2341 idolis
1310 2315 1388 2342 suis:
1408 2318 1434 2342 et
1451 2316 1542 2343 salvos
1566 2324 1612 2343 eos
1643 2314 1740 2343 faciam
1758 2315 1792 2342 de

1008 2357 1145 2385 universis
1157 2358 1277 2392 sedibus,
1289 2359 1316 2387 in
1333 2360 1433 2395 quibus
1452 2364 1644 2394 peccaverunt,
1653 2364 1680 2387 et
1695 2368 1791 2387 emun-

1008 2402 1078 2429 dabo
1093 2410 1140 2430 eos
1159 2412 1165 2430 :
1183 2407 1210 2430 et
1233 2407 1315 2431 erant
1341 2405 1407 2431 mihi
1434 2405 1560 2440 populus,
1579 2409 1605 2432 et
1623 2412 1678 2440 ego,
1688 2412 1735 2432 ero
1749 2404 1790 2431 eis

1007 2447 1088 2476 Deus.
1101 2448 1133 2476 Et
1147 2457 1243 2477 servus
1255 2458 1332 2478 meus
1344 2450 1426 2477 David
1437 2459 1483 2478 rex
1498 2459 1579 2486 super
1589 2458 1646 2483 eos,
1656 2455 1682 2479 et
1697 2455 1791 2485 pastor

1008 2503 1078 2522 unus
1099 2495 1151 2522 erit
1165 2496 1287 2523 omnium
1303 2504 1397 2524 eorum
1414 2505 1421 2524 :
1439 2498 1467 2525 in
1484 2497 1594 2532 judiciis
1607 2497 1676 2525 meis
1693 2497 1790 2524 ambu-

1006 2541 1111 2572 labunt,
1127 2545 1154 2569 et
1170 2543 1298 2569 mandata
1314 2550 1374 2569 mea
1396 2543 1562 2577 custodierit,
1578 2547 1605 2570 et
1623 2543 1725 2571 facient
1746 2552 1788 2572 ea.

1006 2587 1038 2614 Et
1053 2587 1214 2615 habitabth
1230 2596 1312 2624 super
1328 2593 1441 2621 terram,
1466 2597 1547 2625 quam
1559 2589 1621 2618 dedi
1634 2598 1714 2618 servo
1730 2598 1790 2618 meo

1004 2632 1098 2666 Jacob,
1113 2634 1140 2660 in
1152 2642 1204 2669 qua
1221 2635 1409 2664 habitaverunt
1426 2641 1516 2671 patres
1530 2636 1611 2664 vestri
1624 2645 1631 2664 :
1644 2641 1670 2664 et
1681 2637 1789 2667 habita-

1006 2680 1072 2707 bunt
1087 2689 1167 2716 super
1182 2689 1240 2709 eam
1257 2682 1319 2717 ipsi,
1332 2686 1357 2710 et
1380 2683 1426 2709 ﬁlii
1438 2691 1543 2715 eorum,
1565 2687 1592 2711 et
1608 2684 1655 2710 ﬁlii
1671 2683 1788 2711 ﬁliorqu

1004 2733 1108 2758 eorum,
1129 2734 1214 2761 usque
1233 2727 1260 2754 in
1283 2729 1476 2763 sempiternum
1506 2738 1512 2755 :
1537 2734 1563 2756 et
1585 2729 1668 2756 David
1693 2738 1789 2758 servus

1004 2778 1080 2799 meus
1099 2771 1226 2807 princeps
1241 2780 1334 2800 eorum
1352 2773 1378 2799 in
1403 2778 1572 2808 perpetuum.
1589 2772 1622 2799 Et
1637 2775 1787 2809 percutiam

1003 2817 1058 2845 illis
1084 2817 1173 2847 foedus
1199 2819 1287 2855 pacis,
1304 2823 1412 2854 pactum
1435 2821 1633 2856 sempiternum
1650 2822 1701 2850 erit
1717 2823 1756 2850 eis
1779 2831 1785 2849 :

1002 2867 1028 2892 et
1046 2865 1164 2894 fundabo
1175 2873 1232 2900 eos,
1245 2869 1271 2894 et
1286 2867 1484 2902 multiplicabo,
1498 2871 1524 2906 et
1546 2867 1616 2896 dabo
1633 2869 1772 2897 sanctiﬁca
