2035 3214
285 179 351 208 1171

283 238 382 265 tionem
401 245 487 265 meam
501 238 527 264 in
537 235 627 264 mcdio
639 244 734 264 eortim
746 238 772 264 in
790 243 968 273 perpetuum;
983 242 1009 266 et
1022 240 1073 267 erit

283 284 488 311 tabernaculum
519 291 608 311 meum
639 284 666 310 in
683 284 723 311 eis
740 293 745 311 :
762 288 789 311 et
818 292 865 312 ero
893 285 933 312 eis
947 284 1028 317 Deus.
1044 289 1071 313 ct

283 331 334 365 ipsi
351 330 512 358 erunt'mihi
536 330 664 365 populus.
680 329 713 357 Et
729 331 817 358 scient
831 336 925 366 gentes
941 332 1004 367 quia
1020 339 1071 367 ego

282 377 414 404 Dominus
431 377 617 405 sanctiﬁcator
630 377 724 410 Israel,
741 387 802 406 cum
816 378 897 406 fuerit
914 379 1069 406 sanctiﬁca-

281 422 319 447 tio
334 429 393 448 mea
424 422 452 448 in
468 422 558 449 medio
579 430 674 450 eorum
701 423 728 450 in
755 428 914 458 perpetuum
929 423 961 451 “.
983 434 992 449 ι
1006 424 1070 452 Post

280 466 462 502 dispersionis
481 468 632 503 spiritualis
651 470 763 504 verique
777 470 860 497 lsrael
878 470 1069 505 congregatim

279 521 353 544 nem.
369 518 397 540 et
418 518 479 549 post
498 515 668 549 perditarum
692 516 790 543 domus
814 515 898 544 lsrael
922 517 1012 543 ovium
1029 517 1071 543 in-

278 559 446 591 ventionem.
466 561 634 595 plenitudine
649 563 771 597 gentium
788 568 987 594 consummata,
1004 568 1070 591 tunc

278 605 411 633 Dominus
437 607 495 642 ipse
513 607 605 635 futuro
626 608 686 642 ejus
715 609 815 644 populo
839 616 868 636 se
894 608 951 636 fore
971 609 1068 641 Deum,

278 652 392 687 ejusque
414 660 522 680 servum
546 653 629 680 David
652 654 802 690 principem
817 655 1068 683 constituturumin

278 699 367 733 medio
389 706 495 731 eorum,
513 699 559 734 qui
581 705 674 734 pascet
699 707 746 727 eos
770 704 797 726 et
819 700 1004 728 dominabitur
1028 701 1068 728 eis

278 751 333 771 non
349 752 435 779 parvo
451 749 479 771 et
502 746 578 772 brevi
598 751 729 780 tempore,
746 745 793 773 scd
815 746 843 772 in
862 746 1066 781 sempiternum,

278 790 433 822 pollicetur.
451 789 615 819 Exlstiment
629 790 723 825 igitur,
744 790 817 820 licet,
828 789 913 817 Judaei
930 790 1066 817 hominem

277 835 352 862 illum
374 834 458 862 ﬁlium
487 834 564 862 Jesse
591 834 734 870 Scriptura
756 835 933 869 prmnuntiari
962 835 1011 868 eis,
1028 842 1070 862 re-

276 888 359 916 gnum
373 881 433 915 ejus
446 885 577 908 terrestre
591 881 641 908 sibi
661 881 803 916 fingentes,
820 880 922 916 Deique
932 881 1066 916 promissa

277 927 304 959 in
329 927 553 962 corruptibilihus
585 928 816 962 terrestribusque
834 931 862 954 et
885 927 978 954 divina
1003 935 1066 961 pro-

275 972 407 1000 missione
423 973 543 1008 indignis
559 977 750 1008 exspectantes
773 983 779 1000 :
798 981 847 1000 nos
868 980 934 1000 vero
956 973 1068 1000 minime

276 1026 426 1053 congruere
438 1026 499 1046 cum
511 1019 611 1046 divinis
623 1020 779 1054 promissis.
790 1027 877 1054 neque
889 1019 922 1046 ad
937 1019 1066 1046 Davidem

276 1062 365 1097 ipslim
383 1067 508 1098 spectare
524 1072 584 1098 quae
596 1065 674 1098 quasi
690 1064 724 1091 de
734 1072 767 1091 eo
776 1064 850 1091 dicta
866 1068 939 1096 sunt,
955 1072 1067 1099 persua-

275 1117 335 1135 sum
353 1109 497 1141 habcutes.
511 1111 568 1137 haec
580 1111 613 1138 de
632 1110 774 1138 Salvatore
789 1110 959 1147 Dominoque
973 1116 1067 1139 nostro

274 1152 338 1180 Jcsu
352 1153 462 1181 Christo
475 1162 490 1182 e
502 1156 605 1182 semine
621 1156 680 1190 ejus
697 1156 848 1184 secundum
866 1165 976 1184 carnem
996 1160 1067 1192 geni-

275 1205 302 1227 to
311 1201 474 1235 accipimus,
494 1202 652 1236 prophetias
664 1202 727 1229 huic
736 1203 822 1238 magis
831 1204 975 1231 convenire
986 1211 1066 1238 quam

274 1247 313 1274 ἰΗί
328 1247 412 1274 David
435 1251 605 1282 reputantes.
622 1249 649 1275 in
665 1249 705 1276 eis
730 1257 791 1284 quae
806 1249 885 1284 quasi
902 1250 934 1277 de
950 1257 1066 1285 persona

273 1291 356 1319 David
374 1293 400 1319 in
419 1293 506 1320 sacris
531 1293 681 1329 Scripturis
698 1295 842 1330 leguntur;
860 1295 916 1322 hzec
935 1295 1040 1323 scilicet
1055 1305 1062 1323 :

276 1347 286 1363 ι
309 1337 439 1365 Dominus
452 1339 562 1366 dixitad
582 1348 646 1367 me:
662 1340 749 1368 Filius
765 1349 841 1369 meus
853 1349 884 1369 es
899 1345 938 1373 tu,
955 1349 1006 1377 ego
1017 1342 1066 1369 lio-

272 1384 317 1411 die
335 1385 417 1424 genui
442 1389 467 1412 te
479 1386 518 1418 ‘7;
539 1395 548 1411 ›
565 1386 704 1421 atqueilla
724 1395 730 1414 :
756 1396 765 1412 ‹
785 1387 945 1414 Constitues
968 1395 1011 1414 me
1038 1387 1066 1415 in

271 1434 353 1464 caput
376 1431 506 1466 gentium,
520 1439 606 1465 »ωηο
634 1432 661 1459 in
681 1432 787 1460 decimo
820 1433 936 1468 septimo
961 1434 1066 1468 psalmo

271 1468 401 1507 dicuntur
413 1476 450 1509 ¹⁸;
471 1476 515 1503 ubi
530 1485 626 1505 rursus
643 1478 720 1513 quasi
733 1478 767 1506 de
783 1478 843 1513 ejus
866 1486 983 1514 persona
1000 1479 1067 1515 legi-

270 1529 348 1549 mus:
363 1531 372 1547 ‹
384 1521 504 1560 Populus
520 1531 600 1558 quem
617 1531 671 1551 non
696 1525 822 1563 cognovi!
844 1525 958 1552 servivit
975 1526 1040 1553 mihi
1056 1534 1064 1559 ;

269 1567 297 1595 in
314 1568 407 1595 auditu
424 1569 499 1596 auris
507 1569 627 1597 ubedivit
642 1570 708 1597 mihi
722 1571 754 1596 η.
768 1580 777 1599 υ
790 1570 826 1598 De
836 1578 890 1606 quo
906 1571 978 1603 enim
992 1570 1065 1600 Deus

269 1613 372 1642 dixisse
385 1615 584 1644 existimandus
602 1621 643 1644 est
657 1626 662 1643 :
677 1626 686 1642 ‹
701 1616 761 1652 Ipse
773 1608 909 1644 invocabit
920 1617 1062 1651 me‘Pater

269 1667 346 1687 meus
357 1667 386 1687 es
402 1663 431 1687 tu
442 1661 475 1692 ὀ,
493 1671 502 1686 ι
520 1665 602 1696 atque
617 1671 622 1688 :
644 1671 652 1686 ι
669 1661 701 1688 Et
714 1670 764 1697 ego
782 1663 990 1700 primogenitum
1009 1671 1061 1703 po-

268 1713 331 1734 nam
355 1713 416 1737 eum
434 1707 467 1737 ¹¹,
489 1716 498 1732 1
519 1707 572 1734 nisi
590 1706 623 1734 de
636 1705 778 1734 Salvatore
798 1711 904 1740 nostro,
919 1707 1061 1742 unigenito

267 1751 328 1785 ejus
345 1751 434 1780 Filio?
448 1752 520 1786 Quid
540 1754 613 1781 enim
631 1754 770 1789 singulare
790 1762 846 1790 pne
869 1755 976 1786 caeteris
995 1763 1060 1791 pro-

267 1797 357 1835 phetis
378 1799 606 1834 justisque-viris
629 1801 719 1828 evenit
746 1799 850 1832 Davidi,
873 1805 903 1828 ut
919 1802 999 1837 quasi
1027 1802 1061 1830 de

270 1844 330 1877 ipso
344 1844 404 1871 solo
419 1844 557 1872 diceretur
578 1846 868 1883 prophetizarcturque
889 1855 951 1874 eum
969 1855 1059 1882 regem

267 1894 458 1918 surrecturum
484 1900 546 1920 esse
571 1896 765 1928 pastoremque
792 1893 839 1921 Dei
866 1894 976 1921 ovium?
996 1893 1059 1922 Haec

268 1936 353 1972 igitur
368 1937 459 1964 omnia
474 1938 608 1970 videntes.
626 1943 708 1974 atque
731 1939 807 1974 Isaiae
827 1940 998 1974 prophetiam
1022 1945 1060 1967 at-

250 1982 418 2014 ~teudeutes,
442 1987 503 2018 post
519 1983 629 2012 Davidis
650 1988 766 2012 mortem
790 1986 846 2012 haec
863 1986 915 2013 alia
934 1994 1058 2028 pramun-

264 2028 376 2060 tiantem
391 2028 426 2056 de
449 2029 561 2057 Christo
580 2040 585 2056 :
607 2039 616 2056 ‹
640 2030 805 2066 Egredictur
825 2032 901 2066 virga
917 2031 950 2059 de
965 2031 1057 2059 radice

262 2072 385 2105 Jessc.et
401 2074 451 2102 ﬂos
465 2075 499 2102 de
513 2075 606 2104 radice
621 2076 681 2111 ejus
697 2077 844 2104 ascendet:
858 2081 886 2104 et
901 2078 1055 2114 requiescet

262 2126 345 2152 super
359 2127 420 2157 eum
433 2119 551 2153 Spiritus
568 2120 675 2148 Domini
691 2123 730 2154 ";
750 2132 760 2148 ›
781 2126 807 2149 et
822 2130 881 2157 quae
894 2126 1055 2157 sequuntur.

262 2162 335 2190 sicut
356 2171 387 2198 ea
404 2171 561 2199 qutenunc
587 2171 754 2199 scrutamur,
773 2166 806 2194 de
835 2167 895 2202 ipso
921 2167 1000 2202 quasi
1023 2167 1056 2195 de

263 2207 366 2234 Davide
383 2207 456 2236 dicta
469 2210 648 2239 credidimus.
667 2211 748 2240 Solus
763 2213 836 2240 enim
852 2212 979 2240 Christus
996 2212 1054 2246 Dei,

262 2255 450 2290 metaphorice
464 2256 548 2287 David
563 2256 725 2298 appellatus,
740 2260 828 2287 bonus
843 2263 937 2294 pastor
949 2260 1053 2287 inveni-

260 2304 315 2334 tur,
332 2300 387 2329 dux
405 2306 431 2329 et
447 2302 566 2330 salvator
583 2302 628 2330 Dei
645 2304 733 2338 gregis
753 2308 780 2331 et
794 2303 922 2330 Ecclesia:
941 2303 1048 2337 factus;

258 2348 306 2383 qui
324 2356 372 2375 rex
388 2356 471 2384 super
486 2357 593 2376 onmem
615 2341 784 2385 spiritualem
812 2349 894 2377 Israel
919 2358 934 2376 a
968 2349 1050 2378 Patre

259 2392 480 2428 constituendus,
493 2396 582 2423 soluta
594 2404 609 2422 a
619 2395 733 2423 Domino
749 2396 842 2432 populi
857 2396 917 2430 ejus
933 2396 1050 2432 captivi-

259 2443 314 2467 tate
333 2440 550 2476 prophetizatur.

643 178 777 207 EUSEBll
795 178 1032 225 CMSARIENSIS
1052 180 1127 208 OPP.
1148 181 1237 208 PARS
1256 181 1298 209 Ill.
1315 181 1562 210 —-EXEGETICA.

1822 184 1875 215 “73

1087 240 1238 278 Αιδιαθήκη
1252 241 1358 272 αἰώνιος
1373 240 1449 267 ἔσται
1465 241 1522 275 μετ’
1534 239 1633 266 αὐτῶν·
1649 240 1695 266 καὶ
1707 239 1776 276 θήσω
1786 241 1814 268 τὰ
1826 244 1876 278 ἅγιά

1109 271 1220 322 ⁸θμουέν
1233 271 1308 322 μέσῳ
1320 271 1408 313 ανέίτῶν
1419 271 1516 317 εἱς-τὸν
1526 284 1620 317 αῑῶνα,
1640 285 1686 311 καὶ
1697 271 1770 312 ἔσται
1786 287 1800 321 ή
1813 271 1875 315 κατα.

1124 331 1257 366 σκήνωσίς
1270 340 1319 367 μου
1332 332 1360 357 ὲν
1371 332 1471 363 αὐτοῖς,
1484 331 1531 357 καὶ
1546 330 1652 357 ἔσονταί
1663 339 1707 366 μοι
1722 331 1759 362 είς
1770 330 1832 364 λαὸν,
1842 334 1877 360 καὶ

1123 376 1178 410 ἐγὼ
1192 376 1287 412 ἔσομαι
1306 377 1396 408 αὐτοῖς
1415 377 1456 408 εἰς
1469 376 1545 403 Θεόν.
1567 377 1622 403 Καὶ
1634 375 1777 410 γνώσονται
1788 377 1817 404 τὰ
1828 378 1876 414 ἔθνη

1122 422 1163 448 ὅτι
1174 422 1228 457 ἐγώ
1241 423 1297 457 εἰμι
1309 422 1412 458 Κύριος
1421 423 1435 448 6
1447 421 1565 456 ἁγιάζων
1579 423 1686 455 αὐτοὺς,
1704 423 1732 449 ἐν
1741 422 1777 459 τῷ
1789 421 1878 452 εἶναιτὰ

1122 469 1189 504 ἅγιά
1208 478 1257 505 μου
1271 470 1299 497 ὲν
1316 469 1389 507 μέσῳ
1404 468 1491 496 αὐτῶν
1508 469 1547 500 εἰς
1565 469 1610 495 τὸν
1622 468 1716 495 αἰῶνα.
1735 478 1743 494 ι
1765 469 1830 496 Μετὰ
1840 471 1878 506 τὴν

1121 516 1172 550 τῆς
1193 515 1340 551 διασπορᾶς
1362 515 1408 541 τοῦ
1436 515 1620 550 πνευματικοῦ
1640 515 1686 541 καὶ
1706 514 1822 550 ἀληθινοῦ
1839 517 1878 543 Ἰσ-

1125 562 1192 598 ραὴλ
1206 562 1423 598 ἐπισυναγωγὴν,
1445 562 1492 588 καὶ
1508 562 1575 597 μετὰ
1591 561 1639 596 τὴν
1653 560 1758 596 εὕρεσιν
1768 561 1816 587 τῶν
1838 563 1879 589 ἀπ-

1121 608 1259 635 ολωλότων
1276 607 1419 644 προῦάτων
1439 607 1513 634 οἴκου
1534 606 1705 643 Ἰσραὴλ,τοῦ
1725 607 1880 642 πληρώματος

1122 653 1174 679 τῶν
1188 652 1272 680 ἐθνῶν
1285 653 1548 688 προεισεληλυθότος,
1562 651 1710 688 τηνικαῦτα
1723 653 1737 678 6
1747 652 1835 688 Κύριος
1846 654 1879 680 αὑ-

1121 696 1166 728 τὸς
1179 697 1226 731 μὲν
1240 696 1346 723 ἔσεσθαι
1361 697 1400 728 εἰς
1416 697 1481 723 Θεὸν
1494 696 1532 732 τῷ
1551 697 1670 732 ἐσομένῳ
1683 696 1763 723 αὑτοῦ
1777 697 1836 732 λαῷ,
1845 698 1880 724 τὸν

1121 743 1149 769 δὲ
1163 742 1254 769 δοῦλον
1265 742 1346 769 αὑτοῦ
1363 742 1444 769 Δαυῒδ
1466 743 1584 778 ἄρχοντα
1602 742 1694 778 θήσειν
1709 743 1737 768 ἑν
1755 742 1822 778 μέσῳ
1843 744 1880 770 αὒ-

1120 789 1184 821 τῶν,
1196 789 1383 824 ποιμανοῦντα
1398 789 1497 820 αὐτοὺς
1511 789 1557 815 καὶ
1573 788 1690 825 ἄρχοντα
1702 788 1787 815 αὐτῶν
1798 789 1841 815 οὐκ
1847 790 1878 815 ἐπ’

1120 835 1208 870 ὀλίγον
1226 835 1273 862 καὶ
1290 835 1393 870 βραχύν
1417 843 1477 861 τινα
1498 835 1590 871 χρόνον
1608 834 1663 861 ἀλλ’
1686 835 1732 860 ἐπὶ
1753 834 1794 869 τον
1812 835 1880 862 αἰῶνα

1120 881 1299 915 ὑπισχνεῖται.
1315 879 1469 906 Οἰέσθωσαν
1487 880 1535 915 μὲν
1548 878 1594 906 οὖν
1614 879 1658 906 τὸν
1680 878 1814 915 ἄνθρωπον
1825 880 1880 906 ἐκεῖ-

1082 931 1102 958 Β
1116 935 1160 953 νον
1175 926 1220 952 τὸν
1237 926 1293 952 υἱὸν
1315 925 1412 952 Ἰεσσαὶ
1428 924 1694 959 κατεπαγγέλλεσθαι
1705 925 1750 951 τὸν
1761 925 1830 959 λόγον
1844 926 1881 952 αὐ-

1117 973 1173 1003 τοῖς
1189 972 1212 998 oi
1227 971 1259 998 ἐκ
1281 970 1448 1006 περιτόμης,
1477 970 1614 1005 βασιλείαν
1637 971 1718 997 αὑτοῦ
1744 971 1880 1006 σωματικὴν

1117 1014 1195 1048 αὖθις
1209 1015 1422 1051 φανταζόμενοι,
1437 1016 1484 1042 καὶ
1499 1016 1548 1048 τὰς
1564 1016 1724 1051 ὑποσχέσεις
1738 1017 1782 1043 τοῦ
1795 1017 1853 1043 Θεοῦ
1860 1017 1882 1043 ὲν

1117 1062 1244 1098 φθαρτοῖς
1257 1062 1304 1089 καὶ
1320 1063 1422 1097 γηῖνοις
1438 1063 1485 1089 καὶ
1508 1063 1581 1094 θείας
1595 1063 1712 1095 ἀναξίοις
1724 1063 1882 1097 ὲπαγγελείας

1117 1110 1339 1146 καραδοκοῦντες·
1366 1110 1445 1145 ἡμεῖς
1469 1109 1497 1137 δὲ
1524 1110 1654 1146 μηδαμῶς
1678 1110 1802 1145 ἁρμόζειν
1827 1110 1882 1145 μήτε

1117 1156 1202 1188 θείαις
1215 1157 1385 1192 ὑποσχέσεσι,
1402 1158 1469 1193 μήτε
1491 1156 1543 1192 μὴν
1559 1157 1597 1188 εἰς
1618 1156 1699 1185 αὑτὸν
1722 1156 1882 1191 ἀναφέρεσθαι

1116 1201 1161 1227 τὸν
1180 1201 1276 1233 Δαεῒδ,
1299 1202 1333 1229 τὰ
1348 1202 1386 1234 ὡς
1402 1202 1465 1237 περὶ
1482 1202 1564 1229 αὑτοῦ
1589 1201 1722 1237 λεγόμενα
1749 1201 1882 1236 πειθόμενοι

1117 1248 1163 1274 ἐπὶ
1175 1248 1219 1274 τὸν
1235 1249 1267 1274 ὲκ
1282 1248 1436 1283 σπέρματος
1454 1247 1535 1275 αὐτοῦ
1548 1248 1593 1274 τὸν
1604 1247 1674 1274 κατὰ
1690 1248 1779 1283 σάρκα
1791 1247 1883 1282 γενόμε-

1117 1301 1161 1319 νον
1171 1293 1284 1329 Σωτῆρα
1298 1294 1344 1320 καὶ
1356 1293 1397 1320 Κὺ
1402 1293 1481 1329 ριονή
1486 1293 1542 1328 μῶν
1561 1292 1663 1328 Ἰησοῦν
1675 1293 1791 1328 Χριστὸν
1798 1293 1883 1328 ἐκλαμ-

1117 1338 1258 1374 ϐάνωμεν,
1275 1339 1323 1371 τὰς
1348 1339 1515 1374 προφητείας
1539 1340 1625 1374 τούτῳ
1649 1338 1749 1374 μᾶλλον
1773 1338 1883 1375 ἁρμόζειν

1116 1384 1187 1419 ἢπερ
1201 1384 1296 1420 ὲκείνῳ
1309 1384 1348 1420 τῷ
1367 1384 1447 1411 Δαυῖδ
1462 1385 1595 1419 οἰόμενοι,
1609 1384 1643 1411 τὰ
1655 1385 1692 1416 ὡς
1715 1384 1747 1411 ἂν
1769 1386 1798 1411 ὲκ
1814 1393 1884 1420 προσ-

1115 1430 1190 1457 ώπου
1202 1430 1281 1457 Δαυῖδ
1296 1431 1324 1457 ὲν
1337 1432 1396 1462 ταῖς
1408 1431 1494 1466 ἱεραῖς
1506 1431 1628 1465 Γραφαῖς
1644 1431 1831 1467 ὲμφερόμενα·
1840 1428 1884 1457 οἷόν

1116 1478 1187 1504 ἐστιν
1204 1477 1249 1509 τὸ,
1269 1487 1279 1503 ι
1298 1477 1399 1512 Κύριος
1415 1475 1491 1504 εἶπεν
1510 1477 1578 1513 πρὸς
1591 1477 1641 1512 μὲ,
1658 1478 1723 1509 Υἱός
1743 1486 1791 1513 μου
1810 1477 1831 1503 εἰ
1848 1476 1883 1503 οὗ·

1116 1523 1170 1558 ἐγὼ
1185 1525 1303 1560 σήμερον
1315 1523 1467 1559 γεγέννηκά
1480 1532 1524 1550 σε·
1545 1533 1553 1549 ι
1572 1524 1618 1550 καὶ
1631 1524 1671 1555 τὸ,
1687 1533 1696 1549 ι
1713 1523 1884 1558 Καταστήσας

1117 1578 1151 1605 με
1167 1571 1206 1601 εἰς
1229 1570 1349 1605 κεφαλὴν
1371 1570 1464 1603 ἐθνῶν,
1483 1580 1492 1596 ι
1517 1569 1661 1606 λεγόμενον
1684 1571 1715 1596 ἐν
1738 1569 1770 1602 ιζ’
1790 1568 1883 1604 ψαλμῷ·

1075 1610 1096 1638 C
1112 1614 1175 1641 ἔνθα
1201 1614 1281 1641 πάλιν
1304 1617 1341 1646 ὡς
1364 1616 1396 1641 ἐκ
1422 1615 1566 1650 προσώπου
1594 1615 1674 1641 αὑτοῦ
1701 1615 1822 1641 λέλεκται
1846 1614 1883 1644 τὸ,

1115 1669 1125 1686 ι
1145 1661 1215 1692 Aab;
1230 1661 1260 1687 ὃν
1274 1661 1323 1687 οὐκ
1339 1660 1424 1695 ἐγνων
1439 1661 1577 1688 ἐδούλευσέ
1591 1670 1644 1696 μοι·
1665 1662 1705 1693 εἰς
1720 1661 1804 1696 ἀκοὴν
1818 1659 1885 1686 ὠτίου

1112 1706 1251 1742 ὑπήκουσέ
1273 1715 1334 1742 μου.
1355 1716 1364 1733 ι
1385 1707 1452 1742 Περὶ
1470 1707 1541 1739 τίνος
1561 1707 1589 1734 δὲ
1607 1707 1686 1735 ἄλλου
1712 1707 1839 1742 προσήκει
1854 1704 1884 1741 [ν]

1111 1753 1155 1780 τὸν
1170 1753 1234 1779 Θεὺν
1248 1753 1362 1787 φάσκειν
1378 1754 1501 1780 ὑπονοεῖν
1515 1753 1555 1785 τὸ,
1576 1763 1585 1778 ε
1606 1753 1691 1785 Αὐτὸς
1708 1749 1885 1779 ἐπικαλέσεταὶ

1113 1809 1157 1835 με,
1171 1800 1266 1835 Πατήρ
1282 1808 1332 1835 μου
1346 1797 1371 1826 εἷ
1386 1799 1428 1826 σύ’
1446 1810 1455 1825 ι
1476 1799 1523 1826 καὶ
1536 1800 1577 1831 τὸ,
1598 1809 1607 1825 ι
1630 1799 1717 1833 Κάγὼ
1731 1799 1886 1835 πρωτότοκον

1111 1845 1230 1882 θήσομαι
1242 1845 1334 1877 αὐτὸν,
1351 1855 1360 1871 ι
1378 1845 1395 1881 ἢ
1410 1846 1473 1882 περὶ
1488 1845 1534 1872 τοῦ
1550 1845 1674 1880 Σωτῆρος
1691 1845 1773 1880 ἡμῶν
1789 1843 1832 1870 τοῦ
1845 1851 1885 1878 μο-

1110 1891 1234 1925 νογενοῦς
1249 1891 1343 1922 παιδὸς
1362 1890 1460 1923 aii-:05;
1479 1890 1510 1916 Τί
1521 1889 1576 1925 γὰρ
1593 1889 1733 1925 ἐξαίρετον
1748 1889 1823 1924 παρὰ
1833 1887 1885 1917 τοὺς

1109 1937 1219 1969 λοιποὺς
1232 1938 1372 1972 προφήτας
1386 1946 1416 1963 τε
1428 1937 1474 1963 καὶ
1490 1936 1610 1968 δικαίους
1623 1935 1724 1970 ἄνδρας
1738 1932 1886 1970 κατωρθῶτο

1108 1984 1147 2019 τῷ
1162 1983 1251 2015 Δαυῖδ,
1264 1983 1302 2015 ὡς
1314 1984 1378 2019 περὶ
1392 1983 1471 2018 μόνου
1489 1982 1572 2009 αὑτοῦ
1588 1982 1674 2008 ταῦτα
1690 1981 1832 2015 λέγεσθαι,
1848 1978 1885 2005 καὶ

1109 2030 1190 2056 αὑτὸν
1200 2028 1419 2065 προφητεύεσθαι
1437 2026 1514 2059 αὖθις
1528 2026 1730 2062 ἀναστήσεσθαι
1746 2025 1851 2062 βασιλέα
1861 2031 1885 2049 τε

1108 2076 1155 2101 καὶ
1168 2074 1283 2110 ποιμένα
1290 2074 1344 2101 τῶν
1359 2073 1406 2100 τοῦ
1416 2073 1483 2101 Θεοῦ
1493 2072 1651 2108 προϐάτων;
1662 2072 1759 2099 Ταῦτα
1770 2071 1802 2106 δὴ
1811 2070 1884 2096 πάντα

1109 2119 1289 2155 συνορῶντες9
1310 2118 1468 2153 ἐφιστάντες
1486 2120 1519 2154 τῇ
1537 2118 1583 2145 τοῦ
1610 2117 1723 2144 Ἡσαΐου
1747 2114 1885 2152 προφητείᾳ

1108 2166 1177 2202 μετὰ
1193 2166 1243 2202 τὴν
1258 2165 1305 2193 τοῦ
1327 2166 1408 2193 Δανῒδ
1427 2165 1553 2201 τελευτὴν
1575 2163 1803 2200 ἀνακηρυττούσῃ
1816 2162 1847 2188 τά
1860 2168 1884 2186 τε

1106 2212 1172 2239 ἄλλα
1187 2213 1251 2248 περὶ
1267 2212 1312 2239 τοῦ
1329 2211 1459 2246 Χριστοῦ,
1471 2213 1517 2238 καὶ
1532 2212 1579 2243 τὸ,
1600 2220 1609 2236 ι
1635 2210 1822 2242 Ἐξελεύσεται
1846 2206 1886 2242 ῥά-

1106 2258 1166 2289 ϐδος
1177 2258 1209 2284 ἐκ
1222 2258 1272 2293 τῆς
1280 2257 1358 2293 ῥίζης
1372 2257 1479 2290 Ἰεσσαὶ,
1490 2257 1536 2283 καὶ¹
1549 2256 1627 2288 ἄνθος
1639 2257 1672 2282 ἐκ
1684 2255 1737 2290 τῆς
1749 2255 1824 2291 ῥίζης
1831 2254 1886 2279 ἁνα-

1104 2305 1214 2339 6ήσεται
1225 2325 1231 2337 ,
1253 2305 1299 2330 καὶ
1314 2303 1533 2331 ὲπαναπαύσεται
1549 2298 1592 2329 ἐπ’
1608 2303 1689 2333 αὑτὸν
1714 2295 1826 2336 Πνεῦμα
1845 2296 1884 2325 τοῦ

1105 2349 1135 2385 (l'.
1154 2350 1199 2380 58.
1215 2350 1253 2385 v9)
1269 2349 1347 2376 Θεοῦ·
1369 2359 1377 2375 ι
1394 2349 1486 2376 καὶτὰ
1501 2348 1606 2380 τούτοις
1622 2348 1686 2383 ἑξῆς
1703 2347 1816 2377 εἰκότως
1830 2343 1885 2379 περὶ

1102 2395 1149 2422 τοῦ
1165 2395 1246 2422 αὑτοῦ
1263 2395 1357 2422 καὶτὰ
1373 2394 1476 2427 ἐνθάδε,
1497 2394 1535 2425 ὼς
1550 2394 1614 2429 περὶ
1629 2392 1712 2420 Δαυϊδ
1729 2387 1885 2428 προφητενόο

1104 2450 1180 2478 μενα,
1195 2442 1321 2476 λέγεσθαι
1335 2440 1513 2477 πεπείσμεθα.
1526 2440 1613 2471 Μόνος
1623 2440 1701 2475 γὰρό
1713 2438 1829 2474 Χριστὸς
1844 2433 1885 2461 τοῦ

257 2485 336 2518 Θεοῦ,
353 2488 423 2514 κατὰ
434 2488 483 2524 τὴν
501 2489 655 2524 μεταφορὰν
668 2489 717 2524 τῆς
731 2490 915 2526 προσηγορίας
930 2490 976 2517 καὶ
991 2490 1071 2517 Δαυῖδ
1083 2491 1266 2526 χρηματίσας,
1298 2490 1399 2525 ποιμὴν
1432 2490 1447 2519 6
1474 2488 1555 2520 καλὸς
1573 2487 1775 2518 ἀναδέδεικται,
1807 2485 1883 2520 ἀρχη-

258 2533 305 2566 γος
319 2534 364 2560 καὶ
378 2534 472 2571 Σωτὴρ
483 2535 532 2570 τῆς
540 2535 586 2562 τοῦ
594 2536 661 2562 Θεοὸ
672 2536 788 2572 ποίμνης
800 2546 830 2563 τε
846 2537 892 2563 καὶ
917 2537 1078 2572 Ἑκκλησίας
1097 2537 1288 2573 γεγενημένος·
1303 2537 1333 2569 ὃς
1350 2536 1473 2571 βασιλεὺς
1486 2536 1532 2562 ἐπὶ
1551 2535 1638 2562 πάντα
1655 2535 1702 2561 τὸν
1720 2533 1815 2569 νοητὸν
1830 2531 1879 2580 ’Ἰοῖ

258 2579 327 2614 ραὴλ
340 2579 392 2606 ὑπὸ
411 2579 458 2607 τοῦ
473 2581 578 2618 Πατρὺς
612 2582 863 2619 κατασταθήσεσθαι
881 2582 949 2618 μετὰ
981 2583 1011 2618 τὸ
1043 2583 1205 2620 ἐπιστρέψαι
1222 2583 1325 2619 Κύριον
1347 2584 1396 2618 τὴν
1421 2581 1607 2618 αῑχμαλωσίαν
1630 2581 1678 2607 τοῦ
1710 2580 1778 2612 λαοῦ
1809 2578 1882 2606 αὑτοῦ

259 2625 470 2668 προφητεύεται.

543 2689 657 2721 CAPUT
684 2689 763 2720 XLII.

565 2735 608 2762 Ea;
623 2735 745 2764 Dauiele.

299 2775 361 2811 lianc
375 2777 467 2811 Daniel
483 2780 551 2816 dicit
569 2791 576 2808 ε
595 2791 604 2807 ε
626 2782 655 2809 ln
671 2782 767 2810 diebus
789 2787 879 2811 autem
902 2792 1047 2821 regnorum

301 2853 322 2870 “
334 2853 432 2892 Bacch.
445 2865 549 2889 xxxvu,
564 2859 658 2887 21-28.
698 2861 718 2876 "
734 2859 804 2889 Psal.
829 2870 858 2892 ιι,
876 2861 902 2890 7.

267 2888 314 2923 28.
353 2891 375 2906 "
390 2889 442 2929 lsa.
460 2900 498 2925 xu,
518 2895 548 2924 t,
567 2895 592 2921 εὶ,

1354 2688 1551 2725 ΚΕΦΑΛᾼΙΟΝ
1568 2688 1634 2720 MB'.

1361 2735 1427 2763 Ἀπὸ
1442 2735 1495 2762 τοῦ
1507 2733 1627 2767 Δανιὴλ.

1138 2783 1235 2819 Δανιὴλ
1249 2784 1321 2810 ἐστιν
1333 2782 1347 2808 6
1366 2781 1487 2815 φάσκων-
1509 2791 1517 2806 ι
1534 2781 1589 2807 Καὶ
1604 2781 1632 2806 ὲν
1645 2780 1702 2812 τοῖς
1718 2778 1823 2814 χρόνοις
1832 2773 1879 2803 τῶν

943 2863 964 2877 ’⁸
978 2862 1049 2904 Psal.

1109 2871 1128 2896 ι,
1142 2862 1185 2890 Η.
1226 2862 1247 2879 ¹⁹
1263 2862 1329 2890 ibid.
1348 2862 1390 2890 45.
1429 2863 1451 2878 ὀ
1465 2861 1538 2890 Psal.
1554 2867 1685 2892 Lxxxvtu,
1699 2860 1746 2887 37.
1785 2857 1807 2877 ³¹
1822 2855 1882 2886 Ιιὴύσ
