2035 3214
121 195 149 222 Η
158 195 195 222 73·

650 194 795 223 ECLOGAE
817 193 1060 226 PROPHETICAE.
1080 213 1115 218 —
1133 197 1196 225 LIB.
1219 197 1240 225 ι.

1686 203 1759 230 ΗΠ

121 252 254 287 βασιλέων
281 252 428 289 ἀναστήσει
446 254 461 280 ὁ
481 253 547 285 Θεὸς
567 253 614 279 τοῦ
632 252 746 288 οὖρανοῦ
775 252 913 288 βασιλείαν

965 255 1074 282 illorum
1095 255 1239 283 suscitabit
1255 255 1328 284 Deus
1339 257 1401 284 caeli
1417 258 1532 285 alterum
1553 267 1677 294 regnum,
1690 261 1762 295 quod

121 299 215 335 ἄλλην,
228 299 340 335 ἦτις¹είς
357 301 420 332 τοὺς
427 300 527 332 αίῶνας
538 299 613 326 ἔσται
629 301 676 327 καὶ
688 300 718 326 οὺ
731 300 913 335 φθαρήσεται,

122 345 170 372 καὶ
188 345 257 381 αὕτη
275 346 291 382 ἡ
305 346 426 381 βασιλεία
435 346 498 374 ἄλλο
512 346 587 378 ἔθνος
604 346 634 372 οὐ
655 346 691 382 μὴ
707 346 786 382 ἐάσῃ,
799 345 915 378 πατάξει

120 390 150 417 δὲ
166 391 213 417 καὶ
228 392 353 426 ἀφανίσει
367 391 416 424 τὰς
429 392 575 427 βασιλείας,
592 392 639 418 καὶ
653 391 721 427 αὑτὴ
741 392 867 427 στήσεται
877 393 917 423 εἰς

120 436 166 463 τὸν
179 436 275 468 αἰῶνα,
287 437 412 473 καθάπερ
425 437 550 473 ἑώρακας
560 438 590 470 ἐξ
603 438 682 473 ὅρους
693 437 831 473 τμηθέντα
844 437 917 463 λίθον

121 483 185 510 ἄνευ
194 483 302 519 χειρῶν,
317 484 364 510 καὶ
378 484 525 520 συνηλόησε
537 484 568 510 τὸ
579 484 721 519 ὄστρακον,
734 484 779 510 τὸν
792 483 911 519 σίδηρον,

120 530 168 556 καὶ
184 529 229 556 τὸν
246 529 360 565 χαλκὸν,
375 530 480 557 καὶτὸν
495 531 624 566 ἄργυρον,
643 530 690 557 καὶ
708 530 752 556 τὸν
771 529 883 565 χρυσόν.
906 538 915 554 ι

122 577 180 603 Καὶ
189 576 275 604 ταῦτα
286 578 350 612 περὶ
365 576 416 612 τῆς
435 577 481 603 ἐπὶ
498 577 637 611 συντελείᾳ
653 577 707 603 τῶν
718 576 823 603 αἰώνων
839 585 917 613 γενη-

123 622 242 658 σομένης
257 622 304 649 τοῦ
320 623 439 659 Χριστοῦ
462 623 600 658 βασιλείας
621 622 757 659 δηλοῦται·
776 623 790 650 ό
806 622 861 658 γάρ
876 630 917 649 τοι

123 668 207 701 λίθος,
223 670 236 696 ὁ
249 669 277 702 ἐξ
296 669 376 704 ὅρους
388 669 502 704 τμηθεὶς
521 669 583 697 ἄνευ
602 668 712 705 χειρῶν,
728 668 861 704 σύμϐολον
879 668 912 695 ἂν

122 715 166 750 εἴη
182 714 229 741 τοῦ
243 715 329 749 Λόγου
346 715 392 741 τοῦ
413 715 480 742 Θεοῦ
492 735 499 747 ,
515 715 561 741 καὶ
574 716 602 741 ἐν
622 714 714 745 ἄλλαις
736 713 917 750 προφητείαις

122 761 198 787 λίθου
215 761 496 796 προσαγορευθέντος,
516 761 553 792 ὡς
571 761 616 787 ἐπὶ
632 760 691 792 τοῦ,
709 770 718 786 ι
739 759 804 786 Ἰδοὺ
821 759 917 794 τίθημι

122 808 152 834 ἐν
169 807 238 834 Σιὼν
254 807 325 834 λίθον
341 808 535 843 ἀκρογωνιαῖον
554 807 681 834 ἐκλεκτὸν
700 806 816 842 ἔντιμον·
836 816 844 831 ι
860 805 917 837 καὶ,

124 864 134 880 ι
151 854 230 881 Λίθον
240 854 269 881 ὃν
281 854 485 890 ἀπεδοκίμασαν
502 855 527 880 οἰ
542 853 756 889 οἰκοδομοῦντες,
766 850 843 884 οὗτος
856 852 918 886 ἐγε-

121 898 190 934 νήθη
203 899 242 930 είς
258 898 378 934 κεφαλὴν
394 899 505 933 γωνίας.
523 909 532 925 ›
545 899 644 927 Τοῦτον
659 898 705 926 οὖν
717 907 799 934 φησιν
816 899 830 925 ὁ
847 906 919 933 παρ-

120 943 161 971 ὼν
177 944 253 978 λόγος
283 944 333 976 τὰς
363 944 500 979 βασιλείας
519 944 566 972 τοῦ
581 945 683 980 κόσμου
699 945 746 971 καὶ
762 945 811 977 τὰς
830 943 916 980 ἀρχὰς
932 938 953 966 Β

122 991 169 1018 καὶ
181 991 230 1023 τὰς
241 991 363 1024 ἐξουσίας
378 992 425 1019 καὶ
449 992 512 1024 τοὺς
527 992 750 1028 κοσμοκράτορας
764 991 912 1018 καθελόντα

122 1039 170 1065 καὶ
184 1038 361 1074 συντρίψοντα
379 1038 503 1072 καθέξειν
524 1038 574 1074 τὴν
590 1038 645 1065 τῶν
667 1038 751 1072 ἁγίων
775 1037 912 1073 βασιλείαν

122 1085 163 1117 είς
182 1084 226 1112 τὸν
239 1085 334 1114 αίῶνα.

376 1141 574 1169 ΚΕΦΑΛΑΙΟΝ
593 1142 641 1168 ΜΓ
642 1145 661 1168 ’.

432 1198 487 1225 Τοῦ
500 1198 605 1225 αὐτοῦ.

158 1251 390 1288 Ναϐουχοδονόσορ
403 1253 417 1279 ὁ
428 1252 553 1288 βασιλεὺς
568 1253 631 1284 τοὺς
648 1252 712 1288 περὶ
725 1252 771 1279 τὸν
788 1252 912 1279 ’Δνανίαν

123 1297 163 1328 είς
176 1296 223 1332 τὴν
239 1297 352 1332 κάμινον
370 1298 417 1324 τοῦ
435 1298 520 1334 πυρὸς
535 1297 662 1333 ἐμϐαλὼν
672 1317 679 1330 ,
691 1297 729 1329 ὡς
741 1297 811 1332 ἔγνω
830 1298 912 1333 μηδὲν

123 1343 222 1374 αὐτοὺς
241 1343 292 1369 ὑπὸ
315 1343 362 1370 τοῦ
385 1344 470 1380 πυρὸς
489 1344 684 1380 ἠδικημένους,
709 1344 846 1379 αὐτόπτης
864 1344 911 1371 τοῦ

122 1389 274 1425 παραδόξου
294 1391 447 1427 γενόμενος,
473 1392 530 1423 τοῖς
554 1391 651 1418 ἐαυτοῦ
675 1390 762 1425 φίλοις
794 1390 913 1426 εἰρηκὼς

122 1435 336 1472 ἁναγέγραπται’
357 1447 366 1462 ι
381 1437 448 1472 Οὐχὶ
460 1438 533 1473 τρεῖς
541 1437 640 1473 ἄνδρας
651 1436 784 1472 ὲῦάλομεν
796 1437 824 1463 ἐν
837 1436 913 1472 μέσῳ

121 1481 170 1508 τοῦ
182 1483 282 1517 πυρός;
300 1492 309 1509 ι
335 1483 533 1518 συμφησάντων
551 1483 579 1509 δὲ
602 1482 701 1514 αὐτῶν,
722 1491 731 1508 ι
757 1482 822 1508 Ἰδοὺ
847 1481 912 1516 ἐγὼ,

122 1528 216 1563 φησὶν,
245 1529 299 1564 ὁρῶ
325 1529 567 1564 ἄνδραςτέσσαρας
583 1528 754 1564 λελυμένους,
773 1528 820 1554 καὶ
834 1536 912 1563 περι-

121 1574 276 1606 πατοῦντας
292 1576 320 1602 ἐν
332 1574 371 1609 τῷ
385 1575 468 1611 τὶυρὶ,
485 1575 532 1601 καὶ
549 1573 636 1610 φθορὰ
655 1574 768 1609 οὐδεμία
788 1573 862 1600 ἐστὶν
883 1573 912 1600 ἐν

968 299 999 326 iu-
1020 304 1152 327 :eternum
1177 301 1230 328 erit
1255 304 1283 328 et
1306 309 1361 328 non
1383 301 1573 337 dissipabitur,
1597 309 1624 332 et
1649 313 1764 341 regnum

966 345 1027 376 eius
1043 346 1120 374 alteri
1135 347 1237 382 popqu
1257 354 1312 374 non
1326 348 1469 376 tradetur:
1485 350 1652 378 comminuet
1672 357 1763 380 autem

968 396 994 419 et
1019 398 1163 419 consumet
1183 393 1311 421 universa
1332 402 1415 429 regna
1441 395 1498 422 hate
1517 405 1522 422 :
1540 400 1567 423 et
1591 397 1680 432 ipsum
1704 403 1763 426 sta-

968 437 1007 465 bit
1031 438 1059 465 in
1081 442 1214 466 aeternum
1234 447 1240 466 :
1259 441 1409 467 secundum
1425 441 1498 476 quod
1513 442 1617 475 vidisti,
1634 444 1707 478 quod
1729 445 1763 472 de

969 488 1060 511 monte
1087 484 1228 512 abscissus
1244 488 1286 512 est
1311 486 1380 521 lapis
1405 487 1465 515 sine
1490 488 1630 521 manibus,
1647 494 1674 517 et
1689 498 1764 518 eom-

969 529 1068 557 minuit
1093 533 1203 562 testam,
1221 536 1247 558 et
1265 531 1378 564 ferrum,
1394 537 1421 560 et
1445 541 1494 565 as,
1509 537 1537 561 et
1561 539 1716 570 argentum,
1736 540 1764 564 et

969 581 1066 602 aurum
1084 575 1116 601 “.
1131 585 1140 602 ›
1158 575 1192 603 Et
1211 576 1268 604 hate
1285 577 1318 605 de
1330 577 1432 606 Christi
1450 579 1477 606 in
1497 582 1763 609 consummationem

969 622 1061 650 sa'culi
1077 630 1160 658 regno
1179 623 1345 651 referuntur.
1361 623 1444 660 Lapis
1456 626 1528 653 enim
1541 626 1575 654 de
1591 633 1684 655 monte
1703 628 1762 656 sine

970 668 1096 695 manibus
1119 669 1271 703 abscissus,
1289 670 1443 705 symbolum
1461 676 1535 699 esset
1555 672 1635 700 Verbi
1653 673 1711 704 Dei.
1733 677 1763 701 ut

970 713 997 740 in
1023 714 1084 741 aliis
1104 714 1258 742 ostenditur
1283 715 1434 750 prophetiis
1456 717 1500 744 his
1527 718 1618 746 verbis
1636 728 1642 745 :
1660 728 1669 744 ‹
1692 718 1763 747 Ecce

969 767 1019 795 ego
1034 760 1140 787 mittam
1167 760 1196 787 in
1218 761 1404 789 fundamentis
1433 761 1499 789 Sion
1524 763 1640 798 lapidem
1660 765 1762 799 proha-

969 809 1047 838 tum,
1078 807 1234 841 angularem
1255 808 1293 840 ¹³;
1316 817 1325 833 ν
1352 813 1434 844 atque
1457 818 1465 836 :
1493 819 1501 834 ι
1525 809 1653 845 Lapidem
1681 819 1761 846 quem

970 852 1186 887 reprobaverunt
1209 853 1386 887 aedificantes,
1403 855 1449 882 hic
1473 855 1560 884 factus
1577 861 1619 884 est
1637 857 1664 883 in
1679 862 1762 892 caput

972 899 1064 934 anguli
1082 900 1115 925 ³⁵.
1136 909 1144 925 ι
1171 899 1249 927 Ilunc
1269 901 1341 928 cnim
1368 901 1406 928 ait
1432 909 1552 936 praesens
1575 903 1652 931 locus
1678 911 1761 939 regna

968 945 1075 978 mundi,
1098 945 1281 981 principatus,
1303 950 1454 981 potestates
1474 952 1500 975 ct
1524 948 1618 976 mundi
1641 954 1762 976 rectores

966 995 1132 1020 evertentem
1149 996 1175 1020 et
1193 993 1340 1024 delentem.
1357 998 1514 1022 sanctorum
1528 1003 1641 1031 regnum
1658 995 1685 1023 in
1700 1004 1762 1032 per-

967 1041 1080 1073 petuum
1098 1044 1296 1074 occupaturum
1313 1046 1385 1067 csse.

1252 1127 1367 1156 CAPUT
1394 1127 1486 1157 XLIII.

1282 1184 1323 1211 Ex
1340 1185 1441 1213 eodem.

1002 1240 1256 1269 Nabuchodonosor
1273 1249 1329 1274 rex,
1346 1242 1478 1276 conjectis
1490 1243 1518 1269 in
1532 1242 1670 1272 fornacem
1689 1245 1761 1281 ignis

966 1288 1073 1316 Anania
1091 1289 1206 1324 ejusque
1228 1289 1323 1319 sociis,
1341 1297 1404 1316 cum
1423 1291 1604 1325 comperisset
1630 1299 1678 1319 eos
1699 1292 1761 1327 igne

966 1333 1078 1366 illaesos,
1096 1334 1208 1370 ipseque
1224 1334 1349 1362 miraculi
1363 1330 1442 1363 testis
1457 1343 1518 1363 esse
1530 1336 1674 1369 voluisset,
1692 1338 1762 1364 ami-

966 1381 1007 1408 cis
1032 1380 1091 1408 suis
1119 1380 1223 1408 dixisse
1246 1381 1334 1408 t'ertur
1352 1390 1359 1408 :
1379 1392 1388 1407 ‹
1406 1381 1502 1408 Nonne
1530 1386 1586 1410 tres
1613 1383 1687 1410 viros
1710 1384 1762 1410 Ini-

967 1427 1054 1454 simus
1077 1426 1105 1454 in
1123 1427 1241 1454 medium
1264 1427 1335 1463 ignis
1352 1428 1521 1463 compeditos
1538 1429 1581 1456 ’5?
1601 1439 1609 1455 ι
1629 1429 1678 1456 Cui
1698 1438 1760 1458 cum

966 1473 1012 1501 isti
1034 1473 1249 1508 respondissent,
1274 1482 1338 1501 vere
1348 1474 1400 1502 hoc
1417 1482 1494 1508 esse,
1514 1484 1522 1500 ι
1536 1474 1605 1502 Ecce
1619 1483 1681 1511 ego,
1711 1477 1760 1509 ait,

971 1520 1050 1547 video
1061 1523 1180 1555 quatuor
1196 1521 1270 1548 viros
1285 1521 1389 1549 solutos
1402 1524 1429 1548 et
1439 1521 1612 1549 ambulantes
1627 1522 1653 1549 in
1673 1522 1760 1551 medio

966 1566 1049 1601 ignis,
1058 1572 1085 1593 et
1100 1567 1167 1593 nihil
1179 1567 1364 1602 corruptionis
1374 1567 1401 1594 in
1409 1568 1449 1595 eis
1457 1574 1510 1601 est,
1517 1573 1544 1596 et
1553 1569 1658 1604 species
1669 1570 1759 1605 quarti

121 1622 223 1653 αὐτοῖς,
235 1622 306 1657 καὶὴ
317 1622 411 1658 ὅρασις
419 1621 465 1648 τοῦ
477 1622 608 1657 τετάρτου
617 1621 743 1656 ὁμοίωμα
750 1619 807 1646 υἱοῦ
815 1619 893 1646 Θεοῦ·
901 1629 910 1644 ι

967 1612 1065 1640 similis
1080 1612 1150 1640 Filio
1163 1612 1210 1640 Dei
1226 1613 1260 1639 ".
1277 1623 1285 1638 ι
1304 1612 1456 1642 Hebraicus
1471 1618 1562 1642 textus
1576 1624 1585 1641 ι
1602 1616 1760 1643 similitudi-

119 1667 250 1700 ὡσαύτως
261 1667 290 1694 δέ
305 1668 352 1695 καὶ
367 1668 398 1694 τὸ
415 1667 556 1703 Ἐϐραϊκὺν
571 1676 580 1692 ι
591 1667 716 1702 ὁμοίωμα
736 1665 808 1692 Ὑίοῦ
822 1665 888 1692 Θεοῦ
905 1675 914 1690 ι

123 1714 262 1749 περιέχει,
289 1715 336 1741 καὶ
356 1715 379 1740 οἱ
397 1714 485 1741 λοιποὶ
506 1714 533 1740 δὲ
552 1713 654 1749 ὁμοίως
669 1711 849 1739 ὲκδεδώκασιν
872 1712 918 1747 ἐρ-

124 1760 264 1794 μηνευταί·
276 1759 370 1786 τούτου
382 1760 413 1795 δὴ
425 1758 470 1786 οὖν
486 1758 800 1795 ἒνεκαξέσημειωσάμεθα
815 1758 859 1784 τὸν
874 1758 918 1784 τό-

123 1813 184 1838 πον,
200 1805 236 1837 ὠς
249 1807 295 1833 καὶ
310 1805 434 1833 ἐντεῦθεν
446 1806 647 1842 σημαινομένης
662 1806 713 1842 τῆς
728 1804 774 1832 τοῦ
789 1805 855 1832 Υἱοῦ
866 1804 914 1832 τοῦ

120 1852 189 1879 Θεοῦ
203 1853 398 1889 προσηγορίας.

371 1911 570 1938 ΚΕΦΔᾹΔΙΟΝ
590 1911 656 1938 ΜΔν.

440 1969 496 1996 Τοῦ
509 1968 613 1997 αὐτοῦ.

164 2028 206 2054 Ἑν
221 2029 277 2060 τοῖς
289 2027 424 2064 δράμασιν
437 2027 451 2053 ὁ
462 2027 561 2063 Δανιήλ
576 2035 669 2061 φησιν·
686 2035 697 2052 ι
722 2025 871 2061 Ἐθεώρουν
885 2026 914 2052 ἐν

119 2074 294 2110 όράματιτῆς
307 2073 414 2107 νυκτὸς,
428 2073 475 2100 καὶ
487 2073 552 2105 ἰδοὺ,
566 2073 611 2099 ἐπὶ
623 2072 677 2099 τῶν
689 2072 808 2107 νεφελῶν
816 2071 862 2098 τοῦ
869 2072 914 2098 οὐ·

121 2120 202 2155 ρανοῦ
218 2120 255 2153 ὡς
267 2121 331 2152 Υἱὸς
348 2120 490 2157 ἀνθρώπου
506 2120 652 2156 ἐρχόμενος
668 2119 715 2145 καὶ
730 2119 783 2150 ἐως
797 2117 843 2145 τοῦ
857 2118 914 2144 [Ια-

118 2165 196 2193 λαιοῦ
212 2165 266 2192 τῶν
281 2165 391 2201 ἡμερῶν
409 2161 509 2199 ἔφθασε
522 2185 529 2198 ,
553 2165 600 2192 καὶ
622 2163 795 2200 προσηνέχθη
816 2163 890 2198 αὺτῷ
903 2183 911 2196 ,

117 2212 168 2239 καὶ
182 2211 258 2246 ἐδόθη
273 2211 346 2246 αὐτῷ
360 2213 377 2247 ἡ
388 2211 497 2244 ἐξουσία
514 2211 585 2246 καὶὴ
597 2210 663 2246 τιμὴ
680 2210 729 2237 καὶ
741 2210 757 2245 ἡ
775 2209 908 2244 βασιλεία·

117 2259 168 2286 καὶ
188 2257 289 2289 πάντες
313 2259 337 2284 οἱ
361 2259 438 2291 λαοὶ,
456 2258 555 2293 φυλαὶ,
581 2258 704 2293 γλῶσσαι
723 2257 910 2284 δουλεύσουσιν

969 1666 1030 1686 nem
1042 1657 1104 1686 Filii
1120 1658 1167 1686 Dei
1180 1669 1188 1685 ι
1199 1659 1260 1692 fert,
1273 1659 1373 1695 aliique
1386 1660 1512 1688 similiter
1521 1662 1665 1689 ediderunt
1674 1662 1760 1691 inter-

967 1708 1068 1740 pretes.
1086 1705 1192 1732 Idcirco
1218 1705 1290 1732 hunc
1306 1706 1462 1735 notavimus
1477 1707 1579 1740 locum,
1596 1712 1690 1744 utpote
1713 1709 1759 1737 hic

968 1750 1110 1787 designata
1130 1750 1192 1778 Filii
1212 1751 1260 1779 Dei
1277 1751 1508 1781 denominatione.

1244 1906 1358 1934 CAPUT
1379 1906 1472 1934 XLIV.

1265 1963 1307 1991 Ex
1323 1964 1423 1991 eodem.

999 2021 1029 2048 ln
1051 2021 1203 2050 visionibus
1231 2022 1324 2050 Daniel
1354 2022 1420 2050 dicit
1449 2032 1456 2049 :
1490 2031 1499 2048 ε
1521 2021 1694 2058 Aspiciebam
1727 2024 1756 2053 in

963 2067 1070 2096 visione
1090 2068 1197 2100 noctis.
1217 2072 1244 2095 et
1271 2075 1336 2095 ecce
1357 2075 1419 2095 cum
1451 2068 1570 2096 nubibus
1589 2069 1651 2096 coeli
1675 2070 1755 2104 quasi

963 2113 1049 2141 Filius
1065 2111 1182 2141 hominis
1196 2114 1331 2146 veniebat,
1346 2118 1372 2142 et
1383 2121 1470 2149 usque
1487 2115 1519 2142 ad
1534 2114 1684 2150 Antiquum
1698 2116 1757 2144 die-

963 2167 1023 2187 rum
1045 2160 1169 2194 pervenit
1201 2169 1207 2187 :
1234 2164 1262 2187 et
1284 2161 1312 2187 in
1337 2164 1485 2196 conspectu
1512 2161 1573 2195 ejus
1596 2161 1757 2189 obtulerunt

961 2214 1034 2235 eum.
1045 2207 1077 2233 Et
1088 2206 1161 2234 dedit
1172 2206 1195 2233 ei
1209 2210 1381 2242 potestatem,
1393 2213 1419 2234 et
1431 2207 1575 2239 honorem,
1585 2211 1612 2235 et
1623 2215 1737 2243 regnum
1748 2218 1753 2235 :

961 2257 988 2281 et
1003 2261 1098 2281 omnes
1113 2254 1216 2288 populi,
1243 2253 1342 2285 tribus,
1365 2258 1391 2280 et
1415 2254 1514 2289 linguae
1531 2254 1581 2289 ipsi
1609 2255 1730 2282 servient
1747 2263 1753 2281 :

116 2303 203 2339 αὐτῷ·
213 2305 229 2338 ἡ
245 2302 353 2335 ἐξουσία
364 2304 457 2337 αὑτοῦ,
467 2305 577 2337 ἐξουσία
588 2304 706 2335 αἰώνιος,
718 2304 780 2339 ἥτις
793 2303 823 2330 οὐ
839 2311 911 2339 παρ-

965 2303 1085 2334 potestas
1097 2299 1169 2334 ejus.
1187 2303 1310 2333 potestas
1322 2302 1434 2332 aeterna,
1448 2307 1508 2334 quae
1521 2307 1575 2326 non
1591 2299 1731 2334 auferetur
1746 2309 1752 2325 ε

117 2351 260 2378 ελεύσεται
269 2359 275 2365 ·
293 2350 339 2377 καί
353 2351 370 2386 ὴ
391 2350 513 2384 βασιλεία
526 2351 607 2378 αὑτοῦ
621 2352 651 2378 οὐ
663 2351 906 2386 διαφθαρήσεται.»

117 2396 231 2433 Συνᾴδει
247 2395 333 2423 ταῦτα
347 2397 380 2431 τῇ
398 2395 444 2422 τοῦ
462 2396 543 2423 αὑτοῦ
556 2397 652 2431 Δανιὴλ
670 2397 824 2432 προφητείᾳ
843 2405 910 2432 προ-

118 2441 285 2478 θεσπιζούσῃ
298 2441 362 2477 περὶ
374 2441 423 2476 τῆς
434 2440 480 2467 τοῦ
491 2442 608 2476 Χριστοῦ
625 2442 761 2477 βασιλείας
777 2442 849 2469 κατὰ
862 2442 908 2469 τὸν

117 2488 193 2516 λίθον
206 2488 251 2515 τὸν
261 2487 456 2523 ἀποτμηθέντα
469 2487 499 2520 ἐξ
511 2488 590 2523 ὅρους
602 2489 666 2516 ἄνευ
682 2489 789 2525 χειρῶνι
799 2490 841 2521 τίς
854 2489 908 2525 γὰρ

118 2535 154 2562 ἂν
169 2534 265 2569 ἄλλος,
285 2536 300 2561 ό
324 2534 362 2566 ὡς
378 2534 442 2566 Υἱὸς
463 2533 606 2569 ἀνθρώπου
625 2535 770 2570 ἐρχόμενος
793 2534 838 2562 ἐπὶ
855 2535 908 2562 τῶν

117 2581 249 2616 νεφελῶν,
261 2581 308 2608 καὶ
323 2582 375 2614 ἕως
393 2581 441 2608 τοῦ
456 2580 576 2608 Παλαιοῦ
595 2581 649 2608 τῶν
662 2581 774 2616 ἡμερῶν
789 2581 907 2616 φθάνων,

117 2626 161 2661 εἴη
188 2625 205 2661 ἦ
229 2626 243 2652 ό
271 2625 356 2653 εἰπὼν
382 2625 485 2661 Κύριος
516 2624 594 2660 ὴμῶν
617 2624 720 2660 Ἰησοῦς
744 2625 872 2660 Χριστὸς,
893 2626 907 2651 ὁ

116 2671 151 2698 δι’
166 2670 242 2706 ἡμᾶς
262 2671 368 2707 μορφὴν
382 2670 476 2697 δούλου
495 2669 602 2702 λαϐὼν,
623 2670 669 2696 καὶ
686 2670 743 2701 υἱὸς
761 2669 904 2706 ἀνθρώπου

117 2716 273 2752 γενόμενος,
293 2726 302 2742 ι
328 2717 375 2743 Ἐκ
392 2715 438 2742 τοῦ
455 2715 561 2751 Πατρὸς
575 2715 695 2751 ἐξῆλθον,
714 2715 761 2742 καὶ
777 2716 844 2751 πρὸς
859 2716 905 2742 τὸν

115 2763 184 2790 Θεὸν
205 2763 317 2796 eam»;
334 2772 343 2789 ›
361 2762 390 2794 ὃς
408 2763 455 2789 καὶ
473 2762 612 2798 παρόντων
629 2762 682 2789 τῶν
699 2762 795 2788 ἐαυτοῦ
815 2762 903 2797 μαθη-

115 2808 182 2841 τῶν,
201 2818 209 2834 ι
222 2809 372 2844 βλεπόντων
385 2809 484 2841 αὐτῶν,
501 2808 617 2844 ἐπήρθη,
636 2808 683 2835 καὶ
694 2808 792 2844 νεφέλη
804 2808 904 2835 ὑπέλα-

154 2888 177 2904 "
195 2887 262 2915 Dan.
282 2895 313 2919 ιι.
332 2887 377 2918 Η,
393 2887 438 2914 45.
495 2886 518 2902 ’⁵
539 2885 590 2913 Isa.
608 2893 705 2917 xxvm.
725 2885 767 2913 16.

111 2932 154 2962 vn
167 2943 176 2957 ,
201 2923 249 2956 l5.
276 2923 318 2950 Η.
356 2923 378 2938 ³⁸
398 2921 477 2950 Joan.
491 2929 550 2955 xui,
563 2921 590 2949 3.
629 2922 650 2937 "
664 2921 725 2950 Act.
743 2930 761 2955 ι,
780 2924 803 2949 9.

824 2885 846 2901 "
863 2884 932 2914 I-‘saI.
950 2893 1034 2913 cxvu.
1046 2885 1091 2912 2‘2.

963 2349 990 2372 et
1007 2353 1120 2380 regnum
1140 2344 1200 2379 ejus
1215 2345 1287 2380 quod
1310 2353 1365 2372 non
1382 2349 1574 2380 corrumpetur
1590 2346 1636 2371 '7'.
1654 2355 1663 2371 ›
1683 2345 1755 2372 ϐοη-

963 2391 1085 2418 sentiunt
1105 2390 1162 2417 haec
1177 2398 1239 2418 cum
1257 2390 1380 2425 ejusdem
1406 2390 1526 2418 Danielis
1553 2390 1694 2425 prophetia
1720 2389 1754 2417 de

962 2437 1063 2464 Christi
1079 2444 1163 2471 regno
1177 2437 1378 2472 pratnuntiante
1397 2445 1444 2472 per
1465 2436 1582 2471 lapidem
1604 2436 1638 2463 de
1660 2439 1754 2463 monte

962 2483 1021 2511 sine
1049 2483 1175 2510 manibus
1203 2483 1368 2511 abscissum.
1389 2482 1456 2517 Quis
1478 2482 1550 2510 enim
1576 2481 1658 2514 alius,
1674 2481 1752 2516 quasi

961 2529 1047 2556 Filius
1062 2529 1183 2556 hominis
1195 2536 1256 2556 cum
1272 2529 1392 2556 nubibus
1407 2527 1469 2555 cmli
1485 2527 1609 2558 veniens,
1623 2531 1650 2553 et
1665 2533 1753 2561 usque

961 2576 994 2603 ad
1004 2576 1151 2610 Antiquum
1163 2575 1268 2602 dierum
1282 2574 1446 2610 perveniens
1458 2578 1541 2604 esset,
1553 2573 1608 2600 nisi
1619 2571 1752 2599 Dominus

961 2628 1055 2651 noster
1069 2622 1150 2651 Jesus
1167 2622 1305 2653 Christus,
1332 2626 1443 2657 propter
1459 2628 1510 2648 nos
1540 2620 1654 2647 formam
1680 2619 1751 2646 servi

960 2669 1107 2705 accipiens.
1125 2673 1152 2696 et
1173 2668 1245 2696 ﬁlius
1269 2668 1388 2695 hominis
1406 2667 1496 2694 factus
1513 2666 1662 2701 dicensque
1678 2675 1684 2692 :
1705 2674 1713 2690 ι
1730 2665 1752 2691 Λ

960 2716 1015 2744 Deo
1042 2715 1112 2743 exivi
1135 2719 1162 2742 et
1181 2714 1213 2741 ad
1240 2713 1324 2740 Deum
1349 2713 1418 2740 vado
1435 2713 1501 2739 ‘3?)
1524 2712 1577 2745 Qui
1605 2716 1632 2739 et
1659 2718 1751 2738 coram

957 2761 1100 2797 discipulis
1121 2761 1178 2788 suis
1197 2769 1203 2787 :
1225 2769 1234 2785 ‹
1255 2759 1419 2787 Viclentibus
1438 2758 1503 2790 illis,
1520 2759 1642 2785 elevatus
1660 2762 1711 2787 est,
1725 2760 1752 2783 ct

958 2808 1045 2835 nubes
1071 2806 1192 2842 suscepit
1213 2813 1276 2833 eum
1294 2806 1326 2833 ".
1350 2805 1506 2841 )‘Cumque
1532 2804 1704 2831 intuerentur
1724 2804 1752 2830 in

1149 2885 1170 2900 ³⁸
1185 2883 1253 2911 Dan.
1272 2882 1374 2926 I'II,_9I.
1415 2883 1436 2898 ’⁷
1454 2881 1520 2909 ibid.
1546 2881 1590 2909 92.
1629 2882 1663 2902 ‘7‘
1682 2880 1752 2910 Itan.
