2035 3214
149 202 218 229 “77

626 199 770 228 ECLOGA;
798 196 1036 226 PROPHETJCIE.
1056 210 1094 215 —
1111 194 1172 222 LIB.
1195 194 1238 222 Ill.

1693 193 1762 221 1178

147 260 195 286 καὶ
207 258 347 296 παράδοξα
364 258 487 293 σημαίνει
497 266 504 273 '
519 257 566 285 νῦν
579 254 651 284 δ’·ὧν
663 258 741 293 χρεία
755 257 818 293 περί
829 265 856 282 τε
871 256 931 287 τοὺς

984 254 1041 280 tial.
1060 253 1136 280 Nunc
1157 253 1239 288 igitur
1253 251 1286 279 de
1308 251 1486 286 temporibus.
1503 251 1638 287 rebusque
1653 259 1713 288 quin
1726 251 1762 280 ad

147 304 258 340 χρόνους
275 305 321 331 καὶ
338 304 370 330 τὰ
386 303 490 334 τούτοις
505 303 673 329 συντείνοντα
689 303 734 329 τὸν
754 303 831 336 λόγον
853 310 931 337 ποιη-

148 349 261 384 σόμεθα.
276 349 336 375 Ὅτι
355 349 402 383 μὲν
420 347 466 374 οὖν
485 349 610 384 περὶτῆς
626 347 671 375 τοῦ
689 348 806 383 Χριστοῦ
828 355 931 384 παρου-

149 396 209 426 σίας
223 394 329 429 λέγεται
342 395 427 421 ταῦτα
443 395 510 429 μετὰ
523 394 671 429 ἑϐδομάδας
686 398 706 420 o'
719 394 857 429 μέλλοντος
870 395 930 420 ἑπι-

148 441 300 476 φαίνεσθαι,
314 441 405 476 δῆλον’
419 441 464 467 ἐπὶ
478 441 532 476 γὰρ
542 440 589 467 τοῦ
605 441 728 476 Σωτῆρος
740 440 756 476 ἧ
773 441 826 467 ἀπὸ
836 441 930 467 τούτου

146 488 181 514 τὰ
198 486 406 522 παραπτώματα
425 485 594 517 παλαιοῦται,
618 486 664 512 καὶ
680 486 707 512 αἱ
722 486 854 521 ἁμαρτίαι
870 495 931 512 συν⁹

146 532 286 560 τελοῦνται
305 532 347 558 διὰ
363 532 412 568 τὴν
431 533 541 566 ἄφεσιν,
559 532 589 558 αἵ
611 540 641 558 τε
663 532 771 567 ἀνομίαι
795 532 931 567 ὲξιλασμῷ

148 578 217 613 μετὰ
227 577 280 604 τῶν
289 577 401 604 ἀδικιῶν
411 578 614 612 ἁπαλείφονται,
621 578 774 613 δικαιοσύνη
786 586 815 604 τε
825 578 931 610 αίὼνιος

146 623 358 658 καταγγέλλεται
373 624 468 659 (παρὰ)
483 624 531 659 τὴν
551 625 583 650 ὲκ
602 624 695 658 νόμου,
713 624 822 658 ὁράσεις
837 632 866 649 τε
884 625 931 650 καὶ

150 671 308 705 προφητεῖαι
326 671 421 705 μέχρις
446 669 582 696 Ἰωάννου·
600 670 704 705 χρίεται
720 669 812 703 Ἄγιος
831 670 929 703 ἁγίων·

148 715 200 751 πρὸ
213 714 266 750 γὰρ
278 715 327 749 τῆς
342 715 387 741 τοῦ
400 714 525 749 Σωτῆρος
543 714 691 750 παρουσίας
702 714 751 740 οὑκ
767 714 830 740 ὅντα
846 714 933 741 ταῦτα

149 761 328 796 προσεδοκᾶτο
360 760 448 796 μόνον.
474 760 624 795 Ἀρξασθαι
650 760 683 796 δὴ
710 760 763 787 τῶν
791 760 930 796 ἀριθμῶν,

150 806 218 834 τοῦτ’
240 806 296 833 ἐστι
319 807 372 833 τῶν
399 810 419 832 ο¹
452 806 621 841 ἑϐδομάδων,
647 805 664 832 ἆ
681 807 753 832 ἐστιν
778 806 824 841 ἔτη
847 808 898 839 UL],
917 807 931 832 6

147 853 260 888 ἅγγελος
281 852 437 880 ὑποτίθεται
453 862 461 878 ‹
474 853 527 880 ἀπὸ
549 852 637 884 ἐξόδου
659 852 737 887 λόγου
756 853 802 879 τοῦ
817 853 932 888 ἀποκρι-

147 899 225 935 θῆναι
240 899 286 925 καὶ
301 898 349 925 τοῦ
364 899 536 934 οἰκοδομῆσαι
557 898 745 934 Ἰερουσαλήμ·
762 909 770 924 ι
789 898 887 934 συνέϐη
903 898 931 925 δὲ

150 944 231 971 ταῦτα
241 945 285 970 ἐπὶ
304 944 479 979 Ἀρταξέρξου
491 943 603 980 Περσῶν
615 943 800 979 βασιλεύοντος
814 944 929 979 εἰκοστῷ

147 999 211 1017 ετει.
226 990 344 1026 Νεεμίας
361 990 415 1025 γὰρ
431 991 444 1016 ὀ
460 990 552 1016 τούτου
569 990 685 1024 οἰνοχόος
698 989 802 1025 δεηθεὶς
817 989 930 1025 ἀποκρί-

147 1035 217 1067 σεὼς
232 1045 260 1062 τε
270 1036 362 1071 ἔτυχεν
374 1035 583 1071 οἰκοδομηθῆναι
598 1035 782 1071 Ἰερουσαλὴμ,
793 1035 840 1062 καὶ
852 1035 930 1069 λόγος

148 1082 256 1117 ἐξῆλθεν
273 1081 389 1108 κελεύων
402 1082 502 1108 ταῦτα·
523 1082 602 1117 μέχρι
618 1082 671 1117 γὰρ
684 1082 786 1108 ἐκείνου
803 1081 848 1107 τοῦ
864 1081 928 1117 χρό-

148 1137 194 1155 νου
209 1129 224 1163 ἡ
241 1128 317 1160 πόλις
336 1129 474 1164 ἠρήμωτο.
495 1127 585 1162 Κύρου
599 1127 653 1164 γὰρ
671 1127 739 1162 μετὰ
752 1128 800 1162 τὴν
815 1127 930 1163 ἑϐδομη-

147 1173 304 1200 κονταετίαν
314 1173 364 1207 τῆς
374 1173 560 1208 αἰχμαλωσίας
572 1173 623 1199 τῶν
637 1173 803 1208 βουλομένων
817 1174 929 1203 ἕκαστον

146 1220 301 1246 ὲκουσιαστὶ
317 1219 561 1254 καταπέμψαντος,
575 1221 600 1246 ot
618 1220 686 1254 μετὰ
707 1219 792 1254 Ἰησοῦ
817 1220 859 1246 τοῦ
880 1229 928 1255 με-

147 1265 230 1300 γάλου
246 1265 339 1301 ίερέως
352 1266 398 1292 καὶ
411 1265 561 1301 Ζοροϐάϐελ
580 1265 765 1297 κατελθόντες,
786 1255 832 1292 καὶ
844 1267 868 1292 oi
884 1267 930 1293 ἐπὶ

146 1312 250 1343 τούτοις
260 1312 317 1348 ἅμα
330 1312 426 1347 Ἐζρᾳ,
440 1312 484 1338 τὸν
496 1311 563 1337 νεὼν
575 1312 723 1346 οἰκοδομεῖν
737 1311 883 1338 ἐκωλύοντο
895 1312 930 1338 τὰ

146 1357 253 1394 πρῶτα,
268 1359 314 1384 καὶ
327 1359 414 1393 τεῖχος
428 1359 461 1393 τῇ
476 1357 550 1384 πόλει
566 1357 732 1393 περιϐαλεῖν,
748 1357 784 1389 ὡς
803 1358 832 1384 οὐ
850 1366 929 1384 κεκε-

146 1404 294 1439 λευσμένον
319 1403 423 1430 τούτου.
445 1403 569 1438 Ἕμεινεν
594 1401 640 1430 οὖν
663 1404 714 1434 ἕως
741 1404 858 1438 Νεεμίου
884 1405 930 1430 καὶ

147 1450 285 1486 βασιλείας
307 1449 482 1486 Ἀρταξέρξου
494 1449 673 1481 εἰκοσαετοῦς,
688 1449 800 1485 Περσῶν
817 1449 844 1476 δὲ
865 1451 930 1485 ἠγε-

148 1495 243 1530 μονιας
267 1494 497 1529 πεντεκαιδεκάτῳ
520 1495 566 1520 καὶ
592 1493 739 1528 ἑκατοστῷ,
750 1493 804 1520 ἀπὸ
828 1494 856 1520 δὲ
880 1494 930 1528 τῆς

146 1540 272 1572 ἁλώσεως
292 1540 466 1576 Ἰερουσαλὴμ
491 1539 548 1575 ρπε¹
571 1539 634 1574 ἕτη-
652 1540 698 1566 καὶ
718 1539 778 1566 τότε
805 1539 929 1574 βασιλεὺς

153 1585 332 1622 Ἀρταξέρξης
359 1586 498 1612 ἐκέλευσεν
522 1585 730 1621 οἰκοδομηθῆναι
761 1586 809 1620 τὴν
834 1585 928 1615 πόλιν,
943 1604 964 1633 C

147 1631 268 1667 Νεεμίας
281 1640 310 1658 τε
331 1631 534 1666 καταπεμφθείς
552 1631 598 1658 τοῦ
615 1631 694 1666 ἔργου
717 1631 849 1667 προέστη,
869 1632 885 1666 ἡ
901 1631 929 1657 δὲ

146 1678 274 1714 οίκοδομὴ
290 1678 403 1704 πλατεία
420 1677 466 1703 καὶ
481 1677 544 1712 περὶ
562 1678 659 1711 τεῖχος,
673 1676 710 1707 ὡς
724 1676 911 1711 προεφητεύθη
922 1685 928 1692 ·

148 1724 274 1751 κάκεῖθεν
289 1724 448 1759 ἀριθμοῦσιν
462 1724 526 1759 ἡμῖν
544 1726 564 1749 ο¹
584 1721 729 1757 ἑϐδομάδες
742 1722 781 1753 είς
796 1722 841 1748 τὸν
864 1723 931 1758 Χρι-

149 1770 211 1798 στὸν
226 1770 421 1797 συντελοῦνται.

184 1828 216 1854 Εἰ
230 1827 283 1863 γὰρ
294 1827 402 1855 ἄλλοθέν
418 1826 499 1853 ποθεν
514 1826 640 1862 ἀριθμεῖν
655 1825 807 1862 ὰρξαίμεθα
824 1826 871 1853 καὶ
883 1826 932 1852 οὐκ

149 1873 282 1903 ἐντεῦθεν,
300 1872 361 1899 οὔτε
387 1873 401 1898 ὁ
421 1873 515 1908 χρόνος
539 1872 738 1907 συνδραμεῐται,
757 1872 803 1898 καὶ
820 1872 932 1898 πλεῖστα

148 1918 237 1945 ἄτοπα
256 1918 424 1952 ἀπαντήσει·
447 1917 493 1944 ὲάν
511 1925 539 1942 τε
562 1917 614 1952 γὰρ
639 1917 693 1943 ἀπὺ
709 1916 799 1952 Κύρου
819 1917 866 1942 καὶ
883 1917 933 1951 τῆς

150 1962 261 1998 πρώτης
288 1962 472 1997 καταπομπῆς
497 1962 546 1998 τὴν
572 1962 657 1998 ἀρχὴν
686 1961 860 1997 ποιησώμεθα
883 1962 932 1997 τῆς

148 2009 322 2044 ἀριθμήσεως
345 2008 398 2034 τῶν
416 2012 436 2035 ο¹
459 2007 611 2043 ἑϐδομάδων
624 2028 631 2040 ,
653 2008 699 2043 ἔτη
719 2012 741 2044 ρ’
759 2009 805 2034 καὶ
822 2009 932 2044 προσέτι

150 2055 315 2090 περισσεύει,
331 2055 430 2082 πλείων
444 2055 471 2081 δὲ
489 2055 593 2090 χρόνος,
611 2057 635 2082 εί
652 2056 697 2090 ἀφ’
716 2053 749 2090 ἦς
765 2055 872 2090 ἡμέρας
894 2055 932 2090 τῷ

149 2101 248 2136 Δανιὴλ
260 2102 273 2128 ό
290 2102 402 2136 ἄγγελος
413 2102 623 2137 προεφήτευσεν,
637 2100 725 2136 πολλῷ
737 2101 764 2127 δὲ
781 2100 891 2132 πλείων,
908 2101 932 2126 εἰ

149 2146 197 2172 ἀπ’
217 2146 303 2181 ἀρχῆς
328 2146 377 2182 τῆς
401 2146 601 2182 αἰχμαλωσίας·
619 2146 780 2182 εὑρίσκομεν
796 2145 860 2182 ’γὰρ
884 2146 932 2181 τὴν

149 2192 262 2227 Περσῶν
276 2193 410 2226 βασιλείαν
421 2193 507 2219 ἔτεσιν
524 2191 560 2219 σλ¹
578 2192 828 2229 περιγραφομένην,
843 2192 891 2226 τήν
902 2199 931 2217 τε

149 2236 311 2264 Μακεδόνων
324 2238 363 2268 εἰς
381 2237 427 2272 ἔτη
443 2237 463 2263 τ’
478 2238 689 2273 παρατείνασαν,
704 2236 830 2264 κάκεῖθεν
843 2237 888 2263 ἐπὶ
902 2235 932 2262 τὸ

980 308 1011 328 ea
1029 300 1163 335 pertinent
1176 304 1308 334 tempora,
1325 298 1404 326 nobis
1417 298 1606 325 disserendum
1618 304 1671 326 est.
1682 298 1763 332 Quod

981 346 1090 381 quidem
1105 346 1139 373 de
1153 345 1254 372 Christi
1271 345 1388 372 adventu
1405 345 1461 371 haec
1475 344 1604 371 dicuntur
1621 349 1682 379 post
1697 345 1764 372 heb-

981 393 1111 420 domades
1126 400 1176 418 Lxx
1192 391 1309 423 venturi,
1328 396 1450 426 apertum
1467 397 1518 418 est.
1541 391 1645 418 Etenim
1666 399 1681 418 a
1703 390 1763 418 Sal-

981 439 1083 466 vatoris
1103 442 1224 473 tempore
1249 439 1450 466 inveterascunt
1467 437 1714 472 przvaricationes,
1731 437 1763 464 ﬁ—

981 491 1041 512 nem
1062 484 1199 518 accipiunt
1215 491 1262 518 per
1273 483 1486 517 redemptionem
1504 488 1625 517 peccata,
1637 482 1761 510 delentur

980 529 1182 565 propitiationis
1207 529 1342 557 sacriﬁcio
1368 529 1524 562 iniquitates
1547 535 1610 554 eum
1635 527 1763 563 praevari-

981 575 1145 606 cationibus,
1162 579 1187 602 et
1203 582 1251 609 pro
1272 574 1339 608 legis
1351 574 1457 608 justitia
1475 574 1639 608 sempiterna
1655 581 1763 600 annun-

981 621 1064 648 tiatur
1074 621 1192 656 justitia,
1214 621 1332 647 visiones
1344 620 1449 647 scilicet
1463 623 1490 646 ct
1507 620 1655 654 prophetia:
1675 628 1763 654 usque

981 667 1015 694 ad
1040 666 1189 698 Joannem;
1212 666 1323 701 ungitur
1350 665 1466 692 Sanctus
1494 669 1661 693 sanctorum.
1693 667 1764 694 Ante

980 714 1051 739 enim
1066 712 1216 739 Salvatoris
1233 712 1448 738 incarnationem
1463 711 1519 737 lucc.
1533 711 1652 738 nonduin
1672 716 1761 744 erant,

982 755 1169 783 tantummodo
1183 754 1422 789 exspectabantur.
1437 753 1576 780 Annorum
1594 755 1764 789 supputatio-

980 810 1053 834 nem,
1068 810 1121 829 Lxx
1138 801 1241 829 scilicet
1260 799 1452 832 liebdoniades,
1467 808 1514 828 seu
1534 807 1600 827 cnxc
1616 808 1713 832 annos,
1725 801 1765 828 in-

981 848 1047 883 cipit
1063 848 1175 883 angelus
1189 857 1198 873 ι
1215 848 1249 875 ab
1265 847 1337 875 exitu
1359 846 1505 878 sermonis,
1522 850 1550 873 ut
1566 846 1664 873 iterum
1679 846 1764 874 aediﬁ-

982 899 1058 922 cetur
1071 894 1232 922 Jerusalem.
1250 904 1259 919 ι
1277 893 1433 920 Evenerunt
1448 892 1505 920 haec
1526 893 1683 920 Artaxerxis
1698 893 1764 921 Per-

981 948 1072 969 sarum
1094 940 1163 976 regis
1185 947 1256 967 anno
1276 940 1415 966 vicesimo.
1441 938 1584 966 Nehemias
1607 940 1689 971 enim,
1704 940 1763 974 ejus

980 987 1121 1021 pincerna,
1135 990 1262 1021 precatus
1275 993 1435 1020 responsum
1451 987 1556 1020 accepit
1573 990 1601 1012 ut
1615 987 1765 1015 aediﬁcare-

980 1038 1025 1060 tur
1047 1028 1209 1065 Jerusalem,
1235 1037 1262 1060 et
1282 1033 1365 1060 exivit
1390 1039 1481 1059 sermo
1499 1031 1555 1058 haec
1585 1032 1763 1067 prmeipiens;

979 1080 1079 1108 etenim
1096 1088 1183 1115 usque
1196 1079 1229 1106 ad
1247 1079 1298 1106 hoc
1316 1079 1445 1114 temporis
1459 1079 1526 1106 urbs
1543 1080 1649 1106 deScrta
1663 1080 1761 1108 fuerat.

979 1126 1051 1162 Cyro
1065 1131 1125 1161 pust
1145 1126 1316 1161 septuaginta
1339 1126 1502 1160 captivitatis
1525 1133 1611 1153 annos
1626 1126 1763 1161 quoslibet

980 1177 1077 1207 sponte
1094 1173 1260 1204 remittente,
1278 1172 1323 1198 alii
1339 1179 1401 1198 cum
1418 1170 1482 1198 Jcsu
1499 1180 1606 1198 summo
1621 1172 1763 1200 sacerdote

980 1223 1006 1246 et
1019 1218 1167 1245 Zorobabel
1183 1218 1308 1253 profecti,
1324 1218 1368 1244 alii
1383 1217 1481 1244 deinde
1499 1225 1560 1244 cum
1581 1217 1676 1251 Esdra,
1695 1221 1763 1245 tem-

981 1266 1053 1300 plum
1080 1265 1226 1300 quominus
1251 1256 1426 1294 :ediﬁcarcnt,
1451 1263 1641 1298 moenibusque
1669 1264 1763 1291 urbem

980 1312 1130 1346 cingerent,
1157 1311 1245 1345 primo
1272 1310 1501 1345 impediebantur,
1528 1310 1606 1344 quasi
1635 1309 1686 1336 hoc
1709 1318 1762 1336 non

979 1358 1122 1392 imperato.
1141 1356 1334 1391 Exspectatum
1363 1361 1404 1382 est
1422 1355 1504 1390 igitur
1519 1363 1604 1390 usque
1619 1355 1652 1382 ad
1676 1353 1764 1382 Nelie-

980 1403 1072 1434 miam,
1084 1402 1294 1436 Artaxerxisquc
1309 1401 1381 1435 regni
1400 1400 1558 1427 vicesimum
1573 1408 1683 1432 annum,
1700 1399 1765 1427 Per-

979 1457 1071 1482 sarum
1082 1452 1172 1475 autem
1188 1448 1291 1483 imperii
1307 1447 1431 1482 quintum
1450 1446 1584 1473 decimum
1605 1450 1632 1473 et
1646 1446 1763 1473 centesi-

980 1502 1065 1526 mum,
1080 1501 1184 1521 caxxxv
1199 1494 1231 1520 ab
1246 1497 1399 1528 oppugnata
1415 1491 1564 1519 Jerusalem
1585 1492 1673 1519 anuis.
1688 1491 1764 1518 Tunc

981 1547 1026 1566 rex
1037 1539 1200 1566 Artaxerxes
1212 1538 1304 1565 urbem
1316 1537 1441 1565 aediﬁcari
1449 1537 1541 1572 jussit,
1552 1538 1706 1573 missusque
1717 1537 1766 1565 Ne-

981 1585 1083 1612 hemias
1103 1585 1148 1619 qui
1173 1585 1247 1619 operi
1264 1588 1409 1619 praeesset;
1427 1584 1489 1611 ideo
1502 1584 1633 1612 aediﬁcata
1650 1589 1691 1611 est
1706 1584 1765 1618 pla-

980 1637 1033 1662 tea,
1051 1631 1204 1664 mmniaque
1219 1632 1321 1656 circum
1346 1629 1442 1655 educta
1459 1635 1532 1661 sunt,
1548 1629 1626 1663 juxta
1646 1630 1762 1664 prophe-

981 1673 1045 1698 tiam
1061 1681 1067 1701 :
1082 1680 1115 1699 ex
1137 1680 1191 1706 quo
1210 1672 1289 1699 nobis
1310 1671 1343 1699 ad
1358 1671 1496 1699 Christum
1516 1680 1568 1699 Lxx
1584 1672 1765 1700 hebdomades

981 1723 1045 1745 ειιιιι
1061 1718 1246 1745 numeranda;

1018 1818 1047 1846 Si
1062 1818 1133 1845 enim
1150 1818 1227 1845 aliter
1250 1826 1395 1845 numerare
1417 1819 1609 1853 inceperimus,
1626 1827 1676 1846 nec
1693 1823 1764 1847 tem-

983 1872 1033 1899 pus
1060 1864 1201 1899 congruit,
1232 1865 1362 1899 pluraque
1387 1865 1575 1898 intempestive
1603 1869 1762 1893 occurrunt.

982 1910 1048 1936 Nam
1064 1912 1087 1937 si
1099 1916 1114 1935 a
1130 1910 1200 1944 Cyro
1213 1910 1353 1944 primaque
1370 1909 1530 1936 dimissione
1550 1917 1604 1936 Lxx
1620 1910 1765 1937 hebdoma-

983 1957 1047 1983 dum
1078 1964 1219 1982 numerum
1253 1959 1401 1990 supputare
1421 1955 1624 1989 inciperemus,
1653 1960 1762 1983 centum

983 2002 1048 2029 anni
1071 2005 1228 2036 supersunt,
1251 2001 1398 2036 pluresque
1423 2001 1445 2028 si
1461 2001 1495 2027 ab
1511 2001 1556 2027 illa
1575 2001 1618 2028 die
1636 2009 1688 2036 qua
1709 2001 1763 2029 Da-

984 2048 1047 2075 nieli
1061 2048 1174 2082 angelus
1195 2048 1402 2082 prophetizavit,
1430 2052 1456 2075 et
1472 2048 1557 2074 multo
1572 2048 1665 2082 plures
1681 2048 1763 2075 etiam

983 2096 1006 2122 si
1032 2103 1046 2121 a
1063 2094 1230 2129 captivitatis
1245 2094 1331 2121 initio.
1349 2095 1505 2121 Invenimus
1529 2094 1600 2121 extitit
1617 2093 1764 2121 Persarum

983 2148 1096 2176 regnum
1120 2147 1207 2167 ccxxx
1234 2148 1369 2167 annorum
1396 2140 1483 2174 spatio
1507 2140 1763 2174 circumscriptum,

983 2186 1160 2214 Macedonum
1175 2194 1238 2213 vero
1255 2194 1311 2218 ccc,
1327 2194 1361 2213 ex
1384 2194 1438 2221 quo
1463 2187 1496 2213 ad
1521 2186 1621 2213 Tiberii
1647 2186 1764 2215 Caesaris

984 2240 1084 2259 annum
1102 2236 1207 2260 sextum
1226 2232 1359 2259 decimum
1386 2232 1525 2266 sexaginta
1541 2233 1604 2259 anni
1625 2232 1763 2260 eﬂluxere.

151 2282 277 2318 Τιϐερίου
289 2282 422 2317 Καίσαρος
441 2284 497 2316 ἔτος
510 2284 699 2311 ἑκκαιδέκατον
714 2284 752 2314 είς
767 2283 813 2318 ἔτη
825 2282 863 2315 ξ’·
879 2281 931 2309 ἀπὸ

985 2277 1038 2311 Sed
1068 2278 1102 2305 ab
1135 2278 1286 2305 Artaxerxe
1312 2285 1362 2304 Lxx
1389 2277 1571 2305 hebdomades
1602 2278 1636 2304 ad
1662 2278 1763 2306 Christi

150 2328 180 2354 es
198 2326 374 2363 Ἀρταξέρξου
385 2331 404 2354 ο’
418 2328 559 2364 ὲΰδομάδες
571 2331 610 2361 είς
621 2330 665 2356 τὸν
681 2330 727 2356 ἐπὶ
741 2328 857 2364 Χριστοῦ
872 2336 933 2354 συντ

151 2373 289 2401 τελοῦνται
304 2374 396 2409 χρόνον
413 2375 484 2401 κατὰ
504 2375 566 2406 τοὺς
575 2376 705 2402 Ἰουδαίων
714 2375 855 2411 ἀριθμούς.
865 2374 931 2401 Ἀπὸ

151 2420 206 2455 γὰρ
222 2419 350 2454 Νεεμίου,
365 2418 393 2450 ὃς
420 2419 470 2444 ὑπὸ
493 2419 669 2454 Ἀρταξέρξου
689 2420 737 2454 τὴν
758 2419 933 2455 Ἰερουσαλὴμ

151 2465 295 2494 ἀνοικίσων
310 2464 433 2500 ἐπέμφθη
445 2485 451 2495 ,
469 2463 523 2491 ἔτει
550 2465 781 2500 πεντεκαιδεκάτῳ
799 2465 845 2491 καὶ
870 2466 934 2491 ἐκα-

153 2509 256 2545 στοστῴ
271 2510 321 2545 τῆς
335 2509 446 2544 Περσῶν
461 2509 604 2544 βασιλείας,
618 2509 699 2535 αὑτοῦ
710 2518 738 2535 τε
757 2508 932 2545 Ἀρταξέρξου

153 2554 292 2591 βασιλείας
319 2554 433 2589 είκοστῷ
457 2554 510 2580 ἔτει
539 2554 586 2580 καὶ
620 2553 798 2588 Ὀλυμπιάδος
829 2553 932 2588 ([.40)

151 2601 331 2636 ὀγδοηκοστῆς
352 2601 445 2636 τρίτης
464 2600 517 2626 ἔτει
541 2600 679 2636 τετάρτῳ,
706 2600 751 2626 ἐπὶ
772 2598 865 2626 τοῦτον
888 2599 933 2626 τὺν

151 2646 263 2683 χρόνον,
280 2647 309 2678 ὃς
333 2644 366 2681 ἦν
395 2645 571 2682 Ὀλυμπιάδος
597 2646 783 2679 διακοσιοστῆς
805 2645 934 2680 δευτέρας

151 2693 211 2724 ἔτος
224 2691 358 2727 δεύτερον,
373 2692 497 2728 Τιϐερίου
510 2692 538 2718 δὲ
557 2691 695 2727 Καίσαρος
711 2691 856 2727 ἡγεμονίας
874 2692 934 2724 ἔτος

151 2737 362 2770 ἑκκαιδέκατον,
388 2738 433 2774 ἐτη
458 2738 601 2772 συνάγεται
625 2736 686 2769 υοε¹,
706 2737 776 2773 ἅπερ
803 2737 933 2773 Ἑϐραϊκὰ

151 2785 312 2821 τετρακόσια
335 2786 493 2821 ἐνενήκοντα
510 2785 555 2820 ἔτη
577 2785 679 2819 γίνεται
696 2785 765 2811 κατὰ
787 2785 831 2811 τὸν
857 2785 934 2819 σελη-

152 2833 225 2857 ναῖον
243 2831 314 2866 μῆνα
329 2831 391 2862 τοὺς
406 2831 543 2862 ἐνιαυτοὺς
560 2831 669 2857 ἐκείνων
682 2830 932 2866 ἐξαριθμουμένων,

152 2878 182 2908 ὅς
203 2878 285 2910 ἐστιν,
300 2877 337 2909 ὡς
355 2877 498 2913 πρόχειρον
513 2879 608 2906 εἰπεῖν.
621 2876 730 2912 ἡμερῶν
752 2877 836 2903 εἰκόσι
858 2876 934 2902 ἐννέα

153 2923 237 2958 ἥμισυ
247 2931 253 2937 ·
262 2923 346 2955 οὕτως
358 2923 403 2950 τοῦ
415 2923 512 2950 κύκλου
526 2924 692 2956 ὑπάοχοντος
706 2924 757 2956 τιμε
763 2923 815 2949 οών
831 2922 881 2954 τξε’
892 2931 935 2949 τε-

984 2328 1091 2359 tempus
1119 2324 1196 2358 juxta
1225 2323 1378 2350 Judaaorunt
1410 2331 1538 2351 numeros
1569 2331 1763 2351 consumman-

983 2373 1037 2396 tur.
1055 2368 1160 2395 Etenim
1182 2375 1196 2394 a
1217 2367 1355 2399 Neliemia,
1379 2376 1459 2402 quem
1477 2368 1640 2396 Artaxerxes
1663 2369 1696 2396 ad
1721 2370 1762 2396 in-

983 2414 1157 2443 staurandam
1166 2413 1316 2442 Jerusalem
1330 2414 1495 2446 misit,anno
1508 2415 1602 2449 quinto
1619 2415 1725 2442 decimo
1736 2419 1762 2443 et

983 2462 1132 2489 centesimo
1155 2460 1299 2488 Persarum
1328 2461 1413 2495 regni.
1439 2460 1580 2496 ipsiusque
1604 2461 1763 2489 Artaxerxis

983 2508 1059 2542 regni
1076 2506 1206 2534 vicesimo
1226 2513 1308 2537 anno,
1324 2505 1486 2541 olympiadis
1510 2514 1575 2533 vero
1592 2508 1768 2541 octogesima?

984 2554 1069 2581 tertia:
1094 2560 1166 2580 anno
1181 2558 1288 2588 quarto,
1308 2559 1395 2586 usque
1421 2551 1454 2579 ad
1470 2551 1522 2579 hoc
1537 2557 1653 2587 tempus,
1676 2554 1763 2588 olym-

984 2601 1072 2637 piadis
1103 2601 1208 2628 scilicet
1237 2600 1431 2627 ducentesima:
1461 2599 1586 2627 secundm
1613 2607 1714 2626 annum
1731 2608 1762 2632 ιι,

985 2647 1088 2683 imperii
1111 2654 1175 2674 vero
1193 2646 1294 2674 Tiberii
1311 2646 1427 2674 Cmsaris
1455 2653 1556 2673 annum
1572 2650 1677 2673 sextum
1691 2646 1765 2673 deci-

984 2702 1069 2725 mum,
1093 2692 1157 2719 anni
1188 2691 1272 2727 elapsi
1295 2696 1358 2719 sunt
1383 2699 1500 2723 eanxv,
1525 2692 1566 2719 vel
1596 2699 1663 2718 cnxc
1685 2691 1762 2725 juxta

985 2739 1112 2767 Hebraeos
1129 2739 1268 2766 mensibus
1283 2746 1382 2765 annum
1407 2738 1549 2765 lunaribus
1578 2742 1763 2770 numerantes,

984 2786 1029 2820 qui
1046 2789 1110 2812 sunt
1121 2784 1226 2812 dierum
1242 2792 1305 2810 xxix
1321 2788 1347 2811 et
1358 2783 1462 2811 dimidii
1474 2792 1481 2816 ;
1495 2791 1556 2810 cum
1571 2783 1654 2819 igitur
1664 2791 1764 2811 cccux

985 2831 1089 2858 dierum
1106 2835 1133 2858 et
1148 2830 1308 2865 quadranlis
1327 2830 1362 2856 sit
1378 2829 1440 2856 anni
1457 2830 1562 2865 cyclus,
1579 2829 1700 2856 lunarem
1716 2837 1766 2856 an-

985 2885 1050 2904 num
1059 2877 1184 2904 undecim
1201 2875 1306 2903 excedit
1319 2875 1426 2908 diebus,
1435 2880 1461 2903 ct
1472 2875 1632 2911 quadrante.
1641 2875 1766 2911 Quapro-

986 2927 1044 2951 uter
1060 2922 1145 2949 Graeci
1161 2925 1187 2949 et
1201 2921 1286 2948 «ιιιόωί
1305 2921 1488 2949 cinbolimazos
1504 2925 1559 2949 tres
1575 2929 1683 2949 menses
1704 2926 1766 2949 acto
