2035 3214
279 183 348 212 ιιτο

609 181 654 211 EU
659 181 745 210 SEBll
764 180 1002 220 CESgkRIENSIS
1027 180 1064 208 ΟΕ

1124 179 1223 208 PARS.
1243 180 1286 208 111.
1307 196 1340 201 —-
1359 179 1562 208 EXEGETICA.

1833 180 1901 208 “80

277 242 359 270 ann‘is
374 240 576 276 superaddunt;
592 247 710 276 namque
717 240 804 268 octies
820 240 946 268 undecim
954 244 982 268 et
996 248 1064 275 qua-

1115 241 1212 277 τάρτου
1227 241 1276 276 τὴν
1290 240 1360 267 κατὰ
1371 240 1484 276 σελήνην
1497 239 1684 275 δωδεκάμηνον
1699 239 1902 274 παραλλάσσειν

277 289 361 316 drans
385 293 440 315 tres
463 287 581 315 eﬂiciunt
607 294 726 314 menses.
758 286 829 314 Anni
857 287 939 322 igitur
959 294 1065 314 cuuxv

277 335 363 362 octies
389 341 433 361 ιιι
455 332 606 366 continent,
636 336 663 360 et
689 337 746 360 tres
762 340 870 360 menses
903 332 1063 360 embolimtei

277 381 376 415 cuique
391 383 487 406 octavo
500 387 573 406 anno
584 379 680 410 additi,
695 379 780 407 ferme
795 379 950 414 quindecim
963 387 1061 411 annos,

277 425 452 462 paucissimis
475 425 595 460 exceptis
617 425 724 456 diebus,
751 425 898 460 complent.
920 425 965 452 Sic
981 425 1063 461 igitur

277 479 381 498 cnuxv
395 471 475 498 annis
491 479 544 498 ιιι
557 474 684 498 constant
705 471 897 498 hebdomades.

1116 288 1234 324 ἡμέραις
1250 287 1345 314 ὲνδέκα
1361 287 1408 314 καὶ
1418 286 1550 322 τετάρτῳ.
1563 286 1612 313 Διὰ
1624 285 1702 313 τοῦτο
1715 287 1762 314 καὶ
1772 286 1902 322 Ἕλληνες

1116 335 1164 362 καὶ
1183 335 1302 362 Ἰουδαῖοι
1317 337 1391 372 τρεῖς
1421 335 1506 371 μῆνας
1528 334 1692 371 ἒμὸολίμους
1714 335 1803 362 ἔτεσιν
1829 335 1902 362 ὀκτὼ

1115 381 1351 416 παρεμϐάλλουσιν
1361 390 1367 396 ·
1379 381 1472 408 ὀκτάκι
1484 381 1537 417 γὰρ
1552 381 1586 408 τὰ
1599 381 1693 408 ἕνδεκα
1710 382 1757 408 καὶ
1773 381 1903 416 τέταρτον

1117 428 1188 453 ποιεῖ
1210 427 1351 462 τρίμηνον.
1386 427 1426 454 Τὰ
1451 427 1539 454 τοίνυν
1564 431 1618 453 υοε¹
1641 427 1687 462 ἐτη
1711 426 1902 462 ὁκταετηρίδες

1116 471 1236 506 γίνονται
1258 472 1306 504 νϐ’,
1331 473 1378 499 καὶ
1402 473 1485 508 μῆνες
1501 472 1536 507 γ’,
1559 473 1597 504 ὡς
1618 473 1748 508 τριμήνου
1772 472 1802 498 δὲ
1823 472 1904 507 €11.60-

277 519 355 554 λίμου
369 521 401 555 τῇ
415 519 553 555 ὀκταετίᾳ,
567 519 686 553 γίνονται
703 518 750 554 ἐτη
762 518 958 545 πεντεκαίδεκα
971 518 1067 553 ὀλίγων
1084 519 1196 556 ἡμερῶν
1211 519 1358 547 ἀποδέοντα
1373 521 1490 554 γίνεται·
1506 520 1591 547 ταῦτα
1599 520 1628 547 δὲ
1643 521 1710 556 πρὸς
1741 522 1798 552 τοῖς
1831 521 1902 555 (υ)οε¹

277 568 365 595 ἔτεσιν
377 568 404 594 αἱ
418 570 438 594 o’
452 567 598 603 ἑδδομάδες
611 566 809 594 συντελοῦνται.

313 626 376 654 Haec
393 626 502 661 quidem
518 627 546 652 in
562 626 634 653 hunc
651 626 740 653 locum
756 625 902 652 Africanus
921 624 1062 653 disseruit.

278 671 425 700 Videamus
440 676 467 699 et
483 680 543 704 nos,
566 676 628 707 post
649 672 719 699 hanc
741 671 1004 705 interpretationem,
1028 679 1063 698 an

278 719 357 746 aliter
374 718 523 754 intelligere
546 718 693 753 possimus,
719 725 753 745 ne
783 717 931 750 videamur.
953 718 1064 746 omissis

278 772 294 791 a
311 764 382 800 Cyro
397 765 429 791 ad
442 764 617 791 Artaxerxem
635 763 814 800 temporibus.
830 764 902 791 haud
918 764 1062 799 ingenuam

279 811 530 846 interpretationem
541 811 672 845 praebere,
686 818 736 838 nec
752 811 883 837 rationem
897 811 992 838 all'erre
1005 811 1063 838 dis—

279 857 403 885 criminis
430 857 502 892 quod
526 861 567 884 est
593 857 664 884 inter
695 860 797 891 septem
825 855 1008 883 hebdomades
1038 861 1065 883 et

279 904 420 938 sexaginta
430 903 508 934 duas,
524 903 595 930 sicut
606 903 698 930 divina
710 902 829 929 ostendit
842 902 995 937 Scriptura.
1010 910 1064 929 non

279 950 339 978 sine
352 950 495 977 verissimo
510 957 541 976 ac
558 948 775 984 profundissimo
798 948 926 980 consilio,
946 948 989 975 his
1005 956 1067 975 ver-

279 995 321 1022 bis
338 1004 344 1022 :
361 1005 370 1020 ‹
383 993 458 1022 Scito
473 1002 537 1030 ergo
558 997 585 1021 et
600 994 784 1022 animadverte
798 1004 804 1022 :
823 995 856 1022 ab
872 995 946 1021 exitu
963 1001 1064 1024 set-,mo-
1078 989 1100 1017 B

279 1042 333 1073 nis,
349 1046 377 1069 ut
391 1041 488 1068 iterum
503 1040 652 1068 aediﬁcetur
663 1039 825 1072 Jerusalem,
839 1049 926 1076 usque
939 1041 973 1067 ad
984 1041 1065 1068 Chri-

280 1092 351 1115 stum
369 1087 475 1119 ducem,
497 1086 681 1114 hebdomadas
699 1090 813 1120 septem.
833 1091 860 1113 et
880 1086 1066 1114 hebdomadcs

279 1133 420 1168 sexaginta
434 1133 494 1160 duae
509 1137 589 1160 erunt
604 1143 610 1159 :
625 1137 652 1160 et
666 1140 761 1160 rursus
772 1132 952 1160 acditicabitur
965 1134 1063 1168 platea,

278 1185 306 1208 et
321 1179 402 1206 muri.
417 1189 426 1205 ι
443 1179 576 1207 Attendas
593 1179 666 1207 enim
688 1186 722 1206 an
745 1178 771 1206 vi
789 1179 869 1206 ducta
886 1179 961 1206 ﬁeret
981 1179 1066 1206 inter-

279 1227 407 1263 pretatio,
425 1230 549 1261 tempora
573 1225 780 1252 numerantibus
803 1225 837 1252 ab
858 1225 918 1261 ipso
933 1225 1015 1260 Cyro,
1032 1224 1066 1253 de

278 1281 334 1309 quo
346 1272 439 1300 Daniel
451 1273 633 1308 prophetizat.
646 1271 696 1298 Hic
716 1279 814 1307 nempe
830 1272 934 1306 primus
952 1279 1067 1306 respon-

279 1326 340 1347 sum
355 1318 388 1346 de
403 1317 553 1345 Jerusalem
569 1317 769 1345 instauratione
785 1317 880 1348 edixit,
895 1321 963 1345 testo
979 1317 1064 1345 Esdra

279 1365 323 1391 his
341 1364 446 1391 verbis:
463 1373 472 1389 I
489 1364 519 1391 In
544 1371 616 1391 anno
631 1364 719 1399 primo
736 1363 799 1399 Cyri
817 1364 888 1398 regis
906 1363 1063 1395 Persarum,

279 1415 310 1438 ut
337 1410 519 1444 compleretur
543 1410 655 1437 verbum
682 1409 787 1436 Domini
813 1417 846 1437 ex
866 1417 914 1437 ore
929 1409 1063 1443 Jeremiae,

279 1456 421 1485 suscitavit
451 1455 582 1482 Dominus
609 1455 736 1490 spiritum
766 1455 841 1491 Cyri,
871 1456 942 1489 regis
967 1455 1071 1483 Persa-0

278 1509 340 1529 rum
356 1505 402 1529 :et
417 1501 537 1528 traduxit
553 1509 646 1528 vocem
663 1501 689 1527 in
709 1501 783 1527 omni
801 1508 885 1535 regno
901 1508 963 1533 suo,
981 1501 1063 1528 etiam

279 1554 328 1582 per
338 1546 507 1582 Scripturam
524 1546 618 1573 dicens
640 1556 646 1573 :
663 1545 725 1572 "me
752 1545 818 1572 dicit
827 1546 915 1581 Cyrus
934 1555 981 1574 rex
1001 1547 1065 1574 Per-

280 1601 396 1620 sarum:
417 1591 513 1620 Omnia
537 1600 619 1627 regna
638 1595 717 1619 terra!
743 1591 817 1619 dedit
841 1593 907 1619 mihi
933 1592 1064 1622 Dominus

279 1639 353 1667 Deus
368 1640 441 1670 coeli,
460 1644 486 1666 et
502 1640 560 1674 ipsc
581 1640 710 1674 praecepit
729 1639 792 1666 mihi
809 1643 839 1666 ut
860 1640 1023 1667 aediﬁcarem
1038 1641 1063 1668 ei

279 1686 389 1714 domum
411 1686 437 1713 in
453 1685 615 1718 Jerusalem,
632 1694 692 1721 qum
710 1691 752 1714 est
767 1686 794 1713 in
812 1686 916 1714 Judzea.
930 1687 997 1720 Quis
1019 1692 1064 1715 est
1078 1674 1099 1702 (ἶ

279 1732 307 1759 in
322 1732 400 1760 vobis
419 1732 453 1760 de
475 1733 603 1760 universo
622 1733 722 1768 populo
743 1733 818 1768 ejus?
839 1733 880 1760 Sit
906 1733 976 1762 Deus
990 1734 1063 1762 illius

279 1786 342 1806 cum
358 1780 426 1814 ipso.
441 1779 576 1806 Ascendat
596 1780 623 1806 in
638 1779 790 1808 Jerusalem
809 1780 863 1814 '1';
881 1791 889 1806 ι
905 1784 932 1807 et
947 1781 1062 1816 reliqua.

279 1825 385 1858 Quibus
403 1825 498 1853 addit:
517 1834 526 1851 ‹
541 1825 597 1852 Rex
620 1834 729 1861 quoque
753 1826 842 1861 Cyrus
866 1827 978 1861 protulit
999 1835 1064 1854 vasa

279 1872 372 1906 templi
387 1871 505 1903 Domini,
521 1879 581 1907 quae
592 1873 690 1900 tulerat
705 1872 957 1900 Nabuchodonosor
972 1873 1004 1901 de
1017 1872 1063 1900 Je-

279 1918 412 1950 rusalem,
431 1922 458 1945 et
473 1921 604 1954 posuerat
620 1927 651 1946 ea
667 1918 693 1946 in
711 1920 813 1954 templo
833 1920 876 1947 dei
891 1920 945 1948 sui.
964 1919 1064 1946 Protu-

279 1963 311 1990 lit
335 1968 424 1991 autem
449 1971 480 1992 ea
504 1963 603 1999 Cyrus.
630 1971 677 1991 rex
700 1963 858 1995 Persarum,
880 1972 927 1999 per
952 1972 1063 1992 manum

279 2009 469 2041 Mithridatis.
512 2014 539 2037 et
583 2011 771 2038 annumeravit
808 2018 839 2038 ea
883 2010 1063 2038 Samanassar

279 2056 395 2091 principi
415 2055 484 2083 Juda
496 2057 528 2084 “.
545 2066 554 2081 ι
577 2056 679 2085 Deinde
704 2061 798 2084 narrat
829 2056 969 2092 Scriptura
995 2064 1064 2092 quo-

279 2101 360 2128 modo
388 2102 466 2136 primi
493 2101 637 2130 redeuntes
664 2103 754 2137 templi
786 2102 963 2130 fundamenta
987 2103 1063 2138 jece-

278 2146 344 2180 rint,
361 2148 498 2182 quomodo
515 2147 542 2174 in
559 2147 698 2175 laboribus
717 2147 838 2182 impediti
854 2148 910 2175 sint
930 2148 981 2175 hoc
997 2151 1064 2175 tem-

277 2194 354 2228 poris
368 2193 521 2223 intervallo.
538 2201 626 2228 usque
640 2193 674 2220 ad
689 2194 831 2228 septimam
843 2201 978 2220 annorum
994 2194 1062 2222 heb-

277 2239 430 2267 domadem.
447 2239 633 2274 Quadraginta
652 2239 734 2274 igitur
745 2244 771 2267 et
787 2248 834 2267 sex
850 2247 983 2266 annorum
999 2247 1062 2276 spa-

277 2284 345 2311 tium
363 2291 378 2310 a
393 2283 464 2320 Cyro
479 2284 512 2310 ad
528 2287 633 2311 sextum
648 2283 719 2311 Darii
732 2292 833 2311 annum
846 2285 962 2312 elabitur
975 2285 1062 2312 donec

1150 624 1242 651 Ταῦτα
1264 624 1312 660 μὲν
1328 625 1342 650 6
1358 623 1540 660 προδηλωθεὶς
1563 623 1632 659 ἀνὴρ
1657 624 1697 656 εἰς
1719 624 1782 655 τοὺς
1802 624 1902 657 τόπους

1116 671 1308 706 ἐπιϐέϐληκεν·
1325 672 1390 706 φέρε
1404 671 1436 706 δὴ
1454 671 1501 698 καὶ
1516 672 1596 706 ἡμεῖς
1610 670 1678 706 μετὰ
1694 671 1742 706 τὴν
1763 670 1903 697 ἀποδοθεῖ-

1117 726 1166 744 σαν
1181 717 1327 754 ἑρμηνείαν
1343 717 1453 752 ἴδωμεν,
1463 718 1487 743 εἰ
1503 714 1558 744 οἷόν
1574 726 1603 743 τε
1617 717 1663 744 καὶ
1679 717 1781 752 ἑτέρως
1793 718 1850 748 τοῖς
1860 717 1902 744 τό-

1116 773 1178 796 ποις
1200 764 1347 795 ἐπιϐαλεῖν,
1364 764 1401 796 ὡς
1422 764 1455 791 ἂν
1474 764 1510 799 μὴ
1526 764 1650 799 δοκοῖμεν
1666 764 1729 795 τοὺς
1741 763 1796 790 ἀπὸ
1811 764 1902 799 Κύρου

1115 810 1162 836 καὶ
1179 810 1224 836 ἐπὶ
1241 809 1421 846 Ἀρταξέρξην
1437 809 1649 842 ὑποκλέπτοντες
1664 810 1777 844 χρόνους
1791 809 1903 845 βιαιοτέ-

1115 865 1164 892 ραν
1181 856 1314 883 ποιεῖσθαι
1328 856 1376 892 τὴν
1394 856 1531 887 ἀπόδοσιν,
1547 856 1593 882 καὶ
1609 855 1696 887 ἄλλως
1709 856 1745 891 μὴ
1757 855 1786 882 δὲ
1796 856 1848 890 τὴν
1862 857 1904 882 αὶ-

1113 902 1173 930 τῐαν
1188 903 1352 938 παριστάναι
1368 901 1455 928 δοκεῖν
1471 902 1520 937 τῆς
1534 902 1588 928 τῶν
1604 901 1673 928 ἑπτὰ
1689 901 1845 936 ἑϐδομάδων
1856 903 1902 929 καὶ

1114 948 1169 975 τῶν
1194 948 1231 984 ξβ¹
1245 948 1414 984 διαιρέσεως,
1430 948 1462 983 ἢν
1488 948 1502 974 6
1526 948 1597 980 θεῖος
1613 948 1699 981 Λόγος
1722 948 1833 980 πάντως
1853 956 1902 974 που

1115 994 1184 1030 μετά
1198 1003 1269 1026 τινος
1283 994 1393 1028 εὐλόγου
1409 994 1527 1025 διανοίας
1543 994 1589 1020 καὶ
1603 993 1755 1028 βαθυτάτης
1769 994 1904 1025 συνέσεως

1115 1040 1262 1076 πεποίηται
1273 1041 1361 1076 φήσας
1373 1049 1380 1056 ·
1398 1050 1407 1065 ‹
1421 1040 1476 1067 Καὶ
1492 1039 1584 1076 γνώσῃ
1600 1041 1647 1066 καὶ
1660 1041 1785 1076 συνήσεις
1796 1039 1850 1066 ἀπὺ
1861 1040 1903 1073 ἐξ·

1113 1088 1173 1115 ὁδου
1188 1087 1267 1122 λόγου
1275 1087 1322 1114 τοῦ
1339 1087 1520 1124 ἀποκριθῆναι
1537 1087 1583 1113 καὶ
1597 1086 1644 1113 τοῦ
1657 1087 1833 1122 οίκοδομῆσαι
1853 1087 1903 1113 Ἰε-

1116 1134 1256 1170 ρουσαλὴμ
1277 1134 1329 1166 ἕως
1347 1133 1464 1169 Χριστοῦ
1480 1134 1632 1168 ἡγουμένου
1649 1133 1794 1167 ὲὸδομάδες
1808 1132 1841 1165 ζ’,
1857 1132 1904 1159 καὶ

1115 1181 1260 1216 ἐϐδομάὸες
1286 1179 1323 1214 ξβ¹
1339 1181 1385 1206 καὶ
1409 1179 1567 1214 ἐπιστρέψει
1593 1179 1640 1206 καὶ
1660 1179 1903 1214 οἰκοδομηθήσεται

1114 1226 1229 1254 πλατεία
1245 1227 1292 1253 καὶ
1303 1228 1400 1262 τεῖχος.
1418 1235 1426 1252 ι
1444 1227 1514 1262 Ὅρα
1527 1224 1559 1262 δὴ
1576 1227 1599 1252 εί
1613 1225 1650 1261 μὴ
1665 1225 1793 1257 ἀϐίαστος
1805 1226 1904 1259 γένοιτ’

1115 1273 1148 1300 ἂν
1164 1274 1229 1309 ήμῖν
1245 1273 1261 1308 ή
1273 1273 1396 1308 διήγησις
1407 1271 1437 1304 ἐξ
1451 1271 1532 1299 αὑτοῦ
1543 1271 1645 1307 Κύρου,
1659 1271 1720 1298 καθ’
1734 1271 1764 1298 ὃν
1777 1272 1791 1297 ὁ
1805 1271 1905 1306 Δανιὴλ

1114 1319 1291 1356 προφητεύει,
1307 1320 1370 1351 τοὺς
1395 1319 1505 1355 χρόνους
1532 1318 1791 1354 ἀπαριθμουμένοις.
1819 1316 1905 1350 Οὗτος

1113 1366 1167 1401 γὰρ
1181 1364 1226 1393 οὖν
1241 1366 1348 1402 πρῶτος
1365 1365 1414 1401 τὴν
1431 1365 1494 1401 περὶ
1511 1365 1557 1392 τοῦ
1578 1365 1716 1400 ἀνεγεῖραι
1738 1365 1788 1401 τὴν
1805 1365 1905 1401 Ἰερου-

1115 1412 1204 1447 σαλὴμ
1224 1412 1369 1448 ἀπόκρισιν
1389 1411 1528 1447 ἐξενήνοχε
1551 1410 1621 1438 κατὰ
1641 1411 1689 1447 τὴν
1712 1412 1741 1438 ὲν
1761 1411 1801 1447 τῷ
1816 1412 1906 1447 Ἕζρᾳ

1113 1457 1231 1494 γραφὴν,
1245 1457 1339 1483 τοῦτον
1364 1457 1478 1492 ἔχουσαν
1505 1456 1549 1483 τὸν
1575 1457 1688 1491 τρόπον⁸
1708 1465 1718 1482 Ι
1736 1457 1791 1483 Καὶ
1814 1458 1843 1483 ὲν
1866 1457 1906 1492 τῷ

1115 1504 1214 1541 πρώτῳ
1232 1505 1285 1531 ἔτει
1308 1504 1399 1540 Κύρου
1422 1503 1553 1539 βασιλέως
1575 1504 1696 1539 Περσῶν,
1715 1503 1761 1530 τοῦ
1777 1503 1905 1538 τελεσθῆ-

1114 1559 1156 1577 ναι
1171 1550 1249 1584 λόγον
1268 1551 1370 1586 Κυρίου
1390 1549 1443 1576 ἀπὸ
1467 1550 1599 1584 στόματος
1622 1549 1762 1585 Ἱερεμίου,
1777 1548 1905 1585 ἐξήγειρε

1114 1596 1215 1633 Κύριος
1233 1596 1262 1623 τὸ
1276 1596 1382 1631 πνεῦμα
1395 1596 1487 1632 Κύρου
1504 1595 1633 1631 βασιλέως
1646 1595 1820 1631 Περσῶν,καὶ
1837 1604 1905 1630 παρ-

1115 1642 1224 1678 ήγγειλε
1240 1642 1330 1677 φωνὴν
1342 1643 1370 1668 ὲν
1387 1642 1461 1678 πάσῃ
1479 1641 1602 1678 βασιλείᾳ
1615 1641 1708 1672 αὐτοῦ,
1725 1641 1772 1668 καί
1803 1650 1835 1675 γε
1859 1642 1906 1674 ἑγ-

1117 1690 1255 1725 γράπτως,
1269 1689 1363 1724 λέγων·
1376 1688 1468 1720 Οὕτως
1478 1686 1553 1715 εἶπεν
1566 1689 1656 1724 Κύρος
1668 1690 1682 1714 6
1698 1687 1826 1723 βασιλεὺς
1836 1688 1906 1723 Περ-

1116 1736 1184 1762 σῶν·
1202 1736 1296 1767 Πὰσας
1317 1735 1366 1766 τὰς
1392 1734 1530 1770 βασιλείας
1549 1735 1597 1770 τ’ῆς
1619 1735 1671 1770 γῆς
1692 1734 1837 1769 παρέδωκέ
1860 1743 1905 1769 μοι

1114 1782 1216 1818 Κύριος
1230 1784 1245 1809 6
1266 1782 1330 1814 Θεὸς
1352 1781 1398 1809 τοῦ
1421 1781 1546 1817 οὐρανοῦ,
1563 1781 1609 1808 καὶ
1632 1781 1712 1812 αὐτὸς
1732 1781 1907 1815 ἐπεσκέψατο

1114 1829 1157 1855 ἐπ’
1175 1828 1224 1864 ἐμὲ
1246 1828 1292 1855 τοῦ
1305 1828 1478 1863 οἰκοδομῆσαι
1495 1828 1569 1863 αὒτῷ
1582 1825 1655 1855 οἷκον
1674 1827 1703 1854 ἐν
1725 1827 1906 1863 Ἰερουσαλὴμ

1113 1876 1146 1910 τῇ
1166 1875 1196 1901 ὲν
1216 1874 1339 1910 Ἰουδαίᾳ.
1358 1873 1406 1906 Τίς
1416 1874 1445 1900 ὲν
1457 1875 1520 1910 ὑμῖν
1538 1873 1592 1900 ἀπὸ
1604 1873 1703 1905 παντὸς
1716 1872 1763 1900 τοῦ
1777 1872 1844 1900 λαοῦ
1857 1873 1906 1899 αὖ·

1113 1921 1175 1954 τοῦ;
1190 1921 1244 1948 Καὶ
1259 1921 1333 1948 ἔσται
1349 1921 1363 1947 6
1380 1920 1446 1953 Θεὸς
1459 1919 1539 1947 αὑτοῦ
1553 1921 1611 1956 μετ’
1627 1918 1719 1952 αὐτοῦ,
1736 1920 1784 1945 καὶ
1800 1919 1905 1954 ἀναδή-

1115 1975 1189 1994 σεται
1199 1967 1237 1998 είς
1254 1967 1444 2003 Ἰερουσαλήμ⁸
1457 1977 1467 1992 ι
1479 1967 1525 1993 καὶ
1538 1966 1572 1992 τὰ
1581 1966 1654 2001 ἑξῆς.
1667 1963 1714 1997 Οἷς
1724 1965 1902 2000 ἐπιφέρεται·

1116 2023 1126 2039 ι
1140 2014 1194 2040 Καὶ
1214 2015 1228 2040 6
1256 2013 1381 2048 βασιλεὺς
1396 2013 1486 2048 Κύρος
1506 2012 1635 2048 ἐξήνεγκε
1661 2011 1695 2038 τὰ
1719 2010 1806 2046 σκεύη
1829 2011 1902 2037 οῐκω

1113 2061 1226 2096 Κυρίου,
1239 2059 1256 2087 ε
1282 2059 1375 2086 ἐλαϐεν
1396 2059 1628 2094 Ναῦουχοδονόσορ
1641 2057 1693 2084 ἀπὸ
1714 2056 1902 2092 Ἰερουσαλὴμ,

1113 2108 1160 2135 καὶ
1172 2108 1271 2134 ἔδωκεν
1285 2107 1355 2134 αὐτὰ
1368 2108 1396 2133 ὲν
1412 2107 1478 2142 οἴκῳ
1498 2106 1559 2133 θεοῦ
1575 2105 1668 2132 αὐτοῦ.
1684 2105 1740 2131 Καὶ⁸
1755 2104 1903 2139 ἐξήνεγκεν

1112 2153 1182 2180 αὐτὰ
1196 2151 1297 2189 Κύρος,
1308 2154 1322 2180 6
1339 2153 1466 2188 βασιλεὺς
1478 2152 1602 2187 Περσῶν,
1618 2152 1665 2178 ἐπὶ
1678 2153 1756 2187 χεῖρα
1772 2151 1904 2187 Μιθριδά-

1111 2210 1158 2228 του
1174 2202 1220 2228 καὶ
1233 2201 1384 2238 ἠρίθμησεν
1397 2200 1465 2227 αὐτᾶ
1479 2199 1518 2235 τῷ
1532 2199 1844 2235 Σαμαναϐσὰρ,ἆρχοντι
1857 2198 1902 2225 τοῦ

1119 2247 1211 2273 Ἰούδα.
1225 2256 1234 2271 ι
1245 2247 1305 2273 Ἐπὶ
1319 2246 1422 2277 τούτοις
1435 2247 1535 2282 ἱστορεῖ
1548 2246 1564 2281 ή
1580 2245 1675 2280 Γραφὴ
1691 2244 1729 2276 ὡς
1744 2243 1902 2275 ἀνελθόντες

1112 2295 1136 2320 οι
1159 2294 1262 2329 πρῶτοι
1287 2293 1498 2320 καταδάλλονται
1520 2293 1581 2324 τοὺς
1594 2292 1640 2319 τοῦ
1658 2292 1729 2327 ἱεροῦ
1747 2291 1900 2326 θεμελίους,

276 2330 370 2366 templi
384 2331 553 2366 compleatur
570 2330 725 2357 aediﬁcatio.
747 2330 810 2358 Ideo
829 2331 862 2357 ab
880 2331 941 2359 aliis
956 2331 1060 2367 primas

1114 2341 1159 2368 καὶ
1177 2341 1214 2372 ὡς
1231 2339 1367 2375 εἴργονται
1383 2348 1414 2374 γε
1429 2339 1458 2366 ἐν
1472 2337 1511 2374 τῷ
1529 2337 1629 2373 μεταξὺ
1646 2338 1734 2375 χρόνῳ
1750 2337 1802 2372 τῆς
1819 2346 1903 2364 σπου-

276 2381 380 2412 septem
403 2376 585 2404 hebdomades
608 2376 751 2412 Scriptura
777 2377 907 2411 sejunxit.
931 2378 1060 2405 interval-

276 2423 333 2450 lum
368 2423 526 2458 signiﬁcans
559 2423 630 2450 inter
659 2423 776 2457 primum
807 2423 932 2458 conjecta
968 2423 1060 2458 templi

275 2469 473 2501 fundamenta,
514 2469 716 2504 perfectamque
755 2469 839 2497 totius
870 2469 977 2497 aediﬁcii
1010 2478 1059 2497 ex-

274 2518 463 2544 structionem.
497 2516 584 2551 Cyrus
613 2517 708 2548 enim,
739 2523 825 2543 annos
850 2524 935 2543 unum
956 2520 984 2544 et
1012 2516 1061 2543 tri-

275 2562 350 2596 ginta
378 2569 441 2588 cum
472 2561 659 2596 regnavisset,
683 2561 808 2597 Cambysi
833 2562 886 2589 [ilio
915 2562 1059 2596 imperium

274 2608 406 2641 tradidit;
440 2608 493 2639 cui,
526 2612 588 2643 post
624 2615 720 2635 novem
755 2616 889 2636 annorum
924 2617 1058 2644 regnum.

274 2652 373 2682 Darius
409 2655 559 2686 successit,
600 2654 773 2689 iterumque,
813 2654 886 2682 sicut
921 2655 1059 2690 quondam

273 2699 370 2734 Cyrus.
381 2699 532 2728 Jerusalem
547 2700 732 2728 aediﬁcandam
748 2701 837 2728 edicto
849 2701 943 2736 jussit.
970 2702 1059 2737 Atque

274 2749 350 2772 sexto
365 2746 424 2780 ejus
437 2746 542 2781 imperii
559 2753 641 2776 anno,
653 2745 698 2780 qui
723 2746 947 2781 quadragesimus
965 2751 1059 2775 sextus

276 2798 290 2817 a
311 2790 383 2826 Cyro
393 2798 462 2823 erat,
473 2791 616 2819 aediﬁcatio
632 2791 782 2827 perﬁcitur.
798 2791 876 2820 Unde
893 2792 920 2820 in
937 2792 1059 2820 Salvato-

309 2880 343 2896 "‘
362 2879 371 2906 Ι
388 2880 467 2909 Esdr.
482 2889 500 2916 ι,
521 2882 576 2910 1-5.
615 2884 637 2899 ³³
657 2882 721 2910 ibid.
739 2883 764 2915 7.
783 2882 809 2910 8.

1113 2388 1171 2423 δῆς,
1185 2387 1237 2418 ἓως
1257 2386 1303 2412 ἐπὶ
1318 2385 1434 2420 ἑϐδόμην
1451 2384 1518 2411 ἑτῶν
1534 2384 1677 2419 ἑϐδομάδα.
1688 2383 1902 2419 Τεσσαράκοντα

1113 2434 1143 2469 (l'.
1159 2434 1194 2460 40
1209 2434 1245 2469 v")
1259 2433 1322 2468 γοῦν
1335 2434 1382 2460 καὶ
1395 2432 1425 2465 ἒξ
1438 2432 1483 2467 ἔτη
1501 2432 1553 2459 ἀπὸ
1571 2431 1662 2466 Κύρου
1679 2431 1728 2458 καὶ
1747 2431 1794 2457 ἐπὶ
1806 2430 1838 2456 τδ
1853 2432 1903 2456 Δα-

1113 2481 1184 2517 ρείου
1201 2480 1278 2507 ἕκτον
1291 2479 1348 2510 ἔτος
1361 2479 1570 2514 περιγράφεται,
1588 2478 1616 2504 ὲν
1633 2474 1654 2510 ᾧ
1671 2477 1758 2512 πέρας
1781 2476 1853 2512 ἴσχει
1870 2476 1902 2502 τὰ

1111 2527 1161 2562 τῆς
1176 2526 1222 2553 τοῦ
1238 2525 1303 2552 ναοῦ
1317 2525 1474 2561 οἱκοδομῆς’
1490 2524 1550 2551 ὅθεν
1565 2524 1676 2554 εἰκότως
1691 2523 1746 2549 ἀπὸ
1769 2523 1824 2549 τῶν
1847 2521 1903 2549 λοι-

1114 2573 1172 2600 πῶν
1183 2572 1332 2608 ἑϐδομάδας
1345 2571 1366 2604 ζ’
1377 2571 1426 2603 τὰς
1439 2570 1549 2606 πρώτας
1557 2572 1571 2597 6
1585 2570 1662 2602 λόγος
1672 2570 1844 2605 ἀφωρίσατο.
1857 2568 1901 2595 τὸν

1114 2619 1215 2656 μεταξὺ
1231 2619 1324 2655 χρόνον
1341 2618 1392 2653 τῆς
1407 2617 1519 2653 πρώτης
1533 2617 1684 2652 καταϐολῆς
1704 2617 1759 2643 τῶν
1775 2617 1823 2643 τοῦ
1838 2616 1900 2643 ναοῦ

1114 2664 1246 2701 θεμελίων
1259 2665 1305 2691 καὶ
1317 2664 1366 2699 τῆς
1378 2665 1418 2696 εἰς
1428 2663 1511 2699 ἄκρον
1526 2662 1607 2690 αὑτοῦ
1620 2662 1844 2698 ἀναπληρώσεως
1856 2663 1902 2697 ἐμ-

1113 2711 1194 2747 φῆναι
1212 2711 1380 2746 βουλόμενος.
1393 2710 1482 2746 Κύρος
1498 2709 1546 2745 μὲν
1560 2709 1613 2745 γὰρ
1631 2709 1677 2744 ἐτη
1691 2710 1841 2744 τριάκοντα
1856 2709 1902 2735 καὶ

1112 2757 1141 2784 ἓν
1163 2757 1334 2792 βασιλεύσας,
1350 2756 1485 2793 Καμϐύσῃ
1510 2756 1549 2792 τῷ
1575 2756 1648 2783 παιδῖ
1668 2756 1838 2791 παραδίδωσι
1852 2755 1900 2791 τὴν

1112 2804 1212 2840 ἀρχήψ
1227 2800 1257 2830 οὗ
1275 2804 1320 2830 ἐπὶ
1333 2802 1412 2830 ὲννέα
1424 2802 1613 2838 διαγενομένου
1627 2802 1710 2833 ἔτεσι,
1726 2803 1839 2838 Δαρεῖος
1852 2800 1900 2835 τήν
