2035 3214
94 203 159 232 “81

581 202 727 232 ECLOGA;
744 201 1050 231 PROPHET|C¢E.‘—‘
1058 200 1123 229 LIB.
1143 199 1188 227 Ill.

1644 195 1710 222 “82

94 261 232 297 βασιλείαν
258 263 433 300 παραλαόὼν,
458 261 534 295 αὖθις
564 262 633 298 μετὰ
661 263 752 298 Κύρου
772 262 816 289 διὰ
829 261 873 288 τοῦ

928 268 985 288 rem
1012 264 1136 288 nostrum
1160 257 1260 286 invecti
1286 256 1432 284 dicebant:
1449 264 1458 281 (
1481 252 1664 289 Quadraginta
1684 257 1711 280 et

93 309 309 344 προγράμματος
324 310 373 345 τὴν
387 309 559 346 Ἰερουσαλὴμ
571 309 776 344 οἰκοδομηθῆναι
793 317 878 344 προσ-

91 355 194 381 τάττει.
209 356 263 381 Καὶ
279 355 310 391 δὴ
327 355 396 382 κατὰ
409 356 440 382 τὸ
458 356 536 382 ἕκτον
548 354 629 382 αὐτοῦ
648 355 697 389 τῆς
708 355 795 390 ἀρχῆς
806 354 876 386 ἔτος,

93 401 162 436 ὅπερ
176 398 210 436 ἦν
222 401 275 428 ἀπὸ
286 401 377 436 Κύρου
388 401 604 437 τεσσαρακοστὸν
619 401 665 428 καὶ
680 402 768 434 ἕκτον,
780 401 814 427 τὰ
828 401 878 436 τῆς

91 448 237 484 οἰκοδομῆς
253 448 469 485 ἀποπληροῦται·
487 449 547 476 ὅθεν
557 447 709 483 ὁρμώμενοι
723 447 761 482 τῷ
773 447 878 483 Σωτῆρι

92 495 171 530 ἡμῶν
193 495 284 529 ἔλεγον
294 502 300 508 ·
318 504 327 520 ι
348 496 382 522 Μ’
399 495 445 521 καὶ
462 494 491 527 ἐξ
507 494 594 521 ἐτεσιν
609 493 771 529 ᾠκοδομήθη
787 494 801 519 ὁ
814 493 878 524 ναὸς

91 536 180 575 οὗτος,
197 542 245 569 καὶ
271 543 302 569 σὺ
324 543 352 568 ὲν
376 543 463 577 τρισὶν
484 541 600 577 ἡμέραις
624 541 729 576 ἐγερεῖς
753 539 849 571 αὑτόν;
865 548 874 564 ι

91 588 171 614 Κατὰ
182 588 210 614 δὲ
226 588 277 614 τὸν.
290 587 419 623 Ἰώσηπον
441 591 462 614 o’
478 587 521 623 (θ’)
537 587 584 614 καὶ
603 590 627 622 μ’
641 586 686 621 ἐτη
701 584 821 621 ἀκριϐῶς
843 584 877 611 τὰ

90 635 146 661 ἀήδ
159 635 250 671 Κύρου
265 635 310 662 ἐπὶ
325 635 355 662 τὸ
371 635 483 671 Δαρείου
500 634 592 660 ἔνατον
607 633 666 664 ἔτος
679 632 833 666 συνάγεται,
848 631 877 657 ὲν

89 677 113 714 ᾧ
131 681 207 714 τέλος
226 681 357 708 έπιθεῐναι
379 683 411 717 τῇ
429 680 475 708 τοῦ
490 680 554 707 ναοῦ
570 680 696 714 οἰκοδομῇ
710 680 738 705 ἐν
754 678 792 713 τῷ
803 677 876 704 ἑνδε-

89 726 166 762 κάτῳ
180 728 229 762 τῆς
244 727 466 762 Ἀρχαιολογίας
476 727 557 761 φησὶν
565 725 700 759 αὑτολεξεὶ
707 725 793 760 δηλῶν
806 725 877 751 οἰκο-

88 773 291 810 δομηθήσεσθαι
315 774 360 801 τὸν
386 774 449 800 ναὸν
467 773 487 806 ζ’
504 774 566 809 (sic)
586 773 649 809 μηνί¹
660 772 706 799 τοῦ
722 772 814 798 ἐνάτου
827 772 876 807 τῆς

89 819 136 845 ἐπὶ
150 819 261 854 Δαρείου
276 819 412 854 βασιλείας
424 818 514 850 ἔτους·
532 815 572 849 οἷς
583 817 629 844 καὶ
642 816 764 851 ἐπιφέρει
775 815 874 849 λέγων·

92 873 102 888 ι
117 863 279 898 Κατῴκισαν
299 864 328 891 δὲ
344 865 371 890 ὲν
388 865 443 895 τοῖς
460 862 653 899 Ἰεροσολύμοις
669 861 789 896 πολιτείᾳ
802 859 874 897 χρώ-

91 917 166 945 μενοι
188 909 456 946 ἀριποκρατῖορῂκῇ
483 909 551 944 μετὰ
573 908 743 943 ὀλιγαρχίας·
769 907 793 933 οἱ
820 905 875 941 γὰρ

89 955 173 991 ἱερεῖς
198 957 400 992 προεστήκεσαν
425 955 478 982 τῶν
496 955 675 991 πραγμάτων,
689 953 751 989 ἄχρι
768 950 798 980 οὗ
812 953 874 984 τοὺς
891 971 910 999 Β

95 1001 279 1037 Ἀσαμωναίου
295 1002 391 1038 συνέϐη
408 1001 557 1037 βασιλεύειν
571 1001 709 1036 ἐγγόνους.
722 1009 731 1025 ι
745 999 805 1025 Αἵδε
824 998 874 1033 μὲν

86 1054 135 1072 ουν
149 1047 176 1073 αἱ
193 1047 221 1073 ἐν
232 1048 264 1082 τῇ
277 1047 428 1082 προφητείᾳ
443 1046 589 1082 φερόμεναι
604 1046 625 1078 ζ’
639 1044 782 1080 ἐϐδομάδες
794 1044 834 1075 εἰς
843 1043 873 1069 τὺ

88 1091 326 1127 προδεδηλωμένον
351 1092 410 1123 ἔτος
434 1091 546 1128 Δαρείου
563 1090 791 1127 περιοριζόμεναι,
809 1089 874 1125 πρό-

85 1136 166 1172 δηλον
179 1146 224 1164 ουν
235 1138 268 1163 δι’
278 1138 311 1173 ἢν
324 1137 412 1164 αἰτίαν
428 1138 480 1164 τῶν
492 1138 558 1171 (τὸν)
572 1137 625 1163 ἀπὸ
635 1136 687 1163 τῶν
697 1135 797 1163 λοιπῶν
809 1136 876 1169 ἀφο-

88 1181 184 1217 ρισμδν
205 1182 476 1218 είλήφασιν.¹’1δωμεν
490 1182 517 1208 δὲ
533 1182 578 1208 καὶ
597 1181 647 1213 τὰς
663 1181 759 1211 λοιπὰς
775 1180 813 1216 ξβ¹
828 1180 874 1206 ἐπὶ

87 1227 182 1259 ποίους
197 1228 395 1264 περιορίζονται
418 1228 539 1263 χρόνους.
553 1228 589 1254 Τὸ
604 1227 653 1263 μὲν
667 1227 698 1263 δὴ
712 1227 803 1253 ἔνατον
816 1226 873 1258 ἔτος

87 1273 199 1309 Δαρείου
211 1274 280 1300 κατὰ
292 1274 340 1309 τὴν
354 1274 470 1310 ἑϐδόμην
484 1274 531 1300 καὶ
542 1273 688 1309 ἑξηκοστὴν
707 1272 874 1307 Ὀλυμπιάδα

89 1320 121 1347 ὲκ
138 1319 187 1354 τῆς
205 1319 258 1346 τῶν
282 1320 348 1355 παρ’
366 1320 477 1355 Ἕλλησι
500 1320 693 1358 χρονογράφων
709 1319 873 1354 παρίσταται

89 1365 222 1400 ίστορίας⁹
235 1365 288 1391 ἀπὸ
308 1365 339 1401 δὴ
357 1364 403 1392 οὖν
420 1365 522 1400 ταύτης
535 1365 581 1392 ἐπὶ
597 1365 647 1400 τὴν
663 1366 811 1402 ἑκατοστὴν
828 1366 875 1392 έκ-

88 1411 251 1447 καιδεκάτην
273 1412 450 1448 Ὀλυμπιάδα,
468 1412 575 1447 καθ’ἥν
598 1411 726 1443 Σέλευκος
745 1412 812 1447 μετὰ
825 1411 874 1447 τὴν

93 1457 267 1494 Ἀλεξάνδρου
278 1458 405 1494 τελευτὴν
417 1459 517 1494 Συρίας
528 1459 636 1493 ἀπάσης
646 1458 693 1485 καὶ
702 1457 875 1491 Βαϐυλωνίας

87 1503 248 1539 ἐκράτησεν,
266 1504 312 1539 ἔτη
326 1504 428 1538 γίνεται
442 1508 464 1530 σί
472 1513 479 1519 ·
495 1504 619 1531 ἐντεῦθεν
630 1504 651 1530 δ’
663 1504 708 1530 ἐπὶ
720 1504 769 1539 τὴν
782 1503 873 1530 τελευ-

86 1550 136 1585 τὴν
147 1550 267 1585 Σίμωνος
277 1570 284 1580 .
302 1550 434 1577 Ἰουδαίων
451 1550 600 1586 ἀρχιερέως
609 1571 616 1582 ,
628 1549 678 1585 τῆς
692 1550 762 1577 κατὰ
774 1550 873 1585 Συρίαν

87 1596 174 1631 ἀρχῆς
190 1595 212 1627 ζ’
227 1596 272 1622 καὶ
286 1598 307 1622 ο¹
323 1596 370 1622 καὶ
389 1599 411 1631 ρ’
423 1595 592 1630 διαγενέσθαι
607 1597 623 1630 ἡ
640 1595 735 1631 πρώτη
755 1595 811 1622 τῶν
825 1604 874 1621 κα-

929 315 975 335 sex
998 307 1076 334 annis
1101 305 1262 333 aedificatum
1287 307 1330 330 est
1346 301 1474 336 templum
1501 301 1572 332 hoc,
1597 304 1624 327 et
1639 299 1710 326 tuin

927 352 1015 379 tribus
1026 352 1122 379 diebus
1132 349 1265 378 excitabis
1284 349 1348 375 illud
1364 347 1414 374 “"2
1433 357 1442 373 ι
1455 346 1535 374 Juxta
1552 349 1643 372 autem
1662 343 1711 372 Jo-

932 396 1045 431 sephum
1059 403 1156 424 novem
1168 398 1195 422 et
1211 393 1390 429 quadraginta
1405 392 1469 419 anni
1483 395 1547 419 sunt
1564 398 1579 417 a
1595 390 1666 425 Cyro
1675 389 1709 416 ad

927 450 1028 470 nonum
1047 442 1121 469 Darii
1148 449 1260 472 annum,
1277 447 1340 475 tquo
1367 438 1514 474 perfectam
1547 436 1615 464 dicit
1641 439 1710 463 tem-

928 489 963 524 pli
975 487 1198 518 aediﬁcationem,
1226 487 1254 513 in
1272 486 1415 513 undecimo
1438 483 1624 517 Archwologt'aa
1640 481 1710 508 libro

927 535 1019 569 templi
1036 533 1260 561 instaurationem
1273 539 1389 559 narrans
1406 531 1521 565 septimo
1541 529 1612 556 Darii
1635 527 1710 563 regni

926 580 990 606 noni
1004 579 1067 606 anni
1083 586 1174 605 mense
1195 577 1356 604 absolutam.
1380 575 1534 609 Additque:
1556 584 1565 600 ι
1592 573 1709 608 Eratque

927 629 992 652 tunc
1007 623 1258 659 Hierosolymitanis
1272 622 1443 650 aristocratia
1459 620 1605 655 oligarchia
1617 619 1707 651 mista;

926 670 1159 698 sacerdotesenim
1169 670 1250 696 rebus
1265 668 1442 703 praefuerunt.
1458 667 1544 694 donec
1557 665 1709 693 Asamuuaai

926 718 1026 753 posteri
1043 718 1207 744 sortirentur
1223 723 1334 750 regnum
1351 714 1400 748 ll).
1420 724 1429 739 ι
1446 713 1492 740 Ha:
1507 713 1588 747 igitur
1604 712 1629 738 in
1645 719 1708 747 pro—

927 764 1016 799 phetia
1029 763 1118 790 relata:
1135 767 1237 797 septem
1254 760 1445 791 hebdomades,
1467 767 1527 794 quae
1552 758 1585 785 ad
1607 765 1708 785 nonum

926 810 999 837 Darii
1014 817 1116 837 annum
1133 809 1273 840 desinunt,
1293 808 1371 835 istam
1389 807 1424 834 ob
1439 814 1548 833 causam
1565 813 1579 832 a
1602 805 1708 832 ceteris

925 856 1119 884 discriminata:
1134 859 1207 882 sunt.
1222 853 1370 881 Videamus
1388 860 1460 880 nunc
1483 852 1516 879 ad
1542 858 1601 886 quae
1624 850 1709 885 perti-

925 907 1007 929 neant
1024 906 1146 936 tempora
1161 901 1270 935 reliquae
1284 898 1466 927 hebdomades
1483 898 1623 932 sexaginta
1637 896 1708 924 dum.

925 946 1018 974 Nonus
1033 946 1105 972 Darii
1122 953 1210 972 annus
1229 945 1306 979 juxta
1325 943 1479 971 Gracorum
1497 942 1618 969 historiae
1628 941 1710 968 chro-

924 993 1060 1028 nologiam
1072 992 1192 1027 septimae
1206 995 1232 1018 et
1243 990 1417 1025 sexagesima).
1429 988 1579 1024 Olympiadi
1596 995 1710 1023 respon-

923 1039 982 1073 det;
991 1039 1025 1066 ab
1037 1039 1087 1065 hac
1095 1037 1128 1064 ad
1137 1037 1311 1063 centesimam
1321 1039 1424 1062 sextam
1433 1035 1564 1062 decimam
1572 1033 1710 1069 Olympia-

924 1086 996 1117 dem,
1012 1093 1063 1120 qua
1084 1084 1225 1116 Seleucus,
1241 1081 1396 1110 Alexandro
1420 1086 1539 1112 mortuo,
1557 1080 1634 1115 Syria
1652 1083 1707 1106 tota

924 1139 956 1158 ac
974 1131 1120 1166 Babylonia
1137 1130 1239 1165 potitus
1258 1132 1316 1160 est,
1342 1127 1406 1154 anni
1422 1131 1486 1155 sunt
1500 1126 1626 1158 ducenti;
1645 1125 1708 1152 hinc

924 1178 957 1205 ad
975 1181 1087 1205 mortem
1106 1176 1237 1207 Simoriis,
1251 1174 1407 1202 Iudaeorum
1424 1173 1522 1201 summi
1545 1172 1706 1203 sacerdotis,

923 1223 974 1251 sub
990 1223 1129 1259 Syriorum
1143 1223 1246 1250 ditione
1260 1226 1361 1256 septem
1376 1225 1402 1248 et
1421 1220 1590 1254 septuaginta
1606 1223 1632 1246 et
1644 1226 1709 1246 cen-

923 1274 980 1297 tum
996 1269 1131 1297 cﬂluxisse
1148 1277 1235 1296 annos
1258 1268 1362 1304 primus
1377 1266 1594 1294 Machabmorum
1619 1266 1688 1293 liber
1699 1287 1706 1299 ,

923 1317 969 1352 qui
983 1317 1125 1345 historiam
1152 1317 1185 1343 ad
1211 1315 1347 1342 Simonem
1368 1323 1455 1350 usque
1474 1318 1585 1346 narrat,
1614 1314 1709 1341 memi-

923 1365 963 1391 nit
985 1365 1017 1391 ".
1035 1364 1139 1392 Rursus
1157 1363 1253 1391 exinde
1281 1362 1452 1390 sacerdotum
1478 1362 1575 1397 seriem
1596 1369 1709 1388 accura-

923 1411 1028 1438 tissime
1042 1410 1163 1438 referens
1173 1410 1308 1446 Joscphus
1323 1409 1372 1445 (Ξ),
1384 1416 1444 1444 post
1461 1409 1598 1436 Simonem
1616 1412 1709 1435 narrat

924 1457 1066 1492 praefuisse
1079 1457 1176 1492 populo
1197 1456 1328 1484 Joannem
1343 1460 1369 1483 et
1390 1455 1542 1491 Hyrcanum
1557 1463 1642 1482 annos
1661 1462 1710 1482 no-

924 1511 982 1530 vem
1008 1505 1035 1529 et
1070 1502 1186 1537 viginti;
1211 1502 1274 1528 huic
1306 1508 1494 1529 successorem
1523 1500 1708 1529 Aristobulum

923 1556 1007 1575 unum
1026 1548 1182 1584 regnavisse
1198 1555 1315 1582 annum;
1336 1555 1390 1583 quo
1406 1553 1512 1574 mortuo
1525 1547 1708 1575 Alexandrum

924 1597 1026 1629 septem
1049 1599 1075 1621 et
1089 1594 1184 1628 viginti
1208 1602 1314 1626 annos,
1342 1598 1368 1634 et
1394 1599 1456 1629 post
1481 1601 1541 1620 eum
1566 1593 1708 1628 conjugem

86 1640 224 1677 λουμένων
241 1641 444 1668 Μακκαϐαῖκῶν
460 1641 586 1677 σημαίνει
601 1641 703 1677 γραφὴ,
723 1642 801 1677 μέχρι
813 1641 872 1668 τού-

924 1639 1116 1673 Alexandram,
1132 1641 1164 1668 ad
1185 1648 1265 1675 quam
1289 1648 1384 1667 omnes
1403 1640 1436 1667 ab
1453 1647 1524 1666 anno
1541 1639 1612 1666 Darii
1637 1647 1709 1666 nono

86 1694 133 1714 του
157 1689 362 1723 περιγράφουσα
383 1688 433 1723 τὴν
459 1687 588 1723 ἱστορίαν.
614 1687 696 1713 Πάλιν
712 1687 735 1713 δ’
749 1687 872 1713 ἐντεῦθεν

86 1732 136 1765 τὰς
151 1733 204 1759 τῶν
219 1733 314 1769 ἱερέων
329 1734 451 1769 διαδοχὰς
465 1734 648 1769 ἀκριϐέστατα
663 1734 873 1769 ίεττισημαινόμε⁴

86 1787 131 1811 νος
154 1780 168 1806 ὀ
189 1778 319 1814 Ἰώσηπος
347 1780 415 1815 μετὰ
438 1780 547 1815 Σίμωνα
570 1780 616 1806 τὸν
637 1779 873 1815 προδεδηλωμένων

86 1825 152 1861 φησὶ
167 1826 373 1861 καθηγήσασθαι
391 1826 438 1853 τοῦ
460 1826 524 1853 λαοῦ
543 1827 667 1862 Ἰωάννην
682 1826 726 1853 τὸν
742 1827 789 1853 καὶ
808 1826 872 1862 ’Υρ-

87 1870 169 1898 κανδν
183 1870 271 1897 ἔτεσιν
295 1870 315 1897 θ’
333 1871 380 1897 καὶ
401 1874 424 1897 κ’
435 1879 442 1886 ’
459 1871 552 1897 τοῦτον
568 1871 595 1897 δὲ
611 1871 780 1903 διαδέξασθαι
800 1871 874 1906 Ἀρι-

87 1916 239 1948 πόὸουλον,
254 1916 283 1943 δν
295 1917 342 1942 καὶ
358 1916 512 1951 βασιλεῦσαι
530 1917 667 1944 ἐνιαυτόν·
686 1918 754 1952 μετὰ
771 1917 799 1944 δὲ
812 1916 874 1943 τοῦ-

85 1970 130 1989 τον
148 1962 321 1998 Ἀλέξανδρος
335 1962 406 1989 ἔτεσι
420 1962 471 1995 κζ’,
488 1963 546 1998 μεθ’
559 1963 588 1989 ὃν
602 1963 650 1998 τὴν
663 1965 778 1998 γυναῖκα
797 1962 872 1989 Ἀλε-

85 2007 211 2044 ξάνδραν,
228 2009 269 2044 ἐρ’
282 2009 315 2044 ἢν
335 2009 367 2036 τὰ
391 2009 478 2036 πάντα
492 2009 545 2036 ἀπὸ
561 2009 655 2036 ἐνάτου
667 2009 743 2041 ἔτους
759 2010 871 2045 Δαρείου

86 2054 132 2089 ἐτη
150 2054 295 2088 συνάγεται
309 2054 372 2087 υλδ¹,
391 2056 476 2083 ὁπόσα
498 2056 519 2082 δ’
533 2056 566 2082 ἂν
587 2056 693 2090 γένοιτο
716 2057 747 2082 ὲκ
768 2056 822 2082 τῶν
834 2056 872 2091 ξβ¹

85 2100 238 2135 ἑὸδομάδων
258 2102 286 2128 ὲν
310 2099 353 2133 αἶς
369 2102 392 2128 οἱ
410 2102 523 2137 χριστοὶ
543 2102 697 2138 ἡγούμενοι,
714 2100 785 2129 οὗτοι
801 2102 823 2128 δ’
839 2102 872 2129 ἂν

86 2143 140 2174 εἷεν
151 2146 174 2172 οἱ
185 2147 484 2184 ἀρχιερεῖς,ἁρξάμενοι
496 2148 549 2175 ἀπὸ
559 2148 649 2183 Κύρου
663 2148 716 2174 τῶν
724 2148 770 2174 τοῦ
781 2148 873 2180 ἔθνους

86 2191 258 2227 προέστησαν
279 2194 457 2228 πραγμάτων.
473 2194 611 2230 Πρόδηλον
631 2194 686 2229 γὰρ
708 2194 761 2220 ἀπό
781 2203 809 2220 τε
821 2195 872 2229 τῆς

87 2238 162 2274 ἱερᾶς
177 2238 298 2273 Γραφῆς,
314 2240 343 2265 οὗ
364 2240 412 2274 μὲν
430 2240 505 2277 (μὴν)
521 2241 588 2268 ἀλλὰ
606 2241 652 2268 καὶ
665 2240 717 2267 ἀπὸ
731 2240 786 2266 τῶν
807 2249 873 2276 προ-

84 2282 214 2310 τεθεισῶν
226 2283 272 2309 τοῦ
293 2284 422 2320 Ἰωσήπου
438 2286 543 2321 φωνῶν,
555 2287 592 2318 ὼς
604 2287 646 2313 ὄτι
670 2286 737 2322 μετὰ
752 2286 801 2322 τὴν
818 2287 872 2313 ἀπὸ

87 2328 246 2360 Βαϐυλῶνος
261 2329 399 2362 ἐπάνοδον,
426 2332 455 2363 ἐξ
479 2332 560 2358 αὑτοῦ
591 2332 676 2367 Ἰησοῦ
704 2332 750 2359 τοῦ
775 2333 869 2368 ἱερέως

85 2373 132 2400 τοῦ
163 2373 279 2409 μεγάλου
308 2375 422 2410 ἡγεμόσι
446 2376 492 2402 καὶ
515 2377 626 2411 ἄρχουσι
644 2379 699 2409 τοῖς
718 2377 787 2404 κατὰ
811 2377 870 2404 δια-

84 2418 166 2453 δοχὴν
172 2419 300 2454 ἐχρῶντο,
311 2419 389 2455 μέχρι
398 2417 433 2446 ὧν
442 2421 456 2447 ό
467 2420 594 2457 Ἰώσηπος
601 2423 726 2457 ὀνομάζει
741 2424 769 2449 'A
775 2432 868 2459 σαμω-

85 2464 161 2490 ναίου
178 2464 288 2497 παίδων,
297 2465 366 2501 οὒςὴ
377 2465 469 2502 Γραφὴ
476 2466 669 2500 Μακκαϐαίους
678 2468 708 2503 (l'.
716 2470 759 2503 4i)
769 2470 871 2505 ὠνόμα-

85 2517 143 2541 σεν,
158 2505 309 2545 ὧνπρῶτος
325 2511 534 2546 ἀρχιεράτευσεν
556 2512 653 2544 Ἰούδας
663 2514 677 2539 ὁ
691 2514 870 2546 Μακκαϐαῖος

83 2554 254 2590 ἐπικληθεὶς,
262 2557 291 2588 ὃς
301 2557 347 2583 καὶ
355 2556 530 2593 καθηγήσατο
537 2558 582 2585 τοῦ
591 2559 654 2586 λαοῦ
667 2559 728 2590 τοὺς
736 2560 869 2595 Ἀντιόχου

83 2603 298 2638 τροπωσάμενος
323 2605 500 2640 στρατηγούς.
518 2605 586 2632 Μεθ’
598 2605 628 2631 ὃν
648 2605 773 2641 Ἰωνάθης
794 2606 869 2632 ἁδελ-

83 2647 135 2681 φὸς
152 2647 234 2674 αὐτοῦ
247 2648 313 2683 όμοῦ
328 2649 376 2683 τὴν
389 2649 592 2686 ἀρχιερωσύνην
615 2651 660 2677 καὶ
684 2651 731 2686 τὴν
744 2650 792 2677 τοῦ
804 2651 869 2678 λαοῦ

81 2693 262 2729 διαλαμᾶάνει
284 2695 467 2730 προστασίαν·
490 2696 536 2722 καὶ
551 2695 629 2729 αὖθις
647 2696 741 2724 τούτου
759 2696 870 2731 ἀδελφὸς

82 2740 178 2775 Σίμων
191 2740 346 2776 ἀρχιερεὺς,
361 2741 419 2776 μεθ’
435 2742 464 2768 ὃν
485 2742 624 2778 Ὑρκανὸς,
643 2743 702 2780 μεθ’
715 2743 744 2771 ὃν
759 2743 868 2779 Ἰούδας,

121 2817 154 2835 ³³·
175 2817 255 2847 Joan.
271 2827 302 2853 ιι,
316 2818 358 2845 20.
398 2819 422 2835 ³³
440 2818 449 2845 l
467 2819 588 2848 Machab.
601 2830 618 2849 ι.

119 2895 161 2933 (1)
175 2895 285 2933 Ioseph.
299 2898 378 2928 Arch.
392 2907 430 2932 ιι,
446 2900 473 2931 4,
488 2899 515 2928 8.

924 1686 986 1713 anni
1002 1691 1118 1720 quatuor
1130 1689 1156 1712 et
1173 1686 1281 1719 triginta
1301 1689 1327 1711 et
1352 1684 1541 1719 quadringenti
1563 1684 1706 1715 elIluxere,

924 1732 970 1766 qui
990 1736 1054 1759 sunt
1070 1731 1211 1766 sexaginta
1227 1731 1287 1757 duae
1303 1730 1502 1761 hebdomadas,
1526 1730 1624 1764 quibus
1640 1737 1708 1764 pra-:-

924 1778 1034 1806 fuerunt
1055 1777 1165 1808 Christi,
1193 1778 1291 1804 summi
1320 1777 1422 1804 scilicet
1441 1777 1606 1806 sacerdotes,
1624 1776 1670 1810 qui
1692 1784 1708 1802 a

923 1823 993 1859 Cyro
1002 1823 1092 1858 populi
1103 1823 1183 1850 rebus
1192 1822 1364 1857 praefuerunt.
1380 1821 1571 1848 Constatenim
1587 1829 1620 1848 ex
1629 1828 1707 1848 sacra

925 1869 1076 1904 Scriptura,
1104 1876 1210 1895 necnon
1233 1876 1247 1895 e
1273 1868 1365 1895 citatis
1388 1867 1499 1902 Iosephi
1527 1867 1611 1898 locis,
1635 1867 1708 1902 quod

923 1919 985 1951 post
1003 1915 1120 1942 reditum
1138 1914 1317 1949 eBahylonc,
1340 1914 1373 1940 ab
1396 1913 1455 1948 ipso
1479 1913 1542 1940 Jesu
1568 1913 1708 1941 sacerdote

923 1968 1021 1996 magno
1037 1960 1152 1987 ducibus
1166 1963 1193 1986 et
1210 1958 1379 1994 principibus
1393 1959 1523 1986 continua
1540 1959 1609 1986 serie
1621 1959 1707 1986 Judmi

923 2007 966 2034 usi
982 2010 1056 2039 sunt,
1066 2013 1152 2041 usque
1163 2006 1196 2033 ad
1206 2006 1266 2033 illos
1280 2013 1348 2040 quos
1361 2004 1496 2040 Josephus
1512 2006 1663 2032 Asamontei
1676 2006 1708 2032 li-

923 2053 974 2080 lios
989 2056 1077 2085 vocat,
1096 2051 1236 2087 Scriptura
1260 2059 1324 2079 vero
1348 2051 1516 2079 Machabzeos
1538 2051 1705 2082 nominavit,
1761 2078 1765 2082 _

923 2106 1038 2134 quorum
1054 2099 1158 2133 primus
1179 2105 1314 2125 summum
1332 2098 1446 2125 obtinuit
1464 2097 1649 2132 pontilicatum
1662 2097 1705 2124 Ju-

923 2145 972 2172 das
992 2143 1163 2170 Machabmus
1192 2143 1371 2177 cognomine,
1403 2143 1554 2178 fugatisque
1581 2144 1707 2170 Antiochi

923 2189 1038 2216 ducibus
1055 2189 1154 2224 populo
1164 2188 1280 2223 praefuit.
1296 2188 1362 2216 Post
1373 2197 1435 2216 eum
1451 2188 1533 2216 frater
1552 2189 1611 2223 ejus
1625 2189 1707 2216 Jona-

923 2235 985 2262 thas
1000 2242 1136 2262 summum
1162 2234 1243 2261 simul
1268 2235 1452 2269 pontificatum
1469 2239 1495 2261 et
1511 2236 1603 2270 populi
1623 2236 1708 2271 impe-

925 2282 993 2308 rium
1014 2281 1135 2315 accepit;
1160 2288 1322 2315 rursumque
1338 2281 1397 2315 ejus
1413 2280 1497 2308 frater
1514 2280 1607 2308 Simon
1633 2289 1708 2309 sum-

925 2334 984 2353 mus
1001 2325 1051 2353 fuit
1065 2326 1204 2357 sacerdos,
1223 2329 1283 2360 post
1295 2333 1374 2360 quem
1390 2325 1542 2360 Hyrcanus,
1556 2329 1616 2359 post
1628 2334 1706 2360 quem

922 2371 1017 2404 Judas,
1037 2373 1083 2407 qui
1099 2376 1125 2399 et
1139 2372 1312 2399 Aristobulus
1328 2372 1427 2403 dictus,
1444 2376 1634 2399 successerunt
1646 2371 1706 2406 :qui

924 2418 1029 2453 primus
1052 2425 1158 2445 summo
1174 2418 1327 2446 sacerdotio
1341 2425 1477 2453 regnoque
1493 2417 1616 2445 diadema
1634 2418 1708 2452 adje-

924 2465 972 2491 cit.
987 2464 1052 2492 Post
1068 2472 1128 2491 eum
1144 2472 1251 2491 summo
1264 2463 1417 2491 sarerdoﬁo
1432 2464 1511 2491 simul
1528 2467 1554 2490 et
1569 2462 1641 2497 regia
1659 2470 1706 2497 po.

924 2514 1022 2538 testate
1047 2514 1167 2545 accepta,
1188 2510 1350 2541 Alexander,
1365 2509 1526 2536 succedente
1537 2510 1562 2535 ei
1579 2509 1704 2543 conjuge.

925 2561 1049 2583 mortuus
1063 2560 1114 2584 est.
1130 2556 1207 2583 Tunc
1220 2556 1360 2591 completis
1381 2563 1440 2590 qua:
1453 2555 1554 2582 Danieli
1571 2555 1707 2590 pncdicta:

924 2603 1033 2630 fuerunt
1049 2602 1274 2634 hebdomadibus,
1288 2602 1420 2636 imperare
1431 2601 1558 2628 desinunt
1571 2600 1707 2635 principes

923 2658 939 2677 e
963 2649 1151 2678 sacerdotibus
1170 2649 1353 2684 cognominati
1381 2648 1491 2681 cbristi;
1523 2651 1552 2674 ut
1581 2646 1708 2674 ostende-

924 2703 998 2725 retur
1012 2698 1067 2725 haec
1081 2697 1162 2725 verba
1176 2706 1186 2722 ι
1198 2704 1284 2732 usque
1297 2697 1330 2723 ad
1338 2696 1472 2723 christum
1482 2695 1594 2722 ducem:
1605 2693 1637 2721 ad
1646 2693 1707 2720 illas

924 2743 1109 2772 hebdomadas
1123 2747 1263 2778 spectare;
1277 2742 1356 2778 quasi
1370 2741 1542 2770 manifestius
1552 2740 1705 2767 diceretur:

966 2901 1003 2937 (‘2)
1021 2900 1130 2937 Ioseph.
1146 2901 1236 2936 Antiq.
1255 2908 1301 2933 xx,
1318 2901 1359 2934 l0,
1374 2901 1401 2928 3.
