2035 3214
112 182 184 210 “3'5

603 180 748 208 ECLOGA}
768 179 1005 209 ΡιιοΡΗΕΤισλε.
1024 196 1059 201 ——
1078 181 1142 208 LIB.
1161 181 1203 209 ΙΙΙ.

1656 182 1725 210 H80

114 240 206 276 μάδων
217 237 270 265 τῶν
279 246 307 265 τε
316 237 454 274 προτέρων
473 236 546 273 [ν]ζ’,
556 237 602 264 καὶ
610 238 663 264 τῶν
671 238 716 264 ἐπὶ
725 237 835 269 ταύταις
844 238 892 273 ξβ’,

951 239 1047 266 tionem
1071 239 1152 266 modo
1171 239 1295 270 fecimus,
1309 236 1506 266 hebdomadam
1534 238 1623 274 [L]vu,
1645 245 1727 268 caete-

112 285 265 323 προφητεία
281 285 330 319 (1),
347 285 376 311 ὲν
395 281 438 316 αἷς
454 284 524 310 κατὰ
539 284 587 319 τὴν
603 284 649 311 τοῦ
667 285 760 318 γένους
771 284 894 320 διαδοχὴν

112 333 245 368 προσήκει
266 330 466 366 διαλαμϐάνειν,
487 330 532 356 καὶ
549 332 580 366 τῇ
603 330 682 365 μέχρι
705 330 758 357 τῶν
777 330 894 366 Ἡρώδου

111 376 214 412 χρόνων
227 375 331 411 ἱστορίᾳ
343 374 457 410 δηλούσῃ
469 375 530 406 τοὺς
540 375 609 401 κατά
623 375 745 410 διαδοχὴν
759 376 894 411 ἀρχιερεῖς

110 421 155 448 διὰ
170 422 259 456 πάσης
273 420 379 456 χριστός
390 429 431 451 τις
442 420 487 446 καὶ
504 420 645 456 ἀρχιερεὺς
657 421 748 456 ἠγεῖτο
761 420 807 447 τοῦ
818 420 892 452 λαοῦ,

110 467 150 500 ὡς
165 467 208 494 διὰ
221 467 293 493 τουτὶ
311 465 434 502 εἰρῆσθαι
450 466 488 501 τῷ
501 466 616 501 χρησμῷ
631 467 671 498 τὸ,
690 477 698 492 ι
716 467 767 498 ἕως
783 467 892 502 χριστοῦ

109 512 274 548 ἡγουμένου,
293 521 302 537 ι
320 511 404 546 πέρας
420 510 527 546 εἴληφεν
549 512 588 542 είς
606 512 668 543 τοὺς
687 512 756 538 κατὰ
773 511 893 547 Ἡρώδην

110 558 233 593 χρόνους,
255 557 292 588 ὡς
316 556 428 592 δύναμις
452 557 527 592 ἡμῖν,
543 557 699 592 δεδήλωται.
725 557 787 589 Πῶς
811 557 832 583 δ’
849 558 894 584 ἐπὶ

109 604 216 635 τούτοις
241 603 307 639 μετὰ
324 604 371 639 τὴν
395 604 588 639 συμπλήρωσιν
610 603 655 630 τοῦ
679 603 894 639 προδηλωοέντος

109 649 166 676 τῶν
176 648 328 683 ἑϐδομάδων
342 648 437 683 χρόνου
456 658 464 674 ι
482 648 663 684 ὲξωλοθρεύθη
679 648 791 684 χρίσμα,
806 649 845 675 ὅτι
859 649 895 684 μὴ

110 696 199 731 κρίμα
212 693 246 730 ἦν
259 696 287 721 ὲν
304 695 387 730 αὐτῷ,
405 704 414 720 ι
432 695 525 730 ὥσπερ
540 696 561 721 δ’
578 693 623 721 οὖν
639 695 669 721 τὸ
686 695 774 730 λόγιον
790 696 894 732 μηνύει,

111 743 244 778 σημαῖνον
270 742 310 769 ὅτι
334 741 402 777 μετὰ
424 742 540 776 κρίσεως
564 742 672 776 εὐλόγου
694 742 724 768 το
743 743 846 778 χρίσμα
867 743 896 770 τὸ

111 788 183 815 κατά
206 788 254 823 τὴν
269 787 471 823 ἀρχιερωσύνην
488 788 534 814 ἐπὶ
552 787 598 814 τοῦ
615 788 776 823 δηλουμένου
801 788 896 824 καιροῦ

111 832 362 868 συντελεσθήσεται,
386 832 468 865 σαφὲς
490 832 522 858 ἂν
537 832 640 866 γένοιτο
664 834 719 864 τοῖς
737 833 898 868 ἐπιστήσασι

111 879 146 913 τῇ
166 886 196 904 τε
208 877 254 904 τοῦ
271 878 352 911 νόμου
362 876 491 909 διατάξει,
502 877 540 912 (ἐν
554 874 622 913 ᾖδιὰ
635 877 693 911 βίου
708 878 804 912 μέχρις
815 878 898 912 αὐτῆς

111 924 238 959 τελευτῆς
263 923 460 958 προστέτακται
475 923 524 958 τὴν
548 923 750 959 ἀρχιερωσύνην
774 923 835 954 τοὺς
858 920 898 955 οἷς

112 969 185 997 κατὰ
196 969 244 1004 τὴν
255 968 300 994 τοῦ
312 968 406 1002 γένους
416 968 538 1003 διαδοχὴν
546 969 677 1004 προσήκει
685 967 896 1002 διαλαμϐάνειν),

114 1016 163 1042 καὶ
175 1016 206 1050 τῇ
230 1014 310 1049 μέχρι
327 1013 379 1039 τῶν
401 1013 519 1048 Ἡρώδου
533 1013 634 1048 χρόνων
649 1013 763 1048 ἱστορίᾳ,
783 1012 899 1048 δηλούσῃ

111 1061 177 1092 τοὺς
191 1060 260 1087 κατὰ
284 1059 407 1094 διαδοχὴν
427 1060 562 1095 ἀρχιερεῖς
575 1058 618 1085 διὰ
640 1058 729 1094 πάσης
744 1059 792 1093 τῆς
811 1058 899 1086 αὐτῶν

112 1107 188 1143 ζωῆς
197 1106 349 1138 ἀκολούθως
363 1108 396 1141 τῇ
411 1107 475 1141 περὶ
495 1105 583 1132 αὐτῶν
599 1105 743 1140 νομοθεσίᾳ
758 1105 806 1140 τῆς
818 1104 900 1139 τιμῆς

112 1152 254 1187 ἠξιῶσθαι.
277 1152 349 1182 ὅπως
364 1160 393 1177 τε
412 1151 471 1177 κατ’
487 1150 567 1177 αὐτὸν
585 1149 705 1185 Ἡρώδην
721 1150 750 1175 οὐ
769 1149 847 1185 μόνον
867 1149 900 1176 τὰ

112 1197 165 1232 τῆς
182 1196 308 1232 τοιαύτης
325 1196 387 1232 περὶ
408 1195 470 1227 τοὺς
486 1196 622 1230 ἀρχιερεῖς
645 1196 774 1229 διαταγῆς
791 1195 899 1228 συγχεῖ-

111 1243 159 1269 ται
174 1251 204 1269 τε
221 1243 267 1269 καὶ
285 1242 479 1277 διαφθείρεται,
492 1241 558 1268 ἀλλὰ
571 1241 618 1268 καὶ
633 1241 682 1276 τῆς
701 1241 781 1274 ἁγίας
795 1241 898 1275 στολῆς,

113 1289 149 1324 ἣν
161 1288 294 1324 ὑπομόνον
307 1288 365 1323 (δίε)
380 1287 443 1322 ἐξῆν
461 1285 529 1313 εἶναι
547 1287 592 1313 τὸν
612 1287 752 1322 ἀρχιερέα,
769 1287 809 1313 ὅτι
826 1286 862 1321 μὴ
877 1286 898 1312 δ’

113 1334 201 1370 ἑτέρῳ
216 1334 233 1369 ἢ
249 1333 322 1368 αὐτῷ
342 1333 414 1368 μόνῳ
437 1333 464 1359 ὲν
489 1332 575 1368 ταύτῃ
597 1332 761 1367 λειτουργεῖν
778 1331 836 1363 ἐξὸν
855 1329 899 1366 ἦν,

113 1381 166 1416 τὴν
181 1379 302 1412 ἐξουσίαν
315 1379 412 1411 αὐτοὺς
427 1378 548 1414 Ἡρώδης
560 1378 722 1413 ἀφελόμενος
738 1378 781 1412 ὑφ’
793 1377 899 1409 ἑαυτὸν,

113 1427 164 1453 καὶ
177 1426 263 1453 ταῦτα
278 1425 423 1460 ἀλλόφυλος
438 1425 485 1456 ὢν,
502 1426 627 1450 ποιεῖται.
640 1424 670 1449 Εἰ
681 1423 708 1449 δὲ
724 1423 777 1458 χρὴ
788 1423 834 1448 καὶ
845 1422 901 1448 τού-

113 1483 170 1501 των
184 1474 351 1510 παραθέσθαι
361 1473 499 1508 ἐλέγχους,
512 1472 587 1507 δέχου
599 1472 630 1506 δὴ
643 1471 689 1498 τοῦ
705 1471 841 1506 μάρτυρος
852 1471 901 1502 τὰς

115 1520 208 1555 φωνὰς
221 1520 274 1555 (ἃς)
288 1520 302 1546 ὸ
319 1518 348 1551 ἐξ
368 1518 455 1545 αὐτῶν
474 1518 606 1553 Ἐϐραίων
626 1516 766 1553 Ἰώσηπος,
783 1519 831 1552 τῆς
847 1517 900 1543 τῶν

116 1566 212 1601 ἱερέων
233 1566 278 1592 καὶ
296 1565 376 1596 αὐτὸς
391 1564 540 1599 ἠξιωμένος
559 1564 651 1598 τιμῆς,
674 1563 720 1589 καὶ
746 1562 840 1597 γένους
853 1562 900 1588 τοῦ

107 1614 181 1648 ’παρ’
195 1613 285 1644 αὐτοῖς
301 1612 522 1646 διαφανεστάτου,
537 1612 564 1638 ἐν
576 1610 689 1646 εἰκοστῷ
702 1612 752 1645 τῆς
771 1611 902 1645 Ἀρχαιο-

114 1659 221 1693 λογίας
233 1658 417 1686 κατατέθειται
428 1657 633 1692 συγγράμματι.
649 1657 716 1691 Περὶ
731 1656 778 1691 μὲν
791 1654 836 1682 οὖν
852 1655 900 1691 τῆς

113 1704 170 1730 τῶν
176 1703 324 1739 ἀρχιερέων
331 1702 507 1737 παρατροπῆς
516 1698 566 1727 ὧδέ
574 1709 630 1732 πως
635 1700 705 1726 κατὰ
712 1700 782 1733 λέξιν
790 1700 900 1735 γράφει·

156 1759 165 1775 ι
185 1750 239 1784 Τὴν
257 1749 284 1774 δὲ
302 1748 438 1783 βασιλείαν
456 1746 576 1782 Ἡρώδης
589 1746 663 1782 παρὰ
678 1745 846 1781 (“Ι’ω)μαὶων
857 1747 902 1779 ἐγ-

115 1794 272 1830 χειρισθεὶς,
280 1793 369 1820 οὐκέτι
376 1793 437 1824 τοὺς
445 1793 475 1818 ἐκ
483 1792 529 1818 τοῦ
537 1791 721 1826 Ἀσαμωναίου
727 1790 820 1823 γένους
831 1790 880 1816 καθ
885 1790 903 1816 ί-

117 1849 211 1876 στησιν
225 1841 369 1875 ἀρχιερεῖς,
381 1839 447 1866 ἀλλά
455 1846 524 1865 τισιν
531 1838 647 1872 ἀσήμοις
657 1837 703 1863 καὶ
710 1837 760 1862 οὐκ
770 1836 798 1869 ἑξ
809 1836 901 1871 ἱερέων

116 1883 203 1917 οὖσιν,
215 1885 282 1921 πλὴν
294 1885 351 1916 ἐνὸς
371 1883 582 1919 Ἀριστοϐούλου,
598 1881 647 1917 τὴν
662 1881 743 1917 τιμὴν
756 1881 900 1915 ἀπένεμεν·

115 1933 164 1958 τὸν
190 1932 218 1959 δὲ
245 1931 456 1967 ’Δριστόὸουλον,
477 1928 609 1965 ’Υρκανοῦ
631 1927 678 1954 τοῦ
707 1927 761 1953 ἀπὸ
787 1927 902 1962 Παρθῶν

118 1977 399 2013 αἰχμαλωσιασθέντος
414 1976 470 2002 υἱον
495 1975 558 2001 δντα
575 1974 745 2008 καταστήσας
763 1972 902 2008 ἀρχιερέα.

118 2025 154 2059 τῇ
165 2023 264 2058 ἀδελφῇ
284 2022 365 2049 αὑτοῦ
378 2021 518 2056 συνῴκησε
535 2019 700 2055 Μαριάμμῃ,
714 2019 763 2054 τὴν
776 2018 822 2045 τοῦ
839 2018 904 2054 πλή-

118 2070 183 2101 θους
197 2070 264 2105 πρὸς
287 2069 381 2095 ἑαυτὸν
395 2067 425 2102 (Γ.
441 2067 486 2101 42)
503 2065 659 2101 θηρώμενος
674 2063 778 2090 εὔνοιαν
796 2064 840 2090 διὰ
854 2063 903 2100 τὴν

124 2115 259 2151 ’Υρκανοῦ
274 2116 395 2150 μνήμην·
411 2112 470 2140 εἶτα
488 2111 616 2148 φοϐηθεὶς
630 2111 666 2146 μὴ
682 2111 749 2146 πρὸς
765 2110 809 2136 τὸν
830 2111 903 2146 ’Δρι-

120 2161 262 2188 στόϐουλον
281 2161 379 2192 πάντες
390 2159 580 2189 ἀποκλίνωσιν,
594 2158 695 2184 ἀνεῖλεν
712 2157 791 2184 αὐτὸν
808 2158 836 2183 ὲν
855 2157 904 2183 Ἰε-

120 2207 200 2243 ριχῴ,
221 2208 347 2242 πνιγῆναι
365 2207 588 2242 μηχανησάμενος
611 2205 797 2241 κολυμϐῶντα,
814 2204 904 2237 καθὼς

948 292 1094 319 rarumque
1125 287 1185 320 post
1210 284 1270 311 illas
1297 291 1365 316 uti,
1391 284 1543 319 prophetia,
1572 299 1608 304 —
1628 285 1728 320 quibus

950 338 1085 358 summum
1114 330 1297 358 sacerdotium
1324 330 1432 365 generis
1453 330 1515 364 jure
1538 330 1644 365 obtigit,
1664 338 1727 357 cum

952 383 1038 412 usque
1056 377 1088 403 ad
1105 375 1218 404 Herodis
1238 380 1359 411 tempora
1376 383 1472 403 onmes
1486 376 1605 403 ostendit
1615 376 1727 403 historia

953 423 1107 451 sacerdotes
1134 430 1248 457 magnos
1277 422 1462 450 successionis
1485 422 1544 448 vice
1566 429 1613 456 per
1643 425 1727 448 totam

950 477 1043 496 eorum
1052 470 1145 501 vitam,
1160 469 1270 503 quando
1283 468 1402 496 Christus
1412 468 1501 502 quivis
1517 471 1543 494 et
1553 475 1675 495 summus
1689 475 1728 494 sae

949 514 1046 542 cet-dos
1062 514 1161 549 populo
1178 517 1301 548 praeerat,
1319 518 1348 540 ut
1369 520 1428 540 eam
1443 513 1477 540 ob
1493 520 1603 540 causam
1617 513 1728 540 oraculo

949 560 1096 592 diceretur,
1110 569 1119 585 ι
1134 567 1219 594 usque
1252 559 1285 586 ad
1308 559 1440 586 christum
1472 559 1566 586 ducem
1577 579 1585 591 ,
1600 568 1609 583 ›
1627 559 1727 586 exitum

950 606 1064 633 Herodis
1080 610 1200 640 tempore
1209 605 1312 637 habuit,
1335 606 1417 635 sicut,
1434 609 1566 640 quantum
1591 605 1668 632 licuit
1682 606 1728 633 de-

948 652 1170 679 monstravimus.
1193 651 1336 684 Quomodo
1362 656 1451 678 autem
1467 655 1528 687 post
1555 659 1729 679 consumma—

946 703 1003 726 tum
1019 699 1211 733 prmdictarum
1227 697 1426 725 hebdomadum
1441 702 1560 732 tempus,
1574 707 1583 722 ι
1599 697 1728 728 abolitum

945 750 987 772 est
1001 745 1128 778 chrisma,
1153 744 1215 779 quia
1235 752 1289 771 non
1304 744 1437 779 judicium
1464 748 1522 771 erat
1535 744 1561 770 in
1576 751 1619 775 eo,
1633 753 1642 770 ι
1658 746 1729 771 sicut

947 791 999 818 fert
1026 790 1172 826 Scriptura:
1188 795 1289 823 textus,
1313 791 1468 826 signiﬁcans
1483 790 1567 825 quod,
1584 794 1645 825 post
1657 790 1730 825 judi-

946 838 1018 865 cium
1049 837 1177 872 prudens.
1205 837 1334 868 chrisma,
1355 837 1505 864 secundum
1525 845 1660 864 summum
1685 844 1730 866 sa-

948 883 1109 914 cerdotium,
1126 883 1282 911 absolutum
1305 883 1367 916 erit,
1384 887 1509 918 apertum
1530 887 1603 911 esset
1620 883 1662 911 his
1683 885 1730 920 qui

950 929 1016 965 legis
1031 929 1205 964 praaceptioni
1231 929 1363 956 inhaerent
1387 931 1451 964 (qua
1477 937 1525 964 per
1548 933 1630 956 totam
1647 931 1731 958 vitam

949 983 1035 1010 usque
1048 975 1081 1002 ad
1098 980 1210 1003 mortem
1223 983 1359 1002 summum
1369 976 1522 1002 sortiuntur
1537 976 1730 1010 sacerdotium,

949 1021 1050 1056 quibus
1083 1021 1133 1047 hoc
1163 1028 1263 1047 munus
1295 1020 1402 1056 generis
1430 1021 1491 1056 jure
1521 1021 1732 1057 obtigit),atque

949 1075 1036 1102 usque
1068 1066 1101 1093 ad
1129 1066 1243 1094 Herodis
1270 1072 1376 1101 tempus
1396 1067 1520 1100 historia,
1535 1075 1595 1102 qua:
1613 1067 1732 1095 ostendit

947 1113 1009 1148 jure
1027 1113 1210 1140 successionis
1220 1113 1375 1140 sacerdotes
1391 1121 1512 1140 summos
1527 1113 1578 1140 hac.
1600 1113 1732 1148 dignitate

949 1162 1087 1194 pertutam
1107 1159 1189 1186 vitam
1203 1159 1352 1186 secundum
1379 1160 1451 1186 illam
1473 1160 1669 1195 legislationem
1682 1168 1732 1195 po-

950 1205 1025 1237 titos,
1043 1204 1115 1239 quod
1145 1204 1250 1232 Herode
1278 1211 1408 1241 regnante
1431 1214 1485 1233 non
1503 1206 1586 1234 modo
1599 1207 1656 1234 hzec
1673 1207 1731 1242 ipsa

950 1250 983 1277 do
999 1250 1113 1278 summis
1125 1250 1312 1278 sacerdotibus
1328 1251 1370 1278 lex
1385 1251 1514 1285 abrogata
1538 1255 1564 1278 et
1577 1252 1663 1279 deleta
1679 1256 1731 1286 est,

951 1295 998 1323 sed
1009 1299 1035 1322 et
1051 1299 1146 1323 sancta
1163 1296 1256 1328 vestisl
1274 1304 1327 1330 qua
1339 1297 1428 1323 solum
1441 1297 1516 1324 indui
1530 1297 1572 1325 fas
1587 1302 1645 1324 erat.
1657 1305 1733 1325 sum-

951 1350 1026 1368 mum
1052 1342 1232 1374 sacerdotem.
1249 1350 1385 1377 quamque
1411 1343 1478 1369 nulli
1504 1343 1557 1370 nisi
1574 1344 1625 1378 ipsi
1640 1343 1691 1370 soli
1704 1344 1731 1371 in

951 1388 1119 1415 solemnibus
1134 1388 1232 1416 ritibus
1248 1388 1318 1415 ferre
1335 1389 1438 1415 licitum
1452 1394 1520 1422 erat,
1533 1394 1677 1424 postquam
1698 1390 1733 1418 ab

951 1432 985 1460 iis
997 1433 1144 1460 detractam
1173 1433 1236 1465 sibi,
1254 1441 1315 1460 cum
1329 1439 1401 1462 esset
1425 1435 1585 1470 alienigena.
1613 1434 1733 1463 Herodes

951 1478 1109 1512 assumpsit.
1126 1477 1248 1511 Quorum
1269 1479 1461 1506 sidocumenla
1490 1485 1554 1507 sunt
1578 1480 1732 1515 pnebenda,

952 1523 1029 1550 testis
1043 1523 1204 1551 adhibeatur
1224 1523 1372 1551 llebraicus
1387 1524 1445 1559 ipse
1459 1523 1604 1560 Iosephus,
1628 1533 1734 1553 necnon

953 1569 1097 1596 sacerdotii
1114 1568 1245 1604 dignitate
1268 1569 1429 1602 honoratus,
1453 1575 1481 1597 et
1495 1571 1671 1606 genereapud
1687 1579 1734 1599 eos

954 1615 1178 1649 przeelarissimo,
1209 1618 1254 1650 qui
1281 1616 1309 1643 in
1333 1617 1463 1644 vicesimo
1484 1616 1673 1652 Archwaiogiw
1703 1618 1735 1644 li-

952 1661 1001 1687 bro
1025 1660 1082 1687 haec
1111 1661 1231 1689 disserit.
1259 1661 1316 1689 Hoc
1343 1662 1425 1696 igitur
1455 1662 1535 1690 ntodo
1566 1663 1734 1690 immutatam

953 1707 1052 1734 summi
1061 1707 1206 1734 sacerdotii
1220 1709 1422 1735 successionem
1438 1708 1570 1736 describit
1583 1719 1590 1736 :

990 1762 999 1778 ι
1020 1752 1151 1786 Herodes,
1165 1761 1226 1781 cum
1244 1762 1259 1781 a
1275 1755 1404 1782 Romanis
1422 1763 1535 1790 regnum
1559 1756 1733 1789 obtinuisset,

954 1800 1073 1834 nonjam
1087 1800 1262 1829 Asamonazos
1276 1809 1397 1829 summos
1412 1803 1554 1830 constituit
1567 1803 1734 1835 sacerdotes,

953 1845 1000 1873 sed
1020 1846 1090 1873 hanc
1101 1847 1260 1882 dignitatem
1277 1848 1440 1883 quibusdam
1455 1849 1584 1884 indignis.
1612 1857 1661 1876 nec
1685 1857 1731 1877 sa-

953 1891 1082 1918 cerdotali
1095 1900 1194 1926 genere
1217 1893 1299 1924 natis,
1316 1899 1411 1928 praeter
1434 1901 1518 1921 unum
1537 1894 1735 1928 Aristobulum,

955 1938 1114 1972 assignavit.
1132 1938 1319 1966 Aristobulum
1338 1947 1412 1972 vero,
1427 1939 1544 1975 Hyrcani
1557 1941 1693 1975 quondam
1708 1942 1736 1969 in

954 1984 1137 2018 captivitatem
1152 1992 1167 2011 ο
1185 1984 1292 2013 Parthis
1306 1985 1415 2013 abducti
1431 1986 1525 2018 lilium,
1538 1993 1673 2014 summum
1693 1995 1737 2015 sa-

954 2030 1090 2057 cerdotem
1107 2030 1249 2058 constituit
1274 2039 1450 2066 sororemque
1468 2031 1527 2066 ejus
1553 2031 1664 2059 Mariam
1683 2033 1735 2060 sibi

955 2075 1130 2102 matrimonio
1155 2075 1288 2108 devinxit,
1306 2077 1487 2104 mullitudinis
1502 2079 1617 2112 gratiam
1637 2078 1689 2106 sibi
1703 2079 1737 2106 υΙι

958 2120 1076 2156 Hyrcani
1087 2122 1246 2149 memoriam
1261 2127 1389 2156 captans;
1417 2126 1513 2157 postea
1531 2123 1629 2150 timens
1650 2131 1683 2151 ne
1702 2124 1736 2151 ad

955 2166 1141 2194 Aristobulum
1163 2175 1258 2195 omnes
1286 2167 1458 2200 inclinarent,
1485 2163 1597 2197 sﬁstulit
1620 2177 1680 2196 eum
1710 2169 1738 2197 in

954 2211 1072 2245 Jericbo,
1090 2217 1228 2240 natantem
1246 2214 1324 2248 aquis
1337 2222 1455 2241 mersum
1463 2223 1524 2242 esse
1540 2217 1653 2250 ﬁngens.
1668 2216 1738 2244 sicut

119 2252 171 2288 ἤδη
188 2250 384 2286 δεδηλώκαμεν.
400 2252 475 2278 Μετὰ
494 2251 587 2278 τοῦτον
606 2251 694 2277 οὐκέτι
716 2251 772 2281 τοῖς
785 2250 900 2284 ἐγγόνοις

954 2257 1011 2292 jam
1025 2259 1205 2286 ostendimus.
1223 2258 1282 2292 Quo
1294 2259 1455 2294 interempto
1473 2268 1611 2295 nunquam
1623 2260 1738 2287 Asatno-

118 2297 175 2324 τῶν
192 2296 376 2331 Ἀσαμωναίου
388 2297 489 2324 παίδων
504 2298 553 2332 τὴν
564 2297 766 2333 ἀρχιερωσύνην
782 2297 906 2323 ἐπίστευ-

122 2353 178 2371 σεν.
193 2343 314 2378 Ἔπραξε
326 2343 354 2369 δὲ
367 2344 445 2378 ὅμοια
457 2344 496 2379 τῷ
511 2344 619 2380 Ἡρώδῃ
634 2344 696 2380 περὶ
710 2344 758 2378 τῆς
771 2342 906 2370 καταστά-

122 2397 192 2420 σεως
207 2389 261 2415 τῶν
278 2388 426 2424 ἀρχιερέων
450 2388 592 2423 Ἀρχέλαός
606 2397 635 2414 τε
651 2390 666 2415 ὁ
680 2390 743 2420 παῖς
756 2387 849 2418 αὑτοῦ,
860 2387 907 2414 καὶ

124 2435 194 2471 μετὰ
207 2435 299 2461 τοῦτον
320 2434 370 2470 τὴν
385 2434 472 2470 ἀρχὴν
488 2434 615 2469 Ῥωμαῖοι
634 2434 687 2460 τῶν
707 2434 839 2461 Ἰουδαίων
856 2442 908 2460 πα-

125 2481 296 2518 ραλαϐόντες.
314 2490 322 2507 ι

159 2539 251 2566 Ταῦτα
275 2538 324 2573 μὲν
337 2537 400 2573 περὶ
417 2536 519 2562 τούτων
539 2536 552 2562 ὁ
568 2535 712 2570 Ἰώσηπος·
735 2535 798 2570 περὶ
817 2535 844 2562 δὲ
859 2535 908 2570 τῆς

123 2585 319 2622 ἀρχιερατικῆς
335 2583 431 2618 στολῆς
447 2583 476 2608 ὲν
490 2582 528 2617 τῷ
547 2581 769 2616 ὀκτωκαιδεκάτῳ
782 2582 830 2616 τῆς
847 2582 909 2616 Ἀρ.

124 2630 298 2667 χαιολογίας
311 2628 397 2655 ταῦτα
415 2629 523 2664 ἱστορεῖ·

165 2696 175 2712 ι
192 2684 313 2720 Ἡρώδης
330 2685 358 2711 δὲ
378 2683 538 2719 βασιλεύσας
554 2684 602 2718 τήν
614 2691 642 2709 τε
658 2682 735 2718 βάριν
757 2681 858 2718 ταύτην
879 2682 908 2708 ἐν

161 2754 200 2814 ᾖ)
215 2753 278 2787 Seq.
293 2753 333 2780 sic
347 2752 496 2788 supplenda
516 2755 543 2779 et
562 2751 672 2786 legenda
690 2758 732 2777 me
751 2751 856 2778 monuit
873 2750 907 2779 M.

124 2787 151 2816 J.
190 2789 301 2815 outhius
316 2788 378 2815 coll.
407 2788 493 2816 Magd.
515 2794 615 2816 Dra‘ses
632 2795 638 2812 :
657 2786 819 2816 προφητεία,
833 2801 869 2807 -—
880 2787 909 2813 ἐν

127 2794 151 2816 .I.
167 2794 301 2815 nouimus
316 2794 378 2815 coll.
407 2794 493 2823 Mago.
515 2794 615 2822 pra‘ses
632 2795 638 2812 ι
657 2794 819 2821 προφητεια,
833 2801 869 2807 -—
880 2795 909 2813 εν

127 2821 172 2855 αἶς
185 2823 232 2864 τῂν
245 2821 448 2864 ἀρχιερωσύνην
463 2823 533 2864 κατά
545 2822 594 2862 την
609 2821 657 2864 106’
674 2821 767 2861 γένους
787 2821 909 2864 διαδοχὴν

127 2855 473 2895 πρᾳᾳῇκειδίαλαιιδάνὲιν,
489 2858 534 2884 καὶ
554 2855 604 2895 τῆς
626 2856 705 2895 μέχρι
718 2856 778 2895 τῶν.
790 2855 908 2895 Ἡρώδου

127 2891 231 2929 χρσθυῑν
246 2894 364 2930 ἱστορίας
376 2892 507 2929 δηλούσης
521 2893 582 2924 τοὺς
596 2891 667 2920 κατὰ
678 2891 802 2928 διαδοχὴν
818 2891 910 2927 ἀρχιε-

957 2305 1008 2331 nzei
1026 2306 1088 2332 ﬁliis
1103 2312 1238 2332 summum
1251 2304 1367 2331 credidit
1379 2305 1572 2333 sacerdotium.
1590 2305 1650 2340 Egit
1664 2305 1739 2332 simiv

961 2351 1022 2378 liter
1051 2351 1079 2378 in
1106 2351 1237 2385 eligendis
1272 2351 1387 2378 summis
1409 2351 1599 2379 sacerdotibus
1622 2350 1737 2378 Herodis

958 2398 1030 2426 ﬁlius
1052 2398 1212 2429 Archelaus.
1238 2401 1318 2432 atque
1339 2402 1400 2432 post
1418 2405 1479 2424 eum
1500 2396 1614 2425 Romani
1631 2396 1738 2424 Iudaeo-

957 2452 1017 2472 rum
1032 2444 1175 2479 imperium
1191 2444 1329 2472 consecuti
1345 2443 1394 2479 (2).
1416 2452 1426 2469 ι

994 2547 1055 2575 Hmc
1069 2547 1177 2582 quidem
1198 2545 1231 2573 de
1251 2546 1293 2573 his
1311 2545 1445 2581 Iosephus
1461 2555 1468 2572 :
1483 2552 1574 2572 verum
1596 2543 1630 2571 de
1649 2550 1740 2570 sacer-

959 2595 1041 2622 dotali
1055 2598 1128 2622 veste
1149 2594 1175 2620 in
1189 2597 1285 2621 octavo
1302 2598 1328 2620 et
1344 2592 1449 2620 decimo
1468 2591 1653 2626 Archmologt’w
1671 2590 1740 2618 libro

959 2641 1016 2668 haec
1034 2645 1125 2667 narrat
1138 2647 1144 2665 :

997 2696 1006 2712 ι
1027 2685 1147 2714 Herodes
1163 2693 1208 2713 rex
1227 2685 1279 2713 hoc
1293 2685 1506 2713 calceamentum
1522 2682 1740 2712 commodissime

961 2754 1017 2789 ρείς
1030 2752 1074 2779 διὰ
1090 2752 1179 2788 πάσης
1194 2753 1244 2787 τῆς
1257 2753 1347 2789 αὐτῶν
1359 2752 1442 2789 ζωῆς,
1453 2752 1496 2789 δτε
1516 2751 1624 2789 χριστός
1635 2759 1678 2789 τις
1693 2751 1740 2789 κα).

960 2785 1102 2824 ἀρχιερεὺς
1117 2785 1208 2823 ἡγεῖτο
1222 2785 1268 2814 τοῦ
1285 2788 1361 2824 λαοῦ,
1372 2785 1466 2824 ὡς’διὰ
1477 2785 1550 2814 τουτὶ
1567 2786 1691 2824 είρῆσθαι
1702 2785 1741 2820 τῷ

960 2821 1076 2860 χρησμῷ
1087 2821 1132 2856 τὸ,
1142 2823 1193 2855 ἕως
1206 2823 1316 2859 χριστοῦ
1331 2823 1482 2860 ἡγουμένου
1490 2843 1498 2857 ,
1510 2838 1544 2843 -
1557 2821 1653 2859 πέρας.

996 2859 1036 2894 (ξι)
1052 2859 1162 2894 Ioseph.
1178 2859 1266 2894 Antiq.
1281 2867 1326 2892 xx,
1345 2859 1389 2891 tt,
1413 2859 1442 2886 5.
