2035 3214
319 172 388 202 “S7

668 173 801 201 EUSEBII
820 172 1057 202 CESARIENSIS
1077 172 1152 201 OPP.
1173 172 1274 202 PARS.
1296 173 1340 201 111.
1361 189 1395 194 ——
1410 171 1613 201 EXEGETICA.

1869 171 1939 197 “88

318 226 345 248 et
359 220 500 256 magniﬁce
517 223 674 255 apparatum
692 221 838 247 Antoniam
853 222 960 248 vocavit
983 222 1090 249 nomine

1152 221 1295 256 ἐπιτηδείῳ
1315 221 1441 256 κειμένην
1463 218 1667 250 κατασκευάσας
1690 218 1853 250 πολυτελῶς,
1879 219 1940 244 'Av-

316 272 344 296 et
364 267 452 298 magni
467 266 615 294 sacerdotis
632 266 762 299 tunicam,
785 271 814 294 ut
835 275 895 295 sese
916 268 1042 300 habebat,
1057 274 1100 294 as-

317 313 443 348 sumpsit,
469 312 536 339 nihil
564 312 694 340 adversus
721 320 751 340 se
777 320 792 339 a
814 313 1100 348 populu.moliendum

317 363 427 393 propter
447 365 506 385 eam
529 361 615 385 ratus.
643 357 704 392 Egit
729 358 855 385 similiter
877 357 991 385 Herodis
1018 357 1100 388 ﬁlius,

317 404 445 438 regnique
461 411 604 431 successor
624 404 784 437 Archelaus,
802 411 816 431 a
841 412 896 439 quo
913 403 1028 431 Romani
1048 403 1100 430 im-

316 451 421 485 perium
443 450 617 485 accipientes,
641 451 731 486 magni
755 451 905 479 sacerdotis
929 451 1046 478 tunicam
1071 450 1099 478 in

315 496 397 524 domo
417 497 490 524 saxis
513 497 644 524 aedificata
662 497 714 525 sub
731 498 997 533 sigilloincluserunt
1013 498 1062 534 (1).
1086 507 1096 523 ι

349 630 452 664 Quibus
475 631 556 664 igitur
571 631 721 659 certissime
736 636 818 666 patet,
835 633 970 667 praedictis
984 637 1097 670 ‘tempo-

314 677 390 704 ribus
413 677 568 712 prophetias
591 677 715 712 impletas
738 676 832 704 fuisse.
857 678 935 711 Quod
952 679 974 706 si
993 687 1046 707 non
1062 680 1096 708 iis

314 722 500 749 consentirent
522 722 686 754 circumcisi.
710 723 870 757 postulanda
894 727 967 751 esset
999 725 1033 752 ab
1062 726 1095 753 iis

314 767 367 794 alia
394 774 426 794 ac
444 771 536 794 nostra
556 767 637 802 hujus
660 767 807 802 Scriptura
825 769 877 796 loci
897 770 1094 805 interpretatio,

314 817 395 847 atque
411 813 445 840 iis
459 813 697 840 demonstrandum
717 814 794 848 juxta
807 815 879 849 ipsos
898 816 1038 845 mendacio
1052 825 1096 844 ar-

312 863 428 893 guantur
447 866 559 886 necesse
572 862 613 886 est
632 859 764 886 Gabrielis
781 860 980 894 praadictiones,
996 862 1018 890 si
1035 863 1096 890 nul-

314 903 356 930 lus
374 910 508 930 annorum
534 903 567 930 ab
589 911 621 930 eo
651 911 737 938 usque
757 903 791 930 ad
813 904 864 931 hoc
883 905 1014 940 temporis
1040 905 1095 933 fere

312 949 439 981 millium,
465 956 535 983 quos
559 949 760 983 pracnuntiavit,
783 949 871 976 adhuc
898 951 1027 978 evenerit.
1044 950 1096 978 Ve-

312 1001 373 1021 rum
396 994 474 1021 nobis
500 998 592 1030 aperte
615 1003 695 1022 verus
717 1003 807 1023 sermo
834 996 999 1029 ostenditur,
1018 997 1095 1031 juxta

312 1040 434 1068 sinceras
450 1048 519 1075 quas
536 1041 699 1075 protulimus
718 1042 971 1077 interpretationes:
988 1047 1015 1070 ct
1032 1050 1094 1070 cum

312 1086 346 1113 iis
378 1091 557 1121 congruenter
585 1086 705 1114 indicare
724 1086 803 1114 facile
822 1089 873 1114 erit
893 1088 1027 1122 quomodo
1045 1096 1094 1123 po-

310 1139 411 1160 strema
430 1138 491 1167 post
517 1133 584 1159 alias
603 1133 771 1160 hebdomada
795 1141 848 1160 una
865 1133 1033 1160 continuavit
1048 1143 1095 1169 pa-

310 1183 384 1206 ctum
413 1179 522 1210 multis.
548 1178 650 1206 Novum
671 1179 796 1207 salutaris
823 1180 1022 1214 praedicationis
1044 1181 1095 1209 Te-

310 1228 489 1256 stamentum,
509 1224 690 1259 diilusumque
721 1233 768 1260 per
800 1227 954 1254 universam
976 1232 1091 1258 terram.

309 1277 360 1296 nec
380 1270 436 1304 jam
454 1270 499 1297 uni
522 1270 572 1297 soli
594 1269 748 1297 Iudaeorum
773 1272 862 1306 genti,
890 1273 936 1300 sed
960 1278 987 1300 et
1008 1274 1093 1308 pluri-

308 1316 360 1343 bus
387 1316 586 1347 annuntiatum,
602 1317 639 1343 ita
662 1321 691 1343 ut
709 1317 768 1344 ideo
795 1318 946 1345 diceretur:
966 1328 974 1344 ι
989 1319 1093 1346 Conﬁr-

307 1361 392 1388 mabit
403 1365 510 1396 pactum
523 1361 613 1389 multis
624 1362 792 1390 hebdomada
804 1371 866 1390 una.
887 1374 896 1390 ι
915 1365 1092 1393 Animadver-

307 1405 419 1432 tendum
430 1409 471 1433 est
482 1406 553 1440 quod
563 1414 616 1432 non
624 1407 753 1434 continuo
762 1408 871 1443 reliquis
880 1409 1091 1438 hebdomadibus

307 1455 445 1485 postrema
460 1451 627 1478 hebdomada
643 1460 695 1478 una
702 1453 832 1486 succedit,
842 1463 921 1489 quam
932 1455 1013 1483 refert
1023 1456 1092 1484 Scri-

307 1501 387 1531 ptura
403 1497 621 1524 contirmaturam
636 1506 697 1526 esse
711 1503 818 1533 pactum
833 1501 934 1529 multis.
950 1502 1009 1530 Non
1017 1504 1090 1531 enim

307 1542 433 1570 similiter
453 1543 480 1570 in
501 1548 602 1578 septem
620 1548 645 1571 et
666 1545 804 1580 sexaginta
822 1546 928 1575 duabus
949 1548 1091 1576 hebdoma-

307 1588 397 1621 dibus,
416 1589 536 1624 atquein
554 1597 606 1616 una
621 1589 694 1618 fecit.
714 1590 742 1618 in
762 1592 900 1627 prioribus
918 1594 990 1621 enim
1007 1596 1090 1625 totius
1104 1603 1124 1632 ο

306 1634 437 1669 temporis
447 1642 588 1662 numerum
604 1637 731 1670 partitus,
751 1638 822 1665 inter
835 1642 937 1674 septem
947 1642 1091 1677 statimque

305 1680 446 1714 sexaginta
456 1680 523 1708 duas
540 1681 722 1710 hebdomadcs
736 1688 808 1711 recte
823 1689 931 1720 tempus
941 1687 1088 1721 ordinavit,

305 1729 408 1760 septem
430 1731 526 1762 aptans
543 1727 682 1762 sexaginta
702 1728 819 1761 duabus,
836 1731 910 1758 nullo
928 1732 1089 1767 interposito

305 1773 435 1807 temporis
445 1774 541 1807 spatio,
555 1773 592 1800 ita
606 1778 634 1800 ut
648 1774 742 1801 harum
753 1775 953 1804 hebdomadam
968 1778 1088 1807 historiae

304 1818 498 1846 concurdantia
514 1820 588 1846 nullo
604 1821 733 1854 temporis
745 1822 890 1850 intervallo
906 1822 1086 1859 frangeretur,

304 1862 347 1889 vel
375 1862 588 1898 disjungeretur.
606 1864 705 1892 Verum
726 1865 753 1892 in
772 1866 822 1893 hac
838 1875 891 1894 una
919 1868 1087 1897 hebdomade

304 1915 434 1942 magnum
451 1909 587 1944 quoddam
606 1910 679 1938 subit
692 1911 850 1945 discrimen,
870 1921 967 1949 magna
981 1915 1085 1944 dilatio.

306 1952 412 1980 Etenim
431 1958 491 1988 post
509 1954 694 1982 hebdomades
710 1957 851 1991 sexaginta
871 1957 949 1989 duas,
967 1959 1084 1993 primum

303 1998 388 2026 dicit:
408 2008 417 2024 ‹
434 1999 577 2026 Occidctur
588 2001 709 2028 christus
724 2007 750 2029 et
763 2003 898 2037 judicium
917 2011 971 2031 non
995 2009 1038 2032 est
1057 2005 1085 2032 in

302 2051 335 2070 eu
355 2043 395 2075 ³⁸;
412 2053 420 2069 ι
438 2044 509 2078 quod
526 2044 669 2072 manifeste
685 2045 799 2074 Herodis
816 2048 984 2083 temporibus
1010 2050 1084 2076 exitu

302 2090 444 2124 probatum
457 2094 512 2122 est;
526 2090 588 2117 dein
600 2091 709 2126 subjicit
727 2101 733 2120 :
757 2102 765 2117 ι
778 2092 809 2119 Ει
821 2094 960 2121 civitatem
972 2098 998 2121 et
1019 2102 1084 2122 san«

301 2135 438 2161 ctuarium
449 2135 591 2170 dissipabit
609 2137 724 2172 populus
743 2145 804 2165 cum
812 2139 881 2166 duce
895 2144 1018 2167 venturo.
1036 2141 1058 2156 "
1070 2151 1080 2167 ›

301 2179 368 2213 Quis
386 2185 473 2208 autem
489 2181 644 2217 dissipabit.
658 2184 711 2211 nisi
728 2184 880 2211 animarum
892 2186 977 2220 pestis
987 2186 1082 2213 diabo-

301 2225 361 2254 lus?
376 2225 442 2259 Quis
459 2227 512 2254 dux
529 2233 571 2255 est
586 2233 729 2260 venturus,
742 2230 795 2257 nisi
811 2232 857 2265 qui
874 2231 979 2265 primus
990 2240 1005 2259 e
1016 2241 1082 2267 gen-

301 2272 374 2299 tibus
399 2273 438 2301 eis
461 2274 604 2307 praefectus
628 2279 671 2302 est
696 2273 827 2307 Herodes,
851 2284 1079 2313 successoresque
1094 2277 1116 2305 D

300 2319 360 2353 ejus
374 2320 421 2354 qui
439 2327 511 2347 nunc
536 2328 623 2355 usque
639 2319 794 2349 Judaaorum
810 2326 949 2356 sceptrum
967 2331 1080 2360 accepe-

299 2364 385 2391 runt?
399 2363 475 2391 Sicut
493 2366 575 2400 igitur
588 2366 718 2400 pristinos
734 2368 826 2403 populi
845 2368 938 2401 duces,
966 2377 1079 2405 magnos

300 2410 404 2438 scilicet
425 2411 580 2439 sacerdotes
599 2421 609 2444 ι
628 2412 764 2440 christuni
777 2414 871 2442 ducem
901 2424 912 2441 ι
936 2415 1079 2451 allegorice

299 2456 407 2483 vocavit
423 2456 575 2492 prophetia,
594 2457 631 2484 ita
648 2458 710 2486 illos
725 2459 782 2494 qui,
798 2460 935 2494 prioribus
952 2462 1076 2494 sublatis,

299 2508 315 2528 e
329 2501 420 2536 gentili
437 2510 534 2536 genere
550 2503 633 2531 rebus
648 2504 824 2538 praefuerunt,
842 2514 852 2531 ι
871 2506 967 2534 ducem
980 2511 1078 2534 ventu-

299 2553 359 2573 rum
376 2556 386 2573 ι
401 2548 559 2582 nominavit,
575 2549 668 2577 dicens
685 2559 690 2576 :
712 2559 721 2575 ‹
750 2551 783 2578 Et
813 2551 948 2579 civitatem
972 2557 998 2579 et
1013 2559 1078 2580 san-

298 2591 432 2618 ctuarium
449 2592 592 2628 dissipabit
620 2595 735 2629 populus
754 2603 814 2623 cum
832 2597 900 2624 duce
920 2602 1050 2632 venturo;
1065 2608 1075 2625 ι

298 2635 369 2670 quod
388 2636 495 2671 quidem
511 2638 633 2672 apertius
653 2640 749 2674 Aquila
765 2641 928 2676 significavit
943 2642 994 2670 hoc
1018 2651 1076 2671 mo-

298 2679 344 2712 do,
360 2688 369 2706 ι
390 2679 422 2706 Et
440 2681 577 2709 civitatem
604 2689 631 2710 et
654 2686 841 2712 sanctuarium
864 2686 1007 2722 dissipabit
1028 2696 1078 2723 po-

298 2723 378 2758 palus
393 2725 472 2754 ducis
494 2727 610 2755 venturi.
631 2738 640 2754 ι
657 2730 830 2764 Compertum
847 2736 889 2760 est
913 2733 985 2760 enim
1009 2741 1077 2769 quo-

336 2781 357 2797 "
378 2780 445 2811 Dan.
463 2791 501 2816 Ix,
515 2783 559 2812 26.
598 2785 622 2801 ³⁸
642 2785 707 2814 ibid.

337 2838 375 2868 H)
391 2835 501 2869 Joseoh.
515 2842 602 2873 Antia.
619 2850 696 2874 xvtn.
712 2844 740 2874 ι,
753 2845 790 2877 5.,

1112 927 1132 954 Β

1153 268 1251 294 τωνίαν
1265 266 1342 294 καλεῖ
1351 267 1444 301 ὄνομα,
1458 266 1503 293 καὶ
1516 265 1564 301 τὴν
1576 264 1668 300 στολὴν
1679 264 1727 300 τὴν
1739 264 1938 300 ἀρχιερατικὴν

1154 313 1247 348 ὥσπερ
1272 312 1319 339 καὶ
1343 311 1473 347 λαμῦάνει
1488 311 1550 347 τῇδε
1579 310 1706 345 κειμένην
1729 311 1864 344 κατεῖχεν,
1892 318 1939 336 πι-

1154 359 1256 385 στεύων
1265 358 1339 385 οὑδὲν
1353 360 1504 394 νεωτεριεῖν
1518 358 1560 384 ἐπ’
1571 356 1644 392 αὐτῷ
1656 356 1702 383 τὸν
1715 356 1777 383 λαὸν
1789 356 1820 383 δι’
1835 357 1934 392 αὑτήν.

1154 405 1293 441 Ἐπρασσε
1308 404 1335 431 δὲ
1346 404 1380 431 τὰ
1396 405 1475 440 ὃμοια
1487 403 1525 439 τῷ
1546 403 1653 439 Ἡρώδῃ
1664 403 1710 429 καὶ
1722 403 1736 428 ὁ
1752 402 1936 429 ἐπικαταστα-

1152 449 1208 482 Θεὶς
1224 449 1297 484 αὐτῷ
1309 449 1432 485 βασιλεὺς
1450 449 1601 484 Ἀρχέλαος,
1617 447 1732 482 υἱὸς,ὣν,
1748 448 1811 482 παρ’
1826 445 1856 474 οὗ
1872 447 1936 474 Ῥω-

1154 497 1229 531 μαῖοι
1245 495 1429 531 διαδεξάμενοι
1452 495 1501 530 τὴν
1517 495 1602 530 ἀρχὴν
1618 493 1747 529 ὲκράτουν
1763 493 1813 528 τῆς
1838 493 1935 527 στολῆς

1147 539 1195 565 τοῦ
1210 539 1360 575 ἀρχιερέως
1371 539 1553 574 ἀποκειμένης
1569 539 1597 564 ἐν
1620 538 1685 572 οἴκῳ
1697 537 1769 564 λίθου
1791 535 1934 573 οἰκοδομη-

1148 585 1222 611 θέντι
1233 585 1285 611 ὑπὸ
1297 585 1434 620 σφραγῖδι.
1448 594 1458 610 ι

1189 632 1236 658 Ἐκ
1252 631 1284 667 δὴ
1299 630 1400 658 τούτων
1417 630 1613 666 ἀναμφίλεκτος
1630 629 1726 663 γένοιτ’
1751 629 1784 656 ἂν
1797 628 1934 660 ἀπόδειξις

1147 678 1188 705 ὃτι
1203 677 1234 713 δὴ
1257 676 1326 704 κατὰ
1339 677 1401 708 τοὺς
1421 676 1599 712 δηλουμένους
1620 675 1731 710 χρόνους
1751 674 1785 702 τὰ
1801 675 1851 710 τῆς
1866 683 1933 710 προσ

1149 723 1261 758 φητείας
1278 722 1450 758 περιγραφῆς
1467 721 1569 757 ἔτυχεν·
1586 723 1610 748 εἰ
1632 721 1660 748 δὲ
1676 722 1713 757 μὴ
1731 721 1937 756 συνομολογοῖεν

1148 769 1251 800 τούτοις
1264 769 1287 795 οἱ
1307 769 1339 794 ἑκ
1353 768 1511 803 περιτομῆς,
1527 767 1649 802 αἰτητέον
1662 767 1758 798 αὐτοὺς
1772 767 1868 802 ἑτέραν
1881 776 1934 794 παο

1150 814 1184 850 ρὰ
1200 815 1249 850 τὴν
1263 814 1399 849 ἡμετέραν
1414 813 1463 847 τῆς
1478 813 1587 849 Γραφῆς
1603 813 1735 848 διήγησιν,
1752 813 1800 839 καὶ
1816 812 1933 839 δεικτέον

1148 859 1185 891 ὡς
1197 859 1249 894 ἄρα
1263 859 1322 885 κατ’
1339 859 1436 890 αὐτοὺς
1449 858 1554 893 ψευδεῖς
1571 859 1675 894 ἀνάγκη
1688 858 1736 889 τὰς
1749 858 1796 885 τοῦ
1809 858 1934 892 τηλικθὺ-

1147 913 1192 930 του
1207 903 1325 939 Γαϐριὴλ
1340 903 1536 938 ἀπελέγχεσθαι
1552 904 1725 939 προρρήσεις,
1743 905 1766 930 εἰ
1781 903 1864 938 μηδὲν
1877 904 1933 930 τῶν

1148 950 1455 985 προαναπεφωνημένων
1470 950 1499 983 ἑξ
1515 950 1618 977 ἑκείνου
1632 950 1679 976 καὶ
1690 951 1729 981 εὶς
1741 949 1820 985 δεῦρο
1839 949 1934 984 χιλίων

1147 995 1196 1031 ἤδη
1221 995 1421 1030 πλησιαζόντων
1441 995 1508 1021 ἑτῶν
1533 996 1685 1030 γεγένηται.
1720 995 1788 1022 Ἀλλ’
1813 997 1880 1030 ἡμῖν
1900 1004 1932 1030 γε

1148 1041 1240 1076 σαφῶς
1260 1041 1363 1077 ἀληθὴς
1376 1042 1390 1068 ὁ
1404 1041 1481 1075 λόγος
1502 1041 1690 1068 ἀποδείκνυται
1702 1041 1773 1068 κατὰ
1787 1042 1836 1073 τὰς
1852 1042 1933 1069 ἀὸιάί

1148 1095 1216 1118 στως
1240 1087 1436 1122 παρατεθείσας
1452 1089 1517 1123 ἡμῖν
1540 1087 1687 1122 διηγήσεις,
1711 1085 1755 1119 αἷς
1777 1087 1931 1120 ἀκολούθως

1146 1133 1257 1168 εὐχερὲς
1279 1133 1422 1159 ἀποδοῦναι
1441 1133 1502 1159 τίνα
1527 1133 1626 1168 τρόπον
1643 1134 1689 1160 καὶ
1710 1134 1726 1169 ἡ
1751 1133 1820 1168 μετὰ
1843 1134 1930 1165 πάσας

1147 1179 1247 1214 ὑστάτη
1261 1171 1443 1215 ἐπιφερομένη
1458 1179 1574 1215 ἑϐδομὰς
1596 1179 1644 1215 μία
1658 1180 1859 1215 ἑνεδυνάμωσεν
1871 1180 1930 1207 δια-

1146 1224 1232 1260 θήκην
1257 1225 1362 1256 πολλοῖς
1374 1245 1381 1257 ,
1402 1225 1450 1260 τὴν
1467 1225 1569 1259 Καινὴν
1587 1224 1720 1260 Διαθήκην
1731 1225 1777 1252 τοῦ
1795 1225 1929 1261 σωτηρίου

1146 1271 1331 1306 κηρύγματος,
1346 1271 1395 1306 τὴν
1418 1271 1464 1297 ἑπὶ
1487 1272 1576 1297 πᾶσαν
1592 1271 1755 1297 διαδοθείσαν
1775 1271 1825 1306 τὴν
1843 1272 1930 1297 οἰκου-

1146 1317 1238 1352 μένην,
1256 1317 1302 1343 καὶ
1317 1317 1406 1343 οὐκέτι
1421 1317 1469 1351 μὲν
1485 1317 1524 1343 ἑνὶ
1542 1317 1613 1352 μόνῳ
1628 1316 1666 1351 τῷ
1692 1316 1825 1342 Ἰουδαίων
1847 1316 1929 1348 ἔθνει.

1144 1362 1201 1388 ἀλλ’
1214 1362 1264 1397 ἤδη
1278 1362 1324 1388 καὶ
1339 1362 1442 1388 πλείοσι
1457 1361 1646 1397 κηρυχθεῐσαν,
1658 1361 1721 1387 ὥστ’
1744 1361 1776 1388 ἂν
1793 1361 1837 1388 διὰ
1852 1361 1929 1388 τοῦτο

1144 1408 1267 1444 εἰρῆσθαι
1297 1408 1342 1434 καὶ
1371 1408 1411 1439 τὸ,
1443 1417 1452 1434 t
1472 1407 1629 1443 Δυναμώσει
1659 1407 1794 1443 Διαθήκην
1822 1408 1929 1440 πολλοῖς

1144 1453 1258 1489 ἑϐδομὰς
1274 1454 1332 1489 μία.
1352 1463 1360 1479 ι
1381 1453 1539 1488 Ἐπιστῆσαι
1558 1453 1585 1479 δὲ
1602 1452 1719 1486 εὔλογον,
1737 1453 1777 1479 ὃτι
1803 1453 1840 1489 μὴ
1866 1453 1929 1488 ἑξῆς

1143 1501 1201 1531 ταῖς
1213 1499 1318 1531 λοιπαῖς
1331 1499 1474 1534 ἑϐδομάσιν
1488 1499 1653 1535 ήτελευταια
1669 1498 1784 1534 ἑὸδομὰς
1803 1500 1853 1534 μία
1868 1508 1930 1525 σον-

1142 1546 1236 1581 ἧπται,
1254 1546 1287 1581 ἦν
1303 1555 1383 1582 φησιν
1405 1548 1419 1573 ὁ
1439 1546 1516 1580 λόγος
1531 1545 1699 1581 δυναμώσειν
1719 1546 1857 1581 Διαθήκην
1873 1547 1929 1577 τοῖς

1143 1592 1258 1624 πολλοῖς·
1274 1593 1304 1619 οὐ
1321 1593 1375 1629 γὰρ
1386 1593 1423 1624 ὠς
1437 1593 1483 1619 ὲπὶ
1495 1592 1548 1619 τῶν
1562 1592 1583 1624 ξ’
1596 1592 1642 1620 καὶ
1657 1592 1694 1627 ξβ¹
1711 1592 1867 1627 ἑϐδομάδων
1880 1593 1928 1618 καὶ

1141 1639 1188 1665 ἐπὶ
1200 1638 1249 1673 τῆς
1265 1639 1329 1674 μιᾶς
1345 1639 1502 1674 πεποίηκεψ
1518 1639 1561 1665 ἑπ’
1575 1639 1684 1665 ἐκείνων
1691 1639 1740 1673 μὲν
1753 1637 1818 1674 γὰρ,
1835 1638 1928 1665 διελὼν

1138 1684 1186 1711 τοῦ
1203 1685 1303 1717 παντὸς
1315 1685 1409 1721 χρόνου
1424 1685 1470 1712 τὸν
1481 1685 1595 1721 ἀριθμὸν
1607 1685 1646 1717 εἵς
1659 1693 1689 1711 τε
1703 1685 1752 1716 τὰς
1767 1685 1791 1717 ζ’
1805 1685 1853 1711 καὶ
1863 1684 1927 1720 ἑξῆς

1139 1730 1188 1763 τὰς
1212 1730 1251 1766 ξβ¹
1269 1731 1426 1766 ἑϐδομάδας,
1442 1731 1615 1766 συνημμένην
1639 1731 1782 1766 πεποίηται
1797 1731 1846 1766 τὴν
1860 1731 1927 1757 διαί-

1139 1784 1223 1810 ρεσιν.
1238 1777 1297 1807 ταῖς
1310 1775 1331 1808 ζ’
1340 1775 1389 1807 τὰς
1401 1775 1440 1810 ξβ¹
1452 1775 1579 1810 συνάψας,
1593 1775 1639 1801 καὶ
1653 1775 1751 1810 μηδένα
1762 1775 1858 1810 χρόνον
1872 1783 1924 1809 μη-

1137 1821 1165 1847 δὲ
1181 1821 1278 1856 πρᾶξιν
1294 1821 1393 1857 μεταξὺ
1408 1821 1580 1854 καταλιπὼν,
1604 1822 1644 1848 ὄτι
1663 1821 1721 1856 μηδ’
1735 1821 1886 1856 ἑμφέρεταί
1899 1829 1924 1847 τι

1136 1866 1281 1902 διάλειμμα
1295 1867 1389 1902 χρόνου
1403 1866 1524 1902 διαιροῦν
1538 1867 1585 1894 καὶ
1595 1866 1766 1900 διαζευγνύον
1779 1867 1810 1893 τὸ
1823 1875 1925 1901 συνημρ

1138 1912 1216 1948 μένον
1231 1913 1281 1947 τῆς
1296 1914 1356 1939 κατ’
1372 1913 1479 1945 ὲκείνας
1493 1912 1541 1944 τὰς
1555 1913 1703 1948 ἑϐδομάδας
1715 1913 1847 1948 ἱστορίας.
1862 1912 1924 1939 Ἐπὶ

1134 1959 1163 1985 δὲ
1183 1959 1232 1994 τῆς
1248 1959 1448 1995 ἐπιφερομένης
1463 1959 1607 1994 ἑϐδομάδος
1621 1959 1685 1994 μιᾶς
1700 1959 1794 1994 μακρά
1814 1967 1857 1990 τις
1877 1959 1924 1984 καὶ

1134 2004 1363 2041 ἀπεσχοινισμένη
1392 2005 1518 2040 τυγχάνει
1544 2004 1678 2040 διαστολή.
1706 2003 1784 2031 Μετὰ
1805 2003 1859 2039 γὰρ
1873 2004 1924 2036 τὰς

1133 2050 1281 2086 ἑϐδομάδας
1294 2051 1343 2082 τὰς
1358 2050 1394 2085 ξβ¹
1409 2051 1516 2086 πρῶτόν
1532 2058 1623 2085 φησιν·
1649 2059 1658 2076 ι
1685 2049 1922 2085 Ἐξολοθρευθήσε-

1133 2105 1178 2123 ται
1200 2097 1299 2132 χρίσμα
1311 2117 1318 2128 ,
1332 2098 1378 2124 καὶ
1400 2099 1485 2133 κρῖμα
1502 2097 1551 2123 οὐκ
1564 2096 1635 2124 ἔστιν
1651 2098 1680 2122 ἑν
1696 2096 1778 2131 αὐτῷ,
1798 2105 1807 2121 ι
1836 2096 1850 2122 ὃ
1876 2096 1925 2122 καὶ

1133 2143 1265 2179 πρόδηλον
1278 2144 1338 2170 τίνα
1354 2144 1453 2178 τρόπον
1470 2143 1556 2179 πέρας
1570 2143 1681 2178 εἴληφεν
1702 2143 1747 2168 ἐπὶ
1761 2142 1816 2169 τῶν
1833 2141 1923 2177 Ἠρώ-

1132 2188 1177 2215 δου
1192 2189 1304 2224 χρόνων·
1323 2187 1381 2216 εἶτά
1394 2197 1468 2224 φησι·
1491 2199 1500 2215 ‹
1521 2189 1575 2216 Καὶ
1591 2189 1640 2224 τὴν
1654 2188 1729 2215 πόλιν
1742 2189 1790 2214 καὶ
1802 2188 1834 2214 τὸ
1845 2188 1923 2222 ἅγιον

1132 2234 1272 2271 διαφθερεῖ
1287 2236 1334 2262 σὺν
1350 2235 1388 2270 τῷ
1407 2235 1438 2270 (I'.
1460 2235 1504 2267 4‘2,
1523 2235 1562 2265 νυ)
1585 2234 1729 2270 ἡγουμένῳ
1747 2233 1786 2268 τῷ
1803 2234 1921 2270 ἑρχομέ-

1130 2288 1191 2312 νῳ.»
1222 2279 1269 2311 Τίς
1282 2279 1309 2306 δὲ
1341 2280 1509 2316 διαφθερείῆ
1528 2280 1580 2307 τῶν
1595 2280 1688 2315 ψυχῶν
1716 2280 1730 2306 ὁ
1759 2279 1921 2314 διαφθορεῐος

1133 2325 1273 2359 διάὸολος;
1307 2326 1355 2358 Τίς
1378 2326 1407 2353 δὲ
1441 2327 1586 2362 ἐρχόμενος
1619 2325 1770 2361 ἡγούμενος
1804 2325 1822 2361 ἢ
1847 2327 1861 2352 ὁ
1891 2325 1921 2358 ἐξ

1132 2370 1216 2398 ἐθνῶν
1241 2371 1348 2407 πρῶτος
1370 2372 1459 2398 αὐτῶν
1475 2371 1647 2407 ἡγησάμενος
1663 2371 1797 2406 Ἡρώδης,
1823 2370 1869 2396 καὶ
1895 2371 1919 2396 οί

1133 2417 1190 2452 μετ’
1207 2417 1287 2443 αὐτὸν
1303 2418 1343 2448 είς
1357 2417 1436 2453 δεῦρο
1456 2417 1504 2452 τὴν
1528 2418 1599 2444 κατὰ
1622 2417 1753 2444 Ἰουδαίων
1770 2417 1920 2452 ἡγεμονίαν

1130 2461 1311 2497 διειληφότεςς
1330 2462 1433 2498 ’Ὠσπερ
1454 2463 1518 2497 γοῦν
1535 2462 1596 2494 τοὺς
1622 2461 1705 2489 πάλαι
1729 2461 1818 2488 αὐτῶν
1835 2462 1916 2496 ἠγου.

1133 2507 1227 2542 μένους
1241 2508 1376 2544 ἀρχιερεῖς
1392 2517 1400 2534 ι
1412 2509 1675 2544 χριστὺνὴγούμενον
1688 2518 1697 2533 ι
1709 2506 1919 2542 αἰνιγματωδῶς

1131 2556 1276 2589 προσεῖπεν
1292 2555 1307 2590 ὴ
1320 2550 1480 2590 προφητεία,
1501 2555 1545 2581 τὸν
1560 2551 1639 2581 αὖτὶν
1652 2554 1750 2589 τρόπον
1765 2553 1829 2584 τοὺς
1847 2553 1919 2588 μετὰ

1129 2599 1178 2634 τὴν
1195 2600 1305 2626 ἐκείνων
1323 2600 1492 2627 κατάπαυσιν
1511 2599 1540 2632 ἑξ
1565 2596 1649 2626 ἐθνῶν
1663 2600 1752 2626 αὐτῶν
1779 2599 1919 2634 ἄρξαντας

1132 2653 1141 2669 ι
1153 2644 1296 2680 ἐρχόμενον
1308 2645 1471 2681 ἡγούμενον»
1483 2642 1693 2681 προσηγόρευσε,
1706 2645 1824 2680 φήσασα·
1838 2654 1847 2669 ι
1861 2644 1918 2670 Καὶ

1130 2688 1178 2724 τὴν
1211 2689 1286 2717 πόλιν
1314 2691 1360 2717 καὶ
1383 2691 1413 2717 τὸ
1442 2690 1518 2725 ἅγιον
1542 2690 1679 2725 διαφθερεῖ
1700 2690 1749 2716 σὺν
1773 2688 1814 2724 τῷ
1832 2689 1916 2724 ἠγορε-

1133 2735 1207 2772 μένῳ
1233 2735 1271 2772 τῷ
1292 2737 1440 2772 ἐρχομένῳ·
1457 2745 1467 2763 ι
1486 2737 1554 2772 ὅπερ
1570 2735 1734 2772 σαφέστερον
1756 2736 1771 2762 ὁ
1799 2733 1918 2765 Ἀκύλας
