2035 3214
155 170 226 199 1189

644 171 789 200 Εςιοσιε
809 172 1168 202 ΡιιοΡΗΕτισιε.-ιιο.
1186 173 1233 201 lll.

1708 177 1777 206 H90

155 230 287 258 ἐκδέδωκε
314 231 446 267 ποιήσας,
465 240 474 256 ι
491 231 545 257 Καὶ
569 230 618 266 τὴν
643 231 720 259 πόλιν
744 233 791 260 καὶ
813 233 843 260 τὸ
868 233 939 268 ἅγιοι

997 232 1077 260 modo
1111 232 1228 267 populus
1261 231 1454 266 exercitusque
1488 231 1604 259 istorum
1635 233 1684 268 qui
1715 239 1777 269 post

153 277 293 313 διαφθερεῖ
321 277 384 309 λαὸς
407 277 557 313 ἡγουμένου
583 278 741 314 ἐρχομένου.
756 289 764 305 ι
789 280 842 306 Καὶ
873 280 941 316 πρό-

154 324 233 359 δηλον
258 325 331 356 ὅπως
356 325 369 350 6
391 324 454 356 λαὸς
479 325 525 351 καὶ
548 325 562 350 6
585 325 698 360 στρατὸς
718 325 771 352 τῶν
788 325 856 360 μετὰ
879 327 943 358 τοὺς

154 370 280 405 χριστοὺς
305 370 472 405 ἡγουμένους
503 370 551 406 τὴν
585 371 655 398 κατὰ
694 371 825 398 Ἰουδαίων
854 372 941 408 ἀρχὴν

153 416 351 452 διαδεξαμένων
380 417 409 450 ἐξ
435 417 518 444 ἐθνῶν
541 418 699 453 ἡγουμένων
713 439 720 450 ,
744 419 835 454 νόμοις
858 419 941 446 ἐθνῶν

154 460 304 497 χρώμενος,
331 462 378 488 καὶ
402 462 451 497 τὴν
471 463 545 489 πόλιν
570 464 616 490 καὶ
640 463 670 490 τὸ
691 464 766 498 ἅγιον
795 464 940 500 διέφθειρε,

154 507 202 535 καὶ
217 508 231 534 ὁ
246 508 316 534 κατὰ
335 507 452 534 διάνοιαν
472 508 499 535 δὲ
520 509 574 534 τῶν
595 509 687 544 ψυχῶν
710 509 860 545 ἡγούμενος
877 511 941 545 φθο-

155 554 219 588 ρεὺς
242 554 290 580 σὺν
314 553 354 588 τῷ
377 554 519 590 ἡγουμένῳ
543 554 582 590 τῷ
604 556 674 582 κατὰ
696 555 745 591 τὴν
773 557 940 591 προφητείαν

153 598 293 634 ἐληλυθότι
316 599 405 626 πᾶσαν
422 599 523 635 φθορὰν
542 601 712 636 ὲνηργήσατο
728 601 802 637 αὐτῷ
825 610 854 628 τε
874 603 941 638 πρό-

153 654 232 682 τερον
255 646 294 681 τῷ
317 646 384 681 λαῷ,
407 648 522 679 καὶτοῖς
545 648 594 682 τὴν
612 648 687 675 πόλιν
709 649 841 675 ἐνοικοῦσι
867 649 941 676 πολί-

153 699 223 723 ταις,
243 690 336 718 ἔπειτα
358 691 385 718 δὲ
406 693 454 719 καὶ
479 693 518 728 τῷ
539 693 597 728 ναῷ
617 694 663 720 καὶ
684 696 716 730 τῇ
741 694 822 721 πάλαι
847 704 939 722 συντε-

153 736 270 773 λουμένῃ
283 738 311 763 έν
329 737 402 773 αὐτῷ
417 737 537 774 λατρεία.
550 739 604 765 Καὶ
618 739 719 775 ταύτην
736 748 767 774 γε
787 741 876 768 αἰτίαν
891 743 939 777 τῆς

154 782 311 817 παραυτίκα
347 784 533 818 γεγενημένης
563 784 610 810 τοῦ
642 785 760 820 Χριστοῦ
789 786 939 821 παρουσίας

154 827 340 862 προσημαῖνόν
356 836 406 853 που
418 827 487 854 θεῖον
497 828 586 863 λόγιόν
607 837 696 864 φησιν·
713 839 721 855 ι
735 830 835 866 Κύριος
847 831 879 857 ὲκ
891 831 937 857 τοῦ

153 871 268 906 οὐρανοῦ
280 871 403 907 διέκυψεν
421 873 466 898 ἐπὶ
485 874 547 904 τοὺς
561 874 635 904 υἱοὺς
649 873 702 900 τῶν
719 874 880 910 ἀνθρώπων,
892 874 938 901 τοῦ

156 917 219 944 ῑδείν
232 917 256 943 εί
276 917 332 944 ἔστι
358 917 463 948 συνιὼν,
479 918 494 953 ἢ
509 917 631 954 ἐκζητῶν
658 919 703 945 τὸν
729 920 805 946 Θεόν.
835 920 938 952 Πάντες

153 962 301 996 ἐξέκλιναν,
318 963 376 998 ἆμα
387 963 646 1000 ἠχρειώθησαν,οὺκ
662 965 719 992 ἔστι
728 965 811 992 ποιῶν
823 967 938 1002 χρηστό-

153 1018 233 1045 τητα,
247 1010 296 1036 οὐκ
311 1009 386 1036 ἔστιν
397 1010 449 1042 ἓως
462 1011 529 1042 ἑνός,
542 1020 551 1036 ›
570 1009 627 1037 Εἴθ’
639 1011 676 1043 ὡς
695 1011 872 1048 διεφθορότων
885 1013 938 1039 τῶν

153 1055 399 1091 προδεδηλωμένων
407 1056 440 1082 τὰ
450 1056 635 1092 διαληψόμενα
646 1057 742 1089 αὐτοὺς
754 1058 938 1094 προδιδάσκων

153 1102 169 1128 ὀ
184 1101 261 1136 λόγος
273 1102 351 1138 φησί’
371 1112 379 1128 ι
397 1103 452 1129 Καὶ
470 1103 633 1138 κοπήσονται
646 1104 675 1130 ὲν
691 1103 730 1138 τῷ
744 1103 937 1140 κατακλυσμῷ,

154 1147 201 1174 καὶ
217 1148 263 1174 ἐπὶ
276 1147 402 1174 τοσοῦτόν
417 1156 447 1182 γε
461 1148 636 1184 κοπήσονται,
648 1148 699 1180 ἕως
710 1149 804 1181 τέλους
820 1150 938 1186 πολέμου

155 1193 372 1229 συντετμημένου
389 1195 567 1229 ἀφανισμοῖς·
580 1204 589 1219 ι
611 1194 651 1221 ἔτι
678 1195 706 1221 δὲ
723 1195 823 1222 τούτων
847 1205 940 1223 συντε-

153 1236 290 1272 λουμένων
304 1246 334 1264 τε
347 1239 393 1264 καὶ
405 1239 617 1274 ἐνεργουμένων,
630 1248 638 1264 ι
650 1239 704 1266 Καὶ
720 1240 871 1275 δυναμὼσει
881 1241 938 1268 δια-

154 1282 243 1318 θήκην
256 1283 362 1315 πολλοῖς
382 1283 497 1319 ὲεδομὰς
525 1284 583 1319 μία.
597 1294 605 1310 ι
627 1285 701 1319 Αὕτη
718 1285 739 1312 δ’
755 1285 787 1312 ἂν
804 1287 845 1322 εἴη
862 1287 878 1321 ἡ
892 1286 938 1313 τοῦ

155 1329 289 1365 σωτηρίου
307 1329 493 1365 κηρύγματος,
509 1330 542 1356 δι’
557 1328 587 1357 οὗ
601 1331 650 1365 τῆς
667 1332 771 1366 Καινῆς
786 1332 836 1367 τὴν
849 1332 939 1368 παρά-

152 1375 226 1402 δοσιν
239 1375 375 1411 Διαθήκης
396 1376 409 1401 6
429 1377 524 1412 Σωτὴρ
539 1377 585 1402 καὶ
611 1377 712 1412 Κύριος
732 1377 810 1412 ἡμῶν
837 1377 939 1413 Ἰησοῦς

153 1420 270 1456 Χριστὸς
295 1421 323 1446 ὲν
352 1420 457 1452 πολλοῖς
483 1421 689 1456 μαθητευθεῖσιν
720 1422 792 1457 αὐτῷ
815 1423 939 1450 ἐνεδυνά-

154 1473 246 1500 μωσε⁸
266 1465 326 1492 τοτὲ
344 1466 392 1500 μὲν
410 1466 463 1501 πρὸ
483 1466 530 1492 τοῦ
553 1466 654 1498 πάθους
673 1466 758 1492 συνὼν
780 1467 870 1498 αὐτοῖς
893 1468 939 1494 καὶ

153 1510 426 1546 συμπολιτευόμενος,
449 1513 508 1538 τοτὲ
521 1512 549 1538 δὲ
568 1513 613 1538 καὶ
632 1521 641 1537 ι
657 1512 725 1546 μετὰ
740 1512 789 1547 τὴν
808 1513 938 1548 ἀνάληψιν

151 1556 185 1583 δι’
197 1557 308 1592 ἡμερῶν
319 1560 343 1592 μ’
354 1557 535 1592 ὀπτανόμενος
545 1558 636 1589 αὐτοῖς
645 1559 690 1584 καὶ
701 1557 936 1594 συναυλιζόμενος,
951 1574 972 1602 C

152 1602 201 1628 καὶ
211 1602 296 1637 λέγων
312 1603 347 1630 τὰ
364 1604 427 1639 ¹περὶ
440 1605 488 1638 τῆς
500 1602 637 1638 βασιλείας
651 1603 696 1630 τοῦ
707 1604 773 1630 Θεοῦ
785 1613 791 1619 ·
805 1614 814 1630 ›
832 1604 871 1631 διδ
889 1605 934 1631 καὶ

155 1658 166 1674 ι
179 1649 368 1685 παρήγγελλεν
390 1651 480 1682 αὐτοῖς
498 1651 550 1677 ἀπὸ
572 1650 763 1686 Ἰεροσολύμων
791 1650 828 1686 μὴ
851 1651 934 1686 χωρί-

152 1694 255 1726 ζεσθαι.
270 1705 279 1720 ι
302 1696 409 1731 Ταύτης
433 1696 460 1722 δὲ
484 1697 533 1732 τῆς
557 1696 702 1730 ἑϐδομάδος
730 1696 758 1723 ἐν
781 1696 819 1731 τῷ
842 1697 935 1732 ἡμίσει

152 1739 186 1767 δι’
197 1740 230 1776 ἢν
244 1741 376 1768 πέπονθεν
393 1742 445 1768 ὑπὸ
460 1742 592 1768 Ἰουδαίων
607 1741 750 1777 ἐπιϐουλὴν
767 1743 814 1768 καὶ
830 1742 862 1769 τὰ
873 1742 936 1768 ἀκό-

152 1786 234 1814 λουθα
248 1789 296 1823 τῆς
317 1787 392 1819 θείας
409 1787 553 1823 ἐπληρώθη
568 1788 760 1823 προρρήσεως·
784 1789 855 1823 ἀμφὶ
871 1788 936 1823 γοῦν

153 1831 187 1859 τὰ
200 1833 263 1868 τρία
276 1833 361 1868 ἥμισυ
382 1833 428 1869 ἐτη
449 1834 569 1870 κηρύξας
584 1834 630 1861 καὶ
648 1834 700 1860 ἀπὸ
718 1834 767 1869 τῆς
784 1833 837 1860 τῶν
850 1835 937 1868 Εὐαγ-

154 1876 251 1910 γελίων
266 1878 430 1913 παρίσταται
441 1878 550 1914 γραφῆς
560 1886 566 1893 ·
580 1878 619 1905 διὸ
634 1879 754 1914 εῐρηται’
771 1888 779 1903 ι
795 1879 849 1904 Καὶ
859 1879 887 1904 ἐν
899 1878 937 1913 τῷ

992 277 1111 305 christos
1139 277 1224 305 duces
1252 277 1280 304 in
1309 276 1418 304 Judaaos
1448 277 1593 313 imperium
1621 279 1777 314 obtinuere,

990 323 1110 359 gentium
1141 331 1208 351 usus
1235 323 1350 359 legibus,
1376 324 1571 360 civitatemque
1597 329 1624 352 et
1647 331 1778 354 sanctua-

991 369 1061 396 rium
1092 368 1289 404 pessumdedit,
1311 373 1338 397 et
1361 370 1496 406 spirituali
1515 379 1598 398 sensu
1622 372 1776 400 animarum

991 415 1069 450 quasi
1095 416 1180 450 pestis
1196 415 1295 449 factus,
1315 424 1377 444 cum
1401 416 1470 444 duce
1485 417 1543 452 qui,
1557 417 1636 452 juxta
1657 419 1777 454 prophe—

991 459 1134 494 tiam,jam
1151 464 1272 493 venerat,
1295 468 1402 488 omnem
1418 462 1568 495 perniciem
1585 462 1612 489 in
1628 464 1774 498 pristinum

990 505 1119 540 populum
1129 510 1210 541 atque
1225 506 1252 532 in
1260 506 1378 533 civitatis
1388 507 1506 539 incolas,
1520 508 1582 535 dein
1593 509 1620 535 in
1633 509 1774 544 templum,

990 555 1163 586 veteremque
1193 553 1296 578 cultum
1323 552 1350 578 in
1376 559 1408 579 eo
1437 553 1569 580 usitatum
1597 555 1773 589 excogitavit.

990 595 1066 623 Ilanc
1079 604 1143 624 vero
1157 604 1269 624 causam
1284 596 1386 624 Christi
1415 597 1612 625 incarnationis
1635 607 1695 633 qua:
1710 607 1774 634 pro-

989 642 1065 670 tinus
1078 643 1148 669 facta
1164 646 1217 674 est,
1243 642 1443 677 quodammodo
1459 645 1578 672 ostendit
1592 645 1684 673 divina
1699 646 1774 674 Scri-

991 692 1070 723 ptura
1081 688 1177 717 dicens
1198 698 1205 717 :
1233 698 1241 714 ι
1264 689 1396 717 Dominus
1411 690 1443 717 de
1458 691 1528 718 emlo
1541 692 1681 727 prospexit
1693 701 1775 728 super

990 735 1060 762 ﬁlios
1075 735 1228 767 hominum,
1246 739 1277 762 ut
1287 735 1377 763 videat
1390 735 1413 763 si
1427 740 1468 763 est
1483 737 1648 772 intelligens,
1668 742 1714 765 aut
1730 746 1773 766 re-

989 782 1101 816 quirens
1117 781 1212 808 Deum.
1229 781 1329 808 Omnes
1340 781 1554 815 declinaverunt,
1564 784 1645 810 simul
1660 784 1773 812 inutiles

989 826 1053 854 facti
1069 832 1133 855 sunt
1148 836 1157 854 :
1178 835 1233 855 non
1254 832 1297 856 est
1313 828 1360 862 qui
1378 828 1460 855 faciat
1473 829 1585 861 bonum,
1603 837 1658 857 non
1671 835 1712 858 est
1724 838 1772 858 us-

989 881 1041 907 que
1056 874 1089 900 ad
1104 882 1189 901 unum
1205 874 1238 902 ".
1255 885 1264 901 ι
1281 874 1346 902 Dein
1363 876 1390 903 in
1403 876 1471 903 istos
1485 875 1518 902 ad
1529 876 1580 903 hoc
1592 876 1774 912 corruptionis

989 920 1147 955 provolutos
1163 928 1223 956 quae
1238 921 1366 956 ingruant
1384 921 1554 949 calamitates
1566 921 1684 949 edocens
1698 922 1774 950 Scri-

989 969 1069 999 ptura
1084 965 1121 992 ait
1137 975 1142 992 :
1160 974 1168 991 t
1188 965 1219 992 Et
1237 966 1298 994 linis
1321 966 1380 1002 ejus
1400 967 1525 999 vastitas,
1555 972 1582 994 et
1608 973 1670 1002 post
1692 968 1773 995 tinem

989 1011 1053 1038 belli
1081 1015 1182 1038 statuta
1198 1012 1331 1040 desolatio
1348 1012 1381 1040 ³⁸.
1405 1023 1414 1038 ι
1435 1011 1501 1045 Qum
1525 1021 1586 1040 cum
1611 1013 1773 1046 acciderint,

991 1065 1000 1082 ι
1018 1057 1187 1084 confirmabit
1212 1064 1321 1093 pactum
1348 1059 1440 1086 multis
1474 1059 1643 1086 hebdomada
1677 1067 1740 1086 una.
1760 1068 1770 1085 ι

988 1101 1045 1129 Hoc
1079 1111 1144 1130 vero
1176 1108 1284 1138 pactum
1320 1105 1387 1131 nihil
1414 1105 1486 1132 aliud
1513 1109 1554 1132 est
1587 1112 1619 1132 ac
1643 1105 1773 1132 salutaris

989 1147 1145 1182 praedicatio
1162 1156 1215 1184 qua
1237 1148 1364 1176 Salvator
1383 1149 1570 1184 Dominusque
1583 1153 1678 1176 noster
1691 1149 1772 1177 Jesus

989 1192 1115 1221 Christus
1129 1193 1334 1222 Testamentum
1353 1194 1457 1222 Novum
1472 1195 1499 1221 in
1518 1194 1610 1222 multis
1626 1195 1772 1229 discipulis

989 1238 1047 1265 suis
1062 1238 1232 1266 conﬁrmavit
1249 1249 1254 1266 :
1268 1243 1325 1266 tum
1343 1240 1451 1274 quidem
1469 1244 1531 1266 ante
1544 1241 1698 1274 passionem
1708 1247 1771 1266 cum

989 1283 1029 1310 eis
1046 1283 1139 1312 vivens
1152 1291 1184 1311 ac
1199 1288 1390 1317 conversatus,
1410 1290 1468 1312 tum
1481 1293 1546 1312 vero
1563 1295 1572 1310 ι
1588 1289 1650 1320 post
1665 1286 1772 1321 passio-

989 1336 1050 1356 nem
1068 1337 1144 1356 suam
1162 1337 1209 1364 per
1228 1331 1286 1358 dies
1301 1331 1480 1366 quadraginta
1495 1338 1630 1365 apparens
1651 1331 1692 1358 eis
1708 1338 1774 1358 con-

988 1375 1118 1409 gregatis,
1147 1379 1173 1402 et
1198 1376 1312 1410 loquens
1336 1376 1370 1403 de
1395 1384 1479 1411 regno
1502 1376 1550 1403 Dei
1560 1376 1594 1402 "’.
1621 1385 1631 1402 ι
1657 1375 1774 1412 Ideoque

993 1429 1002 1444 ι
1022 1421 1150 1456 praecepit
1174 1421 1214 1448 eis
1238 1422 1271 1448 ab
1297 1421 1475 1457 Jer’o'solymis
1500 1431 1535 1450 ne
1551 1422 1734 1450 discederent.
1759 1431 1769 1448 ι

989 1466 1076 1500 Hujus
1092 1475 1154 1494 vero
1166 1467 1344 1494 hebdomadis
1359 1468 1386 1494 in
1403 1468 1526 1500 dimidio,
1542 1471 1629 1495 morte
1644 1475 1725 1503 quam
1739 1469 1773 1495 ab

989 1510 1091 1538 Judazis
1103 1520 1248 1547 perpessus
1267 1516 1318 1543 est.
1336 1513 1445 1547 impleta
1457 1519 1521 1540 sunt
1537 1513 1635 1540 divinae
1655 1513 1774 1548 prophe-

990 1557 1033 1584 tiae
1047 1557 1167 1592 reliqua;
1183 1565 1243 1584 eum
1252 1559 1360 1592 quidem
1371 1567 1418 1593 per
1428 1564 1483 1586 tres
1491 1567 1578 1586 annos
1589 1563 1616 1586 et
1626 1559 1772 1586 dimidium

989 1602 1163 1638 Evangelium
1176 1604 1363 1638 praedicatum,
1374 1612 1405 1630 ac
1417 1604 1515 1631 deinde
1525 1605 1711 1638 conscriptum
1720 1608 1774 1635 est,

988 1656 1073 1683 quare
1090 1649 1190 1675 dicitur
1203 1659 1209 1676 :
1223 1659 1232 1674 ι
1245 1650 1273 1675 In
1285 1650 1373 1676 medio
1383 1649 1560 1676 hebdomadis
1569 1648 1774 1676 deﬁcietbostia

988 1697 1014 1721 et
1022 1693 1184 1721 sacriﬁcium
1195 1694 1227 1720 ⁵⁸.
1236 1704 1244 1720 ι
1257 1694 1369 1721 Constat
1383 1694 1454 1721 enim
1470 1702 1518 1728 per
1530 1696 1685 1729 passionem
1699 1693 1774 1721 defe-

989 1741 1060 1766 cisse
1075 1740 1191 1766 hostiam
1207 1740 1288 1767 simul
1305 1745 1332 1767 et
1350 1739 1534 1771 sacriﬁcium;
1557 1740 1677 1774 quando,
1692 1740 1774 1774 juxta

990 1785 1198 1821 Evangeliorum
1220 1786 1417 1818 narrationem,
1438 1795 1447 1811 ι
1470 1786 1557 1813 velum
1582 1786 1676 1820 templi
1701 1786 1774 1813 scis~

991 1840 1051 1858 sum
1060 1836 1101 1859 est
1112 1833 1138 1858 in
1152 1832 1219 1859 duas
1229 1837 1319 1866 partes
1333 1840 1346 1858 ιι
1359 1839 1466 1859 summo
1480 1839 1566 1866 usque
1575 1831 1703 1859 deorsum
1713 1831 1734 1848 “
1747 1841 1772 1865 ;l

989 1878 1121 1913 juxtaque
1135 1878 1245 1913 Josephi
1263 1878 1405 1906 historiam
1422 1888 1428 1904 :

152 1923 248 1958 ¹ἡμίσει
264 1923 312 1958 τῆς
325 1923 470 1958 ἑϐδομάδος
481 1924 630 1960 ἀρθήσεται
648 1924 727 1950 θυσία
745 1924 792 1950 καὶ
808 1923 925 1959 σπονδή·
943 1933 952 1948 ι
974 1925 1022 1950 καὶ
1037 1923 1120 1958 σαφές
1134 1933 1165 1958 γε
1190 1925 1262 1956 ὅπως
1280 1924 1338 1959 ἅμα
1361 1924 1400 1960 τῷ
1423 1923 1503 1950 πάθει
1522 1923 1634 1959 δυνάμει
1658 1923 1729 1959 ἤρθη
1745 1923 1776 1957 ἐξ

154 1968 243 1995 αὐτῶν
258 1968 337 1995 θυσία
358 1968 405 1994 καὶ
422 1969 521 2004 σπονδή
533 1977 539 1983 ·
556 1969 600 1995 ὅτε
622 1969 691 1996 κατὰ
709 1969 757 2004 μὲν
772 1968 819 2004 τὴν
834 1968 889 1994 τῶν
903 1967 1075 2002 Εὑαγγελίων
1096 1969 1205 2005 γραφὴν
1230 1979 1239 1996 ι
1261 1970 1291 1996 τὺ
1302 1970 1500 2005 καταπέτασμα
1520 1969 1567 1996 τοῦ
1586 1969 1650 1997 ναοῦ
1665 1969 1774 2005 ἐσχίσθη

157 2013 212 2041 ἀπὸ
227 2013 329 2040 ἄνωθεν
347 2013 398 2044 ἕως
415 2013 503 2039 κάτω’
519 2023 527 2039 ι
546 2012 618 2040 κατὰ
631 2013 659 2040 δὲ
682 2014 730 2049 τὴν
747 2013 792 2040 τοῦ
813 2014 943 2048 Ἰωσήπου
966 2014 1095 2049 ίστορίαψ
1593 2021 1597 2025 ”

193 2069 202 2085 ε
213 2060 257 2087 Ἐν
271 2060 338 2094 αὐτῇ
354 2061 386 2094 τῇ
396 2060 566 2095 Πεντηκοστῇ
582 2059 688 2094 νύκτωρ
696 2061 720 2085 οἱ
738 2060 819 2095 ἱερεῖς
835 2058 936 2094 παρελ-

1028 2068 1037 2084 ‹
1058 2059 1087 2085 In
1111 2058 1168 2094 ipsa
1192 2058 1351 2086 Pentecoste
1371 2063 1453 2086 noctu
1477 2058 1632 2086 sacerdotes
1657 2059 1684 2086 in
1707 2063 1778 2086 tem-

154 2104 246 2136 θὸντες
260 2105 300 2136 εἰς
311 2103 341 2130 τὸ
362 2104 442 2139 ἱερὸν,
459 2104 552 2140 ὥσπερ
569 2105 660 2136 αὐτοῖς
677 2104 736 2136 ἔθος
746 2102 789 2139 ἦν,
808 2103 874 2140 πρὸς
888 2104 937 2136 τὰς

989 2104 1062 2138 plum
1086 2104 1233 2139 progressi,
1259 2105 1331 2131 sicut
1353 2108 1561 2136 consueverant,
1580 2104 1613 2131 ad
1631 2111 1708 2131 sacra
1735 2105 1776 2131 [a—

154 2151 334 2187 ὶειτουργίας,
356 2150 462 2186 πρῶτον
479 2150 527 2185 μὲν
550 2151 682 2186 κινήσεως
692 2150 795 2185 ἔφασαν
809 2149 939 2185 ἀντιλαμ-

989 2150 1125 2182 ciendum,
1143 2151 1231 2186 primo
1255 2155 1358 2178 motum
1381 2151 1566 2178 vehementem
1589 2158 1651 2177 cum
1669 2150 1778 2186 fragore

155 2198 284 2225 εάνεσθαι
298 2198 345 2225 καὶ
362 2197 475 2229 κτύπου,
494 2198 562 2233 μετὰ
578 2198 605 2224 δὲ
621 2197 706 2224 ταῦτα
721 2197 811 2232 φωνῆς
825 2197 933 2232 ἀθρόας·

989 2195 1090 2222 factum
1105 2204 1166 2223 esse
1180 2197 1317 2227 dixerunt,
1333 2196 1394 2224 dein
1411 2204 1536 2231 magnam
1551 2195 1640 2223 audiri
1661 2204 1752 2224 vocem
1767 2205 1775 2224 :

159 2255 168 2271 ι
183 2245 482 2280 Μεταῦαἱνομεν(ωμεν)
495 2243 627 2271 ἐντεῦθεν.
643 2254 652 2270 ι

191 2291 282 2319 Ταῦτα
292 2291 319 2317 δὲ
333 2290 402 2317 κατὰ
415 2290 485 2322 λέξιν
497 2291 543 2316 καὶ
553 2290 633 2326 ἕτερα
644 2289 747 2321 τούτοις
762 2289 936 2324 παραπλήσια

155 2338 215 2368 ταῖς
237 2337 367 2372 ἱστορίαις
385 2336 519 2372 παραδοὺς
539 2337 553 2362 6
574 2335 703 2370 Ἰώσηπος
728 2335 881 2370 συμϐάλοιτ’
904 2335 936 2361 ἃν

147 2383 220 2418 ,ἡμῖν
233 2383 272 2413 εἰς
287 2381 421 2414 ἀπόδειξιν
429 2381 474 2408 τοῦ
489 2381 599 2416 δυνάμει
609 2381 734 2407 λελύσθαι
751 2389 780 2407 τε
794 2381 840 2407 καὶ
853 2381 937 2417 καθῃ-

158 2426 255 2462 ρῆσθαι
270 2426 337 2462 μετὰ
349 2427 379 2452 τὸ
392 2428 522 2461 σωτήριον
538 2425 621 2457 πάθος
634 2426 668 2452 ’τὰ
683 2426 734 2458 τῆς
745 2426 791 2453 τοῦ
804 2425 868 2452 λαοῦ
885 2434 937 2452 σω-

158 2472 277 2507 ματικῆς
293 2472 427 2508 λατρείας.
447 2470 511 2498 οἶδα
527 2471 554 2497 δὲ
571 2472 617 2497 καὶ
640 2471 720 2506 ἄλλην
740 2472 779 2502 είς
799 2471 846 2507 τὴν
864 2471 938 2498 ἑϐδο-

158 2517 229 2553 μάδα
243 2518 291 2553 τὴν
305 2528 314 2543 ι
332 2517 528 2553 δυναμώσασαν
551 2517 681 2552 διαθήκην
698 2516 802 2548 πολλοῖς
814 2528 822 2542 ν
842 2517 938 2543 ἀποδο-

157 2564 249 2591 θεῖσαν
271 2564 433 2600 ὲρμηνείαν·
457 2564 559 2599 ταύτην
575 2563 630 2598 γὰρ
646 2564 685 2594 είς
704 2563 752 2598 τὴν
775 2565 803 2589 ὲν
829 2563 938 2590 δεκάσιν

157 2610 291 2645 ιὸδομάδα
307 2610 463 2645 μεταλαόὼν
476 2612 490 2638 6
505 2610 582 2645 λόγος
596 2609 714 2645 παρίστη
733 2609 776 2636 τδν
793 2609 937 2645 σύμπαντα

157 2655 212 2682 τῶν
225 2655 379 2700 ἀποστόλων
394 2656 487 2700 χρνον
501 2657 541 2688 εἰς
557 2655 813 2691 ὲϐδομηκονταετίαν
834 2653 936 2681 συντεί-

158 2709 225 2732 νειν,
241 2701 270 2726 ὲν
309 2701 339 2727 τδ
354 2698 485 2737 κήρῦγμα
506 2700 556 2736 τῆς
570 2701 673 2736 Καινῆς
690 2700 826 2736 Διαθήκης
847 2700 936 2727 οὐκέτι

159 2746 210 2780 ἑνὶ,
224 2745 291 2772 ἀλλὰ
309 2746 413 2779 πολλοῖς
428 2746 516 2773 ἔθνεσι
535 2746 668 2782 κηρυχθὲν
684 2746 724 2778 είς
744 2746 833 2772 πᾶσαν
850 2746 938 2772 ὲνεδυ-

196 2825 216 2841 ³⁷
238 2824 310 2854 Psal.
329 2833 397 2857 xm,
416 2825 450 2858 2,
466 2825 492 2853 ὅ.
530 2824 551 2840 ³⁸
572 2824 638 2852 Dan.
655 2833 700 2855 ix,
714 2823 759 2852 26.
798 2823 820 2839 ⁸⁵
838 2823 898 2851 Act.
917 2831 942 2856 ι,
957 2823 974 2850 5

198 2894 235 2929 (I)
251 2893 361 2929 Joseph.
380 2894 416 2922 Dr
430 2894 495 2922 bello
509 2893 586 2928 Jud.,
604 2902 640 2927 rt,
658 2895 684 2928 5,
703 2894 728 2920 3.

993 2252 1001 2268 ι
1020 2241 1089 2269 Hinc
1101 2242 1276 2278 egrediantur
1290 2242 1340 2279 (l).
1361 2252 1370 2268 ›

1025 2287 1087 2316 Haec
1102 2297 1239 2324 expresse,
1258 2289 1365 2323 aliaque
1387 2288 1429 2316 his
1443 2289 1541 2316 similia
1562 2287 1696 2322 Iosephus
1713 2294 1774 2314 cum

990 2333 1017 2360 in
1035 2334 1157 2360 historiis
1181 2333 1282 2365 refert,
1306 2334 1447 2360 nobiscum
1480 2333 1586 2360 videtur
1610 2331 1775 2361 consentire.

990 2379 1240 2406 demonstrantibus
1260 2380 1347 2413 reipsa
1365 2379 1484 2406 solutum
1502 2385 1533 2404 ac
1553 2377 1669 2404 deletum
1692 2375 1777 2402 fuisse

991 2429 1052 2459 post
1069 2424 1218 2451 Salvatoris
1240 2425 1394 2458 passionem
1419 2429 1580 2457 corporeum
1605 2421 1695 2456 populi
1718 2422 1778 2447 eul-

989 2474 1057 2497 tum.
1071 2469 1200 2496 Novimus
1213 2470 1292 2496 aliam
1311 2477 1418 2504 quoque
1442 2469 1475 2495 de
1497 2467 1665 2494 hebdomade
1683 2475 1692 2492 ‹
1711 2473 1777 2493 con-

991 2516 1129 2542 ﬁrmatura
1147 2520 1254 2550 pactum
1264 2510 1361 2542 inultis
1379 2524 1388 2540 ›
1406 2514 1497 2541 datam
1514 2511 1774 2547 interpretationem.

991 2561 1053 2588 Ilaec
1068 2562 1139 2588 enim
1155 2560 1334 2591 hebdomada,
1349 2559 1427 2595 quasi
1443 2563 1544 2593 septem
1559 2557 1698 2585 decenniis
1709 2564 1776 2584 con-

991 2612 1078 2639 stans,
1098 2614 1177 2634 omne
1195 2606 1378 2640 apostolorum
1403 2609 1520 2639 tempus,
1541 2604 1646 2631 scilicet
1668 2607 1777 2637 septua—

990 2655 1063 2690 ginta
1080 2662 1166 2682 annos
1180 2654 1300 2681 indicare
1319 2653 1466 2685 videretur,
1482 2653 1582 2688 quibus
1597 2651 1663 2679 Novi
1678 2651 1774 2679 Testa-

990 2700 1072 2728 menti
1096 2699 1251 2735 praedicatio
1277 2699 1369 2726 habita
1393 2703 1446 2730 est,
1471 2698 1543 2733 quod
1567 2706 1620 2726 non
1646 2697 1702 2728 uni,
1728 2697 1774 2724 sed

991 2746 1084 2774 multis
1100 2746 1288 2773 annuntiatum
1302 2745 1428 2781 gentibus
1444 2752 1490 2780 per
1503 2744 1658 2771 universam
1675 2747 1773 2770 terram

1022 2823 1044 2841 ⁸⁸
1065 2823 1133 2852 Dan.
1149 2822 1256 2857 ιιςιῖῖ.
1294 2822 1315 2838 “
1339 2822 1433 2849 Matth.
1451 2828 1543 2853 xxv",
1559 2821 1602 2848 51.
