2035 3214
288 168 356 198 ⁴1191

639 170 772 199 EUSEBII
790 170 1029 200 CESAIHENSIS
1049 172 1123 202 OPP.
1144 173 1245 203 PARS.
1266 175 1309 203 ΙΙΙ.
1330 191 1366 197 -
1385 176 1588 206 EXEGETICA.

1836 179 1902 208 “92

288 230 476 258 confirmatum
491 232 544 257 est.
568 229 674 257 Etenim
698 230 821 259 historiis
840 236 912 267 patet
931 232 1061 262 Joannem

1128 235 1240 272 ναμώϐη
1256 237 1306 272 τὴν
1317 237 1486 273 οἰκουμένην.
1504 238 1559 264 Καὶ
1576 238 1630 274 γὰρ
1653 236 1698 265 οὖν
1714 239 1746 265 ἐκ
1767 240 1823 266 τῶν
1837 241 1902 267 ιστο-

286 276 388 304 Cbristi
411 276 585 311 discipulum,
603 281 664 312 post
686 282 802 306 mortem
828 279 945 312 Domini,
963 286 1075 315 septua-

286 322 361 358 ginta
384 323 655 357 annis.superstitem
674 324 785 358 vixisse,
810 325 914 353 scilicet
932 334 1021 361 usque
1041 326 1075 354 ad

286 368 396 404 Trajani
409 378 538 406 regnum;
553 371 685 406 juxtaque
706 372 778 399 hanc
800 373 963 400 sententiam
987 375 1074 401 mani-

285 414 384 443 festum
397 420 439 443 est
456 418 544 444 media
559 417 610 444 hac
627 417 820 446 deeenniorum
845 419 1014 449 hebdomade
1027 422 1072 449 de-

284 460 382 489 fecisse
395 462 511 489 hostiam
532 467 558 490 et
574 464 748 497 sacrificium,
765 468 845 500 atque
863 474 872 491 I
892 466 1074 495 abominatio-

283 515 345 535 nem
358 507 537 537 desolationis
555 519 564 535 ι
583 510 610 537 ἰη
632 510 691 537 loco
707 515 804 538 sancto
821 512 969 540 exstitisse.
991 513 1073 540 Nam-

282 562 335 590 que
355 561 369 581 a
393 554 544 583 Salvatoris
567 557 656 584 nostri
672 558 874 586 resurrectione
896 558 930 586 ad
950 559 1073 587 ultimam

284 601 335 628 sub
354 600 521 636 Vespasiano
549 604 776 639 oppugnationem
803 605 889 640 elapsi
917 610 981 632 sunt
1008 607 1071 633 anni

284 647 403 682 quinque
435 652 460 674 et
486 649 617 683 triginta;
645 651 744 685 quibus
771 655 909 678 constaret
938 652 1073 686 praedictae

283 693 460 721 hebdomadis
483 693 635 722 dimidium.
657 696 764 724 Etenim
787 697 904 725 ﬂammis
928 702 955 725 et
979 703 1071 725 vasta-

281 737 355 765 tione
378 740 488 773 penitus
513 740 601 768 deleto
626 746 716 770 vetere
740 751 819 770 sacro
836 749 984 780 sanctoque
1005 749 1072 772 tem-

280 783 326 818 plo
346 783 401 812 haec
426 786 593 814 hebdomada
618 794 806 816 consnnnnata
821 795 872 818 est.
889 790 978 826 Atque
992 791 1067 823 illud,

284 838 292 854 I
312 829 422 858 Delieiet
445 831 534 859 hostia
554 837 580 860 et
605 834 781 867 sacriﬁcium,
797 841 823 863 et
840 837 890 863 erit
915 837 942 864 in
969 838 1069 872 templo

280 875 446 904 abominatio
474 877 652 907 desolationis
666 881 703 906 δ’»
722 890 808 917 usque
834 883 866 910 ad
897 891 1070 911 consumma-

279 923 381 950 tionem
397 925 457 952 vitee
477 933 685 960 permansurum
711 928 829 956 ostendit
857 929 1008 965 Scriptura,
1026 931 1067 958 his

280 969 378 996 additis
396 979 402 996 :
419 980 429 996 ε
447 971 479 998 Et
497 979 582 1006 usque
606 972 640 999 ad
651 975 913 1002 consummationem
937 981 964 1003 et
986 976 1067 1003 tinent

279 1017 462 1050 perseverabit
477 1018 620 1047 desolatio.
635 1029 643 1045 I

315 1060 372 1088 Hoc
391 1062 508 1090 breviter
520 1064 656 1099 exposito,
675 1070 799 1100 superest
813 1069 841 1092 ut
859 1065 936 1093 lsaiaa
951 1066 1067 1101 prophe-

277 1105 330 1132 tZas
347 1107 548 1141 aggrediamur,
566 1109 611 1144 qui
627 1110 702 1137 solus
721 1118 755 1137 ex
778 1111 852 1137 omni
876 1116 965 1138 vetere
992 1110 1066 1139 Scri-

278 1155 357 1186 ptura
373 1153 452 1181 nobis
463 1154 642 1183 elucidaudus
657 1156 831 1191 relinquitur.

1127 282 1192 318 ριῶν
1205 282 1340 310 δείκνυται
1356 283 1479 318 Ἰωάννης
1492 285 1506 310 ό
1516 284 1564 310 τοῦ
1585 285 1686 320 Κυρίου
1703 285 1826 321 μαθητὴς
1839 287 1904 322 μετὰ

1124 328 1173 364 τὴν
1183 328 1314 364 ἀνάληψιν
1326 328 1407 355 αὑτοῦ
1422 329 1507 356 ἔτεσιν
1523 330 1643 362 ἐπιϐιοὺς
1652 334 1671 357 o'
1680 339 1687 346 '
1700 330 1781 366 μέχρι
1794 331 1849 367 γὰρ
1858 332 1903 367 τῆς

1125 375 1259 410 Τραϊανοῦ
1284 375 1360 409 λόγος
1377 375 1432 410 ἔχει
1459 378 1624 412 παραμεῖναι
1646 377 1726 403 αὑτὸν
1751 376 1901 412 βασιλείας·

1124 421 1194 448 κατά
1209 429 1238 447 τε
1251 421 1352 457 ταύτην
1368 422 1416 457 τὴν
1442 422 1566 457 διήγησιν
1582 422 1712 458 πρόδηλον
1725 423 1799 455 ὅπως
1825 425 1853 450 ὲν
1868 424 1903 459 τῷ

1123 466 1217 502 ἡμίσει
1229 467 1330 502 ταύτης
1345 467 1394 502 τῆς
1411 467 1440 493 ὲν
1458 467 1565 494 δεκάσιν
1584 468 1728 502 ἑϐδομάδος
1739 468 1809 506 ἤρθη
1827 469 1902 496 θυσία

1123 514 1170 539 καὶ
1183 513 1298 548 σπονδὴ,
1316 513 1363 540 καὶ
1386 513 1416 539 τὸ
1434 513 1577 548 λεγόμενον
1591 523 1600 539 ι
1620 514 1756 549 βδέλυγμα
1774 517 1825 550 τῆς
1842 516 1902 551 ἐρη-

1124 557 1236 594 μώσεως
1248 569 1256 584 ι
1275 559 1338 594 ἔστη
1352 560 1381 585 έν
1397 559 1472 594 τόπῳ
1485 559 1563 594 ἁγίῳ.
1580 559 1619 586 Τὰ
1638 560 1702 594 γοῦν
1721 560 1774 586 ἀπὸ
1793 561 1843 596 τῆς
1859 561 1902 588 τοῦ

1122 605 1249 640 Σωτῆρος
1265 605 1342 641 ἡμῶν
1364 606 1536 637 ἀναστάσεως
1564 606 1610 632 ἐπὶ
1625 608 1674 642 τὴν
1695 607 1813 644 ὑστάτην
1835 609 1902 635 κατὰ

1122 651 1324 678 υὺεσπασιανὺν
1340 651 1494 688 πολιορκίαν
1504 654 1542 684 εἰς
1555 654 1600 690 ἔτη
1613 655 1691 681 πέντε
1701 656 1746 681 καὶ
1758 656 1901 691 τριάκοντα

1122 697 1266 723 συντείνει·
1279 698 1350 733 ἆπερ
1361 697 1393 724 ἂν
1402 698 1504 732 γένοιτο
1513 699 1562 733 τῆς
1573 699 1747 736 ἀποδοθείσης
1759 701 1902 736 ἑϐδομάδος

1120 743 1151 770 τὸ
1165 744 1264 778 ἥμισυ·
1288 745 1332 770 ὅτε
1350 745 1396 771 καὶ
1418 744 1535 780 παντελῆ
1555 746 1603 781 τὴν
1623 745 1666 772 διὰ
1693 747 1778 782 πυρὸς
1803 747 1900 783 φθορὰν

1120 789 1167 815 καὶ
1184 790 1361 825 κατασκαφὴν
1376 790 1422 816 τοῦ
1443 790 1525 817 πάλαι
1542 791 1613 826 ἱεροῦ
1631 792 1678 818 καὶ
1693 793 1770 826 ὰγίου
1789 793 1842 820 νεὼ
1856 802 1902 820 πε-

1121 835 1248 866 πονθότος
1261 836 1469 871 ἐπισφράγισμα
1481 836 1574 872 εἴληφε
1583 845 1590 851 ·
1608 838 1654 863 καὶ
1667 837 1708 869 τὸ,
1721 847 1730 863 ι
1742 838 1900 874 Ἀρθήσεται

1121 881 1200 907 θυσία
1219 882 1267 908 καὶ
1288 882 1405 917 σπονδὴ,
1427 884 1474 909 καὶ
1498 884 1542 909 ἐπὶ
1556 884 1585 910 τὸ
1610 884 1679 920 ἱερὸν
1691 885 1827 920 βδέλυγμα
1850 885 1901 912 τῶν

1121 927 1285 963 ὲρημώσεων
1298 937 1304 943 ³
1321 938 1329 954 ι
1354 929 1421 964 ὅπερ
1437 938 1446 953 ‹
1460 929 1594 964 βδέλυγμα
1616 929 1780 964 ἐρημώσεως
1797 940 1806 956 ι
1823 931 1901 966 μέχρι

1123 974 1275 1005 συντελείας
1292 974 1349 1009 βίου
1363 977 1529 1010 παραμεῖναι
1541 975 1614 1011 δηλοῖ
1626 975 1655 1002 τὸ
1667 976 1764 1010 λόγιον,
1779 976 1899 1011 φάσκον·

1121 1029 1130 1045 ι
1151 1020 1205 1046 Καὶ
1231 1020 1283 1052 ἕως
1308 1021 1460 1052 συντελείας
1485 1021 1580 1056 καιροῦ
1603 1021 1742 1049 συντέλεια
1759 1022 1901 1058 δοθήσεται

1119 1064 1165 1091 ἐπὶ
1181 1065 1231 1101 τὴν
1246 1065 1394 1101 ἐρήμωσιν.
1407 1076 1416 1092 ι

1157 1109 1236 1137 ’Ᾱλλὰ
1244 1111 1328 1138 ταῦτα
1342 1113 1390 1147 μὲν
1403 1113 1600 1148 ἐπιτεμόμενοι,
1615 1113 1664 1148 τὴν
1675 1113 1799 1149 διήγησιν
1811 1123 1900 1150 παρα-

1116 1156 1276 1192 τεθείμεθα“
1312 1156 1371 1192 ὥρα
1403 1157 1430 1184 δὲ
1457 1158 1507 1194 ἥδη
1540 1159 1676 1194 μετελθεῖν
1702 1160 1746 1186 καὶ
1775 1160 1822 1186 ὲπὶ
1854 1159 1899 1187 τὸν

286 1197 414 1224 Ἡσαΐανε
434 1199 463 1230 ὃς
480 1199 558 1234 μόνος
578 1200 631 1226 ἀπὸ
648 1201 739 1236 πάσης
761 1201 811 1236 τῆς
835 1201 951 1233 παλαιᾶς
975 1202 1040 1237 ἡμῖν
1055 1201 1256 1238 περιλέλειπται
1270 1202 1391 1238 Γραφῆς.

291 1297 1881 1315 _.___—________—______

404 1380 584 1424 LIBER
629 1381 924 1432 QUARTUS.

584 1511 630 1539 EX
650 1510 751 1538 lSAlA.

1378 1384 1558 1428 ΛΟΓΟΣ
1579 1384 1634 1428 Δν.

1436 1507 1574 1541 maior.

309 1568 486 1604 Prophetieas
497 1568 529 1596 de
537 1569 607 1596 lsaia
618 1568 742 1602 Eclogas,
751 1574 811 1602 quae
820 1567 884 1595 solae
894 1566 974 1594 nobis
982 1574 1060 1602 expo-

1146 1570 1202 1602 Τὰς
1216 1570 1269 1597 ἀπὸ
1285 1569 1338 1597 τῶν
1357 1570 1465 1598 Ἡσαΐου
1480 1571 1650 1607 προφητικὰς
1674 1570 1804 1604 Ἐκλογὰς
1817 1569 1899 1605 μόνας

274 1617 371 1646 nenda:
385 1623 542 1653 supersunt,
554 1617 708 1648 tractaturi,
729 1623 823 1643 eorum
841 1615 927 1651 gratia
941 1615 988 1650 qui
998 1624 1060 1650 pro-

277 1664 378 1699 phetiis
397 1663 475 1691 fidem
491 1671 545 1690 non
561 1663 699 1695 adhibent,
718 1669 805 1698 pauca
818 1663 852 1689 ad
864 1662 1059 1697 prophetarum

274 1711 449 1738 veracitatem
469 1709 709 1737 demonstrandam
735 1708 920 1743 praefabimur.
939 1707 1059 1734 Primum

274 1755 382 1791 quidem
395 1756 429 1783 iis
441 1755 487 1790 qui
505 1759 567 1782 ante
586 1763 636 1782 nos
652 1754 772 1785 fuerunt.
790 1759 893 1781 rectum
913 1758 1060 1788 aptumque

273 1802 450 1830 instituemus
481 1805 683 1837 argumentum.
712 1800 828 1828 Pulchre
857 1801 928 1827 enim
957 1799 1060 1826 dixisse

273 1849 339 1876 mihi
365 1849 498 1879 videntur.
521 1848 659 1883 quomodo
684 1848 785 1883 Moysis
802 1848 853 1883 legi
877 1846 994 1875 subditis
1016 1847 1059 1873 lex

271 1894 332 1929 ipsa
354 1897 476 1926 testetur,
502 1893 575 1928 quod
593 1898 698 1928 gentes,
721 1900 837 1927 quarunt
863 1892 890 1919 in
911 1892 999 1919 medio
1018 1891 1058 1918 vi-

271 1944 345 1972 vent,
358 1949 367 1965 ι
379 1947 497 1975 augures
506 1943 532 1966 et
550 1939 657 1966 divinos
675 1938 794 1965 audient.
820 1937 860 1964 Tu
885 1943 986 1970 autem,
1009 1938 1057 1969 ait,

271 1993 285 2012 a
313 1984 428 2011 Domino
457 1984 511 2011 Deo
528 1989 574 2011 tuo
591 1984 734 2011 instiltttus
750 1991 780 2011 es
789 1983 838 2010 ⁵³.)
851 1982 886 2010 iis
900 1984 981 2010 etiam
995 1991 1057 2010 eum

271 2031 413 2059 interdixit
430 2030 540 2057 divinus
558 2037 648 2057 sermo
665 2029 786 2064 auguriis
802 2029 930 2064 omnique
941 2037 990 2063 per
1003 2029 1057 2056 dm-

271 2084 382 2104 monum
403 2075 547 2102 artiﬁcium
563 2075 742 2106 divinatione,
763 2075 850 2101 dixit:
865 2083 874 2099 ι
893 2073 1055 2108 Prophetam

270 2121 304 2148 tle
318 2127 397 2156 gente
412 2125 458 2148 tua
471 2127 498 2149 et
512 2122 544 2149 de
562 2121 691 2148 fratribus
709 2120 762 2147 tuis
778 2121 922 2147 suseitabit
938 2120 986 2146 tibi
1004 2119 1056 2146 Do-

270 2167 362 2193 minus
377 2166 450 2195 Deus
463 2171 527 2194 tuus
540 2167 573 2194 ⁸³.
591 2177 600 2193 i
611 2166 676 2200 Qua:
694 2167 777 2202 igitur
793 2167 827 2194 iis
844 2166 1013 2198 annuntiata,
1033 2166 1055 2194 si

270 2221 326 2240 non
351 2217 448 2240 eventu
471 2214 583 2248 probata
608 2213 734 2246 fuissent,
756 2221 806 2240 nec
828 2213 899 2247 apud
922 2221 969 2240 eos
994 2221 1056 2240 sur-

1110 1617 1176 1652 ήμῖν
1193 1616 1337 1648 λειπούσας
1352 1617 1550 1644 ἀπανθίσασθαι
1567 1616 1742 1653 πειρώμενοι,
1753 1618 1820 1650 πρὸς
1837 1616 1900 1647 τοὺς

1110 1662 1232 1693 ἀπίστως
1242 1663 1306 1697 περὶ
1318 1663 1366 1694 τὰς
1377 1663 1544 1699 προφητείας
1554 1663 1739 1698 διακειμένους
1746 1662 1827 1696 ὀλίγα
1837 1669 1899 1698 προ-

1109 1708 1295 1744 διαληψόμεθα
1310 1710 1349 1741 είς
1363 1709 1533 1744 παράστασιν
1545 1709 1595 1744 τῆς
1609 1709 1663 1735 τῶν
1674 1708 1824 1743 προφητῶν
1838 1707 1899 1743 ἀλη-

1110 1750 1196 1783 θείας.
1215 1753 1269 1779 Καὶ
1284 1752 1315 1787 δὴ
1331 1752 1437 1788 πρῶτον
1452 1752 1542 1785 καλῶς
1557 1753 1603 1779 καὶ
1617 1754 1673 1784 τοῖς
1689 1753 1742 1788 πρὸ
1759 1753 1839 1788 ἡμῶν
1854 1761 1899 1779 τε-

1109 1805 1178 1832 τηρη
1183 1797 1261 1832 μένον
1273 1798 1466 1834 παραθήσομαι
1476 1799 1614 1834 λογισμόν.
1636 1796 1672 1826 Εὖ
1683 1799 1747 1833 γοῦν
1759 1799 1898 1835 εἰρηκέναι

1111 1851 1155 1878 μοι
1167 1843 1297 1876 δοκοῦσιν,
1311 1845 1347 1876 ὡς
1357 1844 1410 1881 ἄρα
1422 1846 1477 1877 τοῖς
1489 1845 1541 1872 ὑπὸ
1551 1845 1597 1871 τὸν
1608 1845 1746 1877 Μωῦσέως
1757 1845 1840 1881 νόμον
1852 1845 1897 1872 αὖ·

1109 1889 1154 1920 τὸς
1169 1890 1183 1916 ό
1196 1890 1276 1925 νόμος
1286 1891 1511 1927 διαμαρτύρεται,
1528 1892 1568 1918 ὃτι
1581 1891 1612 1927 δὴ
1625 1892 1659 1918 τὰ
1671 1891 1734 1926 ἔθνη
1745 1888 1784 1918 ὦν
1794 1892 1897 1927 μεταξὺ

1109 1936 1310 1964 πολιτεύσονται
1327 1947 1336 1962 ι
1351 1937 1487 1972 κληδόνων
1505 1938 1552 1964 καὶ
1568 1937 1701 1973 μαντειῶν
1714 1938 1896 1965 ἀκούσονται·

1109 1983 1150 2008 σοὶ
1158 1983 1197 2014 δὲ,
1212 1993 1220 2008 ι
1233 1984 1324 2018 φησιν,
1340 1993 1348 2008 α
1358 1984 1407 2018 οὐχ
1415 1983 1500 2016 οὕτως
1511 1984 1594 2010 ἔδωκε
1603 1983 1703 2019 Κύριος
1713 1983 1800 2015 ὁθεός
1813 1992 1871 2010 σου.
1884 1993 1893 2009 ι

1107 2030 1162 2056 Καὶ
1176 2029 1215 2055 ἔτι
1230 2038 1261 2064 γε
1278 2029 1376 2064 εἴργων
1390 2030 1489 2062 αὐτοὺς
1502 2031 1515 2056 ὁ
1532 2030 1604 2062 θεῖος
1624 2030 1701 2065 λόγος
1715 2030 1746 2057 ἔκ
1761 2039 1791 2056 τε
1807 2031 1895 2057 οἰωνι-

1108 2076 1201 2111 πικῆς
1210 2075 1256 2101 καὶ
1267 2075 1355 2110 πάσης
1363 2076 1411 2111 τῆς
1420 2075 1463 2101 διὰ
1470 2075 1602 2110 δαιμόνων
1610 2076 1754 2111 περιέργου
1767 2077 1895 2111 μαντείας

1107 2121 1247 2156 ἐπιφέρει,
1275 2120 1378 2155 λέγων’
1398 2130 1407 2146 ι
1421 2121 1566 2157 Προφήτην
1584 2121 1615 2148 ἐκ
1631 2121 1684 2148 τῶν
1700 2121 1824 2156 ἀδελφῶν
1849 2131 1895 2148 σου

1105 2167 1251 2202 ἀναστήσει
1269 2175 1309 2193 σοι
1324 2167 1423 2203 Κύριος
1437 2168 1451 2193 ό
1467 2167 1532 2198 Θεός
1555 2175 1628 2195 σου.»
1645 2165 1709 2203 Ἆρ’
1725 2165 1772 2193 οὖν
1792 2167 1894 2194 τούτων

1106 2213 1196 2244 αὐτοῖς
1210 2213 1472 2249 ἀναγεγραμμένων,
1486 2213 1522 2249 μὴ
1536 2213 1607 2248 ἔργῳ
1620 2213 1647 2239 δὲ
1662 2213 1828 2249 γενομένων,
1845 2222 1895 2249 μη-

270 2259 407 2286 rexissent
422 2260 560 2294 propheta:
585 2261 647 2292 viri,
661 2260 793 2295 numquid
809 2260 860 2295 legi
878 2259 956 2286 fidem
979 2259 1058 2286 adhi-

1113 2258 1135 2284 Ξὲ
1150 2258 1288 2294 παρόντων
1299 2259 1390 2291 αὐτοῖς
1401 2259 1545 2295 προφητῶν
1557 2259 1670 2294 ἀνδρῶν,
1681 2259 1794 2286 δύνατον
1806 2258 1840 2295 ἦν
1852 2260 1895 2287 αὖ·

269 2305 333 2333 bere
345 2306 506 2341 potuissent,
524 2307 564 2333 vel
576 2307 737 2333 annnntialo
749 2308 841 2339 verba,
858 2313 911 2334 tam
927 2314 1055 2342 expresse

270 2355 297 2378 ct
312 2351 454 2379 manifeste
471 2352 615 2379 mendaci?
629 2351 734 2386 Nonne,
752 2356 812 2388 ipsa
828 2354 918 2381 indole
935 2354 968 2380 ad
986 2354 1056 2380 futu-

270 2403 363 2424 rorum
378 2398 519 2425 scientiam
535 2406 680 2433 propensa.
702 2399 729 2426 in
745 2400 917 2434 propriorum
933 2401 1056 2427 oraculo-

241 2470 245 2474 .
270 2452 331 2472 rum
357 2449 540 2480 contemptum
566 2445 710 2480 perducti,
736 2446 835 2480 quibus
860 2446 927 2473 nihil
949 2454 1052 2478 verum,

270 2490 338 2518 nihil
354 2490 477 2517 divinum
499 2490 611 2520 inesset,
630 2491 713 2517 nullis
738 2491 917 2518 subeuntibus
941 2491 1054 2526 prophe-

270 2536 316 2566 tis,
332 2541 430 2571 sponte
446 2536 480 2562 ad
497 2537 617 2572 gentium
634 2541 660 2563 et
678 2537 803 2564 vaticinia
819 2542 845 2564 et
861 2538 970 2564 oracula
985 2545 1053 2564 eon-

271 2581 424 2616 fugissent?
443 2581 543 2609 Verum
563 2582 755 2610 videntnrnon
775 2582 961 2609 tantummodo
979 2582 1054 2618 Moy-

271 2634 338 2658 sem,
361 2628 408 2655 sed
428 2632 454 2655 et
473 2629 574 2655 multos
591 2629 637 2663 qui
663 2632 725 2664 post
747 2637 810 2656 cum
838 2629 961 2656 suscitati
978 2633 1052 2661 sunt,

271 2673 349 2706 quasi
372 2672 416 2699 Dei
433 2672 578 2707 prophetas
592 2674 747 2708 agnovisse,
765 2673 876 2701 nonnisi
888 2673 997 2700 insitam
1013 2673 1053 2700 eis

271 2718 439 2745 divinitatem
458 2719 571 2754 experti.
593 2719 643 2751 Qui
655 2719 764 2754 quidem
780 2721 820 2746 eis
835 2727 889 2746 non
900 2724 1005 2746 tantum
1021 2718 1054 2745 de

272 2762 354 2789 rebus
380 2771 440 2798 qua:
472 2764 662 2792 remotissimis
694 2765 850 2800 ultimisque
885 2765 1054 2799 temporibus

271 2807 378 2841 ﬁerent,
394 2809 632 2844 prophetaverunt,
653 2811 702 2839 scd
724 2811 807 2839 etiam
822 2811 855 2840 de
875 2811 1054 2846 praesentibus

308 2885 330 2901 “
351 2885 417 2914 Dan.
434 2895 478 2920 ix,
493 2888 537 2914 ‘27.
576 2890 598 2906 “
618 2888 696 2916 Deut.
713 2896 798 2923 xvut,
815 2889 857 2917 Η.
898 2888 921 2904 ’³⁸
942 2888 1008 2916 ibid.
1026 2887 1069 2916 15.

1106 2305 1168 2336 τοὺς
1185 2305 1322 2331 πιστεύειν
1338 2305 1377 2340 τῷ
1394 2305 1484 2340 νόμῳ,
1503 2305 1550 2331 καὶ
1570 2305 1608 2340 τῷ
1625 2305 1710 2331 ταῦτα
1726 2305 1894 2339 ἐπαγγειλα-

1108 2351 1179 2386 μένῳ
1192 2351 1262 2386 λόγῳ
1277 2350 1347 2378 οὓτω
1362 2351 1507 2387 προφανῶς
1527 2351 1573 2378 καὶ
1589 2352 1712 2386 ἐναργῶς
1724 2351 1893 2387 ψευδομένῳς

1105 2397 1121 2432 ἦ
1138 2397 1215 2433 δῆλον
1235 2398 1276 2424 ὅτι
1299 2398 1344 2424 ὑπ’
1359 2398 1442 2433 αὐτῆς
1457 2398 1506 2433 τῆς
1524 2399 1586 2433 περὶ
1599 2399 1649 2432 τὴν
1668 2398 1825 2434 πρόγνωσιν
1840 2398 1894 2424 τῶν

1105 2443 1240 2478 ἐσομένων
1256 2443 1373 2479 λιχνείας
1388 2444 1514 2478 ἀγόμενοι
1525 2444 1728 2479 κατεφρόνησαν
1739 2444 1793 2470 τῶν
1809 2444 1893 2474 ἰδίων,

1105 2490 1142 2521 ὡς
1159 2489 1233 2516 οὐδὲν
1249 2489 1348 2525 ἀληθὲς
1363 2490 1476 2525 ἐχόντων
1490 2491 1550 2518 οὐδὲ
1563 2491 1646 2521 θεῖον,
1664 2490 1706 2516 διὰ
1723 2490 1754 2516 τὸ
1771 2490 1809 2525 μὴ
1825 2488 1894 2516 εἶναι

1107 2536 1170 2572 παρ’
1184 2536 1273 2568 αὐτοῖς
1286 2537 1435 2572 προφήτας,
1446 2537 1587 2572 αὐτόμολοι
1599 2537 1626 2563 δὲ
1637 2536 1683 2562 ἐπὶ
1695 2536 1729 2562 τὰ
1741 2537 1798 2563 τῶν
1809 2536 1896 2563 ἐθνῶν

1108 2582 1219 2617 μαντεῑά
1233 2590 1261 2607 τε
1277 2582 1323 2608 καὶ
1336 2582 1488 2617 χρηστήρια
1501 2581 1651 2617 μετῄεσαν;
1673 2581 1753 2607 Ἀλλὰ
1766 2581 1822 2617 γὰρ
1838 2581 1895 2615 φαί-

1101 2636 1190 2654 νονται
1206 2627 1235 2654 οὐ
1247 2627 1324 2662 μόνον
1335 2626 1462 2658 Μωῡσέα,
1475 2626 1541 2652 ἀλλὰ
1557 2626 1602 2652 καὶ
1618 2626 1725 2657 πλείους
1740 2626 1800 2660 μετ’
1813 2625 1895 2652 αὐτὸν

1102 2672 1140 2705 ὡς
1151 2673 1218 2700 Θεοῦ
1234 2673 1375 2708 προφήτας
1392 2672 1578 2707 προσιέμενοι,
1596 2672 1649 2699 σὺκ
1661 2671 1748 2703 ἄλλως
1759 2671 1840 2707 δῆλον
1852 2672 1895 2697 ὁτι

1103 2719 1119 2754 ἢ
1136 2719 1175 2754 τῷ
1190 2719 1286 2754 πεῖραν
1299 2719 1348 2754 τῆς
1364 2719 1392 2744 ὲν
1405 2718 1495 2749 αὐτοῖς
1509 2717 1645 2753 θειότητος
1664 2717 1807 2752 εἰληφέναι
1817 2726 1824 2733 δ
1839 2718 1894 2744 οἶδε

1103 2765 1157 2800 γὰρ
1174 2765 1265 2796 αὐτοῖς
1282 2765 1312 2791 οὐ
1329 2764 1408 2800 μόνον
1424 2764 1487 2799 περὶ
1503 2763 1556 2790 τῶν
1572 2764 1684 2799 μακροῖς
1701 2763 1817 2799 ὕστερον
1831 2762 1896 2799 χρόα

1103 2819 1159 2843 νοις
1175 2810 1323 2846 μελλόντων
1338 2809 1445 2837 ἔσεσθαι
1462 2808 1669 2845 προὺθέσπιξον,
1682 2808 1752 2837 ἀλλὰ
1764 2809 1814 2837 καὶ
1829 2806 1896 2845 περὶ
