2035 3214
167 191 235 218 “93

677 195 822 224 ECLOGA?
841 198 1083 228 PROPHETICAL‘.
1098 216 1133 221 -—-
1152 203 1215 230 LIB.
1231 204 1275 230 IV.

1716 207 1784 236 H95

163 258 243 276 τινων
257 251 408 287 προχείρων
421 253 468 280 καὶ
482 253 617 289 βιωτικῶν
631 255 781 291 προῦλεγον
791 265 798 272 ·
818 254 873 283 οἷον
887 265 938 294 περ

1002 262 1029 286 et
1058 260 1156 287 coaevis
1182 261 1382 297 praedixerunt;
1408 264 1480 292 sicut
1502 265 1536 293 de
1555 266 1668 301 perditis
1688 267 1786 298 asinis.

162 295 231 323 δνων
244 297 427 331 ἀπολωλυιῶν,
444 300 490 326 καὶ
503 300 566 335 περὶ
582 300 730 328 νοσούντων
743 302 908 337 ἐπισφαλῶς,
927 305 950 330 εἰ

163 341 333 378 βιώσονταιῆ
355 344 402 380 μὴ,
418 346 463 371 καὶ
479 346 542 382 περὶ
557 346 706 383 μελλούσης
722 348 831 375 ἔσεσθαι
847 349 885 384 τῷ
895 349 951 385 λαῷ

162 388 298 424 εὐθηνίας,
316 391 362 417 καὶ
376 392 437 427 περὶ
451 393 538 419 ἄλλων
555 394 668 429 μυρίων,
683 394 700 421 ἃ
712 396 772 426 ταῖς
782 396 840 422 κατ’
853 396 951 428 αὐτοὺς

163 435 295 470 ἱστορίαις
315 437 480 472 ἐμφέρεται’
498 439 570 475 ἅπερ
582 441 605 466 εἰ
624 440 660 476 μὴ
677 441 770 468 τοῦτον
786 442 892 476 γεγόνει
905 442 950 470 τὸν

159 480 271 516 τρόπον,
286 482 475 518 ἀποκρινέσθω
490 494 541 517 τις,
558 485 610 512 τίνι
626 486 725 521 δήποτε
739 485 784 514 οἷν
798 487 868 522 λόγῳ
884 497 949 524 προ-

159 527 247 562 φήτας
265 528 380 563 ἡγοῦντο
402 539 430 555 τε
449 531 496 556 καὶ
510 532 662 558 ἀπεκάλουν
675 552 683 564 ,
707 533 723 568 ἢ
739 533 782 560 διὰ
800 534 825 560 τί
840 535 949 570 γραφῆς

157 573 222 604 τοὺς
236 573 331 608 λόγους
350 575 438 602 αὐτῶν
455 576 565 610 ἠξίουνς
582 577 630 609 Τίς
642 578 664 604 δ’
678 580 699 614 ἡ
714 580 788 607 αἰτία
808 580 840 607 δι’
854 581 887 616 ἢν
902 582 949 607 καὶ

157 619 215 649 τοῖς
229 620 375 654 μετέπειτα
392 622 484 648 παισὶν
497 622 611 654 ἑαυτῶν,
624 623 662 654 ὡς
674 624 706 650 ἂν
718 624 749 660 δὴ
763 625 845 658 Θείας,
859 626 948 653 αὐτῶν

156 665 206 697 τὰς
222 666 331 701 γραφὰς
346 668 540 702 παρεδίδοσανς
556 670 646 705 Μηδὲν
660 671 714 706 γάρ
735 680 760 698 τι
785 672 854 699 θεῖον
881 673 946 708 μηδὲ

157 710 309 745 παράδοξον
324 712 353 738 ἐν
369 714 426 744 τοῖς
439 714 567 748 ἀνδράσιν
584 715 740 750 ἑωρακότας
755 717 816 752 εἰκῆ
831 719 877 744 καὶ
893 718 945 752 μά-

155 764 207 792 την
220 757 323 784 οἴεσθαι
339 759 402 793 περὶ
422 759 510 786 αὐτῶν
530 761 641 787 τοιαῦτα
653 761 828 797 διειληζέναι,
838 763 945 790 πάντων

155 803 231 830 ἐστὶν
244 803 456 831 ἀπιθανώτατον.
469 806 500 832 Εἰ
510 806 531 832 δ’
542 807 692 843 ἀναδρὰμοι
702 817 744 840 τις
757 810 802 835 ἐπὶ
813 810 875 841 τοὺς
884 811 944 836 τότε

155 849 268 886 χρόνους
283 852 316 886 τῇ
327 850 439 887 διανοίᾳ,
457 852 483 877 τί
500 853 554 888 ἄρα
567 854 744 890 ἐπινοήσειεν,
762 856 832 890 ὁρῶν
845 856 943 892 ἄνδρας

154 895 300 931 ἀγροίκους
315 896 360 922 καὶ
380 896 410 921 τὸ
430 897 521 932 σχῆμα
536 897 641 930 λιτοὺς,
658 900 784 932 αἰπόλους
804 901 879 932 τινὰς
898 903 943 928 καὶ

1002 304 1037 332 de
1059 306 1179 340 graviter
1202 309 1407 344 aegrotantibus,
1437 313 1529 338 utrum
1550 313 1785 345 convalescerent.

1001 358 1097 383 necne,
1113 351 1146 378 de
1155 353 1239 380 rebus
1253 355 1352 388 popqu
1363 355 1480 383 feliciter
1492 358 1622 390 cessuris,
1635 360 1781 396 multisque

1001 397 1072 428 aliis,
1084 405 1144 432 qua:
1159 399 1186 425 in
1207 407 1302 427 eorum
1319 401 1440 430 historiis
1461 405 1582 438 reperire
1597 409 1639 432 est
1652 417 1657 434 :
1670 407 1742 441 quod
1759 407 1781 434 si

999 450 1053 469 non
1064 443 1099 470 ita
1109 452 1138 471 se
1149 445 1317 480 habuissent,
1333 448 1398 475 mihi
1406 449 1598 484 respOndeant,
1609 452 1653 479 eui
1662 458 1782 487 unquam

1001 487 1084 523 igitur
1114 491 1197 517 verbo
1228 493 1373 526 prophetas
1397 495 1572 530 agnovissent
1596 498 1780 525 vocavissent-

999 542 1062 569 que.
1081 536 1124 562 vel
1140 544 1189 563 cur
1203 545 1297 565 eorum
1314 540 1396 566 verba
1414 542 1523 575 scriptis
1539 543 1672 570 servanda
1686 551 1782 571 curas-

998 581 1076 607 sent?
1097 581 1279 614 Quamobrem
1299 586 1451 618 posteritati
1478 595 1534 614 suae
1555 589 1655 623 scripta
1673 597 1780 622 eorum,

998 626 1075 659 quasi
1099 626 1189 654 divina
1219 629 1414 657 tradidissent?
1435 631 1510 659 Haud
1532 633 1680 669 quidquam
1707 635 1781 661 enim

997 671 1092 704 divini,
1107 674 1148 700 vel
1166 675 1287 709 praeclari
1312 676 1340 702 in
1363 677 1422 704 istis
1439 678 1505 706 viris
1528 680 1724 714 perspicientes
1740 684 1780 707 te-

996 725 1070 745 mere
1087 726 1118 745 ac
1133 719 1335 748 inconsiderate
1355 722 1388 749 de
1404 723 1471 757 ipsis
1487 724 1551 751 talia
1568 726 1705 760 accepisse
1723 727 1779 760 0ρὶὁ

996 763 1067 792 nari.
1087 764 1294 792 stolidissimum
1321 771 1404 795 esset.
1439 767 1467 796 Si
1499 770 1560 804 quis
1589 770 1645 797 haec
1668 771 1778 805 antiqua

995 811 1086 835 mente
1099 814 1259 843 percenseat
1277 815 1410 845 tempora,
1425 811 1489 846 quid
1505 814 1680 846 existimabit,
1695 814 1778 842 rusti-
1815 830 1819 834 ~

995 860 1043 879 eos
1054 853 1151 882 videns
1173 854 1308 887 homines,
1328 857 1440 891 ignobili
1455 857 1560 890 habitu,
1575 858 1708 886 bubulcos
1724 860 1777 886 sci-

995 899 1057 927 licet
1080 904 1270 936 pastoresque,
1291 902 1317 928 in
1339 903 1428 930 medio
1440 904 1524 931 totius
1540 905 1628 940 gentis
1642 906 1777 940 prodeun-

154 942 296 977 ποιμένας,
310 944 349 974 εἰς
361 943 441 978 μέσον
457 945 556 976 παντὸς
565 945 611 971 τοῦ
624 945 884 981 ἔθνους-παριόντας,
896 948 938 975 καὶ

995 950 1046 978 tes,
1070 948 1150 981 quasi
1177 947 1223 975 Dei
1247 948 1358 976 nomine
1373 950 1496 984 qumdam
1522 951 1659 983 docentes.
1687 952 1777 979 excla‘

153 988 192 1019 ὡς
200 988 233 1014 ὲκ
245 988 389 1024 προσώπου
405 989 451 1016 τοῦ
468 990 534 1016 Θεοῦ
552 999 612 1018 τινα
629 992 764 1026 λέγοντας.
786 994 832 1020 καὶ
848 1003 856 1019 t
874 994 942 1021 Τάδε

153 1032 226 1068 λέγει
241 1033 353 1069 Κύριος,
369 1043 378 1060 )
397 1034 619 1070 ἀναὸοωμένους,
644 1036 690 1064 ἐπί
706 1047 734 1064 τε
752 1038 881 1073 βασιλέων
897 1041 943 1066 καὶ

153 1078 254 1110 παντὸς
276 1079 321 1105 τοῦ
337 1079 400 1106 λαοῦ
419 1080 486 1115 μετὰ
505 1083 716 1118 παραστήματος
731 1084 941 1121 ἀκαταπλήκτου

151 1124 385 1160 δημηγοροῦντας,
402 1127 447 1152 καὶ
463 1126 558 1160 σοφίαν
573 1127 644 1163 ὑπὲρ
658 1128 798 1165 ἄνθρωπον
813 1131 943 1158 ἐνδεικνυ-

153 1173 259 1208 μένους,
275 1175 324 1210 τὴν
339 1176 384 1201 καὶ
399 1175 483 1202 εἰσέτι
493 1176 540 1202 νῦν
551 1177 580 1202 ἐν
589 1177 649 1208 ταῖς
663 1177 839 1212 προφητείαις
852 1177 941 1204 αὐτῶν

151 1219 316 1254 φερομένην,
335 1221 418 1256 μυρία
434 1230 464 1248 τε
481 1222 548 1249 ἄλλα
560 1222 594 1249 δι’
607 1223 775 1257 αἰνιγμάτων
791 1223 838 1249 καὶ
854 1231 941 1259 παρα-

150 1264 238 1292 ϐολῶν
250 1266 391 1302 ἀπόρρητα
402 1267 622 1302 φιλοσοφοῦντας,
635 1268 733 1304 ἠθικήν
745 1278 775 1295 τε
787 1269 833 1295 καὶ
843 1269 940 1305 δογμα·

150 1311 229 1348 τικὴν
240 1313 273 1348 τῇ
293 1314 425 1349 Ἑϐραίων
443 1316 516 1351 φωνῇ
534 1315 707 1343 διδασκαλίαν
723 1315 762 1351 τῷ
777 1316 834 1351 λαῷ
850 1325 939 1351 παρα-

149 1357 286 1390 διδόντας,
310 1359 357 1385 καὶ
375 1360 443 1396 πρὸς
464 1361 509 1387 ἐπὶ
529 1361 634 1392 τούτοις
650 1361 695 1388 τὸν
711 1361 767 1396 βίον
781 1363 838 1394 τοῖς
851 1362 940 1397 λόγοις

149 1402 240 1430 αὐτῶν
249 1405 414 1440 κατάλληλον
426 1406 653 1442 ἐνδεικνυμένους,
663 1407 771 1439 καὶτοῖς
783 1408 865 1434 πᾶσιν
876 1408 940 1435 ἀκο-

149 1449 288 1482 λακεύτως
303 1451 463 1487 ὁμιλοῦντας
473 1473 479 1484 ,
495 1453 534 1484 είς
551 1453 694 1489 πρόσωπόν
710 1462 740 1480 τε
757 1455 819 1485 τοὺς
832 1454 939 1487 ἀσεϐεῖς

148 1495 345 1530 διελέγχοντας,
358 1496 395 1529 ὡς
411 1498 457 1524 καὶ
471 1498 692 1525 ἐπιϐουλεύεσθαι
710 1500 777 1535 πρὸς
790 1500 878 1527 αὐτῶν
891 1500 939 1535 μέ-

149 1550 196 1576 χρι
210 1541 332 1574 θάνατον,
350 1543 483 1579 ῥωμαλέῳ
499 1542 546 1571 καὶ
562 1545 678 1580 γεννικῷ
692 1546 885 1581 παραστήματι
898 1546 937 1581 τῷ

148 1586 244 1622 ἀληθεί
250 1587 321 1623 λόγῳ
330 1589 548 1624 παρισταμένους
558 1598 564 1605 ·
573 1589 708 1621 ταῦτάτις
716 1591 756 1624 εις
765 1590 826 1617 νοῦν
837 1591 938 1624 εὐγνω-

150 1632 239 1667 μόνως
255 1633 376 1669 θέμενος,
401 1635 460 1666 πῶς
475 1635 524 1662 οὐκ
538 1634 571 1662 ἂν
587 1636 761 1671 ὁμολογήσειε
778 1637 848 1664 κατὰ
864 1636 938 1663 θείαν

148 1678 188 1710 ὡς
200 1678 306 1713 ἀληθῶς
321 1680 462 1707 ἐπίπνοιαν
476 1681 563 1708 ταῦτα
574 1681 662 1708 πάντα
674 1682 737 1717 περὶ
750 1682 848 1712 αὐτοὺς
859 1690 938 1716 γεγο-

147 1722 223 1750 νέναι
233 1732 240 1756 ;
251 1724 296 1751 Διὸ
306 1725 353 1750 καὶ
361 1725 420 1751 τότε
431 1725 617 1761 θαυμάζεσθαι
628 1726 726 1757 αὐτοὺς
737 1726 808 1757 εἰκὸς
817 1723 851 1761 ἦν
863 1725 938 1762 παρὰ

147 1770 206 1801 τοῖς
230 1769 363 1806 ἕμφροσι,
388 1772 434 1798 καὶ
455 1773 519 1804 τοὺς
533 1772 628 1806 λόγους
643 1772 733 1799 αὐτῶν
748 1772 937 1808 ἀναγράπτους

148 1815 225 1851 παρὰ
244 1817 300 1847 τοῖς
323 1817 574 1853 ιερογραμματεῦσι
592 1817 771 1853 φυλάττεσθαι
784 1840 792 1850 ,
807 1817 891 1844 εἰσέτι
908 1826 936 1845 τε

147 1858 197 1886 νῦν
214 1860 278 1896 παρ’
294 1861 347 1896 ὅλῳ
361 1861 400 1897 τῷ
414 1861 486 1889 ἔθνει
504 1863 645 1898 προφήτας
659 1863 797 1897 γεγονέναι
808 1863 853 1889 τοῦ
869 1863 936 1889 Θεοῦ

147 1906 332 1934 πιστεύεσθαι·
343 1906 357 1934 ὃ
370 1907 417 1934 καὶ
427 1907 611 1943 ἐναργέστατα
621 1909 736 1944 μάλιστα
747 1908 906 1944 παρίστησιν
919 1910 936 1944 ὴ

147 1950 269 1987 ἡμετέρα
282 1952 346 1988 περὶ
359 1951 406 1979 τοῦ
419 1953 536 1989 Χριστοῦ
544 1953 684 1989 διάληψις,
698 1953 758 1980 καθ’
771 1953 804 1988 ἢν
831 1952 938 1979 ἀποδεί-

147 2005 251 2033 κνυμεν
268 1999 358 2026 πᾶσαν
373 1998 422 2034 τὴν
441 2001 500 2026 κατ’
517 2000 597 2027 αὐτὸν
615 1999 770 2035 οἰκονομίαν
792 1999 939 2034 γεγενημέ-

147 2050 212 2078 νην,
229 2043 264 2070 τά
275 2052 304 2070 τε
321 2045 385 2080 περὶ
397 2045 447 2081 τῆς
460 2045 633 2078 διδασκαλίας
649 2045 731 2072 αὑτοῦ
744 2066 751 2078 ,
775 2045 820 2071 καὶ
836 2045 884 2080 τῆς
904 2044 933 2077 ἐξ

147 2089 276 2117 ἁπάντων
285 2089 369 2118 ὲθνῶν
380 2092 528 2128 γενομένης
538 2092 571 2119 δι’
585 2091 667 2119 αὑτοῦ
680 2090 933 2128 κλήσεως,ὰκρι6ῶς

147 2135 335 2170 προεγνῶσθαί
351 2145 381 2163 τε
396 2137 442 2164 καὶ
457 2137 509 2173 πρὸ
524 2138 627 2174 μυρίων
642 2139 712 2165 ὅσων
731 2137 799 2163 ἐτῶν
818 2137 874 2168 τοῖς
891 2136 935 2162 θε-

148 2181 269 2214 σπεσίοις
284 2182 399 2215 ἐκείνοις
410 2184 522 2219 ἀνδράσι
536 2184 728 2220 προειρῆσθαι·
744 2180 781 2211 ὧν
797 2182 846 2214 τὰς
859 2182 934 2218 ἱερὰς

994 995 1163 1028 montesque,
1179 1003 1188 1018 ι
1210 993 1270 1021 llaec
1287 995 1353 1022 dicit
1374 995 1514 1027 Dominus,
1531 1006 1540 1022 ι
1556 1005 1648 1024 coram
1668 998 1776 1032 regibus

994 1046 1025 1065 ac
1044 1039 1118 1066 omni
1133 1040 1233 1074 populo
1251 1040 1380 1069 audacter
1391 1050 1423 1069 ac
1438 1043 1521 1070 libere
1535 1043 1617 1071 verba
1634 1043 1774 1076 facientes,

993 1085 1154 1118 sapientiam
1185 1086 1302 1114 humana
1330 1088 1461 1122 majorem
1492 1089 1686 1121 ostendentes,
1715 1098 1775 1124 qua:

992 1138 1066 1158 nunc
1089 1131 1178 1158 adhuc
1197 1132 1225 1159 in
1245 1139 1341 1160 eorum
1362 1135 1514 1169 prophetiis
1530 1137 1610 1170 viget,
1634 1137 1774 1164 innumera

991 1184 1040 1212 per
1057 1178 1201 1212 parabolas
1217 1182 1298 1214 atque
1314 1180 1457 1215 aenigmata
1474 1182 1601 1217 mysteria
1616 1183 1771 1215 edocentes,

991 1222 1123 1249 moralem
1138 1226 1165 1250 et
1183 1223 1367 1258 dogmalieam
1390 1225 1564 1253 Hebraeorum
1586 1227 1676 1261 lingua
1691 1227 1774 1255 disci-

990 1267 1092 1301 plinam
1119 1269 1219 1302 populo
1246 1269 1401 1302 tradentes,
1429 1271 1512 1298 vitam
1541 1279 1602 1298 cum
1631 1273 1773 1307 przeceptis

991 1313 1049 1341 suis
1061 1321 1208 1348 congruam
1223 1313 1362 1348 degentes,
1379 1323 1472 1342 coram
1484 1317 1609 1344 omnibus
1631 1318 1690 1345 sine
1705 1318 1773 1345 adu-

991 1359 1091 1386 latione
1101 1366 1287 1392 conversatus,
1299 1361 1397 1396 impios
1405 1362 1494 1396 palam
1508 1363 1696 1398 objurgantes,
1711 1364 1771 1398 ipso

989 1404 1085 1431 mortis
1110 1405 1231 1439 periculo
1254 1409 1419 1440 contempto,
1443 1414 1476 1434 ae
1498 1407 1615 1442 denique
1632 1408 1772 1436 veritatem

989 1449 1060 1476 virili
1086 1457 1273 1485 generosaque
1297 1450 1474 1479 defendentes
1502 1453 1625 1480 audacia.
1653 1453 1718 1487 Quae
1749 1455 1772 1482 si

990 1496 1050 1530 quis
1062 1496 1153 1523 animo
1167 1496 1311 1531 dillgenter
1323 1501 1439 1532 reputet,
1454 1506 1508 1526 non
1524 1500 1623 1533 poterit
1637 1507 1691 1527 non
1705 1507 1772 1527 con-

989 1541 1059 1569 ﬁteri
1082 1550 1115 1569 ex
1141 1542 1185 1570 his
1204 1543 1331 1570 omnibus
1355 1544 1424 1571 tales
1447 1545 1520 1572 viros
1544 1545 1634 1572 divina
1654 1546 1770 1581 quadam

989 1588 1168 1622 inspiratione
1189 1596 1249 1615 esse
1269 1588 1384 1617 atllatos.
1411 1589 1526 1625 ideoque
1550 1596 1614 1618 tunc
1633 1600 1680 1619 eos
1701 1592 1771 1619 inter

989 1633 1206 1667 sapientissimos
1235 1641 1341 1668 aequum
1363 1640 1420 1661 erat
1449 1636 1597 1666 admirari,
1623 1644 1771 1672 eorumque

986 1680 1069 1706 verba
1092 1680 1178 1706 sacris
1201 1687 1365 1707 conservare
1386 1679 1546 1715 Scripturis,
1577 1690 1624 1710 eos
1653 1682 1770 1718 denique

987 1732 1073 1760 usque
1088 1733 1161 1752 nunc
1182 1726 1253 1760 apud
1269 1733 1363 1754 omnes
1381 1731 1476 1762 gentes
1497 1729 1571 1755 velut
1591 1728 1637 1755 Dei
1653 1730 1770 1764 prophe-

986 1774 1029 1798 tas
1044 1771 1129 1798 credi.
1147 1771 1224 1804 Quod
1239 1775 1265 1798 et
1280 1768 1503 1800 manifestissime
1520 1774 1661 1802 confirmat
1674 1780 1769 1803 nostra

986 1816 1020 1843 de
1030 1816 1142 1844 Christo
1158 1817 1320 1852 disputatio,
1337 1826 1390 1852 qua
1412 1819 1660 1848 demonstravimus
1676 1822 1768 1849 omnia

986 1870 1046 1896 quae
1062 1862 1222 1889 acciderunt
1246 1863 1282 1894 ei,
1297 1870 1403 1890 omnem
1424 1863 1484 1897 ejus
1506 1865 1689 1899 disciplinam,
1704 1874 1763 1901 gen-

985 1909 1108 1943 tiumque
1128 1908 1163 1935 ab
1185 1915 1217 1935 eo
1235 1908 1333 1935 factam
1355 1909 1536 1939 vocationem.
1550 1918 1680 1944 expresse
1698 1919 1768 1946 pne-

986 1953 1121 1983 nuntiata,
1145 1953 1293 1987 multisque
1311 1956 1374 1980 ante
1399 1954 1478 1981 annis
1499 1954 1532 1980 ab
1554 1954 1614 1982 istis
1638 1955 1768 1983 divinitus

987 1997 1083 2025 amatis
1097 1998 1163 2025 vir-is
1177 1998 1307 2032 praedicta
1329 1997 1424 2026 fuisse.
1439 1998 1559 2031 Quorum
1575 2007 1668 2028 sacros
1684 2001 1768 2028 libros

981 2043 1067 2071 Judaei
1091 2043 1195 2078 majore
1219 2044 1291 2078 digni
1319 2044 1371 2071 ﬁde
1396 2051 1477 2079 quam
1501 2053 1551 2073 nos
1572 2051 1675 2078 essent,
1691 2048 1767 2081 justo

982 2098 1014 2118 ac
1040 2089 1189 2117 venerabili
1211 2089 1314 2117 honore
1336 2095 1539 2125 prosequentes.
1571 2092 1617 2119 His
1641 2093 1724 2128 igitur
1751 2099 1767 2120 a

982 2135 1063 2163 nobis
1088 2143 1143 2162 nou
1163 2135 1220 2162 sine
1244 2135 1361 2163 utilitate
1377 2137 1518 2171 expositis,
1544 2138 1578 2166 ad
1598 2140 1768 2174 propositum

982 2180 1172 2207 revertendum
1185 2183 1237 2206 est.

147 2227 255 2263 βιδλους
275 2229 395 2256 Ἰουδαῖοι
409 2229 508 2265 μᾶλλον
521 2230 554 2258 ἂν
566 2230 644 2266 ὴμῶν
671 2228 725 2257 εἶεν
754 2229 967 2263 ἀξιοπιστότεροι
988 2226 1056 2262 μετά
1077 2225 1167 2260 πάσης
1197 2224 1344 2261 σεὸασμιου
1367 2227 1448 2262 τιμῆς
1472 2227 1646 2263 περιέποντές
1668 2237 1697 2255 τε
1721 2229 1770 2258 καὶ

147 2277 338 2313 προφέροντες.
365 2278 472 2306 Τούτων
486 2279 551 2314 ήμῖν
565 2279 707 2315 χρησίμως
721 2275 981 2314 προδιαληφθέντωνί
990 2275 1035 2300 ἐπὶ
1049 2274 1097 2309 τὴν
1112 2272 1238 2300 ὑπέθεσιν
1251 2272 1381 2300 δδευτέον·
1518 2275 1520 2277 ’

410 2340 608 2367 ΚΕΦΛΛΑΙΟΝ
626 2340 664 2366 A’.

407 2381 455 2412 Ἐκ
471 2386 523 2412 τοῦ
543 2385 674 2413 Ἡσαΐου.

188 2439 200 2457 1
218 2431 248 2457 '0
264 2431 342 2466 λόγος
360 2431 374 2458 ὀ
390 2431 535 2467 γενόμενος
546 2432 613 2467 πρὸς
632 2431 743 2458 Ἡσαΐαν
765 2430 822 2457 υἱὸν
840 2427 930 2465 Ἆμὼς

147 2476 213 2512 περὶ
229 2477 278 2513 τῆς
298 2477 426 2510 Ἰουδαίας
442 2478 488 2504 καὶ
502 2478 564 2513 περὶ
580 2477 764 2513 Ἰερουσαλήμ.
776 2478 836 2503 Ὀτι
853 2476 929 2502 ἔσται

148 2524 178 2551 ἐν
189 2524 249 2555 ταῖς
270 2523 397 2559 ἐσχάταις
412 2524 528 2560 ἡμέραις
543 2524 662 2558 ἐμφανὲς
681 2523 711 2550 τὺ
727 2523 789 2559 ὅρος
808 2523 910 2559 Κυρίου
921 2544 928 2555 ,

148 2568 196 2597 καὶ
207 2569 222 2596 ὁ
235 2566 309 2600 οἶκος
318 2569 365 2596 τοῦ
377 2568 444 2595 Θεοῦ
460 2570 502 2596 ἐπ’
518 2569 610 2605 ἄκρων
625 2569 678 2596 τῶν
691 2568 786 2605 ὀρέων,
795 2570 843 2596 καὶ
854 2569 927 2604 ὑψω-

149 2613 258 2649 θήσεται
271 2614 398 2649 ὑπεράνω
415 2614 468 2640 τῶν
485 2613 596 2649 βουνῶν,
610 2614 656 2640 καὶ
669 2613 778 2648 ἥξουσιν
796 2614 840 2639 ἐπ’
855 2613 929 2647 αὐτῷ

150 2660 236 2687 πάντα
251 2660 287 2686 τὰ
300 2660 373 2696 ἔθνη.
397 2661 452 2687 Καὶ
474 2659 650 2696 πορεύσονται
677 2659 740 2694 ἔθνη
765 2658 859 2691 πολλὰ,
884 2660 930 2686 καὶ

149 2706 251 2742 ἐροῦσι·
267 2706 359 2738 Δεῦτε,
370 2707 416 2733 καὶ
428 2706 571 2742 ἀναδῶμεν
587 2707 627 2738 εἰς
637 2706 667 2732 τὸ
680 2705 742 2741 ὅρος
755 2705 867 2740 Κυρίου,
883 2705 929 2731 καὶ

150 2753 186 2784 τίς
199 2752 244 2778 τὸν
265 2750 338 2779 οἷκον
350 2751 398 2778 τοῦ
422 2751 488 2778 Θεοῦ
508 2751 613 2783 Ἰακὼϐ,
636 2751 682 2777 καὶ
698 2750 840 2785 ἀναγγελεῖ
864 2751 929 2785 ἡμῖν

151 2798 196 2832 τὴν
211 2792 269 2824 ὁδὸν
282 2798 374 2829 αὐτοῦ,
396 2799 442 2825 καὶ
463 2797 648 2837 πορευσόμεθα
671 2797 701 2823 ὲν
721 2797 788 2832 αὐτῇ
801 2805 807 2812 ·
826 2797 857 2823 ὲκ
873 2797 927 2832 γὰρ

151 2842 216 2869 Σιὼν
229 2842 398 2876 ἐξελεύσεται
414 2844 504 2878 νόμος,
521 2844 567 2870 καὶ
577 2843 654 2877 λόγος
669 2841 771 2877 Κυρίου
786 2841 815 2874 ἐξ
827 2841 927 2876 Ἰερου-

152 2889 238 2924 σαλήμ
248 2898 254 2904 ·
271 2889 317 2916 καὶ
331 2891 418 2924 κρινεῖ
432 2889 484 2915 ἀνὰ
501 2889 581 2923 μέσον
591 2889 643 2915 τῶν
658 2888 752 2919 ἐθνῶν,
764 2889 810 2915 καὶ
822 2888 924 2922 ἐλέγξει

152 2935 210 2962 ἀὺν
229 2934 327 2961 πολύν·
353 2935 399 2961 καὶ
423 2934 587 2969 συγκὸψουσι
610 2934 658 2966 τὰς
679 2935 814 2970 μαχαίρας
836 2934 924 2961 αὐτῶν

298 2981 393 3009 Pun.
410 2979 467 3009 Gn.
489 2979 589 3009 XXII.

1296 2332 1410 2361 CAPUT
1430 2333 1450 2361 Ι.

1303 2379 1346 2406 Ea:
1360 2379 1445 2408 Isaia,

1020 2437 1029 2453 ι
1049 2426 1167 2454 Verbum
1183 2427 1255 2461 quod
1278 2427 1346 2453 vidit
1372 2427 1468 2460 Isaias,
1487 2427 1558 2455 ﬁlius
1574 2427 1668 2459 Amos,
1684 2428 1767 2463 Super

982 2473 1050 2501 Juda
1072 2477 1099 2500 et
1119 2472 1280 2500 Jerusalem.
1298 2473 1330 2499 Et
1352 2473 1404 2499 erit
1433 2474 1460 2500 in
1486 2473 1644 2501 novissimis
1669 2473 1765 2502 diebus

983 2525 1152 2556 praeparatus
1161 2527 1239 2547 mons
1245 2519 1342 2547 domus
1350 2519 1457 2547 Domini
1470 2520 1497 2547 in
1503 2520 1604 2548 vertice
1619 2520 1763 2552 montium,

982 2572 1009 2594 ct
1022 2567 1174 2595 elevabitur
1189 2573 1272 2600 super
1284 2566 1380 2597 colles.
1399 2570 1426 2593 et
1446 2565 1530 2593 ﬂuent
1543 2567 1576 2592 ad
1592 2574 1654 2593 eum
1668 2570 1764 2594 omnes

982 2618 1085 2650 gentes.
1104 2613 1136 2640 Et
1152 2613 1231 2640 ibunt
1244 2612 1336 2647 populi
1350 2612 1438 2644 multi,
1452 2616 1479 2639 et
1489 2613 1581 2639 dlceut
1593 2622 1599 2639 :
1618 2611 1724 2642 Venite.
1738 2617 1763 2639 et

981 2660 1163 2688 ascendamus
1175 2659 1208 2686 ad
1230 2662 1350 2686 montem
1364 2658 1481 2691 Domini,
1498 2663 1525 2686 et
1540 2659 1573 2686 ad
1591 2661 1703 2686 domum
1718 2659 1762 2685 Dei

980 2706 1075 2738 Jacob,
1086 2709 1113 2734 et
1128 2705 1238 2733 docebit
1251 2713 1301 2732 nos
1314 2705 1372 2732 vias
1387 2712 1462 2736 suas,
1478 2709 1505 2732 et
1521 2705 1722 2732 ambulabimus
1735 2705 1764 2732 in
1810 2713 1815 2718 ·

980 2753 1086 2780 semitis
1111 2752 1182 2786 ejus.
1205 2752 1274 2784 Quia
1286 2752 1319 2779 de
1333 2752 1398 2779 Sion
1419 2752 1503 2779 exibit
1519 2753 1573 2784 lex,
1597 2757 1624 2779 et
1649 2752 1761 2779 verbum

980 2797 1088 2825 Domini
1108 2798 1142 2825 de
1161 2797 1323 2826 Jerusalem.
1339 2798 1373 2825 Et
1400 2798 1535 2833 judicabit
1551 2801 1655 2834 gentes.
1668 2803 1695 2825 et
1710 2806 1759 2826 ar-

978 2850 1041 2880 guet
1057 2846 1171 2880 populos
1188 2847 1289 2873 multos
1312 2855 1318 2873 :
1343 2852 1369 2873 et
1394 2845 1551 2874 conﬂabant
1568 2845 1674 2881 gladios
1695 2852 1760 2872 suos

979 2891 1005 2917 in
1020 2897 1154 2922 vomeres,
1171 2894 1198 2918 et
1214 2891 1325 2918 lanceas
1337 2899 1402 2918 suas
1419 2891 1445 2918 in
1460 2891 1543 2919 falces
1559 2901 1565 2918 :
1586 2898 1640 2918 non
1661 2890 1759 2918 levabit

977 2944 1043 2971 gens
1065 2940 1160 2964 contra
1185 2942 1292 2973 gentem
1319 2938 1451 2973 gladium,
1476 2945 1526 2965 nec
1559 2937 1757 2965 exercebuntur

1575 2983 1619 3013 38'
