  <div class='ocr_page' id='page_1' title='image "/cluster/home/n/w/nwhite01/storage/ocr_20150623/22/njp.32101077772497/673.png"; bbox 0 0 2035 3214; ppageno 0'>
   <div class='ocr_carea' id='block_1_1' title="bbox 284 170 352 198">
    <p class='ocr_par' dir='ltr' id='par_1_1' title="bbox 284 170 352 198">
     <span class='ocr_line' id='line_1_1' title="bbox 284 170 352 198; baseline 0.015 -1"><span class='ocrx_word' id='word_1_1' title='bbox 284 170 352 198; x_wconf 75' lang='lat' dir='ltr'><strong>H95</strong></span> 
     </span>
    </p>
   </div>
   <div class='ocr_carea' id='block_1_2' title="bbox 610 170 1537 200">
    <p class='ocr_par' dir='ltr' id='par_1_2' title="bbox 610 170 1537 200">
     <span class='ocr_line' id='line_1_2' title="bbox 610 170 1537 200; baseline 0.003 -3"><span class='ocrx_word' id='word_1_2' title='bbox 610 170 746 198; x_wconf 72' lang='lat' dir='ltr'><strong>IZUSEllll</strong></span> <span class='ocrx_word' id='word_1_3' title='bbox 762 170 1003 199; x_wconf 68' lang='lat' dir='ltr'><strong>CASSARlENSlS</strong></span> <span class='ocrx_word' id='word_1_4' title='bbox 1021 171 1096 199; x_wconf 85' lang='lat' dir='ltr'><strong>OPP.</strong></span> <span class='ocrx_word' id='word_1_5' title='bbox 1118 171 1210 200; x_wconf 76' lang='lat' dir='ltr'><strong>PARS</strong></span> <span class='ocrx_word' id='word_1_6' title='bbox 1229 172 1314 200; x_wconf 88' lang='lat' dir='ltr'><strong>llI.—</strong></span> <span class='ocrx_word' id='word_1_7' title='bbox 1333 171 1537 200; x_wconf 73' lang='lat' dir='ltr'><strong>EXEGETICA.</strong></span> 
     </span>
    </p>
   </div>
   <div class='ocr_carea' id='block_1_3' title="bbox 1809 178 1863 206">
    <p class='ocr_par' dir='ltr' id='par_1_3' title="bbox 1809 178 1863 206">
     <span class='ocr_line' id='line_1_3' title="bbox 1809 178 1863 206; baseline 0.037 -2"><span class='ocrx_word' id='word_1_8' title='bbox 1809 178 1863 206; x_wconf 84' lang='grc' dir='ltr'><strong>Ηθϐ</strong></span> 
     </span>
    </p>
   </div>
   <div class='ocr_carea' id='block_1_4' title="bbox 283 229 1058 268">
    <p class='ocr_par' dir='ltr' id='par_1_4' title="bbox 283 229 1058 266">
     <span class='ocr_line' id='line_1_4' title="bbox 283 229 1058 266; baseline 0.003 -9"><span class='ocrx_word' id='word_1_9' title='bbox 283 231 356 257; x_wconf 86' lang='lat' dir='ltr'><strong>ultra</strong></span> <span class='ocrx_word' id='word_1_10' title='bbox 367 231 401 257; x_wconf 86' lang='lat' dir='ltr'><strong>ad</strong></span> <span class='ocrx_word' id='word_1_11' title='bbox 421 229 544 264; x_wconf 69' lang='lat' dir='ltr'><strong>praelium</strong></span> <span class='ocrx_word' id='word_1_12' title='bbox 556 229 575 255; x_wconf 79' lang='grc' dir='ltr'>ί.</span> <span class='ocrx_word' id='word_1_13' title='bbox 596 239 604 254; x_wconf 78' lang='grc' dir='ltr'><strong>ι</strong></span> <span class='ocrx_word' id='word_1_14' title='bbox 629 229 780 257; x_wconf 88' lang='lat' dir='ltr'><strong>Ostendant</strong></span> <span class='ocrx_word' id='word_1_15' title='bbox 793 231 883 263; x_wconf 85' lang='lat' dir='ltr'><strong>nobis,</strong></span> <span class='ocrx_word' id='word_1_16' title='bbox 904 232 949 266; x_wconf 90' lang='lat' dir='ltr'><strong>qui</strong></span> <span class='ocrx_word' id='word_1_17' title='bbox 964 231 999 259; x_wconf 90' lang='lat' dir='ltr'><strong>de</strong></span> <span class='ocrx_word' id='word_1_18' title='bbox 1013 232 1058 259; x_wconf 93' lang='lat' dir='ltr'><strong>cir-</strong></span> 
     </span>
    </p>
   </div>
   <div class='ocr_carea' id='block_1_5' title="bbox 1106 229 1868 268">
    <p class='ocr_par' dir='ltr' id='par_1_5' title="bbox 1117 231 1868 268">
     <span class='ocr_line' id='line_1_5' title="bbox 1117 231 1868 268; baseline 0.003 -9"><span class='ocrx_word' id='word_1_19' title='bbox 1117 233 1157 264; x_wconf 80' lang='grc' dir='ltr'><strong>είς</strong></span> <span class='ocrx_word' id='word_1_20' title='bbox 1172 232 1285 268; x_wconf 79' lang='grc' dir='ltr'><strong>ἄροτρα,</strong></span> <span class='ocrx_word' id='word_1_21' title='bbox 1302 232 1349 259; x_wconf 77' lang='grc' dir='ltr'>καὶ</span> <span class='ocrx_word' id='word_1_22' title='bbox 1366 231 1414 264; x_wconf 86' lang='grc' dir='ltr'>τὰς</span> <span class='ocrx_word' id='word_1_23' title='bbox 1427 231 1538 264; x_wconf 77' lang='grc' dir='ltr'>ζιὸύνας</span> <span class='ocrx_word' id='word_1_24' title='bbox 1547 231 1636 259; x_wconf 81' lang='grc' dir='ltr'>αὐτῶν</span> <span class='ocrx_word' id='word_1_25' title='bbox 1647 233 1686 264; x_wconf 82' lang='grc' dir='ltr'><strong>εἰς</strong></span> <span class='ocrx_word' id='word_1_26' title='bbox 1698 232 1818 268; x_wconf 57' lang='grc' dir='ltr'>δρέπανα·</span> <span class='ocrx_word' id='word_1_27' title='bbox 1831 237 1868 263; x_wconf 66' lang='grc' dir='ltr'>καὶ</span> 
     </span>
    </p>
   </div>
   <div class='ocr_carea' id='block_1_6' title="bbox 282 267 1062 311">
    <p class='ocr_par' dir='ltr' id='par_1_6' title="bbox 282 267 1062 311">
     <span class='ocr_line' id='line_1_6' title="bbox 282 267 1062 311; baseline 0.003 -7"><span class='ocrx_word' id='word_1_28' title='bbox 282 276 450 304; x_wconf 83' lang='lat' dir='ltr'><strong>cumcisione</strong></span> <span class='ocrx_word' id='word_1_29' title='bbox 464 267 660 311; x_wconf 76' lang='lat' dir='ltr'><strong>glorificantur,</strong></span> <span class='ocrx_word' id='word_1_30' title='bbox 675 284 798 311; x_wconf 71' lang='lat' dir='ltr'><strong>quamam</strong></span> <span class='ocrx_word' id='word_1_31' title='bbox 816 281 843 305; x_wconf 90' lang='lat' dir='ltr'><strong>et</strong></span> <span class='ocrx_word' id='word_1_32' title='bbox 859 278 930 305; x_wconf 92' lang='lat' dir='ltr'><strong>unde</strong></span> <span class='ocrx_word' id='word_1_33' title='bbox 956 279 991 306; x_wconf 84' lang='lat' dir='ltr'><strong>sit</strong></span> <span class='ocrx_word' id='word_1_34' title='bbox 1021 279 1062 306; x_wconf 88' lang='lat' dir='ltr'><strong>lex</strong></span> 
     </span>
    </p>
   </div>
   <div class='ocr_carea' id='block_1_7' title="bbox 282 323 1066 360">
    <p class='ocr_par' dir='ltr' id='par_1_7' title="bbox 282 323 1066 360">
     <span class='ocr_line' id='line_1_7' title="bbox 282 323 1066 360; baseline 0.003 -10"><span class='ocrx_word' id='word_1_35' title='bbox 282 323 340 356; x_wconf 87' lang='lat' dir='ltr'><strong>illa,</strong></span> <span class='ocrx_word' id='word_1_36' title='bbox 351 328 377 351; x_wconf 90' lang='lat' dir='ltr'><strong>et</strong></span> <span class='ocrx_word' id='word_1_37' title='bbox 393 323 492 359; x_wconf 85' lang='lat' dir='ltr'><strong>quibus</strong></span> <span class='ocrx_word' id='word_1_38' title='bbox 505 323 594 351; x_wconf 89' lang='lat' dir='ltr'><strong>danda</strong></span> <span class='ocrx_word' id='word_1_39' title='bbox 606 323 652 356; x_wconf 86' lang='lat' dir='ltr'><strong>sit,</strong></span> <span class='ocrx_word' id='word_1_40' title='bbox 667 331 729 359; x_wconf 66' lang='lat' dir='ltr'><strong>quae</strong></span> <span class='ocrx_word' id='word_1_41' title='bbox 744 323 778 351; x_wconf 89' lang='lat' dir='ltr'><strong>de</strong></span> <span class='ocrx_word' id='word_1_42' title='bbox 795 323 862 351; x_wconf 89' lang='lat' dir='ltr'><strong>Sion</strong></span> <span class='ocrx_word' id='word_1_43' title='bbox 873 324 980 352; x_wconf 85' lang='lat' dir='ltr'><strong>exitura</strong></span> <span class='ocrx_word' id='word_1_44' title='bbox 995 333 1066 360; x_wconf 75' lang='lat' dir='ltr'><strong>prae-</strong></span> 
     </span>
    </p>
   </div>
   <div class='ocr_carea' id='block_1_8' title="bbox 282 368 1065 402">
    <p class='ocr_par' dir='ltr' id='par_1_8' title="bbox 282 368 1065 402">
     <span class='ocr_line' id='line_1_8' title="bbox 282 368 1065 402; baseline 0.003 -6"><span class='ocrx_word' id='word_1_45' title='bbox 282 369 393 396; x_wconf 88' lang='lat' dir='ltr'><strong>dicitur.</strong></span> <span class='ocrx_word' id='word_1_46' title='bbox 415 378 424 395; x_wconf 85' lang='grc' dir='ltr'><strong>ι</strong></span> <span class='ocrx_word' id='word_1_47' title='bbox 442 368 480 397; x_wconf 91' lang='lat' dir='ltr'><strong>De</strong></span> <span class='ocrx_word' id='word_1_48' title='bbox 505 368 572 396; x_wconf 91' lang='lat' dir='ltr'><strong>Sion</strong></span> <span class='ocrx_word' id='word_1_49' title='bbox 586 369 671 401; x_wconf 84' lang='lat' dir='ltr'><strong>enim,</strong></span> <span class='ocrx_word' id='word_1_50' title='bbox 690 369 739 402; x_wconf 93' lang='lat' dir='ltr'><strong>ait,</strong></span> <span class='ocrx_word' id='word_1_51' title='bbox 765 369 850 397; x_wconf 78' lang='lat' dir='ltr'><strong>exibit</strong></span> <span class='ocrx_word' id='word_1_52' title='bbox 872 370 926 402; x_wconf 83' lang='lat' dir='ltr'><strong>lex,</strong></span> <span class='ocrx_word' id='word_1_53' title='bbox 948 379 957 396; x_wconf 66' lang='grc' dir='ltr'><strong>ι</strong></span> <span class='ocrx_word' id='word_1_54' title='bbox 975 371 1065 398; x_wconf 71' lang='grc' dir='ltr'>ᾶίνθτο</span> 
     </span>
    </p>
   </div>
   <div class='ocr_carea' id='block_1_9' title="bbox 281 414 1064 453">
    <p class='ocr_par' dir='ltr' id='par_1_9' title="bbox 281 414 1064 453">
     <span class='ocr_line' id='line_1_9' title="bbox 281 414 1064 453; baseline 0.005 -12"><span class='ocrx_word' id='word_1_55' title='bbox 281 422 339 442; x_wconf 97' lang='lat' dir='ltr'><strong>sam</strong></span> <span class='ocrx_word' id='word_1_56' title='bbox 357 414 414 442; x_wconf 81' lang='lat' dir='ltr'><strong>fore</strong></span> <span class='ocrx_word' id='word_1_57' title='bbox 430 415 464 442; x_wconf 93' lang='lat' dir='ltr'><strong>ab</strong></span> <span class='ocrx_word' id='word_1_58' title='bbox 490 415 536 442; x_wconf 88' lang='lat' dir='ltr'><strong>illa</strong></span> <span class='ocrx_word' id='word_1_59' title='bbox 559 415 726 450; x_wconf 79' lang='lat' dir='ltr'><strong>signiﬁcans,</strong></span> <span class='ocrx_word' id='word_1_60' title='bbox 747 423 807 450; x_wconf 77' lang='lat' dir='ltr'><strong>quae</strong></span> <span class='ocrx_word' id='word_1_61' title='bbox 829 424 877 451; x_wconf 89' lang='lat' dir='ltr'><strong>per</strong></span> <span class='ocrx_word' id='word_1_62' title='bbox 900 416 1020 453; x_wconf 79' lang='lat' dir='ltr'><strong>Moysem</strong></span> <span class='ocrx_word' id='word_1_63' title='bbox 1037 418 1064 445; x_wconf 93' lang='lat' dir='ltr'><strong>in</strong></span> 
     </span>
    </p>
   </div>
   <div class='ocr_carea' id='block_1_10' title="bbox 281 461 1062 496">
    <p class='ocr_par' dir='ltr' id='par_1_10' title="bbox 281 461 1062 496">
     <span class='ocr_line' id='line_1_10' title="bbox 281 461 1062 496; baseline 0.005 -8"><span class='ocrx_word' id='word_1_64' title='bbox 281 461 390 488; x_wconf 85' lang='lat' dir='ltr'><strong>deserto</strong></span> <span class='ocrx_word' id='word_1_65' title='bbox 418 461 480 489; x_wconf 87' lang='lat' dir='ltr'><strong>data</strong></span> <span class='ocrx_word' id='word_1_66' title='bbox 507 465 561 489; x_wconf 75' lang='lat' dir='ltr'><strong>est.</strong></span> <span class='ocrx_word' id='word_1_67' title='bbox 586 461 722 494; x_wconf 81' lang='lat' dir='ltr'><strong>Quidnam</strong></span> <span class='ocrx_word' id='word_1_68' title='bbox 744 467 771 490; x_wconf 89' lang='lat' dir='ltr'><strong>et</strong></span> <span class='ocrx_word' id='word_1_69' title='bbox 796 463 903 491; x_wconf 87' lang='lat' dir='ltr'><strong>Domini</strong></span> <span class='ocrx_word' id='word_1_70' title='bbox 930 463 1062 496; x_wconf 75' lang='lat' dir='ltr'><strong>Verbum,</strong></span> 
     </span>
    </p>
   </div>
   <div class='ocr_carea' id='block_1_11' title="bbox 281 506 1063 543">
    <p class='ocr_par' dir='ltr' id='par_1_11' title="bbox 281 506 1063 543">
     <span class='ocr_line' id='line_1_11' title="bbox 281 506 1063 543; baseline 0.006 -10"><span class='ocrx_word' id='word_1_71' title='bbox 281 506 364 541; x_wconf 69' lang='lat' dir='ltr'><strong>quod,</strong></span> <span class='ocrx_word' id='word_1_72' title='bbox 386 507 464 541; x_wconf 84' lang='lat' dir='ltr'><strong>juxta</strong></span> <span class='ocrx_word' id='word_1_73' title='bbox 489 508 671 543; x_wconf 82' lang='lat' dir='ltr'><strong>prophetiam,</strong></span> <span class='ocrx_word' id='word_1_74' title='bbox 698 516 754 535; x_wconf 90' lang='lat' dir='ltr'><strong>non</strong></span> <span class='ocrx_word' id='word_1_75' title='bbox 778 509 836 542; x_wconf 89' lang='lat' dir='ltr'><strong>jam</strong></span> <span class='ocrx_word' id='word_1_76' title='bbox 860 509 889 536; x_wconf 90' lang='lat' dir='ltr'><strong>in</strong></span> <span class='ocrx_word' id='word_1_77' title='bbox 911 509 1063 538; x_wconf 78' lang='lat' dir='ltr'><strong>Jerusalem</strong></span> 
     </span>
    </p>
   </div>
   <div class='ocr_carea' id='block_1_12' title="bbox 281 553 1063 592">
    <p class='ocr_par' dir='ltr' id='par_1_12' title="bbox 281 553 1063 592">
     <span class='ocr_line' id='line_1_12' title="bbox 281 553 1063 592; baseline 0.006 -13"><span class='ocrx_word' id='word_1_78' title='bbox 281 553 462 587; x_wconf 89' lang='lat' dir='ltr'><strong>permanebit,</strong></span> <span class='ocrx_word' id='word_1_79' title='bbox 481 554 529 581; x_wconf 76' lang='lat' dir='ltr'><strong>sed</strong></span> <span class='ocrx_word' id='word_1_80' title='bbox 540 554 575 582; x_wconf 90' lang='lat' dir='ltr'><strong>de</strong></span> <span class='ocrx_word' id='word_1_81' title='bbox 591 553 657 581; x_wconf 90' lang='lat' dir='ltr'><strong>Sion</strong></span> <span class='ocrx_word' id='word_1_82' title='bbox 672 561 847 590; x_wconf 74' lang='lat' dir='ltr'><strong>egressurum</strong></span> <span class='ocrx_word' id='word_1_83' title='bbox 860 559 913 589; x_wconf 89' lang='lat' dir='ltr'><strong>est,</strong></span> <span class='ocrx_word' id='word_1_84' title='bbox 929 560 1012 592; x_wconf 88' lang='lat' dir='ltr'><strong>atque</strong></span> <span class='ocrx_word' id='word_1_85' title='bbox 1029 556 1063 584; x_wconf 91' lang='lat' dir='ltr'><strong>ad</strong></span> 
     </span>
    </p>
   </div>
   <div class='ocr_carea' id='block_1_13' title="bbox 280 601 1064 638">
    <p class='ocr_par' dir='ltr' id='par_1_13' title="bbox 280 601 1064 638">
     <span class='ocr_line' id='line_1_13' title="bbox 280 601 1064 638; baseline 0.005 -11"><span class='ocrx_word' id='word_1_86' title='bbox 280 602 374 634; x_wconf 80' lang='lat' dir='ltr'><strong>gentes</strong></span> <span class='ocrx_word' id='word_1_87' title='bbox 383 605 630 635; x_wconf 74' lang='lat' dir='ltr'><strong>transgressurum,</strong></span> <span class='ocrx_word' id='word_1_88' title='bbox 647 605 677 627; x_wconf 91' lang='lat' dir='ltr'><strong>ut</strong></span> <span class='ocrx_word' id='word_1_89' title='bbox 688 601 792 636; x_wconf 88' lang='lat' dir='ltr'><strong>judicet</strong></span> <span class='ocrx_word' id='word_1_90' title='bbox 812 607 906 638; x_wconf 77' lang='lat' dir='ltr'><strong>gentes</strong></span> <span class='ocrx_word' id='word_1_91' title='bbox 919 606 947 630; x_wconf 89' lang='lat' dir='ltr'><strong>et</strong></span> <span class='ocrx_word' id='word_1_92' title='bbox 967 608 1064 638; x_wconf 78' lang='lat' dir='ltr'><strong>arguat</strong></span> 
     </span>
    </p>
   </div>
   <div class='ocr_carea' id='block_1_14' title="bbox 281 645 1061 684">
    <p class='ocr_par' dir='ltr' id='par_1_14' title="bbox 281 645 1061 684">
     <span class='ocr_line' id='line_1_14' title="bbox 281 645 1061 684; baseline 0.006 -13"><span class='ocrx_word' id='word_1_93' title='bbox 281 645 395 680; x_wconf 89' lang='lat' dir='ltr'><strong>populos</strong></span> <span class='ocrx_word' id='word_1_94' title='bbox 424 646 537 677; x_wconf 87' lang='lat' dir='ltr'><strong>multos,</strong></span> <span class='ocrx_word' id='word_1_95' title='bbox 563 647 673 681; x_wconf 83' lang='lat' dir='ltr'><strong>quando</strong></span> <span class='ocrx_word' id='word_1_96' title='bbox 701 655 808 675; x_wconf 88' lang='lat' dir='ltr'><strong>summa</strong></span> <span class='ocrx_word' id='word_1_97' title='bbox 840 655 907 684; x_wconf 85' lang='lat' dir='ltr'><strong>pace</strong></span> <span class='ocrx_word' id='word_1_98' title='bbox 934 650 1061 684; x_wconf 78' lang='lat' dir='ltr'><strong>gentibus</strong></span> 
     </span>
    </p>
   </div>
   <div class='ocr_carea' id='block_1_15' title="bbox 281 691 1063 730">
    <p class='ocr_par' dir='ltr' id='par_1_15' title="bbox 281 691 1063 730">
     <span class='ocr_line' id='line_1_15' title="bbox 281 691 1063 730; baseline 0.006 -12"><span class='ocrx_word' id='word_1_99' title='bbox 281 691 370 719; x_wconf 82' lang='lat' dir='ltr'><strong>Verbo</strong></span> <span class='ocrx_word' id='word_1_100' title='bbox 392 691 499 719; x_wconf 87' lang='lat' dir='ltr'><strong>Domini</strong></span> <span class='ocrx_word' id='word_1_101' title='bbox 518 692 673 726; x_wconf 78' lang='lat' dir='ltr'><strong>iudicandis</strong></span> <span class='ocrx_word' id='word_1_102' title='bbox 690 693 774 727; x_wconf 81' lang='lat' dir='ltr'><strong>facta,</strong></span> <span class='ocrx_word' id='word_1_103' title='bbox 790 695 958 730; x_wconf 83' lang='lat' dir='ltr'><strong>mutatisque</strong></span> <span class='ocrx_word' id='word_1_104' title='bbox 979 695 1013 722; x_wconf 90' lang='lat' dir='ltr'><strong>ab</strong></span> <span class='ocrx_word' id='word_1_105' title='bbox 1028 695 1063 724; x_wconf 88' lang='lat' dir='ltr'><strong>iis</strong></span> 
     </span>
    </p>
   </div>
   <div class='ocr_carea' id='block_1_16' title="bbox 280 739 1061 774">
    <p class='ocr_par' dir='ltr' id='par_1_16' title="bbox 280 739 1061 774">
     <span class='ocr_line' id='line_1_16' title="bbox 280 739 1061 774; baseline 0.006 -9"><span class='ocrx_word' id='word_1_106' title='bbox 280 740 326 774; x_wconf 78' lang='lat' dir='ltr'><strong>qui</strong></span> <span class='ocrx_word' id='word_1_107' title='bbox 343 739 372 766; x_wconf 89' lang='lat' dir='ltr'><strong>in</strong></span> <span class='ocrx_word' id='word_1_108' title='bbox 383 742 450 774; x_wconf 77' lang='lat' dir='ltr'><strong>pace</strong></span> <span class='ocrx_word' id='word_1_109' title='bbox 465 739 609 767; x_wconf 86' lang='lat' dir='ltr'><strong>constituti</strong></span> <span class='ocrx_word' id='word_1_110' title='bbox 624 745 705 768; x_wconf 84' lang='lat' dir='ltr'><strong>erunt</strong></span> <span class='ocrx_word' id='word_1_111' title='bbox 712 741 845 768; x_wconf 78' lang='lat' dir='ltr'><strong>bellorum</strong></span> <span class='ocrx_word' id='word_1_112' title='bbox 860 741 1061 774; x_wconf 85' lang='lat' dir='ltr'><strong>instrumentis,</strong></span> 
     </span>
    </p>
   </div>
   <div class='ocr_carea' id='block_1_17' title="bbox 281 785 1062 822">
    <p class='ocr_par' dir='ltr' id='par_1_17' title="bbox 281 785 1062 822">
     <span class='ocr_line' id='line_1_17' title="bbox 281 785 1062 822; baseline 0.003 -10"><span class='ocrx_word' id='word_1_113' title='bbox 281 789 386 814; x_wconf 87' lang='lat' dir='ltr'><strong>mentes</strong></span> <span class='ocrx_word' id='word_1_114' title='bbox 397 786 432 814; x_wconf 88' lang='lat' dir='ltr'><strong>ad</strong></span> <span class='ocrx_word' id='word_1_115' title='bbox 450 787 566 822; x_wconf 63' lang='lat' dir='ltr'><strong>propriae</strong></span> <span class='ocrx_word' id='word_1_116' title='bbox 578 785 676 813; x_wconf 71' lang='lat' dir='ltr'><strong>animae</strong></span> <span class='ocrx_word' id='word_1_117' title='bbox 690 787 827 814; x_wconf 85' lang='lat' dir='ltr'><strong>culturam</strong></span> <span class='ocrx_word' id='word_1_118' title='bbox 845 787 966 814; x_wconf 85' lang='lat' dir='ltr'><strong>verterit.</strong></span> <span class='ocrx_word' id='word_1_119' title='bbox 991 787 1062 820; x_wconf 86' lang='lat' dir='ltr'><strong>Quid</strong></span> 
     </span>
    </p>
   </div>
   <div class='ocr_carea' id='block_1_18' title="bbox 279 831 1062 867">
    <p class='ocr_par' dir='ltr' id='par_1_18' title="bbox 279 831 1062 867">
     <span class='ocr_line' id='line_1_18' title="bbox 279 831 1062 867; baseline 0.003 -9"><span class='ocrx_word' id='word_1_120' title='bbox 279 832 313 859; x_wconf 87' lang='lat' dir='ltr'><strong>ad</strong></span> <span class='ocrx_word' id='word_1_121' title='bbox 329 833 386 859; x_wconf 78' lang='lat' dir='ltr'><strong>haec</strong></span> <span class='ocrx_word' id='word_1_122' title='bbox 401 832 447 860; x_wconf 87' lang='lat' dir='ltr'><strong>isti</strong></span> <span class='ocrx_word' id='word_1_123' title='bbox 461 832 568 867; x_wconf 88' lang='lat' dir='ltr'><strong>possint</strong></span> <span class='ocrx_word' id='word_1_124' title='bbox 587 831 753 867; x_wconf 86' lang='lat' dir='ltr'><strong>respondere</strong></span> <span class='ocrx_word' id='word_1_125' title='bbox 774 832 878 860; x_wconf 85' lang='lat' dir='ltr'><strong>nescio.</strong></span> <span class='ocrx_word' id='word_1_126' title='bbox 898 831 982 860; x_wconf 89' lang='lat' dir='ltr'><strong>Nobis</strong></span> <span class='ocrx_word' id='word_1_127' title='bbox 995 839 1062 861; x_wconf 84' lang='lat' dir='ltr'><strong>vero</strong></span> 
     </span>
    </p>
   </div>
   <div class='ocr_carea' id='block_1_19' title="bbox 279 877 1061 911">
    <p class='ocr_par' dir='ltr' id='par_1_19' title="bbox 279 877 1061 911">
     <span class='ocr_line' id='line_1_19' title="bbox 279 877 1061 911; baseline 0 -6"><span class='ocrx_word' id='word_1_128' title='bbox 279 882 353 905; x_wconf 85' lang='lat' dir='ltr'><strong>recte</strong></span> <span class='ocrx_word' id='word_1_129' title='bbox 368 878 396 905; x_wconf 90' lang='lat' dir='ltr'><strong>in</strong></span> <span class='ocrx_word' id='word_1_130' title='bbox 404 877 496 906; x_wconf 83' lang='lat' dir='ltr'><strong>Jesum</strong></span> <span class='ocrx_word' id='word_1_131' title='bbox 512 877 652 905; x_wconf 86' lang='lat' dir='ltr'><strong>Christum</strong></span> <span class='ocrx_word' id='word_1_132' title='bbox 664 877 711 906; x_wconf 85' lang='lat' dir='ltr'><strong>Dei</strong></span> <span class='ocrx_word' id='word_1_133' title='bbox 725 878 913 911; x_wconf 85' lang='lat' dir='ltr'><strong>credentibus,</strong></span> <span class='ocrx_word' id='word_1_134' title='bbox 929 878 1009 906; x_wconf 91' lang='lat' dir='ltr'><strong>facile</strong></span> <span class='ocrx_word' id='word_1_135' title='bbox 1019 882 1061 906; x_wconf 90' lang='lat' dir='ltr'><strong>est</strong></span> 
     </span>
    </p>
   </div>
   <div class='ocr_carea' id='block_1_20' title="bbox 279 923 1061 959">
    <p class='ocr_par' dir='ltr' id='par_1_20' title="bbox 279 923 1061 959">
     <span class='ocr_line' id='line_1_20' title="bbox 279 923 1061 959; baseline 0.001 -9"><span class='ocrx_word' id='word_1_136' title='bbox 279 931 387 951; x_wconf 91' lang='lat' dir='ltr'><strong>omnem</strong></span> <span class='ocrx_word' id='word_1_137' title='bbox 402 923 548 959; x_wconf 83' lang='lat' dir='ltr'><strong>explanare</strong></span> <span class='ocrx_word' id='word_1_138' title='bbox 568 924 750 959; x_wconf 84' lang='lat' dir='ltr'><strong>prophetiam,</strong></span> <span class='ocrx_word' id='word_1_139' title='bbox 773 927 801 951; x_wconf 88' lang='lat' dir='ltr'><strong>et</strong></span> <span class='ocrx_word' id='word_1_140' title='bbox 815 932 878 952; x_wconf 90' lang='lat' dir='ltr'><strong>vere</strong></span> <span class='ocrx_word' id='word_1_141' title='bbox 891 924 1011 951; x_wconf 85' lang='lat' dir='ltr'><strong>divinam</strong></span> <span class='ocrx_word' id='word_1_142' title='bbox 1028 931 1061 951; x_wconf 87' lang='lat' dir='ltr'><strong>ac</strong></span> 
     </span>
    </p>
   </div>
   <div class='ocr_carea' id='block_1_21' title="bbox 279 961 1097 1005">
    <p class='ocr_par' dir='ltr' id='par_1_21' title="bbox 279 961 1097 1005">
     <span class='ocr_line' id='line_1_21' title="bbox 279 961 1097 1005; baseline 0.002 -9"><span class='ocrx_word' id='word_1_143' title='bbox 279 977 392 1004; x_wconf 87' lang='lat' dir='ltr'><strong>prorsus</strong></span> <span class='ocrx_word' id='word_1_144' title='bbox 407 970 596 998; x_wconf 85' lang='lat' dir='ltr'><strong>admirandam</strong></span> <span class='ocrx_word' id='word_1_145' title='bbox 611 971 809 1002; x_wconf 87' lang='lat' dir='ltr'><strong>demonstrare,</strong></span> <span class='ocrx_word' id='word_1_146' title='bbox 824 977 887 998; x_wconf 87' lang='lat' dir='ltr'><strong>cum</strong></span> <span class='ocrx_word' id='word_1_147' title='bbox 899 974 926 997; x_wconf 91' lang='lat' dir='ltr'><strong>et</strong></span> <span class='ocrx_word' id='word_1_148' title='bbox 940 978 985 998; x_wconf 89' lang='lat' dir='ltr'><strong>res</strong></span> <span class='ocrx_word' id='word_1_149' title='bbox 992 978 1061 1005; x_wconf 71' lang='lat' dir='ltr'><strong>prte-</strong></span> <span class='ocrx_word' id='word_1_150' title='bbox 1076 961 1097 988; x_wconf 80' lang='grc' dir='ltr'>Β</span> 
     </span>
    </p>
   </div>
   <div class='ocr_carea' id='block_1_22' title="bbox 279 1015 1059 1051">
    <p class='ocr_par' dir='ltr' id='par_1_22' title="bbox 279 1015 1059 1051">
     <span class='ocr_line' id='line_1_22' title="bbox 279 1015 1059 1051; baseline 0.003 -9"><span class='ocrx_word' id='word_1_151' title='bbox 279 1015 368 1044; x_wconf 84' lang='lat' dir='ltr'><strong>dictas</strong></span> <span class='ocrx_word' id='word_1_152' title='bbox 396 1020 494 1043; x_wconf 85' lang='lat' dir='ltr'><strong>eventu</strong></span> <span class='ocrx_word' id='word_1_153' title='bbox 523 1016 609 1044; x_wconf 87' lang='lat' dir='ltr'><strong>fuisse</strong></span> <span class='ocrx_word' id='word_1_154' title='bbox 627 1016 820 1051; x_wconf 87' lang='lat' dir='ltr'><strong>comprobatas</strong></span> <span class='ocrx_word' id='word_1_155' title='bbox 851 1015 1059 1050; x_wconf 88' lang='lat' dir='ltr'><strong>crediderimus,</strong></span> 
     </span>
    </p>
   </div>
   <div class='ocr_carea' id='block_1_23' title="bbox 279 1062 1059 1098">
    <p class='ocr_par' dir='ltr' id='par_1_23' title="bbox 279 1062 1059 1098">
     <span class='ocr_line' id='line_1_23' title="bbox 279 1062 1059 1098; baseline 0.001 -9"><span class='ocrx_word' id='word_1_156' title='bbox 279 1070 397 1097; x_wconf 86' lang='lat' dir='ltr'><strong>nequea</strong></span> <span class='ocrx_word' id='word_1_157' title='bbox 413 1070 479 1090; x_wconf 84' lang='lat' dir='ltr'><strong>vero</strong></span> <span class='ocrx_word' id='word_1_158' title='bbox 501 1063 639 1094; x_wconf 86' lang='lat' dir='ltr'><strong>aberrare,</strong></span> <span class='ocrx_word' id='word_1_159' title='bbox 668 1062 874 1098; x_wconf 89' lang='lat' dir='ltr'><strong>prophetiarum</strong></span> <span class='ocrx_word' id='word_1_160' title='bbox 902 1067 1001 1090; x_wconf 87' lang='lat' dir='ltr'><strong>eventu</strong></span> <span class='ocrx_word' id='word_1_161' title='bbox 1032 1063 1059 1090; x_wconf 90' lang='lat' dir='ltr'><strong>in</strong></span> 
     </span>
    </p>
   </div>
   <div class='ocr_carea' id='block_1_24' title="bbox 281 1108 1059 1144">
    <p class='ocr_par' dir='ltr' id='par_1_24' title="bbox 281 1108 1059 1144">
     <span class='ocr_line' id='line_1_24' title="bbox 281 1108 1059 1144; baseline 0.003 -10"><span class='ocrx_word' id='word_1_162' title='bbox 281 1110 385 1136; x_wconf 85' lang='lat' dir='ltr'><strong>incerta</strong></span> <span class='ocrx_word' id='word_1_163' title='bbox 399 1112 552 1144; x_wconf 84' lang='lat' dir='ltr'><strong>temporum</strong></span> <span class='ocrx_word' id='word_1_164' title='bbox 568 1108 657 1144; x_wconf 87' lang='lat' dir='ltr'><strong>spatia</strong></span> <span class='ocrx_word' id='word_1_165' title='bbox 673 1108 817 1144; x_wconf 89' lang='lat' dir='ltr'><strong>producto.</strong></span> <span class='ocrx_word' id='word_1_166' title='bbox 847 1108 969 1137; x_wconf 88' lang='lat' dir='ltr'><strong>Dicimus</strong></span> <span class='ocrx_word' id='word_1_167' title='bbox 986 1109 1059 1136; x_wconf 88' lang='lat' dir='ltr'><strong>enim</strong></span> 
     </span>
    </p>
   </div>
   <div class='ocr_carea' id='block_1_25' title="bbox 279 1153 1061 1188">
    <p class='ocr_par' dir='ltr' id='par_1_25' title="bbox 279 1153 1061 1188">
     <span class='ocr_line' id='line_1_25' title="bbox 279 1153 1061 1188; baseline 0 -7"><span class='ocrx_word' id='word_1_168' title='bbox 279 1153 430 1182; x_wconf 86' lang='lat' dir='ltr'><strong>Salvatoris</strong></span> <span class='ocrx_word' id='word_1_169' title='bbox 442 1154 529 1182; x_wconf 77' lang='lat' dir='ltr'><strong>nostri</strong></span> <span class='ocrx_word' id='word_1_170' title='bbox 545 1153 611 1182; x_wconf 69' lang='lat' dir='ltr'><strong>Iesu</strong></span> <span class='ocrx_word' id='word_1_171' title='bbox 625 1153 728 1181; x_wconf 85' lang='lat' dir='ltr'><strong>Christi</strong></span> <span class='ocrx_word' id='word_1_172' title='bbox 745 1153 945 1186; x_wconf 85' lang='lat' dir='ltr'><strong>incarnatione,</strong></span> <span class='ocrx_word' id='word_1_173' title='bbox 963 1161 1061 1188; x_wconf 89' lang='lat' dir='ltr'><strong>corpo—</strong></span> 
     </span>
    </p>
   </div>
   <div class='ocr_carea' id='block_1_26' title="bbox 277 1199 1059 1234">
    <p class='ocr_par' dir='ltr' id='par_1_26' title="bbox 277 1199 1059 1234">
     <span class='ocr_line' id='line_1_26' title="bbox 277 1199 1059 1234; baseline 0 -8"><span class='ocrx_word' id='word_1_174' title='bbox 277 1200 371 1227; x_wconf 85' lang='lat' dir='ltr'><strong>raliter</strong></span> <span class='ocrx_word' id='word_1_175' title='bbox 394 1200 427 1228; x_wconf 83' lang='lat' dir='ltr'><strong>de</strong></span> <span class='ocrx_word' id='word_1_176' title='bbox 441 1200 506 1228; x_wconf 90' lang='lat' dir='ltr'><strong>Sion</strong></span> <span class='ocrx_word' id='word_1_177' title='bbox 519 1200 630 1234; x_wconf 73' lang='lat' dir='ltr'><strong>exiiSSe,</strong></span> <span class='ocrx_word' id='word_1_178' title='bbox 645 1205 672 1227; x_wconf 87' lang='lat' dir='ltr'><strong>ct</strong></span> <span class='ocrx_word' id='word_1_179' title='bbox 685 1199 750 1226; x_wconf 85' lang='lat' dir='ltr'><strong>inde</strong></span> <span class='ocrx_word' id='word_1_180' title='bbox 767 1199 894 1227; x_wconf 85' lang='lat' dir='ltr'><strong>omnibus</strong></span> <span class='ocrx_word' id='word_1_181' title='bbox 911 1200 1059 1226; x_wconf 89' lang='lat' dir='ltr'><strong>annuntia-</strong></span> 
     </span>
    </p>
   </div>
   <div class='ocr_carea' id='block_1_27' title="bbox 277 1245 1060 1281">
    <p class='ocr_par' dir='ltr' id='par_1_27' title="bbox 277 1245 1060 1281">
     <span class='ocr_line' id='line_1_27' title="bbox 277 1245 1060 1281; baseline -0.001 -8"><span class='ocrx_word' id='word_1_182' title='bbox 277 1251 333 1274; x_wconf 87' lang='lat' dir='ltr'><strong>tam</strong></span> <span class='ocrx_word' id='word_1_183' title='bbox 351 1255 411 1274; x_wconf 85' lang='lat' dir='ltr'><strong>esse</strong></span> <span class='ocrx_word' id='word_1_184' title='bbox 428 1247 554 1281; x_wconf 78' lang='lat' dir='ltr'><strong>gentibus</strong></span> <span class='ocrx_word' id='word_1_185' title='bbox 581 1245 650 1273; x_wconf 88' lang='lat' dir='ltr'><strong>Novi</strong></span> <span class='ocrx_word' id='word_1_186' title='bbox 666 1245 832 1274; x_wconf 86' lang='lat' dir='ltr'><strong>Testamenti</strong></span> <span class='ocrx_word' id='word_1_187' title='bbox 863 1245 960 1280; x_wconf 80' lang='lat' dir='ltr'><strong>legem,</strong></span> <span class='ocrx_word' id='word_1_188' title='bbox 986 1245 1060 1273; x_wconf 88' lang='lat' dir='ltr'><strong>scili-</strong></span> 
     </span>
    </p>
   </div>
   <div class='ocr_carea' id='block_1_28' title="bbox 276 1291 1056 1328">
    <p class='ocr_par' dir='ltr' id='par_1_28' title="bbox 276 1291 1056 1328">
     <span class='ocr_line' id='line_1_28' title="bbox 276 1291 1056 1328; baseline -0.001 -9"><span class='ocrx_word' id='word_1_189' title='bbox 276 1297 320 1320; x_wconf 84' lang='lat' dir='ltr'><strong>cet</strong></span> <span class='ocrx_word' id='word_1_190' title='bbox 331 1293 409 1327; x_wconf 86' lang='lat' dir='ltr'><strong>juxta</strong></span> <span class='ocrx_word' id='word_1_191' title='bbox 423 1292 611 1328; x_wconf 79' lang='lat' dir='ltr'><strong>Evangelium,</strong></span> <span class='ocrx_word' id='word_1_192' title='bbox 627 1299 689 1320; x_wconf 88' lang='lat' dir='ltr'><strong>cum</strong></span> <span class='ocrx_word' id='word_1_193' title='bbox 702 1295 730 1319; x_wconf 90' lang='lat' dir='ltr'><strong>et</strong></span> <span class='ocrx_word' id='word_1_194' title='bbox 747 1292 836 1326; x_wconf 90' lang='lat' dir='ltr'><strong>ipsum</strong></span> <span class='ocrx_word' id='word_1_195' title='bbox 854 1292 975 1319; x_wconf 86' lang='lat' dir='ltr'><strong>salutare</strong></span> <span class='ocrx_word' id='word_1_196' title='bbox 987 1291 1056 1319; x_wconf 84' lang='lat' dir='ltr'><strong>Ver-</strong></span> 
     </span>
    </p>
   </div>
   <div class='ocr_carea' id='block_1_29' title="bbox 278 1336 1059 1374">
    <p class='ocr_par' dir='ltr' id='par_1_29' title="bbox 278 1336 1059 1374">
     <span class='ocr_line' id='line_1_29' title="bbox 278 1336 1059 1374; baseline -0.001 -9"><span class='ocrx_word' id='word_1_197' title='bbox 278 1339 353 1370; x_wconf 85' lang='lat' dir='ltr'><strong>bum,</strong></span> <span class='ocrx_word' id='word_1_198' title='bbox 373 1337 493 1366; x_wconf 85' lang='lat' dir='ltr'><strong>Verbum</strong></span> <span class='ocrx_word' id='word_1_199' title='bbox 516 1338 623 1366; x_wconf 89' lang='lat' dir='ltr'><strong>Domini</strong></span> <span class='ocrx_word' id='word_1_200' title='bbox 644 1338 820 1374; x_wconf 88' lang='lat' dir='ltr'><strong>appellatum,</strong></span> <span class='ocrx_word' id='word_1_201' title='bbox 848 1336 882 1364; x_wconf 86' lang='lat' dir='ltr'><strong>de</strong></span> <span class='ocrx_word' id='word_1_202' title='bbox 906 1337 1059 1365; x_wconf 84' lang='lat' dir='ltr'><strong>Jerusalem</strong></span> 
     </span>
    </p>
   </div>
   <div class='ocr_carea' id='block_1_30' title="bbox 276 1383 1056 1419">
    <p class='ocr_par' dir='ltr' id='par_1_30' title="bbox 276 1383 1056 1419">
     <span class='ocr_line' id='line_1_30' title="bbox 276 1383 1056 1419; baseline -0.003 -8"><span class='ocrx_word' id='word_1_203' title='bbox 276 1384 438 1418; x_wconf 86' lang='lat' dir='ltr'><strong>procedens,</strong></span> <span class='ocrx_word' id='word_1_204' title='bbox 451 1384 542 1419; x_wconf 87' lang='lat' dir='ltr'><strong>ibique</strong></span> <span class='ocrx_word' id='word_1_205' title='bbox 555 1390 730 1411; x_wconf 86' lang='lat' dir='ltr'><strong>commorans</strong></span> <span class='ocrx_word' id='word_1_206' title='bbox 745 1383 866 1416; x_wconf 85' lang='lat' dir='ltr'><strong>edocuit,</strong></span> <span class='ocrx_word' id='word_1_207' title='bbox 880 1383 959 1417; x_wconf 84' lang='lat' dir='ltr'><strong>juxta</strong></span> <span class='ocrx_word' id='word_1_208' title='bbox 970 1383 1037 1410; x_wconf 91' lang='lat' dir='ltr'><strong>illud</strong></span> <span class='ocrx_word' id='word_1_209' title='bbox 1050 1391 1056 1409; x_wconf 90' lang='lat'>:</span> 
     </span>
    </p>
   </div>
   <div class='ocr_carea' id='block_1_31' title="bbox 278 1429 1055 1465">
    <p class='ocr_par' dir='ltr' id='par_1_31' title="bbox 278 1429 1055 1465">
     <span class='ocr_line' id='line_1_31' title="bbox 278 1429 1055 1465; baseline 0 -10"><span class='ocrx_word' id='word_1_210' title='bbox 278 1440 287 1455; x_wconf 76' lang='grc' dir='ltr'><strong>ι</strong></span> <span class='ocrx_word' id='word_1_211' title='bbox 312 1429 383 1458; x_wconf 83' lang='lat' dir='ltr'><strong>Ecce</strong></span> <span class='ocrx_word' id='word_1_212' title='bbox 394 1430 567 1465; x_wconf 88' lang='lat' dir='ltr'><strong>relinquetur</strong></span> <span class='ocrx_word' id='word_1_213' title='bbox 581 1430 659 1457; x_wconf 85' lang='lat' dir='ltr'><strong>vobis</strong></span> <span class='ocrx_word' id='word_1_214' title='bbox 673 1429 770 1457; x_wconf 88' lang='lat' dir='ltr'><strong>domus</strong></span> <span class='ocrx_word' id='word_1_215' title='bbox 785 1434 875 1457; x_wconf 89' lang='lat' dir='ltr'><strong>vestra</strong></span> <span class='ocrx_word' id='word_1_216' title='bbox 893 1429 1002 1456; x_wconf 81' lang='lat' dir='ltr'><strong>deserta</strong></span> <span class='ocrx_word' id='word_1_217' title='bbox 1014 1429 1034 1455; x_wconf 88' lang='lat'><strong>&#39;.</strong></span> <span class='ocrx_word' id='word_1_218' title='bbox 1046 1438 1055 1454; x_wconf 76' lang='grc' dir='ltr'><strong>ι</strong></span> 
     </span>
    </p>
   </div>
   <div class='ocr_carea' id='block_1_32' title="bbox 275 1474 1055 1511">
    <p class='ocr_par' dir='ltr' id='par_1_32' title="bbox 275 1474 1055 1511">
     <span class='ocr_line' id='line_1_32' title="bbox 275 1474 1055 1511; baseline -0.001 -9"><span class='ocrx_word' id='word_1_219' title='bbox 275 1491 308 1496; x_wconf 91' lang='lat'>-</span> <span class='ocrx_word' id='word_1_220' title='bbox 323 1485 333 1502; x_wconf 77' lang='grc' dir='ltr'><strong>ι</strong></span> <span class='ocrx_word' id='word_1_221' title='bbox 355 1475 386 1504; x_wconf 70' lang='lat' dir='ltr'><strong>In</strong></span> <span class='ocrx_word' id='word_1_222' title='bbox 405 1483 500 1503; x_wconf 67' lang='lat' dir='ltr'><strong>omnes</strong></span> <span class='ocrx_word' id='word_1_223' title='bbox 526 1479 621 1511; x_wconf 77' lang='lat' dir='ltr'><strong>gentes</strong></span> <span class='ocrx_word' id='word_1_224' title='bbox 646 1474 733 1504; x_wconf 69' lang='lat' dir='ltr'><strong>effusa</strong></span> <span class='ocrx_word' id='word_1_225' title='bbox 748 1478 790 1503; x_wconf 89' lang='lat' dir='ltr'><strong>est</strong></span> <span class='ocrx_word' id='word_1_226' title='bbox 805 1475 891 1510; x_wconf 88' lang='lat' dir='ltr'><strong>ipsius</strong></span> <span class='ocrx_word' id='word_1_227' title='bbox 904 1475 992 1510; x_wconf 73' lang='lat' dir='ltr'><strong>gratia</strong></span> <span class='ocrx_word' id='word_1_228' title='bbox 1004 1475 1025 1502; x_wconf 84' lang='grc'><strong><em>⁸.</em></strong></span> <span class='ocrx_word' id='word_1_229' title='bbox 1045 1484 1055 1500; x_wconf 74' lang='grc' dir='ltr'><strong>ι</strong></span> 
     </span>
    </p>
   </div>
   <div class='ocr_carea' id='block_1_33' title="bbox 275 1521 1056 1557">
    <p class='ocr_par' dir='ltr' id='par_1_33' title="bbox 275 1521 1056 1557">
     <span class='ocr_line' id='line_1_33' title="bbox 275 1521 1056 1557; baseline -0.003 -7"><span class='ocrx_word' id='word_1_230' title='bbox 275 1521 342 1555; x_wconf 73' lang='lat' dir='ltr'><strong>Qua:</strong></span> <span class='ocrx_word' id='word_1_231' title='bbox 355 1527 382 1549; x_wconf 91' lang='lat' dir='ltr'><strong>et</strong></span> <span class='ocrx_word' id='word_1_232' title='bbox 396 1522 430 1550; x_wconf 90' lang='lat' dir='ltr'><strong>ab</strong></span> <span class='ocrx_word' id='word_1_233' title='bbox 446 1529 479 1549; x_wconf 89' lang='lat' dir='ltr'><strong>eo</strong></span> <span class='ocrx_word' id='word_1_234' title='bbox 491 1522 629 1556; x_wconf 63' lang='lat' dir='ltr'><strong>judicatz,</strong></span> <span class='ocrx_word' id='word_1_235' title='bbox 643 1521 816 1557; x_wconf 79' lang='lat' dir='ltr'><strong>exprobratis</strong></span> <span class='ocrx_word' id='word_1_236' title='bbox 833 1521 972 1556; x_wconf 87' lang='lat' dir='ltr'><strong>prioribus</strong></span> <span class='ocrx_word' id='word_1_237' title='bbox 985 1521 1056 1556; x_wconf 88' lang='lat' dir='ltr'><strong>ipsa-</strong></span> 
     </span>
    </p>
   </div>
   <div class='ocr_carea' id='block_1_34' title="bbox 275 1567 1056 1604">
    <p class='ocr_par' dir='ltr' id='par_1_34' title="bbox 275 1567 1056 1604">
     <span class='ocr_line' id='line_1_34' title="bbox 275 1567 1056 1604; baseline -0.001 -9"><span class='ocrx_word' id='word_1_238' title='bbox 275 1577 335 1596; x_wconf 93' lang='lat' dir='ltr'><strong>rum</strong></span> <span class='ocrx_word' id='word_1_239' title='bbox 352 1569 484 1604; x_wconf 87' lang='lat' dir='ltr'><strong>peccatis,</strong></span> <span class='ocrx_word' id='word_1_240' title='bbox 503 1573 530 1596; x_wconf 90' lang='lat' dir='ltr'><strong>et</strong></span> <span class='ocrx_word' id='word_1_241' title='bbox 543 1568 577 1595; x_wconf 92' lang='lat' dir='ltr'><strong>ad</strong></span> <span class='ocrx_word' id='word_1_242' title='bbox 591 1567 793 1596; x_wconf 81' lang='lat' dir='ltr'><strong>confessionem</strong></span> <span class='ocrx_word' id='word_1_243' title='bbox 813 1573 841 1595; x_wconf 90' lang='lat' dir='ltr'><strong>et</strong></span> <span class='ocrx_word' id='word_1_244' title='bbox 867 1567 1056 1602; x_wconf 64' lang='lat' dir='ltr'><strong>paenitentiam</strong></span> 
     </span>
    </p>
   </div>
   <div class='ocr_carea' id='block_1_35' title="bbox 274 1612 1091 1658">
    <p class='ocr_par' dir='ltr' id='par_1_35' title="bbox 274 1612 1091 1658">
     <span class='ocr_line' id='line_1_35' title="bbox 274 1612 1091 1658; baseline -0.002 -16"><span class='ocrx_word' id='word_1_245' title='bbox 274 1614 475 1650; x_wconf 75' lang='lat' dir='ltr'><strong>confugientes,</strong></span> <span class='ocrx_word' id='word_1_246' title='bbox 489 1614 589 1641; x_wconf 86' lang='lat' dir='ltr'><strong>bellum</strong></span> <span class='ocrx_word' id='word_1_247' title='bbox 607 1613 740 1642; x_wconf 88' lang='lat' dir='ltr'><strong>adversus</strong></span> <span class='ocrx_word' id='word_1_248' title='bbox 755 1613 921 1649; x_wconf 85' lang='lat' dir='ltr'><strong>cupiditates</strong></span> <span class='ocrx_word' id='word_1_249' title='bbox 933 1621 999 1642; x_wconf 89' lang='lat' dir='ltr'><strong>suas</strong></span> <span class='ocrx_word' id='word_1_250' title='bbox 1015 1612 1056 1640; x_wconf 85' lang='lat' dir='ltr'><strong>fa-</strong></span> <span class='ocrx_word' id='word_1_251' title='bbox 1070 1629 1091 1658; x_wconf 67' lang='grc' dir='ltr'>α</span> 
     </span>
    </p>
   </div>
   <div class='ocr_carea' id='block_1_36' title="bbox 275 1659 1056 1695">
    <p class='ocr_par' dir='ltr' id='par_1_36' title="bbox 275 1659 1056 1695">
     <span class='ocr_line' id='line_1_36' title="bbox 275 1659 1056 1695; baseline -0.003 -7"><span class='ocrx_word' id='word_1_252' title='bbox 275 1668 337 1688; x_wconf 87' lang='lat' dir='ltr'><strong>cere</strong></span> <span class='ocrx_word' id='word_1_253' title='bbox 351 1660 487 1692; x_wconf 88' lang='lat' dir='ltr'><strong>desinent,</strong></span> <span class='ocrx_word' id='word_1_254' title='bbox 506 1660 533 1687; x_wconf 92' lang='lat' dir='ltr'><strong>in</strong></span> <span class='ocrx_word' id='word_1_255' title='bbox 550 1660 766 1695; x_wconf 85' lang='lat' dir='ltr'><strong>profundissima</strong></span> <span class='ocrx_word' id='word_1_256' title='bbox 786 1660 884 1687; x_wconf 75' lang='lat' dir='ltr'><strong>animae</strong></span> <span class='ocrx_word' id='word_1_257' title='bbox 899 1667 967 1695; x_wconf 88' lang='lat' dir='ltr'><strong>pace</strong></span> <span class='ocrx_word' id='word_1_258' title='bbox 979 1659 1056 1687; x_wconf 90' lang='lat' dir='ltr'><strong>dein-</strong></span> 
     </span>
    </p>
   </div>
   <div class='ocr_carea' id='block_1_37' title="bbox 273 1703 1056 1741">
    <p class='ocr_par' dir='ltr' id='par_1_37' title="bbox 273 1703 1056 1741">
     <span class='ocr_line' id='line_1_37' title="bbox 273 1703 1056 1741; baseline -0.005 -8"><span class='ocrx_word' id='word_1_259' title='bbox 273 1713 337 1741; x_wconf 76' lang='lat' dir='ltr'><strong>ceps</strong></span> <span class='ocrx_word' id='word_1_260' title='bbox 353 1706 455 1738; x_wconf 87' lang='lat' dir='ltr'><strong>vivent,</strong></span> <span class='ocrx_word' id='word_1_261' title='bbox 477 1705 577 1732; x_wconf 88' lang='lat' dir='ltr'><strong>mentis</strong></span> <span class='ocrx_word' id='word_1_262' title='bbox 596 1712 652 1732; x_wconf 65' lang='lat' dir='ltr'><strong>sua</strong></span> <span class='ocrx_word' id='word_1_263' title='bbox 668 1705 804 1731; x_wconf 87' lang='lat' dir='ltr'><strong>culturam</strong></span> <span class='ocrx_word' id='word_1_264' title='bbox 818 1707 845 1731; x_wconf 87' lang='lat' dir='ltr'><strong>et</strong></span> <span class='ocrx_word' id='word_1_265' title='bbox 866 1703 1056 1730; x_wconf 86' lang='lat' dir='ltr'><strong>fructiiicatio-</strong></span> 
     </span>
    </p>
   </div>
   <div class='ocr_carea' id='block_1_38' title="bbox 275 1749 1055 1786">
    <p class='ocr_par' dir='ltr' id='par_1_38' title="bbox 275 1749 1055 1786">
     <span class='ocr_line' id='line_1_38' title="bbox 275 1749 1055 1786; baseline -0.003 -8"><span class='ocrx_word' id='word_1_266' title='bbox 275 1759 335 1780; x_wconf 87' lang='lat' dir='ltr'><strong>nem</strong></span> <span class='ocrx_word' id='word_1_267' title='bbox 349 1751 522 1780; x_wconf 85' lang='lat' dir='ltr'><strong>solummodo</strong></span> <span class='ocrx_word' id='word_1_268' title='bbox 534 1755 673 1778; x_wconf 75' lang='lat' dir='ltr'><strong>curantes.</strong></span> <span class='ocrx_word' id='word_1_269' title='bbox 694 1750 760 1784; x_wconf 72' lang='lat' dir='ltr'><strong>Quae</strong></span> <span class='ocrx_word' id='word_1_270' title='bbox 775 1750 798 1778; x_wconf 89' lang='lat' dir='ltr'><strong>si</strong></span> <span class='ocrx_word' id='word_1_271' title='bbox 813 1750 876 1786; x_wconf 87' lang='lat' dir='ltr'><strong>quis</strong></span> <span class='ocrx_word' id='word_1_272' title='bbox 893 1749 927 1777; x_wconf 88' lang='lat' dir='ltr'><strong>ad</strong></span> <span class='ocrx_word' id='word_1_273' title='bbox 938 1750 1055 1777; x_wconf 86' lang='lat' dir='ltr'><strong>litteram</strong></span> 
     </span>
    </p>
   </div>
   <div class='ocr_carea' id='block_1_39' title="bbox 273 1794 1057 1833">
    <p class='ocr_par' dir='ltr' id='par_1_39' title="bbox 273 1794 1057 1833">
     <span class='ocr_line' id='line_1_39' title="bbox 273 1794 1057 1833; baseline -0.003 -9"><span class='ocrx_word' id='word_1_274' title='bbox 273 1797 399 1833; x_wconf 87' lang='lat' dir='ltr'><strong>accipere</strong></span> <span class='ocrx_word' id='word_1_275' title='bbox 410 1797 484 1829; x_wconf 91' lang='lat' dir='ltr'><strong>velit,</strong></span> <span class='ocrx_word' id='word_1_276' title='bbox 502 1797 627 1825; x_wconf 89' lang='lat' dir='ltr'><strong>sincerus</strong></span> <span class='ocrx_word' id='word_1_277' title='bbox 642 1805 741 1825; x_wconf 87' lang='lat' dir='ltr'><strong>sensus</strong></span> <span class='ocrx_word' id='word_1_278' title='bbox 755 1796 828 1830; x_wconf 89' lang='lat' dir='ltr'><strong>erit;</strong></span> <span class='ocrx_word' id='word_1_279' title='bbox 853 1796 896 1824; x_wconf 90' lang='lat' dir='ltr'><strong>vel</strong></span> <span class='ocrx_word' id='word_1_280' title='bbox 912 1795 935 1824; x_wconf 93' lang='lat' dir='ltr'><strong>si</strong></span> <span class='ocrx_word' id='word_1_281' title='bbox 949 1795 983 1823; x_wconf 83' lang='lat' dir='ltr'><strong>ad</strong></span> <span class='ocrx_word' id='word_1_282' title='bbox 1001 1794 1057 1830; x_wconf 88' lang='lat' dir='ltr'><strong>spi-</strong></span> 
     </span>
    </p>
   </div>
   <div class='ocr_carea' id='block_1_40' title="bbox 273 1840 1056 1877">
    <p class='ocr_par' dir='ltr' id='par_1_40' title="bbox 273 1840 1056 1877">
     <span class='ocr_line' id='line_1_40' title="bbox 273 1840 1056 1877; baseline -0.003 -8"><span class='ocrx_word' id='word_1_283' title='bbox 273 1843 356 1870; x_wconf 90' lang='lat' dir='ltr'><strong>ritum</strong></span> <span class='ocrx_word' id='word_1_284' title='bbox 374 1847 490 1877; x_wconf 90' lang='lat' dir='ltr'><strong>spectes,</strong></span> <span class='ocrx_word' id='word_1_285' title='bbox 516 1842 601 1869; x_wconf 89' lang='lat' dir='ltr'><strong>multo</strong></span> <span class='ocrx_word' id='word_1_286' title='bbox 631 1842 771 1869; x_wconf 85' lang='lat' dir='ltr'><strong>intellectu</strong></span> <span class='ocrx_word' id='word_1_287' title='bbox 796 1841 913 1868; x_wconf 78' lang='lat' dir='ltr'><strong>facilior.</strong></span> <span class='ocrx_word' id='word_1_288' title='bbox 941 1840 1009 1868; x_wconf 87' lang='lat' dir='ltr'><strong>Cum</strong></span> <span class='ocrx_word' id='word_1_289' title='bbox 1029 1845 1056 1867; x_wconf 84' lang='lat' dir='ltr'><strong>et</strong></span> 
     </span>
    </p>
   </div>
   <div class='ocr_carea' id='block_1_41' title="bbox 273 1886 1057 1922">
    <p class='ocr_par' dir='ltr' id='par_1_41' title="bbox 273 1886 1057 1922">
     <span class='ocr_line' id='line_1_41' title="bbox 273 1886 1057 1922; baseline -0.001 -8"><span class='ocrx_word' id='word_1_290' title='bbox 273 1892 338 1915; x_wconf 84' lang='lat' dir='ltr'><strong>ante</strong></span> <span class='ocrx_word' id='word_1_291' title='bbox 359 1888 451 1915; x_wconf 86' lang='lat' dir='ltr'><strong>omnia</strong></span> <span class='ocrx_word' id='word_1_292' title='bbox 468 1887 677 1922; x_wconf 66' lang='lat' dir='ltr'><strong>prtesertimque</strong></span> <span class='ocrx_word' id='word_1_293' title='bbox 692 1886 745 1914; x_wconf 90' lang='lat' dir='ltr'><strong>hoc</strong></span> <span class='ocrx_word' id='word_1_294' title='bbox 764 1887 793 1914; x_wconf 90' lang='lat' dir='ltr'><strong>in</strong></span> <span class='ocrx_word' id='word_1_295' title='bbox 811 1887 872 1914; x_wconf 90' lang='lat' dir='ltr'><strong>loco</strong></span> <span class='ocrx_word' id='word_1_296' title='bbox 887 1886 1057 1914; x_wconf 88' lang='lat' dir='ltr'><strong>credendum</strong></span> 
     </span>
    </p>
   </div>
   <div class='ocr_carea' id='block_1_42' title="bbox 274 1932 1055 1967">
    <p class='ocr_par' dir='ltr' id='par_1_42' title="bbox 274 1932 1055 1967">
     <span class='ocr_line' id='line_1_42' title="bbox 274 1932 1055 1967; baseline -0.001 -7"><span class='ocrx_word' id='word_1_297' title='bbox 274 1933 310 1960; x_wconf 86' lang='lat' dir='ltr'><strong>sit</strong></span> <span class='ocrx_word' id='word_1_298' title='bbox 326 1932 430 1960; x_wconf 85' lang='lat' dir='ltr'><strong>exitum</strong></span> <span class='ocrx_word' id='word_1_299' title='bbox 444 1932 575 1960; x_wconf 88' lang='lat' dir='ltr'><strong>habuisse</strong></span> <span class='ocrx_word' id='word_1_300' title='bbox 588 1939 650 1967; x_wconf 71' lang='lat' dir='ltr'><strong>quae</strong></span> <span class='ocrx_word' id='word_1_301' title='bbox 662 1932 709 1960; x_wconf 86' lang='lat' dir='ltr'><strong>hic</strong></span> <span class='ocrx_word' id='word_1_302' title='bbox 723 1937 927 1966; x_wconf 84' lang='lat' dir='ltr'><strong>memorantur;</strong></span> <span class='ocrx_word' id='word_1_303' title='bbox 947 1940 1055 1961; x_wconf 88' lang='lat' dir='ltr'><strong>verum-</strong></span> 
     </span>
    </p>
   </div>
   <div class='ocr_carea' id='block_1_43' title="bbox 272 1978 1055 2014">
    <p class='ocr_par' dir='ltr' id='par_1_43' title="bbox 272 1978 1055 2014">
     <span class='ocr_line' id='line_1_43' title="bbox 272 1978 1055 2014; baseline -0.001 -8"><span class='ocrx_word' id='word_1_304' title='bbox 272 1984 365 2006; x_wconf 87' lang='lat' dir='ltr'><strong>tamen</strong></span> <span class='ocrx_word' id='word_1_305' title='bbox 379 1979 413 2006; x_wconf 89' lang='lat' dir='ltr'><strong>iis</strong></span> <span class='ocrx_word' id='word_1_306' title='bbox 426 1986 487 2014; x_wconf 70' lang='lat' dir='ltr'><strong>qua:</strong></span> <span class='ocrx_word' id='word_1_307' title='bbox 512 1979 587 2006; x_wconf 87' lang='lat' dir='ltr'><strong>dicta</strong></span> <span class='ocrx_word' id='word_1_308' title='bbox 603 1982 678 2011; x_wconf 86' lang='lat' dir='ltr'><strong>sunt,</strong></span> <span class='ocrx_word' id='word_1_309' title='bbox 705 1978 786 2006; x_wconf 85' lang='lat' dir='ltr'><strong>facile</strong></span> <span class='ocrx_word' id='word_1_310' title='bbox 805 1984 922 2014; x_wconf 86' lang='lat' dir='ltr'><strong>possunt</strong></span> <span class='ocrx_word' id='word_1_311' title='bbox 943 1978 1055 2014; x_wconf 77' lang='lat' dir='ltr'><strong>intelligi</strong></span> 
     </span>
    </p>
   </div>
   <div class='ocr_carea' id='block_1_44' title="bbox 272 2024 1053 2060">
    <p class='ocr_par' dir='ltr' id='par_1_44' title="bbox 272 2024 1053 2060">
     <span class='ocr_line' id='line_1_44' title="bbox 272 2024 1053 2060; baseline -0.003 -8"><span class='ocrx_word' id='word_1_312' title='bbox 272 2026 360 2060; x_wconf 87' lang='lat' dir='ltr'><strong>prima</strong></span> <span class='ocrx_word' id='word_1_313' title='bbox 375 2025 458 2060; x_wconf 89' lang='lat' dir='ltr'><strong>hujus</strong></span> <span class='ocrx_word' id='word_1_314' title='bbox 472 2024 526 2052; x_wconf 91' lang='lat' dir='ltr'><strong>loci</strong></span> <span class='ocrx_word' id='word_1_315' title='bbox 540 2024 636 2057; x_wconf 86' lang='lat' dir='ltr'><strong>verba,</strong></span> <span class='ocrx_word' id='word_1_316' title='bbox 659 2034 668 2050; x_wconf 82' lang='grc' dir='ltr'><strong>ι</strong></span> <span class='ocrx_word' id='word_1_317' title='bbox 693 2024 722 2051; x_wconf 89' lang='lat' dir='ltr'><strong>in</strong></span> <span class='ocrx_word' id='word_1_318' title='bbox 736 2024 897 2052; x_wconf 85' lang='lat' dir='ltr'><strong>novissimis</strong></span> <span class='ocrx_word' id='word_1_319' title='bbox 913 2024 1026 2058; x_wconf 88' lang='lat' dir='ltr'><strong>diebus;</strong></span> <span class='ocrx_word' id='word_1_320' title='bbox 1044 2034 1053 2050; x_wconf 73' lang='grc' dir='ltr'><strong>ι</strong></span> 
     </span>
    </p>
   </div>
   <div class='ocr_carea' id='block_1_45' title="bbox 271 2070 1057 2106">
    <p class='ocr_par' dir='ltr' id='par_1_45' title="bbox 271 2070 1057 2106">
     <span class='ocr_line' id='line_1_45' title="bbox 271 2070 1057 2106; baseline 0 -8"><span class='ocrx_word' id='word_1_321' title='bbox 271 2072 372 2106; x_wconf 91' lang='lat' dir='ltr'><strong>quippe</strong></span> <span class='ocrx_word' id='word_1_322' title='bbox 384 2075 509 2106; x_wconf 83' lang='lat' dir='ltr'><strong>apertum</strong></span> <span class='ocrx_word' id='word_1_323' title='bbox 521 2074 565 2098; x_wconf 83' lang='lat' dir='ltr'><strong>est</strong></span> <span class='ocrx_word' id='word_1_324' title='bbox 575 2070 650 2106; x_wconf 90' lang='lat' dir='ltr'><strong>quod</strong></span> <span class='ocrx_word' id='word_1_325' title='bbox 662 2071 690 2097; x_wconf 93' lang='lat' dir='ltr'><strong>in</strong></span> <span class='ocrx_word' id='word_1_326' title='bbox 703 2070 868 2098; x_wconf 72' lang='lat' dir='ltr'><strong>saeculorum</strong></span> <span class='ocrx_word' id='word_1_327' title='bbox 885 2078 1057 2099; x_wconf 89' lang='lat' dir='ltr'><strong>consumma-</strong></span> 
     </span>
    </p>
   </div>
   <div class='ocr_carea' id='block_1_46' title="bbox 270 2116 1053 2153">
    <p class='ocr_par' dir='ltr' id='par_1_46' title="bbox 270 2116 1053 2153">
     <span class='ocr_line' id='line_1_46' title="bbox 270 2116 1053 2153; baseline -0.001 -10"><span class='ocrx_word' id='word_1_328' title='bbox 270 2118 345 2145; x_wconf 81' lang='lat' dir='ltr'><strong>tione</strong></span> <span class='ocrx_word' id='word_1_329' title='bbox 360 2116 521 2145; x_wconf 85' lang='lat' dir='ltr'><strong>manil‘estus</strong></span> <span class='ocrx_word' id='word_1_330' title='bbox 530 2117 618 2144; x_wconf 88' lang='lat' dir='ltr'><strong>factus</strong></span> <span class='ocrx_word' id='word_1_331' title='bbox 632 2124 673 2144; x_wconf 83' lang='lat' dir='ltr'><strong>est</strong></span> <span class='ocrx_word' id='word_1_332' title='bbox 682 2126 692 2143; x_wconf 78' lang='grc' dir='ltr'><strong>ι</strong></span> <span class='ocrx_word' id='word_1_333' title='bbox 703 2124 781 2144; x_wconf 86' lang='lat' dir='ltr'><strong>mons</strong></span> <span class='ocrx_word' id='word_1_334' title='bbox 793 2127 802 2143; x_wconf 73' lang='grc' dir='ltr'><strong>ι</strong></span> <span class='ocrx_word' id='word_1_335' title='bbox 812 2117 945 2153; x_wconf 85' lang='lat' dir='ltr'><strong>spiritalis</strong></span> <span class='ocrx_word' id='word_1_336' title='bbox 958 2127 966 2143; x_wconf 80' lang='grc' dir='ltr'><strong>ι</strong></span> <span class='ocrx_word' id='word_1_337' title='bbox 979 2117 1036 2148; x_wconf 80' lang='lat' dir='ltr'><strong>Dei,</strong></span> <span class='ocrx_word' id='word_1_338' title='bbox 1045 2127 1053 2142; x_wconf 72' lang='grc' dir='ltr'><strong>ι</strong></span> 
     </span>
    </p>
   </div>
   <div class='ocr_carea' id='block_1_47' title="bbox 270 2163 1055 2199">
    <p class='ocr_par' dir='ltr' id='par_1_47' title="bbox 270 2163 1055 2199">
     <span class='ocr_line' id='line_1_47' title="bbox 270 2163 1055 2199; baseline 0.001 -8"><span class='ocrx_word' id='word_1_339' title='bbox 270 2163 298 2191; x_wconf 89' lang='lat' dir='ltr'><strong>id</strong></span> <span class='ocrx_word' id='word_1_340' title='bbox 314 2167 366 2194; x_wconf 77' lang='lat' dir='ltr'><strong>est,</strong></span> <span class='ocrx_word' id='word_1_341' title='bbox 383 2163 504 2190; x_wconf 89' lang='lat' dir='ltr'><strong>divinum</strong></span> <span class='ocrx_word' id='word_1_342' title='bbox 534 2170 566 2190; x_wconf 91' lang='lat' dir='ltr'><strong>ac</strong></span> <span class='ocrx_word' id='word_1_343' title='bbox 589 2163 702 2191; x_wconf 72' lang='lat' dir='ltr'><strong>cceleste</strong></span> <span class='ocrx_word' id='word_1_344' title='bbox 719 2163 859 2198; x_wconf 79' lang='lat' dir='ltr'><strong>Verbum;</strong></span> <span class='ocrx_word' id='word_1_345' title='bbox 875 2164 992 2199; x_wconf 88' lang='lat' dir='ltr'><strong>ejusque</strong></span> <span class='ocrx_word' id='word_1_346' title='bbox 1006 2165 1055 2192; x_wconf 91' lang='lat' dir='ltr'><strong>do-</strong></span> 
     </span>
    </p>
   </div>
   <div class='ocr_carea' id='block_1_48' title="bbox 271 2208 1050 2246">
    <p class='ocr_par' dir='ltr' id='par_1_48' title="bbox 271 2208 1050 2246">
     <span class='ocr_line' id='line_1_48' title="bbox 271 2208 1050 2246; baseline 0.003 -10"><span class='ocrx_word' id='word_1_347' title='bbox 271 2217 333 2237; x_wconf 76' lang='lat' dir='ltr'><strong>mus</strong></span> <span class='ocrx_word' id='word_1_348' title='bbox 347 2208 471 2237; x_wconf 85' lang='lat' dir='ltr'><strong>Ecclesia</strong></span> <span class='ocrx_word' id='word_1_349' title='bbox 485 2209 513 2236; x_wconf 88' lang='lat' dir='ltr'><strong>in</strong></span> <span class='ocrx_word' id='word_1_350' title='bbox 532 2210 717 2245; x_wconf 88' lang='lat' dir='ltr'><strong>apostolorum</strong></span> <span class='ocrx_word' id='word_1_351' title='bbox 733 2214 759 2238; x_wconf 83' lang='lat' dir='ltr'><strong>et</strong></span> <span class='ocrx_word' id='word_1_352' title='bbox 776 2211 969 2246; x_wconf 87' lang='lat' dir='ltr'><strong>prophetarum</strong></span> <span class='ocrx_word' id='word_1_353' title='bbox 991 2211 1050 2238; x_wconf 91' lang='lat' dir='ltr'><strong>fun-</strong></span> 
     </span>
    </p>
   </div>
   <div class='ocr_carea' id='block_1_49' title="bbox 270 2254 1053 2287">
    <p class='ocr_par' dir='ltr' id='par_1_49' title="bbox 270 2254 1053 2287">
     <span class='ocr_line' id='line_1_49' title="bbox 270 2254 1053 2287; baseline 0.001 -5"><span class='ocrx_word' id='word_1_354' title='bbox 270 2255 399 2283; x_wconf 84' lang='lat' dir='ltr'><strong>damento</strong></span> <span class='ocrx_word' id='word_1_355' title='bbox 421 2254 564 2287; x_wconf 65' lang='lat' dir='ltr'><strong>aediﬁcata,</strong></span> <span class='ocrx_word' id='word_1_356' title='bbox 594 2259 622 2282; x_wconf 89' lang='lat' dir='ltr'><strong>et</strong></span> <span class='ocrx_word' id='word_1_357' title='bbox 651 2255 713 2283; x_wconf 91' lang='lat' dir='ltr'><strong>ideo</strong></span> <span class='ocrx_word' id='word_1_358' title='bbox 740 2256 768 2283; x_wconf 90' lang='lat' dir='ltr'><strong>in</strong></span> <span class='ocrx_word' id='word_1_359' title='bbox 794 2257 899 2284; x_wconf 86' lang='lat' dir='ltr'><strong>vertice</strong></span> <span class='ocrx_word' id='word_1_360' title='bbox 920 2257 1053 2283; x_wconf 85' lang='lat' dir='ltr'><strong>montium</strong></span> 
     </span>
    </p>
   </div>
   <div class='ocr_carea' id='block_1_50' title="bbox 1115 278 1868 316">
    <p class='ocr_par' dir='ltr' id='par_1_50' title="bbox 1115 278 1868 316">
     <span class='ocr_line' id='line_1_50' title="bbox 1115 278 1868 316; baseline 0 -11"><span class='ocrx_word' id='word_1_361' title='bbox 1115 279 1146 305; x_wconf 83' lang='grc' dir='ltr'><strong>οὺ</strong></span> <span class='ocrx_word' id='word_1_362' title='bbox 1158 279 1272 314; x_wconf 81' lang='grc' dir='ltr'>λήψεται</span> <span class='ocrx_word' id='word_1_363' title='bbox 1291 278 1365 310; x_wconf 74' lang='grc' dir='ltr'>ἔθνος</span> <span class='ocrx_word' id='word_1_364' title='bbox 1381 279 1424 305; x_wconf 79' lang='grc' dir='ltr'><strong>ἐπ’</strong></span> <span class='ocrx_word' id='word_1_365' title='bbox 1441 278 1516 309; x_wconf 72' lang='grc' dir='ltr'>ἔθνος</span> <span class='ocrx_word' id='word_1_366' title='bbox 1530 278 1676 314; x_wconf 87' lang='grc' dir='ltr'>μάχαιραν,</span> <span class='ocrx_word' id='word_1_367' title='bbox 1689 279 1734 305; x_wconf 74' lang='grc' dir='ltr'>καὶ</span> <span class='ocrx_word' id='word_1_368' title='bbox 1744 279 1771 306; x_wconf 85' lang='grc' dir='ltr'><strong>οὺ</strong></span> <span class='ocrx_word' id='word_1_369' title='bbox 1785 280 1815 316; x_wconf 83' lang='grc' dir='ltr'><strong>μὴ</strong></span> <span class='ocrx_word' id='word_1_370' title='bbox 1827 282 1868 316; x_wconf 63' lang='grc' dir='ltr'>μά-</span> 
     </span>
    </p>
   </div>
   <div class='ocr_carea' id='block_1_51' title="bbox 1116 323 1868 361">
    <p class='ocr_par' dir='ltr' id='par_1_51' title="bbox 1116 323 1868 361">
     <span class='ocr_line' id='line_1_51' title="bbox 1116 323 1868 361; baseline -0.005 -9"><span class='ocrx_word' id='word_1_371' title='bbox 1116 325 1198 352; x_wconf 84' lang='grc' dir='ltr'>θωσιν</span> <span class='ocrx_word' id='word_1_372' title='bbox 1211 324 1252 351; x_wconf 77' lang='grc' dir='ltr'>ἑτι</span> <span class='ocrx_word' id='word_1_373' title='bbox 1268 324 1404 359; x_wconf 84' lang='grc' dir='ltr'><strong>πολεμεῖν.</strong></span> <span class='ocrx_word' id='word_1_374' title='bbox 1418 333 1427 350; x_wconf 85' lang='grc' dir='ltr'><strong>ι</strong></span> <span class='ocrx_word' id='word_1_375' title='bbox 1441 323 1627 351; x_wconf 82' lang='grc' dir='ltr'>Δεικνύτωσαν</span> <span class='ocrx_word' id='word_1_376' title='bbox 1642 325 1706 359; x_wconf 85' lang='grc' dir='ltr'>ἡμῖν</span> <span class='ocrx_word' id='word_1_377' title='bbox 1719 324 1742 350; x_wconf 81' lang='grc' dir='ltr'>οἱ</span> <span class='ocrx_word' id='word_1_378' title='bbox 1755 324 1798 360; x_wconf 84' lang='grc' dir='ltr'>τὴν</span> <span class='ocrx_word' id='word_1_379' title='bbox 1806 334 1868 361; x_wconf 78' lang='grc' dir='ltr'>περι,</span> 
     </span>
    </p>
   </div>
   <div class='ocr_carea' id='block_1_52' title="bbox 1114 369 1868 406">
    <p class='ocr_par' dir='ltr' id='par_1_52' title="bbox 1114 369 1868 406">
     <span class='ocr_line' id='line_1_52' title="bbox 1114 369 1868 406; baseline 0 -9"><span class='ocrx_word' id='word_1_380' title='bbox 1114 370 1200 406; x_wconf 76' lang='grc' dir='ltr'>τομὴν</span> <span class='ocrx_word' id='word_1_381' title='bbox 1213 370 1369 405; x_wconf 79' lang='grc' dir='ltr'><strong>αὐχοῦντες,</strong></span> <span class='ocrx_word' id='word_1_382' title='bbox 1380 371 1423 401; x_wconf 89' lang='grc' dir='ltr'><strong>τίς</strong></span> <span class='ocrx_word' id='word_1_383' title='bbox 1443 371 1457 397; x_wconf 85' lang='grc' dir='ltr'>ό</span> <span class='ocrx_word' id='word_1_384' title='bbox 1471 370 1552 404; x_wconf 87' lang='grc' dir='ltr'>νόμος</span> <span class='ocrx_word' id='word_1_385' title='bbox 1566 370 1612 396; x_wconf 76' lang='grc' dir='ltr'>καὶ</span> <span class='ocrx_word' id='word_1_386' title='bbox 1629 369 1754 401; x_wconf 78' lang='grc' dir='ltr'><strong>ποταπὸς,</strong></span> <span class='ocrx_word' id='word_1_387' title='bbox 1769 370 1810 397; x_wconf 83' lang='grc' dir='ltr'>καὶ</span> <span class='ocrx_word' id='word_1_388' title='bbox 1825 371 1868 399; x_wconf 78' lang='grc' dir='ltr'>τίσι</span> 
     </span>
    </p>
   </div>
   <div class='ocr_carea' id='block_1_53' title="bbox 1114 415 1868 452">
    <p class='ocr_par' dir='ltr' id='par_1_53' title="bbox 1114 415 1868 452">
     <span class='ocr_line' id='line_1_53' title="bbox 1114 415 1868 452; baseline 0 -10"><span class='ocrx_word' id='word_1_389' title='bbox 1114 416 1292 452; x_wconf 85' lang='grc' dir='ltr'>δοθησόμενος</span> <span class='ocrx_word' id='word_1_390' title='bbox 1302 416 1316 442; x_wconf 86' lang='grc' dir='ltr'>ό</span> <span class='ocrx_word' id='word_1_391' title='bbox 1329 417 1360 442; x_wconf 82' lang='grc' dir='ltr'>ὲκ</span> <span class='ocrx_word' id='word_1_392' title='bbox 1370 416 1439 443; x_wconf 82' lang='grc' dir='ltr'>Σιὼν</span> <span class='ocrx_word' id='word_1_393' title='bbox 1450 415 1636 448; x_wconf 75' lang='grc' dir='ltr'>ἐξελεύσεσθαι</span> <span class='ocrx_word' id='word_1_394' title='bbox 1646 417 1868 452; x_wconf 68' lang='grc' dir='ltr'>προφητευόμενος·</span> 
     </span>
    </p>
   </div>
   <div class='ocr_carea' id='block_1_54' title="bbox 1117 462 1870 499">
    <p class='ocr_par' dir='ltr' id='par_1_54' title="bbox 1117 462 1870 499">
     <span class='ocr_line' id='line_1_54' title="bbox 1117 462 1870 499; baseline 0.001 -10"><span class='ocrx_word' id='word_1_395' title='bbox 1117 471 1127 488; x_wconf 79' lang='grc' dir='ltr'><strong>ι</strong></span> <span class='ocrx_word' id='word_1_396' title='bbox 1151 462 1199 489; x_wconf 84' lang='grc' dir='ltr'>Ἐκ</span> <span class='ocrx_word' id='word_1_397' title='bbox 1212 462 1266 498; x_wconf 79' lang='grc' dir='ltr'>γὰρ</span> <span class='ocrx_word' id='word_1_398' title='bbox 1284 462 1362 494; x_wconf 84' lang='grc' dir='ltr'>Σιὼν,</span> <span class='ocrx_word' id='word_1_399' title='bbox 1383 463 1476 498; x_wconf 79' lang='grc' dir='ltr'>φησὶν,</span> <span class='ocrx_word' id='word_1_400' title='bbox 1495 462 1664 495; x_wconf 78' lang='grc' dir='ltr'>ἐξελεύσεται</span> <span class='ocrx_word' id='word_1_401' title='bbox 1677 462 1763 497; x_wconf 84' lang='grc' dir='ltr'>νόμος,</span> <span class='ocrx_word' id='word_1_402' title='bbox 1775 463 1870 499; x_wconf 69' lang='grc' dir='ltr'>»ἕτερος</span> 
     </span>
    </p>
   </div>
   <div class='ocr_carea' id='block_1_55' title="bbox 1113 507 1872 544">
    <p class='ocr_par' dir='ltr' id='par_1_55' title="bbox 1113 507 1872 544">
     <span class='ocr_line' id='line_1_55' title="bbox 1113 507 1872 544; baseline 0.003 -10"><span class='ocrx_word' id='word_1_403' title='bbox 1113 507 1150 534; x_wconf 83' lang='grc' dir='ltr'><strong>ὢν</strong></span> <span class='ocrx_word' id='word_1_404' title='bbox 1156 508 1233 544; x_wconf 79' lang='grc' dir='ltr'>δῆλον</span> <span class='ocrx_word' id='word_1_405' title='bbox 1246 509 1286 535; x_wconf 86' lang='grc' dir='ltr'>ὅτι</span> <span class='ocrx_word' id='word_1_406' title='bbox 1301 508 1347 535; x_wconf 85' lang='grc' dir='ltr'>τοῦ</span> <span class='ocrx_word' id='word_1_407' title='bbox 1362 510 1390 535; x_wconf 78' lang='grc' dir='ltr'>ὲν</span> <span class='ocrx_word' id='word_1_408' title='bbox 1449 509 1545 544; x_wconf 74' lang='grc' dir='ltr'>ἐρήμῳ</span> <span class='ocrx_word' id='word_1_409' title='bbox 1555 508 1598 535; x_wconf 80' lang='grc' dir='ltr'>διὰ</span> <span class='ocrx_word' id='word_1_410' title='bbox 1610 508 1744 539; x_wconf 80' lang='grc' dir='ltr'>Μωῦσέως</span> <span class='ocrx_word' id='word_1_411' title='bbox 1757 508 1830 544; x_wconf 85' lang='grc' dir='ltr'>νόμου</span> <span class='ocrx_word' id='word_1_412' title='bbox 1839 509 1872 536; x_wconf 54' lang='grc' dir='ltr'>δε.</span> 
     </span>
    </p>
   </div>
   <div class='ocr_carea' id='block_1_56' title="bbox 1113 554 1870 590">
    <p class='ocr_par' dir='ltr' id='par_1_56' title="bbox 1113 554 1870 590">
     <span class='ocr_line' id='line_1_56' title="bbox 1113 554 1870 590; baseline 0.001 -9"><span class='ocrx_word' id='word_1_413' title='bbox 1113 554 1240 590; x_wconf 77' lang='grc' dir='ltr'>δομένουο</span> <span class='ocrx_word' id='word_1_414' title='bbox 1258 555 1300 586; x_wconf 86' lang='grc' dir='ltr'><strong>τίς</strong></span> <span class='ocrx_word' id='word_1_415' title='bbox 1313 555 1341 581; x_wconf 83' lang='grc' dir='ltr'>δὲ</span> <span class='ocrx_word' id='word_1_416' title='bbox 1353 555 1478 587; x_wconf 68' lang='grc' dir='ltr'>καὶὸτοῦ</span> <span class='ocrx_word' id='word_1_417' title='bbox 1497 555 1600 590; x_wconf 87' lang='grc' dir='ltr'>Κυρίου</span> <span class='ocrx_word' id='word_1_418' title='bbox 1616 554 1704 588; x_wconf 84' lang='grc' dir='ltr'>λόγος,</span> <span class='ocrx_word' id='word_1_419' title='bbox 1719 554 1808 589; x_wconf 79' lang='grc' dir='ltr'><strong>μηκέτι</strong></span> <span class='ocrx_word' id='word_1_420' title='bbox 1822 555 1870 590; x_wconf 72' lang='grc' dir='ltr'>μὲν,</span> 
     </span>
    </p>
   </div>
   <div class='ocr_carea' id='block_1_57' title="bbox 1114 599 1873 636">
    <p class='ocr_par' dir='ltr' id='par_1_57' title="bbox 1114 599 1873 636">
     <span class='ocr_line' id='line_1_57' title="bbox 1114 599 1873 636; baseline 0.001 -9"><span class='ocrx_word' id='word_1_421' title='bbox 1114 601 1185 627; x_wconf 78' lang='grc' dir='ltr'>κατὰ</span> <span class='ocrx_word' id='word_1_422' title='bbox 1196 601 1246 636; x_wconf 82' lang='grc' dir='ltr'>τὴν</span> <span class='ocrx_word' id='word_1_423' title='bbox 1260 600 1437 636; x_wconf 74' lang='grc' dir='ltr'><strong>προφητείαν,</strong></span> <span class='ocrx_word' id='word_1_424' title='bbox 1451 600 1539 636; x_wconf 88' lang='grc' dir='ltr'>μένων</span> <span class='ocrx_word' id='word_1_425' title='bbox 1554 601 1583 627; x_wconf 81' lang='grc' dir='ltr'>ὲν</span> <span class='ocrx_word' id='word_1_426' title='bbox 1596 599 1776 636; x_wconf 79' lang='grc' dir='ltr'>Ἰερουσαλὴμ,</span> <span class='ocrx_word' id='word_1_427' title='bbox 1790 600 1837 627; x_wconf 80' lang='grc' dir='ltr'>ἀλλ’</span> <span class='ocrx_word' id='word_1_428' title='bbox 1847 601 1873 628; x_wconf 69' lang='grc' dir='ltr'>ἐκ</span> 
     </span>
    </p>
   </div>
   <div class='ocr_carea' id='block_1_58' title="bbox 1114 646 1871 682">
    <p class='ocr_par' dir='ltr' id='par_1_58' title="bbox 1114 646 1871 682">
     <span class='ocr_line' id='line_1_58' title="bbox 1114 646 1871 682; baseline -0.001 -9"><span class='ocrx_word' id='word_1_429' title='bbox 1114 646 1182 673; x_wconf 87' lang='grc' dir='ltr'>Σιὼν</span> <span class='ocrx_word' id='word_1_430' title='bbox 1195 647 1290 682; x_wconf 80' lang='grc' dir='ltr'>αὐτῆς,</span> <span class='ocrx_word' id='word_1_431' title='bbox 1315 647 1363 673; x_wconf 71' lang='grc' dir='ltr'><strong>καὶ</strong></span> <span class='ocrx_word' id='word_1_432' title='bbox 1384 646 1580 682; x_wconf 76' lang='grc' dir='ltr'><strong>μεθιστάμενος</strong></span> <span class='ocrx_word' id='word_1_433' title='bbox 1599 646 1644 673; x_wconf 75' lang='grc' dir='ltr'><strong>ἐπὶ</strong></span> <span class='ocrx_word' id='word_1_434' title='bbox 1661 646 1746 672; x_wconf 88' lang='grc' dir='ltr'>πάντα</span> <span class='ocrx_word' id='word_1_435' title='bbox 1761 646 1792 672; x_wconf 74' lang='grc' dir='ltr'>τὰ</span> <span class='ocrx_word' id='word_1_436' title='bbox 1811 646 1871 682; x_wconf 75' lang='grc' dir='ltr'>ἔθνη,</span> 
     </span>
    </p>
   </div>
   <div class='ocr_carea' id='block_1_59' title="bbox 1115 686 1873 728">
    <p class='ocr_par' dir='ltr' id='par_1_59' title="bbox 1115 686 1873 728">
     <span class='ocr_line' id='line_1_59' title="bbox 1115 686 1873 728; baseline 0 -10"><span class='ocrx_word' id='word_1_437' title='bbox 1115 692 1219 727; x_wconf 79' lang='grc' dir='ltr'><strong>μέλλων</strong></span> <span class='ocrx_word' id='word_1_438' title='bbox 1238 701 1269 719; x_wconf 85' lang='grc' dir='ltr'><strong>τε</strong></span> <span class='ocrx_word' id='word_1_439' title='bbox 1285 693 1389 728; x_wconf 86' lang='grc' dir='ltr'>κρίνειν</span> <span class='ocrx_word' id='word_1_440' title='bbox 1404 693 1456 720; x_wconf 83' lang='grc' dir='ltr'>ἀνὰ</span> <span class='ocrx_word' id='word_1_441' title='bbox 1473 692 1553 728; x_wconf 82' lang='grc' dir='ltr'>μέσον</span> <span class='ocrx_word' id='word_1_442' title='bbox 1567 692 1679 724; x_wconf 83' lang='grc' dir='ltr'>τούτων,</span> <span class='ocrx_word' id='word_1_443' title='bbox 1691 692 1736 718; x_wconf 71' lang='grc' dir='ltr'>καὶ</span> <span class='ocrx_word' id='word_1_444' title='bbox 1746 686 1802 718; x_wconf 75' lang='grc' dir='ltr'>λαὸν</span> <span class='ocrx_word' id='word_1_445' title='bbox 1813 692 1873 727; x_wconf 72' lang='grc' dir='ltr'><strong>ὲλέγ-</strong></span> 
     </span>
    </p>
   </div>
   <div class='ocr_carea' id='block_1_60' title="bbox 1113 738 1872 775">
    <p class='ocr_par' dir='ltr' id='par_1_60' title="bbox 1113 738 1872 775">
     <span class='ocr_line' id='line_1_60' title="bbox 1113 738 1872 775; baseline 0.001 -10"><span class='ocrx_word' id='word_1_446' title='bbox 1113 738 1217 775; x_wconf 89' lang='grc' dir='ltr'>χει(ξει)</span> <span class='ocrx_word' id='word_1_447' title='bbox 1235 739 1333 771; x_wconf 81' lang='grc' dir='ltr'>πολὺν,</span> <span class='ocrx_word' id='word_1_448' title='bbox 1353 740 1397 766; x_wconf 79' lang='grc' dir='ltr'>ὅτε</span> <span class='ocrx_word' id='word_1_449' title='bbox 1421 739 1469 766; x_wconf 82' lang='grc' dir='ltr'>καὶ</span> <span class='ocrx_word' id='word_1_450' title='bbox 1491 739 1602 774; x_wconf 82' lang='grc' dir='ltr'><strong>εἰρήνης</strong></span> <span class='ocrx_word' id='word_1_451' title='bbox 1621 738 1768 774; x_wconf 70' lang='grc' dir='ltr'><strong>βαθυτάτης</strong></span> <span class='ocrx_word' id='word_1_452' title='bbox 1782 739 1872 772; x_wconf 71' lang='grc' dir='ltr'>ἐγγενο-</span> 
     </span>
    </p>
   </div>
   <div class='ocr_carea' id='block_1_61' title="bbox 1115 783 1873 821">
    <p class='ocr_par' dir='ltr' id='par_1_61' title="bbox 1115 783 1873 821">
     <span class='ocr_line' id='line_1_61' title="bbox 1115 783 1873 821; baseline -0.001 -10"><span class='ocrx_word' id='word_1_453' title='bbox 1115 785 1198 821; x_wconf 90' lang='grc' dir='ltr'>μένης</span> <span class='ocrx_word' id='word_1_454' title='bbox 1208 786 1265 816; x_wconf 83' lang='grc' dir='ltr'>τοῖς</span> <span class='ocrx_word' id='word_1_455' title='bbox 1279 785 1346 821; x_wconf 78' lang='grc' dir='ltr'>πρὸς</span> <span class='ocrx_word' id='word_1_456' title='bbox 1353 785 1400 812; x_wconf 74' lang='grc' dir='ltr'>τοῦ</span> <span class='ocrx_word' id='word_1_457' title='bbox 1415 785 1502 819; x_wconf 87' lang='grc' dir='ltr'>Λόγου</span> <span class='ocrx_word' id='word_1_458' title='bbox 1516 785 1563 812; x_wconf 81' lang='grc' dir='ltr'>τοῦ</span> <span class='ocrx_word' id='word_1_459' title='bbox 1577 784 1679 820; x_wconf 82' lang='grc' dir='ltr'>Κυρίου</span> <span class='ocrx_word' id='word_1_460' title='bbox 1691 783 1873 820; x_wconf 82' lang='grc' dir='ltr'>κριθησομένοις</span> 
     </span>
    </p>
   </div>
   <div class='ocr_carea' id='block_1_62' title="bbox 1112 829 1874 866">
    <p class='ocr_par' dir='ltr' id='par_1_62' title="bbox 1112 829 1874 866">
     <span class='ocr_line' id='line_1_62' title="bbox 1112 829 1874 866; baseline -0.001 -9"><span class='ocrx_word' id='word_1_461' title='bbox 1112 830 1211 861; x_wconf 75' lang='grc' dir='ltr'>ἔθνεσι,</span> <span class='ocrx_word' id='word_1_462' title='bbox 1235 830 1433 866; x_wconf 81' lang='grc' dir='ltr'>μεταϐαλόντες</span> <span class='ocrx_word' id='word_1_463' title='bbox 1449 831 1471 856; x_wconf 90' lang='lat' dir='ltr'><strong>ol</strong></span> <span class='ocrx_word' id='word_1_464' title='bbox 1498 833 1547 866; x_wconf 84' lang='grc' dir='ltr'><strong>τῆς</strong></span> <span class='ocrx_word' id='word_1_465' title='bbox 1567 831 1678 866; x_wconf 85' lang='grc' dir='ltr'>εἰρήνης</span> <span class='ocrx_word' id='word_1_466' title='bbox 1695 829 1830 865; x_wconf 72' lang='grc' dir='ltr'>ἠξιωμένοι</span> <span class='ocrx_word' id='word_1_467' title='bbox 1848 830 1874 856; x_wconf 63' lang='grc' dir='ltr'>τὰ</span> 
     </span>
    </p>
   </div>
   <div class='ocr_carea' id='block_1_63' title="bbox 1112 874 1876 913">
    <p class='ocr_par' dir='ltr' id='par_1_63' title="bbox 1112 874 1876 913">
     <span class='ocr_line' id='line_1_63' title="bbox 1112 874 1876 913; baseline -0.001 -11"><span class='ocrx_word' id='word_1_468' title='bbox 1112 876 1245 912; x_wconf 89' lang='grc' dir='ltr'>πρότερον</span> <span class='ocrx_word' id='word_1_469' title='bbox 1268 876 1359 904; x_wconf 85' lang='grc' dir='ltr'>αὐτῶν</span> <span class='ocrx_word' id='word_1_470' title='bbox 1379 877 1516 913; x_wconf 81' lang='grc' dir='ltr'>πολεμικά</span> <span class='ocrx_word' id='word_1_471' title='bbox 1530 876 1614 912; x_wconf 80' lang='grc' dir='ltr'>σκεύη</span> <span class='ocrx_word' id='word_1_472' title='bbox 1626 896 1634 909; x_wconf 93' lang='grc'><strong>,</strong></span> <span class='ocrx_word' id='word_1_473' title='bbox 1656 877 1690 911; x_wconf 86' lang='grc' dir='ltr'>τῇ</span> <span class='ocrx_word' id='word_1_474' title='bbox 1705 875 1803 902; x_wconf 81' lang='grc' dir='ltr'>ἑαυτῶν</span> <span class='ocrx_word' id='word_1_475' title='bbox 1817 874 1876 902; x_wconf 79' lang='grc' dir='ltr'>κατὰ</span> 
     </span>
    </p>
   </div>
   <div class='ocr_carea' id='block_1_64' title="bbox 1111 922 1876 959">
    <p class='ocr_par' dir='ltr' id='par_1_64' title="bbox 1111 922 1876 959">
     <span class='ocr_line' id='line_1_64' title="bbox 1111 922 1876 959; baseline 0.001 -11"><span class='ocrx_word' id='word_1_476' title='bbox 1111 922 1160 958; x_wconf 83' lang='grc' dir='ltr'><strong>τὴν</strong></span> <span class='ocrx_word' id='word_1_477' title='bbox 1177 922 1267 957; x_wconf 81' lang='grc' dir='ltr'>ψυχὴν</span> <span class='ocrx_word' id='word_1_478' title='bbox 1283 923 1404 958; x_wconf 75' lang='grc' dir='ltr'><strong>γεωργίᾳ</strong></span> <span class='ocrx_word' id='word_1_479' title='bbox 1426 923 1587 959; x_wconf 78' lang='grc' dir='ltr'>προσέξουσι</span> <span class='ocrx_word' id='word_1_480' title='bbox 1609 922 1654 950; x_wconf 86' lang='grc' dir='ltr'><strong>τόν</strong></span> <span class='ocrx_word' id='word_1_481' title='bbox 1678 922 1748 949; x_wconf 81' lang='grc' dir='ltr'>νοῦν.</span> <span class='ocrx_word' id='word_1_482' title='bbox 1767 922 1876 954; x_wconf 84' lang='grc' dir='ltr'>Ἐκείνοις</span> 
     </span>
    </p>
   </div>
   <div class='ocr_carea' id='block_1_65' title="bbox 1113 965 1876 1004">
    <p class='ocr_par' dir='ltr' id='par_1_65' title="bbox 1113 965 1876 1004">
     <span class='ocr_line' id='line_1_65' title="bbox 1113 965 1876 1004; baseline 0.001 -10"><span class='ocrx_word' id='word_1_483' title='bbox 1113 967 1162 1003; x_wconf 73' lang='grc' dir='ltr'>μὲν</span> <span class='ocrx_word' id='word_1_484' title='bbox 1178 965 1224 995; x_wconf 81' lang='grc' dir='ltr'>οὖν</span> <span class='ocrx_word' id='word_1_485' title='bbox 1238 968 1289 994; x_wconf 80' lang='grc' dir='ltr'>οὐκ</span> <span class='ocrx_word' id='word_1_486' title='bbox 1304 967 1352 995; x_wconf 74' lang='grc' dir='ltr'>οἶδ’</span> <span class='ocrx_word' id='word_1_487' title='bbox 1364 969 1390 995; x_wconf 79' lang='grc' dir='ltr'>εἴ</span> <span class='ocrx_word' id='word_1_488' title='bbox 1403 968 1443 1001; x_wconf 89' lang='grc' dir='ltr'><strong>τίς</strong></span> <span class='ocrx_word' id='word_1_489' title='bbox 1468 969 1526 996; x_wconf 80' lang='grc' dir='ltr'>ἐστι</span> <span class='ocrx_word' id='word_1_490' title='bbox 1546 969 1613 1004; x_wconf 84' lang='grc' dir='ltr'>πρὸς</span> <span class='ocrx_word' id='word_1_491' title='bbox 1625 968 1711 995; x_wconf 83' lang='grc' dir='ltr'>ταῦτα</span> <span class='ocrx_word' id='word_1_492' title='bbox 1725 969 1797 1003; x_wconf 77' lang='grc' dir='ltr'>λόγος</span> <span class='ocrx_word' id='word_1_493' title='bbox 1806 977 1813 984; x_wconf 92' lang='grc'>·</span> <span class='ocrx_word' id='word_1_494' title='bbox 1823 969 1876 1004; x_wconf 77' lang='grc' dir='ltr'>ἡμῖν</span> 
     </span>
    </p>
   </div>
   <div class='ocr_carea' id='block_1_66' title="bbox 1111 1013 1878 1050">
    <p class='ocr_par' dir='ltr' id='par_1_66' title="bbox 1111 1013 1878 1050">
     <span class='ocr_line' id='line_1_66' title="bbox 1111 1013 1878 1050; baseline 0.001 -10"><span class='ocrx_word' id='word_1_495' title='bbox 1111 1021 1143 1048; x_wconf 86' lang='grc' dir='ltr'><strong>γε</strong></span> <span class='ocrx_word' id='word_1_496' title='bbox 1161 1013 1214 1050; x_wconf 83' lang='grc' dir='ltr'>μὴν</span> <span class='ocrx_word' id='word_1_497' title='bbox 1230 1013 1313 1048; x_wconf 81' lang='grc' dir='ltr'>ὑγιῶς</span> <span class='ocrx_word' id='word_1_498' title='bbox 1328 1015 1368 1046; x_wconf 84' lang='grc' dir='ltr'><strong>εἰς</strong></span> <span class='ocrx_word' id='word_1_499' title='bbox 1384 1015 1485 1050; x_wconf 80' lang='grc' dir='ltr'>Ἰησοῦν</span> <span class='ocrx_word' id='word_1_500' title='bbox 1501 1015 1548 1042; x_wconf 74' lang='grc' dir='ltr'>τὸν</span> <span class='ocrx_word' id='word_1_501' title='bbox 1565 1015 1682 1050; x_wconf 81' lang='grc' dir='ltr'>Χριστὸν</span> <span class='ocrx_word' id='word_1_502' title='bbox 1704 1014 1749 1041; x_wconf 78' lang='grc' dir='ltr'>τοῦ</span> <span class='ocrx_word' id='word_1_503' title='bbox 1763 1014 1824 1041; x_wconf 76' lang='grc' dir='ltr'>θεοῦ</span> <span class='ocrx_word' id='word_1_504' title='bbox 1837 1023 1878 1041; x_wconf 84' lang='grc' dir='ltr'>πε-</span> 
     </span>
    </p>
   </div>
   <div class='ocr_carea' id='block_1_67' title="bbox 1111 1060 1878 1097">
    <p class='ocr_par' dir='ltr' id='par_1_67' title="bbox 1111 1060 1878 1097">
     <span class='ocr_line' id='line_1_67' title="bbox 1111 1060 1878 1097; baseline 0.001 -11"><span class='ocrx_word' id='word_1_505' title='bbox 1111 1060 1269 1087; x_wconf 80' lang='grc' dir='ltr'>πιστευκόσι</span> <span class='ocrx_word' id='word_1_506' title='bbox 1282 1060 1379 1096; x_wconf 73' lang='grc' dir='ltr'>ῥᾳδίως</span> <span class='ocrx_word' id='word_1_507' title='bbox 1393 1060 1480 1087; x_wconf 76' lang='grc' dir='ltr'>ἔνεστι</span> <span class='ocrx_word' id='word_1_508' title='bbox 1491 1062 1580 1088; x_wconf 79' lang='grc' dir='ltr'>πᾶσαν</span> <span class='ocrx_word' id='word_1_509' title='bbox 1595 1060 1752 1097; x_wconf 83' lang='grc' dir='ltr'>ὲξομαλίσαι</span> <span class='ocrx_word' id='word_1_510' title='bbox 1764 1061 1809 1097; x_wconf 81' lang='grc' dir='ltr'>τὴν</span> <span class='ocrx_word' id='word_1_511' title='bbox 1823 1065 1878 1096; x_wconf 77' lang='grc' dir='ltr'>προ-</span> 
     </span>
    </p>
   </div>
   <div class='ocr_carea' id='block_1_68' title="bbox 1111 1106 1879 1143">
    <p class='ocr_par' dir='ltr' id='par_1_68' title="bbox 1111 1106 1879 1143">
     <span class='ocr_line' id='line_1_68' title="bbox 1111 1106 1879 1143; baseline 0 -11"><span class='ocrx_word' id='word_1_512' title='bbox 1111 1106 1234 1142; x_wconf 85' lang='grc' dir='ltr'>φητείαν,</span> <span class='ocrx_word' id='word_1_513' title='bbox 1251 1107 1324 1133; x_wconf 84' lang='grc' dir='ltr'>θείαν</span> <span class='ocrx_word' id='word_1_514' title='bbox 1345 1115 1376 1134; x_wconf 82' lang='grc' dir='ltr'><strong>τε</strong></span> <span class='ocrx_word' id='word_1_515' title='bbox 1390 1107 1428 1139; x_wconf 87' lang='grc' dir='ltr'><strong>ὡς</strong></span> <span class='ocrx_word' id='word_1_516' title='bbox 1447 1107 1555 1143; x_wconf 84' lang='grc' dir='ltr'>ἀληθῶς</span> <span class='ocrx_word' id='word_1_517' title='bbox 1576 1108 1622 1134; x_wconf 77' lang='grc' dir='ltr'>καὶ</span> <span class='ocrx_word' id='word_1_518' title='bbox 1645 1107 1792 1143; x_wconf 81' lang='grc' dir='ltr'>παράδοξον</span> <span class='ocrx_word' id='word_1_519' title='bbox 1808 1106 1879 1143; x_wconf 75' lang='grc' dir='ltr'>αὐτὴν</span> 
     </span>
    </p>
   </div>
   <div class='ocr_carea' id='block_1_69' title="bbox 1110 1151 1878 1190">
    <p class='ocr_par' dir='ltr' id='par_1_69' title="bbox 1110 1151 1878 1190">
     <span class='ocr_line' id='line_1_69' title="bbox 1110 1151 1878 1190; baseline 0.003 -12"><span class='ocrx_word' id='word_1_520' title='bbox 1110 1151 1306 1185; x_wconf 70' lang='grc' dir='ltr'>ἐπιδεικνύναι,</span> <span class='ocrx_word' id='word_1_521' title='bbox 1321 1152 1360 1189; x_wconf 84' lang='grc' dir='ltr'>τῷ</span> <span class='ocrx_word' id='word_1_522' title='bbox 1375 1153 1421 1180; x_wconf 75' lang='grc' dir='ltr'>καὶ</span> <span class='ocrx_word' id='word_1_523' title='bbox 1442 1153 1518 1185; x_wconf 83' lang='grc' dir='ltr'>τέλος</span> <span class='ocrx_word' id='word_1_524' title='bbox 1531 1154 1677 1189; x_wconf 71' lang='grc' dir='ltr'>ἐσχηκέναι</span> <span class='ocrx_word' id='word_1_525' title='bbox 1692 1154 1725 1181; x_wconf 75' lang='grc' dir='ltr'>τὰ</span> <span class='ocrx_word' id='word_1_526' title='bbox 1741 1161 1878 1190; x_wconf 82' lang='grc' dir='ltr'>προφητευ-</span> 
     </span>
    </p>
   </div>
   <div class='ocr_carea' id='block_1_70' title="bbox 1111 1198 1880 1235">
    <p class='ocr_par' dir='ltr' id='par_1_70' title="bbox 1111 1198 1880 1235">
     <span class='ocr_line' id='line_1_70' title="bbox 1111 1198 1880 1235; baseline 0.003 -11"><span class='ocrx_word' id='word_1_527' title='bbox 1111 1198 1191 1225; x_wconf 84' lang='grc' dir='ltr'>θέντα</span> <span class='ocrx_word' id='word_1_528' title='bbox 1203 1198 1351 1230; x_wconf 80' lang='grc' dir='ltr'>πιστεύειν,</span> <span class='ocrx_word' id='word_1_529' title='bbox 1368 1199 1415 1226; x_wconf 76' lang='grc' dir='ltr'>καὶ</span> <span class='ocrx_word' id='word_1_530' title='bbox 1429 1199 1467 1235; x_wconf 87' lang='grc' dir='ltr'>μὴ</span> <span class='ocrx_word' id='word_1_531' title='bbox 1482 1199 1531 1235; x_wconf 86' lang='grc' dir='ltr'>τῆς</span> <span class='ocrx_word' id='word_1_532' title='bbox 1545 1199 1674 1235; x_wconf 79' lang='grc' dir='ltr'>ἀληθείας</span> <span class='ocrx_word' id='word_1_533' title='bbox 1688 1199 1834 1232; x_wconf 76' lang='grc' dir='ltr'>ἐκπίπτειν,</span> <span class='ocrx_word' id='word_1_534' title='bbox 1848 1200 1880 1230; x_wconf 82' lang='grc' dir='ltr'>εἰς</span> 
     </span>
    </p>
   </div>
   <div class='ocr_carea' id='block_1_71' title="bbox 1110 1245 1879 1281">
    <p class='ocr_par' dir='ltr' id='par_1_71' title="bbox 1110 1245 1879 1281">
     <span class='ocr_line' id='line_1_71' title="bbox 1110 1245 1879 1281; baseline 0 -10"><span class='ocrx_word' id='word_1_535' title='bbox 1110 1245 1325 1280; x_wconf 84' lang='grc' dir='ltr'>ἀτερματίστους</span> <span class='ocrx_word' id='word_1_536' title='bbox 1340 1245 1569 1280; x_wconf 81' lang='grc' dir='ltr'>ὺπερτιθεμένους</span> <span class='ocrx_word' id='word_1_537' title='bbox 1591 1246 1703 1281; x_wconf 85' lang='grc' dir='ltr'>χρόνους</span> <span class='ocrx_word' id='word_1_538' title='bbox 1723 1245 1775 1272; x_wconf 81' lang='grc' dir='ltr'><strong>τῶν</strong></span> <span class='ocrx_word' id='word_1_539' title='bbox 1790 1254 1879 1281; x_wconf 79' lang='grc' dir='ltr'>προφη-</span> 
     </span>
    </p>
   </div>
   <div class='ocr_carea' id='block_1_72' title="bbox 1109 1289 1880 1327">
    <p class='ocr_par' dir='ltr' id='par_1_72' title="bbox 1109 1289 1880 1327">
     <span class='ocr_line' id='line_1_72' title="bbox 1109 1289 1880 1327; baseline 0.001 -11"><span class='ocrx_word' id='word_1_540' title='bbox 1109 1289 1190 1317; x_wconf 81' lang='grc' dir='ltr'>τειῶν</span> <span class='ocrx_word' id='word_1_541' title='bbox 1207 1290 1241 1316; x_wconf 82' lang='grc' dir='ltr'>τὰ</span> <span class='ocrx_word' id='word_1_542' title='bbox 1260 1290 1476 1326; x_wconf 83' lang='grc' dir='ltr'>ἀποτελέσματα.</span> <span class='ocrx_word' id='word_1_543' title='bbox 1493 1291 1585 1325; x_wconf 81' lang='grc' dir='ltr'>Φαμὲν</span> <span class='ocrx_word' id='word_1_544' title='bbox 1608 1290 1662 1326; x_wconf 79' lang='grc' dir='ltr'>γὰρ</span> <span class='ocrx_word' id='word_1_545' title='bbox 1687 1291 1718 1327; x_wconf 77' lang='grc' dir='ltr'>δὴ</span> <span class='ocrx_word' id='word_1_546' title='bbox 1738 1291 1783 1317; x_wconf 75' lang='grc' dir='ltr'><strong>ἐπὶ</strong></span> <span class='ocrx_word' id='word_1_547' title='bbox 1800 1292 1830 1326; x_wconf 83' lang='grc' dir='ltr'>τῇ</span> <span class='ocrx_word' id='word_1_548' title='bbox 1842 1289 1880 1316; x_wconf 82' lang='grc' dir='ltr'><strong>τοῦ</strong></span> 
     </span>
    </p>
   </div>
   <div class='ocr_carea' id='block_1_73' title="bbox 1110 1335 1880 1373">
    <p class='ocr_par' dir='ltr' id='par_1_73' title="bbox 1110 1335 1880 1373">
     <span class='ocr_line' id='line_1_73' title="bbox 1110 1335 1880 1373; baseline 0.001 -11"><span class='ocrx_word' id='word_1_549' title='bbox 1110 1335 1236 1371; x_wconf 82' lang='grc' dir='ltr'><strong>Σωτῆρος</strong></span> <span class='ocrx_word' id='word_1_550' title='bbox 1248 1336 1327 1372; x_wconf 83' lang='grc' dir='ltr'>ἡμῶν</span> <span class='ocrx_word' id='word_1_551' title='bbox 1347 1335 1434 1372; x_wconf 82' lang='grc' dir='ltr'>Ἰησοῦ</span> <span class='ocrx_word' id='word_1_552' title='bbox 1452 1336 1569 1372; x_wconf 78' lang='grc' dir='ltr'>Χριστοῦ</span> <span class='ocrx_word' id='word_1_553' title='bbox 1588 1337 1727 1373; x_wconf 67' lang='grc' dir='ltr'>παρουσίᾳ.</span> <span class='ocrx_word' id='word_1_554' title='bbox 1742 1337 1787 1364; x_wconf 77' lang='grc' dir='ltr'><strong>καὶ</strong></span> <span class='ocrx_word' id='word_1_555' title='bbox 1802 1345 1880 1371; x_wconf 84' lang='grc' dir='ltr'>σωμα-</span> 
     </span>
    </p>
   </div>
   <div class='ocr_carea' id='block_1_74' title="bbox 1109 1381 1881 1418">
    <p class='ocr_par' dir='ltr' id='par_1_74' title="bbox 1109 1381 1881 1418">
     <span class='ocr_line' id='line_1_74' title="bbox 1109 1381 1881 1418; baseline 0 -10"><span class='ocrx_word' id='word_1_556' title='bbox 1109 1381 1192 1413; x_wconf 82' lang='grc' dir='ltr'>τικῶς</span> <span class='ocrx_word' id='word_1_557' title='bbox 1205 1383 1236 1409; x_wconf 78' lang='grc' dir='ltr'>ὲκ</span> <span class='ocrx_word' id='word_1_558' title='bbox 1255 1382 1323 1409; x_wconf 89' lang='grc' dir='ltr'>Σιὼν</span> <span class='ocrx_word' id='word_1_559' title='bbox 1338 1382 1538 1418; x_wconf 77' lang='grc' dir='ltr'>ἐξεληλυθέναι,</span> <span class='ocrx_word' id='word_1_560' title='bbox 1556 1382 1685 1410; x_wconf 81' lang='grc' dir='ltr'>κάκεῖθεν</span> <span class='ocrx_word' id='word_1_561' title='bbox 1704 1384 1785 1410; x_wconf 83' lang='grc' dir='ltr'>πᾶσιν</span> <span class='ocrx_word' id='word_1_562' title='bbox 1797 1383 1881 1409; x_wconf 79' lang='grc' dir='ltr'>ἀνακε-</span> 
     </span>
    </p>
   </div>
   <div class='ocr_carea' id='block_1_75' title="bbox 1109 1428 1881 1465">
    <p class='ocr_par' dir='ltr' id='par_1_75' title="bbox 1109 1428 1881 1465">
     <span class='ocr_line' id='line_1_75' title="bbox 1109 1428 1881 1465; baseline 0.001 -10"><span class='ocrx_word' id='word_1_563' title='bbox 1109 1428 1243 1464; x_wconf 82' lang='grc' dir='ltr'>κηρὺχθαι</span> <span class='ocrx_word' id='word_1_564' title='bbox 1258 1430 1314 1461; x_wconf 88' lang='grc' dir='ltr'>τοῖς</span> <span class='ocrx_word' id='word_1_565' title='bbox 1331 1429 1429 1462; x_wconf 76' lang='grc' dir='ltr'>ἔθνεσι,</span> <span class='ocrx_word' id='word_1_566' title='bbox 1444 1430 1491 1456; x_wconf 82' lang='grc' dir='ltr'><strong>τὸν</strong></span> <span class='ocrx_word' id='word_1_567' title='bbox 1505 1430 1586 1465; x_wconf 87' lang='grc' dir='ltr'>νόμον</span> <span class='ocrx_word' id='word_1_568' title='bbox 1601 1429 1652 1465; x_wconf 85' lang='grc' dir='ltr'>τῆς</span> <span class='ocrx_word' id='word_1_569' title='bbox 1676 1430 1780 1465; x_wconf 83' lang='grc' dir='ltr'>Καινῆς</span> <span class='ocrx_word' id='word_1_570' title='bbox 1798 1428 1881 1464; x_wconf 73' lang='grc' dir='ltr'>Διαθῆ-</span> 
     </span>
    </p>
   </div>
   <div class='ocr_carea' id='block_1_76' title="bbox 1109 1475 1883 1510">
    <p class='ocr_par' dir='ltr' id='par_1_76' title="bbox 1109 1475 1883 1510">
     <span class='ocr_line' id='line_1_76' title="bbox 1109 1475 1883 1510; baseline 0.001 -9"><span class='ocrx_word' id='word_1_571' title='bbox 1109 1483 1168 1509; x_wconf 88' lang='grc' dir='ltr'>κης,</span> <span class='ocrx_word' id='word_1_572' title='bbox 1181 1475 1227 1501; x_wconf 78' lang='grc' dir='ltr'>τὸν</span> <span class='ocrx_word' id='word_1_573' title='bbox 1243 1475 1314 1502; x_wconf 83' lang='grc' dir='ltr'>κατὰ</span> <span class='ocrx_word' id='word_1_574' title='bbox 1324 1475 1354 1502; x_wconf 81' lang='grc' dir='ltr'><strong>τὸ</strong></span> <span class='ocrx_word' id='word_1_575' title='bbox 1370 1475 1546 1510; x_wconf 82' lang='grc' dir='ltr'>Εὐαγγέλιον,</span> <span class='ocrx_word' id='word_1_576' title='bbox 1563 1476 1606 1502; x_wconf 82' lang='grc' dir='ltr'>ὅτε</span> <span class='ocrx_word' id='word_1_577' title='bbox 1620 1476 1667 1502; x_wconf 82' lang='grc' dir='ltr'><strong>καὶ</strong></span> <span class='ocrx_word' id='word_1_578' title='bbox 1682 1476 1764 1508; x_wconf 72' lang='grc' dir='ltr'>αὐτὸς</span> <span class='ocrx_word' id='word_1_579' title='bbox 1779 1477 1792 1502; x_wconf 85' lang='grc' dir='ltr'>ὁ</span> <span class='ocrx_word' id='word_1_580' title='bbox 1810 1475 1883 1510; x_wconf 78' lang='grc' dir='ltr'>σωτή-</span> 
     </span>
    </p>
   </div>
   <div class='ocr_carea' id='block_1_77' title="bbox 1111 1521 1882 1558">
    <p class='ocr_par' dir='ltr' id='par_1_77' title="bbox 1111 1521 1882 1558">
     <span class='ocr_line' id='line_1_77' title="bbox 1111 1521 1882 1558; baseline 0.001 -11"><span class='ocrx_word' id='word_1_581' title='bbox 1111 1529 1166 1557; x_wconf 89' lang='grc' dir='ltr'>ριος</span> <span class='ocrx_word' id='word_1_582' title='bbox 1190 1521 1284 1555; x_wconf 82' lang='grc' dir='ltr'><strong>Λόγος,</strong></span> <span class='ocrx_word' id='word_1_583' title='bbox 1301 1522 1386 1556; x_wconf 86' lang='grc' dir='ltr'>Λόγος</span> <span class='ocrx_word' id='word_1_584' title='bbox 1402 1522 1449 1549; x_wconf 86' lang='grc' dir='ltr'>τοῦ</span> <span class='ocrx_word' id='word_1_585' title='bbox 1475 1522 1576 1558; x_wconf 85' lang='grc' dir='ltr'>Κυρίου</span> <span class='ocrx_word' id='word_1_586' title='bbox 1596 1522 1785 1558; x_wconf 80' lang='grc' dir='ltr'>χρηματίζων,</span> <span class='ocrx_word' id='word_1_587' title='bbox 1799 1522 1829 1548; x_wconf 81' lang='grc' dir='ltr'>ὲκ</span> <span class='ocrx_word' id='word_1_588' title='bbox 1842 1521 1882 1556; x_wconf 79' lang='grc' dir='ltr'><strong>τῆς</strong></span> 
     </span>
    </p>
   </div>
   <div class='ocr_carea' id='block_1_78' title="bbox 1115 1567 1882 1604">
    <p class='ocr_par' dir='ltr' id='par_1_78' title="bbox 1115 1567 1882 1604">
     <span class='ocr_line' id='line_1_78' title="bbox 1115 1567 1882 1604; baseline 0 -11"><span class='ocrx_word' id='word_1_589' title='bbox 1115 1567 1292 1603; x_wconf 84' lang='grc' dir='ltr'>Ἰερουσαλὴμ</span> <span class='ocrx_word' id='word_1_590' title='bbox 1306 1567 1464 1604; x_wconf 85' lang='grc' dir='ltr'>προελθὼν,</span> <span class='ocrx_word' id='word_1_591' title='bbox 1493 1568 1558 1595; x_wconf 76' lang='grc' dir='ltr'>ἔνθα</span> <span class='ocrx_word' id='word_1_592' title='bbox 1582 1568 1732 1604; x_wconf 74' lang='grc' dir='ltr'>διατρίϐων</span> <span class='ocrx_word' id='word_1_593' title='bbox 1763 1567 1882 1598; x_wconf 80' lang='grc' dir='ltr'>ἐδίδασκε,</span> 
     </span>
    </p>
   </div>
   <div class='ocr_carea' id='block_1_79' title="bbox 1107 1613 1880 1650">
    <p class='ocr_par' dir='ltr' id='par_1_79' title="bbox 1107 1613 1880 1650">
     <span class='ocr_line' id='line_1_79' title="bbox 1107 1613 1880 1650; baseline -0.004 -9"><span class='ocrx_word' id='word_1_594' title='bbox 1107 1613 1179 1641; x_wconf 81' lang='grc' dir='ltr'>κατὰ</span> <span class='ocrx_word' id='word_1_595' title='bbox 1188 1614 1228 1647; x_wconf 78' lang='grc' dir='ltr'>τὸ,</span> <span class='ocrx_word' id='word_1_596' title='bbox 1240 1624 1250 1639; x_wconf 79' lang='grc' dir='ltr'><strong>ι</strong></span> <span class='ocrx_word' id='word_1_597' title='bbox 1265 1614 1330 1642; x_wconf 80' lang='grc' dir='ltr'>Ἰδοὺ</span> <span class='ocrx_word' id='word_1_598' title='bbox 1354 1615 1461 1650; x_wconf 84' lang='grc' dir='ltr'>ἀφίεται</span> <span class='ocrx_word' id='word_1_599' title='bbox 1478 1615 1563 1650; x_wconf 82' lang='grc' dir='ltr'>ὐμίνό</span> <span class='ocrx_word' id='word_1_600' title='bbox 1579 1613 1653 1646; x_wconf 77' lang='grc' dir='ltr'>οἰκος</span> <span class='ocrx_word' id='word_1_601' title='bbox 1667 1614 1745 1650; x_wconf 86' lang='grc' dir='ltr'>ὑμῶν</span> <span class='ocrx_word' id='word_1_602' title='bbox 1758 1613 1852 1649; x_wconf 82' lang='grc' dir='ltr'>ἕρημος</span> <span class='ocrx_word' id='word_1_603' title='bbox 1861 1621 1880 1638; x_wconf 81' lang='lat' dir='ltr'><strong>&#39;I</strong></span> 
     </span>
    </p>
   </div>
   <div class='ocr_carea' id='block_1_80' title="bbox 1112 1658 1884 1697">
    <p class='ocr_par' dir='ltr' id='par_1_80' title="bbox 1112 1658 1884 1697">
     <span class='ocr_line' id='line_1_80' title="bbox 1112 1658 1884 1697; baseline -0.003 -11"><span class='ocrx_word' id='word_1_604' title='bbox 1112 1669 1122 1685; x_wconf 78' lang='grc' dir='ltr'><strong>ι</strong></span> <span class='ocrx_word' id='word_1_605' title='bbox 1133 1660 1196 1687; x_wconf 81' lang='grc' dir='ltr'><strong>Ἐπὶ</strong></span> <span class='ocrx_word' id='word_1_606' title='bbox 1209 1661 1299 1687; x_wconf 88' lang='grc' dir='ltr'>πάντα</span> <span class='ocrx_word' id='word_1_607' title='bbox 1312 1661 1346 1687; x_wconf 83' lang='grc' dir='ltr'>τὰ</span> <span class='ocrx_word' id='word_1_608' title='bbox 1359 1661 1422 1697; x_wconf 71' lang='grc' dir='ltr'>ἔθνη</span> <span class='ocrx_word' id='word_1_609' title='bbox 1435 1661 1525 1696; x_wconf 71' lang='grc' dir='ltr'>ἐξέχεε</span> <span class='ocrx_word' id='word_1_610' title='bbox 1534 1661 1584 1696; x_wconf 82' lang='grc' dir='ltr'><strong>τὴν</strong></span> <span class='ocrx_word' id='word_1_611' title='bbox 1592 1661 1691 1688; x_wconf 81' lang='grc' dir='ltr'>ἑαυτοῦ</span> <span class='ocrx_word' id='word_1_612' title='bbox 1707 1661 1799 1696; x_wconf 82' lang='grc' dir='ltr'>χάριν·</span> <span class='ocrx_word' id='word_1_613' title='bbox 1807 1670 1815 1686; x_wconf 75' lang='grc' dir='ltr'><strong>ι</strong></span> <span class='ocrx_word' id='word_1_614' title='bbox 1824 1658 1884 1686; x_wconf 68' lang='lat' dir='ltr'><strong>hat</strong></span> 
     </span>
    </p>
   </div>
   <div class='ocr_carea' id='block_1_81' title="bbox 1107 1705 1884 1743">
    <p class='ocr_par' dir='ltr' id='par_1_81' title="bbox 1107 1705 1884 1743">
     <span class='ocr_line' id='line_1_81' title="bbox 1107 1705 1884 1743; baseline -0.003 -9"><span class='ocrx_word' id='word_1_615' title='bbox 1107 1707 1255 1743; x_wconf 76' lang='grc' dir='ltr'>κρινόμενα</span> <span class='ocrx_word' id='word_1_616' title='bbox 1272 1707 1340 1743; x_wconf 81' lang='grc' dir='ltr'>πρὸς</span> <span class='ocrx_word' id='word_1_617' title='bbox 1358 1707 1440 1734; x_wconf 84' lang='grc' dir='ltr'>αὑτοῦ</span> <span class='ocrx_word' id='word_1_618' title='bbox 1460 1707 1507 1734; x_wconf 74' lang='grc' dir='ltr'>καὶ</span> <span class='ocrx_word' id='word_1_619' title='bbox 1533 1707 1702 1742; x_wconf 77' lang='grc' dir='ltr'>ἐλεγχόμενα</span> <span class='ocrx_word' id='word_1_620' title='bbox 1724 1707 1769 1733; x_wconf 79' lang='grc' dir='ltr'>ὲπί</span> <span class='ocrx_word' id='word_1_621' title='bbox 1794 1714 1821 1732; x_wconf 88' lang='grc' dir='ltr'><strong>τε</strong></span> <span class='ocrx_word' id='word_1_622' title='bbox 1833 1705 1884 1735; x_wconf 81' lang='grc' dir='ltr'>ταῖς</span> 
     </span>
    </p>
   </div>
   <div class='ocr_carea' id='block_1_82' title="bbox 1107 1750 1886 1789">
    <p class='ocr_par' dir='ltr' id='par_1_82' title="bbox 1107 1750 1886 1789">
     <span class='ocr_line' id='line_1_82' title="bbox 1107 1750 1886 1789; baseline -0.001 -10"><span class='ocrx_word' id='word_1_623' title='bbox 1107 1753 1254 1789; x_wconf 81' lang='grc' dir='ltr'>προτέραις</span> <span class='ocrx_word' id='word_1_624' title='bbox 1283 1753 1386 1780; x_wconf 79' lang='grc' dir='ltr'>ἑαυτῶν</span> <span class='ocrx_word' id='word_1_625' title='bbox 1403 1753 1566 1789; x_wconf 82' lang='grc' dir='ltr'>ἁμαρτίαις,</span> <span class='ocrx_word' id='word_1_626' title='bbox 1593 1754 1633 1785; x_wconf 86' lang='grc' dir='ltr'>εἰς</span> <span class='ocrx_word' id='word_1_627' title='bbox 1655 1752 1829 1788; x_wconf 85' lang='grc' dir='ltr'>συναίσθησιν</span> <span class='ocrx_word' id='word_1_628' title='bbox 1847 1750 1886 1778; x_wconf 76' lang='grc' dir='ltr'>καὶ</span> 
     </span>
    </p>
   </div>
   <div class='ocr_carea' id='block_1_83' title="bbox 1109 1798 1885 1835">
    <p class='ocr_par' dir='ltr' id='par_1_83' title="bbox 1109 1798 1885 1835">
     <span class='ocr_line' id='line_1_83' title="bbox 1109 1798 1885 1835; baseline -0.003 -10"><span class='ocrx_word' id='word_1_629' title='bbox 1109 1799 1251 1833; x_wconf 86' lang='grc' dir='ltr'>μετάνοιαν</span> <span class='ocrx_word' id='word_1_630' title='bbox 1279 1799 1431 1835; x_wconf 79' lang='grc' dir='ltr'>ἐρχόμενα,</span> <span class='ocrx_word' id='word_1_631' title='bbox 1455 1799 1592 1826; x_wconf 78' lang='grc' dir='ltr'>πέπαυται</span> <span class='ocrx_word' id='word_1_632' title='bbox 1619 1799 1671 1835; x_wconf 80' lang='grc' dir='ltr'>μὲν</span> <span class='ocrx_word' id='word_1_633' title='bbox 1701 1799 1748 1826; x_wconf 79' lang='grc' dir='ltr'>τοῦ</span> <span class='ocrx_word' id='word_1_634' title='bbox 1771 1798 1885 1832; x_wconf 76' lang='grc' dir='ltr'>πολέμοις</span> 
     </span>
    </p>
   </div>
   <div class='ocr_carea' id='block_1_84' title="bbox 1106 1843 1885 1882">
    <p class='ocr_par' dir='ltr' id='par_1_84' title="bbox 1106 1843 1885 1882">
     <span class='ocr_line' id='line_1_84' title="bbox 1106 1843 1885 1882; baseline -0.001 -11"><span class='ocrx_word' id='word_1_635' title='bbox 1106 1846 1162 1878; x_wconf 89' lang='grc' dir='ltr'>τοῖς</span> <span class='ocrx_word' id='word_1_636' title='bbox 1178 1845 1250 1871; x_wconf 86' lang='grc' dir='ltr'><strong>κατά</strong></span> <span class='ocrx_word' id='word_1_637' title='bbox 1262 1845 1297 1872; x_wconf 71' lang='grc' dir='ltr'>τὰ</span> <span class='ocrx_word' id='word_1_638' title='bbox 1317 1845 1390 1881; x_wconf 86' lang='grc' dir='ltr'>πάθη</span> <span class='ocrx_word' id='word_1_639' title='bbox 1413 1845 1572 1881; x_wconf 81' lang='grc' dir='ltr'>σχολάζειν,</span> <span class='ocrx_word' id='word_1_640' title='bbox 1592 1846 1622 1872; x_wconf 81' lang='grc' dir='ltr'>ἐν</span> <span class='ocrx_word' id='word_1_641' title='bbox 1640 1846 1740 1882; x_wconf 81' lang='grc' dir='ltr'>εἰρήνῃ</span> <span class='ocrx_word' id='word_1_642' title='bbox 1762 1845 1789 1871; x_wconf 82' lang='grc' dir='ltr'>δὲ</span> <span class='ocrx_word' id='word_1_643' title='bbox 1811 1843 1885 1879; x_wconf 71' lang='grc' dir='ltr'>ψυχῆς</span> 
     </span>
    </p>
   </div>
   <div class='ocr_carea' id='block_1_85' title="bbox 1105 1890 1884 1927">
    <p class='ocr_par' dir='ltr' id='par_1_85' title="bbox 1105 1890 1884 1927">
     <span class='ocr_line' id='line_1_85' title="bbox 1105 1890 1884 1927; baseline -0.003 -10"><span class='ocrx_word' id='word_1_644' title='bbox 1105 1890 1191 1925; x_wconf 83' lang='grc' dir='ltr'>διάγει</span> <span class='ocrx_word' id='word_1_645' title='bbox 1207 1890 1352 1927; x_wconf 85' lang='grc' dir='ltr'>βαθυτάτῃ,</span> <span class='ocrx_word' id='word_1_646' title='bbox 1370 1891 1420 1926; x_wconf 86' lang='grc' dir='ltr'>τῆς</span> <span class='ocrx_word' id='word_1_647' title='bbox 1441 1891 1514 1926; x_wconf 81' lang='grc' dir='ltr'>σφῶν</span> <span class='ocrx_word' id='word_1_648' title='bbox 1537 1891 1628 1918; x_wconf 82' lang='grc' dir='ltr'>αὐτῶν</span> <span class='ocrx_word' id='word_1_649' title='bbox 1656 1891 1779 1923; x_wconf 83' lang='grc' dir='ltr'>διανοίας</span> <span class='ocrx_word' id='word_1_650' title='bbox 1801 1891 1884 1924; x_wconf 75' lang='grc' dir='ltr'>ἐπιμε-</span> 
     </span>
    </p>
   </div>
   <div class='ocr_carea' id='block_1_86' title="bbox 1105 1934 1886 1972">
    <p class='ocr_par' dir='ltr' id='par_1_86' title="bbox 1105 1934 1886 1972">
     <span class='ocr_line' id='line_1_86' title="bbox 1105 1934 1886 1972; baseline 0 -11"><span class='ocrx_word' id='word_1_651' title='bbox 1105 1935 1225 1971; x_wconf 86' lang='grc' dir='ltr'>λούμενα</span> <span class='ocrx_word' id='word_1_652' title='bbox 1256 1936 1393 1971; x_wconf 85' lang='grc' dir='ltr'>γεωργίας</span> <span class='ocrx_word' id='word_1_653' title='bbox 1415 1944 1445 1962; x_wconf 90' lang='grc' dir='ltr'><strong>τε</strong></span> <span class='ocrx_word' id='word_1_654' title='bbox 1478 1937 1526 1963; x_wconf 74' lang='grc' dir='ltr'>καὶ</span> <span class='ocrx_word' id='word_1_655' title='bbox 1558 1937 1763 1972; x_wconf 72' lang='grc' dir='ltr'>καρποφορίας.</span> <span class='ocrx_word' id='word_1_656' title='bbox 1785 1937 1843 1963; x_wconf 77' lang='grc' dir='ltr'>Εἴτε</span> <span class='ocrx_word' id='word_1_657' title='bbox 1863 1934 1886 1961; x_wconf 69' lang='grc' dir='ltr'>δὲ</span> 
     </span>
    </p>
   </div>
   <div class='ocr_carea' id='block_1_87' title="bbox 1107 1980 1885 2018">
    <p class='ocr_par' dir='ltr' id='par_1_87' title="bbox 1107 1980 1885 2018">
     <span class='ocr_line' id='line_1_87' title="bbox 1107 1980 1885 2018; baseline 0.003 -10"><span class='ocrx_word' id='word_1_658' title='bbox 1107 1981 1177 2008; x_wconf 85' lang='grc' dir='ltr'>κατὰ</span> <span class='ocrx_word' id='word_1_659' title='bbox 1191 1981 1240 2017; x_wconf 81' lang='grc' dir='ltr'>τὴν</span> <span class='ocrx_word' id='word_1_660' title='bbox 1249 1981 1321 2014; x_wconf 80' lang='grc' dir='ltr'>λέξιν</span> <span class='ocrx_word' id='word_1_661' title='bbox 1336 1981 1457 2016; x_wconf 87' lang='grc' dir='ltr'>βούλοιτό</span> <span class='ocrx_word' id='word_1_662' title='bbox 1467 1990 1509 2014; x_wconf 87' lang='grc' dir='ltr'><strong>τις</strong></span> <span class='ocrx_word' id='word_1_663' title='bbox 1519 1981 1594 2008; x_wconf 77' lang='grc' dir='ltr'>ταῦτ’</span> <span class='ocrx_word' id='word_1_664' title='bbox 1608 1982 1804 2018; x_wconf 80' lang='grc' dir='ltr'>ἐκλαμϐάνειν,</span> <span class='ocrx_word' id='word_1_665' title='bbox 1819 1980 1885 2014; x_wconf 77' lang='grc' dir='ltr'>ὑγιὴς</span> 
     </span>
    </p>
   </div>
   <div class='ocr_carea' id='block_1_88' title="bbox 1105 2027 1884 2063">
    <p class='ocr_par' dir='ltr' id='par_1_88' title="bbox 1105 2027 1884 2063">
     <span class='ocr_line' id='line_1_88' title="bbox 1105 2027 1884 2063; baseline -0.003 -9"><span class='ocrx_word' id='word_1_666' title='bbox 1105 2028 1120 2054; x_wconf 82' lang='grc' dir='ltr'><strong><em>ὁ</em></strong></span> <span class='ocrx_word' id='word_1_667' title='bbox 1135 2028 1197 2059; x_wconf 82' lang='grc' dir='ltr'>νοῦς</span> <span class='ocrx_word' id='word_1_668' title='bbox 1209 2027 1379 2054; x_wconf 82' lang='grc' dir='ltr'>ἀποδίδοται·</span> <span class='ocrx_word' id='word_1_669' title='bbox 1398 2027 1453 2054; x_wconf 78' lang='grc' dir='ltr'>εἴτε</span> <span class='ocrx_word' id='word_1_670' title='bbox 1473 2028 1544 2055; x_wconf 82' lang='grc' dir='ltr'>κατὰ</span> <span class='ocrx_word' id='word_1_671' title='bbox 1558 2027 1694 2060; x_wconf 84' lang='grc' dir='ltr'>διάνοιαν,</span> <span class='ocrx_word' id='word_1_672' title='bbox 1712 2027 1802 2063; x_wconf 87' lang='grc' dir='ltr'>πολλῷ</span> <span class='ocrx_word' id='word_1_673' title='bbox 1816 2028 1884 2063; x_wconf 76' lang='grc' dir='ltr'>ῥᾷον·</span> 
     </span>
    </p>
   </div>
   <div class='ocr_carea' id='block_1_89' title="bbox 1106 2067 1885 2109">
    <p class='ocr_par' dir='ltr' id='par_1_89' title="bbox 1106 2067 1885 2109">
     <span class='ocr_line' id='line_1_89' title="bbox 1106 2067 1885 2109; baseline -0.004 -9"><span class='ocrx_word' id='word_1_674' title='bbox 1106 2073 1168 2100; x_wconf 76' lang='grc' dir='ltr'>ἐπεὶ</span> <span class='ocrx_word' id='word_1_675' title='bbox 1190 2074 1238 2100; x_wconf 76' lang='grc' dir='ltr'>καὶ</span> <span class='ocrx_word' id='word_1_676' title='bbox 1258 2067 1470 2109; x_wconf 83' lang='grc' dir='ltr'>προηγουμένως</span> <span class='ocrx_word' id='word_1_677' title='bbox 1498 2074 1545 2100; x_wconf 74' lang='grc' dir='ltr'>καὶ</span> <span class='ocrx_word' id='word_1_678' title='bbox 1574 2074 1676 2109; x_wconf 80' lang='grc' dir='ltr'>μᾶλλον</span> <span class='ocrx_word' id='word_1_679' title='bbox 1705 2074 1777 2100; x_wconf 83' lang='grc' dir='ltr'><strong>κατά</strong></span> <span class='ocrx_word' id='word_1_680' title='bbox 1798 2072 1885 2106; x_wconf 76' lang='grc' dir='ltr'>ταύτην</span> 
     </span>
    </p>
   </div>
   <div class='ocr_carea' id='block_1_90' title="bbox 1106 2116 1885 2156">
    <p class='ocr_par' dir='ltr' id='par_1_90' title="bbox 1106 2116 1885 2156">
     <span class='ocr_line' id='line_1_90' title="bbox 1106 2116 1885 2156; baseline 0 -11"><span class='ocrx_word' id='word_1_681' title='bbox 1106 2119 1250 2146; x_wconf 85' lang='grc' dir='ltr'>πεπεῖσθαι</span> <span class='ocrx_word' id='word_1_682' title='bbox 1267 2120 1320 2156; x_wconf 87' lang='grc' dir='ltr'><strong>χρὴ</strong></span> <span class='ocrx_word' id='word_1_683' title='bbox 1342 2119 1376 2147; x_wconf 82' lang='grc' dir='ltr'><strong>τά</strong></span> <span class='ocrx_word' id='word_1_684' title='bbox 1397 2119 1467 2146; x_wconf 86' lang='grc' dir='ltr'>κατὰ</span> <span class='ocrx_word' id='word_1_685' title='bbox 1487 2120 1551 2152; x_wconf 82' lang='grc' dir='ltr'>τοὺς</span> <span class='ocrx_word' id='word_1_686' title='bbox 1574 2120 1677 2152; x_wconf 85' lang='grc' dir='ltr'>τόπους</span> <span class='ocrx_word' id='word_1_687' title='bbox 1695 2120 1751 2147; x_wconf 82' lang='grc' dir='ltr'><strong>ἀπὸ</strong></span> <span class='ocrx_word' id='word_1_688' title='bbox 1766 2119 1820 2146; x_wconf 82' lang='grc' dir='ltr'>τῶν</span> <span class='ocrx_word' id='word_1_689' title='bbox 1833 2116 1885 2151; x_wconf 85' lang='lat' dir='ltr'><strong>(sic)</strong></span> 
     </span>
    </p>
   </div>
   <div class='ocr_carea' id='block_1_91' title="bbox 1105 2163 1886 2203">
    <p class='ocr_par' dir='ltr' id='par_1_91' title="bbox 1105 2163 1886 2203">
     <span class='ocr_line' id='line_1_91' title="bbox 1105 2163 1886 2203; baseline -0.001 -11"><span class='ocrx_word' id='word_1_690' title='bbox 1105 2165 1340 2202; x_wconf 74' lang='grc' dir='ltr'>ἀποπληροῦσθαι</span> <span class='ocrx_word' id='word_1_691' title='bbox 1363 2166 1434 2202; x_wconf 85' lang='grc' dir='ltr'>πλὴν</span> <span class='ocrx_word' id='word_1_692' title='bbox 1454 2166 1508 2193; x_wconf 85' lang='grc' dir='ltr'><strong>ἀπὸ</strong></span> <span class='ocrx_word' id='word_1_693' title='bbox 1525 2166 1580 2193; x_wconf 85' lang='grc' dir='ltr'><strong>τῶν</strong></span> <span class='ocrx_word' id='word_1_694' title='bbox 1593 2166 1753 2203; x_wconf 83' lang='grc' dir='ltr'>εἰρημένων</span> <span class='ocrx_word' id='word_1_695' title='bbox 1772 2163 1886 2192; x_wconf 76' lang='grc' dir='ltr'>δύνανταί</span> 
     </span>
    </p>
   </div>
   <div class='ocr_carea' id='block_1_92' title="bbox 1106 2210 1888 2249">
    <p class='ocr_par' dir='ltr' id='par_1_92' title="bbox 1106 2210 1888 2249">
     <span class='ocr_line' id='line_1_92' title="bbox 1106 2210 1888 2249; baseline 0 -11"><span class='ocrx_word' id='word_1_696' title='bbox 1106 2221 1165 2244; x_wconf 88' lang='grc' dir='ltr'><strong>πως</strong></span> <span class='ocrx_word' id='word_1_697' title='bbox 1177 2211 1245 2239; x_wconf 75' lang='grc' dir='ltr'>εἶναι</span> <span class='ocrx_word' id='word_1_698' title='bbox 1260 2213 1332 2248; x_wconf 84' lang='grc' dir='ltr'>σαφῆ</span> <span class='ocrx_word' id='word_1_699' title='bbox 1345 2213 1392 2240; x_wconf 69' lang='grc' dir='ltr'><strong>καὶ</strong></span> <span class='ocrx_word' id='word_1_700' title='bbox 1408 2212 1442 2239; x_wconf 86' lang='grc' dir='ltr'><strong>τά</strong></span> <span class='ocrx_word' id='word_1_701' title='bbox 1458 2213 1529 2240; x_wconf 81' lang='grc' dir='ltr'>κατὰ</span> <span class='ocrx_word' id='word_1_702' title='bbox 1541 2213 1590 2249; x_wconf 85' lang='grc' dir='ltr'>τὴν</span> <span class='ocrx_word' id='word_1_703' title='bbox 1603 2214 1697 2249; x_wconf 82' lang='grc' dir='ltr'>ἀρχὴν</span> <span class='ocrx_word' id='word_1_704' title='bbox 1713 2213 1765 2249; x_wconf 82' lang='grc' dir='ltr'>τῆς</span> <span class='ocrx_word' id='word_1_705' title='bbox 1779 2215 1808 2240; x_wconf 78' lang='grc' dir='ltr'>ὲν</span> <span class='ocrx_word' id='word_1_706' title='bbox 1820 2210 1888 2248; x_wconf 68' lang='grc' dir='ltr'>χερσὶ</span> 
     </span>
    </p>
   </div>
   <div class='ocr_carea' id='block_1_93' title="bbox 1106 2257 1888 2296">
    <p class='ocr_par' dir='ltr' id='par_1_93' title="bbox 1106 2257 1888 2296">
     <span class='ocr_line' id='line_1_93' title="bbox 1106 2257 1888 2296; baseline 0.001 -12"><span class='ocrx_word' id='word_1_707' title='bbox 1106 2259 1272 2294; x_wconf 80' lang='grc' dir='ltr'>περικοπῆς·</span> <span class='ocrx_word' id='word_1_708' title='bbox 1283 2259 1343 2285; x_wconf 60' lang='lat' dir='ltr'><strong>«sv»</strong></span> <span class='ocrx_word' id='word_1_709' title='bbox 1353 2259 1407 2295; x_wconf 79' lang='grc' dir='ltr'>γὰρ</span> <span class='ocrx_word' id='word_1_710' title='bbox 1420 2269 1429 2285; x_wconf 82' lang='grc' dir='ltr'><strong>ι</strong></span> <span class='ocrx_word' id='word_1_711' title='bbox 1442 2260 1503 2291; x_wconf 87' lang='grc' dir='ltr'>ταῖς</span> <span class='ocrx_word' id='word_1_712' title='bbox 1516 2260 1645 2295; x_wconf 72' lang='grc' dir='ltr'>ἐσχάταις</span> <span class='ocrx_word' id='word_1_713' title='bbox 1659 2260 1807 2296; x_wconf 80' lang='grc' dir='ltr'>ήμέραις,»</span> <span class='ocrx_word' id='word_1_714' title='bbox 1820 2257 1888 2292; x_wconf 78' lang='grc' dir='ltr'>δῆλον</span> 
     </span>
    </p>
   </div>
   <div class='ocr_carea' id='block_1_94' title="bbox 270 2300 1058 2341">
    <p class='ocr_par' dir='ltr' id='par_1_94' title="bbox 270 2300 1052 2336">
     <span class='ocr_line' id='line_1_94' title="bbox 270 2300 1052 2336; baseline 0 -7"><span class='ocrx_word' id='word_1_715' title='bbox 270 2301 426 2336; x_wconf 70' lang='lat' dir='ltr'><strong>praedicata.</strong></span> <span class='ocrx_word' id='word_1_716' title='bbox 443 2300 475 2327; x_wconf 89' lang='lat' dir='ltr'><strong>Et</strong></span> <span class='ocrx_word' id='word_1_717' title='bbox 496 2301 554 2328; x_wconf 75' lang='lat' dir='ltr'><strong>haec</strong></span> <span class='ocrx_word' id='word_1_718' title='bbox 577 2301 686 2336; x_wconf 88' lang='lat' dir='ltr'><strong>quidem</strong></span> <span class='ocrx_word' id='word_1_719' title='bbox 714 2301 859 2330; x_wconf 82' lang='lat' dir='ltr'><strong>manifesta</strong></span> <span class='ocrx_word' id='word_1_720' title='bbox 884 2302 955 2330; x_wconf 89' lang='lat' dir='ltr'><strong>facta</strong></span> <span class='ocrx_word' id='word_1_721' title='bbox 977 2306 1052 2336; x_wconf 88' lang='lat' dir='ltr'><strong>sunt,</strong></span> 
     </span>
    </p>
   </div>
   <div class='ocr_carea' id='block_1_95' title="bbox 1106 2300 1887 2341">
    <p class='ocr_par' dir='ltr' id='par_1_95' title="bbox 1106 2301 1887 2341">
     <span class='ocr_line' id='line_1_95' title="bbox 1106 2301 1887 2341; baseline -0.001 -11"><span class='ocrx_word' id='word_1_722' title='bbox 1106 2304 1126 2330; x_wconf 78' lang='grc' dir='ltr'>δ’</span> <span class='ocrx_word' id='word_1_723' title='bbox 1143 2304 1184 2330; x_wconf 82' lang='grc' dir='ltr'><strong>ὅτι</strong></span> <span class='ocrx_word' id='word_1_724' title='bbox 1197 2303 1244 2331; x_wconf 86' lang='grc' dir='ltr'>νῦν</span> <span class='ocrx_word' id='word_1_725' title='bbox 1261 2305 1306 2330; x_wconf 69' lang='grc' dir='ltr'><strong>ἐπὶ</strong></span> <span class='ocrx_word' id='word_1_726' title='bbox 1321 2304 1460 2340; x_wconf 78' lang='grc' dir='ltr'>συντελείᾳ</span> <span class='ocrx_word' id='word_1_727' title='bbox 1470 2305 1524 2331; x_wconf 85' lang='grc' dir='ltr'>τῶν</span> <span class='ocrx_word' id='word_1_728' title='bbox 1541 2304 1660 2337; x_wconf 85' lang='grc' dir='ltr'>αἰώνων,</span> <span class='ocrx_word' id='word_1_729' title='bbox 1681 2304 1805 2341; x_wconf 72' lang='grc' dir='ltr'>ἐμφανὲς</span> <span class='ocrx_word' id='word_1_730' title='bbox 1819 2301 1887 2338; x_wconf 78' lang='grc' dir='ltr'>γεγὲ-</span> 
     </span>
    </p>
   </div>
   <div class='ocr_carea' id='block_1_96' title="bbox 268 2347 1053 2384">
    <p class='ocr_par' dir='ltr' id='par_1_96' title="bbox 268 2347 1053 2384">
     <span class='ocr_line' id='line_1_96' title="bbox 268 2347 1053 2384; baseline 0.003 -10"><span class='ocrx_word' id='word_1_731' title='bbox 268 2352 331 2382; x_wconf 89' lang='lat' dir='ltr'><strong>post</strong></span> <span class='ocrx_word' id='word_1_732' title='bbox 351 2347 508 2375; x_wconf 87' lang='lat' dir='ltr'><strong>circumcisi</strong></span> <span class='ocrx_word' id='word_1_733' title='bbox 530 2347 622 2382; x_wconf 90' lang='lat' dir='ltr'><strong>populi</strong></span> <span class='ocrx_word' id='word_1_734' title='bbox 648 2348 880 2383; x_wconf 80' lang='lat' dir='ltr'><strong>reprobationem,</strong></span> <span class='ocrx_word' id='word_1_735' title='bbox 897 2354 959 2384; x_wconf 87' lang='lat' dir='ltr'><strong>post</strong></span> <span class='ocrx_word' id='word_1_736' title='bbox 977 2349 1053 2376; x_wconf 79' lang='lat' dir='ltr'><strong>abla-</strong></span> 
     </span>
    </p>
   </div>
   <div class='ocr_carea' id='block_1_97' title="bbox 269 2394 1052 2430">
    <p class='ocr_par' dir='ltr' id='par_1_97' title="bbox 269 2394 1052 2430">
     <span class='ocr_line' id='line_1_97' title="bbox 269 2394 1052 2430; baseline 0.003 -10"><span class='ocrx_word' id='word_1_737' title='bbox 269 2399 326 2421; x_wconf 75' lang='lat' dir='ltr'><strong>tum</strong></span> <span class='ocrx_word' id='word_1_738' title='bbox 356 2394 390 2421; x_wconf 89' lang='lat' dir='ltr'><strong>ab</strong></span> <span class='ocrx_word' id='word_1_739' title='bbox 418 2401 451 2422; x_wconf 92' lang='lat' dir='ltr'><strong>eo</strong></span> <span class='ocrx_word' id='word_1_740' title='bbox 480 2402 595 2430; x_wconf 73' lang='lat' dir='ltr'><strong>regnum</strong></span> <span class='ocrx_word' id='word_1_741' title='bbox 624 2394 768 2427; x_wconf 68' lang='lat' dir='ltr'><strong>caelorum,</strong></span> <span class='ocrx_word' id='word_1_742' title='bbox 802 2395 912 2430; x_wconf 87' lang='lat' dir='ltr'><strong>quando</strong></span> <span class='ocrx_word' id='word_1_743' title='bbox 942 2395 1052 2430; x_wconf 85' lang='lat' dir='ltr'><strong>impleta</strong></span> 
     </span>
    </p>
   </div>
   <div class='ocr_carea' id='block_1_98' title="bbox 270 2440 1052 2476">
    <p class='ocr_par' dir='ltr' id='par_1_98' title="bbox 270 2440 1052 2476">
     <span class='ocr_line' id='line_1_98' title="bbox 270 2440 1052 2476; baseline 0 -8"><span class='ocrx_word' id='word_1_744' title='bbox 270 2445 334 2468; x_wconf 88' lang='lat' dir='ltr'><strong>sunt</strong></span> <span class='ocrx_word' id='word_1_745' title='bbox 363 2442 448 2469; x_wconf 86' lang='lat' dir='ltr'><strong>relata</strong></span> <span class='ocrx_word' id='word_1_746' title='bbox 474 2449 557 2476; x_wconf 88' lang='lat' dir='ltr'><strong>supra</strong></span> <span class='ocrx_word' id='word_1_747' title='bbox 586 2442 657 2468; x_wconf 89' lang='lat' dir='ltr'><strong>hanc</strong></span> <span class='ocrx_word' id='word_1_748' title='bbox 685 2440 857 2476; x_wconf 87' lang='lat' dir='ltr'><strong>prophetiam</strong></span> <span class='ocrx_word' id='word_1_749' title='bbox 887 2441 981 2473; x_wconf 83' lang='lat' dir='ltr'><strong>verba.</strong></span> <span class='ocrx_word' id='word_1_750' title='bbox 1007 2441 1052 2468; x_wconf 92' lang='lat' dir='ltr'><strong>ubi</strong></span> 
     </span>
    </p>
   </div>
   <div class='ocr_carea' id='block_1_99' title="bbox 268 2486 1052 2522">
    <p class='ocr_par' dir='ltr' id='par_1_99' title="bbox 268 2486 1052 2522">
     <span class='ocr_line' id='line_1_99' title="bbox 268 2486 1052 2522; baseline 0.003 -10"><span class='ocrx_word' id='word_1_751' title='bbox 268 2487 372 2514; x_wconf 84' lang='lat' dir='ltr'><strong>dictum</strong></span> <span class='ocrx_word' id='word_1_752' title='bbox 396 2491 438 2515; x_wconf 89' lang='lat' dir='ltr'><strong>est</strong></span> <span class='ocrx_word' id='word_1_753' title='bbox 463 2498 470 2514; x_wconf 83' lang='lat'><strong>:</strong></span> <span class='ocrx_word' id='word_1_754' title='bbox 499 2497 510 2513; x_wconf 82' lang='grc' dir='ltr'><strong>ι</strong></span> <span class='ocrx_word' id='word_1_755' title='bbox 540 2487 573 2514; x_wconf 86' lang='lat' dir='ltr'><strong>Et</strong></span> <span class='ocrx_word' id='word_1_756' title='bbox 599 2487 806 2522; x_wconf 86' lang='lat' dir='ltr'><strong>(lerelinquetur</strong></span> <span class='ocrx_word' id='word_1_757' title='bbox 833 2486 895 2514; x_wconf 83' lang='lat' dir='ltr'><strong>illia-</strong></span> <span class='ocrx_word' id='word_1_758' title='bbox 917 2486 995 2519; x_wconf 88' lang='lat' dir='ltr'><strong>Sion,</strong></span> <span class='ocrx_word' id='word_1_759' title='bbox 1023 2491 1052 2514; x_wconf 91' lang='lat' dir='ltr'><strong>ut</strong></span> 
     </span>
    </p>
   </div>
   <div class='ocr_carea' id='block_1_100' title="bbox 269 2533 1052 2569">
    <p class='ocr_par' dir='ltr' id='par_1_100' title="bbox 269 2533 1052 2569">
     <span class='ocr_line' id='line_1_100' title="bbox 269 2533 1052 2569; baseline 0 -9"><span class='ocrx_word' id='word_1_760' title='bbox 269 2533 458 2561; x_wconf 88' lang='lat' dir='ltr'><strong>umbraculum</strong></span> <span class='ocrx_word' id='word_1_761' title='bbox 479 2533 507 2560; x_wconf 94' lang='lat' dir='ltr'><strong>in</strong></span> <span class='ocrx_word' id='word_1_762' title='bbox 529 2534 618 2565; x_wconf 84' lang='lat' dir='ltr'><strong>vinea,</strong></span> <span class='ocrx_word' id='word_1_763' title='bbox 640 2538 667 2561; x_wconf 91' lang='lat' dir='ltr'><strong>et</strong></span> <span class='ocrx_word' id='word_1_764' title='bbox 688 2533 763 2561; x_wconf 86' lang='lat' dir='ltr'><strong>sicut</strong></span> <span class='ocrx_word' id='word_1_765' title='bbox 788 2533 928 2569; x_wconf 70' lang='lat' dir='ltr'><strong>tugurium</strong></span> <span class='ocrx_word' id='word_1_766' title='bbox 949 2533 976 2560; x_wconf 88' lang='lat' dir='ltr'><strong>in</strong></span> <span class='ocrx_word' id='word_1_767' title='bbox 1001 2542 1052 2560; x_wconf 79' lang='lat' dir='ltr'><strong>cu--</strong></span> 
     </span>
    </p>
   </div>
   <div class='ocr_carea' id='block_1_101' title="bbox 268 2578 1049 2614">
    <p class='ocr_par' dir='ltr' id='par_1_101' title="bbox 268 2578 1049 2614">
     <span class='ocr_line' id='line_1_101' title="bbox 268 2578 1049 2614; baseline 0.001 -10"><span class='ocrx_word' id='word_1_768' title='bbox 268 2579 433 2611; x_wconf 83' lang='lat' dir='ltr'><strong>cumcrario,</strong></span> <span class='ocrx_word' id='word_1_769' title='bbox 463 2582 490 2606; x_wconf 91' lang='lat' dir='ltr'><strong>et</strong></span> <span class='ocrx_word' id='word_1_770' title='bbox 518 2578 589 2606; x_wconf 90' lang='lat' dir='ltr'><strong>sicut</strong></span> <span class='ocrx_word' id='word_1_771' title='bbox 619 2579 717 2606; x_wconf 77' lang='lat' dir='ltr'><strong>civitas</strong></span> <span class='ocrx_word' id='word_1_772' title='bbox 747 2586 808 2614; x_wconf 68' lang='lat' dir='ltr'><strong>quae</strong></span> <span class='ocrx_word' id='word_1_773' title='bbox 839 2583 961 2607; x_wconf 85' lang='lat' dir='ltr'><strong>vastatur</strong></span> <span class='ocrx_word' id='word_1_774' title='bbox 986 2583 1007 2607; x_wconf 66' lang='grc' dir='ltr'>ι,</span> <span class='ocrx_word' id='word_1_775' title='bbox 1040 2589 1049 2605; x_wconf 72' lang='grc' dir='ltr'><strong>ι</strong></span> 
     </span>
    </p>
   </div>
   <div class='ocr_carea' id='block_1_102' title="bbox 269 2624 1053 2660">
    <p class='ocr_par' dir='ltr' id='par_1_102' title="bbox 269 2624 1053 2660">
     <span class='ocr_line' id='line_1_102' title="bbox 269 2624 1053 2660; baseline 0.004 -9"><span class='ocrx_word' id='word_1_776' title='bbox 269 2624 301 2650; x_wconf 83' lang='grc' dir='ltr'>Ει</span> <span class='ocrx_word' id='word_1_777' title='bbox 324 2626 434 2659; x_wconf 85' lang='lat' dir='ltr'><strong>quando</strong></span> <span class='ocrx_word' id='word_1_778' title='bbox 457 2625 598 2660; x_wconf 89' lang='lat' dir='ltr'><strong>impletum</strong></span> <span class='ocrx_word' id='word_1_779' title='bbox 625 2630 667 2653; x_wconf 87' lang='lat' dir='ltr'><strong>est</strong></span> <span class='ocrx_word' id='word_1_780' title='bbox 699 2626 768 2653; x_wconf 91' lang='lat' dir='ltr'><strong>illud</strong></span> <span class='ocrx_word' id='word_1_781' title='bbox 792 2636 798 2653; x_wconf 85' lang='lat'>:</span> <span class='ocrx_word' id='word_1_782' title='bbox 826 2635 837 2652; x_wconf 84' lang='grc'>‹</span> <span class='ocrx_word' id='word_1_783' title='bbox 863 2626 962 2654; x_wconf 81' lang='lat' dir='ltr'><strong>Audite</strong></span> <span class='ocrx_word' id='word_1_784' title='bbox 992 2634 1053 2654; x_wconf 59' lang='lat' dir='ltr'><strong>ver:</strong></span> 
     </span>
    </p>
   </div>
   <div class='ocr_carea' id='block_1_103' title="bbox 267 2670 1048 2707">
    <p class='ocr_par' dir='ltr' id='par_1_103' title="bbox 267 2670 1048 2707">
     <span class='ocr_line' id='line_1_103' title="bbox 267 2670 1048 2707; baseline 0.001 -9"><span class='ocrx_word' id='word_1_785' title='bbox 267 2670 330 2698; x_wconf 85' lang='lat' dir='ltr'><strong>hum</strong></span> <span class='ocrx_word' id='word_1_786' title='bbox 367 2671 473 2698; x_wconf 84' lang='lat' dir='ltr'><strong>Domini</strong></span> <span class='ocrx_word' id='word_1_787' title='bbox 496 2692 503 2703; x_wconf 92' lang='lat'><strong>,</strong></span> <span class='ocrx_word' id='word_1_788' title='bbox 542 2671 679 2706; x_wconf 87' lang='lat' dir='ltr'><strong>principes</strong></span> <span class='ocrx_word' id='word_1_789' title='bbox 721 2671 920 2706; x_wconf 84' lang='lat' dir='ltr'><strong>Sodomorum;</strong></span> <span class='ocrx_word' id='word_1_790' title='bbox 959 2673 1048 2707; x_wconf 79' lang='lat' dir='ltr'><strong>perci-</strong></span> 
     </span>
    </p>
   </div>
   <div class='ocr_carea' id='block_1_104' title="bbox 267 2717 1050 2754">
    <p class='ocr_par' dir='ltr' id='par_1_104' title="bbox 267 2717 1050 2754">
     <span class='ocr_line' id='line_1_104' title="bbox 267 2717 1050 2754; baseline 0.005 -12"><span class='ocrx_word' id='word_1_791' title='bbox 267 2717 322 2750; x_wconf 83' lang='lat' dir='ltr'><strong>pite</strong></span> <span class='ocrx_word' id='word_1_792' title='bbox 354 2718 467 2745; x_wconf 87' lang='lat' dir='ltr'><strong>auribus</strong></span> <span class='ocrx_word' id='word_1_793' title='bbox 504 2718 589 2753; x_wconf 76' lang='lat' dir='ltr'><strong>legem</strong></span> <span class='ocrx_word' id='word_1_794' title='bbox 625 2717 673 2745; x_wconf 89' lang='lat' dir='ltr'><strong>Dei</strong></span> <span class='ocrx_word' id='word_1_795' title='bbox 707 2719 815 2750; x_wconf 83' lang='lat' dir='ltr'><strong>nostri.</strong></span> <span class='ocrx_word' id='word_1_796' title='bbox 852 2719 968 2754; x_wconf 83' lang='lat' dir='ltr'><strong>populus</strong></span> <span class='ocrx_word' id='word_1_797' title='bbox 999 2717 1050 2745; x_wconf 83' lang='lat' dir='ltr'><strong>Go-</strong></span> 
     </span>
    </p>
   </div>
   <div class='ocr_carea' id='block_1_105' title="bbox 266 2761 1050 2796">
    <p class='ocr_par' dir='ltr' id='par_1_105' title="bbox 266 2761 1050 2796">
     <span class='ocr_line' id='line_1_105' title="bbox 266 2761 1050 2796; baseline 0.005 -8"><span class='ocrx_word' id='word_1_798' title='bbox 266 2761 392 2790; x_wconf 69' lang='lat' dir='ltr'><strong>morrhaa.</strong></span> <span class='ocrx_word' id='word_1_799' title='bbox 414 2762 474 2796; x_wconf 83' lang='lat' dir='ltr'><strong>Quo</strong></span> <span class='ocrx_word' id='word_1_800' title='bbox 498 2763 563 2790; x_wconf 90' lang='lat' dir='ltr'><strong>mihi</strong></span> <span class='ocrx_word' id='word_1_801' title='bbox 590 2763 790 2792; x_wconf 86' lang='lat' dir='ltr'><strong>multitudinem</strong></span> <span class='ocrx_word' id='word_1_802' title='bbox 811 2765 983 2792; x_wconf 86' lang='lat' dir='ltr'><strong>victimarum</strong></span> <span class='ocrx_word' id='word_1_803' title='bbox 1002 2772 1050 2792; x_wconf 87' lang='lat' dir='ltr'><strong>ve-</strong></span> 
     </span>
    </p>
   </div>
   <div class='ocr_carea' id='block_1_106' title="bbox 265 2808 1048 2846">
    <p class='ocr_par' dir='ltr' id='par_1_106' title="bbox 265 2808 1048 2846">
     <span class='ocr_line' id='line_1_106' title="bbox 265 2808 1048 2846; baseline 0.008 -14"><span class='ocrx_word' id='word_1_804' title='bbox 265 2810 393 2838; x_wconf 86' lang='lat' dir='ltr'><strong>strarum,</strong></span> <span class='ocrx_word' id='word_1_805' title='bbox 416 2808 482 2835; x_wconf 86' lang='lat' dir='ltr'><strong>dicit</strong></span> <span class='ocrx_word' id='word_1_806' title='bbox 502 2808 653 2838; x_wconf 84' lang='lat' dir='ltr'><strong>Dominus?</strong></span> <span class='ocrx_word' id='word_1_807' title='bbox 667 2821 676 2837; x_wconf 74' lang='grc'><em>»</em></span> <span class='ocrx_word' id='word_1_808' title='bbox 690 2815 718 2838; x_wconf 87' lang='lat' dir='ltr'><strong>et</strong></span> <span class='ocrx_word' id='word_1_809' title='bbox 737 2811 859 2846; x_wconf 85' lang='lat' dir='ltr'><strong>reliqua;</strong></span> <span class='ocrx_word' id='word_1_810' title='bbox 883 2811 983 2846; x_wconf 90' lang='lat' dir='ltr'><strong>quibus</strong></span> <span class='ocrx_word' id='word_1_811' title='bbox 999 2811 1048 2838; x_wconf 85' lang='lat' dir='ltr'><strong>ad-</strong></span> 
     </span>
    </p>
   </div>
   <div class='ocr_carea' id='block_1_107' title="bbox 1102 2348 1885 2386">
    <p class='ocr_par' dir='ltr' id='par_1_107' title="bbox 1102 2348 1885 2386">
     <span class='ocr_line' id='line_1_107' title="bbox 1102 2348 1885 2386; baseline -0.004 -10"><span class='ocrx_word' id='word_1_812' title='bbox 1102 2357 1179 2385; x_wconf 85' lang='grc' dir='ltr'>νηται</span> <span class='ocrx_word' id='word_1_813' title='bbox 1203 2350 1234 2376; x_wconf 82' lang='grc' dir='ltr'><strong>τὸ</strong></span> <span class='ocrx_word' id='word_1_814' title='bbox 1257 2359 1266 2376; x_wconf 85' lang='grc' dir='ltr'><strong>ι</strong></span> <span class='ocrx_word' id='word_1_815' title='bbox 1295 2350 1369 2386; x_wconf 74' lang='grc' dir='ltr'>ὅρος,</span> <span class='ocrx_word' id='word_1_816' title='bbox 1383 2360 1392 2375; x_wconf 85' lang='grc'><strong>›</strong></span> <span class='ocrx_word' id='word_1_817' title='bbox 1417 2351 1447 2377; x_wconf 86' lang='grc' dir='ltr'><strong>τὸ</strong></span> <span class='ocrx_word' id='word_1_818' title='bbox 1473 2351 1658 2386; x_wconf 83' lang='grc' dir='ltr'>πνευματικὸν</span> <span class='ocrx_word' id='word_1_819' title='bbox 1679 2361 1689 2376; x_wconf 78' lang='grc' dir='ltr'><strong>ι</strong></span> <span class='ocrx_word' id='word_1_820' title='bbox 1715 2350 1763 2377; x_wconf 81' lang='grc' dir='ltr'>τοῦ</span> <span class='ocrx_word' id='word_1_821' title='bbox 1784 2348 1885 2380; x_wconf 79' lang='grc' dir='ltr'>Θεοῦ,›</span> 
     </span>
    </p>
   </div>
   <div class='ocr_carea' id='block_1_108' title="bbox 1101 2393 1888 2432">
    <p class='ocr_par' dir='ltr' id='par_1_108' title="bbox 1101 2393 1888 2432">
     <span class='ocr_line' id='line_1_108' title="bbox 1101 2393 1888 2432; baseline -0.001 -11"><span class='ocrx_word' id='word_1_822' title='bbox 1101 2395 1238 2422; x_wconf 81' lang='grc' dir='ltr'>τουτέστιν</span> <span class='ocrx_word' id='word_1_823' title='bbox 1253 2396 1268 2422; x_wconf 84' lang='grc' dir='ltr'>ό</span> <span class='ocrx_word' id='word_1_824' title='bbox 1284 2395 1355 2427; x_wconf 86' lang='grc' dir='ltr'>θεῖος</span> <span class='ocrx_word' id='word_1_825' title='bbox 1368 2396 1414 2422; x_wconf 71' lang='grc' dir='ltr'>καὶ</span> <span class='ocrx_word' id='word_1_826' title='bbox 1434 2396 1558 2432; x_wconf 82' lang='grc' dir='ltr'>οὐράνιος</span> <span class='ocrx_word' id='word_1_827' title='bbox 1573 2397 1663 2431; x_wconf 88' lang='grc' dir='ltr'>Λόγος</span> <span class='ocrx_word' id='word_1_828' title='bbox 1675 2405 1682 2411; x_wconf 89' lang='grc'><strong>·</strong></span> <span class='ocrx_word' id='word_1_829' title='bbox 1697 2397 1747 2423; x_wconf 70' lang='grc' dir='ltr'><strong>καὶ</strong></span> <span class='ocrx_word' id='word_1_830' title='bbox 1763 2397 1778 2423; x_wconf 85' lang='grc' dir='ltr'>ὁ</span> <span class='ocrx_word' id='word_1_831' title='bbox 1790 2393 1888 2426; x_wconf 75' lang='grc' dir='ltr'>οἶκοςδὲ</span> 
     </span>
    </p>
   </div>
   <div class='ocr_carea' id='block_1_109' title="bbox 1101 2440 1888 2478">
    <p class='ocr_par' dir='ltr' id='par_1_109' title="bbox 1101 2440 1888 2478">
     <span class='ocr_line' id='line_1_109' title="bbox 1101 2440 1888 2478; baseline 0 -11"><span class='ocrx_word' id='word_1_832' title='bbox 1101 2441 1182 2468; x_wconf 83' lang='grc' dir='ltr'>αὑτοῦ</span> <span class='ocrx_word' id='word_1_833' title='bbox 1201 2442 1218 2477; x_wconf 82' lang='grc' dir='ltr'>ὴ</span> <span class='ocrx_word' id='word_1_834' title='bbox 1237 2441 1384 2477; x_wconf 75' lang='grc' dir='ltr'>Ἐκκλησία</span> <span class='ocrx_word' id='word_1_835' title='bbox 1400 2442 1632 2478; x_wconf 76' lang='grc' dir='ltr'>ἐπῳκοδομημένη</span> <span class='ocrx_word' id='word_1_836' title='bbox 1657 2444 1708 2470; x_wconf 80' lang='grc' dir='ltr'>ἐπὶ</span> <span class='ocrx_word' id='word_1_837' title='bbox 1723 2443 1764 2478; x_wconf 87' lang='grc' dir='ltr'><strong>τῷ</strong></span> <span class='ocrx_word' id='word_1_838' title='bbox 1784 2440 1888 2477; x_wconf 80' lang='grc' dir='ltr'>θεμελίῳ</span> 
     </span>
    </p>
   </div>
   <div class='ocr_carea' id='block_1_110' title="bbox 1101 2487 1887 2525">
    <p class='ocr_par' dir='ltr' id='par_1_110' title="bbox 1101 2487 1887 2525">
     <span class='ocr_line' id='line_1_110' title="bbox 1101 2487 1887 2525; baseline -0.001 -11"><span class='ocrx_word' id='word_1_839' title='bbox 1101 2487 1154 2514; x_wconf 83' lang='grc' dir='ltr'><strong>τῶν</strong></span> <span class='ocrx_word' id='word_1_840' title='bbox 1165 2488 1320 2515; x_wconf 83' lang='grc' dir='ltr'>ἀποστόλων</span> <span class='ocrx_word' id='word_1_841' title='bbox 1337 2488 1383 2515; x_wconf 79' lang='grc' dir='ltr'>καὶ</span> <span class='ocrx_word' id='word_1_842' title='bbox 1397 2487 1555 2525; x_wconf 77' lang='grc' dir='ltr'>προφητῶν,</span> <span class='ocrx_word' id='word_1_843' title='bbox 1573 2489 1620 2515; x_wconf 75' lang='grc' dir='ltr'><strong>καὶ</strong></span> <span class='ocrx_word' id='word_1_844' title='bbox 1635 2489 1684 2516; x_wconf 79' lang='grc' dir='ltr'><strong>διὰ</strong></span> <span class='ocrx_word' id='word_1_845' title='bbox 1708 2489 1791 2516; x_wconf 85' lang='grc' dir='ltr'>τοῦτο</span> <span class='ocrx_word' id='word_1_846' title='bbox 1806 2487 1887 2515; x_wconf 76' lang='grc' dir='ltr'>ἐπάνω</span> 
     </span>
    </p>
   </div>
   <div class='ocr_carea' id='block_1_111' title="bbox 1101 2532 1888 2571">
    <p class='ocr_par' dir='ltr' id='par_1_111' title="bbox 1101 2532 1888 2571">
     <span class='ocr_line' id='line_1_111' title="bbox 1101 2532 1888 2571; baseline 0 -10"><span class='ocrx_word' id='word_1_847' title='bbox 1101 2533 1238 2562; x_wconf 85' lang='grc' dir='ltr'>εἶναιτῶν</span> <span class='ocrx_word' id='word_1_848' title='bbox 1260 2535 1345 2571; x_wconf 86' lang='grc' dir='ltr'>ὀρέων</span> <span class='ocrx_word' id='word_1_849' title='bbox 1369 2535 1512 2571; x_wconf 89' lang='grc' dir='ltr'>λεγομένη.</span> <span class='ocrx_word' id='word_1_850' title='bbox 1536 2536 1591 2562; x_wconf 71' lang='grc' dir='ltr'>Καὶ</span> <span class='ocrx_word' id='word_1_851' title='bbox 1615 2536 1710 2563; x_wconf 72' lang='grc' dir='ltr'>ταῦτά</span> <span class='ocrx_word' id='word_1_852' title='bbox 1731 2544 1765 2570; x_wconf 86' lang='grc' dir='ltr'><strong>γε</strong></span> <span class='ocrx_word' id='word_1_853' title='bbox 1790 2532 1888 2570; x_wconf 75' lang='grc' dir='ltr'>ἐμφανῆ</span> 
     </span>
    </p>
   </div>
   <div class='ocr_carea' id='block_1_112' title="bbox 1099 2578 1887 2617">
    <p class='ocr_par' dir='ltr' id='par_1_112' title="bbox 1099 2578 1887 2617">
     <span class='ocr_line' id='line_1_112' title="bbox 1099 2578 1887 2617; baseline -0.004 -9"><span class='ocrx_word' id='word_1_854' title='bbox 1099 2582 1194 2616; x_wconf 84' lang='grc' dir='ltr'>γέγονε</span> <span class='ocrx_word' id='word_1_855' title='bbox 1212 2581 1281 2616; x_wconf 82' lang='grc' dir='ltr'>μετὰ</span> <span class='ocrx_word' id='word_1_856' title='bbox 1304 2581 1353 2617; x_wconf 81' lang='grc' dir='ltr'>τὴν</span> <span class='ocrx_word' id='word_1_857' title='bbox 1369 2581 1504 2617; x_wconf 71' lang='grc' dir='ltr'>ἀποϐολὴν</span> <span class='ocrx_word' id='word_1_858' title='bbox 1525 2581 1572 2608; x_wconf 81' lang='grc' dir='ltr'><strong>τοῦ</strong></span> <span class='ocrx_word' id='word_1_859' title='bbox 1591 2582 1623 2608; x_wconf 82' lang='grc' dir='ltr'>ὲκ</span> <span class='ocrx_word' id='word_1_860' title='bbox 1646 2581 1806 2617; x_wconf 80' lang='grc' dir='ltr'>περιτομῆς</span> <span class='ocrx_word' id='word_1_861' title='bbox 1818 2578 1887 2609; x_wconf 81' lang='grc' dir='ltr'>λαοῦ.</span> 
     </span>
    </p>
   </div>
   <div class='ocr_carea' id='block_1_113' title="bbox 1101 2623 1888 2663">
    <p class='ocr_par' dir='ltr' id='par_1_113' title="bbox 1101 2623 1888 2663">
     <span class='ocr_line' id='line_1_113' title="bbox 1101 2623 1888 2663; baseline -0.003 -10"><span class='ocrx_word' id='word_1_862' title='bbox 1101 2627 1147 2654; x_wconf 73' lang='grc' dir='ltr'><strong>καὶ</strong></span> <span class='ocrx_word' id='word_1_863' title='bbox 1165 2628 1236 2663; x_wconf 78' lang='grc' dir='ltr'>μετὰ</span> <span class='ocrx_word' id='word_1_864' title='bbox 1259 2627 1289 2653; x_wconf 82' lang='grc' dir='ltr'>τὸ</span> <span class='ocrx_word' id='word_1_865' title='bbox 1305 2627 1421 2662; x_wconf 85' lang='grc' dir='ltr'>ἀρθῆναι</span> <span class='ocrx_word' id='word_1_866' title='bbox 1439 2628 1484 2654; x_wconf 76' lang='grc' dir='ltr'>ἀπ’</span> <span class='ocrx_word' id='word_1_867' title='bbox 1505 2626 1586 2653; x_wconf 80' lang='grc' dir='ltr'>αὑτοῦ</span> <span class='ocrx_word' id='word_1_868' title='bbox 1606 2627 1658 2662; x_wconf 78' lang='grc' dir='ltr'>τὴν</span> <span class='ocrx_word' id='word_1_869' title='bbox 1682 2626 1822 2662; x_wconf 79' lang='grc' dir='ltr'>βασιλείαν</span> <span class='ocrx_word' id='word_1_870' title='bbox 1841 2623 1888 2651; x_wconf 83' lang='grc' dir='ltr'><strong>τῶν</strong></span> 
     </span>
    </p>
   </div>
   <div class='ocr_carea' id='block_1_114' title="bbox 1101 2673 1886 2710">
    <p class='ocr_par' dir='ltr' id='par_1_114' title="bbox 1101 2673 1886 2710">
     <span class='ocr_line' id='line_1_114' title="bbox 1101 2673 1886 2710; baseline -0.005 -10"><span class='ocrx_word' id='word_1_871' title='bbox 1101 2673 1233 2709; x_wconf 82' lang='grc' dir='ltr'>οὐρανῶν,</span> <span class='ocrx_word' id='word_1_872' title='bbox 1250 2674 1293 2700; x_wconf 78' lang='grc' dir='ltr'>ὅτε</span> <span class='ocrx_word' id='word_1_873' title='bbox 1306 2674 1393 2710; x_wconf 83' lang='grc' dir='ltr'>πέρας</span> <span class='ocrx_word' id='word_1_874' title='bbox 1408 2673 1551 2708; x_wconf 72' lang='grc' dir='ltr'>εἰλήφασιν</span> <span class='ocrx_word' id='word_1_875' title='bbox 1568 2674 1596 2700; x_wconf 88' lang='grc' dir='ltr'><strong>αἰ</strong></span> <span class='ocrx_word' id='word_1_876' title='bbox 1609 2673 1746 2709; x_wconf 83' lang='grc' dir='ltr'>ἀνωτέρω</span> <span class='ocrx_word' id='word_1_877' title='bbox 1758 2673 1806 2709; x_wconf 83' lang='grc' dir='ltr'><strong>τῆς</strong></span> <span class='ocrx_word' id='word_1_878' title='bbox 1820 2673 1886 2699; x_wconf 76' lang='grc' dir='ltr'>ἐκτε-</span> 
     </span>
    </p>
   </div>
   <div class='ocr_carea' id='block_1_115' title="bbox 1100 2715 1888 2756">
    <p class='ocr_par' dir='ltr' id='par_1_115' title="bbox 1100 2715 1888 2756">
     <span class='ocr_line' id='line_1_115' title="bbox 1100 2715 1888 2756; baseline -0.005 -9"><span class='ocrx_word' id='word_1_879' title='bbox 1100 2719 1191 2755; x_wconf 85' lang='grc' dir='ltr'>θείσης</span> <span class='ocrx_word' id='word_1_880' title='bbox 1206 2720 1371 2756; x_wconf 75' lang='grc' dir='ltr'>προφητείας</span> <span class='ocrx_word' id='word_1_881' title='bbox 1387 2720 1482 2754; x_wconf 70' lang='grc' dir='ltr'>φωναὶ,</span> <span class='ocrx_word' id='word_1_882' title='bbox 1499 2720 1532 2746; x_wconf 86' lang='grc' dir='ltr'>δι’</span> <span class='ocrx_word' id='word_1_883' title='bbox 1546 2715 1583 2746; x_wconf 84' lang='grc' dir='ltr'>ὧν</span> <span class='ocrx_word' id='word_1_884' title='bbox 1596 2719 1709 2755; x_wconf 79' lang='grc' dir='ltr'>εἴρηται</span> <span class='ocrx_word' id='word_1_885' title='bbox 1719 2720 1761 2752; x_wconf 82' lang='grc' dir='ltr'>τὸ,</span> <span class='ocrx_word' id='word_1_886' title='bbox 1775 2729 1785 2744; x_wconf 81' lang='grc' dir='ltr'><strong>ι</strong></span> <span class='ocrx_word' id='word_1_887' title='bbox 1800 2719 1888 2751; x_wconf 73' lang='grc' dir='ltr'>Ἐγκα-</span> 
     </span>
    </p>
   </div>
   <div class='ocr_carea' id='block_1_116' title="bbox 1099 2761 1888 2800">
    <p class='ocr_par' dir='ltr' id='par_1_116' title="bbox 1099 2761 1888 2800">
     <span class='ocr_line' id='line_1_116' title="bbox 1099 2761 1888 2800; baseline -0.003 -9"><span class='ocrx_word' id='word_1_888' title='bbox 1099 2764 1308 2800; x_wconf 84' lang='grc' dir='ltr'>ταλειφθήσεται</span> <span class='ocrx_word' id='word_1_889' title='bbox 1333 2766 1349 2800; x_wconf 87' lang='grc' dir='ltr'><strong>ἡ</strong></span> <span class='ocrx_word' id='word_1_890' title='bbox 1371 2764 1493 2800; x_wconf 80' lang='grc' dir='ltr'>θυγάτηρ</span> <span class='ocrx_word' id='word_1_891' title='bbox 1516 2763 1601 2796; x_wconf 86' lang='grc' dir='ltr'>Σιὼν,</span> <span class='ocrx_word' id='word_1_892' title='bbox 1620 2763 1661 2795; x_wconf 85' lang='grc' dir='ltr'><strong>ὡς</strong></span> <span class='ocrx_word' id='word_1_893' title='bbox 1681 2763 1773 2800; x_wconf 84' lang='grc' dir='ltr'>σκηνὴ</span> <span class='ocrx_word' id='word_1_894' title='bbox 1797 2763 1825 2789; x_wconf 78' lang='grc' dir='ltr'>ὲν</span> <span class='ocrx_word' id='word_1_895' title='bbox 1843 2761 1888 2796; x_wconf 80' lang='grc' dir='ltr'>ἀμ.-</span> 
     </span>
    </p>
   </div>
   <div class='ocr_carea' id='block_1_117' title="bbox 1101 2806 1887 2846">
    <p class='ocr_par' dir='ltr' id='par_1_117' title="bbox 1101 2806 1887 2846">
     <span class='ocr_line' id='line_1_117' title="bbox 1101 2806 1887 2846; baseline -0.005 -8"><span class='ocrx_word' id='word_1_896' title='bbox 1101 2811 1218 2844; x_wconf 84' lang='grc' dir='ltr'>πελῶνι,</span> <span class='ocrx_word' id='word_1_897' title='bbox 1237 2811 1284 2838; x_wconf 79' lang='grc' dir='ltr'><strong>καὶ</strong></span> <span class='ocrx_word' id='word_1_898' title='bbox 1302 2811 1339 2843; x_wconf 87' lang='grc' dir='ltr'><strong>ὡς</strong></span> <span class='ocrx_word' id='word_1_899' title='bbox 1352 2810 1575 2846; x_wconf 82' lang='grc' dir='ltr'>όπωροφυλάκιον</span> <span class='ocrx_word' id='word_1_900' title='bbox 1597 2811 1625 2837; x_wconf 81' lang='grc' dir='ltr'>ὲν</span> <span class='ocrx_word' id='word_1_901' title='bbox 1648 2810 1827 2846; x_wconf 82' lang='grc' dir='ltr'>σικυηλάτῳ,</span> <span class='ocrx_word' id='word_1_902' title='bbox 1845 2806 1887 2833; x_wconf 70' lang='grc' dir='ltr'><strong>καὶ</strong></span> 
     </span>
    </p>
   </div>
   <div class='ocr_carea' id='block_1_118' title="bbox 319 2896 1058 2934">
    <p class='ocr_par' dir='ltr' id='par_1_118' title="bbox 319 2896 1048 2934">
     <span class='ocr_line' id='line_1_118' title="bbox 319 2896 1048 2934; baseline 0.008 -12"><span class='ocrx_word' id='word_1_903' title='bbox 319 2896 389 2923; x_wconf 74' lang='lat' dir='ltr'><strong>‘lsa.</strong></span> <span class='ocrx_word' id='word_1_904' title='bbox 408 2903 440 2929; x_wconf 86' lang='grc' dir='ltr'><strong>ιι,</strong></span> <span class='ocrx_word' id='word_1_905' title='bbox 455 2897 509 2924; x_wconf 79' lang='grc'><strong>1-4.</strong></span> <span class='ocrx_word' id='word_1_906' title='bbox 548 2899 557 2914; x_wconf 80' lang='grc'>³</span> <span class='ocrx_word' id='word_1_907' title='bbox 574 2897 666 2926; x_wconf 78' lang='lat' dir='ltr'><strong>Matth.</strong></span> <span class='ocrx_word' id='word_1_908' title='bbox 687 2907 766 2933; x_wconf 77' lang='lat' dir='ltr'><strong>nm,</strong></span> <span class='ocrx_word' id='word_1_909' title='bbox 780 2900 824 2928; x_wconf 75' lang='lat'><strong>38.</strong></span> <span class='ocrx_word' id='word_1_910' title='bbox 863 2900 873 2916; x_wconf 91' lang='grc'><strong><em>³</em></strong></span> <span class='ocrx_word' id='word_1_911' title='bbox 885 2900 944 2928; x_wconf 75' lang='lat' dir='ltr'><strong>Act.</strong></span> <span class='ocrx_word' id='word_1_912' title='bbox 962 2908 988 2934; x_wconf 72' lang='grc' dir='ltr'>ι,</span> <span class='ocrx_word' id='word_1_913' title='bbox 1003 2900 1048 2928; x_wconf 73' lang='grc'><strong>45.</strong></span> 
     </span>
    </p>
   </div>
   <div class='ocr_carea' id='block_1_119' title="bbox 1106 2896 1238 2934">
    <p class='ocr_par' dir='ltr' id='par_1_119' title="bbox 1108 2899 1238 2933">
     <span class='ocr_line' id='line_1_119' title="bbox 1108 2899 1238 2933; baseline 0 -7"><span class='ocrx_word' id='word_1_914' title='bbox 1108 2899 1160 2928; x_wconf 87' lang='lat' dir='ltr'><strong>lsa.</strong></span> <span class='ocrx_word' id='word_1_915' title='bbox 1177 2907 1196 2933; x_wconf 79' lang='grc' dir='ltr'><strong>ι,</strong></span> <span class='ocrx_word' id='word_1_916' title='bbox 1212 2899 1238 2927; x_wconf 92' lang='lat'><strong>8.</strong></span> 
     </span>
    </p>
   </div>
  </div>
