2035 3214
169 186 236 215 1197

683 187 831 216 Εειοοιε
850 185 1092 214 ΡΒΟΡΗΕΤΙΟΕ.
1109 201 1145 206 -
1161 185 1225 214 LIB.
1245 185 1290 214 IV.

1722 189 1791 217 H98

165 248 205 280 ὡς
223 248 301 281 πόλις
308 249 538 286 πολιορκουμένη·
551 259 561 276 ι
578 250 626 277 καὶ
642 250 687 277 ὅτε
709 249 888 286 πεπλήρωται
912 249 951 281 τὸ,

1004 247 1043 275 dit
1064 257 1070 274 :
1092 257 1101 273 ι
1116 246 1290 275 Neomeniam
1321 251 1348 275 et
1385 248 1549 280 Sabbatum,
1578 251 1606 276 et
1628 247 1792 276 festivitates

167 303 179 321 ‹
190 295 336 322 ’Δκούσατε
352 296 439 330 λόγων
452 296 565 332 Κυρίου,
580 296 709 332 ἄρχοντες
718 296 852 332 Σοδόμων-
868 301 954 332 προσ-

165 339 243 376 έχετε
257 341 337 376 νόμον
350 341 429 373 Θεοῦ,
439 341 665 378 λαὸς-Γομόρρας.
677 342 709 369 Τί
722 351 766 378 μοι
786 341 888 377 πλῆθος
900 341 954 368 τῶν

166 385 266 413 θυσιῶν
279 387 355 422 ὑμῶν
366 387 574 424 ςλέγειΚύριος,
586 398 596 414 ι
607 388 653 418 καὶ
667 387 703 414 τὰ
713 388 777 424 ἑξῆς
785 396 792 403 ·
805 385 846 419 οἷς
857 387 954 422 ἐπιφέ-

168 439 218 467 ρει·
229 431 299 462 «Τὰς
307 433 452 469 νεομηνίας
463 433 549 468 ὑμῶν,
557 433 604 460 καὶ
615 433 665 465 τὰς
677 433 774 469 ἑορτὰς
790 432 866 468 ὑμῶν
881 433 955 467 μισεῖ

165 477 183 513 ἡ
195 477 269 512 ψυχή
294 487 344 513 μου
355 487 361 493 ·
379 479 526 515 ὲγενήθητέ
545 488 589 514 μοι
605 481 643 511 εἰς
668 479 825 514 πλησμονὴν
837 499 845 511 ,
862 478 954 505 οὐκέτι

164 524 258 559 ἀνήσω
267 523 316 556 τὰς
328 525 464 560 ἁμαρτίας
479 525 564 560 ὑμῶν.
575 524 633 552 Ὀτ”
647 525 680 551 ἂν
695 524 744 556 τὰς
758 526 852 560 χεῖρας
865 523 954 550 ἐκτεί-

165 578 229 605 νητε
246 571 314 606 πρὸς
329 570 375 605 μὲ,
395 570 557 605 ἁποστρέψω
577 570 639 601 τοὺς
662 569 817 604 ὀφθαλμούς
840 577 890 604 μου
907 568 953 602 ἀφ’

165 616 257 652 ὑμῶν·
270 617 317 643 καὶ
335 617 382 643 ἐὰν
403 616 555 652 πληθύνητε
569 616 618 651 τὴν
636 616 738 650 δέησιν,
761 617 811 642 οὐκ
825 614 952 642 εἰσακού-

165 672 247 699 σομαι
261 663 336 699 ὑμῶν
347 672 354 680 ο
366 663 394 689 αἱ
407 663 461 699 γὰρ
477 664 566 699 χεῖρες
580 663 656 698 ὑμῶν
671 663 785 698 αἵματος
803 662 926 698 πλήρεις.
941 671 951 688 ι

164 710 221 736 Καὶ
242 710 293 745 ὅρα
307 709 365 741 πῶς
385 710 399 736 6
422 709 501 744 λόγος
523 709 608 736 ταῦτα
632 709 720 736 πάντα
740 709 953 743 ἀποτεινάμενος

163 755 215 782 οὐκ
225 755 443 792 εἰδωλολατρείαν
455 756 570 783 ἐνταῦθα
584 756 637 782 οὐδ’
650 756 746 791 ἑτέραν
759 756 851 787 αὐτοῖς
864 756 953 790 ἀμαρ-

164 801 225 828 τία»
241 802 363 836 ἐγκαλεῖ,
377 801 438 828 οὐδὲ
453 802 506 837 μὴν
527 802 649 837 αἱμάτων
674 801 793 833 πολλῶν,
811 801 868 828 ἀλλ’
894 801 952 833 ἐνὸς

164 847 304 883 ἑξαιρέτου
318 847 389 878 τινος
405 847 530 882 αἵματος,
547 846 626 882 δῆλον
648 846 670 873 8‘
686 847 727 872 ὅτι
754 846 801 873 τοῦ
823 844 951 882 Χριστοῦ,

163 893 214 929 τὴν
238 893 358 928 ἔκχυσιν,
376 893 440 928 περὶ
456 889 486 919 οὗ
505 892 598 926 σαφῶς
613 893 627 918 6
652 892 729 927 λόγος
746 893 793 919 τὸν
816 892 880 919 λαὸν
897 893 953 919 ἁπ-

164 938 270 974 ελέγχει
291 938 390 972 λέγων·
403 947 412 963 ι
428 939 461 964 At
475 938 529 974 γὰρ
550 939 639 974 χεῖρες
652 939 729 973 ὑμῶν
745 939 860 973 αἵματος
882 938 952 974 πλήν
967 931 989 959 Β

165 992 237 1020 ρειςθ
250 993 260 1010 ι
269 983 302 1010 δι’
314 984 347 1019 ἦν
358 983 446 1010 αἰτίαν
461 984 524 1019 ὲξῆς
535 984 689 1019 ὲπιλέγεται
700 985 741 1016 τὸ,
752 994 760 1009 ι
772 984 834 1016 Πῶς
846 985 953 1018 ἐγένετο

165 1031 251 1066 τῶρνη
266 1030 342 1062 πόλις
352 1029 433 1065 πιστὴ
443 1029 511 1056 Σιὼν
526 1030 632 1066 πλήρης
645 1030 771 1066 κρίσεως,
786 1031 814 1056 ἐν
824 1027 952 1067 ᾖόικαιο-

166 1077 232 1112 σύνη
245 1076 276 1112 (f.
287 1077 332 1110 45)
344 1076 476 1113 ἐκοιμήθη
488 1077 602 1112 ὲναὺτῇ,
612 1076 659 1103 νῦν
672 1077 700 1103 δὲ
710 1077 866 1111 φονευταίςι
882 1076 942 1111 μεθ’

164 1123 183 1150 ἃ
192 1123 278 1150 πάντα
291 1122 424 1149 τελευτῶν
439 1123 454 1149 6
465 1123 542 1156 λόγος
560 1121 637 1154 αὖθις
651 1123 701 1159 τὴν
712 1122 847 1158 ἀποϐολὴν
862 1122 952 1149 αὐτῶν

165 1168 329 1204 προμηνύων
362 1168 459 1203 φησίν·
483 1177 492 1193 ι
513 1168 638 1194 Ἔσονται
660 1167 714 1203 γὰρ
738 1167 776 1199 ὡς
799 1167 952 1202 τερέϐινθος

164 1214 365 1251 ἀποϐεϐληκυῖα
376 1215 410 1241 τὰ
422 1214 519 1249 φύλλα,
534 1215 581 1241 καὶ¹
595 1214 634 1246 ὡς
648 1214 811 1250 παράδεισος
826 1214 898 1249 ὕδωρ
914 1213 951 1250 μὴ

164 1261 243 1296 ἔχων.
262 1262 317 1288 Καὶ
336 1261 412 1288 ἔσται
435 1262 451 1297 ὴ
475 1262 550 1296 ἰσχὺς
566 1260 656 1287 αὐτῶν
678 1261 789 1296 καλάμη
811 1261 950 1295 στυπείου,

164 1309 212 1336 καὶ
227 1308 255 1335 αἱ
265 1308 391 1345 ἐργασίαι
409 1307 498 1335 αὐτῶν
515 1307 553 1339 ὼς
572 1307 728 1343 σπινθῆρες,
748 1308 795 1334 καὶ
814 1315 951 1334 κατακαυ-

164 1356 291 1392 θήσονται
306 1357 330 1382 οἱ
351 1355 445 1390 ἄνομοι
462 1356 509 1381 καὶ
528 1356 552 1382 οἱ
571 1354 729 1390 ἁμαρτωλοὶ
750 1354 817 1388 ἅμα,
837 1355 883 1380 καὶ
902 1354 952 1381 οὐκ

164 1401 240 1428 ἔσται
249 1402 263 1428 6
278 1401 392 1428 σϐέσων.
407 1411 416 1427 ι
434 1400 558 1427 Τοσαῦτα
569 1400 616 1427 καὶ
626 1399 777 1435 τηλικαῦτα
789 1401 849 1426 κατ’
863 1400 952 1427 αὐτῶν

164 1447 416 1483 προαποφηναμένη
445 1448 461 1482 ἠ
484 1447 654 1482 προφητεία,
672 1446 735 1481 ἑξῆς
756 1446 880 1482 ἐπιφέρει
901 1447 951 1482 τὴν

164 1495 265 1530 ἀρτίως
280 1496 344 1530 ἡμῖν
361 1494 515 1521 ἐκτεθεῖσαν
531 1493 692 1529 περικοπὴν,
705 1493 738 1520 δι’
747 1491 781 1529 ἦς
791 1493 899 1528 εἴρηται
909 1493 950 1524 τὸ,

168 1549 178 1566 ι
191 1540 252 1566 Ὀτι
273 1539 349 1566 ἔσται
371 1540 401 1565 ὲν
416 1541 476 1571 ταῖς
497 1539 626 1574 ἐσχάταις
645 1539 763 1574 ἡμέραις
782 1538 905 1574 ἐμφανὲς
921 1539 951 1566 τὸ

164 1586 226 1623 ὅρος
236 1586 348 1622 Κυρίου.
364 1595 374 1611 ι
384 1585 480 1621 Σαφῶς
494 1586 561 1622 μετὰ
573 1586 622 1621 τὴν
635 1586 747 1612 ἐκείνων
760 1585 887 1621 ὁλοσχερῆ
901 1586 948 1612 καὶ

164 1631 269 1659 τελείαν
283 1630 419 1666 ἀποϐολήν
432 1639 462 1657 τε
480 1630 527 1656 καὶ
550 1630 689 1670 ξρήμωσιν
708 1629 758 1661 τὰς
773 1629 822 1664 τῆς
843 1629 947 1663 Καινῆς

165 1677 301 1712 Διαθήκης
316 1676 501 1711 ὑποφαίνουσα
516 1675 680 1710 οἰκονομίας,
699 1674 759 1701 καθ’
781 1674 814 1706 ἃς
831 1674 950 1710 ἐμφανὲς

164 1725 220 1755 τοῖς
235 1723 319 1750 πᾶσιν
344 1722 431 1749 ἔθνεσι
446 1721 477 1748 τὺ
495 1721 557 1756 ὅρος
568 1721 664 1755 γέγονε
676 1720 723 1746 τοῦ
739 1720 852 1755 Κυρίου.
871 1720 951 1746 Ποῖον

164 1769 193 1796 δὲ
214 1769 286 1805 ὅρος,
304 1768 322 1804 ἦ
339 1769 353 1795 6
370 1769 398 1795 ἐν
418 1768 488 1804 ἀρχῇ
517 1767 585 1802 πρὸς
600 1765 646 1792 τὸν
661 1764 738 1798 Θεὸν,
759 1766 824 1798 Θεὸς
847 1766 949 1799 Λόγος;

165 1814 246 1846 αὐτὸς
262 1815 276 1840 6
297 1813 392 1848 Σωτὴρ
413 1814 458 1839 καὶ
477 1812 577 1847 Κύριος
602 1810 696 1847 ήμῶν,
714 1810 743 1837 ὂν
761 1809 951 1846 προαποδεδώ-

166 1868 264 1894 καμεν,
283 1859 346 1895 περὶ
360 1855 390 1886 οὗ
404 1858 450 1885 καὶ
465 1859 492 1884 ὲν
509 1857 634 1892 Ψαλμοῖς
653 1856 771 1892 εἴρηται,
787 1865 796 1880 ι
810 1855 892 1890 Ὄρος
902 1854 950 1882 τοῦ

165 1905 245 1938 Θεοῦ,
256 1905 318 1941 όρος
333 1906 408 1932 πῖον·
424 1914 434 1930 ι
450 1905 496 1931 καὶ
507 1904 547 1936 τὸ,
563 1912 572 1928 ι
587 1903 691 1939 Ὄροςό
706 1902 872 1938 εὐδόκησενό
884 1901 950 1933 Θεὸς

167 1952 302 1988 κατοικεῖν
315 1951 344 1977 ἐν
359 1949 443 1985 αὐτῷ.
465 1959 475 1976 ι
496 1949 568 1985 Πρὸς
588 1948 674 1984 τούτῳ
689 1948 717 1975 δὲ
739 1947 779 1984 τῷ
793 1948 851 1983 ὃρει
870 1948 918 1974 καὶ
938 1948 951 1974 6

165 1995 238 2029 οἶκος
254 1997 300 2024 τοῦ
326 1996 393 2024 Θεοῦ
420 1995 546 2032 ἐμφανὴς
564 1995 692 2029 γέγονεν·
712 1993 786 2026 οἶκος
808 1995 831 2021 δ’
859 1994 892 2021 ἆν
907 1994 950 2029 εἴη

165 2043 233 2070 Θεοῦ
248 2044 265 2079 ὴ
286 2042 444 2078 Ἐκκλησία,
462 2043 479 2078 ὴ
494 2041 537 2068 ἐπ’
553 2040 645 2076 ἄκρων
658 2040 713 2067 τῶν
729 2040 814 2076 ὀρέων
832 2040 948 2067 ἀποστο-

165 2090 248 2117 λικῶν
272 2098 302 2117 τε
326 2089 373 2116 καὶ
393 2087 570 2124 προφητικῶν
596 2087 682 2122 λόγων
707 2087 928 2122 ὲπεστηριγμένη
942 2095 949 2101 ο

165 2135 268 2162 τούτων
288 2135 317 2161 δὲ
339 2133 468 2169 ἐμφανῶν
490 2133 644 2169 γενομένων
669 2133 712 2159 ἐπ’
732 2132 798 2159 αὐτὸ
814 2132 894 2158 τοῦτο
919 2132 951 2158 τὸ

164 2181 238 2217 ὅρος,
254 2180 332 2215 δῆλον
351 2180 373 2206 δ’
388 2181 428 2206 ὅτι
442 2180 487 2207 τὸν
506 2179 575 2206 θεῖον
599 2179 685 2214 Λόγον
707 2179 737 2205 οὺ
756 2178 924 2214 κεκτημένος
938 2179 952 2205 6

171 2225 290 2261 Ἰσραὴλ,
307 2225 360 2251 οὐδ’
376 2226 390 2251 6
408 2224 542 2260 πολλαχοῦ
564 2224 724 2260 δηλούμενος
741 2222 814 2256 οἶκος
837 2223 933 2250 Ἰακὼϐ
943 2243 950 2254 ,

164 2271 222 2298 ἀλλ’
234 2269 400 2301 ἁπαξαπλῶς
420 2271 508 2298 πάντα
521 2271 556 2298 τὰ
577 2271 641 2306 ἔθνη
651 2279 657 2287 ⁸
676 2271 723 2298 καὶ
737 2270 769 2305 δὴ
791 2269 875 2304 σαφὲς
892 2268 950 2300 πῶς

165 2317 213 2344 καὶ
231 2316 291 2343 τίνα
305 2315 421 2351 τρόπον,
449 2317 682 2344 ἀποτελεσθέντων
696 2316 740 2344 διὰ
758 2316 808 2352 τῆς
831 2314 876 2342 τοῦ
893 2315 950 2341 Σω-

165 2363 250 2400 τῆρος
262 2364 278 2398 ἡ
283 2362 340 2398 μῶν
353 2362 513 2396 ἐπιφανείας
524 2363 578 2390 τῶν
592 2363 807 2399 προειρημένων,
821 2362 950 2398 ὲμφανῶν

165 2418 196 2436 τε
218 2408 371 2445 γενομένων
387 2408 432 2434 τοῦ
457 2416 487 2435 τε
514 2409 709 2444 ἁποδεδομένου
733 2409 812 2445 ὅρους
836 2410 882 2436 καὶ
904 2408 952 2436 τοῦ

164 2454 348 2491 δεδηλωμένου
372 2453 446 2481 οἴκου
460 2474 468 2487 ,
485 2455 565 2489 ἡμεῖς
583 2456 607 2481 οἰ
628 2456 658 2488 ἐξ
677 2455 761 2482 ὲθνῶν
778 2455 822 2482 διὰ
840 2456 890 2490 τῆς
912 2456 952 2487 εἰς

163 2503 282 2539 Χριστὸν
298 2503 344 2529 τὸν
358 2502 422 2529 Υἱὸν
445 2501 492 2528 τοῦ
508 2501 576 2528 Θεοῦ
593 2502 710 2534 πίστεως
724 2502 952 2538 προσεληλυθότες

162 2547 204 2583 τῷ
219 2547 274 2574 τῶν
290 2548 356 2575 ὅλων
380 2547 449 2583 Θεῷ,
468 2547 552 2575 πάλαι
575 2547 624 2582 μὲν
643 2547 801 2582 ἀγνοοῦντες
823 2549 857 2574 τὰ
876 2548 951 2584 τηλι-

165 2590 264 2626 καῦτα,
275 2595 333 2621 νυνὶ
347 2594 375 2621 δὲ
394 2594 439 2621 διὰ
454 2594 503 2630 τὴν
515 2594 590 2621 θείαν
607 2594 685 2630 χάριν
699 2595 854 2628 ἐπιγνόντες
871 2594 952 2626 αὐτὰ,

165 2640 406 2676 προσεληλύθαμεν
426 2641 494 2667 Σιὼν
515 2641 572 2677 όρει
593 2640 640 2668 καὶ
659 2640 735 2667 πόλει
749 2640 817 2666 Θεοῦ
841 2639 951 2673 ζῶντος,

171 2686 348 2722 Ἰερουσαλὴμ
358 2686 520 2722 ἐπουρανίῳ
531 2686 577 2712 καὶ
587 2685 634 2712 ἅτε
645 2685 834 2717 παιδευθέντες
844 2686 897 2712 ὑπὸ
903 2685 952 2712 τοῦ

165 2730 355 2766 ἐξεληλυθότος
371 2732 387 2766 ἢ
402 2733 449 2758 καὶ
462 2731 680 2767 καταϐεϐηκότος
691 2733 722 2758 ὲκ
732 2732 782 2766 τῆς
792 2732 953 2767 ἐπουρανίου

172 2777 348 2813 Ἰερουσαλὴμ
361 2779 447 2812 Λόγου
458 2778 535 2810 Θεοῦ,
548 2778 585 2810 ὡς
596 2778 671 2805 ι”Οτι
686 2779 702 2814 ἡ
715 2778 954 2814 ἄνωῚερουσαλὴμ

167 2824 297 2860 ἐλευθέρα
314 2825 397 2855 ἐστὶν.
411 2825 470 2858 ἥτις
494 2825 552 2851 ἐστὶ
569 2825 659 2861 μήτηρ
670 2824 748 2860 ἡμῶν
758 2833 764 2839 “
779 2834 787 2850 ι
801 2825 847 2850 ἐπὶ
859 2824 954 2851 τοῦτον

205 2926 213 2940 ¹
228 2925 279 2953 lsa.
298 2925 348 2959 1,8
365 2925 405 2954 l5.
446 2926 455 2941 '
476 2925 538 2953 ibid.
557 2925 597 2952 il.
639 2924 722 2952 3ibid.
740 2924 784 2952 30.

1003 297 1110 322 vestras
1128 301 1183 321 non
1202 293 1300 326 feram.
1324 293 1412 330 iniqui
1436 298 1501 322 sunt
1515 299 1604 323 canus
1625 295 1730 323 vestri:
1745 303 1792 323 so-

1003 340 1158 367 lemnitates
1177 343 1283 368 vestras
1307 340 1395 368 odivit
1416 341 1507 368 anima
1532 348 1593 368 mea
1608 350 1614 368 :
1628 340 1700 368 facta
1726 345 1792 368 sunt

1003 385 1070 414 mihi
1084 386 1209 417 molesta,
1224 385 1344 413 laboravi
1360 386 1512 414 sustinens.
1530 386 1564 413 Et
1578 394 1640 414 cum
1664 387 1793 414 extende-

1004 431 1065 459 ritis
1078 439 1175 459 manus
1191 436 1308 464 vestras,
1327 437 1448 460 avertam
1463 433 1558 460 oculos
1573 440 1649 462 meos
1663 440 1679 459 a
1695 433 1792 461 vobis:

1004 480 1031 504 et
1045 485 1107 504 cum
1120 478 1368 513 multiplicaveritis
1380 479 1542 511 orationem,
1561 487 1615 506 non
1626 479 1771 506 exaudiam
1785 488 1792 506 :

1004 530 1104 550 manus
1121 523 1194 550 enim
1209 528 1307 551 vestrm
1330 524 1464 558 sanguine
1479 524 1564 560 plenae
1577 525 1673 551 sunt‘.
1690 534 1699 550 ι
1727 524 1794 552 Ani-

1004 569 1142 597 madverte
1158 570 1296 605 quomodo
1316 570 1467 606 Scriptura,
1490 571 1533 599 his
1549 571 1678 598 omnibus
1693 578 1793 606 expro-

1004 615 1087 647 batis,
1105 623 1193 650 neque
1210 616 1393 643 idololatriam
1409 616 1464 648 hic,
1486 624 1576 652 neque
1589 617 1671 644 aliam
1686 617 1727 645 eis
1743 617 1793 644 ini-

1004 662 1135 696 quitatem
1151 662 1256 697 objicit,
1278 670 1368 697 neque
1383 663 1547 698 sanguinum
1569 664 1727 696 multorum,
1744 664 1792 692 sed

1004 709 1087 736 unius
1101 709 1244 744 cujusdam
1257 710 1449 744 prtecellentis,
1473 710 1575 737 Christi
1595 711 1710 742 scilicet.
1725 711 1794 738 etl'u-

1004 754 1108 782 sionem
1125 754 1160 781 ob
1176 762 1257 789 quem
1284 754 1426 789 Scriptura
1450 762 1580 790 expresse
1600 756 1730 790 populum
1751 756 1792 783 in—

1003 806 1098 835 crepat
1123 800 1218 828 dicens
1241 810 1247 828 :
1268 810 1277 826 ‹
1293 800 1391 828 Manus
1422 806 1519 829 vestra:
1545 801 1677 836 sanguine
1706 801 1794 837 plenae

1004 846 1088 874 sunt?
1107 856 1115 871 ι
1133 845 1305 881 Quapropter
1318 846 1449 873 continuo
1476 846 1570 881 adjicit
1591 856 1598 874 :
1627 856 1636 872 ι
1651 846 1793 880 Quomodo

1004 891 1076 919 facta
1092 896 1134 919 est
1149 892 1277 919 meretrix
1293 892 1392 919 civitas
1409 892 1507 924 ﬁdelis,
1525 892 1603 927 plena
1616 892 1732 927 judicii?
1744 891 1793 920 Ju-

1003 938 1077 965 stitia
1094 937 1228 964 habitavit
1242 938 1268 964 in
1279 945 1322 967 ea.
1336 944 1410 964 nunc
1424 941 1514 965 autem
1529 937 1734 973 homicidze'?)
1754 939 1792 966 Ac

1003 987 1098 1019 postea
1121 990 1231 1010 rursum
1255 990 1350 1010 eorum
1376 982 1597 1018 reprobationem
1618 990 1707 1010 sermo
1733 991 1794 1018 pro-

1003 1029 1157 1065 phetizans,
1172 1029 1216 1056 bis
1238 1028 1330 1056 verbis
1351 1028 1452 1056 desinit
1467 1038 1474 1055 :
1489 1038 1498 1053 ι
1516 1029 1601 1055 Erunt
1615 1029 1694 1063 quasi
1715 1036 1794 1064 quer-

1003 1083 1052 1103 cus
1077 1074 1261 1102 deﬂuentibus
1287 1074 1378 1107 foliis,
1406 1078 1434 1103 et
1466 1075 1539 1102 velut
1568 1075 1664 1102 hortus
1691 1075 1794 1110 absque

1003 1128 1085 1156 aqua.
1102 1120 1135 1147 Et
1149 1121 1203 1148 erit
1220 1119 1353 1148 fortitudo
1365 1125 1468 1152 vestra,
1486 1124 1515 1147 ut
1532 1119 1623 1147 favilla
1640 1125 1754 1156 stuppae,
1766 1125 1792 1148 et

1002 1174 1073 1202 opus
1085 1171 1206 1194 vestrum
1219 1166 1298 1201 quasi
1310 1167 1429 1194 scintilla
1441 1171 1482 1194 :et
1492 1165 1675 1194 succendetur
1686 1168 1792 1193 utrum-

1003 1219 1056 1247 que
1079 1212 1171 1244 simul,
1189 1215 1217 1239 et
1240 1219 1296 1239 non
1319 1211 1372 1239 erit
1393 1212 1441 1246 qui
1455 1211 1613 1247 exstinguat
1625 1211 1645 1238 ³.
1662 1221 1671 1237 ι
1689 1208 1752 1239 Haec
1766 1216 1793 1239 et

1003 1258 1102 1285 similia
1113 1258 1140 1284 in
1157 1258 1205 1286 eos
1217 1257 1404 1293 praenuntians
1417 1257 1569 1293 prophetia,
1582 1257 1712 1285 continuo
1725 1257 1792 1284 sub—

1000 1304 1061 1340 jicit
1088 1312 1120 1332 ea
1140 1312 1200 1339 quae
1228 1304 1285 1339 jam
1317 1304 1393 1339 prius
1422 1304 1576 1335 retulimus,
1597 1303 1712 1335 scilicet,
1731 1313 1740 1328 ι
1759 1303 1793 1330 Et

1002 1351 1054 1377 crit
1077 1349 1105 1376 in
1135 1349 1292 1377 novissimis
1311 1349 1407 1376 diebus
1435 1347 1597 1376 manifestus
1628 1353 1707 1375 mons
1741 1347 1793 1375 Ι)οι

1004 1396 1070 1423 mini
1084 1396 1105 1423 ⁸.
1123 1406 1132 1421 ι
1150 1396 1252 1430 Aperte
1269 1399 1330 1430 post
1354 1395 1471 1423 istorum
1493 1395 1601 1430 plenam
1628 1394 1793 1429 perfectam-

1003 1449 1055 1476 que
1070 1441 1292 1476 reprobationem
1307 1444 1333 1468 et
1350 1441 1467 1474 ruinam,
1482 1440 1549 1468 Novi
1564 1440 1733 1468 Testamenti
1751 1439 1794 1468 in-

1004 1487 1172 1514 stitutionem
1193 1482 1322 1519 ostendit,
1339 1494 1393 1521 qua
1409 1486 1570 1514 manifestus
1585 1486 1714 1514 omnibus
1728 1493 1794 1522 gen-

1003 1532 1076 1560 tibus
1101 1540 1181 1559 mons
1200 1531 1289 1560 factus
1303 1536 1346 1559 est
1364 1532 1483 1560 Domini.
1503 1531 1598 1565 Qualis
1612 1539 1690 1566 vero,
1702 1540 1791 1564 mons.

1002 1578 1056 1605 nisi
1074 1578 1120 1612 qui
1145 1578 1173 1604 in
1195 1578 1330 1612 principio
1352 1578 1423 1612 apud
1446 1577 1542 1610 Deum,
1565 1577 1635 1605 Deus
1650 1577 1793 1605 Verbum?

1002 1623 1061 1658 ipse
1083 1622 1156 1650 enim
1176 1621 1300 1649 Salvator
1311 1625 1338 1649 et
1353 1621 1486 1651 Dominus
1506 1626 1610 1655 noster,
1622 1629 1703 1657 quem
1717 1623 1793 1657 prius

1001 1669 1282 1704 ostendimus,dequo
1290 1672 1317 1696 et
1327 1668 1354 1695 in
1371 1667 1485 1696 Psalmis
1495 1668 1604 1701 dicitur,
1616 1674 1626 1694 ι
1642 1668 1719 1696 MOns
1733 1669 1792 1702 Dei,

1001 1723 1081 1744 mons
1097 1715 1204 1750 pinguis
1217 1724 1239 1748 μ
1250 1718 1287 1746 et,
1300 1723 1309 1739 ι
1326 1713 1403 1742 Mons
1418 1714 1446 1740 in
1465 1721 1519 1748 quo
1540 1713 1737 1749 beneplacitum
1752 1720 1806 1750 est,

1002 1762 1057 1789 Deo
1078 1761 1204 1788 habitare
1231 1760 1258 1787 in
1285 1767 1318 1787 eo
1329 1760 1351 1786 '.
1369 1769 1378 1785 ι
1400 1758 1500 1786 Praeter
1520 1760 1594 1787 hunc
1620 1763 1741 1788 montem
1766 1766 1793 1788 et

1001 1809 1098 1836 domus
1128 1807 1235 1834 Domini
1257 1804 1401 1833 manifesta
1432 1804 1504 1832 facta
1524 1810 1576 1833 est.
1604 1805 1704 1834 Domus
1729 1814 1794 1834 vero

1003 1859 1075 1884 esset
1089 1848 1136 1883 Dei
1156 1853 1290 1885 Ecclesia,
1306 1860 1367 1889 qum
1382 1853 1410 1880 in
1423 1854 1522 1880 vertice
1536 1853 1671 1880 montium
1686 1857 1794 1888 aposto-

1002 1901 1118 1928 lieorum
1142 1905 1168 1928 et
1191 1900 1415 1935 propheticorum
1440 1899 1585 1926 verborum
1608 1899 1712 1927 elevata
1738 1904 1791 1927 est.

1002 1947 1108 1980 Quibus
1123 1954 1189 1974 vero
1213 1945 1396 1973 manifestatis
1416 1953 1498 1980 super
1513 1945 1587 1973 hunc
1602 1946 1693 1981 ipsum
1712 1953 1792 1973 mon-

1003 1997 1067 2025 tem,
1086 1997 1210 2028 apertum
1227 1997 1270 2020 est
1293 1992 1366 2028 quOd
1383 1992 1506 2020 divinum
1521 1992 1636 2019 verbum
1650 1999 1705 2019 non
1724 1999 1792 2019 con-

1003 2043 1114 2067 secutus
1137 2042 1180 2066 est
1200 2039 1297 2071 Israel,
1325 2046 1414 2074 neque
1436 2038 1532 2066 multis
1560 2038 1628 2066 locis
1649 2037 1792 2073 designata

1001 2085 1100 2112 domus
1121 2083 1217 2116 Iacob.
1243 2084 1292 2113 sed
1320 2084 1349 2112 in
1378 2084 1538 2112 universum
1562 2092 1657 2112 omnes
1684 2088 1790 2120 gentes.

1002 2131 1116 2160 Constat
1144 2130 1217 2158 enim
1243 2138 1298 2166 quo
1324 2131 1405 2158 modo
1433 2138 1522 2166 quave
1549 2131 1656 2159 ratione
1678 2131 1794 2167 expletis

1004 2178 1155 2206 Salvatoris
1179 2177 1268 2205 nostri
1294 2177 1515 2205 manilestatione
1539 2178 1730 2213 prtenuntiatis
1751 2186 1794 2205 re-

1003 2225 1053 2252 bus
1067 2224 1277 2259 manifestisque
1289 2223 1382 2255 factis,
1395 2231 1473 2251 mons
1488 2228 1517 2251 et
1530 2224 1628 2251 domus
1641 2232 1703 2260 quae
1713 2224 1794 2251 modo

1004 2271 1177 2304 interpretati
1197 2277 1314 2302 sumus,
1336 2277 1389 2297 nos
1407 2277 1422 2297 e
1447 2270 1577 2305 gentibus
1600 2278 1647 2306 per
1669 2270 1750 2298 ﬁdem
1766 2270 1794 2297 in

1003 2318 1142 2345 Christum
1167 2317 1212 2345 Dei
1236 2316 1336 2344 Filium
1360 2316 1395 2344 ad
1412 2315 1539 2344 omnium‘
1556 2316 1639 2344 Deum
1656 2317 1793 2352 perducti.

1005 2366 1102 2393 horum
1114 2365 1224 2400 quidem
1238 2364 1478 2399 quondaminscii,
1496 2364 1569 2390 nunc
1580 2369 1645 2390 vero
1658 2370 1707 2398 per
1722 2361 1795 2390 divi-

1005 2421 1068 2440 nam
1083 2411 1198 2447 gratiam
1216 2411 1308 2446 periti,
1326 2411 1360 2438 ad
1387 2410 1453 2438 Sion
1474 2408 1594 2436 montem
1612 2411 1640 2435 et
1655 2406 1795 2434 civitatem

1005 2458 1052 2486 Dei
1074 2457 1200 2488 viventis,
1218 2456 1425 2491 Jerusalemque
1445 2456 1584 2483 caelestem
1610 2454 1794 2488 pervenimus.

1006 2503 1040 2530 Et
1053 2503 1127 2530 velut
1139 2502 1229 2531 edocti
1247 2503 1281 2529 ab
1298 2502 1345 2529 illo
1361 2502 1408 2537 qui
1427 2509 1556 2537 egressus
1569 2505 1612 2528 est
1625 2501 1666 2528 vel
1678 2500 1795 2528 descen-

1007 2550 1046 2577 dit
1057 2549 1091 2576 de
1101 2549 1207 2576 caelesti
1219 2548 1382 2579 Jerusalem,
1396 2547 1486 2576 Verbo
1501 2547 1566 2580 Duo,
1582 2548 1709 2575 novimus
1723 2547 1795 2582 quod

1009 2605 1018 2621 ι
1032 2596 1077 2622 illa
1100 2603 1160 2630 qua;
1175 2602 1285 2622 sursum
1310 2598 1353 2622 est
1373 2594 1535 2626 Jerusalem,
1556 2595 1641 2622 libera
1663 2598 1717 2626 est,
1736 2601 1797 2629 qua:

1006 2646 1049 2669 est
1071 2644 1159 2668 mater
1180 2645 1276 2668 nostra
1287 2641 1307 2668 ⁸.
1325 2651 1334 2667 ι
1359 2641 1401 2669 Ad
1421 2641 1494 2669 hanc
1519 2642 1659 2670 emlestem
1679 2642 1726 2669 Dei
1746 2641 1796 2670 do-

1006 2695 1091 2719 mum,
1107 2687 1141 2715 ad
1159 2687 1237 2720 Sion,
1259 2687 1399 2716 caelestem
1416 2692 1536 2715 montem
1552 2687 1671 2719 Domini,
1689 2695 1740 2715 nos
1755 2687 1796 2715 in-

1005 2733 1093 2762 vicem
1114 2734 1262 2761 invitantes
1279 2733 1511 2770 adhortantesque
1534 2734 1668 2762 doctrinis
1682 2738 1709 2761 et
1724 2734 1795 2761 inci-

1005 2779 1166 2813 tationibus,
1184 2779 1363 2809 dictitamus:
1383 2789 1393 2806 ι
1411 2780 1506 2808 Venite
1525 2784 1552 2808 et
1568 2781 1749 2809 ascendamus
1762 2780 1795 2807 ad

1005 2830 1125 2854 montem
1140 2825 1259 2860 Domini,
1281 2831 1310 2854 et
1329 2827 1363 2855 ad
1388 2827 1499 2855 domum
1521 2827 1570 2855 Dei
1583 2826 1688 2856 Jacob:
1704 2830 1732 2856 et
1746 2825 1796 2854 du-

839 2925 848 2939 "
863 2924 913 2952 Isa.
929 2925 998 2957 ".1.
1022 2926 1048 2964 α’
1063 2924 1136 2954 Psal.
1151 2934 1236 2962 uvrt,
1252 2927 1295 2961 15,
1306 2926 1350 2956 i6.
1389 2927 1399 2943 ⁸
1411 2927 1470 2955 Gai.
1487 2935 1524 2962 tv,
1535 2927 1582 2956 26.
