2035 3214
271 157 343 185 H99

641 157 773 185 EUSEBII
794 157 1037 186 CESARIENSIS.
1053 159 1129 188 OPP.
1151 160 1241 189 PARS
1259 161 1303 189 ill.
1323 178 1357 183 —
1376 162 1580 191 EXEGETICA.

1802 169 1855 198 1100

270 216 341 244 cebit
363 223 412 243 nos
436 216 493 243 vias
517 223 591 248 suas.
621 220 648 243 et
674 217 873 246 ambulabimus
897 219 925 246 in
947 220 1034 246 semiti

1085 251 1087 258 ι
1102 222 1147 248 τὸν
1163 223 1323 259 ἐπουράνιον
1337 221 1410 250 οἷκον
1423 224 1469 250 τοῦ
1485 225 1562 256 Θεοῦ,
1581 224 1627 251 καὶ
1638 225 1683 251 ἐπὶ
1702 225 1730 251 τὸ
1740 226 1806 258 Σιὼν,
1821 232 1856 256 καὶ

268 262 329 296 ejus
341 263 360 289 ί.
376 272 385 288 ι
402 262 506 295 Quibus
528 270 593 290 vero
607 263 734 298 expletis,
749 269 777 291 et
799 264 845 292 Dei
862 258 954 300 gratia.
973 266 1052 294 nobis

268 309 396 336 omnibus
420 308 612 339 manifestatis.
634 309 686 336 alia
701 317 810 345 quoque
830 311 972 346 prophetia
992 313 1052 339 exi-

268 361 324 382 tum
347 354 449 386 habuit,
471 361 523 389 qua
541 354 628 390 ipsum
651 356 769 384 salutare
791 356 910 385 Verbum
935 359 1051 386 manife-

267 401 337 428 stius
353 401 398 427 illa
410 408 470 435 qua:
483 408 555 428 nunc
570 401 650 428 nobis
663 402 824 429 elucidanda
840 407 882 431 est
897 404 1049 438 prophetia,

267 449 383 473 testatur
407 446 500 473 dicens
519 456 524 473 :
540 446 728 474 «Manifestus
753 448 842 476 factus
868 457 929 477 sum
953 450 986 477 iis
1003 451 1051 485 qui

266 497 329 520 ante
345 501 399 520 non
415 493 639 528 interrogabant;
656 494 819 522 invenerunt
841 497 887 531 qui
909 504 963 524 non
978 504 1052 532 quae-

266 540 372 568 sierunt
388 547 430 566 me
444 548 450 572 ;
464 539 519 566 dixi
538 550 543 567 :
559 539 629 568 Ecce
654 549 714 576 ego,
734 550 798 570 ecce
817 550 867 577 ego
883 543 917 570 ad
930 547 1048 579 gentem.

264 594 325 621 qua:
335 594 388 614 non
401 586 544 613 invocabat
557 594 655 614 nomen
671 595 760 615 meum
768 589 788 615 '.
801 598 810 614 ›
829 588 857 615 Si
873 590 935 624 quis
949 594 1049 618 nostra:

264 640 317 660 non
332 633 486 660 consentiat
506 633 734 668 interpretationi,
751 643 831 669 quem
851 636 935 663 alium
950 636 984 663 ile
997 636 1049 664 hoc

263 682 356 706 monte
372 679 414 705 vel
430 679 512 706 domo
534 678 580 706 Dei
602 688 713 708 sensum
738 682 868 709 exhibere
892 683 979 717 possit
1004 691 1048 710 ne-

264 724 331 757 scio,
349 724 383 752 de
397 725 498 760 quibus
515 725 667 760 prophetia,
688 727 809 754 nandum
826 736 899 755 nunc
917 736 1048 763 corpora-

264 771 325 797 liter
348 771 539 803 manifestatis.
559 780 620 807 quae
643 773 718 807 prius
740 774 824 801 relata
848 778 912 801 sunt
932 775 1046 802 indicat.

263 816 383 844 Possunt
395 817 452 845 hac
471 825 581 853 quoque
593 819 672 846 aliter
684 820 832 847 secundam
844 820 946 848 Christi
960 822 1047 847 mani-

263 862 435 893 festatiouem
462 864 627 900 significare,
656 870 722 893 tunc
745 866 836 901 potius
865 875 947 902 quam
973 875 1046 894 nunc

1104 269 1168 295 αὐτὸ
1183 270 1343 305 ἐπουράνιον
1360 270 1424 305 ὅρος
1439 271 1550 306 Κυρίου,
1567 271 1740 306 διεγείροντες
1753 273 1866 308 ἀλλήλους,

1103 315 1149 340 καὶ
1160 314 1391 345 κατασπεύδοντες
1404 315 1448 341 διὰ
1461 315 1509 350 τῆς
1526 315 1697 347 διδασκαλίας
1711 317 1753 343 καὶ
1763 325 1854 354 προτρο-

1102 360 1156 394 πῆς
1168 368 1272 395 φαμεν·
1291 370 1299 385 ι
1317 359 1409 392 Δεῦτε,
1425 361 1474 390 χαὶ
1499 360 1642 396 ἁναϐῶμεν
1655 363 1694 393 εἰς
1710 361 1738 388 τὸ
1753 362 1805 397 ὅρος
1814 365 1856 391 Κυ.

1103 405 1170 441 ρίου,
1180 406 1227 432 καὶ
1236 407 1275 437 εἰς
1282 406 1328 432 τὸν
1339 404 1412 433 οἷκον
1419 406 1465 432 τοῦ
1477 406 1543 432 Θεοῦ
1562 407 1658 433 Ἰακώῆ
1668 415 1674 422 ·
1685 407 1730 434 καὶ
1740 408 1858 443 ἀναγγελεῖ

1100 452 1166 486 ἡμῖν
1185 453 1233 487 τὴν
1257 452 1316 478 ὁδὸν
1332 452 1425 484 αὺτοῦ,
1449 453 1495 479 καὶ
1517 452 1706 488 πορευσόμεθα
1728 453 1754 479 ὲν
1771 455 1855 490 αὑτῇ.ι

1101 497 1210 524 Τούτων
1230 497 1251 523 δ’
1264 498 1496 525 ἀποτελεσθέντων
1508 518 1515 529 ,
1534 499 1580 525 καὶ
1603 498 1669 525 Θεοῦ
1691 499 1775 534 χάριτι
1793 502 1859 528 πᾶσιν

1100 544 1166 579 ἡμῖν
1188 543 1315 578 ἐμφανῶν
1335 544 1498 578 γενομένων,
1509 544 1555 570 καὶ
1582 544 1647 580 ἄλλη
1668 553 1710 575 τις
1732 547 1858 581 προφητεία

1100 590 1186 626 πέρας
1203 589 1307 624 εἴληφε,
1321 590 1353 616 δι’
1376 587 1410 625 ἦς
1425 590 1505 622 αὐτὸς
1517 590 1531 617 ό
1551 590 1681 625 σωτήριος
1694 590 1773 624 Λόγος
1791 592 1858 627 σαρί-

1100 644 1194 670 στερον
1214 636 1396 671 ἐπιμαρτυρεῖ
1418 636 1450 670 τῇ
1479 635 1547 670 μετὰ
1570 637 1662 671 χεῖρας
1685 638 1808 672 περικοπῇ
1821 638 1859 673 τῆς

1097 681 1144 708 τοῦ
1159 682 1268 708 ¹Ησαῖου
1285 681 1459 717 προφητείας,
1468 681 1554 715 λέγων
1563 690 1570 696 ·
1583 690 1592 706 ι
1604 682 1738 717 Ἐμφανὴς
1750 683 1860 719 ἐγενήθην

1098 730 1153 760 τοῖς
1164 728 1214 764 ὲμὲ
1230 728 1266 764 μὴ
1288 728 1477 764 ἐπερωτῶσιν·
1501 727 1615 764 εὐρέθην
1635 730 1691 760 τοῖς
1710 720 1757 763 sp}
1775 730 1808 765 μὴ
1823 729 1860 765 ζη-

1097 773 1206 801 τοῦσιν·
1230 771 1305 805 εἶπα,
1325 774 1389 800 Ἰδοὺ
1411 773 1465 808 ἐγώ
1486 774 1543 808 ειμι
1564 773 1651 806 ἔθνει,
1670 774 1694 800 οἳ
1716 774 1860 807 οὐδὲπεκά-

1097 820 1177 847 λεσαν
1188 820 1218 846 τὸ
1229 819 1315 854 ὄνομά
1331 828 1391 855 μου.
1405 829 1415 844 ι
1429 820 1459 846 El
1470 819 1497 846 δὲ
1511 819 1547 854 μὴ
1562 819 1647 851 οὕτως
1667 820 1772 847 ἐκ).άὸοι
1786 829 1822 852 τις
1834 822 1860 848 τὰ

1097 865 1168 893 κατὰ
1178 865 1242 896 τοὺς
1254 865 1362 896 τόπους,
1378 866 1453 890 ποῖον
1470 865 1502 891 ἂν
1515 864 1577 900 ὅρος
1597 863 1614 900 ἦ
1633 866 1709 891 ποῖον
1727 865 1788 892 Θεοῦ
1800 864 1860 893 οἷκον

261 908 408 943 perfectum
428 911 547 939 oraculis
560 912 663 939 exitum
681 913 825 941 habituris.
845 913 921 941 Scire
937 921 1038 948 quoquc

1096 911 1182 943 ἄλλως
1198 911 1254 946 ἔχοι
1275 911 1308 937 ἂν
1323 909 1464 942 ἐπιδεῖξαι,
1485 911 1549 946 περὶ
1567 907 1604 936 ὧν
1627 911 1643 946 ἡ
1660 911 1818 946 προφητεία,
1832 912 1862 944 ὡς

260 963 348 990 operae
366 957 481 991 pretium
495 961 537 984 est
560 957 617 985 haec
632 958 687 985 fere
702 958 734 985 ad
751 959 869 986 litteram
886 959 912 985 in
928 959 1045 986 Michaae

261 1002 401 1037 prophetia
414 1003 539 1030 inveniri.

1100 957 1136 992 μὴ
1163 956 1223 982 τότε
1242 955 1327 982 ὄντων
1344 955 1507 991 σωματικῶς
1530 955 1677 990 ἐμφανῶν,
1700 956 1734 982 τὰ
1751 963 1862 991 προεκτε-

1098 1003 1177 1029 θέντα
1194 1002 1329 1038 σημαίνει.
1348 1001 1463 1028 Δύναται
1479 1001 1507 1028 δὲ
1521 1001 1605 1028 ταῦτα
1619 1002 1666 1028 καὶ
1679 1001 1764 1034 ἄλλως
1778 1003 1812 1034 εὶς
1822 1002 1863 1038 τὴν

259 1049 386 1086 δευτέραν
402 1050 449 1076 τοῦ
461 1050 577 1086 Χριστοῦ
593 1051 742 1086 παρουσίαν
758 1052 789 1087 (f.
799 1051 834 1078 45
846 1051 884 1086 νυ)
900 1051 1090 1087 ἁρμόττεσθαι,
1108 1049 1146 1081 ὡς
1158 1048 1218 1075 τότε
1238 1047 1335 1083 μᾶλλον
1349 1047 1365 1083 ἢ
1381 1047 1428 1074 νῦν
1441 1047 1696 1083 πληρωθησομένων
1708 1048 1808 1080 τελείως
1817 1049 1862 1074 τῶν

259 1102 532 1133 προπεφητευμένων.
549 1099 644 1125 Ίστέον
658 1099 696 1130 δὲ,
708 1099 745 1131 ὡς
761 1099 792 1126 τὰ
809 1100 877 1127 αὐτὰ
892 1100 961 1126 κατὰ
975 1099 1045 1131 λέξιν
1063 1097 1154 1132 σχεδὸν
1169 1096 1316 1131 ἐμφέρεται
1336 1096 1382 1122 καὶ
1394 1096 1422 1121 ἐν
1439 1096 1472 1130 τῇ
1485 1094 1532 1121 τοῦ
1543 1094 1658 1129 Μιχαίου
1674 1095 1825 1130 προφητείᾳ.

566 1154 680 1183 CAPUT
701 1155 734 1183 II.

571 1201 612 1227 E1
627 1201 725 1229 eadem.

299 1255 308 1272 ι
322 1246 391 1273 Ecce
403 1246 476 1274 enim
490 1246 645 1274 dominator
666 1247 795 1275 Dominus
806 1249 974 1276 exercituum
993 1257 1042 1275 ους

259 1292 327 1320 feret
355 1300 369 1319 a
393 1292 545 1320 Jerusalem
567 1299 593 1320 et
617 1301 632 1320 a
648 1293 717 1321 .luda
743 1294 861 1321 validum
885 1299 912 1322 et
933 1295 1041 1327 fortem,

257 1346 337 1366 omne
357 1339 440 1366 robur
458 1339 536 1374 panis
561 1345 587 1366 et
610 1347 691 1366 omne
714 1340 797 1367 robur
816 1348 913 1374 aquae:
932 1340 1039 1371 fortem,

256 1389 283 1412 et
297 1385 385 1412 virum
402 1385 570 1416 bellatorem,
584 1385 716 1419 judicem,
732 1390 758 1413 et
772 1386 978 1420 prophetam,et
991 1386 1041 1412 ha-

257 1432 365 1464 riolum,
382 1436 408 1459 et
431 1440 542 1459 senem:
559 1433 708 1468 principem
734 1440 817 1467 super
832 1432 1040 1467 quinquaginta,

255 1482 282 1504 rt
296 1478 479 1505 houorabilem
492 1478 578 1510 vultu,
592 1482 618 1505 et
634 1478 832 1510 consiliarium,
849 1482 875 1505 et
891 1478 1039 1513 sapientem

255 1524 289 1552 de
307 1524 479 1556 architectis,
500 1528 526 1551 et
554 1525 714 1559 prudentem
739 1525 839 1560 eloquii
863 1525 981 1560 mystici.
1007 1523 1040 1551 Et

255 1570 324 1597 dabo
347 1578 445 1605 pueros
462 1570 599 1605 principes
618 1578 723 1604 eorum,
735 1575 763 1598 et
780 1571 927 1599 effeminati
948 1571 1036 1598 domi-

255 1615 392 1642 nabuntur
410 1616 488 1649 eis';
504 1626 513 1641 ι
538 1612 700 1652 ειτεὶὶῳιιι,
723 1618 822 1652 quibus
847 1617 920 1645 addit
944 1617 1034 1645 Deus:

258 1671 266 1686 ι
284 1660 372 1689 Nolite
397 1662 565 1689 constituere
591 1670 634 1690 me
663 1663 812 1698 principem
838 1664 940 1698 populi.
971 1663 1037 1691 Ruit

248 1705 324 1734 'cnim
335 1707 495 1740 Jerusalem,
517 1713 543 1736 et
557 1707 626 1736 Juda
643 1710 762 1736 concidit
776 1719 782 1736 :
796 1710 858 1744 quia
877 1710 968 1745 lingua
989 1718 1036 1738 eo—

253 1760 313 1780 rum
332 1758 358 1780 et
372 1754 578 1782 adinvcntiones
598 1763 692 1782 eorum
715 1761 809 1782 contra
830 1756 986 1788 Dominum,
1007 1761 1037 1783 ut

252 1804 412 1833 provocaret
433 1801 530 1827 oculos
548 1801 699 1836 majestatis
725 1802 794 1836 ejus.
821 1802 928 1837 Agnitio
945 1802 1036 1829 vultus

251 1853 345 1874 eorum
363 1846 502 1880 respondit
521 1846 563 1874 eis
577 1856 583 1874 :
597 1851 623 1874 et
637 1852 779 1886 peccatum
796 1856 875 1875 suum
889 1849 967 1883 quasi
985 1848 1036 1875 So-

251 1891 330 1919 doma
350 1892 579 1927 praedicaverunt,
601 1901 651 1920 nec
676 1893 899 1921 absconderunt:
916 1901 957 1920 vae
977 1894 1036 1920 ani-

251 1945 302 1965 ma
321 1945 427 1971 corum,
449 1939 578 1974 quoniam
594 1939 696 1966 malum
712 1939 833 1966 meditati
855 1943 920 1966 sunt
944 1939 1035 1965 consi-

250 1984 318 2012 lium
338 1985 365 2012 in
386 1985 476 2020 seipsa
504 1986 645 2013 dicentes:
660 1984 817 2012 Vinciemus
842 1984 948 2019 justum
968 1992 1035 2019 quo-

249 2031 323 2058 niam
340 2031 444 2058 iautilis
456 2035 517 2063 est;
535 2032 661 2066 quoniam
678 2031 795 2058 fructum
813 2030 1033 2058 adinventionum

249 2083 361 2104 suarum
376 2077 517 2105 comedent
524 2077 544 2104 ⁸.
557 2087 565 2103 ι
588 2076 669 2104 Liber
679 2077 726 2112 qui
748 2077 905 2105 Solomonis
919 2075 1033 2111 Sapien-

249 2121 287 2148 tia
312 2121 424 2155 dicitur,
438 2121 495 2149 fere
510 2123 605 2149 eadem
621 2123 654 2149 de
675 2123 750 2157 justo
764 2122 902 2156 eloquitur
920 2131 927 2148 :
946 2131 956 2147 ‹
975 2121 1034 2148 Cir-

248 2167 454 2194 cumveniamus
469 2175 535 2202 ergo
549 2168 800 2202 justum,quoniam
814 2167 918 2194 inutilis
930 2170 972 2194 est
985 2174 1034 2193 no-

247 2211 292 2239 bis
305 2214 332 2238 et
348 2212 503 2239 contrarius
525 2216 567 2239 est
586 2212 679 2239 verbis
693 2211 799 2239 nostris
811 2212 831 2238 '.
854 2220 863 2236 ι
882 2210 970 2245 Hujus
981 2211 1033 2238 loci

1051 1596 1073 1627 C

1355 1151 1553 1178 ΚΕΦΔΛΑΙΟΝ
1575 1151 1613 1178 B’.

1399 1212 1452 1239 Τοῦ
1469 1212 1572 1239 αὑτοῦ.

1131 1270 1139 1285 ι
1158 1260 1222 1286 Ἰδοὺ
1254 1259 1295 1294 δὴ,
1326 1259 1340 1284 ό
1365 1257 1497 1293 δεσπότης
1526 1257 1638 1284 Σαϐαὼθ
1654 1256 1750 1292 ἀφελεῖ
1761 1257 1812 1284 ἀπὺ
1823 1257 1864 1292 τῆς

1097 1306 1225 1337 Ἰουδαίας
1250 1305 1296 1332 καὶ
1313 1303 1366 1330 ἀπὸ
1382 1303 1556 1339 Ἰερουσαλὴμ
1571 1303 1699 1338 ἰσχύοντα
1714 1304 1760 1330 καὶ
1772 1303 1863 1337 ἰσχύον-

1091 1360 1150 1384 σαν,
1177 1351 1252 1385 ἰσχὺν
1277 1351 1358 1385 ἄρτου
1379 1349 1426 1375 καὶ
1453 1349 1529 1383 ἰσχὺν
1557 1348 1665 1380 ὕδατος,
1694 1349 1806 1382 γίγαντα
1825 1347 1864 1374 καὶ

1090 1396 1227 1432 ἰσχύοντα,
1246 1397 1293 1422 καὶ
1314 1395 1455 1430 ἄνθρωπον
1480 1393 1655 1430 πολεμιστὴν,
1673 1395 1720 1420 καὶ
1736 1394 1863 1428 δικαστὴν,

1089 1442 1135 1469 καὶ
1152 1442 1304 1477 προφήτην,
1316 1441 1361 1467 καὶ
1376 1440 1536 1476 στοχαστὴν,
1553 1440 1599 1467 καὶ
1616 1439 1810 1475 πρεσϐύτερον,
1825 1439 1864 1466 καὶ

1089 1488 1335 1523 πεντηκόνταρχον,
1346 1487 1392 1513 καὶ
1403 1485 1555 1521 θαυμαστὸν
1565 1486 1595 1512 σύ
1601 1485 1728 1520 μόουλον,
1738 1486 1783 1512 καὶ
1796 1485 1865 1519 σοιρὶν

1089 1533 1277 1569 ἀρχιτέκτονα,
1294 1532 1340 1558 καὶ
1356 1532 1463 1558 συνετὴν
1480 1532 1626 1566 ἀκροατήν.
1658 1531 1716 1557 Καὶ
1739 1532 1866 1572 Emungam

1087 1579 1244 1610 νεανίσκους
1260 1578 1392 1614 ἄρχοντας
1411 1577 1515 1608 αὐτῶν,
1534 1577 1581 1604 καὶ
1596 1578 1749 1612 ἐμπαῖκται
1769 1575 1865 1611 κυριεύ⁴

1089 1633 1180 1651 σουσιν
1204 1624 1302 1654 αὐτῶν,
1318 1633 1327 1649 ι
1353 1623 1400 1650 καὶ
1423 1622 1458 1648 τὰ
1483 1621 1563 1657 ἑξῆς·
1581 1619 1622 1652 οἷς
1647 1621 1772 1655 ἐπιλέγει
1793 1620 1862 1651 Θεός¹

1090 1679 1098 1694 ι
1112 1670 1170 1696 Οὐκ
1184 1668 1280 1703 ἔσομαι
1298 1667 1417 1702 ἀρχηγὸς
1433 1665 1478 1692 τοῦ
1498 1665 1562 1692 λαοῦ
1585 1665 1681 1692 τούτου
1691 1686 1700 1698 ,
1715 1666 1756 1692 ὅτι
1774 1664 1865 1691 ἀνεῖται

1093 1714 1285 1750 Ἰερουσαλὴμ,
1310 1714 1356 1740 καὶ
1378 1713 1395 1747 ἡ
1426 1711 1538 1738 Ἰουδαία
1561 1711 1765 1746 συμπέπτωκε,
1784 1710 1828 1737 καὶ
1841 1709 1865 1734 αι

1087 1761 1206 1794 γλῶσσαι
1223 1759 1312 1786 αὐτῶν
1328 1758 1396 1794 μετὰ
1413 1758 1538 1792 ἀνομίας,
1549 1757 1583 1783 τὰ
1596 1757 1667 1792 πρὸς
1684 1757 1787 1792 Κύριον
1798 1756 1866 1782 ἀπει-

1087 1803 1206 1835 θοῦντες.
1218 1802 1289 1829 Διότι
1311 1802 1358 1828 νῦν
1373 1801 1540 1836 ἐταπεινώθη
1559 1802 1575 1836 ἡ
1597 1801 1662 1834 δόξα
1677 1801 1779 1832 αὐτῶν,
1795 1801 1837 1827 καὶ
1851 1800 1866 1834 ἡ

1086 1848 1198 1884 αἰσχύνη
1214 1847 1261 1874 τοῦ
1285 1847 1430 1883 προσώπου
1452 1846 1541 1874 αὐτῶν
1560 1847 1678 1882 ἀντέστη
1696 1847 1806 1878 αὐτοῖς·
1825 1845 1867 1880 τὴν

1085 1893 1112 1920 δὲ
1128 1893 1264 1928 ἁμαρτίαν
1281 1893 1369 1919 αὐτῶν
1393 1892 1430 1924 ὡς
1445 1892 1568 1927 Σοδόμων
1582 1892 1753 1927 ὰνήγγειλαν
1769 1891 1813 1918 καὶ
1831 1891 1866 1916 ὲν-

1086 1939 1232 1973 εῳάνισαν·
1251 1939 1312 1964 οὐαὶ
1328 1933 1360 1974 τῇ
1377 1938 1449 1974 ψυχῇ
1475 1938 1574 1969 αὐτῶν,
1595 1938 1664 1964 διότι
1687 1938 1867 1974 βεδούλευνται

1086 1985 1182 2020 βουλὴν
1196 1984 1327 2020 πονηρὰν,
1343 1984 1403 2011 καθ’
1422 1983 1524 2011 ἑαυτῶν
1537 1984 1661 2016 εἰπόντες
1670 1993 1676 1999 ·
1690 1985 1820 2020 Δήσωμεν
1829 1982 1869 2009 τόν

1084 2031 1196 2063 δίκαιον,
1212 2031 1252 2057 ὅτι
1265 2030 1431 2066 δύσχρηστος
1444 2031 1510 2065 ἡμῖν
1533 2030 1593 2056 ἐστι
1604 2038 1611 2045 ·
1629 2030 1724 2057 τοίνυν
1734 2030 1768 2056 τὰ
1781 2029 1867 2064 γεννή-

1086 2085 1158 2110 ματα
1172 2075 1226 2102 τῶν
1242 2075 1330 2111 ἔργων
1349 2075 1438 2101 αὐτῶν
1454 2075 1595 2110 φάγονται.
1608 2085 1618 2100 ι
1634 2076 1694 2102 Καὶ
1713 2074 1867 2111 ἠ“λεγομένη

1084 2122 1253 2157 Σολομῶντος
1268 2121 1352 2156 Σοφία
1371 2121 1406 2147 τὰ
1422 2121 1599 2156 παραπλήσια
1615 2122 1676 2152 τοῖς
1699 2121 1795 2147 ἐνθάδε
1814 2119 1868 2154 περὶ

1083 2167 1128 2194 τοῦ
1143 2168 1246 2194 δικαίου
1259 2166 1430 2202 λελεγμένοις
1445 2166 1531 2198 οὕτως
1542 2167 1614 2202 ἔχει·
1630 2176 1641 2192 ι
1655 2166 1868 2202 Ἐνεδρεύσωμεν

1082 2213 1128 2239 τὸν
1139 2213 1250 2244 δίκαιον,
1258 2213 1298 2238 ὅτι
1308 2212 1475 2247 δύσχρηστος
1483 2213 1549 2248 ἡμῖν
1559 2213 1628 2244 ἐστι,
1640 2213 1692 2238 καὶ
1707 2210 1868 2238 ἐναντιοῦται

246 2257 330 2284 verba
341 2257 481 2285 evidenter
489 2257 522 2284 de
537 2258 648 2285 Christo
660 2258 734 2284 dicta
745 2265 806 2285 esse
815 2257 960 2289 videntur;
976 2257 1031 2284 illic

1085 2259 1138 2289 τοῖς
1145 2258 1232 2291 λόγοις
1244 2257 1330 2293 ἡμῶν.
1339 2257 1444 2284 »Ταῦτα
1458 2256 1486 2284 δὲ
1498 2258 1526 2283 ὲν
1544 2257 1662 2288 ἐκείνοις
1675 2256 1773 2291 σαφῶς
1789 2257 1820 2282 ὲκ
1826 2255 1869 2288 τῆς

246 2312 311 2332 vero
327 2304 361 2331 de
385 2303 578 2331 insidiantibus
593 2304 628 2334 ei,
642 2307 722 2338 atque
737 2304 764 2330 in
786 2303 882 2338 primis
901 2302 1031 2329 adversus

245 2358 293 2378 eos
305 2350 352 2385 qui
368 2350 468 2377 malum
483 2349 603 2377 meditati
621 2354 685 2376 sunt
699 2349 843 2376 consilium
861 2348 1030 2384 prophetiza-

245 2400 299 2422 tur.
313 2396 429 2430 ideoque
440 2395 663 2430 imprecationem
680 2394 707 2420 in
722 2401 770 2421 eos
789 2393 929 2428 Scriptura
944 2393 1031 2428 subji-

244 2441 301 2468 cit:
318 2451 327 2467 ι
348 2441 394 2468 νας
408 2441 505 2468 animae
523 2448 633 2472 eorum;
654 2449 662 2464 ι
680 2439 727 2466 scd
742 2443 769 2466 et
784 2447 892 2474 paenam
905 2446 965 2471 qua:
981 2446 1028 2465 eos

244 2490 336 2514 manet
356 2487 442 2519 addit,
458 2487 554 2514 dicens
571 2496 577 2514 :
604 2495 614 2511 ι
649 2485 780 2513 Fructum
804 2485 1027 2512 adinventionum

244 2539 356 2558 suarum
385 2532 535 2559 comedent.
559 2541 567 2556 ι
586 2530 652 2563 Quae
674 2530 746 2557 enim
773 2530 976 2557 seminaverunt
999 2529 1027 2555 in

242 2576 392 2609 Christum,
404 2577 461 2604 haec
479 2581 505 2604 et
527 2581 629 2603 metent
649 2575 675 2602 in
699 2575 744 2603 Dei
764 2576 877 2610 judicio.
893 2574 952 2602 Jam
966 2575 1027 2609 qui-

242 2623 303 2649 dem
328 2624 355 2650 in
377 2623 428 2650 hac
449 2623 503 2649 vita
525 2622 585 2649 vide
607 2629 698 2649 annon
713 2622 742 2648 in
764 2629 812 2649 eos
834 2621 961 2655 impletus
984 2624 1026 2648 cst

241 2672 303 2701 post
318 2675 382 2695 suas
397 2668 530 2695 adversus
554 2667 693 2695 Christum
720 2667 836 2694 insidias
862 2667 943 2701 hujus
959 2674 1022 2701 pro-

242 2712 339 2746 phetia
355 2721 445 2740 sermo
457 2714 551 2741 dicens
568 2723 576 2741 :
599 2723 609 2739 ι
628 2713 698 2740 Ecce
718 2713 872 2740 dominator
893 2712 1023 2740 Dominus

240 2758 407 2785 exercituum
432 2759 536 2787 auferet
551 2767 567 2786 a
585 2758 737 2786 Jerusalem
750 2762 778 2786 et
789 2765 803 2784 a
818 2758 887 2785 Iuda
903 2757 1022 2784 validum

239 2807 267 2830 et
282 2803 388 2831 fortem.
402 2805 490 2832 »νει-θ
504 2807 576 2832 enim
593 2805 682 2833 ablata
701 2810 742 2833 est
758 2805 792 2832 ab
809 2805 855 2837 iis,
871 2813 930 2840 qua:
945 2805 1021 2840 prius

276 2879 346 2908 'ln.
368 2889 396 2913 ιι,
410 2882 435 2908 3.
474 2883 482 2898 ι
500 2883 551 2910 lea.
570 2891 630 2915 ur,
647 2883 670 2910 1.
711 2883 719 2898 ³
739 2882 789 2909 lsa.
809 2890 849 2915 ιιι,
869 2883 894 2909 1,
932 2883 942 2897 ’⁵
962 2881 1012 2909 lsa.
1031 2890 1049 2913 ι,

1082 2302 1263 2338 συμφράσεως
1277 2302 1437 2337 ἐμφαίνεται
1448 2301 1570 2338 περὶτοῦ
1583 2301 1711 2337 Χριστοῦ
1727 2301 1867 2337 εἰρημένα·

1081 2350 1128 2376 καὶ
1144 2349 1178 2375 τὰ
1194 2348 1287 2376 ἐνθάδε
1305 2347 1450 2384 τοιγαροῦν
1465 2348 1529 2384 περὶ
1543 2347 1598 2375 τῶν
1613 2347 1867 2374 ἐπιϐουλευσάντων

1079 2395 1153 2431 αὑτῷ
1166 2395 1213 2422 καὶ
1233 2394 1292 2421 καθ’
1305 2394 1408 2421 ἑαυτῶν
1423 2393 1522 2429 μᾶλλον
1536 2395 1607 2430 ἢπερ
1618 2395 1686 2421 κατ’
1698 2392 1784 2420 αὐτοῦ
1798 2400 1868 2425 mw.-

1082 2439 1130 2476 ρὰν
1148 2439 1243 2475 βουλὴν
1272 2438 1491 2474 βουλευσαμένων
1505 2437 1714 2474 προφητεύεται
1725 2447 1732 2453 ·
1750 2437 1784 2463 δι’
1803 2436 1816 2462 ὃ
1827 2434 1868 2461 καὶ

1079 2485 1254 2521 καταλλήλως
1270 2485 1316 2511 τὸν
1341 2484 1503 2520 ταλανισμδν
1517 2485 1622 2516 ἑαυτοῖς
1639 2485 1655 2511 ὸ
1678 2484 1761 2518 λόγος
1778 2481 1868 2514 ἐπάγει

1077 2530 1121 2557 διὰ
1136 2530 1193 2561 τοῦ,
1209 2539 1218 2555 ι
1237 2530 1304 2556 Οὐαὶ
1318 2531 1350 2565 τῇ
1373 2529 1444 2564 ψυχῇ
1464 2528 1568 2556 αὐτῶν·
1588 2537 1598 2554 ›
1611 2528 1688 2555 ἀλλὰ
1702 2529 1752 2555 καὶ
1766 2527 1814 2562 τὴν
1825 2525 1867 2551 κύ·

1077 2576 1154 2603 λασιν
1176 2576 1227 2610 τὴν
1246 2575 1444 2611 περιμένουσιν
1462 2574 1561 2605 αὐτοὺς
1582 2574 1740 2609 προτίθησι
1766 2573 1866 2607 λέγων·

1081 2631 1089 2646 ι
1111 2621 1204 2648 Τοίνυν
1218 2620 1252 2647 τὰ
1263 2621 1418 2656 γεννήματα
1427 2620 1480 2646 τῶν
1493 2619 1581 2655 ἔργων
1595 2619 1694 2646 αὐτῶν
1704 2619 1844 2654 φάγονται·
1857 2626 1865 2641 ι

1069 2663 1156 2694 ’ὁποῖα
1170 2667 1223 2702 γὰρ
1239 2666 1366 2702 ἔσπειραν
1385 2666 1454 2692 κατὰ
1479 2665 1526 2692 τοῦ
1545 2665 1683 2700 Χριστοῦ,
1698 2664 1816 2692 τοιαῦτα
1827 2663 1868 2690 καὶ

1077 2712 1210 2748 θεριοῦσιν
1227 2713 1254 2738 ὲν
1270 2712 1308 2747 τῷ
1319 2711 1365 2738 τοῦ
1376 2711 1442 2738 Θεοῦ
1456 2711 1599 2747 κριτηρίῳ.
1611 2711 1688 2746 Ἤδη
1697 2711 1727 2737 δὲ
1745 2711 1793 2737 καὶ
1804 2708 1868 2736 κατὰ

1074 2759 1120 2786 τὸν
1146 2757 1262 2785 ἐνταῦθα
1288 2757 1343 2792 βίον
1361 2758 1411 2792 ὅρα
1433 2757 1456 2783 εί
1486 2757 1523 2792 μὴ
1548 2755 1618 2792 μετὰ
1644 2755 1699 2792 τὴν
1726 2755 1799 2783 κατὰ
1823 2752 1866 2780 τοῦ

1075 2803 1192 2839 Χριστοῦ
1224 2803 1366 2838 ἐπιϐουλὴν
1399 2802 1542 2838 ἐπληρώθη
1567 2802 1606 2833 εις
1633 2802 1742 2834 αὐτοὺς
1765 2802 1780 2829 ὁ
1802 2808 1864 2834 προ·

1073 2882 1132 2908 ΗΟ.
1172 2881 1181 2896 ⁵
1198 2880 1261 2915 Sap.
1275 2888 1306 2911 ιι,
1323 2879 1364 2906 12.
