2035 3214
195 188 256 215 1201

189 249 313 282 κείμενος
326 248 374 282 τῆς
397 250 563 285 προφητείας
584 250 672 284 λόγος,
695 251 708 276 ό
732 250 859 284 φάσκων·
875 260 883 274 ι
908 250 972 276 Ἰδοὺ

187 292 218 328 δὴ
235 293 249 319 ό
264 293 394 329 δεσπότης
407 295 508 330 Κύριος
527 294 637 322 summa
660 295 754 330 ἀφελεῖ
770 295 824 322 ἀπὸ
834 295 883 330 τῆς
905 296 972 321 Ίουα

186 339 264 370 δαίας
276 339 322 366 καὶ
333 339 386 366 ἀπὸ
407 340 582 376 Ἰερουσαλὴμ
603 341 727 376 ἰσχύοντα
737 341 783 368 καὶ
799 341 968 376 ἰσχύουσαν.»

194 384 314 420 Ἀληθῶς
328 386 381 421 γὰρ
398 386 534 423 ἀφῄρηται
548 388 595 414 ἀπ’
609 387 698 414 αὐτῶν
714 388 730 422 ἡ
743 386 826 413 πάλαι
840 386 970 422 πρότερον

186 430 416 467 ἑμπολιτευομένη
431 433 460 459 ὲν
482 433 572 464 αὐτοῖς
587 432 645 459 θεία
667 433 714 459 καὶ
732 431 857 467 οὐράνιος
879 432 969 466 χάρις,

186 477 234 503 καὶ
267 477 354 504 οὐκέτ’
378 478 450 505 ἔστιν
474 479 562 514 εὑρεῖν
583 480 612 505 ἐν
633 480 725 510 αὐτοῖς
750 477 811 504 οὔτε
830 477 970 512 προφήτην

185 521 246 548 οὔτε
268 523 432 558 στοχςιτιτήν⁸
451 523 503 550 ποῦ
523 523 551 550 δὲ
576 524 622 550 καὶ
637 525 651 550 ὁ
666 523 831 558 πολεμιστὴς
848 521 936 548 αὐτῶν
953 521 968 556 ἦ

184 567 199 593 ὁ
222 567 361 603 δικαστὴς,
387 569 401 594 ό
430 569 585 604 θαυμαστὸς
602 569 764 605 σύμῦουλος,
785 568 833 604 ἢὸ
860 568 969 599 συνετὸς

185 613 321 648 ἀκροατής
333 622 340 645 ;
354 614 385 640 El
399 614 428 640 δὲ
448 616 495 641 καὶ
513 615 636 642 δοκοῦσιν
652 615 734 651 ἄρτου
751 614 797 642 τοῦ
820 621 969 648 πνευματι-

184 659 234 686 κοῦ
248 659 372 694 μετέχειν
384 661 412 687 ὲν
428 661 467 696 τῷ
480 663 534 693 τοῖς
547 663 628 697 ίεροίς
641 661 814 696 ἐντυγχάνειν
835 660 882 686 τοῦ
901 659 967 685 Θεοῦ

183 703 282 738 λόγοις,
297 705 353 731 ἀλλ’
369 706 420 741 ὅρα
429 707 452 732 εί
463 707 525 742 μὴή
539 707 653 742 δύναμις
665 707 712 733 καὶ
726 708 742 741 ὴ
758 706 857 741 ἰσχὺςὴ
873 705 902 731 ὲν
911 705 967 734 τοῖς

184 749 266 781 θείοις
286 750 448 786 Γραμμασιν
467 753 666 788 ἐναποκειμένη
675 752 705 784 ἐξ
718 751 806 778 αὐτῶν
817 750 966 786 ἀφῄρηται·

183 794 358 829 σαφῶςδ“ῥπὶ
371 796 475 828 τούτοις
489 798 559 833 καὶὴ
573 797 748 833 Ἰερουσαλὴμ
757 797 868 827 ἀνεῖται,
879 795 926 821 καὶ
935 794 968 820 τὰ

182 840 263 868 λοιπὰ
275 841 303 868 δὲ
316 842 404 870 πάντα
417 844 456 875 εἰς
467 845 564 876 αὐτοὺς
577 844 754 880 πεπλήρωται
764 843 808 870 διὰ
818 843 882 878 μίαν
898 840 969 867 ὲκεί-

700 190 847 218 ECLOGAE
868 190 1109 219 PROPHETICE.
1130 206 1164 211 —
1183 191 1247 218 LIB.
1270 191 1312 219 IV.

1738 193 1804 220 520‘!

987 260 1008 286 Α
1027 249 1166 276 habitabat
1184 250 1211 276 in
1226 249 1276 281 eis,
1292 250 1383 276 divina
1397 249 1567 284 cmicstisque
1578 250 1673 284 gratia.
1688 258 1737 277 nec
1749 251 1803 284 jam

1025 295 1096 329 apud
1111 302 1158 321 eos
1173 295 1293 329 reperire
1307 299 1350 322 est
1372 294 1529 329 prophetam
1549 295 1631 321 ullum
1650 299 1696 321 aut
1714 295 1804 321 hario-

1025 341 1090 367 lum.
1107 339 1158 367 Ubi
1173 341 1245 367 enim
1259 340 1299 367 vir
1314 340 1429 368 bellator
1442 347 1548 371 eorum,
1559 340 1654 374 judex,
1671 340 1804 367 mirabilis

1024 386 1207 417 consiliarius,
1226 389 1252 412 et
1269 386 1388 420 prudens
1416 385 1515 420 eloquii
1543 385 1671 420 mystici?
1684 385 1760 418 Quod
1781 386 1803 413 si

1024 432 1150 458 videntur
1168 432 1247 466 panis
1268 431 1420 466 spiritualis
1433 438 1494 458 esse
1510 431 1666 465 participes.
1681 439 1741 457 cum
1758 439 1803 458 sa-

1023 485 1069 503 cra
1085 477 1244 512 possideant
1260 476 1308 503 Dci
1328 477 1422 508 verba,
1439 477 1499 504 vide
1516 484 1605 503 annon
1617 477 1702 504 villus
1715 480 1742 503 et
1757 485 1803 503 ro-

1022 523 1084 553 bur,
1098 523 1124 548 in
1141 522 1239 549 divinis
1257 522 1405 557 Scripturis
1417 522 1576 556 inclusa,ab
1588 523 1621 549 iis
1637 523 1725 549 ablata
1738 523 1801 550 sint.

1023 567 1164 595 Manifeste
1182 569 1254 595 enim
1271 569 1310 596 eis
1327 569 1381 596 ruit
1401 568 1560 600 Jerusalem,
1576 574 1726 603 caltcraque
1741 576 1800 596 om-

1021 613 1066 640 nia
1083 613 1214 641 adversus
1244 622 1291 641 eos
1315 614 1424 649 impleta
1449 617 1512 640 sunt
1539 622 1586 649 per
1604 623 1687 642 unum
1708 622 1801 641 eorum

1021 659 1152 687 adversus
1161 660 1299 687 Christum
1312 661 1411 687 scelus.
1425 670 1434 686 ι
1450 660 1495 687 Val
1504 662 1588 692 enim,
1603 670 1612 686 ι
1625 661 1662 687 ait
1677 660 1801 695 Scriptu-

1020 713 1060 735 ra,
1078 715 1087 730 ι
1107 705 1204 733 animae
1220 714 1324 733 eorum.
1344 716 1352 732 ι
1377 706 1463 741 Atque
1477 707 1679 742 imprecationis
1692 715 1800 734 causam

1021 748 1108 780 aiferl,
1120 749 1213 776 dicens
1226 758 1232 775 :
1245 749 1395 782 «Quoniam
1411 750 1510 776 malum
1521 751 1640 778 meditati
1657 755 1720 778 sunt
1734 759 1800 778 con-

1021 794 1114 821 silium
1137 794 1164 821 in
1189 796 1306 830 seipsos,
1324 796 1447 823 dicentes
1469 805 1476 822 :

1021 839 1148 873 quoniam
1162 839 1265 866 inutilis
1278 840 1366 867 nobis.
1387 848 1396 865 ι

1506 794 1661 823 Vinciemus
1686 795 1799 830 justum,

182 897 230 924 νην
246 890 296 924 τὴν
312 891 381 918 κατὰ
404 891 450 918 τοῦ
462 892 578 927 Χριστοῦ
593 894 744 929 ἁμαρτίανο
765 902 774 918 ι
788 891 855 918 Οὐαὶ
871 889 935 924 γὰρ,
949 898 958 914 ι
969 888 1048 922 φησιν
1066 887 1081 913 ὁ
1091 886 1178 921 λόγος.
1193 897 1202 912 ε
1220 889 1252 923 τῇ
1274 888 1345 923 ψυχῇ
1361 888 1464 914 «tum»
1481 897 1490 913 ι
1504 888 1550 914 καὶ
1570 887 1617 913 τοῦ
1635 884 1798 922 ταλανισμοῦ

181 935 230 970 τὴν
263 937 351 963 αἰτίαν
382 938 544 974 προστίθησι
566 939 655 975 (ινδ)
689 941 792 974 λέγων·
818 948 826 963 I
847 936 918 964 Διάτι
950 934 979 968 βε

180 982 311 1017 Δήσωμεν
320 983 366 1010 τὺν
389 983 502 1017 δίκαιον,
517 986 558 1012 ὅτι
569 985 735 1022 δύσχρηστος
748 984 813 1021 ἡμῖν
830 985 912 1010 ἐστιν.
929 991 939 1006 ι

443 1032 639 1059 ΚΕΦΑΛΑΙΟΝ
668 1032 706 1059 Γ’.

220 1081 228 1098 ι
243 1074 311 1106 Δαός
328 1083 389 1110 μου,
404 1076 429 1103 οι
440 1078 635 1114 μακαρίζοντες
651 1079 722 1114 ὑμᾶς
730 1078 865 1105 πλανῶσιν
882 1080 963 1114 ὑμᾶς,

181 1119 228 1145 καὶ
244 1120 291 1155 τὴν
306 1121 398 1155 τρίὸον
408 1122 462 1149 τῶν
478 1123 564 1150 ποδῶν
581 1123 658 1159 ὑμῶν
673 1124 862 1160 ταράσσουσιν.
886 1126 964 1152 Ἀλλὰ

180 1163 228 1190 νῦν
240 1166 439 1200 καταστήσεται
462 1168 501 1198 εἰς
515 1168 604 1203 κρίσιν
623 1168 734 1204 Κύριος,
752 1170 798 1196 καὶ
814 1171 906 1207 στήσει
920 1172 964 1198 τὸν

181 1209 243 1235 λαὸν
260 1210 352 1236 αὐτοῦ.
368 1211 454 1243 Αὐτὸς
481 1212 582 1248 Κύριος
600 1215 639 1245 είς
655 1214 743 1248 κρίσιν
753 1214 812 1250 ἥξει
831 1215 899 1251 μετὰ
910 1216 964 1242 τῶν

180 1255 372 1290 πρεσὸυτέρων
387 1257 434 1283 τοῦ
451 1257 527 1288 λαοῦ,
544 1259 590 1284 καὶ
607 1259 676 1294 μετά
692 1260 746 1286 τῶν
768 1261 905 1296 ἀρχόντων
918 1262 964 1288 αὖ·

179 1297 238 1323 τοῦ.
251 1307 261 1324 ›
273 1299 329 1325 Οὐκ
343 1299 428 1326 ἔοικεν
440 1301 486 1327 ἐπὶ
501 1302 546 1328 τὸν
562 1302 615 1329 τῶν
632 1303 699 1330 ὅλων
710 1304 963 1341 Θεὸνὰναςρέρεσθαι

180 1342 220 1373 τὸ,
230 1353 239 1368 ι
251 1343 307 1370 Νῦν
322 1347 520 1382 καταστήσεται
540 1348 579 1379 εὶς
592 1348 680 1383 κρίσιν
696 1349 797 1384 Κύριος
806 1359 812 1364 ·
821 1361 829 1375 ι
850 1352 896 1378 καὶ
910 1352 962 1385 μά-

180 1388 256 1415 λιστα
270 1390 309 1422 τὸ,
330 1399 339 1415 ι
353 1391 439 1423 Αὐτὸς
457 1392 558 1428 Κύριος
581 1395 620 1424 είς
643 1394 733 1429 κρίσιν
749 1396 808 1431 ἥξει
825 1396 894 1431 μετὰ
909 1397 963 1423 τῶν

178 1435 371 1471 πρεσόυτέρων
387 1437 434 1463 τοῦ
453 1437 528 1470 λαοῦ,
541 1439 587 1466 καὶ
613 1440 680 1475 μετά
698 1441 751 1467 τῶν
768 1442 903 1477 ἀρχόντων
916 1443 964 1470 αὐ-

178 1481 225 1507 τοῦ
238 1490 245 1497 ι
264 1491 272 1506 ι
283 1482 395 1518 ἁρμόζοι
412 1484 433 1510 δ’
450 1484 482 1511 ἂν
509 1487 572 1521 περὶ
587 1486 633 1513 τοῦ
650 1486 717 1514 Θεοῦ
740 1487 837 1522 Λόγου,
860 1489 962 1525 Κυρίου

179 1528 226 1553 καὶ
252 1528 334 1554 αὑτοῦ
357 1530 586 1565 χρηματίζοντος,
613 1532 701 1560 ταῦτα
721 1534 961 1569 ,προφητεύεσθαι-

178 1574 225 1599 καὶ
245 1573 299 1609 γὰρ
320 1572 365 1601 οὖν
388 1575 469 1608 αὐτὸς
490 1577 504 1602 ὁ
520 1577 667 1613 κηρυχθεὶς
684 1579 750 1605 πᾶσι
776 1581 830 1611 τοῖς
855 1580 906 1606 ὑπὸ
918 1581 962 1607 τὸν

177 1619 291 1654 οὐρανὸν
302 1620 370 1647 Θεοῦ
384 1621 469 1656 Λόγος
479 1623 518 1654 είς
529 1623 617 1658 κρίσιν
629 1624 698 1659 μετὰ
708 1625 816 1651 πάντων
829 1627 962 1661 καταστή-

179 1673 264 1697 σεται,
285 1666 346 1702 μηδ’
361 1668 402 1694 ἑνὶ
416 1668 469 1694 τῶν
485 1669 590 1695 ἀσεϐῶν
604 1670 695 1705 χώραν
709 1670 795 1703 διδοὺς
805 1672 960 1706 ἀπολογίας,

178 1709 225 1735 ἆτε
236 1711 275 1741 είς
291 1710 338 1742 τὰς
351 1711 477 1739 ἁπάντων
495 1713 579 1744 ἀκοὰς
598 1714 797 1749 διαδραμούσης
815 1715 895 1742 αὑτοῦ
912 1716 960 1751 τῆς

176 1754 348 1788 διδασκαλίας
358 1766 364 1772 -
379 1757 438 1792 ἥξει
453 1758 474 1784 δ’
488 1759 528 1790 εἰς
540 1759 628 1795 κρίσιν
640 1761 742 1795 Ἰησοῦς
759 1762 874 1797 Χριστὸς
893 1762 961 1797 μετὰ

177 1800 229 1828 τῶν
254 1802 444 1838 πρεσϐυτέρων
458 1805 574 1839 μάλιστα
597 1805 643 1832 τοῦ
659 1806 723 1832 λαοῦ
740 1806 787 1833 καὶ
816 1807 884 1842 μετὰ
908 1808 960 1834 τῶν

176 1846 313 1882 ἀρχόντων
326 1849 419 1881 αὑτοῦ,
436 1847 478 1876 οἷα
501 1850 533 1886 δὴ
549 1852 637 1878 αὐτῶν
656 1852 888 1888 ὲπισυναχθέντων
901 1855 959 1880 κατ’

176 1893 269 1924 αὐτοῦ,
295 1895 340 1921 καὶ
367 1895 416 1930 τὴν
440 1896 584 1932 ἐπιϐουλὴν
603 1898 677 1933 αὐτῷ
697 1900 958 1934 συσκιυασαμένωνθ

154 1970 157 1972 _
175 1939 200 1965 οῖ
219 1940 263 1966 καὶ
283 1942 477 1976 μακαρίζοντες
492 1943 537 1969 τὸν
548 1944 697 1979 ἀρχόμενον
714 1945 758 1971 ὑπ’
775 1945 865 1982 αὐτῶν
885 1945 957 1976 λαὸν,

174 1984 298 2017 ὲπλᾴνων
316 1987 406 2019 αὐτὸν,
422 1988 546 2022 λέγοντες
564 1989 593 2015 τὸ
611 1991 727 2026 πονηρὸν
739 1990 827 2022 καλὸν,
841 1992 959 2023 καὶτοὺς

175 2031 273 2063 καλοὺς
288 2032 335 2059 τοῦ
361 2034 486 2069 Σωτῆρος
508 2035 585 2070 ἡμῶν
607 2035 701 2070 λόγους
723 2038 856 2073 πονηροὺς
876 2037 958 2074 ὑπάρ-

174 2085 232 2111 χειν
254 2078 474 2114 ἀποφαινόμενοι.

439 2137 634 2164 ΚΕΦΑΛΑΙΟΝ
661 2140 697 2165 Δ¹.

211 2186 220 2202 ι
232 2178 286 2204 Καὶ
303 2178 450 2213 προσέθετο
461 2180 562 2215 Κύριος
572 2181 686 2217 λαλῆσαι
700 2182 740 2218 τῷ
757 2184 848 2219 Ἀχάζ,
860 2185 957 2220 λέγων*

172 2222 286 2257 Αἴτησαι
300 2223 405 2258 σεαυτῷ
427 2227 537 2260 σημεῖον
549 2226 624 2262 παρὰ
644 2228 747 2264 Κυρίου
770 2229 837 2256 Θεοῦ
857 2239 902 2257 σου
917 2233 957 2263 εἰς

172 2267 262 2301 βάθος,
282 2268 297 2304 ἢ
315 2270 355 2300 είς
367 2269 441 2304 ὕψος.
453 2271 507 2297 Καὶ
522 2269 688 2309 εἷπενἋχάζ
698 2283 704 2289 ·
725 2275 762 2302 Οὐ
782 2275 817 2312 μὴ
837 2277 953 2312 αἰτήσω,

169 2313 231 2358 οῦδὲ
250 2314 286 2349 μὴ
301 2315 422 2350 πειράσω
446 2316 556 2351 Κύριον.
572 2319 626 2345 Καὶ
647 2317 738 2347 εἶπεν·
759 2321 901 2350 Ἀκούσατε
911 2323 952 2358 δὴ,

169 2355 242 2389 οἶκος
258 2358 406 2404 ΔαυῖδσνΜὴ
422 2360 518 2395 μικρὸν
530 2361 593 2396 ὑμῖν
605 2363 697 2396 ἀγῶνα
710 2366 838 2401 παρέχειν
848 2355 953 2404 ἀνθρώλ

170 2411 241 2435 ποις,
255 2404 301 2429 καὶ
326 2403 383 2435 πῶς
406 2405 499 2439 Κυρίῳ
515 2407 648 2442 παρέχετε
666 2410 775 2443 ἀγῶνα;
802 2413 850 2439 Διὰ
874 2403 953 2440 τοῦτο

167 2447 248 2474 δώσει
262 2448 361 2483 Κύριος
376 2450 455 2481 αὐτὸς
468 2451 532 2485 ὑμῖν
549 2455 659 2487 σημεῖον
669 2463 675 2469 ·
697 2455 771 2488 Ἰδοὺ,
786 2458 801 2493 ὴ
819 2459 952 2494 παρθένος

168 2494 198 2518 ἐν
213 2494 310 2528 γαστρὶ
327 2494 450 2529 λήψεται,
463 2496 510 2522 καὶ
523 2497 628 2528 τέξεται
646 2500 702 2525 υἱόν
711 2510 717 2516 ε
728 2502 774 2527 καὶ
787 2503 910 2536 καλέσεις
921 2506 951 2532 τὸ

166 2537 252 2573 ὄνομα
276 2539 356 2566 αὑτοῦ
375 2541 547 2578 Ἐμμανουήλ
557 2550 563 2557 ”
586 2543 713 2580 βούτυρον
727 2547 774 2573 καὶ
789 2548 849 2583 μέλι
864 2551 949 2584 φάγε-

166 2592 220 2630 ται,
233 2585 296 2630 πρίν
309 2585 324 2620 ἢ
339 2586 437 2619 γνῶναι
451 2587 530 2613 αὑτὸν
547 2588 562 2623 ἦ
578 2590 734 2624 προελέσθαι
749 2595 863 2630 πονηρὰ,
875 2597 950 2624 ἐκλέ-

165 2628 240 2660 ξεται
255 2629 286 2655 τὺ
297 2629 411 2663 ἀγαθόν’
424 2631 500 2664 διότι,
512 2634 575 2669 πρὶν
586 2635 601 2670 ἦ
612 2636 712 2669 γνῶναι
726 2638 756 2664 τὸ
771 2628 873 2667 παιδίον
883 2643 951 2677 ἀγά-

165 2672 212 2722 θον
229 2673 245 2708 ἢ
260 2674 354 2722 κακὸν,
373 2676 481 2703 ἀπειθεῖ
501 2680 627 2715 πονηρίᾳ,
644 2681 802 2714 ἐκλέξασθαι
825 2686 855 2712 τὸ
879 2672 948 2722 ἀγα,

164 2718 221 2768 θόν.
233 2729 250 2769 ζ
264 2721 303 2769 υίῌ
318 2721 354 2756 μὴ
380 2723 593 2769 παραδεχόμενοι
614 2726 671 2753 τῶν
691 2729 723 2754 ὲκ
739 2732 887 2767 περιτομῆς
899 2718 948 2769 τὴν

164 2765 211 2790 τοῦ
232 2765 354 2802 Σωτῆρος
374 2767 452 2802 ήμῶν
474 2769 558 2804 Ἰησοῦ
577 2771 695 2806 Χριστοῦ
710 2765 949 2812 παρουσίαν-λεγέ-

163 2818 254 2836 τωσαν
275 2811 317 2843 τίς
382 2813 524 2849 παρθένος,
541 2816 556 2850 ὴ
574 2816 644 2843 κατὰ
663 2817 710 2853 τὴν
731 2823 897 2856 προφητείαν
919 2825 948 2851 ἐν

201 2887 277 2915 llsa.
297 2896 337 2921 III,
359 2889 452 2918 42-”.
490 2893 499 2907 ²
514 2891 566 2920 lsa.
585 2901 632 2927 vn,
652 2895 738 2923 l0-l6.

982 933 1137 960 ϐούλευ-παι
1158 933 1256 969 βουλῦν
1283 934 1404 970 πονηρὰν
1432 934 1492 961 καθ’
1519 933 1638 965 ἑαυτῶν,
1658 933 1798 964 εἰπόντεςη

1323 1026 1436 1054 CAPUT
1451 1025 1495 1053 lll.

1053 1083 1061 1098 ι
1080 1073 1181 1108 Popule
1197 1081 1284 1103 meus.
1303 1074 1349 1109 qui
1362 1078 1387 1101 te
1402 1074 1509 1101 beatum
1521 1073 1624 1103 dicunt,
1642 1072 1694 1108 ipsi
1709 1076 1735 1099 te
1749 1071 1797 1098 de-

1015 1119 1130 1154 cipiunt,
1146 1123 1172 1146 et
1194 1120 1265 1146 viam
1291 1127 1433 1154 gressuuln
1453 1122 1562 1146 tuorum
1578 1118 1721 1153 dissipant.
1738 1116 1797 1144 Stat

1015 1165 1049 1192 ad
1073 1165 1251 1200 judicandum
1279 1164 1420 1197 Dominus,
1441 1168 1468 1191 et
1485 1167 1539 1192 stat
1562 1163 1594 1191 ad
1618 1163 1795 1199 judicandum

1015 1211 1144 1245 populum
1159 1218 1250 1238 suum.
1271 1210 1402 1238 Dominus
1427 1210 1459 1237 ad
1483 1209 1616 1245 judicium
1630 1209 1720 1236 veniet
1733 1216 1794 1235 cum

1014 1257 1126 1284 senibus
1141 1257 1243 1292 populi,
1259 1262 1285 1284 et
1303 1256 1471 1291 principibus
1493 1255 1552 1290 ejus
1565 1256 1584 1281 ¹.
1606 1265 1615 1280 ι
1631 1254 1689 1281 Νοιι
1701 1254 1795 1281 viden-

1013 1307 1058 1332 tur
1071 1304 1104 1330 de
1114 1303 1234 1330 omnium
1250 1303 1304 1329 Deo
1319 1302 1374 1329 haec
1392 1301 1499 1333 referri,
1516 1310 1525 1326 ι
1545 1300 1621 1328 Nunc
1635 1304 1688 1328 stat
1704 1300 1737 1326 ad
1751 1300 1795 1334 ju-

1014 1349 1160 1376 dicandum
1178 1348 1320 1379 Dominus,
1340 1358 1349 1374 ι
1361 1352 1389 1375 et
1406 1348 1566 1382 prteserlim,
1586 1357 1595 1372 ‹
1614 1346 1745 1373 Dominus
1761 1346 1793 1373 ad

1012 1394 1146 1429 judicium
1161 1395 1251 1422 veniet
1267 1402 1328 1422 cum
1344 1395 1456 1422 senibus
1471 1394 1573 1428 populi.
1585 1397 1611 1420 et
1626 1392 1794 1428 principibus

1013 1442 1083 1476 ejus.
1109 1452 1117 1468 ι
1134 1441 1228 1469 Melius
1239 1442 1272 1469 ad
1286 1441 1331 1469 Dei
1345 1441 1474 1472 Verbum.
1492 1441 1637 1476 ipsumque
1651 1439 1794 1466 Dominum

1012 1493 1150 1519 vocatum.
1171 1489 1228 1516 haec
1244 1491 1349 1523 spectat
1370 1487 1520 1522 prophetia.
1540 1486 1645 1513 Etenim
1671 1486 1729 1521 ipse
1750 1492 1794 1512 an<

1012 1535 1152 1562 nuntiatus
1169 1535 1296 1562 omnibus
1308 1542 1367 1569 qua:
1385 1534 1437 1561 sub
1457 1533 1534 1560 cmlis
1549 1536 1613 1560 sunt
1631 1532 1714 1566 judcx
1734 1539 1793 1558 om-

1013 1581 1087 1608 nium
1106 1580 1152 1607 Dei
1173 1580 1290 1608 Verbum
1315 1572 1508 1611 constituetur:
1521 1587 1609 1614 neque
1626 1579 1673 1605 lilii
1695 1578 1792 1613 impio-

1013 1635 1072 1653 rum
1103 1627 1290 1654 excusationis
1322 1627 1410 1654 locum
1435 1626 1528 1658 dabit,
1544 1626 1643 1660 quippe
1669 1632 1731 1651 cum
1759 1624 1792 1651 ad

1013 1671 1228 1706 uniuscujusque
1253 1671 1374 1698 auditum
1398 1670 1551 1705 pervenerit
1573 1671 1632 1704 ejus
1655 1669 1790 1696 doctrina.

1014 1718 1107 1745 Veniet
1129 1717 1162 1744 ad
1178 1717 1311 1751 judicium
1337 1716 1418 1744 Jcsus
1438 1717 1563 1744 Christus
1588 1723 1650 1743 cum
1679 1714 1791 1742 senibus

1012 1764 1160 1798 praesertim
1176 1764 1266 1798 populi
1280 1767 1307 1790 et
1319 1770 1380 1789 cum
1395 1762 1562 1797 principibus
1576 1762 1646 1795 eius.
1659 1761 1786 1796 quoniam

1011 1809 1049 1836 illi
1072 1808 1203 1835 adversus
1217 1815 1277 1835 cum
1293 1807 1449 1842 congregati
1471 1811 1544 1838 sunt,
1569 1807 1650 1841 eique
1675 1805 1790 1832 insidias

1011 1859 1180 1882 struxerunt.
1204 1854 1255 1886 Qui
1273 1857 1299 1881 et
1325 1854 1433 1881 beatum
1459 1852 1580 1881 dicentes
1601 1852 1730 1888 populum
1745 1852 1788 1879 cui

1010 1907 1155 1937 praeerant,
1177 1910 1239 1929 eum
1264 1901 1449 1936 decipiebant,
1468 1901 1568 1927 malum
1589 1907 1640 1935 pro
1662 1900 1734 1927 bono
1747 1900 1788 1928 di-

1010 1952 1120 1979 centes,
1147 1948 1316 1982 optimosque
1354 1945 1503 1974 Salvatoris
1532 1946 1619 1974 nostri
1650 1953 1788 1973 sermones

1010 1993 1088 2028 quasi
1103 1993 1238 2029 pessimos
1249 1992 1396 2021 criminati.

983 1027 1005 1056 Β

1304 2139 1417 2166 CAPUT
1444 2138 1488 2166 Ν,

1046 2197 1054 2213 ι
1072 2186 1103 2213 Ει
1121 2186 1219 2221 adjecit
1244 2184 1375 2212 Dominus
1401 2185 1472 2219 loqui
1496 2183 1530 2210 ad
1545 2183 1644 2215 Achaz.
1665 2184 1758 2211 dicens
1778 2194 1785 2212 :

1007 2232 1070 2260 Pete
1085 2232 1133 2259 tibi
1153 2232 1258 2266 signum
1275 2239 1289 2257 a
1307 2230 1421 2258 Domino
1447 2230 1500 2257 Deo
1513 2234 1560 2257 tuo
1572 2230 1598 2257 in
1623 2229 1786 2264 profundum

1007 2277 1117 2309 inferni,
1135 2277 1192 2304 sive
1216 2277 1243 2303 in
1267 2275 1405 2303 excelsum
1422 2283 1517 2310 supra.
1539 2274 1572 2302 Et
1592 2274 1660 2302 dixit
1675 2274 1784 2302 Achaz:

1005 2322 1065 2350 Non
1088 2327 1189 2358 petam,
1210 2326 1235 2349 ct
1254 2330 1307 2349 non
1332 2323 1442 2358 l‘cntaho
1468 2321 1622 2349 Dominum.
1642 2321 1673 2347 Et
1693 2321 1760 2347 dixit
1777 2331 1782 2348 :

970 2361 991 2389 ἶ)
1005 2368 1104 2396 Audite
1119 2376 1197 2403 ergo.
1214 2369 1314 2395 domus
1326 2367 1409 2395 David
1426 2377 1432 2394 :
1449 2367 1583 2402 Numquid
1599 2374 1693 2401 parum
1709 2367 1785 2393 vobis

1001 2419 1054 2446 est,
1073 2415 1203 2442 molestos
1219 2423 1280 2441 esse
1298 2414 1465 2446 hominibus,
1476 2413 1540 2448 quia
1554 2413 1659 2440 molesti
1675 2412 1742 2440 estis
1758 2415 1785 2438 et

1002 2462 1057 2488 Deo
1075 2461 1154 2487 meo?
1172 2460 1286 2495 Propter
1303 2460 1354 2486 hoc
1375 2459 1450 2486 dabit
1471 2458 1601 2486 Dominus
1625 2459 1683 2492 ipse
1708 2457 1784 2485 vobis

1001 2508 1120 2542 signum.
1139 2506 1209 2533 Ecce
1235 2506 1312 2540 virgo
1332 2505 1478 2540 concipiet,
1493 2509 1519 2532 et
1540 2505 1626 2540 pariet
1642 2505 1737 2536 lilium,
1757 2509 1783 2531 et

1000 2553 1142 2580 vocabitur
1156 2560 1254 2579 nomen
1271 2552 1331 2586 ejus
1344 2551 1513 2580 Emmanuel.
1533 2551 1664 2587 Butyrum
1687 2556 1714 2579 et
1731 2551 1782 2579 mei

1003 2599 1135 2630 comedet,
1149 2603 1178 2625 ut
1195 2598 1264 2626 sciat
1288 2598 1433 2633 reprobare
1447 2599 1558 2631 malum,
1575 2604 1601 2626 et
1619 2598 1719 2633 eligere
1734 2597 1783 2625 bo-

1003 2653 1078 2672 num.
1096 2644 1163 2677 Quia
1180 2649 1323 2678 antequam
1351 2644 1418 2671 sciat
1440 2652 1505 2678 puer
1522 2644 1666 2679 reprobare
1683 2643 1782 2670 malum

1001 2694 1027 2716 et
1044 2690 1143 2724 eligere
1159 2690 1269 2720 bonum,
1289 2698 1341 2716 non
1353 2695 1394 2716 est
1409 2689 1538 2717 ubediens
1554 2689 1674 2721 malitiae,
1694 2693 1722 2716 ut
1739 2697 1782 2716 se-

1002 2736 1066 2771 ligat
1082 2736 1182 2763 bonum
1192 2737 1212 2762 '.
1233 2746 1242 2761 ι
1255 2735 1312 2762 Νοιι
1322 2735 1485 2770 accipientes
1497 2734 1543 2769 qui
1554 2743 1587 2762 ex
1600 2735 1783 2762 circumcisio-

1002 2789 1035 2808 ne
1051 2787 1125 2814 sunt,
1143 2780 1294 2808 Salvator-is
1312 2780 1397 2807 nostri
1420 2779 1484 2807 Jesu
1501 2779 1602 2807 Christi
1623 2779 1780 2810 adventum.

1001 2827 1095 2854 dicant
1112 2835 1234 2862 qumnam
1259 2827 1293 2855 sit
1316 2827 1372 2854 [nec
1390 2826 1475 2862 virgo,
1492 2833 1552 2861 qua:
1565 2825 1642 2861 juxta
1663 2824 1780 2861 prophe-
