2035 3214
278 181 290 205 1
295 179 348 207 205

681 178 815 207 EUSEBH
835 179 1077 209 CESABIENSIS
1093 181 1168 210 ΟΡΡ.
1188 182 1279 210 PARS
1298 182 1342 210 Ill.
1365 198 1399 203 —
1416 182 1620 212 EXEGETICA.

1814 187 1870 214 ιξοι

276 239 340 265 tiam
355 238 384 265 in
400 240 478 264 utero
492 237 606 272 accipiet
620 241 647 264 et
663 237 750 272 pariet
766 237 862 270 ﬁlium,
872 237 952 273 cujus
963 245 1059 266 nomen

1115 240 1214 275 γαστρὶ
1237 239 1375 275 ληψομένη
1402 239 1446 266 καὶ
1471 239 1585 271 τέξουσα
1606 240 1652 267 τὸν
1667 241 1870 276 ἐπονομαζόμενον

275 284 325 311 erit
343 282 598 315 Emmanuel.Quod
615 283 638 310 si
653 283 774 310 dixerint
792 291 846 310 non
859 283 1002 319 virginem,
1014 284 1062 311 sed

276 329 393 365 puellam
409 329 480 364 apud
509 328 679 363 Scripturam
697 328 828 356 Hebraica
843 336 910 356 voce
937 330 1062 356 nomina-

274 381 330 403 tam
350 383 422 406 esse,
439 375 662 410 respondendum
689 375 763 410 quod
779 375 859 410 primi
875 376 922 410 qui
939 375 1062 404 divinum

274 420 425 456 Scriptura:
435 429 546 448 sensum
563 421 600 448 ita
614 425 678 448 sunt
691 422 871 456 interpretati,
883 429 937 448 non
948 422 1063 457 quilibet

272 472 361 499 erant,
381 468 554 502 septuaginta
583 467 691 495 scilicet
713 474 728 494 e
743 467 843 502 populo
858 468 1061 502 prmstantiores

272 513 381 545 delecti,
400 519 427 541 et
451 514 571 540 maxima
595 521 644 548 pro
667 514 722 541 illis
740 515 907 549 temporibus
928 515 1061 549 sapientia

272 560 389 594 probati.
410 559 552 592 Quodnam
564 560 638 587 enim
653 559 754 586 mirum
769 559 864 587 Sermo
880 560 1062 595 pollicebatur

272 606 379 641 signum
395 606 429 633 ab
450 606 507 640 ipso
525 606 649 639 Domino,
668 606 746 641 quasi
769 605 922 641 prodigium
948 606 1060 641 aliquid,

272 651 353 679 domo
366 652 449 679 David
461 652 553 679 datum
566 653 598 679 iri
624 652 822 688 praenuntians,
838 653 860 680 si
874 652 1062 679 tantummodo

272 698 388 733 simplex
412 699 503 733 puella
525 697 728 733 designaretur.
746 697 819 725 Nihil
843 706 908 725 vero
927 699 1062 734 prohibet,

270 745 321 770 etsi
347 745 465 779 puellam
485 743 563 779 juxta
583 752 630 772 eos
647 744 808 772 Hebraicum
835 745 980 779 signiticet,
996 745 1062 779 quin

271 789 414 824 prophetia
429 789 561 823 virginem
573 789 689 817 indicari
712 790 913 818 existimemus.
925 789 1062 817 Czeterum

272 835 299 861 in
313 834 435 863 Levitico
451 843 559 870 quoque
581 837 704 864 invenies
722 837 854 872 virginem
870 837 929 864 viro
945 836 1063 872 despon-

271 885 408 913 satam,et
425 889 486 917 qua:
512 881 566 908 vim
592 882 626 909 al)
648 883 701 909 alio
716 883 787 914 tulit,
811 883 928 918 puellam
953 891 1062 919 quoque

1118 285 1292 320 Ἐμμανουὴλ
1314 285 1386 312 υἱόν·
1410 284 1466 311 ἀλλ’
1486 285 1510 310 εί
1534 285 1662 319 φάσκοιεν
1686 285 1721 320 μὴ
1743 286 1871 321 γεγράφθαι

1112 330 1257 366 παρθένον,
1272 331 1342 358 ἀλλὰ
1363 331 1452 358 νεᾶνιν
1476 330 1548 358 κατὰ
1566 330 1596 357 τὸ
1613 330 1759 366 Ἐὁραῖκὺν,
1773 331 1871 365 λεκτέον,

1112 377 1150 409 ὼς
1163 378 1212 412 οὐχ
1228 378 1251 403 οἱ
1266 377 1392 412 τυχόντες
1404 376 1549 411 ἐτύγχανον
1568 377 1592 402 et
1609 376 1711 412 πρῶτοι
1727 376 1770 412 τὴν
1782 377 1872 413 Γραφὴν

1112 422 1183 450 κατὰ
1205 423 1279 450 θείαν
1304 423 1520 459 ὲρμηνεύσαντες
1533 422 1698 457 οἰκονομίαν,
1715 421 1874 458 ἑϐδομήκοντα.

1114 469 1163 505 μὲν
1177 469 1253 501 δντες
1268 469 1298 496 τὸ
1312 469 1423 505 πλῆθος,
1441 469 1648 505 ἀναλελεγμένοι
1670 468 1813 504 ἀριστίνδην
1833 469 1875 496 ἀπὸ

1113 516 1213 548 παντὸς
1230 515 1277 542 τοῦ
1293 516 1368 548 λαοῦ,
1387 516 1501 552 δοκιμήν
1515 525 1545 542 τε
1562 516 1591 542 οὐ
1609 514 1726 551 σμικρὰν
1745 516 1809 542 κατὰ
1825 516 1875 547 τοὺς

1113 561 1202 588 αὐτῶν
1217 562 1329 598 χρόνους
1341 562 1388 588 ἐπὶ
1402 563 1482 599 σοιρίᾳ
1493 562 1639 593 δεδωκότες
1649 570 1656 576 ·
1672 561 1698 588 τί
1720 561 1741 587 δ’
1757 561 1786 588 ἂν
1801 563 1874 597 παρὰ.

1112 608 1186 641 δοξον
1198 609 1211 635 ὁ
1226 608 1311 642 Λόγος
1327 609 1481 643 ὑπισχνεῖτο
1498 610 1607 644 σημεῖον
1625 608 1670 634 ὑπ’
1684 607 1763 634 αὐτοῦ
1776 607 1818 634 τοῦ
1830 609 1875 635 Κυ-

1114 655 1173 689 ρίου
1187 653 1280 690 ῶσπερ
1293 662 1319 680 τι
1332 653 1486 689 θαυμαστὸν
1504 654 1543 689 τῷ
1557 655 1623 690 οἴκῳ
1642 653 1722 680 Δαυῒδ
1740 653 1877 688 δοθήσεσθαι

1113 701 1387 737 προμαρτυράμενος,
1399 702 1422 727 εἰ
1435 701 1500 735 περὶ
1513 701 1594 736 ψιλῆς
1607 699 1725 731 νεάνιδος
1739 701 1752 726 ὁ
1763 699 1832 733 λόγος
1842 697 1875 735 ἦν·

1113 747 1189 773 οὐδὲν
1204 747 1233 772 δὲ
1246 748 1321 782 ἡμᾶς
1337 746 1447 778 κωλύει,
1467 747 1491 773 εἰ
1505 747 1551 773 καὶ
1566 745 1712 781 νεάνιδα[ν]
1727 746 1782 771 κατ’
1797 745 1876 776 αὐτοὺς

1114 792 1234 828 περιέχει
1248 792 1277 818 τὸ
1299 792 1452 827 Ἐὅραῖκὺν,
1469 792 1506 823 ὼς
1521 792 1584 827 περὶ
1602 791 1735 828 παρθένου
1755 789 1878 826 δηλοῦσθαι

1113 836 1232 872 νομίζειν
1247 836 1281 863 τὰ
1300 837 1446 872 εἰρημένω
1469 838 1517 863 καὶ
1537 837 1590 872 γὰρ
1609 835 1654 862 οὖν
1670 837 1698 862 ὲν
1714 835 1750 872 τῷ
1766 835 1878 870 Asuerth

1113 883 1203 918 stipat;
1224 882 1256 909 ἂν
1279 883 1328 918 τὴν
1343 882 1567 918 ὁμολογουμένως
1582 881 1716 918 παρθένον
1733 890 1880 917 μεμνηστευ-

272 928 415 963 Scriptura
430 929 437 944 ¹
452 929 590 964 appellari.
612 928 644 955 Et
661 929 704 956 hic
719 930 829 964 quidem
845 930 974 957 decorum
988 935 1059 957 esset

1115 928 1198 963 μένην
1216 927 1303 963 ἀνδρὶ,
1327 928 1370 962 ὑφ’
1389 928 1481 963 ἑτέρου
1496 928 1504 962 (
1517 927 1537 956 f.
1550 927 1584 954 46
1600 927 1647 962 νο)
1664 927 1693 953 δὲ
1710 925 1880 961 βεϐιασμένην,

270 974 352 1001 domo
366 974 451 1001 David
468 978 580 1010 propter
601 983 694 1002 eorum
712 975 927 1003 incredulitatem
944 984 958 1002 a
972 975 1062 1002 Domi-

270 1027 307 1046 no
320 1020 380 1047 dari
394 1020 513 1056 signum,
529 1020 661 1056 virginem
681 1021 811 1048 inusitate
822 1021 969 1057 parturire,
983 1022 1062 1056 cujus

269 1065 430 1092 nasciturus
446 1072 515 1100 puer
529 1064 700 1091 admirabilis
722 1063 781 1091 fore
798 1063 1000 1100 praedicaretur.
1019 1063 1064 1091 Si-

270 1109 380 1146 quidem
391 1118 406 1137 a
420 1111 550 1145 pueritia,
570 1115 596 1138 et
615 1115 644 1139 ut
659 1111 695 1138 ita
716 1111 816 1142 dicam,
838 1110 872 1137 ab
887 1111 945 1146 ipsa
961 1111 1062 1138 nativi-

269 1161 326 1183 tate
340 1156 452 1184 malitim
468 1165 522 1184 non
538 1157 955 1193 obtemperaturus,bonumque
965 1157 1064 1184 electu-

269 1210 317 1230 rus
329 1203 544 1238 prophetizatur.
554 1202 586 1230 Et
601 1211 701 1230 nomen
716 1203 776 1238 ejus
791 1203 889 1230 mirum
908 1203 935 1230 in
953 1202 1063 1230 modum

269 1248 471 1282 praenuntiatur
503 1248 663 1285 Emmanuel
691 1248 769 1281 fore,
795 1249 900 1276 scilicet
926 1248 1063 1275 nobiscum

268 1291 351 1320 Deus.
368 1293 446 1326 Quod
467 1298 493 1321 et
515 1294 669 1322 diceremus
690 1301 741 1321 nos
758 1294 821 1328 ipsi,
839 1295 885 1329 qui
901 1302 962 1321 eum
978 1302 1063 1329 agno-

268 1339 373 1368 scimus
397 1344 424 1367 et
440 1340 605 1367 conﬁtemur
631 1341 691 1375 ejus
718 1340 839 1367 divinam
865 1344 891 1367 et
918 1341 1062 1376 mysticam

268 1385 341 1421 apud
367 1393 463 1413 omnes
488 1386 614 1414 homines
639 1386 727 1421 ipsius
754 1386 876 1421 potentia
899 1385 1064 1413 incarnatio-

269 1438 343 1458 nem.
371 1430 485 1458 Dicatur
509 1431 610 1459 iterum
640 1431 964 1464 Emmanuel,nobiscum
978 1425 1061 1465 Deus,

267 1484 301 1504 eo
315 1477 389 1514 quod
405 1476 487 1505 Pater
501 1477 622 1513 quidem,
634 1477 762 1513 Deusque
775 1478 899 1506 omnium
912 1485 995 1512 supra
1008 1485 1062 1506 non

268 1525 374 1552 tantum
391 1523 546 1556 mortalem,
566 1523 614 1551 sed
632 1526 659 1550 et
682 1531 791 1550 omnem
822 1523 993 1558 spiritualem
1013 1531 1063 1550 na-

269 1573 359 1595 turam
375 1569 427 1603 sit;
442 1569 528 1597 Filius
550 1577 616 1597 vero
629 1577 684 1597 non
696 1569 974 1597 immeritonobiscum
991 1569 1062 1596 Deus

1113 974 1202 1000 νεᾶνιν
1218 973 1270 999 ὑπὸ
1281 974 1330 1009 τῆς
1346 973 1457 1009 Γραφῆς
1467 972 1670 1008 ὀνομαζομένην
1680 981 1687 988 ·
1709 973 1754 998 καὶ
1769 971 1844 1008 ταύτῃ
1856 979 1881 1005 γι

1113 1019 1277 1055 ἀξιοπρεπὲς
1298 1019 1331 1046 ἂν
1349 1020 1391 1055 εἴη
1405 1019 1444 1054 τῷ
1460 1019 1527 1055 οἴκῳ
1541 1018 1622 1045 Δαυῖδ
1637 1018 1683 1045 διὰ
1704 1018 1751 1053 τὴν
1771 1016 1880 1043 ἀπιστίαν

1113 1065 1201 1092 αὐτῶν
1220 1065 1297 1101 παρὰ
1309 1065 1413 1101 Κυρίου
1430 1064 1546 1091 δίδοσθαι
1561 1065 1682 1099 σημεῖον,
1701 1064 1731 1090 τὸ
1745 1061 1882 1098 παραδόξως

1113 1111 1247 1147 παρθένον
1256 1112 1409 1143 ἀποτεκεῖν,
1425 1111 1458 1137 δι’
1471 1111 1485 1137 ὅ
1498 1111 1529 1146 δὴ
1545 1112 1592 1138 καὶ
1605 1112 1619 1137 ό
1631 1110 1822 1146 τεχθησόμενος
1830 1107 1882 1134 θαυ-

1115 1158 1216 1194 μαστός
1230 1166 1272 1189 τις
1285 1158 1321 1184 ὢν
1334 1157 1513 1193 ἀνηγόρευται
1524 1166 1530 1171 ·
1547 1158 1574 1184 εῐ
1587 1166 1618 1192 γε
1632 1157 1665 1183 ὲκ
1681 1156 1782 1188 παιδὸς,
1798 1155 1840 1182 καὶ
1853 1153 1883 1185 ὡς

1114 1204 1211 1236 εἰπεῖν,
1222 1203 1252 1237 ἐξ
1269 1203 1355 1238 αὐτῆς
1372 1203 1516 1237 γενέσεως,
1534 1203 1694 1238 ἀπειθήσειν
1711 1201 1758 1238 μὲν
1773 1199 1881 1234 πονηρίᾳ,

1113 1248 1274 1281 ἐκλέξασθαι
1290 1248 1319 1275 δὲ
1333 1247 1363 1273 τὺ
1376 1247 1476 1281 ἀγαθὸν
1491 1247 1703 1283 προφητεύεται.
1712 1245 1766 1272 Καὶ
1776 1245 1804 1271 τὺ
1813 1244 1883 1278 ὄνομα

1113 1295 1141 1322 δὲ
1161 1295 1243 1321 αὐτοῦ
1266 1295 1429 1330 θαυμαστῶς
1451 1293 1714 1334 προαναπειρώνηται
1730 1287 1884 1326 Ἐμμανουῇ

1113 1340 1261 1375 τυγχάνον·
1279 1350 1289 1366 ί
1307 1340 1321 1367 δ
1333 1340 1401 1373 ἐστι,
1414 1341 1477 1375 μεθ’
1489 1339 1573 1374 ήμῶν
1586 1341 1602 1366 ό
1614 1339 1736 1372 Θεός.“0
1746 1338 1791 1364 καὶ
1804 1338 1885 1372 equa:-

1115 1395 1163 1422 μεν
1179 1387 1212 1414 ἂν
1229 1388 1309 1422 ἡμεῖς
1321 1387 1346 1413 οἱ
1357 1386 1551 1421 ὁμολογοῦντες
1564 1385 1657 1417 αὐτὸν,
1670 1385 1718 1412 καὶ
1729 1382 1884 1416 συναισθόμε-

1113 1440 1152 1459 νοι
1170 1432 1219 1467 τῆς
1233 1431 1325 1459 ἐνθέου
1341 1432 1387 1458 καὶ
1401 1432 1558 1467 ἀπορρήτου
1570 1432 1610 1464 είς
1624 1431 1730 1462 πάντας
1744 1428 1885 1465 ἀνθρώπους

1112 1477 1156 1504 διὰ
1179 1478 1229 1512 τῆς
1256 1477 1338 1504 αὑτοῦ
1361 1477 1501 1513 δυνάμεως
1523 1476 1687 1513 ἐπιδημίας·
1714 1475 1815 1509 λέγοιτο
1829 1473 1847 1499 δ’
1860 1473 1885 1499 ἄν

1113 1522 1194 1549 πάλιν
1215 1523 1397 1558 Ἑμμανουὴλ,
1411 1525 1427 1549 ὁ
1450 1523 1513 1557 μεθ’
1529 1521 1614 1557 ἡμῶν
1631 1521 1716 1554 Θεὸς,
1732 1520 1769 1556 τῷ
1793 1519 1833 1546 τὸν
1848 1518 1885 1553 μὲν

1113 1567 1222 1603 Πατέρα
1230 1567 1277 1594 καὶ
1288 1567 1354 1594 Θεὸν
1365 1568 1417 1594 τῶν
1429 1568 1498 1594 ὅλων
1509 1568 1636 1594 ἐπέκεινα
1645 1567 1678 1593 οὺ
1691 1567 1769 1602 μόνον
1780 1565 1825 1600 τῆς
1836 1563 1886 1598 θνη-

267 1611 437 1648 nominatu-r,
448 1623 510 1643 cum
527 1617 600 1651 apud
615 1624 666 1644 nos
681 1621 867 1645 commoratus
883 1617 929 1644 sit.
946 1615 1024 1649 Quod
1037 1615 1059 1643 si

1112 1613 1171 1648 τῆς,
1189 1613 1254 1640 ἀλλὰ
1272 1614 1319 1640 καὶ
1335 1614 1421 1649 πάσης
1437 1614 1487 1648 τῆς
1503 1613 1615 1648 λογικῆς
1627 1613 1738 1647 φύσεως
1749 1609 1884 1646 τυγχάνειν

267 1659 353 1688 Judaei
374 1661 432 1688 haec
456 1661 547 1700 Acha;
572 1663 755 1697 praenuntiata
771 1662 804 1689 ad
828 1661 983 1692 Ezechiam,
1000 1661 1060 1696 ejus

269 1705 353 1732 [illum
370 1707 503 1742 regnique
518 1714 707 1735 successorem
718 1727 725 1740 ,
738 1706 869 1739 referant,
884 1706 1057 1733 animadver-

266 1751 379 1779 tendum
407 1753 465 1780 haec
491 1754 616 1789 ipsojam
634 1744 691 1782 tum
714 1759 791 1790 patre
809 1754 900 1782 Achaz
928 1756 1060 1789 regnante

267 1798 418 1833 praedicta;
436 1791 581 1827 Ezechiam
599 1793 665 1831 vero
684 1807 828 1836 antequam
847 1809 962 1836 regnum
977 1807 1058 1827 acce-

266 1844 338 1879 perit
349 1844 451 1876 Achaz,
471 1845 592 1880 genitura
610 1853 672 1874 esse
683 1850 802 1882 constat.
817 1838 958 1874 Sexdecim
970 1853 1058 1874 annos

266 1895 428 1925 rogaverat
443 1890 545 1922 Achaz,
561 1899 624 1918 cum
640 1891 665 1918 ei
688 1892 824 1926 successit
850 1891 992 1923 Ezechias,
1010 1891 1057 1927 qui

265 1940 326 1962 tum
342 1935 430 1963 :etetis
443 1936 570 1970 quintum
593 1940 620 1964 et
642 1937 802 1965 vicesimum
820 1945 922 1964 annum
941 1937 1056 1972 agebat;

265 1981 303 2008 ita
332 1985 363 2008 ut
387 1989 484 2009 novem
512 1983 592 2010 annis
624 1987 770 2018 antequam
793 1987 871 2019 pater
904 1983 932 2011 in
957 1983 1056 2011 solium

265 2028 441 2062 ascenderet,
454 2033 536 2056 natus
553 2029 598 2057 sit.
622 2029 673 2057 Sed
688 2030 744 2065 jam
761 2030 886 2066 regnanti
907 2031 965 2057 haec
987 2038 1057 2065 prae-

265 2073 340 2100 dicta
355 2078 421 2101 sunt
436 2075 525 2102 Aehaz
540 2075 574 2103 de
593 2075 706 2103 miriﬁca
728 2080 810 2112 atque
823 2076 935 2104 insolita
954 2075 1057 2104 Christi

265 2120 422 2149 nativitate.
446 2120 622 2157 Singulorum
644 2131 709 2150 vero
721 2123 804 2158 hujus
826 2123 974 2159 prophetia:
995 2130 1057 2150 ver-

265 2165 363 2193 borum
379 2174 501 2199 sensum,
517 2169 607 2203 qualis
629 2168 676 2200 sit,
692 2171 800 2197 noverit
813 2170 859 2204 qui
873 2170 900 2196 in
917 2170 967 2196 hos
982 2169 1056 2196 locos

263 2212 400 2240 mirabilis
413 2213 464 2240 viri
478 2214 625 2248 exegeticis
641 2215 764 2243 studiose
779 2215 937 2243 attenderit.

1110 1660 1156 1687 τὸν
1179 1660 1207 1687 δὲ
1225 1660 1294 1692 my,
1315 1661 1368 1686 τὸν
1379 1660 1443 1695 μεθ’
1460 1659 1544 1694 ἡμῶν
1559 1660 1633 1687 Θεὸν
1649 1659 1763 1689 εἰκότως
1774 1655 1885 1691 ὀνομάζε-

1113 1705 1174 1733 σθαι
1191 1706 1241 1742 τῆς
1258 1706 1353 1742 μέχρις
1365 1706 1444 1741 ἡμῶν
1457 1706 1603 1741 ἐπιδημίας
1616 1705 1701 1732 αὐτοῦ
1716 1704 1816 1731 ἕνεκεν.
1825 1700 1886 1728 Ἐπεὶ

1110 1754 1139 1780 δέ
1156 1761 1227 1785 τινος
1242 1753 1296 1779 τῶν
1310 1754 1341 1779 ἐκ
1353 1752 1503 1788 περιτομῆς
1515 1752 1656 1788 εἰρηκότος
1671 1750 1791 1780 ἀκούσας
1799 1749 1886 1784 μέμνη-

1113 1808 1162 1835 μαι
1187 1799 1272 1826 ταῦτα
1295 1798 1334 1833 τῷ
1357 1798 1440 1833 Ἀχὰζ
1462 1796 1682 1834 προφητεὺεσθαι
1699 1796 1765 1831 περὶ
1783 1792 1885 1826 Ἐζεκίου

1110 1845 1157 1872 τοῦ
1179 1845 1208 1877 ἐξ
1224 1844 1307 1871 αὑτοῦ
1323 1844 1467 1880 γενομένου
1485 1845 1531 1870 καὶ
1550 1844 1608 1878 μετ’
1625 1843 1707 1870 αὑτὸν
1730 1839 1881 1877 βασιλεύων

1110 1900 1166 1924 τος,
1182 1891 1371 1926 ὲπιτηρητέον,
1386 1890 1425 1916 ὃτι
1446 1891 1499 1926 πρὸ
1514 1889 1560 1915 τοῦ
1575 1888 1737 1923 βασιλεῦσαι
1757 1887 1802 1914 τὸν
1819 1883 1886 1920 ’Δχὰξ

1109 1939 1157 1967 καὶ
1183 1937 1236 1975 πρὸ
1256 1937 1305 1973 τῆς
1323 1937 1470 1973 εἰρημένης
1488 1935 1561 1971 αὐτῷ
1578 1936 1681 1971 ταύτης
1699 1935 1732 1971 δὴ
1757 1934 1836 1968 αὐτῆς
1848 1932 1887 1966 τῆς

1109 1983 1288 2022 προφητείας,
1305 1983 1429 2015 Ἐζεκίας
1450 1983 1500 2018 ἠδη
1524 1982 1606 2009 πάλαι
1627 1980 1810 2016 γεγενημένος
1834 1978 1887 2004 ἀπο-

1106 2031 1244 2058 δείκνυται
1258 2039 1264 2045 '
1284 2029 1331 2056 ἐπὶ
1344 2028 1411 2056 δέκα
1426 2028 1491 2062 γοῦν
1506 2029 1552 2055 καὶ
1565 2027 1595 2060 ἓξ
1610 2026 1683 2053 ἔτεσι
1701 2026 1748 2053 τὸν
1767 2023 1844 2060 Ἀχὰζ
1853 2022 1886 2056 βα-

1110 2077 1270 2104 σιλεύσαντα
1291 2076 1454 2111 διαδέχεται,
1469 2075 1543 2109 ἄγων
1558 2074 1617 2106 ἔτος
1639 2074 1691 2109 τῆς
1709 2072 1814 2108 ἡλικίας
1830 2068 1886 2104 πέμ-

1109 2132 1175 2151 πτον
1197 2123 1245 2150 καὶ
1268 2122 1399 2154 εἰκοστὸν,
1419 2122 1537 2157 ὁπηνίκα
1562 2121 1612 2155 τῆς
1637 2118 1780 2155 βασιλείας
1793 2117 1885 2151 ῆιχετοι

1108 2168 1145 2200 ὡς
1170 2167 1372 2204 προλαμϐάνειν
1398 2167 1480 2194 αὐτοῦ
1497 2167 1546 2202 τὴν
1574 2165 1683 2200 γένεσιν
1709 2164 1796 2191 ἐτεσιν
1821 2158 1884 2204 ὲννέςί

1107 2214 1156 2250 τὴν
1178 2203 1224 2241 τοῦ
1252 2203 1354 2250 πατρὸς
1380 2213 1426 2239 ἐπὶ
1451 2212 1500 2248 τὴν
1520 2210 1661 2247 βασιλείαν
1684 2209 1816 2245 πάροδον
1832 2203 1886 2232 ἀλλὰ

263 2258 318 2294 γὰρ
345 2259 395 2295 ἤδη
412 2259 580 2294 βασιλεύοντι
607 2261 643 2289 τὰ
678 2262 845 2298 προκείμενα
869 2262 908 2297 τῷ
929 2262 1011 2297 Ἀχάζ
1037 2260 1237 2297 προῳητεύεται
1260 2260 1324 2296 περὶ
1349 2260 1398 2295 τῆς
1420 2258 1608 2295 δεδηλωμένης
1629 2255 1678 2284 τοῦ
1696 2253 1814 2291 Χριστοῦ
1843 2259 1886 2277 ἠι-

264 2307 375 2343 ραδόξου
401 2307 447 2334 καὶ
470 2307 699 2345 θαυμασιωτάτης
714 2310 856 2345 γενέσεως.
874 2310 914 2336 Τά
934 2310 962 2337 δὲ
986 2310 1055 2337 κατὰ
1070 2310 1120 2345 τὴν
1136 2309 1208 2341 λέξιν
1223 2308 1328 2334 ἕκαστα
1343 2308 1434 2334 ὁποῖον
1451 2306 1506 2342 ἔχει
1520 2305 1593 2339 νοῦν,
1618 2307 1677 2338 τοῖς
1699 2304 1742 2334 εἰς
1765 2302 1825 2333 τοὺς
1850 2298 1886 2326 τό·

262 2362 330 2385 πους
351 2353 399 2380 τοῦ
422 2353 572 2389 θαυμασίου
599 2355 695 2392 ἀνδρὸς
715 2356 888 2392 ἐξηγητικοῖς
909 2356 1026 2392 ἐντυχὼν
1039 2358 1053 2383 ὁ
1072 2365 1089 2390 ῳ

576 2413 689 2441 CAPUT
710 2413 742 2441 V.

299 2467 309 2483 ‹
328 2457 362 2485 Et
377 2457 446 2490 dixit
461 2457 593 2487 Dominus
616 2459 648 2486 ad
675 2468 719 2487 me
739 2470 746 2487 :
765 2460 867 2496 Accipe
890 2461 938 2489 tibi
953 2462 1005 2497 ipsi
1020 2461 1053 2489 li—

261 2503 343 2530 brum
358 2511 459 2531 novum
475 2504 617 2539 grandem,
634 2509 661 2533 et
677 2506 767 2534 scribe
780 2507 808 2533 in
827 2515 859 2535 eo
874 2507 945 2543 stylo
964 2508 1052 2536 homi-

260 2549 327 2582 nis,
356 2553 386 2576 ut
411 2550 535 2577 celeriter
561 2551 741 2586 direptionem
773 2552 858 2581 facias
891 2553 1052 2589 spoliorum.

260 2594 344 2623 Adest
360 2596 444 2628 enim,
461 2600 489 2624 et
504 2600 589 2634 testes
611 2598 678 2625 mihi
699 2598 781 2626 facito
804 2599 897 2627 lidelcs
917 2600 1052 2632 homines,

261 2639 354 2668 Uriam
370 2642 549 2676 sacerdotem,
564 2647 591 2670 et
613 2643 775 2675 Zachariam
797 2644 882 2672 ﬁlium
903 2646 1051 2674 Barachiw.

260 2686 297 2713 Et-
307 2688 413 2715 accessi
428 2688 462 2715 ad
477 2690 688 2724 prophetissam,
704 2694 731 2718 et
750 2691 777 2718 in
794 2695 872 2719 utero
887 2693 1000 2728 accepit,
1026 2696 1053 2720 et

259 2734 365 2767 peperit
380 2734 476 2764 ﬁlium.
492 2735 525 2762 Et
541 2736 610 2763 dixit
623 2736 754 2768 Dominus
778 2738 812 2765 ad
833 2746 895 2766 me:
913 2738 987 2766 Voca
1002 2747 1050 2766 no-

260 2786 323 2805 men
348 2780 419 2814 ejus,
446 2781 575 2810 Accelera
603 2784 690 2818 spolia
728 2783 881 2817 detrahere,
905 2785 960 2812 cito
982 2793 1051 2820 prm-

259 2823 345 2855 dare.
376 2825 440 2858 quia
468 2830 614 2861 antequam
644 2829 713 2856 sciat
742 2837 810 2864 puer
832 2837 929 2857 vocare
945 2834 1049 2866 patrem

296 2903 301 2917 ¹
323 2901 400 2929 Deut.
414 2911 482 2935 u'l,
503 2904 545 2930 27.

1094 2354 1222 2390 ιλομαθὴς
1238 2353 1348 2381 εἴσεται.

1374 2411 1571 2438 ΚΕΦΛΛΔΙΟΝ
1593 2410 1629 2436 Ε’.

1142 2469 1152 2485 ι
1171 2457 1297 2487 Κα¹ιεῖπε
1319 2458 1421 2494 Κύριος
1437 2457 1504 2494 πρὸς
1527 2457 1571 2492 μὲ,
1592 2456 1665 2483 Λάϐε
1688 2454 1796 2490 σεαυτῷ
1815 2453 1886 2488 τόμον

1105 2505 1228 2543 (χάρτου)
1245 2504 1339 2532 καινοῦ
1359 2504 1486 2540 μεγάλου,
1501 2504 1547 2530 καὶ
1562 2503 1665 2538 γράψον
1676 2503 1717 2534 είς
1731 2501 1811 2528 αὐτὸν
1826 2506 1883 2534 γρα-

1104 2553 1159 2588 φίδι
1173 2551 1328 2588 ἀνθρώπου,
1340 2551 1387 2578 τοῦ
1400 2551 1483 2584 ὀξέως
1498 2549 1636 2585 προνομὴν
1651 2548 1766 2585 ποιῆσαι
1777 2545 1883 2574 σκύλων·

1103 2599 1219 2635 πάρεστι
1234 2599 1288 2634 γάρ
1298 2607 1304 2612 ·
1323 2598 1370 2624 καὶ
1384 2597 1523 2633 μάρτυράς
1538 2604 1583 2631 μοι
1593 2595 1707 2630 ποίησον
1726 2593 1835 2624 πιστοὺς
1847 2591 1885 2617 ἀν’

1103 2645 1239 2681 θρώπους,
1256 2645 1301 2671 τὸν
1324 2643 1424 2680 Οὐρίαν
1437 2642 1482 2669 τὸν
1506 2642 1590 2677 ἱερέα,
1611 2641 1656 2668 καὶ
1682 2639 1822 2676 Ζαχαρίαν
1837 2635 1883 2664 υἱδν

1102 2691 1247 2727 Βαραχίου.
1263 2690 1318 2717 Καὶ
1334 2689 1484 2726 προσῆλθον
1506 2689 1573 2724 πρὸς
1588 2688 1637 2723 τὴν
1653 2683 1881 2722 προφήτηνᾶτιν).
1900 2706 1901 2709 η

1102 2739 1149 2766 καί¹
1165 2739 1193 2764 ὲν
1217 2738 1316 2773 γαστρὶ
1332 2735 1422 2767 ἔλαϐε,
1439 2735 1485 2761 καὶ¹
1505 2734 1597 2761 ἔτεκεν
1613 2734 1667 2760 υίόν
1677 2741 1684 2747 ·
1704 2734 1754 2760 καὶ
1767 2730 1825 2759 εἷπε
1836 2728 1882 2757 Κύ-

1102 2784 1159 2820 ριός
1181 2792 1241 2819 μοι·
1259 2783 1380 2810 Κάλεσον
1395 2782 1424 2808 τὸ
1436 2781 1520 2817 ὄνομα
1535 2780 1627 2812 αὐτοῦ,
1647 2779 1762 2814 Ταχέως
1781 2777 1883 2804 σκύλευ-

1101 2819 1157 2863 σον,
1178 2830 1260 2864 ὀξέως
1287 2829 1487 2865 προνόμευσονι
1511 2827 1588 2859 διότι,
1617 2826 1680 2861 πρὶν
1712 2825 1730 2861 ἢ
1748 2823 1844 2859 γνῶναι
1858 2819 1882 2847 τὸ
