2035 3214
194 168 263 195 1Ξο5

700 173 847 203 ECLOGA;
866 176 1109 208 PROPHETICE.
1130 197 1162 202 -
1187 182 1250 210 LIB.
1274 176 1328 211 iv;

1740 193 1751 217 Ι
1756 191 1809 219 206

189 227 294 254 παιδίον
317 228 408 254 καλεῖν
433 229 537 265 πατέρα
553 230 569 266 ἢ
588 231 703 267 μητέρα,
721 232 834 268 λήψεται
861 235 968 271 δύναμιν

1025 243 1072 266 aut
1091 245 1217 274 matrem,
1234 242 1349 278 accipiet
1373 247 1532 278 potestatem
1551 244 1685 277 Damasci.
1701 251 1728 274 et
1743 255 1808 282 spo—

188 273 346 310 Δαμασκοῢ,
368 276 415 302 καὶ
434 276 467 303 τὰ
493 276 578 304 σκῦλα
596 278 750 315 Σαμαρείας
766 280 884 307 ἐναντίον
897 281 973 316 βασι-

187 320 256 353 λέως
276 321 435 357 ’Δσὰυρίων.
452 332 461 348 ι
488 323 548 349 Ἐπὶ
566 325 599 359 τῇ
617 325 664 350 τοῦ
683 325 822 360 μέλλοντος
838 327 974 354 ἀποτελεῖ-

187 367 250 394 σθαι
278 367 429 403 παραδόξου
454 370 598 405 ἀναγραφῇ
621 371 703 406 τόμον
733 372 826 399 καινοῦ
856 374 973 409 μεγάλου

185 414 310 450 ἀγράφου
339 415 538 450 προσ-τάσσεται
560 416 651 444 λαϐεῖν
671 419 686 444 ὁ
710 419 868 454 προφήτης·
884 420 918 446 δι’
942 417 972 446 οὗ

185 459 330 495 δηλοῦσθαι
351 460 452 495 νομίζω
466 461 496 487 τὸ
509 462 558 497 τῆς
576 463 679 498 Καινῆς
696 464 833 501 Διαθήκης
852 466 974 501 Εὐαγγέ-

185 504 257 531 λιον·
275 505 342 533 ἀλλὰ
359 506 405 532 καὶ
429 507 570 544 μάρτυρας
585 509 624 544 τῷ
640 511 735 546 Κυρίῳ
749 512 912 547 ποιήσασθαι
927 503 972 540 πί-

185 551 265 583 στοὺς
281 551 449 588 ἀνθρώπους,
464 551 500 580 ὧν
517 555 531 581 ὁ
547 556 595 591 μὲν
612 558 700 592 ἱερεὺς
716 558 822 593 λέγεται
837 557 916 593 εἷναι,
928 561 972 588 ὁδ’

183 596 287 633 ἕτερος,
310 597 397 634 οἶμαι⁹
414 601 555 637 προφήτης
575 600 624 638 ἦν·
642 604 778 640 μέμνηται
800 606 864 641 γοῦν
890 608 971 635 αὐτοῦ

183 643 232 670 καὶ
248 644 264 679 ή
277 644 331 670 τῶν
352 645 596 682 Παραλειπομένων
612 651 722 686 γραφή·
745 651 792 683 οὒς
811 652 859 679 καὶ
873 653 972 686 αὐτοὺς

183 689 367 736 ὑπολαμϐάνω
381 691 412 717 σύ
417 692 514 726 μϐολον
527 691 596 721 εῖναι
610 695 664 722 τῶν
677 698 928 734 μεμαρτυρηκότων
937 702 970 736 τῇ

181 734 229 761 τοῦ
246 735 370 772 Σωτῆρος
386 738 463 773 ἡμῶν
485 739 572 775 Ἰησοῦ
587 741 705 777 Χριστοῦ
725 745 862 780 παρουσίᾳ
876 745 907 782 (f.
925 734 970 781 475

181 782 340 817 προφητῶν,
352 784 398 810 καὶ
411 784 465 811 τῶν
479 786 518 817 εἰς
531 785 576 813 τὸν
592 787 673 814 αὐτοῦ
692 788 777 816 τύπον
792 791 876 818 πάλαι
885 791 970 818 καθεΔ

183 827 293 874 orti;th
316 829 420 865 ιερέων.
440 831 518 859 Μετὰ
537 832 639 860 ταῦτα.
651 833 773 869 λέγεται·
791 846 802 862 ι
820 837 875 864 Καὶ
886 847 969 874 προσ-

180 872 263 907 ῆλθον
277 875 344 910 πρὸς
360 875 410 911 τὴν
426 878 570 913 προφῆτιν,
589 881 634 907 καὶ
647 881 675 907 ἐν
689 884 788 918 γαστρὶ
805 883 885 910 ἔλαϐε
898 872 914 917 ,η
923 886 970 912 καὶ

182 918 275 947 ἔτεκεν
285 921 353 954 υίὸν,
367 932 376 948 ›
384 923 430 950 καὶ
437 923 471 950 τὰ
484 924 556 960 έξῆς.
572 926 679 963 Σφόδρα
691 928 719 954 δὲ
732 929 854 965 ἀπρεπὲς
864 931 910 957 καὶ
922 932 971 967 τῆς
987 922 1007 948 Β

180 968 352 1003 προφητικῆς
378 970 541 1006 σεμνότητός
562 981 591 999 τε
617 973 664 1000 καὶ
685 974 868 1012 καθαρότητος
891 976 969 1004 ἀλλό-

178 1019 255 1048 τριον
275 1013 305 1039 τὸ
323 1016 474 1051 προχείρως
497 1017 583 1050 οὕτως
602 1019 705 1046 οἴεσθαι
722 1021 767 1048 τὸν
787 1023 930 1059 προφήτην
941 1025 970 1051 ὲν

179 1059 254 1096 αὐτῷ
269 1060 309 1096 τῷ
323 1061 508 1098 θεοφορεῖσθαι
535 1065 591 1092 ὲπὶ¹
603 1067 750 1103 μαρτύρων
764 1068 818 1094 τῶν
842 1069 970 1105 προδεδη-

179 1105 309 1142 λωμένων
334 1110 476 1142 κοινωνίας
501 1112 580 1148 χάριν
607 1114 722 1149 αἰσχρᾶς
744 1114 969 1151 προσεληλυθέναι

178 1153 289 1198 γυναικὶ
305 1155 448 1191 προφήτιδι
465 1158 512 1183 καὶ
529 1158 611 1194 αὐτῇ·
635 1160 698 1186 ποία
713 1161 741 1187 δὲ
757 1161 807 1187 κᾶν
823 1162 970 1198 πιθανότης

178 1197 305 1233 τολμάτω
316 1202 472 1235 προσελθεῖν
484 1204 564 1231 αὑτὸν
576 1206 763 1241 συνειληφέναι
774 1208 820 1234 καὶ
831 1197 968 1236 τετοκέναι

178 1245 264 1280 αὐτὴν
280 1246 350 1272 υἱόν·
371 1247 437 1275 ἀλλὰ
456 1250 509 1286 γὰρ
531 1250 639 1286 ἔχεσθαι
655 1252 704 1278 καὶ
722 1253 823 1289 ταύτην
839 1254 887 1289 τὴν
902 1263 969 1290 προ-

177 1291 292 1325 φητείαν
305 1292 427 1336 ἠγοῦμαι.
441 1295 488 1322 τοῦ
501 1295 546 1322 νοῦ
558 1298 607 1332 τῆς
628 1297 849 1334 προεκτεθείσης,
862 1299 921 1326 καθ’
934 1301 968 1336 ἢν

178 1335 285 1372 εἴρητο·
302 1348 311 1364 ι
338 1340 402 1367 Ἰδοὺ
420 1334 443 1376 ’ἡ
467 1342 602 1378 παρθένος
625 1343 654 1369 ὲν
677 1344 778 1380 γαστρὶ
805 1334 964 1380 λήψεται-ἰ

177 1384 268 1410 ἐκεῖσε
281 1385 330 1420 μὲν
345 1386 399 1423 γὰρ
410 1388 439 1413 ὲν
451 1390 549 1424 γαστρὶ¹
568 1389 698 1425 λήψεσθαι
715 1391 761 1417 καὶ
775 1390 898 1424 τέξεσθαι
911 1392 967 1418 υἱὸν

177 1430 343 1466 προύλέγετο
367 1434 382 1468 ἡ
407 1435 558 1470 παρθένος·
584 1436 700 1463 ἐνταῦθα
718 1437 746 1464 δὲ
771 1438 817 1464 καὶ
833 1439 847 1465 ό
868 1438 967 1474 τρόπος

176 1476 240 1502 καθ’
252 1477 281 1504 ὃν
295 1478 381 1513 πέρας
395 1479 503 1515 εἴληφεν
521 1482 537 1515 ἡ
558 1482 712 1518 προφητεία
726 1483 850 1518 δηλοῦται
862 1492 869 1499 ⁸
891 1493 900 1510 ι
922 1484 966 1511 Ἐν

176 1522 276 1558 γαστρὶ
300 1523 363 1558 γὰρ,
386 1525 477 1560 φησὶν,
502 1525 592 1559 ἔλαϐε,
612 1527 659 1554 καὶ
695 1527 787 1554 ἔτεκεν
804 1529 872 1556 υἱόν,
894 1538 904 1556 ι
918 1529 966 1561 Τίς

1025 285 1060 312 lia
1084 284 1214 314 Samaria
1236 296 1328 315 coram
1351 297 1414 324 rege
1437 289 1610 325 Assyriorum
1631 292 1650 317 ².
1676 303 1685 317 ι
1703 292 1743 319 Ad
1759 294 1810 320 mi-

1024 332 1125 360 randas
1140 341 1184 361 res
1198 342 1258 369 quae
1274 335 1372 372 futura:
1394 341 1472 363 erant
1486 338 1697 365 conscribendas
1711 339 1810 366 librum

1024 384 1124 404 novum
1139 383 1167 405 et
1183 380 1312 414 grandem
1337 388 1444 408 sumere
1463 381 1575 415 jubetur
1597 383 1740 417 propheta,
1756 391 1811 418 quo

1024 423 1169 458 signiﬁcari
1180 425 1277 459 opinor
1290 425 1358 454 Novi
1375 426 1540 454 Testamenti
1554 427 1741 463 Evangelium.
1756 430 1811 457 Sed

1023 472 1050 496 et
1066 472 1150 497 testes
1172 469 1287 498 Domino
1309 476 1338 499 ut
1362 473 1463 500 faceret
1481 473 1574 501 ﬁdeles
1591 474 1725 506 homines,
1740 483 1806 509 quo-

1024 522 1083 542 rum
1100 517 1208 552 quidem
1224 525 1295 545 unus
1311 519 1438 547 sacerdos
1451 527 1512 547 esse
1532 520 1641 552 dicitur,
1660 521 1730 548 alius
1745 529 1811 549 vero

1023 562 1153 597 propheta
1166 566 1221 589 erat
1234 571 1241 596 ;
1266 563 1389 590 meminit
1412 564 1495 597 igitur
1507 565 1566 597 ejus
1581 569 1608 592 et
1626 565 1811 601 Paralipome—

1022 614 1077 634 non
1094 607 1255 642 Scriptura;
1271 616 1340 643 quos
1363 613 1390 636 et
1404 610 1478 644 ipsos
1503 611 1627 645 suspicor
1641 615 1734 646 typum
1749 620 1810 640 esse

1021 660 1114 680 eorum
1131 654 1178 688 qui
1199 652 1348 681 Salvatoris
1370 655 1458 682 nostri
1479 655 1544 683 Jcsu
1565 656 1665 684 Christi
1681 657 1808 685 adventui

1022 703 1106 728 testes
1119 700 1182 727 l'acti
1206 704 1271 727 sunt
1295 701 1445 736 prophetae,
1460 705 1487 728 et
1506 703 1552 737 qui
1571 703 1598 729 in
1615 703 1675 737 ejus
1695 703 1808 738 ﬁguram

1021 747 1086 774 olim
1105 747 1246 774 constituti
1266 753 1330 775 sunt
1351 748 1516 776 sacerdotes.
1535 748 1601 776 Post
1618 749 1674 776 haec
1686 750 1806 778 dicitur:

1024 804 1033 820 ι
1052 793 1086 820 Ει
1102 795 1205 822 accessi
1220 794 1253 821 ad
1271 794 1480 830 prophetissam,
1497 798 1524 822 et
1545 795 1571 822 in
1597 800 1675 822 utcro
1691 797 1806 830 act-epit.

1021 845 1047 868 et
1072 841 1176 876 peperit
1200 841 1294 874 ﬁlium,
1312 850 1322 867 ι
1340 845 1366 868 et
1379 848 1439 876 quae.
1456 845 1617 875 sequuntur.
1646 841 1807 876 Magnopera

1021 888 1130 923 quidem
1151 887 1291 923 indignum
1312 886 1477 922 prophetica'
1492 887 1622 922 dignitate
1643 891 1670 915 et
1692 888 1807 915 sinceri-

1021 937 1076 960 tate
1097 933 1253 961 existimare
1275 933 1449 968 prophetam,
1472 933 1622 968 pmsertim
1646 941 1708 960 cum
1736 933 1806 962 inter

1022 979 1166 1014 praedictos
1187 983 1271 1006 testes
1294 979 1426 1006 divinitus
1445 979 1605 1014 inspiratur,
1617 979 1704 1013 turpis
1723 986 1807 1006 causa

1021 1026 1152 1053 consortii
1166 1026 1200 1052 atl
1212 1026 1363 1057 mulierem,
1377 1026 1575 1060 prophetissam
1592 1025 1654 1052 licet
1665 1026 1805 1053 accedere.

1020 1071 1147 1107 Nunquid
1172 1072 1318 1099 verisimile
1338 1076 1396 1098 erat
1414 1079 1474 1098 eum
1497 1071 1658 1103 accessisse,
1686 1075 1713 1098 et
1733 1071 1805 1097 illam

1020 1118 1180 1153 concupisse
1190 1122 1218 1145 et
1228 1118 1367 1152 peperisse
1375 1117 1478 1144 ﬁlium?
1488 1117 1571 1144 Nobis
1581 1117 1652 1144 enim
1664 1117 1734 1144 idem
1744 1125 1807 1144 esse

1018 1165 1124 1192 videtur
1137 1171 1235 1192 sensus
1244 1164 1335 1199 hujus,
1352 1171 1383 1191 ac
1390 1163 1490 1199 prioris
1500 1163 1656 1199 prophetiae,
1669 1171 1721 1198 qua
1737 1163 1806 1190 dici—

1019 1214 1085 1237 tur:
1103 1219 1112 1236 ι
1132 1209 1202 1237 Ecce
1225 1210 1302 1245 virgo
1325 1210 1352 1237 in
1377 1213 1454 1237 utero
1478 1209 1615 1244 accipiet:
1635 1219 1645 1234 ι
1662 1210 1717 1237 illic
1732 1211 1803 1237 enim

1018 1257 1047 1284 in
1064 1261 1141 1284 utero
1156 1259 1329 1290 accepturam
1345 1261 1372 1283 et
1391 1255 1475 1283 ﬁlium
1495 1256 1644 1290 parituram
1666 1263 1727 1283 esse
1750 1256 1805 1282 vir-

1018 1303 1107 1338 ginem
1129 1301 1288 1337 pradictum
1305 1306 1379 1335 erat;
1404 1309 1477 1328 nunc
1499 1301 1544 1328 hic
1565 1301 1634 1328 ratio
1652 1301 1805 1329 ostenditur

1017 1354 1071 1383 qua
1083 1350 1181 1374 eventu
1196 1347 1308 1381 probata
1325 1350 1366 1374 est
1382 1347 1533 1381 prophetia.
1554 1356 1562 1372 ι
1583 1347 1612 1374 ln
1626 1351 1703 1374 utero
1719 1347 1804 1378 enim,

1018 1393 1066 1425 ait,
1091 1393 1196 1428 accepit
1212 1397 1239 1421 et
1264 1393 1369 1427 peperit
1393 1392 1487 1420 ﬁlium.
1507 1402 1516 1419 ι
1531 1391 1599 1425 Quis
1623 1393 1705 1428 igitur
1729 1398 1802 1421 esset

1017 1439 1112 1467 dicens
1127 1449 1133 1466 :
1154 1448 1163 1464 ι
1182 1439 1292 1466 Accessi
1309 1439 1342 1466 ad
1359 1439 1569 1475 prophetissam,
1587 1449 1597 1466 ι
1614 1439 1668 1466 nisi
1685 1439 1803 1474 Spiritus

1017 1491 1140 1519 sanctus,
1155 1493 1171 1513 a
1191 1493 1247 1521 quo
1272 1485 1376 1514 amatus
1387 1486 1519 1522 propheta
1542 1485 1697 1518 divinabat,
1721 1490 1748 1512 et
1770 1484 1804 1512 de

1016 1540 1071 1568 quo
1086 1532 1189 1560 dictum
1201 1537 1242 1560 est
1257 1532 1347 1560 Mariaa
1362 1542 1368 1560 :
1389 1542 1397 1558 ι
1414 1532 1533 1568 Spiritus
1549 1535 1662 1560 sanctus
1675 1538 1804 1566 superve-

176 1565 213 1616 ἂν
225 1565 271 1594 οὖν
285 1568 326 1604 είή
342 1570 356 1595 ὸ
375 1569 486 1604 φάσκων
501 1571 541 1603 τὸ,
558 1581 567 1597 ι
587 1573 743 1609 Προσῆλοον
756 1574 824 1610 πρὸς
838 1575 886 1610 τὴν
901 1584 966 1612 προ-

1019 1565 1072 1607 liiet
1091 1579 1119 1606 in
1144 1582 1185 1610 te,
1203 1584 1230 1605 et
1244 1579 1332 1605 virtus
1352 1565 1484 1606 Altissimi
1505 1577 1678 1605 obumbrabit
1691 1565 1740 1604 tibi
1754 1577 1774 1602 ³.
1792 1586 1800 1602 ι

177 1613 267 1647 φῆτιν,
286 1624 295 1639 ι
312 1615 328 1650 ἢ
344 1615 374 1642 τὸ
388 1615 498 1652 Πνεῦμα
512 1617 542 1643 τὸ
561 1617 637 1652 ἆγιον
648 1618 678 1645 τὸ
698 1618 794 1646 λαλοῦν
809 1620 837 1646 ὲν
848 1620 887 1655 τῷ
902 1629 966 1657 προ-

177 1659 262 1695 φήτῃ,
278 1660 341 1696 περὶ
354 1657 384 1687 οὗ
409 1661 531 1688 λέλεκται
549 1664 581 1697 τῇ
597 1663 704 1699 Μαρίᾳ·
724 1674 734 1690 ι
755 1664 869 1700 Πνεῦμα
890 1666 967 1701 ἆγιον

175 1705 350 1733 ἐπελεύσεται
364 1707 410 1733 ἐπὶ
427 1707 466 1739 σε,
481 1708 526 1734 καὶ
540 1708 652 1744 δύναμις
670 1709 795 1744 Ὑψίστου
812 1712 966 1739 ἐπισκιάσει

177 1758 229 1778 σοι.
250 1761 259 1777 ι
278 1752 323 1778 Διὸ
340 1753 386 1779 καὶ
407 1754 541 1790 προφῆτις
561 1755 610 1781 οὐκ
627 1755 777 1788 ἀπεικότως
789 1756 835 1786 καὶ
852 1757 920 1793 αὐτὴ
933 1757 966 1784 ἂν

175 1797 284 1834 λεχθείη
294 1806 301 1813 ·
318 1799 371 1825 ἀπὸ
388 1799 453 1833 γοῦν
467 1799 515 1827 τοῦ
534 1800 611 1834 ἁγίου
629 1801 785 1836 Πνεύματος
799 1802 966 1830 συλλαϐοῦσα

174 1842 270 1870 τέτοκε
292 1844 338 1871 τὸν
359 1846 447 1872 ἐκεῖσε
471 1846 520 1881 μὲν
544 1847 757 1884 έπικεκλημένον
779 1849 965 1886 Ἐμμανουὴλ,

175 1888 293 1915 ενταῦθα.
302 1889 330 1916 δὲ
338 1889 424 1923 ἄλλως
438 1893 706 1929 προσαγορευόμενον
715 1901 721 1908 ·
734 1904 743 1920 ι
754 1895 877 1922 Κάλεσον
901 1897 966 1934 γὰρ,

175 1935 255 1971 φησὶ,
282 1936 313 1962 τὸ
344 1935 429 1971 δνομα
442 1937 488 1964 τοῦ
511 1938 706 1974 ἀποτεχθέντος
721 1940 838 1973 παιδίου,
855 1942 967 1977 Ταχέως

176 1981 336 2027 σκύλευσον,
358 1983 441 2016 ὀξέως
458 1985 658 2020 προνόμευσον¹
681 1995 690 2012 ι
710 1987 757 2013 καὶ
776 1987 831 2024 γὰρ
846 1988 883 2020 ὡς
903 1989 969 2027 ἀλη-

175 2026 233 2059 θῶς
257 2028 419 2056 ἐσκύλευσεν
433 2027 510 2062 οὗτος
532 2032 579 2058 καὶ
601 2033 800 2068 προενόμευσεν
821 2026 969 2073 ἀπορρήτῳ

175 2075 224 2101 καὶ
237 2074 297 2111 θείᾳ
306 2075 419 2111 δυνάμει
427 2077 476 2109 τὰς
487 2078 676 2114 ἀντικειμένας
687 2080 819 2116 ἀοράτους
834 2083 880 2110 καὶ
892 2092 970 2110 πνευ-

176 2122 295 2157 ματικὰς
306 2121 444 2158 δυνάμεις,
460 2123 530 2151 ὥστε
543 2125 641 2158 εἰπεῖν,
661 2135 671 2152 ι
696 2127 766 2163 Ἐγὼ
781 2130 912 2165 νενίκηκα
923 2130 969 2158 τὸν

174 2167 294 2203 κόσμον*
315 2179 324 2194 ι
339 2170 385 2204 ἀφ’
401 2166 437 2196 ὧν
457 2171 542 2198 σκῦλα
563 2172 610 2198 καὶ
627 2175 767 2211 προνομὴν
783 2175 901 2211 εἰληφὼς
919 2177 969 2208 τὰς

178 2214 265 2241 πάλαι
278 2217 566 2253 κατατυραννουμένας
579 2219 625 2246 ὑπ’
647 2220 736 2247 αὐτῶν
746 2221 846 2256 ψυχὰς,
854 2222 969 2258 κηρῦξαι

1016 1625 1133 1661 Ideoque
1153 1625 1325 1660 prophetissa
1344 1631 1400 1652 non
1423 1625 1558 1652 immerito
1576 1624 1713 1651 diceretur
1732 1622 1802 1657 ipsa.

1016 1680 1077 1707 quae
1095 1679 1110 1698 a
1133 1675 1228 1699 sancto
1250 1670 1354 1706 Spiritu
1368 1671 1535 1706 concipiens,
1556 1670 1660 1706 peperit
1678 1677 1738 1697 eum
1757 1670 1804 1704 qui

1017 1717 1072 1744 illic
1084 1720 1198 1744 vocatur
1218 1716 1389 1749 Emmanuel,
1405 1716 1449 1743 hic.
1464 1723 1529 1743 vero
1545 1715 1622 1742 aliter
1637 1714 1803 1741 nominatur.

1019 1772 1028 1788 ι
1049 1761 1122 1790 Voca
1135 1762 1219 1795 enim,
1232 1763 1280 1796 ait,
1294 1769 1392 1790 nomen
1414 1761 1485 1796 ejus,
1508 1760 1637 1788 Accelera
1654 1759 1740 1794 spolia
1755 1758 1803 1785 de-

1017 1809 1135 1841 trahere,
1154 1809 1210 1837 cito
1229 1808 1359 1844 prazdare.
1384 1817 1393 1833 ι
1410 1806 1480 1834 Vere
1508 1806 1580 1833 enim
1606 1805 1651 1832 ille
1677 1803 1803 1839 spoliavit

1017 1861 1043 1883 et
1059 1856 1195 1892 praedatus
1212 1859 1254 1883 est
1271 1854 1386 1890 mystica
1401 1857 1428 1881 et
1441 1853 1532 1881 divina
1543 1851 1643 1878 virtute
1662 1849 1802 1880 adversas,

1018 1901 1169 1929 invisibiles
1183 1901 1392 1937 spiritualesque
1412 1901 1569 1933 potestates,
1585 1896 1623 1923 ita
1637 1899 1667 1922 ut
1679 1894 1782 1922 diceret
1794 1903 1800 1920 :

1021 1959 1030 1975 ι
1049 1948 1105 1984 Ego
1125 1948 1176 1975 vici
1192 1946 1323 1975 mundum
1339 1945 1360 1972 ³.
1381 1955 1391 1971 ι
1404 1944 1426 1971 Α
1443 1944 1542 1979 quibus
1565 1941 1644 1977 quasi
1668 1939 1756 1975 spolia
1768 1943 1802 1984 ret

1019 1983 1137 2029 pradam
1153 1993 1257 2020 animas
1270 1989 1433 2027 jampridem
1456 1989 1490 2016 ab
1514 1987 1547 2015 iis
1567 1993 1710 2021 oppressas
1727 1983 1803 2011 aufe-

1018 2049 1092 2073 rens,
1111 2049 1123 2066 ι.
1138 2039 1287 2075 praedicare
1299 2037 1413 2073 captivis
1436 2034 1624 2063 remissionem
1635 2032 1646 2047 ’⁸
1664 2041 1674 2058 ι
1690 2030 1802 2058 conﬁte-

1020 2093 1073 2121 tur,
1086 2075 1224 2122 accipiens
1238 2092 1253 2112 a
1265 2084 1346 2111 Patre
1360 2093 1369 2109 ι
1384 2085 1478 2118 gentes
1492 2080 1674 2108 hereditatem
1686 2078 1745 2112 ejus
1756 2076 1777 2109 ⁵,
1791 2087 1800 2101 ι

1019 2140 1079 2169 quae
1099 2132 1187 2167 spolia
1209 2130 1289 2158 facile
1308 2129 1363 2157 dici
1379 2131 1508 2164 possent;
1526 2135 1535 2152 ‹
1554 2129 1580 2153 et
1602 2123 1803 2160 possessionem

1019 2180 1079 2215 ejus
1106 2170 1237 2206 terminos
1266 2180 1344 2203 terra;
1360 2176 1381 2208 ',
1404 2184 1413 2201 ι
1433 2172 1506 2214 quod
1537 2172 1634 2199 merito
1661 2172 1803 2198 vocaretur

1019 2225 1269 2261 praedaJ’raeterea,
1281 2232 1290 2248 ι
1305 2221 1468 2256 Priusquam
1483 2219 1552 2247 sciat
1562 2225 1628 2253 puer
1641 2223 1740 2243 vocare
1755 2222 1802 2250 pa-

175 2260 361 2296 αίχμαλὼτοις
373 2262 469 2297 ἄφεσιν
488 2273 497 2289 ›
512 2265 649 2300 ὁμολογεῖ,
664 2267 754 2294 λαϐὼν
766 2268 841 2302 παρὰ
852 2268 899 2294 τοῦ
915 2269 967 2296 Πα-

1020 2260 1086 2300 trem
1100 2275 1127 2298 et
1140 2274 1265 2300 matrem,
1278 2267 1403 2302 accipiet,
1420 2266 1468 2298 ait,
1485 2268 1646 2301 potestatem
1667 2262 1801 2292 Damasci,

174 2306 242 2342 πρὸς
262 2316 270 2331 ι
289 2306 352 2343 ἔθνη
367 2308 416 2344 τὴν
440 2309 621 2347 κληρονομίαν
643 2314 739 2340 αὑτοῦ·
759 2324 769 2339 ι
782 2314 799 2340 ἃ.
819 2314 916 2349 λέγοιτ’
934 2315 966 2343 ἂν

174 2353 296 2385 εὐκόλως
307 2354 402 2382 σκῦλαο
415 2364 424 2381 ι
436 2356 484 2382 καὶ
495 2357 544 2392 τὴν
552 2359 714 2397 κατάσχεσιν
724 2359 807 2387 αὑτοῦ
814 2360 849 2387 τὰ
862 2361 966 2397 πέρατα

174 2399 229 2435 ’τῆς
239 2400 302 2435 γῆς,
316 2411 326 2426 ι
336 2400 354 2428 ἂ
369 2402 416 2428 καὶ
432 2403 501 2429 αὐτὰ
510 2404 622 2436 εἰκότως
637 2406 669 2432 ἂν
691 2407 798 2435 καλοῖτο
816 2412 964 2444 προνομὴν.

176 2445 251 2480 Πρὸς
275 2446 390 2480 τούτοις,
412 2457 422 2474 ι
449 2449 547 2485 Πρὶνῆ
565 2451 666 2484 γνῶναι
695 2453 726 2479 τὸ
739 2454 845 2482 παιδίον
871 2455 964 2482 καλεῖν

163 2492 288 2528 ’πατέρα
306 2493 323 2529 ἢ
347 2494 463 2530 μητέρα,
482 2495 606 2531 λήψεται,
625 2498 703 2535 φησὶ,
736 2499 850 2535 δύναμιν
878 2502 967 2536 Δαμα-

178 2537 246 2565 σκοῦ
273 2539 318 2565 καὶ
335 2539 369 2566 τὰ
383 2540 468 2567 σκῦλα
484 2542 640 2578 Σαμαρείας
655 2543 744 2573 έναντι
759 2545 888 2580 βασιλέως
907 2548 967 2574 Ἀσ-

178 2584 294 2620 συρίων·
316 2595 325 2612 ι
342 2586 412 2623 ἅπερ
428 2588 474 2614 καὶ
490 2589 559 2616 αὐτὰ
574 2581 644 2617 κατὰ
669 2591 753 2626 μόνην
767 2591 893 2625 διάνοιαν,
908 2594 967 2629 ἦτοι

177 2631 243 2666 περὶ
267 2632 406 2668 δυνάμεών
427 2635 659 2673 τινωνζπονηρῶν,
686 2635 761 2673 οἶμαι
775 2638 911 2672 λέγεσθαι.
933 2641 967 2672 ἃς

177 2677 237 2712 ἆμα
249 2679 282 2714 τῇ
306 2680 410 2713 γενέσει
428 2680 550 2708 καθεῖλεν
566 2683 581 2718 ἡ
600 2683 659 2710 θεία
679 2684 725 2710 τοῦ
742 2685 866 2720 Σωτῆρος
888 2685 966 2721 ἡμῶν

175 2724 301 2768 δύναμις,
315 2727 331 2761 ἢ
345 2728 392 2754 καὶ
408 2729 472 2763 περὶ
487 2729 579 2765 ψυχῶν
596 2731 650 2759 τῶν
665 2732 705 2764 εἰς
724 2733 805 2759 αὑτὸν
818 2742 962 2760 πεπιστευ-

176 2770 264 2800 κότων
278 2771 422 2808 διαφορᾶς
438 2771 475 2801 ὧν
485 2776 533 2807 τὰς
545 2776 593 2812 μὲν
610 2777 638 2810 ἐξ
652 2778 871 2814 εἰδωλολατρείας
885 2789 966 2815 μετα-

175 2817 313 2850 ϐαλούσας
334 2820 379 2846 ἐπὶ
396 2821 442 2848 τὸν
464 2822 638 2856 εὑαγγελικὸν
656 2823 712 2859 βίον
740 2825 812 2856 εἰκὸς
833 2823 966 2861 εἶναιτὴν

225 2909 230 2924 ¹
253 2907 302 2936 lsa.
317 2917 376 2942 vm,
402 2910 461 2938 l-L
506 2913 515 2927 ²
531 2911 597 2940 Luc.
625 2921 644 2946 ι,
659 2913 702 2941 55.
742 2914 752 2929 ³
767 2912 844 2942 Joan.
855 2922 909 2949 xw,
921 2915 964 2942 '55.

1019 2322 1045 2345 et
1058 2317 1143 2352 spolia
1160 2315 1290 2343 Samarize
1311 2320 1402 2340 coram
1423 2319 1486 2347 rege
1503 2309 1689 2345 Assyriorum.
1710 2316 1719 2332 ι
1738 2306 1803 2339 Qut

1019 2351 1128 2398 quidem
1142 2351 1242 2396 ctipsa
1257 2367 1310 2387 uno
1325 2366 1418 2390 sensu,
1430 2358 1487 2385 sive
1502 2355 1536 2384 de
1549 2353 1728 2390 potestatibus
1743 2352 1802 2386 qui-

1019 2409 1134 2437 busdam
1162 2407 1289 2439 nefariis,
1317 2413 1386 2441 quas
1413 2411 1466 2431 una
1487 2407 1549 2429 ortu
1576 2399 1686 2428 sustulit
1711 2398 1802 2425 divina

1017 2453 1166 2483 Salvatoris
1179 2452 1267 2480 nostri
1282 2451 1379 2482 virtus,
1401 2450 1459 2478 sive
1479 2448 1513 2475 de
1532 2447 1682 2474 animarum
1703 2444 1802 2471 discri-

1016 2502 1090 2529 mine
1110 2501 1138 2527 in
1161 2506 1224 2527 eum
1249 2497 1418 2526 credentium
1437 2505 1444 2523 :
1462 2502 1577 2531 quarum
1601 2492 1669 2519 alias
1693 2490 1803 2526 quidem

1016 2555 1050 2575 ex
1064 2545 1217 2574 idololatria
1238 2544 1272 2571 ad
1291 2542 1474 2578 evangelicam
1491 2540 1574 2567 vitam
1595 2543 1743 2565 conversas
1758 2536 1802 2562 hic

1016 2596 1177 2630 potestatem
1199 2590 1323 2618 Damasci
1338 2596 1399 2616 esse
1420 2594 1497 2620 reor;
1521 2586 1587 2612 alias
1609 2591 1684 2616 vero,
1698 2583 1803 2610 scilicet

1017 2648 1032 2668 e
1050 2638 1258 2666 circumcisione
1272 2635 1373 2672 populi,
1391 2642 1452 2661 cum
1473 2633 1611 2661 Christum
1627 2630 1674 2657 Dei
1688 2636 1800 2663 accepe-

1016 2685 1083 2717 rint,
1098 2684 1184 2719 spoiia
1201 2682 1331 2710 Samaria:
1343 2680 1443 2708 vocari.
1462 2678 1516 2706 Has
1535 2685 1600 2705 vero
1616 2677 1721 2704 animas
1737 2682 1801 2710 spo-

1017 2732 1051 2759 lia
1064 2736 1091 2759 et
1107 2730 1223 2767 praedam
1237 2729 1271 2756 de
1291 2728 1460 2764 spiritalibus
1476 2725 1586 2760 capiens
1605 2723 1740 2753 hostibus,
1756 2728 1802 2748 co-

1017 2784 1074 2804 ram
1102 2775 1216 2812 spiritali
1244 2782 1308 2810 rege
1331 2773 1524 2809 Assyriorum,
1549 2770 1653 2798 scilicet
1679 2768 1801 2798 diabolo,

1017 2831 1091 2850 artua
1106 2822 1177 2856 cepit
1198 2826 1225 2848 et
1240 2820 1273 2847 ad
1295 2826 1411 2855 pugnam
1434 2821 1529 2846 contra
1545 2823 1605 2843 eum
1625 2823 1653 2842 se
1674 2813 1803 2841 accinxit.

1004 2914 1092 2941 ‘Luc.
1109 2923 1144 2948 iv,
1162 2914 1204 2942 18.
1243 2914 1253 2929 ⁵
1269 2913 1338 2941 Psal.
1354 2921 1383 2940 ιι.
1396 2912 1422 2939 8.
1461 2910 1470 2926 ⁸
1488 2909 1553 2939 ibid.
