2035 3214
156 179 224 207 ΗΟ]

663 182 809 210 Εειοοὢ
827 182 1070 211 ΡΒΟΡΙΙΕΤΙΟᾹΞ.
1084 199 1117 203 -——
1136 182 1200 211 LIB.
1220 182 1264 210 IV.

1707 186 1775 213 1210

155 240 189 272 Χ
205 237 383 273 χρηματίζειι
410 238 480 266 κατὰ
504 238 532 265 δὲ
551 239 595 265 τὸν
617 239 730 266 Ἀκύλαν
755 240 802 266 καὶ
825 240 890 268 αὐτὸ
909 239 932 266 τί

992 248 1053 267 men
1077 240 1137 274 ejus
1157 245 1199 268 cst
1214 250 1222 266 ι
1238 240 1414 268 Admirabiiis
1437 241 1628 273 consiliarius,
1649 241 1726 269 fortis
1749 247 1776 270 et

155 284 188 318 χ
211 283 352 319 Ἑϐραῐκὸν
365 285 395 310 τὸ
407 285 489 320 ὄνομα
503 284 583 311 αὑτοῦ
599 286 656 312 ἐστι
675 295 684 310 ι
701 285 861 320 Θαυμαστὸς
871 286 940 321 σύμ-

157 330 188 366 K
204 329 308 361 δουλος,
329 329 437 364 ίσχυρὸς
447 349 454 360 ,
468 329 578 361 δυνατὸς
593 329 693 365 πατὴρ,
707 329 746 357 ἔτι
756 330 847 365 ἄρχων
864 331 939 366 εἰρή-

158 375 188 410 ﬂ
205 383 268 410 νης·
291 385 299 400 ι
317 375 364 401 καὶ
380 375 450 401 κατὰ
465 375 510 401 τὸν
527 376 671 411 Σύμμαχον
681 376 720 408 δὲ,
740 387 749 402 ι
768 376 939 412 κληθήσεται

155 422 184 448 τὸ
209 421 292 456 ὄνομα
316 421 362 447 τοῦ
391 421 495 448 παιδίου
513 420 734 457 Παραδοξασμὺς,
751 421 937 457 βουλευτικὸς,

153 467 272 502 ισχυρὸς,
292 466 413 498 δυνατὸς,
433 467 523 502 πατὴρ
547 467 654 499 αἰῶνος,
677 467 768 503 ἄρχων
785 469 905 504 εἰρήνης.
926 478 935 494 ι

157 514 333 549 Ἀπαιτητέον
363 514 454 542 τοίνυν
483 515 545 546 τοὺς
569 516 601 541 ἐκ
627 516 776 551 περιτομῆς
804 517 878 542 ποῖον
905 516 938 542 ἂν

151 560 260 596 ἔχοι(εν)
278 559 381 586 παιδίον
439 559 473 586 τὰ
489 560 636 596 τηλικαῦτα
664 561 846 597 ἐφαρμόσαιεν
869 570 938 598 παρ-

152 607 272 632 ιστάναι·
297 605 356 632 καθ’
372 606 445 642 ἡμᾶς
461 606 515 641 γὰρ
528 607 644 634 ὲπίνοιαί
661 608 729 633 εἰσιν
747 603 825 634 αὗται
847 606 878 643 (1³.
891 607 937 642 48)

149 651 200 686 τῆς
213 651 287 683 θείας
296 651 342 678 τοῦ
355 651 471 687 Χριστοῦ
485 652 635 687 δυνάμεως,
647 653 687 684 είς
697 652 727 679 ὃν
741 654 765 679 οἱ
779 653 816 689 μὴ
829 654 938 680 πιστεύ-

149 706 246 729 σαντες
264 697 421 732 θελήσουσιν
438 698 462 723 εί
485 697 652 734 ἐγενήθησαν
673 698 852 734 πυρίκαυστοι
871 698 938 734 μᾶλ-

148 743 194 770 λον
207 743 225 779 ἦ
242 743 283 770 ὃτι
309 743 359 779 τὴν
386 743 490 769 ἑαυτῶν
515 743 650 779 ἀποϐολὴν
669 743 732 770 ἰδεῖν
752 743 798 770 καὶ
818 744 868 779 τὴν
883 744 937 770 τῶν

149 786 233 813 ἐθνῶν
247 787 393 822 σωτηρίαν,
408 787 440 822 ἢν
456 789 469 814 ὁ
483 787 562 823 ζῆλος
578 788 679 824 Κυρίου
692 788 803 815 Σαϐαὼθ
816 789 937 824 ποιήσειν

147 833 265 869 εῐρηται·
278 830 300 867 ᾧ
309 833 476 870 παραθήσεις
489 834 519 861 τὸ
529 834 604 870 παρὰ
618 835 730 861 Μωῠσεί
742 834 812 862 οὕτω
824 844 881 867 πως
892 835 936 862 λε-

147 878 292 914 λεγμένον·
309 889 318 906 ι
332 880 414 906 Αὐτοὶ
437 880 632 916 παρεζήλωτάν
653 889 687 916 με
700 881 728 906 ὲν
745 882 800 912 τοῖς
819 880 936 912 είδώλοις

991 289 1088 322 potens
1102 291 1188 321 pater.
1203 287 1286 314 ctiam
1301 287 1428 322 princeps
1442 287 1535 322 pacis;
1546 297 1554 312 ι
1567 290 1593 314 et
1605 287 1682 322 juxta
1697 287 1776 323 Sym-

991 332 1117 359 machum
1129 342 1134 359 :
1147 342 1156 357 ι
1167 332 1316 360 Vocabitur
1327 341 1424 360 nomen
1437 333 1542 367 pueruli
1554 333 1773 366 Admirabilitas,

989 379 1181 412 consiliarius,
1196 379 1274 406 fortis
1285 399 1292 410 ,
1308 384 1421 414 potens,
1435 385 1511 414 pater
1525 379 1615 406 saeculi
1627 399 1634 410 ,
1650 380 1775 414 princeps

989 424 1074 458 pacis.
1092 434 1101 450 ι
1114 423 1261 451 Petendum
1278 428 1320 452 est
1334 424 1419 459 igitur
1431 432 1445 450 a
1459 423 1560 452 Judaeis
1573 433 1717 460 quemnam
1731 425 1776 451 ha-

989 469 1089 502 beant,
1106 470 1149 496 cui
1167 470 1224 496 hmc
1239 470 1363 504 adoptari
1382 470 1504 505 possint,
1522 471 1666 506 puerulum
1686 475 1776 498 osten-

989 515 1064 542 dere.
1091 514 1197 542 Elcnim
1216 516 1296 550 juxta
1317 523 1367 543 nos
1388 515 1489 543 indicia
1513 522 1577 543 sunt
1600 517 1658 551 ipsa
1676 516 1776 544 divina:

989 561 1090 588 Christi
1115 562 1276 596 potestatis,
1298 562 1325 589 in
1346 570 1425 597 quem
1444 563 1491 597 qui
1514 571 1568 589 non
1591 563 1773 597 crediderint,

989 607 1098 638 volent.
1114 607 1135 635 si
1150 607 1252 634 fuerint
1267 607 1328 642 igne
1341 608 1474 635 combusti
1488 609 1578 643 potius
1591 617 1671 644 quam
1686 618 1776 643 repro—

988 654 1126 680 bationem
1151 662 1228 681 suam
1246 654 1339 682 videre
1352 660 1378 681 et
1394 655 1513 689 gentium
1537 655 1669 687 salutem,
1693 664 1773 690 quam

989 700 1066 726 zelus
1090 699 1198 726 Domini
1223 699 1342 727 Sabaoth
1367 701 1492 727 facturus
1515 708 1576 728 esse
1598 701 1708 729 dicitur.
1733 701 1774 728 Ad

989 746 1062 780 quod
1081 750 1207 780 spectant
1231 746 1288 773 lucc
1309 746 1381 782 apud
1404 746 1563 782 Moysemzt
1580 748 1631 782 Ipsi
1653 755 1695 775 me
1715 756 1775 782 pro-

988 795 1158 818 vocaverunt
1176 791 1203 818 in
1220 791 1300 818 idolis
1317 793 1389 823 suis.
1406 796 1431 818 et
1445 799 1495 826 ego
1510 793 1665 826 provocabo
1682 801 1729 821 eos
1745 794 1773 820 in

987 843 1021 862 eo
1036 836 1083 870 qui
1101 844 1155 863 non
1173 840 1216 863 est
1232 837 1363 871 populus,
1379 841 1406 864 et
1421 837 1448 863 in
1463 842 1543 873 gente
1558 838 1642 864 stulta
1661 839 1773 866 irritabo

987 890 1035 909 eos
1052 881 1072 908 ί.
1088 892 1097 908 ι
1112 881 1212 908 Verum
1229 890 1278 910 nec
1295 883 1438 917 praesentis
1453 883 1594 917 temporis,
1607 892 1657 910 nec
1680 892 1773 920 propo-

146 926 248 958 αὐτῶν,
274 926 351 960 κάγὼ
375 926 565 962 παραζηλώσω
589 926 687 958 αὐτοὺς
709 927 752 953 ἐπ’
773 927 822 953 οὐκ
847 926 932 953 ἔθνει·

989 927 1035 956 siti
1063 932 1105 955 est
1126 928 1234 963 singula
1260 928 1408 963 prophetia:
1430 930 1513 956 verba
1536 930 1696 965 elueidare;
1723 939 1773 959 nec

146 973 191 999 ἐπ’
206 972 277 999 ἔθνει
294 972 413 1007 ἀσυνέτῳ
425 972 566 1009 παροργιῶ
581 973 687 1004 αὐτούς.
704 983 713 999 ι
736 973 815 1000 ’Λλλὰ
835 973 889 1010 γὰρ
905 973 934 1000 ού

147 1018 194 1046 τοῦ
211 1019 343 1054 παρόντος
359 1019 467 1055 καιροῦ,
479 1019 538 1046 οὐδὲ
554 1019 606 1054 μὴν
617 1018 664 1046 τοῦ
675 1019 736 1045 καθ’
751 1019 823 1054 ἡμᾶς
835 1020 936 1055 τυγχά-

145 1073 186 1092 νει
202 1065 314 1096 σκοποῦ,
331 1066 448 1100 ὲκάστην
458 1065 529 1099 λέξιν
536 1065 700 1100 διασαφῆσαι
709 1066 758 1101 τῆς
766 1067 934 1101 προφητείας

145 1110 361 1146 παραστήσεται·
373 1110 514 1145 (εἰο)ὅπως
529 1109 635 1145 εἴρηται
648 1109 690 1142 τὸ,
700 1119 709 1135 ι
725 1110 771 1136 ἐπὶ
781 1110 826 1137 τὸν
839 1110 933 1145 θρόνον

144 1154 226 1181 Δαυῖδ
234 1155 279 1181 καὶ
294 1154 342 1190 τὴν
357 1154 492 1189 βασιλείαν
505 1153 597 1186 αὐτοῦ,
607 1153 776 1189 κατορθῶσαι
786 1154 896 1190 αὑτήνῚ

144 1201 192 1228 καὶ
201 1201 274 1233 εἰκὸς
288 1201 320 1228 ἂν
334 1202 375 1237 εἴη
386 1201 537 1237 προσκόψαι
550 1201 613 1232 τοὺς
627 1202 658 1228 ἐκ
670 1200 831 1236 περιτομῆς,
845 1200 887 1228 διὰ
902 1201 932 1228 τὺ

989 973 1129 1008 quomodo
1145 973 1265 1005 dicatur,
1280 983 1288 998 ι
1302 982 1384 1009 super
1401 975 1500 1001 solium
1517 975 1600 1002 David
1617 980 1644 1002 et
1659 984 1771 1011 regnum

987 1019 1047 1053 ejus
1070 1024 1099 1046 ut
1121 1019 1221 1055 dirigat
1245 1019 1322 1047 illud.
1342 1030 1350 1045 ι
1365 1019 1422 1047 Hoc
1443 1021 1553 1055 quidem
1567 1021 1675 1049 Judaeos
1690 1023 1773 1050 oil'oo-

985 1065 1046 1096 dct,
1063 1069 1208 1099 propterea
1223 1065 1295 1100 quod
1312 1073 1367 1093 non
1383 1066 1561 1100 corporaliter
1575 1075 1657 1102 super
1673 1069 1772 1096 solium

986 1111 1069 1139 David
1084 1112 1198 1147 ejusque
1215 1120 1328 1147 regnum
1344 1112 1415 1139 sedit
1436 1111 1559 1140 Salvator
1587 1113 1773 1150 Dominusque

985 1161 1080 1185 noster
1093 1158 1173 1186 .lcsus
1188 1159 1324 1185 Christus.
1337 1158 1374 1186 De
1389 1167 1443 1194 quo
1457 1160 1596 1188 studiosos
1610 1161 1725 1190 lectores
1737 1162 1770 1189 ad

985 1205 1182 1232 commentaria
1198 1205 1261 1231 olim
1278 1213 1292 1231 a
1309 1205 1387 1232 nobis
1408 1205 1510 1240 prolata
1526 1206 1700 1235 remittimus.

145 1247 184 1285 μὴ
197 1247 359 1282 σωματικῶς
374 1248 420 1275 ἐπὶ
435 1248 479 1274 τὸν
493 1247 586 1283 θρόνον
600 1247 647 1274 καὶ
664 1247 712 1282 τὴν
728 1246 864 1282 βασιλείαν
878 1247 925 1274 τοῦ
944 1249 1024 1276 Δαυῒδ
1038 1250 1213 1278 κεκαθικέναι
1233 1251 1278 1277 τὸν
1293 1251 1407 1286 Σωτῆρα
1424 1252 1470 1278 καὶ
1484 1252 1585 1288 Κύριον
1610 1253 1686 1289 ἡμῶν
1722 1254 1773 1290 Ἰη-

143 1295 210 1323 σοῦν
221 1296 335 1331 Χριστόν
345 1303 351 1309 '
364 1295 396 1322 δι’
405 1295 473 1331 ὅπερ
481 1295 689 1331 ἀναπέμψαντες
701 1295 764 1326 τοὺς
774 1294 932 1329 φιλομαθεῖς
950 1297 997 1324 ἐπὶ
1013 1297 1046 1323 τὰ
1060 1299 1100 1330 εἰς
1116 1298 1178 1330 τοὺς
1193 1298 1289 1330 τόπους
1313 1299 1506 1334 ὑπομνήματα,
1526 1301 1606 1335 ἡμεῖς
1622 1300 1651 1327 τὸ
1674 1309 1771 1336 προτε-
1787 1328 1790 1333 ,

144 1342 190 1369 Θὲν
206 1341 450 1378 διαπερανούμεθα.

407 1403 605 1430 ΚΕΦΑΛΑΙΟΝ
632 1404 673 1430 H'.

182 1459 191 1475 ι
214 1450 278 1476 Ἰδοὺ
293 1449 325 1486 δὴ
338 1451 352 1476 ὁ
367 1449 500 1484 δεσπότης
521 1449 622 1485 Κύριος
638 1448 752 1476 Σαϐαὼθ
772 1449 933 1485 συνταράξει

141 1496 206 1526 τοὺς
219 1493 338 1526 ἐνδόξους
359 1494 427 1530 μετὰ
445 1494 545 1529 ἰσχύος,
562 1494 607 1520 καὶ
622 1494 718 1529 ὑψηλοὶ
729 1496 761 1530 τῇ
779 1493 856 1530 ὕϐρει
872 1502 933 1521 συν-

1278 1404 1392 1431 CAPUT
1415 1404 1481 1432 Vill.

1021 1459 1030 1475 ι
1052 1449 1121 1476 Ecce
1144 1449 1303 1477 dominator
1326 1449 1458 1478 Dominus
1484 1450 1602 1478 Sabaoth
1616 1451 1770 1486 confringet

982 1495 1086 1522 nobiles
1108 1501 1170 1522 cum
1194 1494 1371 1526 fortitudine,
1390 1500 1416 1522 ct
1431 1496 1531 1523 excelsi
1550 1501 1655 1523 statura
1674 1498 1766 1524 succi-

142 1541 327 1577 τριὸήσονται,
347 1541 393 1566 καὶ
411 1539 668 1575 ταπεινωθήσονται,
688 1540 734 1566 καὶ
751 1539 895 1566 πεσοῦνται
907 1541 932 1567 οἱ

984 1541 1092 1573 dentur,
1107 1544 1134 1568 et
1143 1541 1273 1568 sublimes
1291 1540 1517 1569 humiliabuntur.
1528 1542 1560 1568 Et
1576 1543 1771 1570 subvertentur

142 1586 241 1622 ὑψηλοὶ
259 1586 396 1621 μαχαίρᾳ·
410 1586 423 1612 ὁ
436 1585 464 1611 δὲ
480 1585 592 1616 Λίὸανος
613 1586 660 1611 σὺν
677 1587 732 1617 τοῖς
753 1585 861 1620 ὑψηλοῖς
880 1594 930 1612 πε-

142 1633 239 1658 σεῖται.
255 1633 308 1658 Καὶ
320 1631 489 1664 ἐξελεύσεται
506 1631 603 1666 ῥάϐδος
616 1631 648 1657 ὲκ
661 1630 710 1666 τῆς
723 1631 801 1666 ῥίζης
820 1631 929 1663 Ἰεσσαὶ,

141 1679 191 1706 καὶ
207 1678 286 1710 ἄνθος
296 1679 328 1705 ἐκ
344 1678 392 1712 τῆς
405 1677 482 1713 ῥίζης
496 1677 670 1713 ἀναϐήσεται,
687 1677 733 1704 καὶ
745 1677 932 1705 ὶπαναπαύσε-

141 1734 187 1752 ται
206 1726 248 1751 ἐπ’
271 1725 351 1752 αὐτὸν
367 1724 474 1759 πνεῦμα
487 1723 532 1750 τοῦ
549 1723 627 1755 θεοῦ,
641 1723 748 1759 πνεῦμα
775 1723 869 1758 σοφίας
885 1724 931 1750 καὶ

142 1772 287 1803 συνέσεως,
311 1770 419 1805 πνεῦμα
435 1770 533 1806 βουλῆς
548 1769 594 1796 καὶ
615 1769 715 1804 ἰσχύος,
733 1768 840 1805 πνεῦμα
862 1769 932 1803 γνώο

143 1826 213 1849 σεως
237 1817 282 1843 καὶ
300 1817 439 1848 εὐσεῦείας
462 1816 595 1851 ἐμπλήσει
615 1815 712 1842 αὐτόν·
726 1815 834 1851 πνεῦμα
847 1816 930 1851 φόϐου

141 1862 211 1889 Θεοῦ
222 1863 251 1888 οὺ
267 1863 338 1889 κατὰ
353 1862 400 1898 τὴν
411 1862 488 1894 δόξαν
502 1863 598 1898 κρινεῖ,
610 1861 669 1888 οὐδὲ
687 1861 757 1888 κατὰ
773 1862 822 1897 τὴν
835 1861 929 1889 λαλιὰν

141 1908 259 1942 ἐλέγξει,
277 1908 346 1934 ἀλλὰ
358 1909 444 1943 κρινεί
454 1907 572 1943 ταπεινῷ
585 1907 684 1943 κρίσιν,
696 1907 742 1934 καὶ
752 1906 856 1941 ἐλέγξει
868 1908 930 1939 τοὺς

140 1954 288 1984 ταπεινοὺς
310 1953 359 1987 τῆς
383 1953 445 1988 γῆς,
469 1953 516 1979 καὶ
533 1952 646 1984 πατάξει
663 1953 715 1988 γῆν
739 1952 777 1987 τῷ
793 1953 863 1988 λόγῳ
882 1953 929 1980 τοῦ

141 1998 277 2033 στόματος
292 1998 384 2029 αὑτοῦ,
399 1999 445 2025 καὶ
462 1999 490 2024 ὲν
506 1998 638 2033 πνεύματι
655 1998 698 2024 διὰ
712 1998 822 2033 χειλέων
842 1998 931 2025 ἀνελεῖ

140 2045 246 2079 ἁσε6ῆ’
273 2045 320 2071 καὶ
340 2045 414 2071 ἔσται
436 2045 591 2081 δικαιοσύνῃ
614 2045 766 2080 ὲζωσμένος
783 2045 832 2080 τὴν
846 2047 930 2079 ὀσφὺν

142 2091 243 2122 αὐτοῦ,
264 2091 310 2116 καὶ
332 2091 444 2125 ἀληθεία
467 2090 608 2125 είλημένος
625 2090 675 2122 τὰς
697 2090 816 2127 πλευρὰς
838 2091 928 2118 αὑτοῦ.

141 2137 198 2164 Καὶ
220 2136 474 2172 συμσοσκηθήσεται
497 2136 578 2167 λύκος
595 2136 664 2171 μετὰ
683 2136 773 2172 ἀρνὸς,
791 2137 838 2163 καὶ
860 2138 931 2173 πάρ-

140 2182 217 2213 δαλις
241 2182 474 2208 συναναπαύσεται
504 2182 606 2218 ἐρίφῳ,
630 2181 675 2208 καὶ
711 2182 856 2218 μοσχάριον
883 2183 929 2209 καὶ

984 1586 1086 1613 excelsi
1109 1586 1200 1613 ferro:
1219 1589 1246 1614 et
1271 1585 1392 1614 Libanus
1417 1595 1479 1614 cum
1496 1588 1616 1615 excelsis
1631 1589 1719 1616 cadet.
1738 1589 1771 1616 Et

984 1631 1140 1665 egredietur
1154 1631 1230 1665 virga
1245 1630 1278 1657 tle
1295 1631 1386 1659 radice
1402 1631 1495 1664 Jesse,
1517 1636 1544 1659 et
1564 1632 1613 1660 ﬂos
1630 1633 1664 1660 de
1679 1633 1771 1661 radice

983 1677 1043 1711 ejus
1066 1677 1212 1709 ascendet,
1238 1681 1265 1704 et
1285 1677 1437 1712 requiescet
1462 1686 1544 1712 super
1566 1687 1629 1706 eum
1658 1680 1769 1714 spiritus

984 1722 1048 1754 Dei,
1064 1723 1176 1757 spiritus
1190 1723 1330 1757 sapientiae
1341 1728 1368 1750 et
1384 1723 1553 1755 intellectus,
1567 1724 1684 1759 spiritus
1701 1733 1768 1752 con-

983 1769 1038 1797 siiii
1061 1774 1088 1796 et
1110 1769 1295 1800 fortitudinis.
1317 1770 1432 1803 spiritus
1456 1770 1576 1797 scientia:
1594 1775 1621 1798 et
1636 1771 1766 1805 pietatis:

984 1816 1099 1850 replehit
1117 1823 1179 1842 eum
1195 1817 1308 1850 spiritus
1323 1816 1430 1843 timoris
1449 1815 1495 1843 Dei
1510 1826 1517 1849 ς
1539 1825 1592 1843 non
1617 1817 1767 1844 secundum

983 1861 1383 1896 opinionemjudicahit,neque
1397 1861 1546 1887 secundant
1560 1861 1695 1896 loquelam
1711 1862 1769 1889 red-

983 1911 1090 1942 arguet,
1121 1907 1168 1934 scd
1187 1907 1322 1942 judicabit
1335 1907 1430 1933 humili
1450 1907 1600 1941 judicium,
1622 1912 1649 1933 et
1672 1907 1768 1934 redar-

983 1957 1047 1989 guet
1067 1953 1184 1980 humiles
1200 1956 1296 1985 terrae,
1323 1957 1349 1980 et
1362 1953 1530 1987 eritjustitia
1544 1953 1682 1988 cingulum
1700 1953 1769 1979 lutn-

982 1999 1078 2026 borum
1096 1999 1156 2033 ejus
1169 2019 1176 2031 ,
1194 2003 1222 2026 et
1235 1999 1336 2026 veritas
1349 1999 1538 2026 indumentum
1555 1999 1669 2025 laterum
1686 1999 1746 2033 ejus
1759 2008 1767 2032 ;

982 2050 1009 2073 et
1024 2051 1150 2081 pascetur
1161 2045 1243 2073 simul
1255 2046 1335 2080 lupus
1346 2053 1408 2073 cum
1423 2053 1493 2080 agno
1504 2065 1511 2076 ,
1528 2048 1554 2072 et
1567 2045 1670 2079 pardus
1686 2045 1768 2072 simul

981 2089 1106 2124 quiescet
1119 2097 1181 2116 cum
1193 2089 1288 2120 hmdo.
1305 2094 1332 2116 et
1348 2090 1450 2117 vitulus
1465 2095 1492 2116 et
1508 2090 1556 2117 bos
1578 2094 1604 2118 et
1626 2091 1667 2117 leo
1687 2090 1766 2117 simul

982 2139 1128 2169 pascentur
1142 2144 1148 2161 :
1165 2134 1246 2161 simul
1267 2135 1439 2169 requiesccut
1455 2135 1537 2162 catuli
1554 2144 1648 2162 eorum
1661 2155 1669 2166 ,
1687 2141 1711 2163 et
1727 2137 1768 2163 leo

981 2181 1058 2216 quasi
1071 2181 1120 2208 bos
1135 2180 1258 2208 comedet
1272 2182 1373 2216 paleas.
1391 2181 1423 2208 Et
1436 2181 1616 2208 delectabitur
1628 2181 1718 2209 infans
1734 2183 1768 2209 ab

139 2227 242 2263 ταῦρος
267 2228 314 2254 καὶ
343 2227 411 2254 λέων
429 2227 486 2263 ἅμα
507 2227 731 2263 βοσκηθήσονται,
753 2229 798 2254 καὶ
817 2229 874 2263 ἃμα
895 2229 928 2255 τὰ

984 2229 1064 2255 ubere
1087 2235 1170 2262 super
1195 2227 1329 2254 foramine
1348 2228 1469 2262 aspidis,
1493 2231 1520 2255 et
1540 2228 1566 2254 in
1590 2236 1707 2255 caverna
1725 2236 1768 2256 re-

140 2274 237 2301 ’παιδία
261 2273 349 2299 αὐτῶν
372 2274 487 2304 ἔσονται,
517 2274 563 2300 καὶ
584 2273 652 2300 λέων
671 2273 708 2305 ὡς
729 2272 792 2308 βοῦς
812 2274 928 2308 φάγεται

139 2320 242 2356 ἄχυρα,
258 2321 305 2346 καὶ
326 2319 431 2346 παιδίον
444 2321 539 2355 νήπιον
553 2321 597 2346 ἐπὶ
614 2320 737 2356 τρώγλην
752 2320 871 2346 ἀσπίδων
884 2321 931 2346 καὶ

140 2367 190 2393 ἐπὶ
205 2367 298 2402 κοίτην
316 2366 433 2400 ἐγγόνων
450 2366 569 2392 ἀσπίδων
583 2365 631 2401 τὴν
646 2367 724 2402 χεῖρα
738 2366 872 2398 ὲπιῦαλεῖ,
885 2366 931 2392 καὶ

139 2413 173 2440 ’.ὺ
188 2412 224 2448 μὴ
237 2411 533 2447 κακοποιήσωσιν,οὑδὲ
549 2412 585 2446 μὴ
600 2412 729 2439 δύνωνται
741 2413 870 2440 ἀπολέσαι
888 2413 931 2439 οὑ-

137 2459 204 2487 am
219 2459 264 2485 ἐπὶ
274 2459 304 2485 τὸ
320 2458 382 2494 ὅρος
395 2458 426 2484 τὺ
439 2457 515 2491 ἅγιόν
530 2466 590 2493 μου,
606 2459 646 2484 ὅτι
660 2458 813 2494 ἐνεπλήσθη
827 2460 843 2494 ἡ
860 2459 930 2494 σύμ-

139 2514 216 2532 πασα
230 2506 265 2540 γῆ
277 2504 324 2531 τοῦ
335 2504 435 2539 γνῶναι
446 2504 492 2530 τὸν
504 2503 616 2539 Κύριον,
625 2504 662 2535 ὡς
679 2504 750 2540 ὓδωρ
765 2505 831 2532 πολὺ
846 2514 930 2532 κατα-

138 2551 259 2585 καλύψαι
275 2550 421 2581 θαλάσσας·
442 2550 489 2576 καὶ
506 2549 581 2576 ἔσται
598 2550 626 2576 ἐν
645 2551 677 2584 τῇ
695 2550 786 2585 ἡμέρᾳ
803 2550 894 2586 ἐκείνῃ
913 2551 930 2586 ὴ

139 2596 204 2632 ῥίζα
221 2596 267 2623 τοῦ
292 2596 400 2626 Ἰεσσαὶ,
418 2596 464 2622 καὶ
480 2597 494 2622 ὁ
517 2595 694 2629 ἀνιστάμενος
717 2595 811 2630 ἄρχειν
834 2595 929 2627 ἐθνῶν,

137 2642 183 2669 ἐπ’
200 2641 273 2677 αὑτῷ
293 2641 357 2676 ἔθνη
373 2641 506 2673 ὲλπιιῦσι,
524 2640 572 2667 καὶ
583 2640 659 2666 ἔσται
676 2641 693 2675 ἡ
710 2641 862 2673 ἀνάπαυσις
879 2642 930 2668 αὺ-

138 2688 187 2715 τοῦ
210 2689 286 2724 τιμή.
304 2698 312 2714 ι
338 2688 398 2715 Οὐδ’
421 2687 497 2714 αὐτοὶ
517 2687 543 2713 ot
561 2688 593 2713 ἐκ
607 2686 757 2722 περιτομῆς
773 2686 851 2713 ἄλλον
869 2687 929 2714 τινὰ

138 2734 187 2761 τοῦ
210 2734 328 2770 Χριστοῦ
348 2733 394 2760 τὸν
415 2732 532 2761 ἐνταῦθα
557 2732 794 2769 προφητευόμενον
819 2733 928 2769 ὑπειλή-

140 2788 219 2815 φασι,
236 2779 305 2814 πλὴν
319 2779 380 2806 ὅσον
395 2779 442 2804 ἐπὶ
453 2778 517 2813 ψιλῇ
535 2779 568 2813 τῇ
584 2777 634 2812 τῆς
651 2777 818 2813 προφητείας
831 2777 927 2813 ὲκδοχῇ

142 2824 370 2860 σωματικώτερον
394 2823 502 2850 ἔσεσθαι
525 2822 720 2857 φανταζόμενοι
742 2822 775 2849 τὰ
795 2823 865 2850 κατὰ
884 2823 928 2849 τὸν

183 2905 189 2919 ¹
204 2903 282 2932 Deut.
297 2911 383 2935 xxxii.
397 2903 441 2930 21.
480 2905 489 2919 ί
503 2902 555 2930 lsa.
574 2911 600 2934 Χ,
619 2903 661 2933 55,
676 2902 708 2929 Si
721 2910 727 2935 ;
741 2911 778 2933 xu,
796 2902 867 2929 l-lO.

981 2274 1036 2309 guli
1050 2295 1056 2306 ,
1078 2274 1125 2308 qui
1144 2274 1294 2302 ablactatns
1315 2273 1417 2306 luerit,
1439 2282 1549 2301 manum
1572 2283 1649 2301 suam
1669 2275 1765 2302 mittet.

983 2319 1041 2346 Non
1058 2319 1193 2346 nocebunt
1207 2339 1213 2349 ,
1232 2324 1258 2346 et
1276 2327 1329 2346 non
1346 2320 1471 2346 occident
1488 2320 1514 2346 in
1533 2321 1662 2347 universo
1676 2325 1768 2348 monte

983 2367 1077 2390 sancto
1091 2371 1151 2390 meo
1166 2372 1172 2389 :
1189 2365 1252 2398 quia
1270 2363 1372 2398 repleta
1389 2368 1431 2390 est
1448 2368 1520 2391 terra
1543 2365 1656 2391 scientia
1674 2364 1768 2392 Domi-~

983 2409 1010 2436 ni
1021 2429 1028 2440 ,
1046 2409 1115 2435 sicut
1130 2416 1208 2442 aqua:
1220 2409 1305 2435 maris
1321 2409 1485 2443 operientes.
1504 2409 1534 2435 Et
1550 2409 1602 2436 erit
1618 2410 1643 2435 in
1659 2408 1704 2436 die
1720 2409 1765 2435 illa

983 2456 1060 2483 radix
1087 2455 1181 2488 Jesse,
1205 2461 1232 2483 et
1252 2456 1298 2491 qui
1323 2457 1412 2490 surgit
1433 2462 1462 2482 ut
1487 2456 1601 2490 imperet
1623 2456 1765 2489 gentibus.

982 2502 1072 2537 ipsum
1098 2506 1192 2536 gentes
1215 2502 1446 2536 deprecabuntur,
1478 2506 1504 2528 et
1530 2501 1582 2528 erit
1611 2501 1765 2536 sepulcrum

982 2550 1042 2583 ejus
1056 2549 1205 2584 gloriosum
1219 2550 1240 2575 ί.
1257 2558 1266 2574 ι
1280 2548 1373 2583 Neque
1386 2548 1436 2583 ipsi
1451 2547 1534 2574 Juda‘i
1549 2548 1630 2574 alium
1643 2548 1767 2582 quemvis

981 2604 1013 2622 ac
1052 2595 1194 2622 Christum
1230 2595 1265 2621 ibi
1303 2595 1518 2630 prophetilalum
1551 2594 1764 2626 intellexerunt,

982 2641 1035 2668 nisi
1057 2640 1186 2668 nimirum
1207 2640 1510 2675 corporaliteraccepta
1524 2640 1605 2675 hujus
1618 2639 1766 2675 prophetia:

983 2688 1109 2722 simplice
1125 2687 1215 2714 littera
1226 2707 1233 2718 ,
1246 2687 1273 2714 in
1287 2686 1431 2714 Dominum
1445 2691 1568 2714 nostrum
1579 2686 1671 2714 Jesum
1683 2686 1746 2713 Chri
1755 2700 1764 2706 -

981 2738 1051 2762 stum
1064 2733 1143 2760 tidem
1156 2733 1286 2761 adhibere
1298 2737 1423 2760 renuant.
1435 2732 1490 2760 Nos
1506 2740 1573 2769 yero
1586 2733 1678 2765 omnia
1686 2732 1765 2767 juxta

981 2779 1148 2816 prophetiam
1174 2779 1256 2815 digna
1278 2787 1339 2807 esse
1363 2778 1418 2806 Deo
1434 2787 1593 2814 persuasum
1609 2779 1762 2811 habentes,

980 2827 1013 2854 de
1044 2826 1167 2854 moribus
1191 2825 1332 2853 hominum
1356 2824 1505 2853 Salvatoris
1530 2825 1617 2853 nostri
1645 2825 1761 2854 adventu
