2035 3214
294 181 359 210 ΙΞΗ

628 179 762 207 EUSEBll
779 178 1021 207 CASSARIENSIS
1039 177 1116 206 OPP.
1136 176 1235 204 PARS.
1254 176 1297 204 Ill.
1318 192 1353 197 —
1372 173 1578 202 EXEGETICA.

1847 171 1913 199 12Ιῖ

292 239 326 265 ab
351 237 503 272 iniquitatis
529 235 666 271 profundo
689 236 718 263 in
743 235 982 263 mansuetudinem
1010 243 1067 263 con-

1126 233 1208 261 τόπον
1221 233 1270 269 τὴν
1284 233 1324 265 είς
1340 232 1386 259 τὸν
1403 231 1505 267 Κύριον
1516 230 1594 267 ἡμῶν
1615 229 1716 266 Ἰησοῦν
1731 230 1850 265 Χριστὸν
1866 230 1914 265 οὺχ

291 283 379 311 versis
400 283 456 310 haec
478 281 532 309 dici
550 280 739 308 credidimus:
758 289 831 308 nunc
848 289 936 316 usque
951 280 1076 308 videntes

289 329 426 365 quomodo
447 332 473 355 et
489 335 542 363 qua
559 328 667 354 ratione
684 327 711 354 in
728 327 858 355 Ecclesiis
872 335 933 362 quae
949 330 1013 355 sunt
1029 335 1075 354 su—

289 382 337 409 per
353 380 472 404 terram,
502 373 620 400 adventu
644 371 707 399 Iesu
724 372 827 400 Christi
845 381 861 400 e
883 372 976 400 radice
998 371 1075 400 Jesse

286 418 446 453 germinati,
475 418 597 453 plerique
623 418 762 445 hominum
787 417 974 445 transformati
1000 418 1072 451 sint,

286 468 368 499 alque
383 468 479 490 natura
495 471 544 491 sua
559 464 693 491 immutati
709 465 785 499 prius
801 464 899 495 ferina,
916 471 979 491 cum
993 465 1073 499 quasi

285 509 341 544 lupi
365 510 456 543 prius.
475 514 501 536 et
519 509 595 544 pardi
611 513 637 537 et
654 510 746 538 leones
759 530 766 542 ,
785 515 938 544 caeteraque
953 509 1072 537 ferarum

285 559 313 583 et
333 556 502 590 serpentium
524 563 624 590 genera
652 556 794 588 viverent,
824 556 894 584 sicut
921 563 968 583 eos
994 556 1073 591 juxta

285 602 424 636 propriam
457 602 591 636 cujusque
619 601 749 628 malitiam
779 606 806 629 et
836 601 1009 636 iniquitatem
1039 609 1072 628 ex

285 648 410 683 analogia
434 649 576 683 prophetia
596 652 684 675 vocat.
702 648 753 681 Qui
768 653 795 675 et
811 649 937 676 conversi
950 653 976 676 et
992 649 1071 683 quasi

284 694 471 730 lransligurati
500 695 527 722 in
560 698 666 722 tantum
698 695 919 723 mansuetudinis
949 695 1071 730 provecti

284 744 364 773 sunt,
392 746 421 768 ut
447 742 528 768 simul
556 747 741 777 pascerentur,
766 742 888 768 eamdem
913 745 1070 769 sanctorum

284 786 331 814 Dei
348 787 492 814 verlornm
516 795 607 814 escam
630 788 803 815 comedentes
822 795 884 814 cum
906 787 1071 814 mansuetis-

284 832 361 860 simis
375 834 430 860 vita
450 831 494 860 Dei
511 834 576 861 viris
592 833 686 868 jnstis,
702 841 770 868 quos
788 836 900 868 propter
914 833 996 860 talem
1013 833 1071 859 ani-

283 886 332 906 mae
350 880 532 906 innocentiam
551 880 663 914 privatis
677 884 703 907 et
719 879 948 906 mansuetissimis
965 879 1070 905 anima-

1125 278 1287 315 ὁμολογοῦσι
1305 279 1405 306 πίστινα
1418 278 1499 313 ἡμεῖς
1513 277 1536 303 δ’
1551 276 1598 303 ὅλα
1609 276 1643 302 τὰ
1657 274 1729 302 κατὰ
1744 275 1794 310 τὴν
1807 283 1914 311 προφη-

1123 325 1199 352 τείαν
1220 325 1283 358 ἄξια
1302 322 1372 352 εἶναι
1394 323 1459 350 Θεοῦ
1478 322 1642 358 πειθόμενοι,
1661 321 1725 356 περὶ¹
1742 321 1851 356 τροπῶν
1868 322 1914 348 ἀν-

1125 371 1267 407 θρωπείων
1283 370 1338 397 τῶν
1352 369 1396 396 διὰ
1406 369 1455 404 τῆς
1465 368 1626 403 ἐπιφανείας
1637 367 1684 393 τοῦ
1697 367 1822 401 Σωτῆρος
1835 366 1913 401 ἡμῶν

1124 418 1177 444 ἀπὸ
1193 417 1240 444 τοῦ
1256 417 1352 453 βάθους
1371 415 1421 451 τῆς
1442 415 1540 447 κακίας
1559 415 1599 446 εἰς
1619 414 1777 449 ἡμερότητα
1796 412 1912 447 μεταϐε-

1123 464 1262 498 ϐληκότων
1271 463 1357 490 ταῦτα
1369 461 1496 496 λέγεσθαι
1509 460 1740 495 πεπιστεύκαμεν·
1756 459 1796 485 ἔτι
1808 459 1855 485 καὶ
1866 457 1912 484 νῦν

1123 509 1239 546 ὁρῶντες
1254 509 1313 541 πῶς
1326 507 1373 535 καὶ
1385 507 1445 534 τίνα
1457 507 1556 542 τρόπον
1569 507 1597 533 ὲν
1608 507 1668 537 ταῖς
1679 504 1750 531 κατὰ
1759 504 1809 539 τὴν
1823 505 1911 530 οἰκου-

1125 556 1209 592 μένην
1225 556 1265 592 [ὲν
1277 555 1348 591 ταῖς]
1363 553 1536 590 Ἐκκλησίαις
1556 555 1623 588 μετὰ
1638 551 1684 588 τὴν
1697 551 1849 586 παρουσίαν
1864 550 1909 577 τοῦ

1124 604 1156 629 ἐκ
1170 603 1219 638 τῆς
1237 601 1314 638 ῥίζης
1328 601 1358 635 (f.
1374 601 1408 628 48
1420 601 1457 635 νο)
1481 599 1579 626 Ἰεσσαὶ
1597 597 1811 634 βεϐλαστηκότος
1825 596 1909 631 Ἰησοῦ

1123 648 1287 685 Χριστοῦ,οἰ
1306 647 1397 674 πολλοὶ
1420 647 1474 673 τῶν
1499 644 1647 680 ἀνθρώπων
1673 642 1909 679 μετεπλάσθησαν,

1122 695 1170 722 καὶ
1191 694 1240 730 τὴν
1266 694 1345 728 φύσιν
1364 693 1449 728 αὐτὴν
1464 691 1517 719 ἀπὸ
1532 691 1578 717 τοῦ
1593 689 1742 726 θηριώδους
1765 688 1910 724 μετέϐαλον

1123 741 1192 776 βίου,
1210 741 1286 767 λύκοι
1302 741 1373 772 τινὲς
1391 740 1468 771 ὅντες
1488 738 1518 764 τὸ
1545 737 1686 773 πρότερον,
1697 736 1743 762 καὶ
1765 735 1910 771 παρδάλεις

1121 786 1167 812 τὸν
1183 786 1280 813 τοιονδὶ
1297 786 1406 821 τρόπον,
1419 784 1526 815 λέοντές
1541 791 1570 809 τε
1585 783 1687 809 καίὂσα
1702 781 1768 808 ἄλλα
1784 780 1865 816 θηρία
1880 789 1909 807 τε

1122 832 1169 858 καὶ
1185 832 1287 868 ἑρπετὰ
1303 833 1363 859 κατ’
1378 831 1521 866 ἀναλογίαν
1541 830 1591 865 τῆς
1612 829 1640 854 ὲν
1659 828 1767 863 ἑκάστῳ
1787 826 1908 862 ποικίλης

1122 877 1221 909 κακίας
1234 886 1264 904 τε
1282 879 1327 904 καὶ
1344 877 1474 913 πονηρίας
1492 878 1508 910 ἠ
1527 873 1678 911 προφητεία
1700 871 1862 906 καταλέγει·
1884 872 1909 897 οἳ

284 924 374 956 libus,
393 929 474 960 atque
496 925 657 952 lactentibus
678 925 770 960 pueris
790 925 899 952 divinus
920 925 1067 960 aequiparal

1122 925 1169 950 καὶ
1194 923 1372 958 μεταθέμενοι
1396 922 1442 949 καὶ
1465 920 1586 955 ὡσπερεὶ
1612 917 1857 955 μεταπλασθέντες,
1871 918 1909 948 εις

284 977 384 998 sermo.
411 971 440 998 Si
463 973 524 1006 quis
551 971 622 998 haud
648 971 728 998 facile
754 970 811 998 haec
836 970 971 1005 accipiat,
997 970 1071 998 dicat

282 1017 420 1052 quomodo
435 1018 514 1044 aliter
528 1026 543 1045 e
560 1025 642 1045 sensu
666 1017 804 1044 communi
825 1017 898 1044 hunc
919 1017 1006 1052 possit
1026 1018 1069 1044 in-

283 1064 426 1097 terpretari
447 1064 548 1091 locum].
571 1063 754 1095 Quamobrem
777 1063 861 1098 igitur
883 1066 910 1090 et
934 1063 1071 1098 quomodo

282 1106 404 1136 Libanus
421 1117 483 1136 cum
498 1109 615 1136 excelsis
631 1108 731 1135 cadet?
745 1107 889 1141 Quomodo
902 1116 955 1135 non
970 1108 1070 1144 allego-

282 1154 339 1182 rice
351 1155 467 1190 accipict
487 1162 575 1190 neque
599 1155 723 1190 virgam,
751 1162 840 1190 neque
863 1154 958 1182 ﬂorem
980 1162 1013 1182 ex
1036 1162 1069 1182 ea

282 1202 525 1236 germinaturum?
557 1201 691 1229 Ostendat
720 1200 857 1236 quomodo
889 1201 1070 1236 corporaliter

281 1246 356 1281 virga
379 1255 523 1282 egressura
544 1248 578 1274 de
595 1248 688 1275 radice
709 1246 787 1274 Jesse
809 1246 928 1278 dicatur,
946 1251 973 1273 et
996 1246 1068 1274 unde

280 1292 335 1320 nos
345 1300 362 1321 e
376 1293 468 1320 radice
483 1293 543 1326 ejus
558 1300 735 1320 ascensurus.
755 1291 783 1318 Si
799 1296 889 1319 autem
899 1313 907 1324 ,
923 1292 996 1327 quod
1012 1300 1069 1327 per-

281 1338 389 1367 diliicite
403 1343 461 1370 est,
476 1339 510 1366 dc
525 1338 567 1365 his
583 1338 839 1373 interpretationem
853 1337 982 1365 exhibere
997 1337 1068 1364 nita-

281 1390 336 1418 tur,
353 1385 461 1413 attende
477 1392 569 1412 annon
585 1384 697 1419 pulchre
715 1383 793 1410 nobis
807 1387 835 1410 et
850 1383 953 1417 reliqua
970 1381 1066 1409 Salva-

280 1433 349 1460 toris
373 1432 461 1459 nostri
484 1431 601 1458 adventu
623 1430 730 1464 plenum
755 1433 882 1456 eventum
909 1428 1064 1456 habuerint.

280 1479 347 1511 Qum
370 1482 397 1505 et
422 1481 606 1512 congruenter
629 1483 690 1503 cum
713 1475 856 1511 prophetia
881 1474 1062 1507 advenerunt,

282 1523 430 1551 contractis
449 1530 463 1549 a
480 1522 595 1550 Domino
610 1520 728 1549 Sabaoth
748 1520 850 1556 prioris
865 1520 959 1556 populi
974 1527 1064 1555 quon-

280 1568 343 1595 dam
359 1568 515 1600 nobilibus,
531 1576 599 1603 quos
615 1571 642 1595 ct
657 1567 777 1594 elevatus
798 1566 871 1593 facta
892 1566 920 1593 in
937 1565 1064 1592 Salvato-

279 1622 337 1642 rem
353 1619 476 1642 nostrum
493 1614 592 1649 injuria
602 1634 609 1646 ,
625 1613 806 1641 conterendos
820 1617 847 1640 et
862 1612 1045 1640 bumiliandos
1055 1633 1063 1644 ,

280 1665 307 1688 et
323 1660 490 1695 dejiciendos
504 1668 566 1688 esse
582 1661 758 1694 praenuntiat.
777 1658 845 1686 Cum
871 1658 924 1686 illis
939 1663 965 1686 et
984 1657 1066 1685 Liba-

280 1715 345 1734 nu-m
367 1707 558 1742 prolapsurum
576 1706 716 1741 Scriptura
738 1705 814 1733 dicit.
837 1705 881 1732 Sic
904 1705 976 1732 enim
1000 1713 1068 1732 con-

281 1758 408 1782 sueverat
422 1752 572 1780 Jerusalem
587 1757 760 1788 veteremque
785 1752 923 1787 quondam
943 1751 980 1779 ibi
1000 1752 1068 1779 cele-

280 1796 388 1824 bratum
406 1797 509 1824 cultum
523 1797 667 1831 allegorice
681 1796 841 1829 nominare;
858 1799 887 1823 ut
906 1799 1012 1824 constat
1033 1804 1066 1822 ex

282 1842 328 1869 illo
340 1841 489 1870 Ezechielis
504 1842 564 1868 loco
574 1864 581 1874 ,
594 1842 639 1869 ubi
653 1841 756 1869 dictum
770 1846 812 1870 est
826 1851 831 1868 :
849 1851 858 1867 ι
874 1842 971 1876 Aquila
986 1849 1067 1876 gran-

282 1888 336 1920 dis,
351 1895 511 1922 magnarum
527 1889 648 1919 alarum,
668 1888 749 1923 longo
764 1888 950 1915 membrorum
964 1887 1063 1919 ductu,

281 1934 361 1969 plena
377 1934 477 1969 plumis
491 1938 518 1961 et
532 1935 679 1966 varietate,
697 1942 757 1970 qua:
774 1934 855 1961 habet
872 1934 1065 1962 auctoritatem

282 1980 452 2015 ingrediendi
467 1980 493 2007 in
509 1980 641 2007 Libanum
653 2001 660 2013 ,
675 1984 702 2007 et
715 1980 815 2008 evulsit
829 1984 924 2007 tenera
937 1980 1011 2008 cedri
1026 1981 1063 2006 ¹.›

283 2027 316 2055 Et
333 2028 391 2056 hzec
410 2029 468 2064 ipsa
487 2029 617 2063 deinceps
642 2029 792 2064 explanans
817 2030 888 2057 idem
913 2030 1043 2066 propheta
1055 2049 1063 2062 ,

281 2076 373 2106 aperte
397 2072 531 2100 Libanum
557 2081 620 2101 esse
645 2073 796 2101 Jerusalem
822 2074 918 2102 edocet
945 2075 1063 2102 dicens:

283 2127 294 2143 ι
304 2116 353 2144 Fili
363 2117 481 2146 hominis
491 2139 498 2150 .
507 2119 551 2146 die
565 2120 597 2146 ad
607 2119 717 2147 domum
733 2125 940 2155 exasperantem
951 2131 957 2148 :
970 2121 1066 2149 Nesci-

281 2164 317 2191 tis
338 2164 403 2198 quid
422 2164 474 2191 ista
492 2165 661 2200 signiﬁcent?
678 2165 726 2193 Dic
737 2186 743 2197 ,
759 2166 826 2193 Cum
839 2167 944 2194 venerit
959 2175 1006 2195 rex
1019 2167 1067 2194 Ba-

280 2209 390 2245 bylonis
402 2210 429 2237 in
443 2209 593 2238 Jerusalem
604 2232 611 2243 ,
623 2216 650 2238 et
658 2217 781 2240 assumet
789 2220 879 2247 regem
891 2218 917 2240 et
929 2213 1066 2248 principes

281 2256 342 2291 ejus
356 2257 377 2282 ¹.
391 2267 400 2282 ι
416 2256 588 2284 Manifestum
608 2262 650 2285 est
669 2259 753 2293 igitur
770 2258 842 2294 quod
861 2262 888 2286 et
908 2259 966 2294 ipse
984 2259 1065 2287 Liba-

282 2309 335 2329 nus
350 2305 411 2336 post
419 2303 590 2330 excelsorum
599 2303 727 2337 injuriam
739 2305 839 2332 cecidit
850 2303 1000 2332 Salvatoris
1011 2313 1061 2332 no—

281 2347 331 2374 Stri
348 2347 464 2374 adventu
480 2348 612 2376 deradice
624 2347 700 2376 Jesse
708 2350 784 2383 nati;
800 2350 828 2377 in
849 2357 903 2385 quo
925 2351 1059 2386 requievit

282 2392 426 2426 plenitudo
444 2393 579 2421 donorum
599 2395 686 2422 sancti
711 2394 845 2430 Spiritus,
859 2397 905 2431 qui
924 2402 952 2424 et
966 2405 1064 2425 rursus

279 2438 370 2465 veniet
384 2439 503 2466 secunda
517 2443 545 2467 et
559 2441 690 2475 prmclara
703 2442 939 2476 manifestatione,
954 2452 1008 2472 non
1024 2453 1065 2473 se-

278 2483 399 2511 cundum
413 2485 570 2520 opinionem
581 2486 708 2521 judicans
719 2509 726 2522 ,
742 2498 751 2514 ι
765 2488 913 2517 Personam
927 2491 999 2518 enim
1014 2491 1064 2518 ho-

280 2528 363 2556 minis
383 2528 455 2558 Deus
474 2538 529 2558 non
550 2533 651 2568 accipit
666 2534 676 2549 ³
692 2544 701 2560 ι
718 2543 726 2568 ;
742 2543 831 2571 neque
849 2537 1000 2564 secundum
1020 2538 1061 2565 lo-

279 2574 388 2608 quelam
409 2575 576 2611 redarguens
591 2588 598 2606 :
616 2587 626 2604 ι
642 2579 776 2608 Scrutans
795 2582 867 2608 enim
882 2586 925 2610 est
940 2591 1019 2611 renes
1036 2587 1064 2610 et

277 2620 377 2651 corda,
397 2625 424 2647 et
442 2622 600 2657 pertingens
620 2632 708 2659 usque
726 2626 760 2653 ad
780 2627 945 2656 divisionem
965 2629 1064 2656 animae

280 2671 311 2691 ac
323 2665 436 2700 spiritus
446 2667 467 2695 ⁵.
484 2677 493 2694 ι
506 2667 642 2697 Praeterea
656 2678 718 2698 cum
731 2672 788 2706 jam
802 2672 874 2700 facta
888 2678 930 2702 est
945 2674 1005 2709 ejus
1021 2675 1064 2701 in-

278 2711 415 2744 carnatio,
431 2720 512 2747 quam
529 2714 672 2742 verissime
687 2718 790 2751 repleta
804 2723 847 2746 est
861 2723 934 2746 terra
949 2719 1063 2747 scientia

280 2753 399 2788 Domini,
416 2766 469 2784 non
483 2759 538 2793 jam
553 2761 618 2787 solis
633 2760 735 2789 Iudaeis
747 2771 809 2790 eum
823 2765 1062 2799 cognoscentibus.

280 2799 358 2829 Tunc
372 2803 454 2830 etiam
470 2805 618 2840 pleniorem
638 2812 765 2836 eventum
786 2809 881 2837 habuit
901 2811 1062 2846 prophetia,

1120 968 1247 995 τοσοῦτον
1266 968 1434 1004 ἡμερότητος
1455 967 1568 1002 ἤλασαν,
1590 965 1627 997 ὡς
1645 963 1847 1000 συμϐόσκεσθαι
1862 964 1909 990 αὐ-

1121 1016 1182 1046 τοὺς
1202 1015 1251 1050 τὴν
1267 1015 1351 1050 αὐτὴν
1368 1013 1494 1048 ἔσθοντας
1513 1012 1567 1039 τῶν
1584 1011 1663 1047 ἱερῶν
1677 1011 1723 1037 τοῦ
1740 1010 1807 1037 Θεοῦ
1823 1010 1908 1044 λόγων

1120 1061 1223 1096 τροφὴν
1241 1062 1298 1092 τοῖς
1317 1060 1504 1095 ἡμερωτάτοις
1523 1058 1555 1086 τὰ
1579 1057 1631 1093 ἤθη
1656 1057 1770 1089 δικαίοις
1796 1056 1908 1092 ἀνδράσι

1119 1106 1165 1134 τοῦ
1181 1106 1258 1138 Θεοῦ,
1275 1106 1320 1138 οὓς
1339 1106 1382 1133 διὰ
1397 1106 1447 1141 τὴν
1459 1105 1560 1132 τοιανδὶ
1572 1105 1621 1140 τῆς
1632 1103 1720 1138 ψυχῆς
1732 1103 1852 1130 ἀκακίαν
1868 1112 1908 1130 τι-

1120 1154 1230 1186 θασσοῖς
1249 1154 1295 1180 καὶ
1315 1153 1501 1189 ἡμερωτάτοις
1518 1151 1607 1184 ζώοις,
1622 1152 1677 1183 τοῖς
1693 1159 1722 1177 τε
1734 1152 1910 1186 ἀναγεγραμ-

1121 1200 1212 1235 μένοις
1228 1199 1346 1226 ὲνταῦθα
1361 1199 1477 1231 παιδίοις
1494 1200 1507 1225 ὁ
1525 1199 1595 1230 θεῖος
1615 1198 1747 1224 ἀπείκασε
1764 1197 1854 1230 λόγος.
1879 1198 1909 1223 El.

1118 1247 1145 1273 ῢε
1161 1246 1230 1282 πρὸς
1246 1246 1333 1273 ταῦτά
1348 1255 1391 1277 τις
1406 1245 1559 1277 δυσπειθῶς
1571 1245 1637 1280 ἔχοι,
1653 1244 1756 1278 λεγέτω
1769 1244 1794 1270 εί
1811 1241 1866 1270 οἷόν
1880 1252 1909 1269 τε

1118 1292 1205 1323 ἄλλως
1226 1291 1297 1318 κατὰ
1313 1291 1362 1327 τὴν
1382 1292 1527 1327 πρόχειρον
1543 1291 1661 1318 διάνοιαν
1682 1290 1778 1323 σώζειν
1800 1290 1850 1326 τὴν
1867 1291 1910 1316 λέ-

1119 1337 1168 1370 ξιν·
1180 1338 1223 1364 διὰ
1238 1338 1263 1364 τί
1276 1337 1330 1373 γὰρ
1345 1337 1360 1372 ῆ
1376 1338 1423 1364 καὶ
1436 1337 1494 1369 πῶς
1510 1339 1524 1363 ό
1536 1337 1649 1368 Λίϐανος
1666 1337 1714 1363 σὺν
1728 1337 1783 1368 τοῖς
1796 1335 1908 1371 ὑψηλοῖς

1117 1383 1258 1415 nes-simu;
1281 1382 1326 1417 Μὴ
1348 1382 1548 1418 τροπολογείτω
1576 1382 1605 1409 δὲ
1629 1382 1698 1417 μήτε
1722 1382 1772 1417 τὴν
1797 1381 1907 1415 ῥάϐδον,

1118 1428 1185 1464 μηδὲ
1198 1428 1228 1455 τὸ
1245 1429 1277 1454 ὲκ
1291 1429 1393 1462 ταύτης
1408 1428 1497 1459 ἄνθος·
1512 1427 1579 1454 ἀλλὰ
1592 1427 1722 1454 δεικνύτω
1741 1427 1800 1458 πῶς
1815 1435 1908 1462 σωμα-

1115 1475 1179 1510 τικὴ
1196 1473 1293 1509 ῥάϐδος
1307 1473 1496 1506 ἐξελεύσεσθαι
1510 1473 1542 1500 ἐκ
1554 1473 1603 1508 τῆς
1615 1473 1693 1509 ῥίζης
1716 1472 1818 1499 Ἰεσσαὶ
1831 1472 1910 1507 λέγει

1115 1530 1171 1552 ται,
1190 1521 1237 1548 καί
1253 1521 1374 1547 ποταπὸν
1392 1521 1471 1552 ἄνθος
1484 1520 1667 1556 ἀναϐήσεσθαι
1679 1519 1709 1552 ἐξ
1721 1520 1816 1555 αὐτῆς.
1833 1521 1864 1546 Εἰ
1879 1521 1909 1546 δὲ

1116 1567 1162 1594 καὶ
1182 1567 1226 1593 τὸν
1248 1566 1318 1593 πάνυ
1341 1566 1458 1602 σκληρὸν
1482 1565 1569 1593 ταῦτα
1589 1567 1635 1593 ἐπὶ
1657 1566 1776 1592 διάνοιαν
1803 1566 1909 1592 ἀνιέναι

1118 1613 1252 1648 βιάζεται,
1264 1613 1314 1649 ὅρα
1330 1614 1354 1639 εί
1369 1613 1405 1649 μὴ
1422 1612 1512 1644 καλῶς
1524 1613 1590 1649 ἡμῖν
1606 1613 1652 1640 καὶ
1666 1612 1701 1639 τὰ
1716 1613 1799 1639 λοιπὰ
1816 1614 1863 1640 ἐπὶ
1875 1616 1907 1649 τῇ

1116 1658 1163 1685 τοῦ
1177 1659 1302 1694 Σωτῆρος
1315 1659 1393 1695 ἡμῶν
1406 1660 1541 1694 παρουσίᾳ
1556 1658 1625 1686 κατὰ
1639 1659 1756 1686 διάνοιαν
1773 1661 1908 1695 παρίστα-

1116 1714 1161 1733 ται
1182 1705 1401 1742 πεπληρωμένα·
1421 1705 1438 1733 ἃ
1458 1707 1506 1733 καὶ
1522 1706 1674 1738 ἀκολούθως
1697 1708 1729 1742 τῇ
1754 1708 1909 1743 προφητεία

1116 1753 1213 1786 γέγονε
1242 1752 1310 1787 μετὰ
1333 1752 1364 1779 τὸ
1389 1752 1553 1788 συνταράξαι
1578 1753 1679 1788 Κύριον
1706 1753 1822 1780 Σαϐαὼο
1846 1755 1909 1785 τοὺς

1117 1799 1200 1826 πάλαι
1215 1798 1336 1831 ἐνδόξους
1351 1798 1397 1825 τοῦ
1414 1799 1547 1834 προτέρου
1566 1798 1641 1825 λαοῦ·
1660 1798 1706 1831 οὓς
1721 1800 1771 1826 καὶ
1788 1800 1909 1834 ait}wa

1115 1852 1166 1875 τας
1184 1845 1216 1879 τῇ
1234 1843 1304 1870 κατὰ
1323 1843 1369 1870 τοῦ
1391 1844 1516 1880 Σωτῆρος
1539 1844 1616 1879 ἡμῶν
1634 1844 1711 1880 ὕϐρει
1732 1845 1909 1880 συντριϐήσε-

1117 1887 1178 1916 σθαι
1192 1889 1239 1915 καὶ
1249 1888 1512 1923 ταπεινωθήσεσθαι,
1522 1889 1569 1915 καὶ
1576 1890 1716 1916 πεσεῖσθαι
1728 1891 1906 1925 προφητεύει·

1118 1936 1166 1962 σὺν
1188 1936 1280 1967 αὐτοῖς
1302 1935 1330 1961 δὲ
1353 1936 1400 1962 καί
1421 1935 1466 1962 τὸν
1491 1935 1606 1962 Λίϐανον
1631 1936 1772 1963 πεσεῖσθαι
1792 1939 1806 1964 ὀ
1830 1937 1908 1971 λόγος

1117 1981 1207 2017 φησίν·
1223 1981 1293 2008 οὕτω
1307 1981 1335 2008 δὲ
1350 1981 1410 2013 ἔθος
1428 1980 1502 2016 αὐτῷ
1519 1981 1570 2017 τὴν
1594 1982 1772 2018 Ἰερουσαλὴμ.
1791 1984 1840 2009 καὶ
1858 1984 1908 2019 τὴν

1116 2028 1201 2055 πάλαι
1227 2028 1357 2064 πρότερον
1383 2028 1412 2054 ὲν
1435 2028 1503 2063 αὐτῇ
1532 2029 1695 2063 σωματικῶς
1722 2029 1907 2065 ἀποτελουμέ-

1116 2084 1165 2110 νην
1189 2074 1317 2111 λατρείαν
1341 2074 1500 2110 ὀνομάζειν·
1522 2074 1560 2106 ὡς
1583 2074 1661 2110 δῆλόν
1685 2076 1759 2102 ἐστιν
1782 2077 1838 2102 ἀπὸ
1858 2077 1907 2102 τώ

1117 2120 1259 2157 Ἰεζεκιὴλ,
1283 2121 1348 2148 ἔνθα
1373 2121 1468 2148 τοῦτον
1494 2121 1700 2157 ἀναγέγραπται
1723 2122 1770 2149 τὸν
1795 2123 1905 2158 τρόπον·

1119 2177 1128 2194 ι
1155 2168 1184 2195 '0
1206 2167 1284 2200 ἀετὸς
1303 2168 1318 2195 ό
1343 2167 1429 2203 μέγας
1450 2169 1465 2194 ό
1488 2168 1735 2204 μεγαλοπτέρυγος,
1759 2169 1774 2194 ὁ
1801 2171 1906 2206 μακρὸς

1115 2214 1148 2248 τῇ
1175 2213 1298 2246 ἐκτάσει,
1327 2213 1436 2250 πλήρης
1462 2213 1576 2249 ὀνύχων,
1603 2214 1632 2245 ὃς
1660 2213 1716 2249 ἔχει
1748 2215 1779 2241 τὸ
1811 2216 1907 2250 ἧγημα

1115 2259 1245 2287 εἰσελθεῖν
1268 2261 1309 2292 εἰς
1330 2259 1375 2286 τὸν
1398 2261 1524 2292 Λίϐανον,
1549 2261 1596 2287 καὶ
1617 2261 1696 2288 ἔλαϐε
1719 2262 1753 2288 τὰ
1777 2263 1907 2289 έπίλεκτα

1116 2305 1167 2340 τῆς
1178 2305 1284 2341 κέδρου,
1296 2315 1306 2331 ι
1323 2305 1456 2333 Ἐπιλύων
1473 2306 1538 2342 γοῦν
1554 2307 1603 2342 τὴν
1622 2307 1780 2343 παραϐολὴν
1795 2309 1878 2340 αὐτὸς
1893 2310 1907 2335 ὁ

1118 2351 1285 2387 προφητικὺς
1306 2351 1384 2386 λόγος
1401 2353 1494 2388 σαφῶς
1509 2353 1554 2379 τὸν
1571 2353 1686 2381 Λίϐανον
1705 2354 1753 2389 τὴν
1773 2355 1908 2390 Ἰερουσα-

1117 2397 1173 2433 λὴμ
1185 2397 1315 2431 διδάσκει,
1332 2398 1419 2433 λέγων
1429 2407 1435 2414 ·
1450 2409 1459 2425 ι
1473 2400 1522 2426 Υἱὲ
1534 2399 1688 2435 ἀνθρώπου,
1701 2402 1778 2428 εἰπὸν
1792 2402 1825 2437 δὴ
1838 2403 1907 2437 1:95;

1116 2443 1163 2470 τὸν
1181 2442 1254 2471 οἷκον
1280 2445 1327 2471 τὸν
1351 2445 1619 2481 παραπικραίνοντα·
1636 2447 1691 2472 Οὐκ
1715 2447 1864 2474 ἐπίστασθε
1879 2448 1907 2474 τί

1115 2488 1150 2526 ἦν
1164 2490 1267 2523 ταῦτα;
1291 2491 1385 2524 εἰπὸν,
1406 2492 1489 2518 Ὅταν
1511 2491 1574 2527 έλθῃ
1600 2492 1726 2527 βασιλεὺς
1746 2493 1907 2525 Βαϐυλῶνος

1116 2536 1164 2563 ἐπὶ
1178 2537 1365 2572 Ἰερουσαλὴμ,
1378 2537 1426 2564 καὶ
1441 2537 1554 2573 λήψεται
1570 2538 1616 2565 τὸν
1631 2538 1742 2573 βασιλέα
1759 2540 1846 2575 αὐτῆς
1859 2541 1908 2565 καὶ

1116 2583 1180 2614 τοὺς
1191 2582 1323 2618 ἄρχοντας
1339 2583 1434 2618 αὐτῆς.
1450 2593 1459 2608 ι
1474 2583 1609 2619 Πρόδηλον
1624 2582 1670 2610 οὖν
1681 2584 1757 2615 ὅπως
1769 2585 1818 2611 καὶ
1828 2582 1907 2616 οὗτος

1115 2631 1130 2656 ὀ
1147 2629 1263 2661 Λίϐανος
1274 2630 1343 2665 μετὰ
1355 2629 1410 2656 τῶν
1426 2629 1536 2665 ὑῂλῶν
1551 2631 1583 2665 τῇ
1600 2630 1679 2666 ὕϐρει
1692 2631 1907 2666 περιτέπτωκεν

1116 2675 1162 2702 ἐπὶ
1180 2675 1213 2711 τῇ
1241 2675 1377 2711 παρουσία
1398 2675 1445 2702 τοῦ
1473 2676 1506 2702 ὲκ
1535 2675 1613 2711 ῥίζης
1633 2676 1732 2702 Ἰεσσαὶ
1757 2676 1906 2712 γενομένου

1119 2721 1245 2757 Σωτῆρος
1260 2721 1352 2756 ἡμῶν·
1369 2722 1412 2756 ἐφ’
1426 2721 1456 2748 ὃν
1470 2722 1516 2748 καὶ
1536 2722 1708 2749 ἀνεπαύσατο
1722 2724 1738 2757 ὴ
1767 2723 1906 2757 τελειότης

1117 2766 1170 2793 τῶν
1192 2767 1240 2793 τοῦ
1255 2767 1333 2801 ἁγίου
1355 2767 1513 2802 Πνεύματος
1531 2767 1719 2804 χαρισμάτων,
1739 2768 1770 2800 ὃς
1787 2770 1834 2796 καὶ
1849 2770 1906 2796 εἰσ-

1117 2811 1196 2844 αῦθις
1209 2812 1348 2840 ἐλεύσεται
1359 2813 1429 2841 κατὰ
1442 2813 1491 2849 τὴν
1502 2814 1631 2850 δευτέραν
1643 2815 1691 2841 καὶ
1701 2814 1809 2848 ἔνδοξον
1822 2814 1908 2843 αὑτοῦ

315 2891 322 2899 ’
338 2889 436 2920 Ezech.
451 2901 516 2926 xvii,
530 2894 556 2922 5.
595 2897 605 2911 '
617 2897 685 2926 ibid.
704 2897 745 2924 l2.
785 2898 795 2913 ³
811 2898 869 2924 Gal.
885 2899 951 2932 ",6.
992 2899 1001 2915 ⁵
1013 2899 1096 2934 Apoc.
1111 2908 1140 2932 ιι,
1156 2900 1206 2934 ‘25;
1226 2900 1306 2929 llcbr.
1327 2909 1362 2935 iv,
1382 2902 1422 2929 i2.
