2035 3214
295 157 364 185 1215

620 154 757 183 EUSEBII
777 155 1020 182 (TAESARIENSIS
1038 154 1114 182 OPP.
1133 154 1223 182 PARS
1239 155 1281 183 Ill.
1302 172 1334 176 —
1351 154 1555 183 EM‘LGETICA.

1850 154 1916 180 1216

288 215 440 252 Scriptura,
458 217 485 242 in
514 223 554 243 eis
569 214 658 242 Verbo
683 214 775 241 divino
806 214 968 248 sulijiciente
1007 215 1068 242 sibi,

1126 215 1178 241 νῶν
1209 214 1347 249 βασιλείαν
1379 214 1597 249 πληρωθήσετα.,
1629 211 1689 238 καθ’
1708 212 1741 246 ἦν
1767 213 1814 238 καὶ
1830 211 1916 247 αὐτὴν

286 266 314 289 et
325 262 486 290 humiliante
503 266 568 288 tunc
583 268 691 288 omnem
706 260 877 287 altitudinem
893 268 964 287 nunc
979 265 1074 288 contra

287 309 332 336 Dei
345 309 527 343 cognitionem
540 308 684 334 elevatam.
699 306 795 334 Omnia
809 306 958 341 prophetiae
969 307 1073 342 reliqua

286 355 343 382 sola
359 354 532 387 explicantur
551 353 694 388 allegoria.

1129 260 1317 295 σεισθήσεσθαι
1333 260 1406 291 εἰκὸς
1421 259 1454 286 ἂν
1466 259 1507 294 εἴη
1520 268 1526 274 -
1549 259 1595 285 καὶ
1611 258 1671 284 τότε
1696 257 1795 292 μᾶλλον
1818 257 1916 293 κλονη-

1129 306 1258 342 θήσεσθαι
1272 307 1305 333 τὰ
1318 306 1499 341 ἀποδεδομένα
1513 304 1688 340 χειροποίητα
1703 304 1843 338 Αἰγύπτου
1855 325 1863 337 ,
1879 301 1916 331 ὧν

1127 353 1173 379 καὶ
1186 353 1236 388 τὴν
1250 352 1363 388 καρδίαν
1385 350 1586 387 ἡττηθήσεσθαί
1608 358 1698 384 φασιν,
1713 350 1741 375 ὲν
1758 350 1850 381 αὐτοῖς
1869 350 1916 377 τοῦ

285 400 356 426 θείου
368 399 456 433 Λόγου
488 399 723 431 καθυποτάξαντος
754 398 844 434 ἐαυτῷ
859 398 906 424 καὶ
929 397 1139 429 ταπεινώσοντος
1159 398 1218 424 τότε
1244 399 1296 424 πᾶν
1317 397 1417 432 ὕψωμα
1448 397 1477 423 τὸ
1498 396 1544 422 νῦν
1577 395 1756 430 ἐπαιρόμενον
1779 394 1852 421 κατὰ
1868 395 1915 429 τῆς

284 447 410 481 γνώσεως
443 446 489 473 τοῦ
516 447 597 472 Θεοῦ·
626 446 660 472 τὰ
685 446 706 472 δ’
738 446 801 480 ἐξῆς
824 445 874 480 τῆς
902 445 1069 481 προφητείας
1089 445 1196 471 ἅπαντα
1210 444 1254 471 διὰ
1266 444 1349 479 μόνης
1360 443 1554 478 ἀποδοθήσεται
1568 441 1769 485 τριιιπολογίας.⁴

589 503 704 531 CAPUT
724 504 768 532 XI.

323 560 333 576 ι
347 551 376 578 ln
388 551 432 578 die
445 551 489 578 illa
513 551 564 578 erit
580 551 666 578 altare
685 551 798 578 Domino
812 551 839 578 in
861 556 934 579 terra
949 551 1069 587 Egypti,

284 600 311 623 et
326 597 422 623 titulus
443 596 521 630 juxta
539 596 686 623 terminum
705 596 765 631 ejus
780 596 895 624 Dotuino
911 607 917 624 :
931 602 958 623 et
976 598 1027 623 erit
1044 597 1070 623 in

285 643 393 677 signum
411 643 437 668 in
453 646 584 668 aeternum
602 641 718 667 Domino
734 641 760 668 in
776 646 846 668 terra
859 641 968 677 Egypti
984 649 1071 676 ;quo—

285 687 358 714 niam
384 687 542 714 clamabunt
569 688 602 712 ad
630 685 773 712 Dominum
796 690 907 721 propter
922 687 1070 721 atlligentes

284 740 323 764 se,
338 737 365 760 et
388 733 476 760 mittet
501 733 541 760 eis
570 731 701 758 Dominus
720 732 869 765 hominem,
885 733 932 767 qui
955 733 1071 760 salrabit

284 787 342 811 eos,
358 778 485 813 judicans
508 778 623 806 salvabit
644 786 702 808 eos.
724 783 750 805 et
768 779 893 814 cognitus
909 779 961 806 erit
984 779 1072 806 Domi-

284 833 336 852 nus
363 824 515 860 .Egyptiis,
541 830 568 851 et
593 828 758 859 cognoscent
776 825 896 860 [Egyptii
926 825 1069 852 Dominum

284 869 369 896 Deum
385 871 411 896 in
430 871 473 897 die
487 871 545 899 illa.
563 875 590 898 et
605 871 706 898 facient
722 872 866 903 sacriﬁcia,
893 877 919 898 et
933 871 1071 899 vovebunt

284 920 347 942 vota
375 915 501 948 Domino,
527 921 554 944 et
581 918 726 945 reddent‘.
745 928 754 944 ι
776 918 808 945 Et
833 919 896 954 quis
919 919 988 946 alius
1012 927 1073 946 esse

285 968 376 996 posset
400 970 415 988 ιι
439 961 554 990 1)οωὶηο
593 964 694 991 missus
724 964 826 996 homo,
855 964 902 999 qui
930 964 1072 1000 Egyptios

284 1008 438 1035 salvaturus
473 1013 515 1036 est
553 1008 703 1043 judicans,
751 1011 802 1037 nisi
841 1009 968 1037 Christus
1004 1011 1069 1043 Dei,

285 1064 294 1079 ι
312 1054 426 1081 formam
459 1055 531 1082 servi
555 1056 704 1091 accipiens,
729 1061 756 1084 et
780 1056 874 1084 habitu
897 1057 1025 1084 inventus
1042 1063 1072 1084 ut

284 1102 365 1129 homo
376 1103 396 1129 ³.
415 1112 424 1128 ι
442 1101 560 1138 Egypto
577 1103 686 1137 quidem
709 1104 856 1138 allegorice
875 1104 1016 1132 hominum
1033 1105 1072 1132 vi-

282 1151 336 1174 tam
356 1147 537 1183 signiﬁcante,
554 1148 674 1184 Aigyptii
697 1153 790 1177 essent
805 1151 852 1184 qui
870 1157 884 1177 a
900 1151 1070 1178 daemonibus

282 1198 416 1221 vexantur
440 1198 467 1221 et
492 1194 526 1221 ad
556 1202 599 1222 res
627 1199 751 1222 terrenas
778 1197 969 1230 propensiores
994 1200 1068 1228 sunt,

282 1248 352 1274 quos
363 1240 484 1267 omnium
501 1240 573 1268 Deus
589 1241 736 1268 miseratus
751 1246 794 1269 est
808 1242 961 1270 daemonum
978 1247 1070 1278 tyran-

283 1286 345 1313 nide
355 1294 514 1321 oppressos,
533 1287 618 1314 misso
633 1288 764 1321 praedicto
781 1288 900 1322 homine,
916 1289 962 1324 qui
979 1290 1068 1317 salva-

281 1333 320 1358 vit
332 1332 448 1359 salutem
467 1332 523 1359 Deo
537 1333 646 1367 dignam
661 1334 698 1360 ita
710 1338 739 1360 ut
752 1342 847 1362 omnes
864 1336 1001 1370 quondam
1017 1337 1069 1364 sub

281 1379 340 1414 lege
365 1379 400 1405 ab
420 1378 541 1406 Ecclesia
568 1378 674 1405 Domini
703 1380 839 1412 exclusos,
864 1389 893 1408 se
918 1382 1007 1416 ipsum
1035 1384 1068 1410 iis

282 1422 462 1450 manifestans
476 1423 620 1452 Dominus.
633 1424 665 1450 ad
681 1423 788 1452 Domini
803 1427 946 1454 scientiam
960 1427 1011 1455 hac
1023 1436 1066 1456 re-

281 1469 415 1496 velatione
431 1469 602 1503 perduceret.
619 1469 696 1497 Patet
709 1471 781 1505 quod
801 1471 828 1498 in
841 1473 969 1507 praedicta
983 1474 1066 1510 Aigy-

281 1514 398 1549 ptiorum
409 1519 481 1542 terra
489 1520 658 1543 exstructum
667 1521 709 1544 est
718 1517 833 1545 Domino
843 1519 928 1547 altare
940 1522 1066 1550 omnibus

1088 903 1109 929 Β

1311 501 1342 538 (ι’.
1360 502 1395 529 49
1410 501 1448 536 νο)
1464 501 1659 528 ΚΕΦΑΛΑΙΟΝ
1675 502 1725 527 IA'.

1162 559 1171 575 ι
1190 549 1330 584 Τῇὴμέρᾳ
1348 548 1440 584 ἐκείνῃ
1460 548 1535 575 ἔσται
1557 547 1748 582 θυσιαστήριον
1767 548 1806 583 τῷ
1823 548 1914 583 Κυρῄρ

1124 597 1153 623 ἐν
1169 595 1245 631 χώρᾳ
1267 595 1435 629 Αἰγυπτίων,
1456 595 1503 621 καὶ
1519 593 1603 629 στήλη
1617 594 1685 629 πρὸς
1698 594 1729 620 τὸ
1741 594 1816 629 ὄριον
1830 594 1913 628 αὐτῆς

1123 642 1163 677 τῷ
1179 642 1287 678 Κυρίῳ·
1305 642 1351 668 καὶ
1376 641 1451 667 ἔσται
1468 641 1507 673 εἰς
1521 641 1631 676 σημεῖον
1646 641 1686 671 εἰς
1697 640 1742 666 τὸν
1758 640 1844 666 αἰῶνα
1861 640 1913 666 Κύ-

1125 697 1182 724 ριος
1193 689 1221 714 ὲν
1235 687 1312 723 χώρᾳ.
1321 687 1459 722 Αἰγύπτου
1469 695 1475 702 ·
1490 687 1530 713 ὅτι
1544 686 1720 722 κεκράξονται
1730 686 1800 721 πρὸς
1815 685 1913 720 Κύριον

1123 735 1168 761 διὰ
1181 734 1244 765 τοὺς
1256 734 1396 765 θλίϐοντας
1418 733 1527 764 αὐτοὺς,
1542 733 1588 759 καὶ
1601 732 1746 759 ἀποστελεῖ
1759 732 1852 763 αὐτοῖς
1868 731 1912 758 ἄν-

1124 779 1232 815 θρωπον
1252 779 1281 809 ὃς
1308 778 1389 805 σώσει
1408 778 1515 810 αὐτοὺς,
1527 778 1626 814 κρίνων
1641 776 1722 803 σώσει
1735 776 1837 808 αὐτούς
1847 785 1854 791 ·
1870 777 1913 803 καί

1123 825 1242 860 γνωστὸς
1256 825 1331 851 ἔσται
1347 824 1448 860 Κύριος
1464 825 1520 855 τοῖς
1542 823 1700 858 Αἰγυπτίοις
1711 831 1718 838 ο
1735 823 1783 849 καὶ
1799 822 1913 857 γνώσον-

1123 879 1168 897 ται
1181 872 1205 896 οἱ
1222 869 1366 904 Αἰγύπτιοι
1378 870 1423 896 τὸν
1439 869 1540 906 Κύριον
1555 869 1584 894 ἐν
1594 870 1627 904 τῇ
1640 869 1731 905 ἡμέρᾳ
1743 869 1836 903 ἐκείνῃ
1847 877 1854 883 ·
1870 869 1914 895 καὶ

1123 918 1265 952 ποιήσουσι
1281 916 1375 948 θυσίας
1394 916 1441 943 καὶ
1461 915 1546 952 δῶρον
1556 925 1562 931 ·
1590 916 1635 942 καὶ
1648 915 1771 948 εὔξονται
1785 915 1869 950 εὐχὰς
1878 915 1914 950 τῷ

1123 962 1192 998 Θεῷ.
1212 972 1222 989 ι
1240 963 1295 989 Καὶ
1315 962 1356 994 τίς
1374 962 1406 989 ἂν
1426 962 1503 994 ἄλλος
1525 962 1567 998 εἴη
1585 963 1599 989 6
1611 962 1775 994 ἀποσταλεὶς
1793 962 1848 988 ὑπὸ
1859 962 1912 988 Κυ-

1124 1009 1180 1044 ρίου
1202 1008 1344 1043 ἄνθρωπος
1356 1029 1363 1041 ,
1382 1010 1428 1035 καὶ
1451 1009 1541 1040 σώσας
1559 1009 1622 1040 τοὺς
1638 1007 1857 1043 Αίγυπτίουςδιὰ
1869 1007 1912 1034 τοῦ

1122 1054 1236 1090 κρίνειν,
1256 1054 1272 1089 ἢ
1295 1055 1309 1081 6
1332 1054 1449 1090 Χριστὸς
1462 1053 1508 1080 τοῦ
1536 1053 1613 1085 Θεοῦ,
1627 1055 1640 1080 6
1660 1062 1668 1078 ι
1693 1053 1802 1088 μορφὴν
1821 1052 1913 1079 δούλου

1121 1101 1222 1132 λαϐὼν,
1239 1101 1286 1127 καὶ
1309 1101 1428 1136 σχήματι
1443 1099 1562 1135 εὑρεθεὶς
1576 1101 1614 1132 ὡς
1631 1099 1785 1134 ἄνθρωπος.
1811 1108 1820 1125 ι
1838 1098 1915 1133 Αἰγύ-

1122 1156 1188 1174 πτου
1200 1147 1228 1173 δὲ
1242 1146 1380 1182 τροπικῶς
1395 1146 1539 1181 νοουμένου
1554 1145 1601 1172 τοῦ
1613 1145 1667 1171 τῶν
1676 1144 1831 1179 ἀνθρώπων
1846 1143 1912 1179 βίον,

1108 1191 1175 1220 ,εἷεν
1191 1193 1224 1220 ἂν
1240 1194 1263 1220 οἱ
1276 1193 1471 1228 δεισιδαίμονες
1488 1193 1535 1218 καί
1551 1192 1607 1222 τοῖς
1630 1191 1731 1222 nam;
1758 1198 1914 1226 προπεπον-

1121 1240 1196 1272 θότες
1225 1239 1380 1274 Αἰγύπτιοι,
1396 1238 1443 1270 οὒς
1465 1239 1478 1265 ὁ
1498 1237 1551 1265 τῶν
1576 1237 1643 1264 ὅλων
1660 1237 1726 1268 Θεὸς
1747 1236 1914 1270 κατελεήσας

1120 1286 1293 1320 θλιϐομένους
1309 1285 1363 1312 ὑπὸ
1379 1285 1432 1311 τῶν
1451 1283 1723 1319 κατατυραννούντων
1739 1283 1839 1314 αὐτοὺς
1860 1282 1915 1308 δαι-

1121 1333 1218 1368 μόνων,
1244 1331 1407 1363 ἀποστείλας
1430 1331 1475 1357 τὸν
1500 1330 1698 1366 προειρημένον
1716 1327 1873 1364 ἄνθρωπον,
1888 1327 1915 1358 6;

1118 1378 1204 1405 ἔσωσε
1235 1378 1371 1413 σωτηρίαν
1388 1377 1447 1412 Θεῷ
1459 1376 1628 1412 πρέπουσαν,
1645 1375 1714 1402 ὣστε
1741 1375 1807 1406 τοὺς
1829 1374 1913 1400 ττὰἷιαί

1118 1425 1188 1451 κατὰ
1205 1425 1250 1450 τὸν
1261 1424 1342 1459 νόμον
1358 1423 1536 1460 εἰργομένους
1553 1422 1603 1457 τῆς
1626 1421 1792 1456 Ἑκκλησίας
1812 1420 1916 1454 Κυρίου

1117 1471 1161 1498 διὰ
1187 1471 1236 1505 τῆς
1255 1470 1403 1505 γενομένης
1419 1470 1511 1500 αὐτοῖς
1529 1467 1687 1502 ἐπιφανείας
1703 1466 1857 1500 ἐπιγνῶναι
1873 1466 1917 1492 τὸν

1117 1519 1230 1553 Κύριον,
1249 1517 1331 1544 αὑτοῦ
1346 1516 1393 1543 τοῦ
1407 1516 1509 1551 Κυρίου
1527 1514 1646 1549 γνωστὸν
1661 1512 1744 1540 αὑτὸν
1761 1513 1857 1543 αὺτοῖς
1869 1513 1916 1547 ἐμ.-

281 1561 538 1595 congregationibus
553 1569 613 1596 qua:
635 1563 662 1588 in
677 1563 751 1590 omni
767 1563 826 1590 loco
851 1564 918 1592 ﬁunt
939 1567 972 1593 ad
994 1568 1068 1596 invo-

1125 1565 1277 1596 ποιοῦντος·
1307 1564 1390 1597 σαφὲς
1416 1562 1438 1589 δ’
1459 1562 1532 1593 ὅπως
1554 1562 1582 1588 ὲν
1599 1556 1637 1595 τῇ
1650 1559 1805 1595 δηλωθείσῃ
1819 1559 1854 1593 τῇ
1864 1558 1916 1584 τῶν

280 1607 396 1633 candum
417 1607 642 1643 adorandumque
664 1608 758 1638 Deum.
788 1610 857 1638 Dicit
881 1611 952 1641 forte
972 1615 1070 1650 aliquis

283 1653 345 1680 hm'c
365 1654 425 1680 loco
444 1654 615 1687 adversatus,
641 1656 746 1684 scilicet
763 1667 772 1682 ‹
792 1661 818 1684 et
840 1658 891 1685 erit
914 1660 1000 1690 altare
1017 1661 1070 1689 Do-

281 1700 355 1726 mino
375 1700 400 1726 in
418 1705 490 1728 terra
507 1701 708 1736 Egyptiorum,
730 1712 738 1728 ι
757 1703 779 1730 si
800 1704 910 1738 quidem
928 1706 1013 1734 altare
1032 1707 1071 1734 lo-

281 1752 330 1772 cus
345 1746 434 1780 quivis
450 1747 485 1773 sit
498 1747 707 1780 sacriﬁciorum,
718 1749 801 1776 verbo
814 1748 861 1777 Dei
876 1750 1070 1786 insipientibus

282 1789 375 1817 bestiis
401 1790 559 1822 immolatis,
580 1792 685 1826 justius
709 1797 782 1822 esset
804 1794 903 1828 majus,
929 1793 1070 1832 magisque

281 1843 373 1862 verum
386 1844 432 1870 per
446 1836 586 1864 Christum
604 1838 662 1865 ﬁeri
678 1838 734 1868 Deo
751 1839 837 1866 altare
857 1841 885 1867 in
896 1842 970 1868 omni
983 1846 1069 1870 terre-

279 1881 329 1907 stri
350 1881 420 1913 loco,
437 1881 555 1917 [Ἑωριο
569 1891 617 1917 per
633 1884 821 1918 metaphoram
837 1887 987 1920 nominato,
1007 1896 1069 1923 pro-

281 1931 339 1960 pter
361 1935 457 1955 omnes
485 1929 585 1963 ubique
607 1935 751 1965 martyres.
778 1932 856 1965 quasi
883 1933 1019 1962 sacriﬁcia
1042 1939 1068 1962 et

280 1972 406 2000 victimas
433 1982 481 2008 pro
507 1975 646 2002 hominum
667 1976 775 2010 generis
798 1977 886 2005 salute
906 1977 972 2011 Deo,
990 1984 1017 2007 et
1040 1981 1067 2008 in

281 2017 338 2051 ipsa
361 2018 496 2052 corporali
513 2015 704 2054 Egyptiorum
726 2026 812 2053 terra,
829 2022 874 2050 ubi
890 2028 929 2050 tot
951 2028 977 2052 et
1000 2026 1067 2053 tanti

281 2069 414 2098 martyres
434 2066 544 2100 proprio
560 2066 681 2101 ipsorum
706 2068 840 2103 sanguine
864 2068 948 2097 Deum
964 2071 1066 2106 gloriﬁ-

280 2116 420 2138 caverunt.
439 2111 516 2143 Quod
541 2112 563 2139 si
580 2113 645 2140 iIlud
661 2114 768 2142 diﬂicile
782 2115 926 2143 crederent
945 2117 1066 2145 circum-

280 2155 342 2188 eisi,
356 2156 450 2184 dicant
469 2157 519 2192 ipsi
537 2159 646 2193 quando
666 2164 692 2187 et
706 2161 751 2188 ubi
775 2165 802 2188 et
824 2162 961 2197 quodnam
982 2165 1067 2193 altare

281 2203 306 2229 in
324 2202 441 2238 [Egypto
457 2209 577 2232 erectum
601 2206 637 2233 sit
661 2206 787 2241 Domino,
809 2209 871 2243 quis
897 2217 962 2237 vero
985 2210 1066 2238 homo

279 2249 325 2284 qui
351 2249 494 2285 Aigyptios
525 2251 615 2279 salvos
641 2253 751 2286 fecerit,
783 2255 1015 2289 quemadmodum
1039 2261 1066 2285 et

279 2296 389 2330 quando
404 2298 529 2332 cognitus
557 2298 638 2325 luerit
658 2299 790 2328 Dominus
813 2300 958 2336 Egj'ptiis,
984 2303 1019 2330 ita
1037 2307 1065 2330 ut

280 2343 330 2377 ipsi
345 2350 359 2369 a
374 2344 509 2378 prioribus
519 2345 687 2373 declinantes
699 2348 840 2375 erroribus
852 2348 885 2374 ad
902 2349 962 2383 ejus
974 2350 1064 2377 scien-

280 2390 345 2416 tiam
373 2391 548 2424 pervenerint
569 2401 575 2419 :
602 2392 654 2419 hoc
676 2396 718 2422 est
744 2393 870 2421 videlicet
898 2402 1063 2430 cognoscere

280 2435 433 2463 Dominum.
451 2436 554 2464 Cat-tera
576 2446 640 2465 vero
661 2439 753 2466 omnia
776 2441 925 2475 prophetiae
940 2441 1064 2469 altiorem

279 2488 388 2509 sensum
421 2483 574 2517 includunt,
596 2493 676 2520 quem
701 2487 845 2514 enucleare
868 2495 988 2522 praesens
1010 2497 1065 2516 non

280 2526 345 2553 sinit
362 2531 478 2562 tempus.
696 2540 700 2545 -

279 2581 337 2608 νης,
353 2575 402 2610 τὴν
415 2577 478 2612 περὶ
499 2577 580 2604 αὑτοῦ
603 2579 703 2612 γνῶσιν
724 2580 881 2608 ἀναλαϐεῖν·
897 2582 1016 2608 τοιοῦτον
1028 2582 1081 2616 γάρ
1101 2581 1200 2607 ἐστιτὺ
1211 2580 1358 2614 ἐπιγνῶναι
1381 2580 1492 2615 Κύριον.
1515 2580 1569 2605 Καὶ
1592 2578 1640 2604 ὅλα

1123 1610 1278 1645 Αἰγυπτίων
1303 1609 1379 1645 χώρᾳ
1402 1608 1516 1642 συνέστη
1541 1606 1580 1642 τῷ
1601 1605 1695 1641 Κυρίῳ
1719 1605 1916 1640 θυσιαστήριον

1121 1657 1175 1683 ἀπὸ
1188 1656 1242 1682 τῶν
1259 1656 1287 1682 ἐν
1300 1655 1382 1682 παντὶ
1390 1655 1465 1689 τόπῳ
1481 1655 1520 1685 εἰς
1535 1653 1615 1688 εὐχὰς
1632 1652 1677 1679 καὶ
1687 1651 1753 1678 Θεοῦ
1765 1651 1915 1686 θρησκείαν

1120 1702 1336 1737 ἐπιτελουμένων
1352 1699 1553 1737 ἀθροισμάτων.
1573 1698 1651 1725 Είποι
1665 1697 1687 1724 δ’
1705 1697 1737 1724 ἄν
1752 1705 1795 1728 τις
1808 1696 1915 1722 ἐπιϐαί-

1120 1758 1173 1776 νων
1193 1750 1226 1784 τῇ
1248 1748 1320 1781 λέξει
1344 1748 1384 1783 εἰς
1406 1747 1447 1777 τὸ,
1470 1757 1478 1771 ι
1497 1745 1552 1772 Καὶ
1563 1744 1640 1770 ἔσται
1662 1743 1860 1777 θυσιαστήριον
1878 1740 1914 1775 τῷ

1120 1795 1214 1830 Κυρίῳ
1228 1795 1256 1820 ὲν
1271 1793 1348 1829 χώρᾳ
1359 1792 1413 1819 τῶν
1425 1791 1592 1826 Αἰγυπτίων,
1610 1800 1618 1816 ι
1632 1791 1656 1816 εἰ
1673 1789 1705 1824 δὴ
1717 1789 1748 1815 τὸ
1765 1788 1914 1823 θυσιαστή-

1120 1850 1178 1877 ριον
1205 1841 1286 1871 τόπος
1302 1840 1344 1871 τίς
1365 1840 1424 1866 ἐστι
1444 1838 1582 1873 θυμάτων,
1601 1837 1646 1863 ἐπὶ
1661 1836 1733 1870 λόγῳ
1751 1834 1820 1861 Θεοῦ
1837 1834 1914 1865 ζώων

1118 1887 1224 1921 ἀλόγων
1256 1885 1491 1920 σφαγιαζομένων,
1521 1883 1680 1910 δικαιότατα
1702 1882 1734 1908 ἂν
1757 1881 1852 1916 μεῖζον
1869 1880 1913 1907 καὶ

1119 1933 1299 1968 ἀληθέστερον
1332 1932 1376 1959 διὰ
1400 1930 1519 1967 Χριστοῦ
1548 1929 1689 1965 γεγονέναι
1713 1928 1753 1963 τῷ
1783 1927 1847 1962 θεῷ
1869 1927 1912 1953 θυ-

1119 1982 1277 2017 σιαστήριον
1314 1981 1342 2007 ὲν
1370 1979 1423 2015 ὅλῳ
1451 1988 1480 2006 τε
1509 1978 1547 2014 τῷ
1582 1977 1712 2014 περιγείῳ
1740 1977 1839 2010 τόπῳ,
1867 1976 1913 2001 ΔΞ-

1119 2027 1214 2061 γύπτῳ
1249 2026 1387 2062 τροπικῶς
1414 2024 1630 2061 χρηματίζοντι,
1668 2023 1711 2050 διὰ
1752 2023 1817 2054 τοὺς
1850 2030 1912 2047 παν-

1118 2075 1216 2110 ταχόσε
1247 2075 1386 2110 μάρτυρας
1418 2073 1525 2108 θύματα
1553 2072 1600 2098 καὶ
1622 2071 1705 2097 οἱονεὶ
1732 2070 1838 2104 σφάγια
1865 2067 1912 2094 τοῦ

1118 2121 1214 2156 γένους
1236 2121 1289 2148 τῶν
1304 2120 1465 2157 λάνθρώπων
1487 2117 1695 2154 ἀναφερομένων
1715 2116 1753 2151 τῷ
1781 2115 1843 2150 Θεῷ
1866 2115 1913 2141 καὶ

1117 2169 1146 2194 ἐν
1174 2168 1241 2203 αὐτῇ
1271 2168 1299 2193 δὲ
1325 2168 1358 2203 τῇ
1390 2167 1530 2202 σωματικῇ
1557 2164 1610 2191 τῶν
1634 2163 1794 2197 Αἰγυπτίων
1816 2160 1906 2196 χώρᾳ,

1118 2213 1182 2239 ἔνθα
1206 2212 1326 2239 τοσοῦτοι
1357 2212 1404 2238 καὶ
1436 2210 1589 2247 τηλικοῦτοι
1617 2209 1755 2244 μάρτυρες
1783 2207 1912 2239 ἐδόξασαν

1083 2247 1104 2274 D
1119 2259 1165 2285 τὸν
1190 2258 1256 2285 Θεὸν
1279 2258 1317 2292 τῷ
1351 2257 1407 2292 ἰδίῳ
1427 2256 1515 2284 αὐτῶν
1535 2256 1645 2290 αἵματι·
1672 2253 1728 2280 ἀλλ’
1751 2254 1776 2279 εἰ
1802 2253 1912 2278 δυσπει-

1121 2305 1175 2336 θῶς
1199 2304 1284 2339 ἔχοιεν
1309 2303 1377 2339 πρὸς
1407 2302 1441 2329 τὰ
1469 2301 1654 2336 ἀποδεδομένα
1684 2300 1708 2326 οἰ
1735 2300 1766 2325 ὲκ
1803 2306 1912 2333 περιτο-

1120 2350 1183 2385 μῆς.
1201 2349 1353 2383 λεγέτωσαν
1367 2349 1444 2375 αὐτοὶ
1467 2348 1530 2374 πότε
1553 2347 1600 2373 καὶ
1613 2346 1733 2376 ποῦ,καὶ
1754 2344 1824 2380 πρὸς
1843 2344 1914 2374 τίνος

1117 2396 1308 2431 θυσιαστήριον
1323 2395 1441 2430 κατέστη
1454 2394 1492 2429 τῷ
1505 2393 1599 2429 Κυρίῳ
1617 2395 1646 2420 ἐν
1669 2393 1812 2427 Αἰγύπτῳ,
1832 2393 1875 2423 τες
1887 2392 1914 2417 δὲ

1117 2442 1131 2468 ὁ
1155 2441 1297 2476 ἄνθρωπος
1309 2442 1322 2468 6
1339 2440 1428 2472 σώσας
1445 2441 1508 2472 τοὺς
1527 2440 1703 2474 Αἰγυπτίους,
1722 2439 1784 2465 τίνα
1800 2448 1828 2465 τε
1852 2439 1914 2474 τρο-

1120 2496 1170 2514 πον
1197 2487 1243 2513 καὶ
1268 2487 1332 2513 πότε
1359 2486 1478 2521 γνωστὸς
1502 2486 1609 2520 ἐγένετο
1634 2485 1738 2520 Κύριος
1759 2486 1817 2516 τοῖς
1831 2485 1913 2518 Αἰγυ-

1120 2534 1218 2565 πτίοις,
1236 2533 1306 2559 ὥστε
1322 2533 1419 2564 αὐτοὺς
1442 2532 1613 2563 ἀποστάντας
1626 2532 1675 2566 τῆς
1691 2531 1830 2567 προτέρας
1847 2529 1913 2556 πλά-

1726 2577 1762 2603 τει
1782 2576 1848 2611 ἑξῆς
1868 2577 1915 2611 τῆς

280 2621 445 2656 προφητείας
472 2623 621 2659 βαθυτέρας
643 2625 757 2660 ἢρτηται
778 2626 904 2659 διανοίας,
930 2628 963 2662 ἣν
984 2628 1033 2662 οὑχ
1053 2629 1067 2654 6
1083 2626 1178 2662 παρὼν
1198 2626 1377 2653 ἀναπτύσσειν
1395 2625 1498 2660 καιρός.

573 2682 687 2710 CAPUT
706 2683 762 2710 XII.

319 2744 327 2760 ι
347 2737 470 2768 Domine,
497 2746 523 2764 ιιι
545 2739 672 2774 angustia
694 2739 853 2769 recordatus
879 2750 939 2770 sum
963 2743 1019 2776 tui;
1038 2742 1065 2769 in

280 2782 455 2811 tribulatione
474 2793 566 2820 parva,
583 2787 705 2816 doctrina
732 2793 777 2817 tua
802 2790 890 2818 nobis.
915 2789 991 2818 Sicut
1008 2799 1067 2826 qua:

317 2858 393 2886 'lsa.
410 2869 467 2894 xix,
488 2863 578 2890 17-21.

1380 2682 1578 2711 ΚΕΦΑΛΑΙΟΝ
1596 2681 1644 2708 IB'.

1157 2753 1166 2769 ‹
1184 2743 1281 2780 Κύριε,
1299 2744 1327 2770 ὲν
1347 2742 1434 2777 θλίψει
1449 2741 1587 2777 ἐμνήσθην
1606 2748 1662 2766 σου·
1681 2740 1711 2766 ἐν
1723 2737 1816 2773 θλίψει
1829 2738 1911 2775 μικρᾷ

1121 2793 1136 2827 ἡ
1155 2790 1263 2818 παιδεία
1280 2798 1326 2816 σου
1348 2790 1422 2824 ἡμῖν·
1444 2788 1489 2815 καί
1511 2787 1548 2819 ὡς
1563 2788 1579 2822 ὴ
1597 2785 1731 2813 ώδινοῦσα
1747 2785 1855 2821 ἐγγίζει
1868 2784 1914 2812 τοῦ
