2035 3214
294 177 362 205 1219

614 174 750 204 EUSEBII
768 173 1006 202 CESARIENSIS
1023 171 1098 201 OPP.
1118 171 1209 200 PARS
1225 171 1268 198 111.
1287 187 1323 191 -
1342 170 1546 200 EXEGETICA.

1840 173 1908 200 ιεεο

291 235 398 269 stisque
423 231 489 260 Sion
515 230 704 263 ediﬁcabitur,
734 230 782 258 Dei
811 230 917 257 scilicet
939 229 1070 256 Ecclesia.

1127 228 1209 255 ταῦθα
1229 228 1301 255 λίθον
1318 228 1445 255 ἐκλεκτὸν
1474 227 1626 264 θαυμαστόν
1642 237 1700 256 τινα
1716 229 1781 256 ὅντα
1794 230 1843 256 καὶ
1859 239 1909 258 πα-

293 287 302 304 ι
319 277 535 305 Fundamentum
555 275 626 302 enim
648 275 723 302 aliud
748 282 828 302 nemo
851 278 940 309 potest
962 281 1073 308 ponere,

291 327 391 359 praeter
406 322 433 349 id
452 321 523 356 quod
536 321 653 355 positum
668 325 722 353 est,
737 320 809 355 quod
826 324 868 348 est
883 320 1011 348 Christus
1027 319 1073 347 Jc-

291 378 340 398 sus
352 374 371 396 ι.
388 378 397 394 ι
416 368 453 395 De
469 375 524 401 quo
542 373 568 394 et
585 367 612 394 in
636 367 753 394 Psalmis
769 366 872 393 dictum
890 371 933 394 est
947 375 953 392 :
969 375 979 391 ι
994 365 1075 400 Lapi-

291 415 352 443 dem
368 421 447 449 quem
464 413 680 448 rcprobaverunt
690 412 866 443 aediﬁcantes,
879 412 923 438 hic
935 411 1022 438 factus
1032 415 1074 438 est

291 461 319 488 in
338 465 419 495 caput
434 460 555 490 anguli'.
573 470 582 485 ι
605 463 631 486 et
646 468 655 484 ι
671 459 809 493 angularis
826 468 835 483 ι
850 462 973 485 vocatur.
988 457 1072 490 Quem

290 513 355 532 vero
370 505 465 532 Daniel
481 512 589 539 quoque
607 503 724 539 lapidem
741 504 935 538 interpretatur
945 503 978 530 de
994 503 1075 530 Chri-

291 552 326 579 sti
341 559 436 586 regno,
449 559 510 578 cum
536 550 621 577 dicit:
636 559 645 575 ι
660 549 742 584 Lapis
755 555 854 581 autem,
870 550 915 584 qui
928 556 1072 584 percusse-

290 603 333 625 rat
351 602 479 630 statuam,
499 596 586 623 factus
610 600 652 623 est
672 603 750 623 mons
763 603 888 630 magnus,
911 599 938 622 et
952 595 1073 630 implevit

293 644 448 671 universam
467 642 596 669 terram'.
612 651 620 667 ι
638 641 817 669 ΛΕὰἱίίςειιῑοε
833 642 917 676 igitur
935 641 1013 675 juxta
1034 641 1073 667 le-

290 690 332 724 gis
356 689 473 716 litteram
499 687 655 720 aedilicium,
674 688 747 714 hunc
772 687 987 720 reprobaverunt
1005 685 1072 720 lapi-

289 735 371 762 dem:
387 734 434 768 qui
463 733 657 764 nihilominus,
678 733 713 759 ab
741 733 774 760 iis
796 733 969 767 reprobatus,
991 735 1073 766 caput

290 780 392 815 anguli,
403 779 523 814 gentium
538 779 666 806 videlicet
681 778 807 806 Ecclesia
821 777 985 809 ostenditur,
995 777 1071 811 juxta

289 825 356 852 illud
374 833 382 852 ε
405 835 414 850 ι
428 824 586 852 Constitues
615 832 657 851 me
679 825 706 851 in
733 827 814 858 caput
834 824 955 858 gentium
969 823 987 850 ⁸.
1006 834 1015 849 ι
1042 822 1071 850 In

289 873 363 899 hunc
380 872 464 905 igitur
477 871 593 906 lapidem
610 872 657 905 qui
678 870 836 902 crediderit.
869 877 924 897 non
958 869 1072 897 confun-

1126 274 1246 310 ράδοξον,
1259 274 1297 306 ὡς
1313 274 1374 306 τοὺς
1394 274 1590 306 πιστεύσαντας
1609 275 1648 306 εἰς
1660 275 1740 302 αὑτὸν
1759 274 1797 310 μὴ
1815 284 1909 303 καται-

1125 320 1321 356 σχυνθήσεσθαι
1335 320 1382 348 τοῦ
1400 319 1474 355 ἰεροῦ
1495 320 1540 347 τοῦ
1559 320 1627 347 Θεοῦ
1649 321 1745 355 Λόγου,
1762 321 1804 355 ἐφ’
1821 321 1851 347 ὃν
1872 322 1917 353 ὡς

1124 367 1170 394 ἐπὶ
1191 366 1313 402 θεμέλιον
1330 367 1436 402 ἑδραῖον
1457 367 1473 402 ὴ
1498 365 1669 401 πνευματικὴ
1685 367 1731 392 καὶ
1752 367 1909 401 ἐπουράνιος

1124 411 1192 438 Σιὼν
1206 412 1386 448 ᾠκοδόμηται,
1409 412 1460 439 οὐκ
1479 413 1545 448 ἄλλη
1566 422 1607 444 τις
1623 411 1688 440 οὖσα
1703 413 1753 448 τῆς
1775 413 1822 439 τοῦ
1843 414 1909 441 Θεοῦ

1131 458 1308 493 Ἐκκλησίαςο
1336 468 1345 484 ί
1367 459 1496 494 Θεμέλιον
1516 459 1570 495 γὰρ
1592 459 1670 486 ἄλλον
1693 459 1780 491 οὐδεὶς
1801 459 1909 486 δύναται

1125 502 1156 538 (Γ.
1169 504 1203 530 50
1216 505 1253 539 v")
1272 504 1356 531 θεῖναι
1374 504 1449 540 παρὰ
1458 505 1503 531 τὸν
1520 505 1654 539 κείμενον,
1671 505 1700 536 ὃς
1715 506 1789 531 ἐστιν
1809 505 1910 541 Ἰησοῦς

1125 548 1256 584 Χριστόςο
1275 559 1284 576 ι
1304 551 1367 585 περὶ
1385 550 1478 577 τούτου
1498 550 1526 576 δὲ
1548 551 1595 577 καὶ
1608 551 1636 577 ἐν
1649 550 1772 586 Ψαλμοῖς
1787 551 1918 597 εἴρηταιοί

1126 603 1135 619 ‹
1157 594 1245 627 Λίθον,
1270 595 1298 621 ὃν
1321 596 1526 631 ἀπεδοκίμασαν
1550 597 1574 622 οἱ
1598 596 1811 632 οἰκοδομοῦντες,
1833 593 1910 628 οὗτος

1123 640 1238 675 ἐγενήθη
1255 641 1292 672 εἰς
1315 641 1434 678 κεφαλὴν
1454 642 1564 676 γωνίας,
1577 652 1586 668 ι
1605 643 1650 669 καὶ
1665 652 1674 668 ‹
1687 644 1883 677 ἁκρογωνιαῖος
1899 653 1908 668 ι

1122 685 1295 721 ὠνόμασται’
1319 687 1413 714 τοῦτον
1433 688 1460 714 δὲ
1483 689 1529 714 καὶ
1547 688 1644 723 Δανιὴλ
1666 689 1710 714 τὸν
1732 688 1805 714 λίϐον
1826 689 1911 724 ἑρμη-

1122 731 1193 758 νεύει
1216 732 1262 758 ἐπὶ
1282 733 1331 768 τὴν
1355 732 1402 760 τοῦ
1424 734 1542 769 Χριστοῦ
1564 734 1711 769 βασιλείαν,
1733 734 1798 761 ἔνθα
1819 734 1909 768 λέγει·

1125 787 1134 803 ι
1155 778 1209 804 Καὶ
1231 780 1244 804 ὁ
1259 778 1332 810 λίϐος
1352 781 1365 806 ὁ
1387 780 1510 812 πατάξας
1531 780 1579 815 τὴν
1603 780 1706 812 εἰκόνα,
1720 780 1829 814 ἐγένετο
1851 780 1910 816 ὅρος

1124 824 1203 858 μέγα,
1217 824 1263 850 καὶ
1272 825 1417 857 ἐπάταξεν,
1434 825 1451 861 ἢ
1463 826 1509 852 καὶ
1519 826 1659 862 ἐπλήρωσε
1673 827 1761 852 πᾶσαν
1769 825 1819 861 τὴν
1831 826 1908 860 γῆν.»

1123 869 1154 895 υἰ
1177 870 1225 905 μὲν
1249 869 1295 897 οὖν
1315 872 1516 906 οἰκοδομοῦντες
1530 872 1578 907 τὴν
1601 871 1671 899 κατὰ
1684 872 1714 898 τὸ
1732 872 1852 907 γράμμα
1866 871 1910 897 τοῦ

289 918 378 950 detur,
407 921 436 945 ut
452 925 515 945 vere
530 917 694 952 pramuntiat
722 923 842 951 praesens
866 915 900 943 de
924 916 984 950 ipso
1010 924 1073 951 pro-

1127 915 1204 950 νόμου
1219 917 1373 952 οἰκοδομὴν,
1385 917 1478 944 τοῦτον
1489 917 1691 951 ἀπεδοκίμασαν
1706 917 1750 943 τὸν
1762 917 1837 943 λίθον
1847 925 1854 931 ·
1867 917 1912 943 αὖ·

289 964 389 999 phetia.

1124 962 1170 994 τὸς
1183 963 1212 989 δὲ
1226 964 1300 990 οὐδὲν
1318 961 1398 1000 ἦττον
1416 965 1460 991 ὑπ’
1479 965 1589 990 ἐκείνων
1611 964 1851 998 ἀποδοκιμασθεὶς,
1867 972 1910 990 κε-

290 1010 360 1046 φαλὴ
379 1010 478 1044 γωνίας
497 1010 545 1045 τῆς
566 1009 619 1035 τῶν
644 1008 674 1042 ἐξ
696 1008 779 1035 ἐθνῶν
822 1008 982 1043 Ἐκκλησίας
1023 1009 1205 1037 ἀναδέδεικται
1227 1011 1296 1038 κατὰ
1319 1012 1349 1038 τὸ
1374 1013 1517 1048 εἰρημένον
1537 1021 1598 1045 που,
1624 1021 1632 1036 ι
1663 1012 1854 1046 Καταστήσεις
1881 1020 1910 1046 με

289 1058 329 1088 εἰς
345 1056 464 1092 κεφαλὴν
481 1056 575 1083 ἐθνῶν.
595 1065 603 1081 ι
626 1055 687 1082 Ἐπὶ
705 1055 797 1081 τοῦτον
817 1053 960 1090 τοιγαροῦν
973 1054 1018 1082 τὸν
1044 1055 1116 1083 λίθον
1147 1058 1161 1084 ὸ
1175 1058 1307 1084 πιστεύων
1332 1059 1362 1085 οὐ
1389 1058 1665 1094 καταισχυνθήσεται,
1692 1057 1910 1093 ὲπαληθευούσης

290 1104 336 1131 καὶ
354 1103 454 1139 ταύτης
470 1105 519 1140 τῆς
532 1104 595 1138 περὶ
608 1102 690 1130 αὑτοῦ
703 1103 878 1138 προφητείας.

609 1158 724 1187 CAPUT
740 1158 810 1186 XIV.

330 1215 339 1232 ‹
360 1206 430 1234 Ecce
440 1213 538 1233 nomen
553 1205 660 1232 Domini
675 1206 749 1232 venit
760 1205 793 1232 de
805 1205 962 1240 longinquo.
976 1205 1074 1233 ardens

291 1252 368 1281 furor
386 1253 445 1287 ejus
458 1256 485 1278 ct
499 1252 590 1286 gravis
611 1252 643 1278 ad
665 1251 829 1286 portandum
851 1260 857 1277 :
871 1251 941 1278 labia
958 1251 1018 1285 ejus
1030 1258 1075 1277 re-

292 1299 363 1334 pleta
385 1303 448 1325 sum
464 1297 662 1331 indignatione,
678 1301 704 1324 et
722 1297 814 1332 lingua
836 1297 896 1331 ejus
911 1297 989 1331 quasi
1004 1297 1073 1331 ignis

291 1345 426 1372 devorans
440 1345 461 1370 ⁵.
474 1353 483 1368 ι
499 1343 568 1376 Quid
582 1347 653 1370 esset
668 1343 770 1370 dictum
787 1343 831 1369 hic
842 1349 940 1370 nomen
956 1341 1073 1373 Domini,

292 1390 345 1417 nisi
369 1388 442 1416 Deus
457 1388 588 1420 Verbum,
610 1396 625 1415 a
645 1395 699 1422 quo
716 1387 808 1414 omnia
831 1390 922 1414 creata
939 1387 1023 1414 sunt?
1038 1386 1075 1414 De

292 1435 410 1463 secunda
427 1435 509 1470 igitur
525 1439 552 1462 et
563 1434 692 1469 praeclara
717 1433 779 1468 ejus
795 1432 1017 1460 manifestatione
1030 1439 1075 1459 ac-

292 1481 417 1516 cipienda
434 1483 486 1512 est,
504 1484 533 1506 ut
547 1480 655 1514 opinor,
671 1479 729 1506 haec
743 1478 898 1514 prophetia.

587 1580 700 1608 CAPUT
714 1580 774 1608 xv.
851 1574 864 1585 ‘
1088 1569 1112 1600 α

333 1636 342 1653 ι
358 1627 420 1654 Haec
431 1627 497 1654 dicit
513 1627 644 1654 Dominus
660 1636 667 1656 :
685 1626 783 1654 Beatus
797 1625 844 1661 qui
863 1626 945 1654 habet
960 1626 988 1653 in
1008 1624 1075 1652 Sion

292 1681 396 1705 semen,
411 1676 439 1700 et
466 1673 571 1700 incolas
599 1673 626 1700 in
653 1672 815 1700 Jerusalem.
833 1671 904 1700 Ecce
928 1671 1001 1699 enim
1027 1678 1075 1699 rex

290 1719 381 1754 justus
391 1719 523 1753 regnabit,
536 1724 562 1746 et
574 1719 711 1753 principes
725 1718 751 1745 in
766 1718 1020 1756 judicio‘prazerunt
1034 1717 1072 1744 ⁸.»

291 1764 418 1792 Christus
433 1764 479 1792 Dei
499 1764 610 1792 dicens:
630 1774 639 1790 ‹
657 1764 712 1799 Ego
741 1760 910 1792 constitutus
937 1771 998 1791 sum
1026 1771 1073 1791 rex

293 1818 374 1845 super
384 1818 431 1838 eos
449 1820 458 1836 ι
470 1811 498 1837 ἰιι
514 1811 565 1837 hac
578 1811 719 1845 prophetia
733 1809 902 1844 designatur.
915 1808 967 1842 Qui
983 1812 1074 1836 autem

292 1857 344 1885 sub
357 1864 390 1884 eo
401 1860 464 1883 sunt
478 1856 626 1891 principes,
639 1856 755 1890 apostoli
772 1856 888 1886 scilicet,
898 1858 925 1882 et
939 1855 1074 1882 Ecclesias

293 1902 320 1929 in
330 1902 434 1936 judicio
448 1901 494 1928 Dei
513 1902 672 1936 dirigentes,
690 1901 747 1928 sive
763 1900 848 1927 divini
871 1900 969 1935 angeli,
986 1899 1075 1927 homi-

292 1956 358 1975 num
382 1948 477 1975 salutis
504 1947 671 1975 defensores.
685 1945 801 1980 Propter
822 1946 899 1972 illum
917 1946 1008 1980 igitur,
1027 1946 1074 1980 qui

293 1994 363 2029 regit
379 1993 443 2020 Sion
456 1997 483 2020 et
500 1992 661 2023 Jerusalem,
671 2001 680 2017 ι
695 1991 795 2019 Beatus
809 1991 857 2026 qui
871 1991 951 2018 habet
964 1991 992 2017 in
1009 1991 1075 2018 Sion

294 2047 386 2068 semen
394 2044 421 2066 et
431 2039 535 2066 incolas
547 2038 573 2065 in
584 2037 736 2065 Jerusalem
747 2046 754 2070 ;
768 2047 777 2063 ι
789 2044 849 2072 quae
858 2041 884 2064 et
893 2041 1074 2072 congruenter

294 2085 328 2112 de
341 2084 493 2119 apostolico
505 2083 602 2118 spiritu
624 2083 710 2117 accipi
735 2086 861 2116 possunt,
879 2082 1010 2109 edocente
1024 2089 1076 2109 nos

295 2130 328 2156 de
341 2136 457 2164 superna
468 2128 618 2156 Jerusalem
634 2133 662 2155 et
676 2128 709 2155 de
722 2128 827 2154 caelesti
842 2131 933 2154 monte
949 2126 1026 2155 Sion.

1386 1161 1584 1187 ΚΕΦΑΛΛΙΟΝ
1598 1161 1646 1186 ΙΔ’.

1163 1214 1173 1230 ι
1202 1206 1266 1232 Ἰδοὺ
1280 1205 1309 1232 τὸ
1324 1205 1408 1240 ὄνομα
1425 1205 1526 1241 Κυρίου
1547 1205 1653 1240 ἔρχεται
1672 1205 1716 1231 διὰ
1734 1205 1834 1232 πολλοῦ
1854 1207 1912 1242 χρό-

1125 1259 1181 1281 νου,
1196 1252 1339 1286 καιόμενος
1355 1251 1452 1286 θυμὸς,
1468 1251 1538 1286 μετὰ
1548 1251 1625 1286 δόξης
1639 1251 1669 1277 τὸ
1685 1251 1774 1285 λόγιον
1787 1252 1844 1278 τῶν
1859 1261 1912 1288 χει-

1125 1296 1193 1323 λέων
1209 1297 1301 1329 αὑτοῦ,
1316 1297 1346 1324 τὸ
1366 1298 1454 1332 λόγιον
1473 1297 1559 1333 ὀργῆς
1577 1298 1687 1333 πλῆρες,
1710 1298 1757 1324 καὶ
1776 1298 1848 1334 ὀργὴ
1868 1299 1912 1325 τοῦ

1126 1342 1212 1377 θυμοῦ
1232 1343 1269 1373 ὡς
1291 1344 1346 1379 πῦρ
1360 1344 1456 1371 ἔδεται.
1476 1353 1486 1369 ι
1504 1344 1558 1370 Καὶ
1572 1343 1597 1369 τί
1612 1343 1644 1370 ἂν
1656 1343 1698 1379 εἴη
1720 1343 1751 1370 τὸ
1766 1344 1912 1379 λεγόμενον

1124 1388 1210 1424 ὄνομα
1225 1389 1326 1424 Κυρίου
1343 1390 1359 1424 ἢ
1376 1390 1390 1415 ό
1404 1389 1469 1422 Θεὸς
1495 1390 1590 1423 Λόγος,
1613 1389 1646 1415 δι’
1661 1387 1691 1416 οὗ
1709 1391 1744 1416 τὰ
1767 1391 1912 1425 σύμπαντα

1125 1434 1288 1470 γεγένηται;
1304 1435 1345 1462 Τὰ
1361 1436 1486 1471 περὶτῆς
1500 1435 1627 1470 δευτέρας
1642 1435 1731 1461 τοίνυν
1747 1436 1795 1462 καὶ
1807 1435 1912 1468 ἐνδόξου

1126 1479 1208 1507 αὑτοῦ
1228 1481 1378 1517 παρουσίας
1394 1482 1497 1517 νομίζω
1510 1481 1557 1508 καὶ
1568 1482 1669 1517 ταύτην
1687 1482 1854 1508 αἰνίττεσθαι
1867 1483 1914 1517 τὴν

1125 1526 1302 1561 προφητείαν.

1385 1584 1582 1611 ΚΕΦΛΛΛΙΟΝ
1601 1584 1650 1611 ΙΕ’.

1163 1626 1232 1655 Τάδε
1245 1629 1320 1663 λέγει
1340 1629 1457 1665 Κύριος·
1478 1640 1487 1656 ‹
1503 1630 1655 1665 Μακάριος,
1668 1629 1698 1661 ὃς
1719 1629 1776 1666 ἔχει
1801 1631 1832 1656 ὲν
1848 1630 1916 1657 Σιὼν

1129 1675 1249 1710 σπέρμα,
1267 1675 1314 1702 καὶ
1335 1676 1450 1713 οἰκείους
1465 1676 1494 1702 ὲν
1514 1676 1707 1711 Ἰερουσαλήμ·
1726 1676 1782 1702 ἰδοὺ
1796 1676 1855 1712 γὰρ
1871 1676 1916 1711 βα-

1128 1720 1218 1751 σιλεὺς
1240 1721 1343 1753 δίκαιος
1365 1721 1528 1756 βασιλεύσει,
1549 1723 1597 1749 κα)⁸
1618 1722 1748 1757 ἄρχοντες
1770 1723 1842 1757 μετὰ
1855 1722 1915 1758 κρί-

1128 1774 1196 1798 σεως
1222 1766 1359 1802 ἄρξουσιν.
1378 1777 1387 1793 ι
1419 1768 1448 1794 ὐ
1475 1769 1591 1804 Χριστὸς
1613 1768 1659 1794 τοῦ
1685 1767 1752 1794 θεοῦ
1778 1768 1793 1794 ὁ
1820 1767 1915 1799 εἰπὼν,

1130 1820 1140 1836 ι
1163 1810 1232 1845 Ἐγὼ
1248 1812 1276 1838 δὲ
1295 1813 1464 1850 κατεστάθην
1483 1814 1609 1849 βασιλεὺς
1621 1815 1666 1840 ὑπ’
1677 1814 1772 1846 αὐτοῦ,
1785 1823 1794 1840 ι
1811 1814 1862 1841 καὶ
1874 1814 1917 1841 διὰ

1126 1856 1228 1883 τούτων
1241 1857 1384 1892 δηλοῦται·
1400 1858 1456 1886 εἷεν
1470 1860 1491 1886 δ’
1513 1860 1546 1886 ἂν
1560 1861 1583 1886 οἰ
1601 1860 1647 1886 ὑπ’
1669 1859 1752 1886 αὐτὸν
1774 1859 1915 1895 ἄρχοντες,

1125 1902 1185 1937 ἦτοι
1200 1903 1353 1936 ἀπόστολοι,
1369 1905 1416 1931 καὶ
1436 1906 1461 1932 οἱ
1477 1906 1545 1940 μετὰ
1565 1905 1631 1932 Θεοῦ
1649 1906 1767 1940 κρίσεως
1784 1906 1842 1932 τῶν
1861 1906 1918 1934 Ἐκ-

1126 1947 1244 1984 κλησιῶν
1256 1950 1410 1985 ἄρχοντεςῆ
1426 1951 1534 1986 ἄγγελοι
1548 1951 1624 1983 Θείοι,
1639 1951 1688 1986 τῆς
1698 1951 1752 1978 τῶν
1763 1951 1917 1987 ἀνθρώπων

1127 1992 1218 2028 ἔφοροι
1235 1996 1386 2030 σωτηρίας·
1403 1996 1447 2023 διὰ
1462 1997 1557 2024 τοῦτον
1572 1997 1602 2024 δὲ
1615 1997 1659 2023 τὸν
1676 1997 1857 2032 βασιλεύοντα
1870 1997 1918 2031 τῆς

1127 2039 1196 2066 Σιὼν
1213 2041 1259 2067 καὶ
1275 2040 1325 2076 τῆς
1351 2042 1537 2078 Ἰερουσαλὴμ,
1549 2053 1558 2068 (
1577 2043 1718 2076 Μακάριος
1729 2063 1736 2074 ,
1754 2043 1785 2074 ὃς
1809 2043 1867 2077 ἔχει
1891 2043 1918 2068 ὲν

1128 2084 1197 2112 Σιὼν
1212 2086 1333 2122 σπέρμα,
1352 2088 1399 2114 καὶ
1411 2089 1528 2120 οἰκείους
1542 2089 1571 2115 ἐν
1589 2088 1779 2124 Ἰερουσαλήμ·
1803 2098 1813 2114 ι
1834 2088 1854 2116 ἃ
1873 2087 1920 2119 καὶ

1127 2129 1210 2164 ἀξίως
1223 2132 1270 2158 τοῦ
1287 2133 1465 2161 ἀποστολικοῦ
1483 2134 1636 2170 πνεύματος
1651 2134 1865 2170 ὲκλη[μ]πτέον,
1879 2133 1918 2160 δι-

294 2176 436 2208 δάσκοντος
455 2176 527 2212 ἡμᾶς
542 2175 577 2203 τὰ
596 2176 659 2211 περὶ
680 2176 729 2211 τῆς
744 2175 799 2202 ἄνω
817 2174 1003 2210 Ἰερουσαλὴμ,
1027 2175 1133 2203 καὶτοῦ
1147 2178 1217 2206 Σιὼν
1233 2181 1395 2216 ἐπουρανίου
1415 2182 1505 2218 ὅρους.

584 2276 699 2304 CAPUT
714 2276 786 2304 XVI.
1092 2261 1115 2289 ι)

334 2334 342 2350 ι
362 2324 476 2355 Laetare.
501 2323 621 2351 solitudo
645 2323 752 2355 sitiens,
770 2321 889 2354 exsulta,
903 2322 1034 2354 solitudo,
1050 2326 1078 2349 et

295 2370 409 2398 ﬂoribus
419 2377 545 2405 spargere
561 2374 590 2396 ut
606 2369 702 2396 lilium.
718 2368 882 2396 Germinans
901 2367 1076 2403 germinabit,

296 2420 322 2444 et
335 2415 483 2443 exsultabit
501 2415 655 2442 laetabunda
679 2418 706 2442 et
730 2414 844 2441 laudans
859 2423 867 2442 :
881 2413 966 2448 gloria
980 2413 1078 2441 Libani

296 2461 360 2488 data
370 2465 412 2489 est
425 2461 481 2488 eiet
492 2461 573 2488 decor
580 2460 699 2488 Carmeli
709 2469 716 2493 ς
725 2464 751 2487 et
758 2460 876 2495 populus
890 2467 967 2487 meus
976 2458 1078 2486 videbit

297 2507 410 2543 gloriam
424 2507 530 2534 Domini
548 2511 575 2534 et
587 2505 760 2533 altitudinem
771 2505 828 2533 Dei.
841 2505 1001 2533 Confortate
1016 2512 1075 2532 ma-

297 2561 349 2580 nus
372 2552 531 2583 dissolutas,
549 2555 575 2579 et
599 2559 690 2587 genua
713 2551 811 2579 debilia
826 2551 965 2578 roborate.
991 2549 1078 2578 Dicite

296 2597 478 2632 pusillanimis
496 2607 502 2624 :
519 2596 717 2628 Conforiamiui
736 2601 764 2624 et
784 2597 871 2624 nolite
883 2597 997 2624 timere:
1014 2604 1078 2625 ecce

296 2641 369 2669 Deus
382 2645 471 2669 vester
484 2642 615 2668 ultionem
637 2642 755 2669 adducet
779 2642 966 2669 retributionis
981 2651 990 2668 :
1005 2640 1077 2669 Deus

297 2687 354 2722 ipse
367 2687 456 2714 veniet
467 2691 494 2715 et
507 2687 622 2715 salvabit
640 2695 701 2714 nos.
724 2686 802 2714 Tunc
824 2688 982 2723 aperientur
1004 2689 1077 2715 oculi

298 2739 443 2765 caecorum.
459 2737 486 2760 et
501 2740 581 2761 aures
595 2732 740 2760 surdorum
754 2734 895 2767 patebunt.
911 2733 989 2760 Tunc
999 2733 1077 2761 saliet

298 2777 370 2804 sicut
385 2785 482 2806 cervus
500 2779 623 2810 claudus.
640 2784 666 2806 et
681 2783 774 2814 aperta
795 2779 847 2806 erit
869 2779 960 2815 lingua
986 2783 1076 2806 muto-

336 2855 344 2871 ¹
360 2856 446 2884 lCor.
465 2865 506 2890 ιιι,
523 2857 565 2884 Η.
605 2859 614 2873 ²
630 2857 700 2885 Psnl.
712 2865 795 2890 cxvu,
808 2857 853 2883 ‘22.

299 2898 386 2924 nm,
399 2892 423 2918 i.

902 2857 912 2872 ³
931 2857 996 2884 Dan.
1010 2865 1039 2888 ιι,
1053 2857 1097 2885 53.

1389 2280 1585 2307 ΚΕΦΛΛΛΙΟΝ
1600 2279 1657 2314 IG'.

1156 2332 1165 2348 ι
1177 2321 1358 2359 Εὐφράνθητι,
1371 2323 1472 2360 ἔρημος
1485 2324 1600 2359 διψῶσα,
1609 2324 1794 2359 ἁγαλλιάσθω,
1805 2325 1921 2361 ἔρημος,

1128 2369 1175 2395 καὶ
1189 2369 1303 2396 ἀνθειτω
1327 2370 1365 2402 ὡς
1389 2370 1479 2406 κρίνον
1489 2380 1496 2386 ·
1512 2370 1558 2397 καὶ
1571 2370 1712 2406 ὲξανθήσει
1725 2371 1775 2397 καὶ
1787 2371 1920 2406 ἀγαλλιᾶ-

1128 2423 1204 2442 σεται
1224 2411 1382 2451 ἔρημα”τοῦ
1404 2416 1550 2452 Ἰορδάνου’
1567 2417 1613 2443 καὶ
1627 2418 1644 2451 ἡ
1660 2417 1725 2449 δόξα
1739 2417 1788 2443 τοῦ
1803 2417 1920 2444 Λισὰνου

1128 2460 1299 2497 ὲδόθημὺτῇ,
1308 2462 1355 2488 καὶ
1365 2463 1382 2497 ἡ
1393 2462 1460 2497 τιμὴ
1469 2462 1516 2489 τοῦ
1530 2462 1694 2498 Καρμήλου·
1708 2462 1756 2488 καὶ
1765 2463 1780 2488 ὁ
1790 2462 1857 2494 λαός
1870 2471 1920 2498 μου

1127 2506 1221 2541 ὄψεται
1231 2507 1280 2543 τὴν
1290 2507 1368 2541 δόξαν
1377 2508 1480 2543 Κυρίου
1497 2508 1544 2535 καὶ
1565 2508 1595 2535 τὺ
1606 2507 1671 2543 ὕψος
1680 2508 1728 2534 τοῦ
1741 2508 1823 2534 Θεοῦ.
1833 2508 1920 2543 ἰο-χὺ-

1130 2562 1204 2586 σατε,
1221 2555 1311 2590 χεῖρες
1331 2554 1481 2590 ἀνειμέναι,
1497 2556 1545 2581 καὶ
1566 2554 1666 2589 γόνατα.
1687 2553 1919 2589 παραλελυμένα’

1130 2599 1350 2635 παρακαλέσατε,
1362 2599 1515 2634 ὀλιγόψυχοι
1536 2600 1568 2635 τῇ
1582 2599 1684 2634 διανοίᾳ
1694 2608 1701 2615 ·
1720 2599 1864 2633 ἰσχύσατε,
1886 2598 1920 2632 μὴ

1130 2644 1270 2679 φοϐεῖσθε²
1289 2644 1342 2671 ἰδοὺ
1358 2645 1373 2670 ὁ
1389 2645 1455 2676 Θεὸς
1466 2645 1481 2679 ἠ
1487 2644 1545 2679 μῶν
1556 2644 1645 2680 κρίσιν
1660 2644 1862 2670 ἀνταποδίδωσι
1876 2643 1920 2669 καὶ

1129 2689 1312 2716 ἀνταποδώσει
1325 2697 1331 2704 ·
1346 2690 1427 2721 αὐτὸς
1434 2689 1504 2725 ἥξει.
1514 2690 1561 2716 καὶ
1575 2689 1655 2715 σώσει
1668 2690 1742 2724 ἡμᾶς
1751 2697 1758 2704 ’
1774 2689 1839 2716 τὰτε
1854 2690 1921 2715 ἀνοι-

1130 2735 1273 2771 χθήσονται
1288 2735 1420 2771 ὀφθαλμοὶ
1441 2735 1560 2770 τυφλῶν,
1575 2736 1621 2762 καὶ
1641 2732 1699 2762 ὦτα
1720 2736 1824 2769 κωφῶν
1840 2734 1921 2762 ἀκού-

1131 2787 1222 2807 σονται
1229 2789 1235 2795 ·
1248 2779 1307 2806 τότε
1317 2780 1421 2808 ἁλεῖται
1432 2781 1470 2812 ὼς
1477 2780 1574 2815 ἔλαφος
1585 2780 1679 2815 χωλὸς,
1687 2781 1736 2807 καὶ
1746 2781 1835 2816 τρανὴ
1847 2781 1921 2806 ἔσται

1151 2857 1244 2885 ‘Psal.
1260 2866 1324 2890 xvu,
1343 2858 1386 2885 45.
1437 2859 1447 2874 ⁵
1461 2858 1511 2885 lsa.
1529 2867 1593 2885 xxx.
1608 2857 1642 2885 27
1683 2859 1694 2874 ⁶
1711 2857 1767 2886 Isa.
1787 2866 1868 2892 xui,
1887 2857 1919 2890 9;
