  <div class='ocr_page' id='page_1' title='image "/cluster/home/n/w/nwhite01/storage/ocr_20150623/22/njp.32101077772497/686.png"; bbox 0 0 2035 3214; ppageno 0'>
   <div class='ocr_carea' id='block_1_1' title="bbox 120 183 187 212">
    <p class='ocr_par' dir='ltr' id='par_1_1' title="bbox 120 183 187 212">
     <span class='ocr_line' id='line_1_1' title="bbox 120 183 187 212; baseline 0 -1"><span class='ocrx_word' id='word_1_1' title='bbox 120 185 133 211; x_wconf 71' lang='grc'><strong>4</strong></span> <span class='ocrx_word' id='word_1_2' title='bbox 138 183 187 212; x_wconf 66' lang='grc'><strong>2⁵21</strong></span> 
     </span>
    </p>
   </div>
   <div class='ocr_carea' id='block_1_2' title="bbox 632 173 1237 207">
    <p class='ocr_par' dir='ltr' id='par_1_2' title="bbox 632 173 1237 207">
     <span class='ocr_line' id='line_1_2' title="bbox 632 173 1237 207; baseline -0.008 0"><span class='ocrx_word' id='word_1_3' title='bbox 632 177 780 207; x_wconf 67' lang='lat' dir='ltr'><strong>ECLOGE</strong></span> <span class='ocrx_word' id='word_1_4' title='bbox 800 174 1041 205; x_wconf 64' lang='lat' dir='ltr'><strong>PROPIIETICIE.</strong></span> <span class='ocrx_word' id='word_1_5' title='bbox 1061 190 1096 195; x_wconf 92' lang='lat'><strong>—</strong></span> <span class='ocrx_word' id='word_1_6' title='bbox 1113 173 1177 202; x_wconf 86' lang='lat' dir='ltr'><strong>LIB.</strong></span> <span class='ocrx_word' id='word_1_7' title='bbox 1192 174 1237 203; x_wconf 84' lang='lat' dir='ltr'><strong>IV.</strong></span> 
     </span>
    </p>
   </div>
   <div class='ocr_carea' id='block_1_3' title="bbox 1682 176 1750 203">
    <p class='ocr_par' dir='ltr' id='par_1_3' title="bbox 1682 176 1750 203">
     <span class='ocr_line' id='line_1_3' title="bbox 1682 176 1750 203; baseline 0 0"><span class='ocrx_word' id='word_1_8' title='bbox 1682 176 1750 203; x_wconf 64' lang='grc' dir='ltr'><strong>ἰσὶἳὲ</strong></span> 
     </span>
    </p>
   </div>
   <div class='ocr_carea' id='block_1_4' title="bbox 120 235 923 278">
    <p class='ocr_par' dir='ltr' id='par_1_4' title="bbox 120 236 914 278">
     <span class='ocr_line' id='line_1_4' title="bbox 120 236 914 278; baseline -0.01 -8"><span class='ocrx_word' id='word_1_9' title='bbox 120 240 232 277; x_wconf 82' lang='grc' dir='ltr'>γλῶσσα</span> <span class='ocrx_word' id='word_1_10' title='bbox 253 241 414 278; x_wconf 81' lang='grc' dir='ltr'>μογιλάλων,</span> <span class='ocrx_word' id='word_1_11' title='bbox 431 240 472 267; x_wconf 78' lang='grc' dir='ltr'>ὅτι</span> <span class='ocrx_word' id='word_1_12' title='bbox 493 238 598 274; x_wconf 78' lang='grc' dir='ltr'>ἐρράγη</span> <span class='ocrx_word' id='word_1_13' title='bbox 618 237 647 264; x_wconf 87' lang='grc' dir='ltr'>ὲν</span> <span class='ocrx_word' id='word_1_14' title='bbox 666 238 699 272; x_wconf 81' lang='grc' dir='ltr'>τῇ</span> <span class='ocrx_word' id='word_1_15' title='bbox 720 237 817 272; x_wconf 80' lang='grc' dir='ltr'><strong>ἐρήμῳ</strong></span> <span class='ocrx_word' id='word_1_16' title='bbox 831 236 914 272; x_wconf 72' lang='grc' dir='ltr'>ὕδωρ,</span> 
     </span>
    </p>
   </div>
   <div class='ocr_carea' id='block_1_5' title="bbox 974 235 1751 278">
    <p class='ocr_par' dir='ltr' id='par_1_5' title="bbox 974 235 1751 271">
     <span class='ocr_line' id='line_1_5' title="bbox 974 235 1751 271; baseline 0.003 -9"><span class='ocrx_word' id='word_1_17' title='bbox 974 243 1026 262; x_wconf 86' lang='lat' dir='ltr'><strong>-um</strong></span> <span class='ocrx_word' id='word_1_18' title='bbox 1041 244 1048 263; x_wconf 91' lang='lat'>:</span> <span class='ocrx_word' id='word_1_19' title='bbox 1065 236 1129 270; x_wconf 88' lang='lat' dir='ltr'><strong>quia</strong></span> <span class='ocrx_word' id='word_1_20' title='bbox 1144 235 1238 263; x_wconf 69' lang='lat' dir='ltr'><strong>scissae</strong></span> <span class='ocrx_word' id='word_1_21' title='bbox 1252 238 1316 262; x_wconf 88' lang='lat' dir='ltr'><strong>sunt</strong></span> <span class='ocrx_word' id='word_1_22' title='bbox 1332 235 1360 262; x_wconf 82' lang='lat' dir='ltr'><strong>in</strong></span> <span class='ocrx_word' id='word_1_23' title='bbox 1372 235 1482 263; x_wconf 84' lang='lat' dir='ltr'><strong>deserto</strong></span> <span class='ocrx_word' id='word_1_24' title='bbox 1496 242 1585 271; x_wconf 71' lang='lat' dir='ltr'><strong>aquae.</strong></span> <span class='ocrx_word' id='word_1_25' title='bbox 1601 239 1628 264; x_wconf 89' lang='lat' dir='ltr'><strong>et</strong></span> <span class='ocrx_word' id='word_1_26' title='bbox 1644 239 1751 264; x_wconf 85' lang='lat' dir='ltr'><strong>torren—</strong></span> 
     </span>
    </p>
   </div>
   <div class='ocr_carea' id='block_1_6' title="bbox 121 282 912 323">
    <p class='ocr_par' dir='ltr' id='par_1_6' title="bbox 121 282 912 323">
     <span class='ocr_line' id='line_1_6' title="bbox 121 282 912 323; baseline -0.011 -7"><span class='ocrx_word' id='word_1_27' title='bbox 121 288 172 316; x_wconf 76' lang='grc' dir='ltr'><strong>καὶ</strong></span> <span class='ocrx_word' id='word_1_28' title='bbox 186 287 294 323; x_wconf 75' lang='grc' dir='ltr'>φάραγξ</span> <span class='ocrx_word' id='word_1_29' title='bbox 318 289 347 314; x_wconf 85' lang='grc' dir='ltr'>ὲν</span> <span class='ocrx_word' id='word_1_30' title='bbox 369 288 404 322; x_wconf 89' lang='grc' dir='ltr'>γῇ</span> <span class='ocrx_word' id='word_1_31' title='bbox 424 284 527 320; x_wconf 84' lang='grc' dir='ltr'><strong>διψώσῃ</strong></span> <span class='ocrx_word' id='word_1_32' title='bbox 538 292 544 299; x_wconf 95' lang='grc'><strong>·</strong></span> <span class='ocrx_word' id='word_1_33' title='bbox 560 284 635 319; x_wconf 78' lang='grc' dir='ltr'>καὶή</span> <span class='ocrx_word' id='word_1_34' title='bbox 653 282 765 318; x_wconf 83' lang='grc' dir='ltr'>ἄνυδρος</span> <span class='ocrx_word' id='word_1_35' title='bbox 782 282 858 308; x_wconf 76' lang='grc' dir='ltr'>ἔσται</span> <span class='ocrx_word' id='word_1_36' title='bbox 873 283 912 314; x_wconf 89' lang='grc' dir='ltr'><strong>είς</strong></span> 
     </span>
    </p>
   </div>
   <div class='ocr_carea' id='block_1_7' title="bbox 122 328 909 369">
    <p class='ocr_par' dir='ltr' id='par_1_7' title="bbox 122 328 909 369">
     <span class='ocr_line' id='line_1_7' title="bbox 122 328 909 369; baseline -0.009 -8"><span class='ocrx_word' id='word_1_37' title='bbox 122 333 184 369; x_wconf 68' lang='grc' dir='ltr'>ἕλη,</span> <span class='ocrx_word' id='word_1_38' title='bbox 197 335 244 361; x_wconf 73' lang='grc' dir='ltr'>καὶ</span> <span class='ocrx_word' id='word_1_39' title='bbox 262 335 301 366; x_wconf 77' lang='grc' dir='ltr'>εἰς</span> <span class='ocrx_word' id='word_1_40' title='bbox 312 333 360 369; x_wconf 76' lang='grc' dir='ltr'>τὴν</span> <span class='ocrx_word' id='word_1_41' title='bbox 374 331 493 367; x_wconf 81' lang='grc' dir='ltr'><strong>διψῶσαν</strong></span> <span class='ocrx_word' id='word_1_42' title='bbox 506 330 558 365; x_wconf 84' lang='grc' dir='ltr'><strong>γῆν</strong></span> <span class='ocrx_word' id='word_1_43' title='bbox 574 329 649 364; x_wconf 75' lang='grc' dir='ltr'>πηγὴ</span> <span class='ocrx_word' id='word_1_44' title='bbox 672 328 774 355; x_wconf 78' lang='grc' dir='ltr'><strong>ὑδάτων</strong></span> <span class='ocrx_word' id='word_1_45' title='bbox 796 328 882 356; x_wconf 74' lang='grc' dir='ltr'>ἔσται.</span> <span class='ocrx_word' id='word_1_46' title='bbox 900 338 909 354; x_wconf 75' lang='grc' dir='ltr'><strong>ι</strong></span> 
     </span>
    </p>
   </div>
   <div class='ocr_carea' id='block_1_8' title="bbox 129 375 914 416">
    <p class='ocr_par' dir='ltr' id='par_1_8' title="bbox 129 375 914 416">
     <span class='ocr_line' id='line_1_8' title="bbox 129 375 914 416; baseline -0.01 -8"><span class='ocrx_word' id='word_1_47' title='bbox 129 380 193 408; x_wconf 64' lang='grc' dir='ltr'><strong>Ἐπὶ</strong></span> <span class='ocrx_word' id='word_1_48' title='bbox 212 382 246 416; x_wconf 85' lang='grc' dir='ltr'>τῇ</span> <span class='ocrx_word' id='word_1_49' title='bbox 267 379 314 407; x_wconf 85' lang='grc' dir='ltr'><strong>τοῦ</strong></span> <span class='ocrx_word' id='word_1_50' title='bbox 340 378 407 406; x_wconf 82' lang='grc' dir='ltr'>Θεοῦ</span> <span class='ocrx_word' id='word_1_51' title='bbox 429 377 565 413; x_wconf 75' lang='grc' dir='ltr'><strong>παρουσίᾳ</strong></span> <span class='ocrx_word' id='word_1_52' title='bbox 579 376 628 408; x_wconf 85' lang='grc' dir='ltr'>τὰς</span> <span class='ocrx_word' id='word_1_53' title='bbox 644 375 813 411; x_wconf 74' lang='grc' dir='ltr'><strong>παραδόξους</strong></span> <span class='ocrx_word' id='word_1_54' title='bbox 829 375 914 407; x_wconf 81' lang='grc' dir='ltr'>ἰάσεις</span> 
     </span>
    </p>
   </div>
   <div class='ocr_carea' id='block_1_9' title="bbox 123 418 912 460">
    <p class='ocr_par' dir='ltr' id='par_1_9' title="bbox 123 418 912 460">
     <span class='ocr_line' id='line_1_9' title="bbox 123 418 912 460; baseline -0.011 -7"><span class='ocrx_word' id='word_1_55' title='bbox 123 425 232 452; x_wconf 65' lang='grc' dir='ltr'>ἔσεσθαι</span> <span class='ocrx_word' id='word_1_56' title='bbox 256 423 444 460; x_wconf 80' lang='grc' dir='ltr'><strong>προαγορεύει.</strong></span> <span class='ocrx_word' id='word_1_57' title='bbox 457 422 554 456; x_wconf 81' lang='grc' dir='ltr'><strong>Σαφῶς</strong></span> <span class='ocrx_word' id='word_1_58' title='bbox 577 418 622 448; x_wconf 77' lang='grc' dir='ltr'><strong>οῦν</strong></span> <span class='ocrx_word' id='word_1_59' title='bbox 642 420 690 447; x_wconf 80' lang='grc' dir='ltr'><strong>καὶ</strong></span> <span class='ocrx_word' id='word_1_60' title='bbox 711 419 804 446; x_wconf 73' lang='grc' dir='ltr'>ἐνθάδε</span> <span class='ocrx_word' id='word_1_61' title='bbox 818 420 850 454; x_wconf 86' lang='grc' dir='ltr'>τῇ</span> <span class='ocrx_word' id='word_1_62' title='bbox 866 418 912 444; x_wconf 86' lang='grc' dir='ltr'><strong>τοῦ</strong></span> 
     </span>
    </p>
   </div>
   <div class='ocr_carea' id='block_1_10' title="bbox 123 463 914 507">
    <p class='ocr_par' dir='ltr' id='par_1_10' title="bbox 123 463 914 507">
     <span class='ocr_line' id='line_1_10' title="bbox 123 463 914 507; baseline -0.01 -8"><span class='ocrx_word' id='word_1_63' title='bbox 123 472 193 500; x_wconf 83' lang='grc' dir='ltr'>Θεοῦ</span> <span class='ocrx_word' id='word_1_64' title='bbox 211 470 381 507; x_wconf 76' lang='grc' dir='ltr'>προσηγορίᾳ</span> <span class='ocrx_word' id='word_1_65' title='bbox 401 470 415 496; x_wconf 85' lang='grc' dir='ltr'>ὁ</span> <span class='ocrx_word' id='word_1_66' title='bbox 431 468 547 504; x_wconf 79' lang='grc' dir='ltr'>Χριστὸς</span> <span class='ocrx_word' id='word_1_67' title='bbox 565 466 612 494; x_wconf 91' lang='grc' dir='ltr'><strong>τοῦ</strong></span> <span class='ocrx_word' id='word_1_68' title='bbox 629 466 696 493; x_wconf 87' lang='grc' dir='ltr'>Θεοῦ</span> <span class='ocrx_word' id='word_1_69' title='bbox 710 466 867 502; x_wconf 81' lang='grc' dir='ltr'>τετίμηται·</span> <span class='ocrx_word' id='word_1_70' title='bbox 884 463 914 492; x_wconf 79' lang='grc' dir='ltr'>οὗ</span> 
     </span>
    </p>
   </div>
   <div class='ocr_carea' id='block_1_11' title="bbox 124 512 914 553">
    <p class='ocr_par' dir='ltr' id='par_1_11' title="bbox 124 512 914 553">
     <span class='ocr_line' id='line_1_11' title="bbox 124 512 914 553; baseline -0.011 -7"><span class='ocrx_word' id='word_1_71' title='bbox 124 519 172 546; x_wconf 76' lang='grc' dir='ltr'>ἐπὶ</span> <span class='ocrx_word' id='word_1_72' title='bbox 184 519 217 553; x_wconf 84' lang='grc' dir='ltr'>τῇ</span> <span class='ocrx_word' id='word_1_73' title='bbox 233 516 368 552; x_wconf 80' lang='grc' dir='ltr'>παρουσίᾳ</span> <span class='ocrx_word' id='word_1_74' title='bbox 381 515 428 542; x_wconf 73' lang='grc' dir='ltr'><strong>καὶ</strong></span> <span class='ocrx_word' id='word_1_75' title='bbox 441 513 604 550; x_wconf 79' lang='grc' dir='ltr'>σωματικῶς</span> <span class='ocrx_word' id='word_1_76' title='bbox 617 513 665 548; x_wconf 81' lang='grc' dir='ltr'><strong>μὲν</strong></span> <span class='ocrx_word' id='word_1_77' title='bbox 680 513 707 539; x_wconf 87' lang='grc' dir='ltr'><strong>αἱ</strong></span> <span class='ocrx_word' id='word_1_78' title='bbox 720 512 914 548; x_wconf 79' lang='grc' dir='ltr'>προειρημέναι</span> 
     </span>
    </p>
   </div>
   <div class='ocr_carea' id='block_1_12' title="bbox 125 557 915 601">
    <p class='ocr_par' dir='ltr' id='par_1_12' title="bbox 125 557 915 601">
     <span class='ocr_line' id='line_1_12' title="bbox 125 557 915 601; baseline -0.013 -9"><span class='ocrx_word' id='word_1_79' title='bbox 125 565 270 601; x_wconf 85' lang='grc' dir='ltr'>θεραπεῖαι</span> <span class='ocrx_word' id='word_1_80' title='bbox 284 561 396 589; x_wconf 79' lang='grc' dir='ltr'>ἐπὶτῶν</span> <span class='ocrx_word' id='word_1_81' title='bbox 412 560 570 596; x_wconf 81' lang='grc' dir='ltr'><strong>πασχόντων</strong></span> <span class='ocrx_word' id='word_1_82' title='bbox 583 557 815 592; x_wconf 76' lang='grc' dir='ltr'><strong>ἀπετελέσθησαν,</strong></span> <span class='ocrx_word' id='word_1_83' title='bbox 827 557 857 592; x_wconf 81' lang='grc' dir='ltr'><strong>(Γ.</strong></span> <span class='ocrx_word' id='word_1_84' title='bbox 869 557 915 592; x_wconf 78' lang='grc'><strong>51)</strong></span> 
     </span>
    </p>
   </div>
   <div class='ocr_carea' id='block_1_13' title="bbox 125 603 946 647">
    <p class='ocr_par' dir='ltr' id='par_1_13' title="bbox 125 603 946 647">
     <span class='ocr_line' id='line_1_13' title="bbox 125 603 946 647; baseline -0.012 -9"><span class='ocrx_word' id='word_1_85' title='bbox 125 609 348 647; x_wconf 80' lang='grc' dir='ltr'>θαυμασιώτερον</span> <span class='ocrx_word' id='word_1_86' title='bbox 363 609 384 636; x_wconf 75' lang='grc' dir='ltr'>δ’</span> <span class='ocrx_word' id='word_1_87' title='bbox 396 607 435 634; x_wconf 73' lang='grc' dir='ltr'>ἔτι</span> <span class='ocrx_word' id='word_1_88' title='bbox 451 607 498 633; x_wconf 71' lang='grc' dir='ltr'><strong>καὶ</strong></span> <span class='ocrx_word' id='word_1_89' title='bbox 515 605 562 633; x_wconf 81' lang='grc' dir='ltr'>νῦν</span> <span class='ocrx_word' id='word_1_90' title='bbox 578 603 751 640; x_wconf 81' lang='grc' dir='ltr'>ὲνεργοῦνται</span> <span class='ocrx_word' id='word_1_91' title='bbox 762 604 805 630; x_wconf 72' lang='grc' dir='ltr'><strong>διὰ</strong></span> <span class='ocrx_word' id='word_1_92' title='bbox 815 604 865 639; x_wconf 79' lang='grc' dir='ltr'>τῆς</span> <span class='ocrx_word' id='word_1_93' title='bbox 876 604 917 636; x_wconf 82' lang='grc' dir='ltr'><strong>είς</strong></span> <span class='ocrx_word' id='word_1_94' title='bbox 939 605 946 614; x_wconf 78' lang='grc'><strong><em>⁵</em></strong></span> 
     </span>
    </p>
   </div>
   <div class='ocr_carea' id='block_1_14' title="bbox 125 648 917 686">
    <p class='ocr_par' dir='ltr' id='par_1_14' title="bbox 125 648 917 686">
     <span class='ocr_line' id='line_1_14' title="bbox 125 648 917 686; baseline -0.013 -2"><span class='ocrx_word' id='word_1_95' title='bbox 125 656 208 684; x_wconf 80' lang='grc' dir='ltr'>αὑτὸν</span> <span class='ocrx_word' id='word_1_96' title='bbox 233 655 360 686; x_wconf 77' lang='grc' dir='ltr'>πίστεως,</span> <span class='ocrx_word' id='word_1_97' title='bbox 376 653 476 684; x_wconf 87' lang='grc' dir='ltr'>παντὸς</span> <span class='ocrx_word' id='word_1_98' title='bbox 503 650 669 683; x_wconf 76' lang='grc' dir='ltr'>ἁπαξαπλῶς</span> <span class='ocrx_word' id='word_1_99' title='bbox 682 649 729 676; x_wconf 89' lang='grc' dir='ltr'><strong>τοῦ</strong></span> <span class='ocrx_word' id='word_1_100' title='bbox 744 649 797 676; x_wconf 80' lang='grc' dir='ltr'>τῶν</span> <span class='ocrx_word' id='word_1_101' title='bbox 813 648 917 685; x_wconf 81' lang='grc' dir='ltr'>ἀνθρώ-</span> 
     </span>
    </p>
   </div>
   <div class='ocr_carea' id='block_1_15' title="bbox 127 695 915 736">
    <p class='ocr_par' dir='ltr' id='par_1_15' title="bbox 127 695 915 736">
     <span class='ocr_line' id='line_1_15' title="bbox 127 695 915 736; baseline -0.011 -6"><span class='ocrx_word' id='word_1_102' title='bbox 127 711 186 730; x_wconf 79' lang='grc' dir='ltr'><strong>¹ιτων</strong></span> <span class='ocrx_word' id='word_1_103' title='bbox 196 701 290 736; x_wconf 85' lang='grc' dir='ltr'><strong>γένους</strong></span> <span class='ocrx_word' id='word_1_104' title='bbox 304 700 356 727; x_wconf 86' lang='grc' dir='ltr'><strong>τῶν</strong></span> <span class='ocrx_word' id='word_1_105' title='bbox 371 699 441 727; x_wconf 76' lang='grc' dir='ltr'>κατὰ</span> <span class='ocrx_word' id='word_1_106' title='bbox 454 697 542 734; x_wconf 73' lang='grc' dir='ltr'>ψυχὴν</span> <span class='ocrx_word' id='word_1_107' title='bbox 557 697 653 724; x_wconf 85' lang='grc' dir='ltr'>παθῶν</span> <span class='ocrx_word' id='word_1_108' title='bbox 670 695 915 731; x_wconf 79' lang='grc' dir='ltr'>ἀπαλλαττομένου.</span> 
     </span>
    </p>
   </div>
   <div class='ocr_carea' id='block_1_16' title="bbox 133 741 918 785">
    <p class='ocr_par' dir='ltr' id='par_1_16' title="bbox 133 741 918 785">
     <span class='ocr_line' id='line_1_16' title="bbox 133 741 918 785; baseline -0.013 -9"><span class='ocrx_word' id='word_1_109' title='bbox 133 749 253 785; x_wconf 76' lang='grc' dir='ltr'>Ἐρῤάγη</span> <span class='ocrx_word' id='word_1_110' title='bbox 266 747 294 774; x_wconf 80' lang='grc' dir='ltr'>δὲ</span> <span class='ocrx_word' id='word_1_111' title='bbox 308 747 337 773; x_wconf 78' lang='grc' dir='ltr'><strong>ὲν</strong></span> <span class='ocrx_word' id='word_1_112' title='bbox 344 747 377 782; x_wconf 83' lang='grc' dir='ltr'>τῇ</span> <span class='ocrx_word' id='word_1_113' title='bbox 394 744 570 781; x_wconf 72' lang='grc' dir='ltr'>ὲρήμῳῦδωρ</span> <span class='ocrx_word' id='word_1_114' title='bbox 587 743 671 778; x_wconf 61' lang='grc' dir='ltr'>ἐπητῇ</span> <span class='ocrx_word' id='word_1_115' title='bbox 686 741 803 778; x_wconf 78' lang='grc' dir='ltr'><strong>Χριστοῦ</strong></span> <span class='ocrx_word' id='word_1_116' title='bbox 816 749 918 776; x_wconf 84' lang='grc' dir='ltr'>παρου-</span> 
     </span>
    </p>
   </div>
   <div class='ocr_carea' id='block_1_17' title="bbox 129 787 918 830">
    <p class='ocr_par' dir='ltr' id='par_1_17' title="bbox 129 787 918 830">
     <span class='ocr_line' id='line_1_17' title="bbox 129 787 918 830; baseline -0.01 -9"><span class='ocrx_word' id='word_1_117' title='bbox 129 794 175 830; x_wconf 76' lang='grc' dir='ltr'>σίᾳ</span> <span class='ocrx_word' id='word_1_118' title='bbox 187 794 236 820; x_wconf 78' lang='grc' dir='ltr'><strong>καὶ</strong></span> <span class='ocrx_word' id='word_1_119' title='bbox 256 792 364 828; x_wconf 79' lang='grc' dir='ltr'>φάραγξ</span> <span class='ocrx_word' id='word_1_120' title='bbox 379 793 408 818; x_wconf 82' lang='grc' dir='ltr'><strong>ὲν</strong></span> <span class='ocrx_word' id='word_1_121' title='bbox 432 791 466 826; x_wconf 84' lang='grc' dir='ltr'>γῇ</span> <span class='ocrx_word' id='word_1_122' title='bbox 487 789 603 825; x_wconf 77' lang='grc' dir='ltr'><strong>διψώσῃ,</strong></span> <span class='ocrx_word' id='word_1_123' title='bbox 618 788 664 815; x_wconf 83' lang='grc' dir='ltr'><strong>τοῦ</strong></span> <span class='ocrx_word' id='word_1_124' title='bbox 679 788 793 823; x_wconf 70' lang='grc' dir='ltr'>ποτίμου</span> <span class='ocrx_word' id='word_1_125' title='bbox 806 787 853 814; x_wconf 72' lang='grc' dir='ltr'><strong>καὶ</strong></span> <span class='ocrx_word' id='word_1_126' title='bbox 865 787 918 820; x_wconf 83' lang='grc' dir='ltr'>ζω-</span> 
     </span>
    </p>
   </div>
   <div class='ocr_carea' id='block_1_18' title="bbox 127 833 917 872">
    <p class='ocr_par' dir='ltr' id='par_1_18' title="bbox 127 833 917 872">
     <span class='ocr_line' id='line_1_18' title="bbox 127 833 917 872; baseline -0.009 -5"><span class='ocrx_word' id='word_1_127' title='bbox 127 839 204 867; x_wconf 84' lang='grc' dir='ltr'>τικοῦ</span> <span class='ocrx_word' id='word_1_128' title='bbox 228 839 308 872; x_wconf 80' lang='grc' dir='ltr'>λόγου</span> <span class='ocrx_word' id='word_1_129' title='bbox 331 836 531 871; x_wconf 76' lang='grc' dir='ltr'>ἀναϐλύσαντος</span> <span class='ocrx_word' id='word_1_130' title='bbox 557 836 586 862; x_wconf 81' lang='grc' dir='ltr'>ὲν</span> <span class='ocrx_word' id='word_1_131' title='bbox 609 836 641 870; x_wconf 85' lang='grc' dir='ltr'>τῇ</span> <span class='ocrx_word' id='word_1_132' title='bbox 657 834 741 861; x_wconf 73' lang='grc' dir='ltr'>πάλαι</span> <span class='ocrx_word' id='word_1_133' title='bbox 758 833 853 870; x_wconf 75' lang='grc' dir='ltr'>ἐρήμῳ</span> <span class='ocrx_word' id='word_1_134' title='bbox 870 833 917 860; x_wconf 79' lang='grc' dir='ltr'>καὶ</span> 
     </span>
    </p>
   </div>
   <div class='ocr_carea' id='block_1_19' title="bbox 128 876 919 921">
    <p class='ocr_par' dir='ltr' id='par_1_19' title="bbox 128 876 919 921">
     <span class='ocr_line' id='line_1_19' title="bbox 128 876 919 921; baseline -0.009 -9"><span class='ocrx_word' id='word_1_135' title='bbox 128 885 232 921; x_wconf 79' lang='grc' dir='ltr'><strong>διψώσῃ</strong></span> <span class='ocrx_word' id='word_1_136' title='bbox 256 885 303 920; x_wconf 82' lang='grc' dir='ltr'>γῇ,</span> <span class='ocrx_word' id='word_1_137' title='bbox 320 884 353 918; x_wconf 80' lang='grc' dir='ltr'>τῇ</span> <span class='ocrx_word' id='word_1_138' title='bbox 369 882 398 916; x_wconf 75' lang='grc' dir='ltr'>ἐξ</span> <span class='ocrx_word' id='word_1_139' title='bbox 411 881 495 908; x_wconf 79' lang='grc' dir='ltr'>ἐθνῶν</span> <span class='ocrx_word' id='word_1_140' title='bbox 518 880 674 916; x_wconf 68' lang='grc' dir='ltr'>Ἐκκλησία,</span> <span class='ocrx_word' id='word_1_141' title='bbox 694 880 722 906; x_wconf 82' lang='grc' dir='ltr'><strong>ὲν</strong></span> <span class='ocrx_word' id='word_1_142' title='bbox 787 879 919 914; x_wconf 86' lang='grc' dir='ltr'>πρότερον</span> 
     </span>
    </p>
   </div>
   <div class='ocr_carea' id='block_1_20' title="bbox 128 925 920 967">
    <p class='ocr_par' dir='ltr' id='par_1_20' title="bbox 128 925 920 967">
     <span class='ocr_line' id='line_1_20' title="bbox 128 925 920 967; baseline -0.009 -9"><span class='ocrx_word' id='word_1_143' title='bbox 128 931 197 967; x_wconf 67' lang='grc' dir='ltr'>οὔσῃ</span> <span class='ocrx_word' id='word_1_144' title='bbox 213 931 318 966; x_wconf 81' lang='grc' dir='ltr'><strong>ἀνύδρῳ</strong></span> <span class='ocrx_word' id='word_1_145' title='bbox 335 929 382 956; x_wconf 71' lang='grc' dir='ltr'><strong>καὶ</strong></span> <span class='ocrx_word' id='word_1_146' title='bbox 395 928 510 963; x_wconf 69' lang='grc' dir='ltr'>διψαλέα</span> <span class='ocrx_word' id='word_1_147' title='bbox 525 926 630 962; x_wconf 77' lang='grc' dir='ltr'>ἁθρόως</span> <span class='ocrx_word' id='word_1_148' title='bbox 646 926 720 962; x_wconf 81' lang='grc' dir='ltr'>πηγὴ</span> <span class='ocrx_word' id='word_1_149' title='bbox 733 925 781 952; x_wconf 81' lang='grc' dir='ltr'><strong>τοῦ</strong></span> <span class='ocrx_word' id='word_1_150' title='bbox 795 925 850 952; x_wconf 82' lang='grc' dir='ltr'>τῶν</span> <span class='ocrx_word' id='word_1_151' title='bbox 867 925 920 960; x_wconf 78' lang='grc' dir='ltr'><strong>Ἰη-</strong></span> 
     </span>
    </p>
   </div>
   <div class='ocr_carea' id='block_1_21' title="bbox 130 971 919 1010">
    <p class='ocr_par' dir='ltr' id='par_1_21' title="bbox 130 971 919 1010">
     <span class='ocr_line' id='line_1_21' title="bbox 130 971 919 1010; baseline -0.01 -6"><span class='ocrx_word' id='word_1_152' title='bbox 130 977 177 1004; x_wconf 82' lang='grc' dir='ltr'><strong>σοῦ</strong></span> <span class='ocrx_word' id='word_1_153' title='bbox 191 977 277 1010; x_wconf 87' lang='grc' dir='ltr'>λόγων</span> <span class='ocrx_word' id='word_1_154' title='bbox 293 985 300 999; x_wconf 74' lang='grc' dir='ltr'><strong>ι</strong></span> <span class='ocrx_word' id='word_1_155' title='bbox 316 975 411 1006; x_wconf 70' lang='grc' dir='ltr'>ὕδατος</span> <span class='ocrx_word' id='word_1_156' title='bbox 428 973 528 1006; x_wconf 79' lang='grc' dir='ltr'>ζῶντος</span> <span class='ocrx_word' id='word_1_157' title='bbox 548 972 694 1008; x_wconf 79' lang='grc' dir='ltr'>ἁλλομένου</span> <span class='ocrx_word' id='word_1_158' title='bbox 715 972 754 1003; x_wconf 85' lang='grc' dir='ltr'>εἰς</span> <span class='ocrx_word' id='word_1_159' title='bbox 770 971 840 1008; x_wconf 77' lang='grc' dir='ltr'><strong>ζωὴν</strong></span> <span class='ocrx_word' id='word_1_160' title='bbox 855 971 919 998; x_wconf 77' lang='grc' dir='ltr'><strong>αἰώ-</strong></span> 
     </span>
    </p>
   </div>
   <div class='ocr_carea' id='block_1_22' title="bbox 130 1017 920 1057">
    <p class='ocr_par' dir='ltr' id='par_1_22' title="bbox 130 1017 920 1057">
     <span class='ocr_line' id='line_1_22' title="bbox 130 1017 920 1057; baseline -0.009 -6"><span class='ocrx_word' id='word_1_161' title='bbox 130 1031 187 1051; x_wconf 89' lang='grc' dir='ltr'>νιον</span> <span class='ocrx_word' id='word_1_162' title='bbox 202 1033 211 1049; x_wconf 70' lang='grc' dir='ltr'><strong>ι</strong></span> <span class='ocrx_word' id='word_1_163' title='bbox 227 1021 407 1057; x_wconf 77' lang='grc' dir='ltr'>ἀνώμϐρησεν</span> <span class='ocrx_word' id='word_1_164' title='bbox 418 1029 425 1035; x_wconf 88' lang='grc'><strong>·</strong></span> <span class='ocrx_word' id='word_1_165' title='bbox 440 1021 484 1055; x_wconf 83' lang='grc' dir='ltr'><strong>ὑφ’</strong></span> <span class='ocrx_word' id='word_1_166' title='bbox 499 1018 533 1056; x_wconf 78' lang='grc' dir='ltr'>ἧς</span> <span class='ocrx_word' id='word_1_167' title='bbox 549 1019 639 1054; x_wconf 82' lang='grc' dir='ltr'>πηγῆς</span> <span class='ocrx_word' id='word_1_168' title='bbox 654 1017 818 1053; x_wconf 80' lang='grc' dir='ltr'>ποτιζομένη</span> <span class='ocrx_word' id='word_1_169' title='bbox 838 1017 920 1053; x_wconf 85' lang='grc' dir='ltr'>ἀνθή-</span> 
     </span>
    </p>
   </div>
   <div class='ocr_carea' id='block_1_23' title="bbox 130 1062 920 1102">
    <p class='ocr_par' dir='ltr' id='par_1_23' title="bbox 130 1062 920 1102">
     <span class='ocr_line' id='line_1_23' title="bbox 130 1062 920 1102; baseline -0.008 -8"><span class='ocrx_word' id='word_1_170' title='bbox 130 1076 188 1095; x_wconf 88' lang='grc' dir='ltr'>σειν</span> <span class='ocrx_word' id='word_1_171' title='bbox 200 1067 238 1098; x_wconf 83' lang='grc' dir='ltr'>ὡς</span> <span class='ocrx_word' id='word_1_172' title='bbox 255 1066 346 1102; x_wconf 81' lang='grc' dir='ltr'>κρίνον</span> <span class='ocrx_word' id='word_1_173' title='bbox 364 1065 472 1099; x_wconf 83' lang='grc' dir='ltr'>λέγεται</span> <span class='ocrx_word' id='word_1_174' title='bbox 486 1065 503 1099; x_wconf 88' lang='grc' dir='ltr'>ἡ</span> <span class='ocrx_word' id='word_1_175' title='bbox 517 1064 582 1090; x_wconf 81' lang='grc' dir='ltr'>ποτὲ</span> <span class='ocrx_word' id='word_1_176' title='bbox 604 1063 716 1099; x_wconf 79' lang='grc' dir='ltr'>ἔρημος,</span> <span class='ocrx_word' id='word_1_177' title='bbox 729 1062 920 1098; x_wconf 80' lang='grc' dir='ltr'>εὐφραίνεσθαι</span> 
     </span>
    </p>
   </div>
   <div class='ocr_carea' id='block_1_24' title="bbox 129 1108 921 1147">
    <p class='ocr_par' dir='ltr' id='par_1_24' title="bbox 129 1108 921 1147">
     <span class='ocr_line' id='line_1_24' title="bbox 129 1108 921 1147; baseline -0.006 -8"><span class='ocrx_word' id='word_1_178' title='bbox 129 1121 160 1140; x_wconf 89' lang='grc' dir='ltr'><strong>τε</strong></span> <span class='ocrx_word' id='word_1_179' title='bbox 176 1112 224 1139; x_wconf 69' lang='grc' dir='ltr'><strong>καὶ</strong></span> <span class='ocrx_word' id='word_1_180' title='bbox 238 1111 368 1147; x_wconf 80' lang='grc' dir='ltr'>άγαλλιᾷν</span> <span class='ocrx_word' id='word_1_181' title='bbox 394 1110 606 1146; x_wconf 77' lang='grc' dir='ltr'>προστάττεται·</span> <span class='ocrx_word' id='word_1_182' title='bbox 624 1109 671 1135; x_wconf 74' lang='grc' dir='ltr'><strong>καὶ</strong></span> <span class='ocrx_word' id='word_1_183' title='bbox 697 1109 714 1144; x_wconf 90' lang='grc' dir='ltr'><strong>ή</strong></span> <span class='ocrx_word' id='word_1_184' title='bbox 735 1108 810 1136; x_wconf 76' lang='grc' dir='ltr'>αἰτία</span> <span class='ocrx_word' id='word_1_185' title='bbox 826 1108 855 1135; x_wconf 82' lang='grc' dir='ltr'>δὲ</span> <span class='ocrx_word' id='word_1_186' title='bbox 871 1108 921 1144; x_wconf 82' lang='grc' dir='ltr'>τῆς</span> 
     </span>
    </p>
   </div>
   <div class='ocr_carea' id='block_1_25' title="bbox 129 1154 919 1194">
    <p class='ocr_par' dir='ltr' id='par_1_25' title="bbox 129 1154 919 1194">
     <span class='ocr_line' id='line_1_25' title="bbox 129 1154 919 1194; baseline -0.009 -8"><span class='ocrx_word' id='word_1_187' title='bbox 129 1157 299 1194; x_wconf 81' lang='grc' dir='ltr'>εὐφροσύνης</span> <span class='ocrx_word' id='word_1_188' title='bbox 310 1157 357 1184; x_wconf 72' lang='grc' dir='ltr'><strong>καὶ</strong></span> <span class='ocrx_word' id='word_1_189' title='bbox 371 1156 420 1191; x_wconf 80' lang='grc' dir='ltr'>τῆς</span> <span class='ocrx_word' id='word_1_190' title='bbox 432 1156 615 1190; x_wconf 72' lang='grc' dir='ltr'><strong>ἀγαλλιάσεως</strong></span> <span class='ocrx_word' id='word_1_191' title='bbox 627 1154 919 1190; x_wconf 83' lang='grc' dir='ltr'>ὲπιλέγεται.ὲπείπερ,</span> 
     </span>
    </p>
   </div>
   <div class='ocr_carea' id='block_1_26' title="bbox 130 1200 920 1241">
    <p class='ocr_par' dir='ltr' id='par_1_26' title="bbox 130 1200 920 1241">
     <span class='ocr_line' id='line_1_26' title="bbox 130 1200 920 1241; baseline -0.006 -10"><span class='ocrx_word' id='word_1_192' title='bbox 130 1206 213 1241; x_wconf 78' lang='grc' dir='ltr'>φησὶν</span> <span class='ocrx_word' id='word_1_193' title='bbox 233 1214 241 1230; x_wconf 77' lang='grc' dir='ltr'><strong>ι</strong></span> <span class='ocrx_word' id='word_1_194' title='bbox 256 1203 333 1239; x_wconf 82' lang='grc' dir='ltr'>ἐδόθη</span> <span class='ocrx_word' id='word_1_195' title='bbox 355 1204 422 1238; x_wconf 85' lang='grc' dir='ltr'>αὐτῇ</span> <span class='ocrx_word' id='word_1_196' title='bbox 438 1204 454 1238; x_wconf 89' lang='grc' dir='ltr'>ὴ</span> <span class='ocrx_word' id='word_1_197' title='bbox 472 1202 535 1235; x_wconf 82' lang='grc' dir='ltr'>δόξα</span> <span class='ocrx_word' id='word_1_198' title='bbox 556 1201 603 1228; x_wconf 86' lang='grc' dir='ltr'><strong>τοῦ</strong></span> <span class='ocrx_word' id='word_1_199' title='bbox 633 1200 761 1232; x_wconf 76' lang='grc' dir='ltr'>Λιϐάνου,</span> <span class='ocrx_word' id='word_1_200' title='bbox 773 1210 782 1226; x_wconf 81' lang='grc'><strong>›</strong></span> <span class='ocrx_word' id='word_1_201' title='bbox 798 1200 920 1227; x_wconf 78' lang='grc' dir='ltr'><strong>τουτέστι</strong></span> 
     </span>
    </p>
   </div>
   <div class='ocr_carea' id='block_1_27' title="bbox 130 1245 920 1287">
    <p class='ocr_par' dir='ltr' id='par_1_27' title="bbox 130 1245 920 1287">
     <span class='ocr_line' id='line_1_27' title="bbox 130 1245 920 1287; baseline -0.008 -10"><span class='ocrx_word' id='word_1_202' title='bbox 130 1251 181 1287; x_wconf 82' lang='grc' dir='ltr'>τῆς</span> <span class='ocrx_word' id='word_1_203' title='bbox 199 1249 387 1285; x_wconf 88' lang='grc' dir='ltr'>Ἰερουσαλήμ·</span> <span class='ocrx_word' id='word_1_204' title='bbox 402 1248 467 1283; x_wconf 84' lang='grc' dir='ltr'>περὶ</span> <span class='ocrx_word' id='word_1_205' title='bbox 481 1245 514 1283; x_wconf 79' lang='grc' dir='ltr'>ἧς</span> <span class='ocrx_word' id='word_1_206' title='bbox 532 1248 561 1273; x_wconf 88' lang='grc' dir='ltr'>ὲν</span> <span class='ocrx_word' id='word_1_207' title='bbox 575 1248 635 1278; x_wconf 89' lang='grc' dir='ltr'>ταῖς</span> <span class='ocrx_word' id='word_1_208' title='bbox 649 1246 800 1282; x_wconf 79' lang='grc' dir='ltr'>ἀνωτέραις</span> <span class='ocrx_word' id='word_1_209' title='bbox 813 1255 920 1282; x_wconf 79' lang='grc' dir='ltr'>προφη-</span> 
     </span>
    </p>
   </div>
   <div class='ocr_carea' id='block_1_28' title="bbox 130 1291 920 1330">
    <p class='ocr_par' dir='ltr' id='par_1_28' title="bbox 130 1291 920 1330">
     <span class='ocr_line' id='line_1_28' title="bbox 130 1291 920 1330; baseline -0.009 -6"><span class='ocrx_word' id='word_1_210' title='bbox 130 1298 218 1328; x_wconf 81' lang='grc' dir='ltr'>τείαις</span> <span class='ocrx_word' id='word_1_211' title='bbox 234 1296 350 1330; x_wconf 80' lang='grc' dir='ltr'>ἐλέγετο.</span> <span class='ocrx_word' id='word_1_212' title='bbox 362 1295 399 1326; x_wconf 84' lang='grc' dir='ltr'>ὡς</span> <span class='ocrx_word' id='word_1_213' title='bbox 412 1295 477 1326; x_wconf 82' lang='grc' dir='ltr'>δτι,ι</span> <span class='ocrx_word' id='word_1_214' title='bbox 490 1294 544 1320; x_wconf 80' lang='grc' dir='ltr'><strong>Καὶ</strong></span> <span class='ocrx_word' id='word_1_215' title='bbox 559 1294 573 1319; x_wconf 87' lang='grc' dir='ltr'><strong>ό</strong></span> <span class='ocrx_word' id='word_1_216' title='bbox 589 1293 704 1324; x_wconf 74' lang='grc' dir='ltr'>Λίϐανος</span> <span class='ocrx_word' id='word_1_217' title='bbox 719 1293 766 1319; x_wconf 80' lang='grc' dir='ltr'>σὺν</span> <span class='ocrx_word' id='word_1_218' title='bbox 778 1293 834 1323; x_wconf 89' lang='grc' dir='ltr'>τοῖς</span> <span class='ocrx_word' id='word_1_219' title='bbox 851 1291 920 1327; x_wconf 61' lang='grc' dir='ltr'>ὑψη-</span> 
     </span>
    </p>
   </div>
   <div class='ocr_carea' id='block_1_29' title="bbox 131 1336 921 1374">
    <p class='ocr_par' dir='ltr' id='par_1_29' title="bbox 131 1336 921 1374">
     <span class='ocr_line' id='line_1_29' title="bbox 131 1336 921 1374; baseline -0.009 -4"><span class='ocrx_word' id='word_1_220' title='bbox 131 1344 188 1374; x_wconf 88' lang='grc' dir='ltr'>λοῖς</span> <span class='ocrx_word' id='word_1_221' title='bbox 205 1344 336 1370; x_wconf 84' lang='grc' dir='ltr'>πεσεῖται.</span> <span class='ocrx_word' id='word_1_222' title='bbox 350 1350 360 1367; x_wconf 81' lang='grc'><strong>›</strong></span> <span class='ocrx_word' id='word_1_223' title='bbox 386 1336 423 1367; x_wconf 75' lang='grc' dir='ltr'>Οὗ</span> <span class='ocrx_word' id='word_1_224' title='bbox 440 1339 596 1374; x_wconf 87' lang='grc' dir='ltr'>πεσόντοςὴ</span> <span class='ocrx_word' id='word_1_225' title='bbox 613 1338 744 1374; x_wconf 83' lang='grc' dir='ltr'>πρότερον</span> <span class='ocrx_word' id='word_1_226' title='bbox 761 1338 921 1373; x_wconf 79' lang='grc' dir='ltr'>ὑπάρχουσα</span> 
     </span>
    </p>
   </div>
   <div class='ocr_carea' id='block_1_30' title="bbox 132 1384 920 1424">
    <p class='ocr_par' dir='ltr' id='par_1_30' title="bbox 132 1384 920 1424">
     <span class='ocr_line' id='line_1_30' title="bbox 132 1384 920 1424; baseline -0.009 -8"><span class='ocrx_word' id='word_1_227' title='bbox 132 1391 161 1416; x_wconf 78' lang='grc' dir='ltr'><strong>ὲν</strong></span> <span class='ocrx_word' id='word_1_228' title='bbox 178 1388 252 1424; x_wconf 79' lang='grc' dir='ltr'>αὐτῷ</span> <span class='ocrx_word' id='word_1_229' title='bbox 267 1387 330 1420; x_wconf 77' lang='grc' dir='ltr'>δόξα</span> <span class='ocrx_word' id='word_1_230' title='bbox 351 1388 385 1423; x_wconf 83' lang='grc' dir='ltr'>τῇ</span> <span class='ocrx_word' id='word_1_231' title='bbox 410 1385 457 1412; x_wconf 85' lang='grc' dir='ltr'>νῦν</span> <span class='ocrx_word' id='word_1_232' title='bbox 481 1384 710 1420; x_wconf 70' lang='grc' dir='ltr'>εὑειγγελιζομένῃ</span> <span class='ocrx_word' id='word_1_233' title='bbox 725 1384 831 1419; x_wconf 81' lang='grc' dir='ltr'>ἐρήμῳ,</span> <span class='ocrx_word' id='word_1_234' title='bbox 845 1392 920 1410; x_wconf 89' lang='grc' dir='ltr'>τουτ-</span> 
     </span>
    </p>
   </div>
   <div class='ocr_carea' id='block_1_31' title="bbox 133 1430 921 1470">
    <p class='ocr_par' dir='ltr' id='par_1_31' title="bbox 133 1430 921 1470">
     <span class='ocr_line' id='line_1_31' title="bbox 133 1430 921 1470; baseline -0.009 -8"><span class='ocrx_word' id='word_1_235' title='bbox 133 1435 192 1462; x_wconf 83' lang='grc' dir='ltr'>έστι</span> <span class='ocrx_word' id='word_1_236' title='bbox 214 1436 247 1470; x_wconf 82' lang='grc' dir='ltr'>τῇ</span> <span class='ocrx_word' id='word_1_237' title='bbox 273 1433 302 1465; x_wconf 75' lang='grc' dir='ltr'><strong>ἐξ</strong></span> <span class='ocrx_word' id='word_1_238' title='bbox 321 1433 405 1459; x_wconf 76' lang='grc' dir='ltr'>ἐθνῶν</span> <span class='ocrx_word' id='word_1_239' title='bbox 423 1431 579 1466; x_wconf 83' lang='grc' dir='ltr'>Ἐκκλησίᾳ,</span> <span class='ocrx_word' id='word_1_240' title='bbox 599 1430 676 1465; x_wconf 75' lang='grc' dir='ltr'>ἐδύοη</span> <span class='ocrx_word' id='word_1_241' title='bbox 695 1430 742 1456; x_wconf 86' lang='grc' dir='ltr'>σὺν</span> <span class='ocrx_word' id='word_1_242' title='bbox 757 1431 791 1464; x_wconf 89' lang='grc' dir='ltr'>τῇ</span> <span class='ocrx_word' id='word_1_243' title='bbox 805 1431 871 1466; x_wconf 87' lang='grc' dir='ltr'><strong>τιμῇ</strong></span> <span class='ocrx_word' id='word_1_244' title='bbox 888 1431 921 1466; x_wconf 82' lang='grc' dir='ltr'>τῇ</span> 
     </span>
    </p>
   </div>
   <div class='ocr_carea' id='block_1_32' title="bbox 134 1475 922 1516">
    <p class='ocr_par' dir='ltr' id='par_1_32' title="bbox 134 1475 922 1516">
     <span class='ocr_line' id='line_1_32' title="bbox 134 1475 922 1516; baseline -0.006 -9"><span class='ocrx_word' id='word_1_245' title='bbox 134 1480 255 1516; x_wconf 67' lang='grc' dir='ltr'>προτέρᾳ.</span> <span class='ocrx_word' id='word_1_246' title='bbox 271 1478 318 1506; x_wconf 86' lang='grc' dir='ltr'><strong>τοῦ</strong></span> <span class='ocrx_word' id='word_1_247' title='bbox 338 1477 483 1514; x_wconf 83' lang='grc' dir='ltr'>λεγομένου</span> <span class='ocrx_word' id='word_1_248' title='bbox 499 1477 660 1512; x_wconf 84' lang='grc' dir='ltr'>Καρμήλου,</span> <span class='ocrx_word' id='word_1_249' title='bbox 675 1476 753 1510; x_wconf 74' lang='grc' dir='ltr'>δῆλον</span> <span class='ocrx_word' id='word_1_250' title='bbox 774 1476 796 1502; x_wconf 77' lang='grc' dir='ltr'>δ’</span> <span class='ocrx_word' id='word_1_251' title='bbox 813 1477 854 1503; x_wconf 86' lang='grc' dir='ltr'>ὃτι</span> <span class='ocrx_word' id='word_1_252' title='bbox 874 1475 922 1502; x_wconf 89' lang='grc' dir='ltr'><strong>τοῦ</strong></span> 
     </span>
    </p>
   </div>
   <div class='ocr_carea' id='block_1_33' title="bbox 134 1521 921 1561">
    <p class='ocr_par' dir='ltr' id='par_1_33' title="bbox 134 1521 921 1561">
     <span class='ocr_line' id='line_1_33' title="bbox 134 1521 921 1561; baseline -0.005 -10"><span class='ocrx_word' id='word_1_253' title='bbox 134 1524 267 1561; x_wconf 74' lang='grc' dir='ltr'>προτέρου</span> <span class='ocrx_word' id='word_1_254' title='bbox 282 1523 357 1550; x_wconf 78' lang='grc' dir='ltr'>λαοῦ.</span> <span class='ocrx_word' id='word_1_255' title='bbox 373 1523 466 1550; x_wconf 83' lang='grc' dir='ltr'>Ταῦτα</span> <span class='ocrx_word' id='word_1_256' title='bbox 486 1522 514 1549; x_wconf 74' lang='grc' dir='ltr'>δὲ</span> <span class='ocrx_word' id='word_1_257' title='bbox 533 1522 626 1556; x_wconf 81' lang='grc' dir='ltr'>σαφῶς</span> <span class='ocrx_word' id='word_1_258' title='bbox 645 1521 714 1556; x_wconf 82' lang='grc' dir='ltr'>μετὰ</span> <span class='ocrx_word' id='word_1_259' title='bbox 729 1521 777 1556; x_wconf 85' lang='grc' dir='ltr'>τὴν</span> <span class='ocrx_word' id='word_1_260' title='bbox 791 1521 839 1547; x_wconf 87' lang='grc' dir='ltr'><strong>τοῦ</strong></span> <span class='ocrx_word' id='word_1_261' title='bbox 853 1522 921 1558; x_wconf 83' lang='grc' dir='ltr'>Χρι-</span> 
     </span>
    </p>
   </div>
   <div class='ocr_carea' id='block_1_34' title="bbox 963 279 1752 315">
    <p class='ocr_par' dir='ltr' id='par_1_34' title="bbox 963 279 1752 315">
     <span class='ocr_line' id='line_1_34' title="bbox 963 279 1752 315; baseline 0 -8"><span class='ocrx_word' id='word_1_262' title='bbox 963 285 1004 307; x_wconf 85' lang='lat' dir='ltr'><strong>les</strong></span> <span class='ocrx_word' id='word_1_263' title='bbox 1019 280 1047 307; x_wconf 92' lang='lat' dir='ltr'><strong>in</strong></span> <span class='ocrx_word' id='word_1_264' title='bbox 1063 280 1219 308; x_wconf 95' lang='lat' dir='ltr'><strong>solitudine.</strong></span> <span class='ocrx_word' id='word_1_265' title='bbox 1241 279 1275 306; x_wconf 89' lang='lat' dir='ltr'><strong>Et</strong></span> <span class='ocrx_word' id='word_1_266' title='bbox 1298 288 1359 315; x_wconf 75' lang='lat' dir='ltr'><strong>qua:</strong></span> <span class='ocrx_word' id='word_1_267' title='bbox 1383 283 1441 307; x_wconf 90' lang='lat' dir='ltr'><strong>erat</strong></span> <span class='ocrx_word' id='word_1_268' title='bbox 1463 279 1540 306; x_wconf 88' lang='lat' dir='ltr'><strong>arida</strong></span> <span class='ocrx_word' id='word_1_269' title='bbox 1565 280 1618 307; x_wconf 87' lang='lat' dir='ltr'><strong>erit</strong></span> <span class='ocrx_word' id='word_1_270' title='bbox 1639 280 1666 307; x_wconf 94' lang='lat' dir='ltr'><strong>in</strong></span> <span class='ocrx_word' id='word_1_271' title='bbox 1695 284 1752 308; x_wconf 86' lang='lat' dir='ltr'><strong>sta-</strong></span> 
     </span>
    </p>
   </div>
   <div class='ocr_carea' id='block_1_35' title="bbox 963 324 1753 361">
    <p class='ocr_par' dir='ltr' id='par_1_35' title="bbox 963 324 1753 361">
     <span class='ocr_line' id='line_1_35' title="bbox 963 324 1753 361; baseline 0.001 -9"><span class='ocrx_word' id='word_1_272' title='bbox 963 333 1057 361; x_wconf 79' lang='lat' dir='ltr'><strong>gnum.</strong></span> <span class='ocrx_word' id='word_1_273' title='bbox 1075 329 1102 352; x_wconf 88' lang='lat' dir='ltr'><strong>et</strong></span> <span class='ocrx_word' id='word_1_274' title='bbox 1118 325 1214 353; x_wconf 87' lang='lat' dir='ltr'><strong>sitiens</strong></span> <span class='ocrx_word' id='word_1_275' title='bbox 1238 325 1266 352; x_wconf 93' lang='lat' dir='ltr'><strong>in</strong></span> <span class='ocrx_word' id='word_1_276' title='bbox 1291 325 1382 353; x_wconf 82' lang='lat' dir='ltr'><strong>fontes</strong></span> <span class='ocrx_word' id='word_1_277' title='bbox 1396 333 1528 359; x_wconf 88' lang='lat' dir='ltr'><strong>aquarum</strong></span> <span class='ocrx_word' id='word_1_278' title='bbox 1542 326 1561 352; x_wconf 76' lang='grc' dir='ltr'><strong>ι.</strong></span> <span class='ocrx_word' id='word_1_279' title='bbox 1583 335 1592 351; x_wconf 85' lang='grc'><strong>›</strong></span> <span class='ocrx_word' id='word_1_280' title='bbox 1611 324 1659 353; x_wconf 85' lang='lat' dir='ltr'><strong>Dei</strong></span> <span class='ocrx_word' id='word_1_281' title='bbox 1683 333 1753 360; x_wconf 71' lang='lat' dir='ltr'><strong>pra:-</strong></span> 
     </span>
    </p>
   </div>
   <div class='ocr_carea' id='block_1_36' title="bbox 964 371 1760 417">
    <p class='ocr_par' dir='ltr' id='par_1_36' title="bbox 964 371 1760 417">
     <span class='ocr_line' id='line_1_36' title="bbox 964 371 1760 417; baseline 0.001 -19"><span class='ocrx_word' id='word_1_282' title='bbox 964 372 1052 399; x_wconf 87' lang='lat' dir='ltr'><strong>sentia</strong></span> <span class='ocrx_word' id='word_1_283' title='bbox 1080 372 1257 399; x_wconf 77' lang='lat' dir='ltr'><strong>admirabiles</strong></span> <span class='ocrx_word' id='word_1_284' title='bbox 1293 371 1351 400; x_wconf 78' lang='lat' dir='ltr'><strong>fore</strong></span> <span class='ocrx_word' id='word_1_285' title='bbox 1378 372 1534 399; x_wconf 83' lang='lat' dir='ltr'><strong>sanationcs</strong></span> <span class='ocrx_word' id='word_1_286' title='bbox 1572 372 1760 417; x_wconf 58' lang='lat' dir='ltr'><strong>praenuntiat.:</strong></span> 
     </span>
    </p>
   </div>
   <div class='ocr_carea' id='block_1_37' title="bbox 964 415 1752 452">
    <p class='ocr_par' dir='ltr' id='par_1_37' title="bbox 964 415 1752 452">
     <span class='ocr_line' id='line_1_37' title="bbox 964 415 1752 452; baseline 0.001 -10"><span class='ocrx_word' id='word_1_287' title='bbox 964 415 1064 451; x_wconf 82' lang='lat' dir='ltr'><strong>Aperte</strong></span> <span class='ocrx_word' id='word_1_288' title='bbox 1081 417 1164 452; x_wconf 82' lang='lat' dir='ltr'><strong>igitur</strong></span> <span class='ocrx_word' id='word_1_289' title='bbox 1178 417 1221 444; x_wconf 84' lang='lat' dir='ltr'><strong>hic</strong></span> <span class='ocrx_word' id='word_1_290' title='bbox 1240 424 1349 452; x_wconf 90' lang='lat' dir='ltr'><strong>quoque</strong></span> <span class='ocrx_word' id='word_1_291' title='bbox 1370 416 1417 443; x_wconf 89' lang='lat' dir='ltr'><strong>Dei</strong></span> <span class='ocrx_word' id='word_1_292' title='bbox 1435 416 1610 451; x_wconf 65' lang='lat' dir='ltr'><strong>praedictione</strong></span> <span class='ocrx_word' id='word_1_293' title='bbox 1625 417 1752 444; x_wconf 75' lang='lat' dir='ltr'><strong>Christus</strong></span> 
     </span>
    </p>
   </div>
   <div class='ocr_carea' id='block_1_38' title="bbox 967 462 1754 498">
    <p class='ocr_par' dir='ltr' id='par_1_38' title="bbox 967 462 1754 498">
     <span class='ocr_line' id='line_1_38' title="bbox 967 462 1754 498; baseline 0.001 -9"><span class='ocrx_word' id='word_1_294' title='bbox 967 462 1014 490; x_wconf 88' lang='lat' dir='ltr'><strong>Dei</strong></span> <span class='ocrx_word' id='word_1_295' title='bbox 1029 463 1201 498; x_wconf 81' lang='lat' dir='ltr'><strong>gloriﬁcatus</strong></span> <span class='ocrx_word' id='word_1_296' title='bbox 1216 468 1268 491; x_wconf 82' lang='lat' dir='ltr'><strong>est.</strong></span> <span class='ocrx_word' id='word_1_297' title='bbox 1280 463 1365 497; x_wconf 85' lang='lat' dir='ltr'><strong>Cujus</strong></span> <span class='ocrx_word' id='word_1_298' title='bbox 1379 464 1522 498; x_wconf 64' lang='lat' dir='ltr'><strong>prmsentia</strong></span> <span class='ocrx_word' id='word_1_299' title='bbox 1536 467 1562 490; x_wconf 91' lang='lat' dir='ltr'><strong>et</strong></span> <span class='ocrx_word' id='word_1_300' title='bbox 1575 464 1754 498; x_wconf 77' lang='lat' dir='ltr'><strong>corporaliter</strong></span> 
     </span>
    </p>
   </div>
   <div class='ocr_carea' id='block_1_39' title="bbox 965 509 1754 545">
    <p class='ocr_par' dir='ltr' id='par_1_39' title="bbox 965 509 1754 545">
     <span class='ocr_line' id='line_1_39' title="bbox 965 509 1754 545; baseline 0.001 -9"><span class='ocrx_word' id='word_1_301' title='bbox 965 509 1073 544; x_wconf 89' lang='lat' dir='ltr'><strong>quidem</strong></span> <span class='ocrx_word' id='word_1_302' title='bbox 1088 509 1221 545; x_wconf 63' lang='lat' dir='ltr'><strong>praedicta:</strong></span> <span class='ocrx_word' id='word_1_303' title='bbox 1232 510 1389 537; x_wconf 80' lang='lat' dir='ltr'><strong>sanationes</strong></span> <span class='ocrx_word' id='word_1_304' title='bbox 1405 510 1432 536; x_wconf 94' lang='lat' dir='ltr'><strong>in</strong></span> <span class='ocrx_word' id='word_1_305' title='bbox 1446 510 1634 538; x_wconf 72' lang='lat' dir='ltr'><strong>laborantibus</strong></span> <span class='ocrx_word' id='word_1_306' title='bbox 1658 510 1754 545; x_wconf 87' lang='lat' dir='ltr'><strong>imple-</strong></span> 
     </span>
    </p>
   </div>
   <div class='ocr_carea' id='block_1_40' title="bbox 966 556 1752 587">
    <p class='ocr_par' dir='ltr' id='par_1_40' title="bbox 966 556 1752 587">
     <span class='ocr_line' id='line_1_40' title="bbox 966 556 1752 587; baseline 0.001 -5"><span class='ocrx_word' id='word_1_307' title='bbox 966 560 1000 583; x_wconf 70' lang='lat' dir='ltr'><strong>tis</strong></span> <span class='ocrx_word' id='word_1_308' title='bbox 1010 560 1085 587; x_wconf 77' lang='lat' dir='ltr'><strong>sunt,</strong></span> <span class='ocrx_word' id='word_1_309' title='bbox 1104 556 1259 584; x_wconf 80' lang='lat' dir='ltr'><strong>mirabilius</strong></span> <span class='ocrx_word' id='word_1_310' title='bbox 1277 564 1342 583; x_wconf 89' lang='lat' dir='ltr'><strong>vero</strong></span> <span class='ocrx_word' id='word_1_311' title='bbox 1357 564 1430 583; x_wconf 85' lang='lat' dir='ltr'><strong>nunc</strong></span> <span class='ocrx_word' id='word_1_312' title='bbox 1445 556 1536 583; x_wconf 85' lang='lat' dir='ltr'><strong>adhuc</strong></span> <span class='ocrx_word' id='word_1_313' title='bbox 1548 561 1711 584; x_wconf 77' lang='lat' dir='ltr'><strong>exerrentur</strong></span> <span class='ocrx_word' id='word_1_314' title='bbox 1725 556 1752 583; x_wconf 87' lang='lat' dir='ltr'><strong>in</strong></span> 
     </span>
    </p>
   </div>
   <div class='ocr_carea' id='block_1_41' title="bbox 967 602 1755 647">
    <p class='ocr_par' dir='ltr' id='par_1_41' title="bbox 967 602 1755 647">
     <span class='ocr_line' id='line_1_41' title="bbox 967 602 1755 647; baseline 0.001 -18"><span class='ocrx_word' id='word_1_315' title='bbox 967 609 1028 629; x_wconf 89' lang='lat' dir='ltr'><strong>eum</strong></span> <span class='ocrx_word' id='word_1_316' title='bbox 1045 602 1107 634; x_wconf 82' lang='lat' dir='ltr'><strong>ﬁde,</strong></span> <span class='ocrx_word' id='word_1_317' title='bbox 1120 603 1194 630; x_wconf 90' lang='lat' dir='ltr'><strong>omni</strong></span> <span class='ocrx_word' id='word_1_318' title='bbox 1210 602 1349 647; x_wconf 58' lang='lat' dir='ltr'><strong>hominu‘n</strong></span> <span class='ocrx_word' id='word_1_319' title='bbox 1363 611 1462 638; x_wconf 73' lang='lat' dir='ltr'><strong>genere</strong></span> <span class='ocrx_word' id='word_1_320' title='bbox 1472 603 1579 630; x_wconf 84' lang='lat' dir='ltr'><strong>cunctis</strong></span> <span class='ocrx_word' id='word_1_321' title='bbox 1591 603 1688 630; x_wconf 68' lang='lat' dir='ltr'><strong>animae</strong></span> <span class='ocrx_word' id='word_1_322' title='bbox 1700 610 1755 630; x_wconf 83' lang='lat' dir='ltr'><strong>ma-</strong></span> 
     </span>
    </p>
   </div>
   <div class='ocr_carea' id='block_1_42' title="bbox 968 647 1756 684">
    <p class='ocr_par' dir='ltr' id='par_1_42' title="bbox 968 647 1756 684">
     <span class='ocr_line' id='line_1_42' title="bbox 968 647 1756 684; baseline 0.001 -9"><span class='ocrx_word' id='word_1_323' title='bbox 968 649 1003 675; x_wconf 88' lang='lat' dir='ltr'><strong>lis</strong></span> <span class='ocrx_word' id='word_1_324' title='bbox 1018 648 1130 683; x_wconf 75' lang='lat' dir='ltr'><strong>penitus</strong></span> <span class='ocrx_word' id='word_1_325' title='bbox 1145 648 1280 675; x_wconf 81' lang='lat' dir='ltr'><strong>exsoluto.</strong></span> <span class='ocrx_word' id='word_1_326' title='bbox 1300 647 1400 675; x_wconf 63' lang='lat' dir='ltr'><strong>Scissa:</strong></span> <span class='ocrx_word' id='word_1_327' title='bbox 1422 652 1486 676; x_wconf 82' lang='lat' dir='ltr'><strong>sunt</strong></span> <span class='ocrx_word' id='word_1_328' title='bbox 1501 648 1529 674; x_wconf 89' lang='lat' dir='ltr'><strong>in</strong></span> <span class='ocrx_word' id='word_1_329' title='bbox 1549 649 1658 676; x_wconf 77' lang='lat' dir='ltr'><strong>deserto</strong></span> <span class='ocrx_word' id='word_1_330' title='bbox 1677 656 1756 684; x_wconf 61' lang='lat' dir='ltr'><strong>aquae</strong></span> 
     </span>
    </p>
   </div>
   <div class='ocr_carea' id='block_1_43' title="bbox 967 692 1754 727">
    <p class='ocr_par' dir='ltr' id='par_1_43' title="bbox 967 692 1754 727">
     <span class='ocr_line' id='line_1_43' title="bbox 967 692 1754 727; baseline 0.003 -7"><span class='ocrx_word' id='word_1_331' title='bbox 967 692 1071 721; x_wconf 86' lang='lat' dir='ltr'><strong>Christi</strong></span> <span class='ocrx_word' id='word_1_332' title='bbox 1090 694 1245 727; x_wconf 70' lang='lat' dir='ltr'><strong>praesentia.</strong></span> <span class='ocrx_word' id='word_1_333' title='bbox 1267 696 1294 720; x_wconf 89' lang='lat' dir='ltr'><strong>et</strong></span> <span class='ocrx_word' id='word_1_334' title='bbox 1321 697 1456 721; x_wconf 78' lang='lat' dir='ltr'><strong>torrentes</strong></span> <span class='ocrx_word' id='word_1_335' title='bbox 1483 694 1510 720; x_wconf 95' lang='lat' dir='ltr'><strong>in</strong></span> <span class='ocrx_word' id='word_1_336' title='bbox 1539 697 1610 721; x_wconf 87' lang='lat' dir='ltr'><strong>terra</strong></span> <span class='ocrx_word' id='word_1_337' title='bbox 1634 695 1754 727; x_wconf 85' lang='lat' dir='ltr'><strong>sitiente,</strong></span> 
     </span>
    </p>
   </div>
   <div class='ocr_carea' id='block_1_44' title="bbox 969 739 1756 777">
    <p class='ocr_par' dir='ltr' id='par_1_44' title="bbox 969 739 1756 777">
     <span class='ocr_line' id='line_1_44' title="bbox 969 739 1756 777; baseline 0.001 -11"><span class='ocrx_word' id='word_1_338' title='bbox 969 739 1085 767; x_wconf 84' lang='lat' dir='ltr'><strong>salutari</strong></span> <span class='ocrx_word' id='word_1_339' title='bbox 1113 744 1140 766; x_wconf 91' lang='lat' dir='ltr'><strong>et</strong></span> <span class='ocrx_word' id='word_1_340' title='bbox 1166 740 1323 767; x_wconf 73' lang='lat' dir='ltr'><strong>vivificante</strong></span> <span class='ocrx_word' id='word_1_341' title='bbox 1338 740 1422 768; x_wconf 88' lang='lat' dir='ltr'><strong>verbo</strong></span> <span class='ocrx_word' id='word_1_342' title='bbox 1437 747 1594 777; x_wconf 82' lang='lat' dir='ltr'><strong>emergente</strong></span> <span class='ocrx_word' id='word_1_343' title='bbox 1617 741 1643 767; x_wconf 94' lang='lat' dir='ltr'><strong>in</strong></span> <span class='ocrx_word' id='word_1_344' title='bbox 1665 748 1756 775; x_wconf 87' lang='lat' dir='ltr'><strong>quon-</strong></span> 
     </span>
    </p>
   </div>
   <div class='ocr_carea' id='block_1_45' title="bbox 969 786 1757 823">
    <p class='ocr_par' dir='ltr' id='par_1_45' title="bbox 969 786 1757 823">
     <span class='ocr_line' id='line_1_45' title="bbox 969 786 1757 823; baseline 0 -9"><span class='ocrx_word' id='word_1_345' title='bbox 969 787 1030 814; x_wconf 77' lang='lat' dir='ltr'><strong>dam</strong></span> <span class='ocrx_word' id='word_1_346' title='bbox 1052 786 1161 814; x_wconf 81' lang='lat' dir='ltr'><strong>deserta</strong></span> <span class='ocrx_word' id='word_1_347' title='bbox 1180 790 1206 814; x_wconf 92' lang='lat' dir='ltr'><strong>et</strong></span> <span class='ocrx_word' id='word_1_348' title='bbox 1221 786 1332 814; x_wconf 84' lang='lat' dir='ltr'><strong>sitiente</strong></span> <span class='ocrx_word' id='word_1_349' title='bbox 1347 791 1431 820; x_wconf 88' lang='lat' dir='ltr'><strong>terra,</strong></span> <span class='ocrx_word' id='word_1_350' title='bbox 1445 789 1565 823; x_wconf 74' lang='lat' dir='ltr'><strong>gentium</strong></span> <span class='ocrx_word' id='word_1_351' title='bbox 1587 789 1689 816; x_wconf 86' lang='lat' dir='ltr'><strong>scilicet</strong></span> <span class='ocrx_word' id='word_1_352' title='bbox 1704 787 1757 814; x_wconf 88' lang='lat' dir='ltr'><strong>Ec-</strong></span> 
     </span>
    </p>
   </div>
   <div class='ocr_carea' id='block_1_46' title="bbox 970 832 1755 866">
    <p class='ocr_par' dir='ltr' id='par_1_46' title="bbox 970 832 1755 866">
     <span class='ocr_line' id='line_1_46' title="bbox 970 832 1755 866; baseline 0.001 -8"><span class='ocrx_word' id='word_1_353' title='bbox 970 832 1064 863; x_wconf 75' lang='lat' dir='ltr'><strong>clesia.</strong></span> <span class='ocrx_word' id='word_1_354' title='bbox 1078 832 1105 858; x_wconf 95' lang='lat' dir='ltr'><strong>in</strong></span> <span class='ocrx_word' id='word_1_355' title='bbox 1133 840 1198 866; x_wconf 85' lang='lat' dir='ltr'><strong>qua.</strong></span> <span class='ocrx_word' id='word_1_356' title='bbox 1213 840 1274 859; x_wconf 93' lang='lat' dir='ltr'><strong>cum</strong></span> <span class='ocrx_word' id='word_1_357' title='bbox 1293 833 1359 859; x_wconf 89' lang='lat' dir='ltr'><strong>olim</strong></span> <span class='ocrx_word' id='word_1_358' title='bbox 1375 833 1449 861; x_wconf 84' lang='lat' dir='ltr'><strong>sicca</strong></span> <span class='ocrx_word' id='word_1_359' title='bbox 1470 837 1497 860; x_wconf 77' lang='lat' dir='ltr'><strong>et</strong></span> <span class='ocrx_word' id='word_1_360' title='bbox 1518 833 1656 861; x_wconf 81' lang='lat' dir='ltr'><strong>sitibunda</strong></span> <span class='ocrx_word' id='word_1_361' title='bbox 1670 836 1755 865; x_wconf 84' lang='lat' dir='ltr'><strong>esset,</strong></span> 
     </span>
    </p>
   </div>
   <div class='ocr_carea' id='block_1_47' title="bbox 971 877 1757 914">
    <p class='ocr_par' dir='ltr' id='par_1_47' title="bbox 971 877 1757 914">
     <span class='ocr_line' id='line_1_47' title="bbox 971 877 1757 914; baseline 0.005 -11"><span class='ocrx_word' id='word_1_362' title='bbox 971 877 1115 905; x_wconf 75' lang='lat' dir='ltr'><strong>afﬂuenter</strong></span> <span class='ocrx_word' id='word_1_363' title='bbox 1127 877 1192 906; x_wconf 77' lang='lat' dir='ltr'><strong>Jesu</strong></span> <span class='ocrx_word' id='word_1_364' title='bbox 1208 879 1351 906; x_wconf 85' lang='lat' dir='ltr'><strong>verborum</strong></span> <span class='ocrx_word' id='word_1_365' title='bbox 1368 879 1428 907; x_wconf 81' lang='lat' dir='ltr'><strong>fons</strong></span> <span class='ocrx_word' id='word_1_366' title='bbox 1448 889 1457 905; x_wconf 78' lang='grc' dir='ltr'><strong>ι</strong></span> <span class='ocrx_word' id='word_1_367' title='bbox 1478 887 1556 914; x_wconf 76' lang='lat' dir='ltr'><strong>aqua:</strong></span> <span class='ocrx_word' id='word_1_368' title='bbox 1579 880 1702 907; x_wconf 80' lang='lat' dir='ltr'><strong>salientis</strong></span> <span class='ocrx_word' id='word_1_369' title='bbox 1728 880 1757 907; x_wconf 91' lang='lat' dir='ltr'><strong>in</strong></span> 
     </span>
    </p>
   </div>
   <div class='ocr_carea' id='block_1_48' title="bbox 972 924 1758 962">
    <p class='ocr_par' dir='ltr' id='par_1_48' title="bbox 972 924 1758 962">
     <span class='ocr_line' id='line_1_48' title="bbox 972 924 1758 962; baseline 0.004 -12"><span class='ocrx_word' id='word_1_370' title='bbox 972 924 1055 950; x_wconf 89' lang='lat' dir='ltr'><strong>vitam</strong></span> <span class='ocrx_word' id='word_1_371' title='bbox 1067 928 1196 952; x_wconf 63' lang='lat' dir='ltr'><strong>aeternam</strong></span> <span class='ocrx_word' id='word_1_372' title='bbox 1210 926 1219 941; x_wconf 81' lang='grc'>²</span> <span class='ocrx_word' id='word_1_373' title='bbox 1239 935 1248 951; x_wconf 82' lang='grc'><strong><em>›</em></strong></span> <span class='ocrx_word' id='word_1_374' title='bbox 1262 925 1387 961; x_wconf 84' lang='lat' dir='ltr'><strong>proﬂuet.</strong></span> <span class='ocrx_word' id='word_1_375' title='bbox 1403 926 1463 959; x_wconf 87' lang='lat' dir='ltr'><strong>Quo</strong></span> <span class='ocrx_word' id='word_1_376' title='bbox 1481 926 1554 954; x_wconf 78' lang='lat' dir='ltr'><strong>fonte</strong></span> <span class='ocrx_word' id='word_1_377' title='bbox 1576 927 1697 962; x_wconf 77' lang='lat' dir='ltr'><strong>irrigata.</strong></span> <span class='ocrx_word' id='word_1_378' title='bbox 1709 925 1758 953; x_wconf 83' lang='lat' dir='ltr'><strong>ﬂo—</strong></span> 
     </span>
    </p>
   </div>
   <div class='ocr_carea' id='block_1_49' title="bbox 973 971 1758 1008">
    <p class='ocr_par' dir='ltr' id='par_1_49' title="bbox 973 971 1758 1008">
     <span class='ocr_line' id='line_1_49' title="bbox 973 971 1758 1008; baseline 0.005 -11"><span class='ocrx_word' id='word_1_379' title='bbox 973 974 1063 998; x_wconf 89' lang='lat' dir='ltr'><strong>rescet</strong></span> <span class='ocrx_word' id='word_1_380' title='bbox 1075 975 1104 998; x_wconf 92' lang='lat' dir='ltr'><strong>ut</strong></span> <span class='ocrx_word' id='word_1_381' title='bbox 1116 971 1214 1003; x_wconf 86' lang='lat' dir='ltr'><strong>lilium,</strong></span> <span class='ocrx_word' id='word_1_382' title='bbox 1233 972 1310 1007; x_wconf 86' lang='lat' dir='ltr'><strong>prius</strong></span> <span class='ocrx_word' id='word_1_383' title='bbox 1325 973 1432 1000; x_wconf 81' lang='lat' dir='ltr'><strong>deserta</strong></span> <span class='ocrx_word' id='word_1_384' title='bbox 1443 977 1525 1005; x_wconf 81' lang='lat' dir='ltr'><strong>terra,</strong></span> <span class='ocrx_word' id='word_1_385' title='bbox 1543 973 1658 1008; x_wconf 85' lang='lat' dir='ltr'><strong>ideoque</strong></span> <span class='ocrx_word' id='word_1_386' title='bbox 1672 974 1758 1001; x_wconf 71' lang='lat' dir='ltr'><strong>laetari</strong></span> 
     </span>
    </p>
   </div>
   <div class='ocr_carea' id='block_1_50' title="bbox 972 1016 1759 1051">
    <p class='ocr_par' dir='ltr' id='par_1_50' title="bbox 972 1016 1759 1051">
     <span class='ocr_line' id='line_1_50' title="bbox 972 1016 1759 1051; baseline 0.006 -9"><span class='ocrx_word' id='word_1_387' title='bbox 972 1019 1000 1043; x_wconf 89' lang='lat' dir='ltr'><strong>et</strong></span> <span class='ocrx_word' id='word_1_388' title='bbox 1009 1016 1147 1043; x_wconf 81' lang='lat' dir='ltr'><strong>exsultare</strong></span> <span class='ocrx_word' id='word_1_389' title='bbox 1159 1016 1280 1051; x_wconf 86' lang='lat' dir='ltr'><strong>jnbetur.</strong></span> <span class='ocrx_word' id='word_1_390' title='bbox 1295 1017 1385 1046; x_wconf 83' lang='lat' dir='ltr'><strong>Causa</strong></span> <span class='ocrx_word' id='word_1_391' title='bbox 1402 1027 1465 1046; x_wconf 82' lang='lat' dir='ltr'><strong>vero</strong></span> <span class='ocrx_word' id='word_1_392' title='bbox 1481 1020 1582 1047; x_wconf 60' lang='lat' dir='ltr'><strong>laatitia’,</strong></span> <span class='ocrx_word' id='word_1_393' title='bbox 1594 1023 1620 1047; x_wconf 80' lang='lat' dir='ltr'><strong>et</strong></span> <span class='ocrx_word' id='word_1_394' title='bbox 1634 1020 1759 1047; x_wconf 82' lang='lat' dir='ltr'><strong>exsulta-</strong></span> 
     </span>
    </p>
   </div>
   <div class='ocr_carea' id='block_1_51' title="bbox 973 1061 1759 1100">
    <p class='ocr_par' dir='ltr' id='par_1_51' title="bbox 973 1061 1759 1100">
     <span class='ocr_line' id='line_1_51' title="bbox 973 1061 1759 1100; baseline 0.006 -13"><span class='ocrx_word' id='word_1_395' title='bbox 973 1061 1055 1088; x_wconf 90' lang='lat' dir='ltr'><strong>tionis</strong></span> <span class='ocrx_word' id='word_1_396' title='bbox 1072 1062 1228 1096; x_wconf 85' lang='lat' dir='ltr'><strong>subjicitur,</strong></span> <span class='ocrx_word' id='word_1_397' title='bbox 1246 1064 1387 1098; x_wconf 83' lang='lat' dir='ltr'><strong>quoniam,</strong></span> <span class='ocrx_word' id='word_1_398' title='bbox 1405 1065 1453 1096; x_wconf 82' lang='lat' dir='ltr'><strong>ait,</strong></span> <span class='ocrx_word' id='word_1_399' title='bbox 1466 1074 1475 1090; x_wconf 78' lang='grc' dir='ltr'><strong>ι</strong></span> <span class='ocrx_word' id='word_1_400' title='bbox 1490 1065 1553 1092; x_wconf 83' lang='lat' dir='ltr'><strong>data</strong></span> <span class='ocrx_word' id='word_1_401' title='bbox 1573 1068 1613 1092; x_wconf 88' lang='lat' dir='ltr'><strong>est</strong></span> <span class='ocrx_word' id='word_1_402' title='bbox 1633 1065 1657 1092; x_wconf 92' lang='lat' dir='ltr'><strong>ei</strong></span> <span class='ocrx_word' id='word_1_403' title='bbox 1673 1065 1759 1100; x_wconf 82' lang='lat' dir='ltr'><strong>gloria</strong></span> 
     </span>
    </p>
   </div>
   <div class='ocr_carea' id='block_1_52' title="bbox 972 1105 1759 1146">
    <p class='ocr_par' dir='ltr' id='par_1_52' title="bbox 972 1105 1759 1146">
     <span class='ocr_line' id='line_1_52' title="bbox 972 1105 1759 1146; baseline 0.006 -13"><span class='ocrx_word' id='word_1_404' title='bbox 972 1105 1081 1139; x_wconf 87' lang='lat' dir='ltr'><strong>Libani,</strong></span> <span class='ocrx_word' id='word_1_405' title='bbox 1099 1116 1109 1133; x_wconf 89' lang='grc'><strong>›</strong></span> <span class='ocrx_word' id='word_1_406' title='bbox 1127 1107 1152 1135; x_wconf 89' lang='lat' dir='ltr'><strong>id</strong></span> <span class='ocrx_word' id='word_1_407' title='bbox 1170 1112 1211 1136; x_wconf 88' lang='lat' dir='ltr'><strong>est</strong></span> <span class='ocrx_word' id='word_1_408' title='bbox 1225 1108 1395 1143; x_wconf 77' lang='lat' dir='ltr'><strong>Jerusalem;</strong></span> <span class='ocrx_word' id='word_1_409' title='bbox 1412 1110 1445 1137; x_wconf 84' lang='lat' dir='ltr'><strong>de</strong></span> <span class='ocrx_word' id='word_1_410' title='bbox 1461 1118 1513 1145; x_wconf 87' lang='lat' dir='ltr'><strong>qua</strong></span> <span class='ocrx_word' id='word_1_411' title='bbox 1530 1110 1555 1137; x_wconf 92' lang='lat' dir='ltr'><strong>in</strong></span> <span class='ocrx_word' id='word_1_412' title='bbox 1571 1111 1759 1146; x_wconf 88' lang='lat' dir='ltr'><strong>superioribus</strong></span> 
     </span>
    </p>
   </div>
   <div class='ocr_carea' id='block_1_53' title="bbox 973 1153 1760 1188">
    <p class='ocr_par' dir='ltr' id='par_1_53' title="bbox 973 1153 1760 1188">
     <span class='ocr_line' id='line_1_53' title="bbox 973 1153 1760 1188; baseline 0.006 -9"><span class='ocrx_word' id='word_1_413' title='bbox 973 1153 1124 1188; x_wconf 90' lang='lat' dir='ltr'><strong>prophetiis</strong></span> <span class='ocrx_word' id='word_1_414' title='bbox 1140 1154 1243 1182; x_wconf 87' lang='lat' dir='ltr'><strong>dictum</strong></span> <span class='ocrx_word' id='word_1_415' title='bbox 1272 1159 1324 1187; x_wconf 85' lang='lat' dir='ltr'><strong>est,</strong></span> <span class='ocrx_word' id='word_1_416' title='bbox 1347 1165 1356 1181; x_wconf 77' lang='grc' dir='ltr'><strong>ι</strong></span> <span class='ocrx_word' id='word_1_417' title='bbox 1374 1156 1407 1183; x_wconf 83' lang='lat' dir='ltr'><strong>Et</strong></span> <span class='ocrx_word' id='word_1_418' title='bbox 1425 1156 1545 1184; x_wconf 83' lang='lat' dir='ltr'><strong>Libanus</strong></span> <span class='ocrx_word' id='word_1_419' title='bbox 1561 1164 1622 1184; x_wconf 89' lang='lat' dir='ltr'><strong>cum</strong></span> <span class='ocrx_word' id='word_1_420' title='bbox 1643 1158 1760 1185; x_wconf 76' lang='lat' dir='ltr'><strong>excelsis</strong></span> 
     </span>
    </p>
   </div>
   <div class='ocr_carea' id='block_1_54' title="bbox 975 1199 1759 1238">
    <p class='ocr_par' dir='ltr' id='par_1_54' title="bbox 975 1199 1759 1238">
     <span class='ocr_line' id='line_1_54' title="bbox 975 1199 1759 1238; baseline 0.006 -13"><span class='ocrx_word' id='word_1_421' title='bbox 975 1199 1064 1226; x_wconf 84' lang='lat' dir='ltr'><strong>cadet.</strong></span> <span class='ocrx_word' id='word_1_422' title='bbox 1086 1209 1094 1225; x_wconf 76' lang='grc' dir='ltr'><strong>ι</strong></span> <span class='ocrx_word' id='word_1_423' title='bbox 1114 1199 1174 1233; x_wconf 89' lang='lat' dir='ltr'><strong>Quo</strong></span> <span class='ocrx_word' id='word_1_424' title='bbox 1190 1200 1332 1228; x_wconf 87' lang='lat' dir='ltr'><strong>decidente</strong></span> <span class='ocrx_word' id='word_1_425' title='bbox 1356 1209 1417 1236; x_wconf 70' lang='lat' dir='ltr'><strong>qua:</strong></span> <span class='ocrx_word' id='word_1_426' title='bbox 1442 1203 1519 1237; x_wconf 85' lang='lat' dir='ltr'><strong>prius</strong></span> <span class='ocrx_word' id='word_1_427' title='bbox 1543 1203 1567 1229; x_wconf 86' lang='lat' dir='ltr'><strong>ei</strong></span> <span class='ocrx_word' id='word_1_428' title='bbox 1593 1206 1652 1230; x_wconf 88' lang='lat' dir='ltr'><strong>erat</strong></span> <span class='ocrx_word' id='word_1_429' title='bbox 1673 1203 1759 1238; x_wconf 82' lang='lat' dir='ltr'><strong>gloria</strong></span> 
     </span>
    </p>
   </div>
   <div class='ocr_carea' id='block_1_55' title="bbox 973 1246 1761 1283">
    <p class='ocr_par' dir='ltr' id='par_1_55' title="bbox 973 1246 1761 1283">
     <span class='ocr_line' id='line_1_55' title="bbox 973 1246 1761 1283; baseline 0.008 -13"><span class='ocrx_word' id='word_1_430' title='bbox 973 1251 1047 1270; x_wconf 73' lang='lat' dir='ltr'><strong>nunc</strong></span> <span class='ocrx_word' id='word_1_431' title='bbox 1064 1246 1257 1280; x_wconf 65' lang='lat' dir='ltr'><strong>evangelizatm</strong></span> <span class='ocrx_word' id='word_1_432' title='bbox 1277 1247 1429 1278; x_wconf 83' lang='lat' dir='ltr'><strong>solitudini.</strong></span> <span class='ocrx_word' id='word_1_433' title='bbox 1446 1249 1565 1283; x_wconf 81' lang='lat' dir='ltr'><strong>gentium</strong></span> <span class='ocrx_word' id='word_1_434' title='bbox 1590 1249 1695 1276; x_wconf 87' lang='lat' dir='ltr'><strong>scilicet</strong></span> <span class='ocrx_word' id='word_1_435' title='bbox 1710 1248 1761 1276; x_wconf 87' lang='lat' dir='ltr'><strong>Ec-</strong></span> 
     </span>
    </p>
   </div>
   <div class='ocr_carea' id='block_1_56' title="bbox 974 1291 1759 1330">
    <p class='ocr_par' dir='ltr' id='par_1_56' title="bbox 974 1291 1759 1330">
     <span class='ocr_line' id='line_1_56' title="bbox 974 1291 1759 1330; baseline 0.008 -12"><span class='ocrx_word' id='word_1_436' title='bbox 974 1291 1082 1325; x_wconf 60' lang='lat' dir='ltr'><strong>clesiae,</strong></span> <span class='ocrx_word' id='word_1_437' title='bbox 1106 1293 1169 1320; x_wconf 85' lang='lat' dir='ltr'><strong>data</strong></span> <span class='ocrx_word' id='word_1_438' title='bbox 1197 1299 1239 1321; x_wconf 89' lang='lat' dir='ltr'><strong>est</strong></span> <span class='ocrx_word' id='word_1_439' title='bbox 1267 1302 1328 1321; x_wconf 89' lang='lat' dir='ltr'><strong>cum</strong></span> <span class='ocrx_word' id='word_1_440' title='bbox 1354 1296 1472 1330; x_wconf 89' lang='lat' dir='ltr'><strong>pristino</strong></span> <span class='ocrx_word' id='word_1_441' title='bbox 1504 1296 1619 1323; x_wconf 75' lang='lat' dir='ltr'><strong>(Iarmeli</strong></span> <span class='ocrx_word' id='word_1_442' title='bbox 1649 1297 1759 1328; x_wconf 82' lang='lat' dir='ltr'><strong>decore.</strong></span> 
     </span>
    </p>
   </div>
   <div class='ocr_carea' id='block_1_57' title="bbox 973 1338 1762 1377">
    <p class='ocr_par' dir='ltr' id='par_1_57' title="bbox 973 1338 1762 1377">
     <span class='ocr_line' id='line_1_57' title="bbox 973 1338 1762 1377; baseline 0.008 -13"><span class='ocrx_word' id='word_1_443' title='bbox 973 1338 1084 1373; x_wconf 84' lang='lat' dir='ltr'><strong>prioris,</strong></span> <span class='ocrx_word' id='word_1_444' title='bbox 1101 1343 1131 1365; x_wconf 90' lang='lat' dir='ltr'><strong>ut</strong></span> <span class='ocrx_word' id='word_1_445' title='bbox 1148 1339 1241 1375; x_wconf 88' lang='lat' dir='ltr'><strong>liquet,</strong></span> <span class='ocrx_word' id='word_1_446' title='bbox 1259 1341 1362 1376; x_wconf 78' lang='lat' dir='ltr'><strong>populi.</strong></span> <span class='ocrx_word' id='word_1_447' title='bbox 1379 1341 1441 1369; x_wconf 58' lang='lat' dir='ltr'><strong>Haec</strong></span> <span class='ocrx_word' id='word_1_448' title='bbox 1467 1346 1557 1369; x_wconf 84' lang='lat' dir='ltr'><strong>autem</strong></span> <span class='ocrx_word' id='word_1_449' title='bbox 1583 1346 1675 1377; x_wconf 88' lang='lat' dir='ltr'><strong>aperte</strong></span> <span class='ocrx_word' id='word_1_450' title='bbox 1699 1347 1762 1377; x_wconf 83' lang='lat' dir='ltr'><strong>post</strong></span> 
     </span>
    </p>
   </div>
   <div class='ocr_carea' id='block_1_58' title="bbox 976 1385 1761 1425">
    <p class='ocr_par' dir='ltr' id='par_1_58' title="bbox 976 1385 1761 1425">
     <span class='ocr_line' id='line_1_58' title="bbox 976 1385 1761 1425; baseline 0.005 -13"><span class='ocrx_word' id='word_1_451' title='bbox 976 1385 1079 1414; x_wconf 87' lang='lat' dir='ltr'><strong>Christi</strong></span> <span class='ocrx_word' id='word_1_452' title='bbox 1092 1387 1238 1414; x_wconf 81' lang='lat' dir='ltr'><strong>adventum</strong></span> <span class='ocrx_word' id='word_1_453' title='bbox 1255 1388 1344 1423; x_wconf 82' lang='lat' dir='ltr'><strong>reipsa</strong></span> <span class='ocrx_word' id='word_1_454' title='bbox 1356 1390 1459 1416; x_wconf 76' lang='lat' dir='ltr'><strong>exitum</strong></span> <span class='ocrx_word' id='word_1_455' title='bbox 1475 1389 1595 1417; x_wconf 77' lang='lat' dir='ltr'><strong>habuere</strong></span> <span class='ocrx_word' id='word_1_456' title='bbox 1609 1397 1761 1425; x_wconf 83' lang='lat' dir='ltr'><strong>congruen-</strong></span> 
     </span>
    </p>
   </div>
   <div class='ocr_carea' id='block_1_59' title="bbox 976 1434 1763 1470">
    <p class='ocr_par' dir='ltr' id='par_1_59' title="bbox 976 1434 1763 1470">
     <span class='ocr_line' id='line_1_59' title="bbox 976 1434 1763 1470; baseline 0.004 -12"><span class='ocrx_word' id='word_1_457' title='bbox 976 1435 1029 1459; x_wconf 90' lang='lat' dir='ltr'><strong>tem</strong></span> <span class='ocrx_word' id='word_1_458' title='bbox 1047 1440 1108 1459; x_wconf 91' lang='lat' dir='ltr'><strong>cum</strong></span> <span class='ocrx_word' id='word_1_459' title='bbox 1127 1437 1261 1467; x_wconf 66' lang='lat' dir='ltr'><strong>praesente</strong></span> <span class='ocrx_word' id='word_1_460' title='bbox 1275 1435 1429 1469; x_wconf 84' lang='lat' dir='ltr'><strong>prophetia.</strong></span> <span class='ocrx_word' id='word_1_461' title='bbox 1451 1443 1512 1470; x_wconf 72' lang='lat' dir='ltr'><strong>qua:</strong></span> <span class='ocrx_word' id='word_1_462' title='bbox 1531 1435 1619 1470; x_wconf 85' lang='lat' dir='ltr'><strong>ipsius</strong></span> <span class='ocrx_word' id='word_1_463' title='bbox 1637 1434 1763 1469; x_wconf 84' lang='lat' dir='ltr'><strong>Salvato-</strong></span> 
     </span>
    </p>
   </div>
   <div class='ocr_carea' id='block_1_60' title="bbox 975 1477 1763 1516">
    <p class='ocr_par' dir='ltr' id='par_1_60' title="bbox 975 1477 1763 1516">
     <span class='ocr_line' id='line_1_60' title="bbox 975 1477 1763 1516; baseline 0.005 -12"><span class='ocrx_word' id='word_1_464' title='bbox 975 1477 1014 1505; x_wconf 79' lang='lat' dir='ltr'><strong>ris</strong></span> <span class='ocrx_word' id='word_1_465' title='bbox 1030 1485 1097 1505; x_wconf 92' lang='lat' dir='ltr'><strong>voce</strong></span> <span class='ocrx_word' id='word_1_466' title='bbox 1111 1479 1179 1506; x_wconf 86' lang='lat' dir='ltr'><strong>dicit</strong></span> <span class='ocrx_word' id='word_1_467' title='bbox 1195 1488 1202 1506; x_wconf 90' lang='lat'><strong>:</strong></span> <span class='ocrx_word' id='word_1_468' title='bbox 1222 1489 1231 1504; x_wconf 85' lang='lat'><strong>(</strong></span> <span class='ocrx_word' id='word_1_469' title='bbox 1251 1479 1412 1507; x_wconf 87' lang='lat' dir='ltr'><strong>Elevabitur</strong></span> <span class='ocrx_word' id='word_1_470' title='bbox 1427 1489 1541 1516; x_wconf 80' lang='lat' dir='ltr'><strong>regnum</strong></span> <span class='ocrx_word' id='word_1_471' title='bbox 1560 1480 1618 1514; x_wconf 85' lang='lat' dir='ltr'><strong>Dei,</strong></span> <span class='ocrx_word' id='word_1_472' title='bbox 1635 1485 1662 1508; x_wconf 87' lang='lat' dir='ltr'><strong>et</strong></span> <span class='ocrx_word' id='word_1_473' title='bbox 1685 1480 1763 1508; x_wconf 87' lang='lat' dir='ltr'><strong>dabi-</strong></span> 
     </span>
    </p>
   </div>
   <div class='ocr_carea' id='block_1_61' title="bbox 976 1525 1496 1560">
    <p class='ocr_par' dir='ltr' id='par_1_61' title="bbox 976 1525 1496 1560">
     <span class='ocr_line' id='line_1_61' title="bbox 976 1525 1496 1560; baseline 0.008 -10"><span class='ocrx_word' id='word_1_474' title='bbox 976 1527 1021 1550; x_wconf 92' lang='lat' dir='ltr'><strong>tur</strong></span> <span class='ocrx_word' id='word_1_475' title='bbox 1034 1525 1107 1559; x_wconf 93' lang='lat' dir='ltr'><strong>genti</strong></span> <span class='ocrx_word' id='word_1_476' title='bbox 1124 1525 1235 1553; x_wconf 77' lang='lat' dir='ltr'><strong>facienti</strong></span> <span class='ocrx_word' id='word_1_477' title='bbox 1252 1525 1359 1554; x_wconf 80' lang='lat' dir='ltr'><strong>fructus</strong></span> <span class='ocrx_word' id='word_1_478' title='bbox 1370 1527 1430 1560; x_wconf 87' lang='lat' dir='ltr'><strong>ejus</strong></span> <span class='ocrx_word' id='word_1_479' title='bbox 1445 1527 1466 1553; x_wconf 91' lang='grc'><strong>³.</strong></span> <span class='ocrx_word' id='word_1_480' title='bbox 1487 1537 1496 1553; x_wconf 75' lang='grc' dir='ltr'><strong>ι</strong></span> 
     </span>
    </p>
   </div>
   <div class='ocr_carea' id='block_1_62' title="bbox 136 1568 1763 1609">
    <p class='ocr_par' dir='ltr' id='par_1_62' title="bbox 136 1568 1763 1609">
     <span class='ocr_line' id='line_1_62' title="bbox 136 1568 1763 1609; baseline -0.002 -8"><span class='ocrx_word' id='word_1_481' title='bbox 136 1573 198 1601; x_wconf 77' lang='grc' dir='ltr'>ατοῦ</span> <span class='ocrx_word' id='word_1_482' title='bbox 221 1572 371 1609; x_wconf 79' lang='grc' dir='ltr'>παρουσίαν</span> <span class='ocrx_word' id='word_1_483' title='bbox 395 1570 484 1607; x_wconf 74' lang='grc' dir='ltr'>ἔργοις</span> <span class='ocrx_word' id='word_1_484' title='bbox 497 1569 573 1601; x_wconf 84' lang='grc' dir='ltr'>τέλος</span> <span class='ocrx_word' id='word_1_485' title='bbox 590 1569 701 1604; x_wconf 76' lang='grc' dir='ltr'>εἴληφεν</span> <span class='ocrx_word' id='word_1_486' title='bbox 715 1568 869 1600; x_wconf 77' lang='grc' dir='ltr'>ἀκολούθως</span> <span class='ocrx_word' id='word_1_487' title='bbox 884 1570 917 1605; x_wconf 81' lang='grc' dir='ltr'><strong>τῇ</strong></span> <span class='ocrx_word' id='word_1_488' title='bbox 937 1578 968 1596; x_wconf 86' lang='grc' dir='ltr'><strong>τε</strong></span> <span class='ocrx_word' id='word_1_489' title='bbox 991 1570 1061 1605; x_wconf 85' lang='grc' dir='ltr'>μετὰ</span> <span class='ocrx_word' id='word_1_490' title='bbox 1080 1573 1174 1608; x_wconf 88' lang='grc' dir='ltr'>χεῖρας</span> <span class='ocrx_word' id='word_1_491' title='bbox 1197 1573 1366 1609; x_wconf 77' lang='grc' dir='ltr'>προφητείᾳ,</span> <span class='ocrx_word' id='word_1_492' title='bbox 1390 1573 1437 1600; x_wconf 80' lang='grc' dir='ltr'><strong>καὶ</strong></span> <span class='ocrx_word' id='word_1_493' title='bbox 1458 1575 1491 1609; x_wconf 84' lang='grc' dir='ltr'>τῇ</span> <span class='ocrx_word' id='word_1_494' title='bbox 1522 1573 1663 1609; x_wconf 80' lang='grc' dir='ltr'>φασκούσῃ</span> <span class='ocrx_word' id='word_1_495' title='bbox 1682 1573 1763 1600; x_wconf 82' lang='grc' dir='ltr'>αὐτοῦ</span> 
     </span>
    </p>
   </div>
   <div class='ocr_carea' id='block_1_63' title="bbox 134 1616 1764 1656">
    <p class='ocr_par' dir='ltr' id='par_1_63' title="bbox 134 1616 1764 1656">
     <span class='ocr_line' id='line_1_63' title="bbox 134 1616 1764 1656; baseline 0.001 -10"><span class='ocrx_word' id='word_1_496' title='bbox 134 1620 181 1648; x_wconf 82' lang='grc' dir='ltr'><strong>τοῦ</strong></span> <span class='ocrx_word' id='word_1_497' title='bbox 195 1619 321 1654; x_wconf 81' lang='grc' dir='ltr'>Σωτῆρος</span> <span class='ocrx_word' id='word_1_498' title='bbox 334 1617 411 1654; x_wconf 83' lang='grc' dir='ltr'>ἡμῶν</span> <span class='ocrx_word' id='word_1_499' title='bbox 426 1617 512 1652; x_wconf 76' lang='grc' dir='ltr'>φωνῇ,</span> <span class='ocrx_word' id='word_1_500' title='bbox 525 1617 563 1648; x_wconf 87' lang='grc' dir='ltr'><strong>ὡς</strong></span> <span class='ocrx_word' id='word_1_501' title='bbox 592 1616 645 1651; x_wconf 79' lang='grc' dir='ltr'>ἄρα</span> <span class='ocrx_word' id='word_1_502' title='bbox 661 1624 670 1641; x_wconf 79' lang='grc' dir='ltr'><strong>ι</strong></span> <span class='ocrx_word' id='word_1_503' title='bbox 693 1616 854 1650; x_wconf 76' lang='grc' dir='ltr'>Ἀρθήσεται</span> <span class='ocrx_word' id='word_1_504' title='bbox 869 1617 886 1651; x_wconf 88' lang='grc' dir='ltr'><strong>ή</strong></span> <span class='ocrx_word' id='word_1_505' title='bbox 901 1616 1024 1651; x_wconf 79' lang='grc' dir='ltr'>βασιλεία</span> <span class='ocrx_word' id='word_1_506' title='bbox 1040 1619 1086 1645; x_wconf 85' lang='grc' dir='ltr'><strong>τοῦ</strong></span> <span class='ocrx_word' id='word_1_507' title='bbox 1109 1619 1187 1652; x_wconf 85' lang='grc' dir='ltr'>Θεοῦ,</span> <span class='ocrx_word' id='word_1_508' title='bbox 1217 1621 1264 1646; x_wconf 80' lang='grc' dir='ltr'><strong>καὶ</strong></span> <span class='ocrx_word' id='word_1_509' title='bbox 1288 1620 1430 1656; x_wconf 84' lang='grc' dir='ltr'>δοθήσεται</span> <span class='ocrx_word' id='word_1_510' title='bbox 1451 1620 1523 1647; x_wconf 73' lang='grc' dir='ltr'>ἔθνει</span> <span class='ocrx_word' id='word_1_511' title='bbox 1554 1621 1675 1647; x_wconf 81' lang='grc' dir='ltr'>ποιοῦντι</span> <span class='ocrx_word' id='word_1_512' title='bbox 1701 1621 1764 1652; x_wconf 80' lang='grc' dir='ltr'>τοὺς</span> 
     </span>
    </p>
   </div>
   <div class='ocr_carea' id='block_1_64' title="bbox 135 1665 395 1703">
    <p class='ocr_par' dir='ltr' id='par_1_64' title="bbox 135 1665 395 1703">
     <span class='ocr_line' id='line_1_64' title="bbox 135 1665 395 1703; baseline -0.012 -9"><span class='ocrx_word' id='word_1_513' title='bbox 135 1667 258 1703; x_wconf 63' lang='grc' dir='ltr'>καρποὺς</span> <span class='ocrx_word' id='word_1_514' title='bbox 273 1665 368 1701; x_wconf 75' lang='grc' dir='ltr'>αὐτῆς.</span> <span class='ocrx_word' id='word_1_515' title='bbox 386 1675 395 1692; x_wconf 79' lang='grc'>›</span> 
     </span>
    </p>
   </div>
   <div class='ocr_carea' id='block_1_65' title="bbox 395 1722 658 1750">
    <p class='ocr_par' dir='ltr' id='par_1_65' title="bbox 395 1722 658 1750">
     <span class='ocr_line' id='line_1_65' title="bbox 395 1722 658 1750; baseline -0.008 0"><span class='ocrx_word' id='word_1_516' title='bbox 395 1722 592 1750; x_wconf 73' lang='grc' dir='ltr'><strong>ΚΕΦΑΛΔΙΟΝ</strong></span> <span class='ocrx_word' id='word_1_517' title='bbox 608 1723 658 1749; x_wconf 85' lang='grc' dir='ltr'><strong>ΙΖ’.</strong></span> 
     </span>
    </p>
   </div>
   <div class='ocr_carea' id='block_1_66' title="bbox 177 1769 925 1808">
    <p class='ocr_par' dir='ltr' id='par_1_66' title="bbox 177 1769 925 1808">
     <span class='ocr_line' id='line_1_66' title="bbox 177 1769 925 1808; baseline -0.005 -9"><span class='ocrx_word' id='word_1_518' title='bbox 177 1782 186 1798; x_wconf 87' lang='lat' dir='ltr'><strong>l</strong></span> <span class='ocrx_word' id='word_1_519' title='bbox 194 1772 271 1808; x_wconf 79' lang='grc' dir='ltr'><strong>Φωνὴ</strong></span> <span class='ocrx_word' id='word_1_520' title='bbox 284 1772 398 1807; x_wconf 80' lang='grc' dir='ltr'>βοῶντος</span> <span class='ocrx_word' id='word_1_521' title='bbox 408 1773 436 1798; x_wconf 88' lang='grc' dir='ltr'>ὲν</span> <span class='ocrx_word' id='word_1_522' title='bbox 446 1773 479 1807; x_wconf 79' lang='grc' dir='ltr'>τῇ</span> <span class='ocrx_word' id='word_1_523' title='bbox 492 1771 586 1806; x_wconf 77' lang='grc' dir='ltr'>ἐρήμῳ</span> <span class='ocrx_word' id='word_1_524' title='bbox 594 1778 600 1785; x_wconf 87' lang='grc'><strong>·</strong></span> <span class='ocrx_word' id='word_1_525' title='bbox 618 1769 796 1805; x_wconf 85' lang='grc' dir='ltr'>Ἑτοιμάσατε</span> <span class='ocrx_word' id='word_1_526' title='bbox 806 1769 856 1804; x_wconf 80' lang='grc' dir='ltr'><strong>τὴν</strong></span> <span class='ocrx_word' id='word_1_527' title='bbox 865 1769 925 1796; x_wconf 76' lang='grc' dir='ltr'>ὁδὸν</span> 
     </span>
    </p>
   </div>
   <div class='ocr_carea' id='block_1_67' title="bbox 137 1815 926 1854">
    <p class='ocr_par' dir='ltr' id='par_1_67' title="bbox 137 1815 926 1854">
     <span class='ocr_line' id='line_1_67' title="bbox 137 1815 926 1854; baseline -0.006 -8"><span class='ocrx_word' id='word_1_528' title='bbox 137 1819 258 1854; x_wconf 74' lang='grc' dir='ltr'>Κυρίουο</span> <span class='ocrx_word' id='word_1_529' title='bbox 277 1818 384 1850; x_wconf 79' lang='grc' dir='ltr'>εὐθείας</span> <span class='ocrx_word' id='word_1_530' title='bbox 407 1819 509 1845; x_wconf 83' lang='grc' dir='ltr'>ποιεῖτε</span> <span class='ocrx_word' id='word_1_531' title='bbox 525 1817 575 1848; x_wconf 85' lang='grc' dir='ltr'>τὰς</span> <span class='ocrx_word' id='word_1_532' title='bbox 595 1816 704 1852; x_wconf 77' lang='grc' dir='ltr'>τρίϐους</span> <span class='ocrx_word' id='word_1_533' title='bbox 727 1815 828 1842; x_wconf 84' lang='grc' dir='ltr'>αὐτοῦ·</span> <span class='ocrx_word' id='word_1_534' title='bbox 850 1815 926 1842; x_wconf 78' lang='grc' dir='ltr'>πᾶσα</span> 
     </span>
    </p>
   </div>
   <div class='ocr_carea' id='block_1_68' title="bbox 138 1863 928 1903">
    <p class='ocr_par' dir='ltr' id='par_1_68' title="bbox 138 1863 928 1903">
     <span class='ocr_line' id='line_1_68' title="bbox 138 1863 928 1903; baseline -0.006 -9"><span class='ocrx_word' id='word_1_535' title='bbox 138 1866 248 1903; x_wconf 81' lang='grc' dir='ltr'>φάραγξ</span> <span class='ocrx_word' id='word_1_536' title='bbox 263 1866 482 1903; x_wconf 85' lang='grc' dir='ltr'>πληρωθήσεται,</span> <span class='ocrx_word' id='word_1_537' title='bbox 496 1866 544 1892; x_wconf 71' lang='grc' dir='ltr'>καὶ</span> <span class='ocrx_word' id='word_1_538' title='bbox 560 1865 614 1892; x_wconf 81' lang='grc' dir='ltr'>πᾶν</span> <span class='ocrx_word' id='word_1_539' title='bbox 627 1864 690 1900; x_wconf 76' lang='grc' dir='ltr'>ὅρος</span> <span class='ocrx_word' id='word_1_540' title='bbox 708 1864 754 1890; x_wconf 74' lang='grc' dir='ltr'>καὶ</span> <span class='ocrx_word' id='word_1_541' title='bbox 771 1863 864 1898; x_wconf 81' lang='grc' dir='ltr'>βουνὸς</span> <span class='ocrx_word' id='word_1_542' title='bbox 879 1871 928 1890; x_wconf 83' lang='grc' dir='ltr'>τα-</span> 
     </span>
    </p>
   </div>
   <div class='ocr_carea' id='block_1_69' title="bbox 137 1908 928 1948">
    <p class='ocr_par' dir='ltr' id='par_1_69' title="bbox 137 1908 928 1948">
     <span class='ocr_line' id='line_1_69' title="bbox 137 1908 928 1948; baseline -0.003 -10"><span class='ocrx_word' id='word_1_543' title='bbox 137 1912 336 1948; x_wconf 81' lang='grc' dir='ltr'>πεινωθήσεται</span> <span class='ocrx_word' id='word_1_544' title='bbox 346 1920 353 1927; x_wconf 80' lang='grc'><strong>’</strong></span> <span class='ocrx_word' id='word_1_545' title='bbox 362 1912 409 1938; x_wconf 80' lang='grc' dir='ltr'><strong>καὶ</strong></span> <span class='ocrx_word' id='word_1_546' title='bbox 421 1911 496 1938; x_wconf 72' lang='grc' dir='ltr'>ἔσται</span> <span class='ocrx_word' id='word_1_547' title='bbox 512 1910 600 1937; x_wconf 84' lang='grc' dir='ltr'>πάντα</span> <span class='ocrx_word' id='word_1_548' title='bbox 610 1909 645 1936; x_wconf 76' lang='grc' dir='ltr'>τὰ</span> <span class='ocrx_word' id='word_1_549' title='bbox 661 1909 753 1936; x_wconf 87' lang='grc' dir='ltr'>σκολιὰ</span> <span class='ocrx_word' id='word_1_550' title='bbox 767 1910 807 1940; x_wconf 85' lang='grc' dir='ltr'><strong>είς</strong></span> <span class='ocrx_word' id='word_1_551' title='bbox 821 1908 928 1936; x_wconf 85' lang='grc' dir='ltr'>εὐθεῖαν</span> 
     </span>
    </p>
   </div>
   <div class='ocr_carea' id='block_1_70' title="bbox 137 1955 930 1993">
    <p class='ocr_par' dir='ltr' id='par_1_70' title="bbox 137 1955 930 1993">
     <span class='ocr_line' id='line_1_70' title="bbox 137 1955 930 1993; baseline -0.004 -9"><span class='ocrx_word' id='word_1_552' title='bbox 137 1957 187 1984; x_wconf 71' lang='grc' dir='ltr'><strong>καὶ</strong></span> <span class='ocrx_word' id='word_1_553' title='bbox 200 1958 217 1992; x_wconf 86' lang='grc' dir='ltr'>ὴ</span> <span class='ocrx_word' id='word_1_554' title='bbox 234 1959 346 1993; x_wconf 84' lang='grc' dir='ltr'>τραχεῖα</span> <span class='ocrx_word' id='word_1_555' title='bbox 362 1958 402 1990; x_wconf 84' lang='grc' dir='ltr'>εἰς</span> <span class='ocrx_word' id='word_1_556' title='bbox 415 1957 507 1983; x_wconf 77' lang='grc' dir='ltr'>πεδία·</span> <span class='ocrx_word' id='word_1_557' title='bbox 525 1957 572 1983; x_wconf 83' lang='grc' dir='ltr'>καὶ</span> <span class='ocrx_word' id='word_1_558' title='bbox 588 1955 735 1991; x_wconf 78' lang='grc' dir='ltr'>ὀφθήσεται</span> <span class='ocrx_word' id='word_1_559' title='bbox 760 1956 777 1991; x_wconf 88' lang='grc' dir='ltr'><strong>ή</strong></span> <span class='ocrx_word' id='word_1_560' title='bbox 799 1955 862 1988; x_wconf 79' lang='grc' dir='ltr'>δόξα</span> <span class='ocrx_word' id='word_1_561' title='bbox 874 1955 930 1981; x_wconf 85' lang='grc' dir='ltr'><strong>Κυ-</strong></span> 
     </span>
    </p>
   </div>
   <div class='ocr_carea' id='block_1_71' title="bbox 139 1999 928 2038">
    <p class='ocr_par' dir='ltr' id='par_1_71' title="bbox 139 1999 928 2038">
     <span class='ocr_line' id='line_1_71' title="bbox 139 1999 928 2038; baseline -0.004 -9"><span class='ocrx_word' id='word_1_562' title='bbox 139 2002 209 2038; x_wconf 88' lang='grc' dir='ltr'>ρίου,</span> <span class='ocrx_word' id='word_1_563' title='bbox 224 2003 271 2029; x_wconf 75' lang='grc' dir='ltr'><strong>καὶ</strong></span> <span class='ocrx_word' id='word_1_564' title='bbox 289 2003 385 2038; x_wconf 61' lang='grc' dir='ltr'>ὄψεται</span> <span class='ocrx_word' id='word_1_565' title='bbox 409 2003 484 2029; x_wconf 79' lang='grc' dir='ltr'>πᾶσα</span> <span class='ocrx_word' id='word_1_566' title='bbox 500 2001 568 2038; x_wconf 77' lang='grc' dir='ltr'><strong>σὰρξ</strong></span> <span class='ocrx_word' id='word_1_567' title='bbox 582 2002 612 2029; x_wconf 79' lang='grc' dir='ltr'>τὸ</span> <span class='ocrx_word' id='word_1_568' title='bbox 629 2001 770 2037; x_wconf 89' lang='grc' dir='ltr'>Σωτήριον</span> <span class='ocrx_word' id='word_1_569' title='bbox 784 2000 832 2027; x_wconf 85' lang='grc' dir='ltr'><strong>τοῦ</strong></span> <span class='ocrx_word' id='word_1_570' title='bbox 848 1999 928 2032; x_wconf 82' lang='grc' dir='ltr'>Θεοῦ,</span> 
     </span>
    </p>
   </div>
   <div class='ocr_carea' id='block_1_72' title="bbox 138 2044 929 2083">
    <p class='ocr_par' dir='ltr' id='par_1_72' title="bbox 138 2044 929 2083">
     <span class='ocr_line' id='line_1_72' title="bbox 138 2044 929 2083; baseline -0.006 -9"><span class='ocrx_word' id='word_1_571' title='bbox 138 2047 181 2074; x_wconf 78' lang='grc' dir='ltr'>ὅτι</span> <span class='ocrx_word' id='word_1_572' title='bbox 198 2047 298 2082; x_wconf 83' lang='grc' dir='ltr'>Κύριος</span> <span class='ocrx_word' id='word_1_573' title='bbox 320 2046 458 2083; x_wconf 81' lang='grc' dir='ltr'>ἐλάλησεν.</span> <span class='ocrx_word' id='word_1_574' title='bbox 474 2047 522 2073; x_wconf 76' lang='grc' dir='ltr'><strong>»Ὁ</strong></span> <span class='ocrx_word' id='word_1_575' title='bbox 546 2045 592 2073; x_wconf 88' lang='grc' dir='ltr'><strong>τοῦ</strong></span> <span class='ocrx_word' id='word_1_576' title='bbox 614 2045 740 2080; x_wconf 85' lang='grc' dir='ltr'>Σωτῆρος</span> <span class='ocrx_word' id='word_1_577' title='bbox 766 2044 843 2080; x_wconf 83' lang='grc' dir='ltr'>ήμῶν</span> <span class='ocrx_word' id='word_1_578' title='bbox 861 2044 929 2080; x_wconf 89' lang='grc' dir='ltr'>πρό-</span> 
     </span>
    </p>
   </div>
   <div class='ocr_carea' id='block_1_73' title="bbox 139 2089 927 2128">
    <p class='ocr_par' dir='ltr' id='par_1_73' title="bbox 139 2089 927 2128">
     <span class='ocr_line' id='line_1_73' title="bbox 139 2089 927 2128; baseline -0.006 -9"><span class='ocrx_word' id='word_1_579' title='bbox 139 2092 239 2128; x_wconf 87' lang='grc' dir='ltr'>δρομος</span> <span class='ocrx_word' id='word_1_580' title='bbox 258 2092 382 2128; x_wconf 76' lang='grc' dir='ltr'>Ἰωάννης</span> <span class='ocrx_word' id='word_1_581' title='bbox 401 2093 458 2124; x_wconf 81' lang='grc' dir='ltr'>τοῖς</span> <span class='ocrx_word' id='word_1_582' title='bbox 479 2090 655 2127; x_wconf 77' lang='grc' dir='ltr'>ἐπερωτῶσιν</span> <span class='ocrx_word' id='word_1_583' title='bbox 680 2089 760 2116; x_wconf 84' lang='grc' dir='ltr'>αὑτὸν</span> <span class='ocrx_word' id='word_1_584' title='bbox 777 2089 853 2121; x_wconf 84' lang='grc' dir='ltr'>ὅστις</span> <span class='ocrx_word' id='word_1_585' title='bbox 873 2089 927 2125; x_wconf 78' lang='grc' dir='ltr'>εἴη,</span> 
     </span>
    </p>
   </div>
   <div class='ocr_carea' id='block_1_74' title="bbox 141 2134 932 2173">
    <p class='ocr_par' dir='ltr' id='par_1_74' title="bbox 141 2134 932 2173">
     <span class='ocr_line' id='line_1_74' title="bbox 141 2134 932 2173; baseline -0.001 -9"><span class='ocrx_word' id='word_1_586' title='bbox 141 2137 239 2172; x_wconf 86' lang='grc' dir='ltr'>φησίν·</span> <span class='ocrx_word' id='word_1_587' title='bbox 257 2147 267 2163; x_wconf 74' lang='grc' dir='ltr'><strong>ι</strong></span> <span class='ocrx_word' id='word_1_588' title='bbox 279 2137 349 2172; x_wconf 87' lang='grc' dir='ltr'><strong>Ἐγὼ</strong></span> <span class='ocrx_word' id='word_1_589' title='bbox 362 2137 437 2173; x_wconf 85' lang='grc' dir='ltr'>φωνὴ</span> <span class='ocrx_word' id='word_1_590' title='bbox 451 2137 566 2173; x_wconf 84' lang='grc' dir='ltr'>βοῶντος</span> <span class='ocrx_word' id='word_1_591' title='bbox 579 2137 608 2163; x_wconf 82' lang='grc' dir='ltr'>ὲν</span> <span class='ocrx_word' id='word_1_592' title='bbox 621 2137 653 2171; x_wconf 85' lang='grc' dir='ltr'>τῇ</span> <span class='ocrx_word' id='word_1_593' title='bbox 671 2136 778 2171; x_wconf 77' lang='grc' dir='ltr'>ἐρήμῳ,</span> <span class='ocrx_word' id='word_1_594' title='bbox 793 2145 802 2161; x_wconf 78' lang='grc' dir='ltr'><strong>ι</strong></span> <span class='ocrx_word' id='word_1_595' title='bbox 825 2135 871 2163; x_wconf 78' lang='grc' dir='ltr'><strong>καὶ</strong></span> <span class='ocrx_word' id='word_1_596' title='bbox 896 2134 932 2163; x_wconf 82' lang='grc' dir='ltr'>τὰ</span> 
     </span>
    </p>
   </div>
   <div class='ocr_carea' id='block_1_75' title="bbox 140 2179 931 2219">
    <p class='ocr_par' dir='ltr' id='par_1_75' title="bbox 140 2179 931 2219">
     <span class='ocr_line' id='line_1_75' title="bbox 140 2179 931 2219; baseline -0.005 -9"><span class='ocrx_word' id='word_1_597' title='bbox 140 2183 215 2219; x_wconf 73' lang='grc' dir='ltr'>ἑξῆς.</span> <span class='ocrx_word' id='word_1_598' title='bbox 232 2183 333 2210; x_wconf 78' lang='grc' dir='ltr'>Τούτου</span> <span class='ocrx_word' id='word_1_599' title='bbox 355 2183 388 2219; x_wconf 88' lang='grc' dir='ltr'>δὴ</span> <span class='ocrx_word' id='word_1_600' title='bbox 411 2181 457 2210; x_wconf 84' lang='grc' dir='ltr'>οὖν</span> <span class='ocrx_word' id='word_1_601' title='bbox 477 2183 557 2219; x_wconf 83' lang='grc' dir='ltr'>χάριν</span> <span class='ocrx_word' id='word_1_602' title='bbox 570 2180 723 2216; x_wconf 60' lang='grc' dir='ltr'>’ἐξεθέμεθα</span> <span class='ocrx_word' id='word_1_603' title='bbox 737 2181 767 2207; x_wconf 84' lang='grc' dir='ltr'>τὸ</span> <span class='ocrx_word' id='word_1_604' title='bbox 783 2179 931 2215; x_wconf 83' lang='grc' dir='ltr'>κεφάλαιον</span> 
     </span>
    </p>
   </div>
   <div class='ocr_carea' id='block_1_76' title="bbox 141 2223 930 2264">
    <p class='ocr_par' dir='ltr' id='par_1_76' title="bbox 141 2223 930 2264">
     <span class='ocr_line' id='line_1_76' title="bbox 141 2223 930 2264; baseline -0.005 -9"><span class='ocrx_word' id='word_1_605' title='bbox 141 2230 171 2255; x_wconf 78' lang='grc' dir='ltr'><strong>ὲν</strong></span> <span class='ocrx_word' id='word_1_606' title='bbox 185 2230 242 2260; x_wconf 82' lang='grc' dir='ltr'>τοῖς</span> <span class='ocrx_word' id='word_1_607' title='bbox 254 2228 317 2263; x_wconf 74' lang='grc' dir='ltr'>περὶ</span> <span class='ocrx_word' id='word_1_608' title='bbox 331 2227 449 2264; x_wconf 84' lang='grc' dir='ltr'>Χριστοῦ</span> <span class='ocrx_word' id='word_1_609' title='bbox 466 2227 637 2264; x_wconf 82' lang='grc' dir='ltr'>μαρτυρίοις,</span> <span class='ocrx_word' id='word_1_610' title='bbox 652 2225 785 2262; x_wconf 80' lang='grc' dir='ltr'>σύμὸολον</span> <span class='ocrx_word' id='word_1_611' title='bbox 802 2223 870 2252; x_wconf 74' lang='grc' dir='ltr'>εἶναι</span> <span class='ocrx_word' id='word_1_612' title='bbox 886 2234 930 2251; x_wconf 91' lang='grc' dir='ltr'>νο-</span> 
     </span>
    </p>
   </div>
   <div class='ocr_carea' id='block_1_77' title="bbox 143 2270 929 2310">
    <p class='ocr_par' dir='ltr' id='par_1_77' title="bbox 143 2270 929 2310">
     <span class='ocr_line' id='line_1_77' title="bbox 143 2270 929 2310; baseline -0.004 -10"><span class='ocrx_word' id='word_1_613' title='bbox 143 2273 269 2310; x_wconf 76' lang='grc' dir='ltr'>μίζοντες</span> <span class='ocrx_word' id='word_1_614' title='bbox 295 2273 419 2308; x_wconf 84' lang='grc' dir='ltr'>Ἰωάννην</span> <span class='ocrx_word' id='word_1_615' title='bbox 452 2273 497 2300; x_wconf 86' lang='grc' dir='ltr'><strong>τοῦ</strong></span> <span class='ocrx_word' id='word_1_616' title='bbox 524 2271 702 2300; x_wconf 80' lang='grc' dir='ltr'>άποστολικοῦ</span> <span class='ocrx_word' id='word_1_617' title='bbox 733 2270 929 2307; x_wconf 78' lang='grc' dir='ltr'>κηρύγματος·</span> 
     </span>
    </p>
   </div>
   <div class='ocr_carea' id='block_1_78' title="bbox 141 2318 931 2356">
    <p class='ocr_par' dir='ltr' id='par_1_78' title="bbox 141 2318 931 2356">
     <span class='ocr_line' id='line_1_78' title="bbox 141 2318 931 2356; baseline -0.006 -8"><span class='ocrx_word' id='word_1_618' title='bbox 141 2320 253 2355; x_wconf 85' lang='grc' dir='ltr'>τοιαύτη</span> <span class='ocrx_word' id='word_1_619' title='bbox 268 2319 321 2356; x_wconf 91' lang='grc' dir='ltr'><strong>γάρ</strong></span> <span class='ocrx_word' id='word_1_620' title='bbox 341 2319 382 2345; x_wconf 86' lang='grc' dir='ltr'>τοι</span> <span class='ocrx_word' id='word_1_621' title='bbox 401 2320 475 2346; x_wconf 71' lang='grc' dir='ltr'>ἐστιν</span> <span class='ocrx_word' id='word_1_622' title='bbox 489 2321 506 2355; x_wconf 86' lang='grc' dir='ltr'><strong>ή</strong></span> <span class='ocrx_word' id='word_1_623' title='bbox 524 2321 552 2346; x_wconf 82' lang='grc' dir='ltr'><strong>ὲν</strong></span> <span class='ocrx_word' id='word_1_624' title='bbox 563 2321 596 2355; x_wconf 84' lang='grc' dir='ltr'>τῇ</span> <span class='ocrx_word' id='word_1_625' title='bbox 619 2319 717 2355; x_wconf 72' lang='grc' dir='ltr'>ἐρήμῳ</span> <span class='ocrx_word' id='word_1_626' title='bbox 734 2318 824 2353; x_wconf 85' lang='grc' dir='ltr'>βοῶσα</span> <span class='ocrx_word' id='word_1_627' title='bbox 845 2318 931 2353; x_wconf 80' lang='grc' dir='ltr'>φωνὴ,</span> 
     </span>
    </p>
   </div>
   <div class='ocr_carea' id='block_1_79' title="bbox 141 2363 931 2402">
    <p class='ocr_par' dir='ltr' id='par_1_79' title="bbox 141 2363 931 2402">
     <span class='ocr_line' id='line_1_79' title="bbox 141 2363 931 2402; baseline -0.006 -8"><span class='ocrx_word' id='word_1_628' title='bbox 141 2367 249 2402; x_wconf 80' lang='grc' dir='ltr'>ἄσημός</span> <span class='ocrx_word' id='word_1_629' title='bbox 266 2374 308 2397; x_wconf 84' lang='grc' dir='ltr'><strong>τις</strong></span> <span class='ocrx_word' id='word_1_630' title='bbox 321 2363 399 2398; x_wconf 84' lang='grc' dir='ltr'>οὖσα,</span> <span class='ocrx_word' id='word_1_631' title='bbox 409 2365 457 2392; x_wconf 76' lang='grc' dir='ltr'><strong>καὶ</strong></span> <span class='ocrx_word' id='word_1_632' title='bbox 470 2365 653 2400; x_wconf 83' lang='grc' dir='ltr'>άδιάρθρωτος</span> <span class='ocrx_word' id='word_1_633' title='bbox 667 2366 724 2396; x_wconf 86' lang='grc' dir='ltr'>τοῖς</span> <span class='ocrx_word' id='word_1_634' title='bbox 736 2364 800 2400; x_wconf 81' lang='grc' dir='ltr'>ἄρτι</span> <span class='ocrx_word' id='word_1_635' title='bbox 817 2371 931 2399; x_wconf 85' lang='grc' dir='ltr'>στοιχει-</span> 
     </span>
    </p>
   </div>
   <div class='ocr_carea' id='block_1_80' title="bbox 1257 1724 1473 1752">
    <p class='ocr_par' dir='ltr' id='par_1_80' title="bbox 1257 1724 1473 1752">
     <span class='ocr_line' id='line_1_80' title="bbox 1257 1724 1473 1752; baseline 0 0"><span class='ocrx_word' id='word_1_636' title='bbox 1257 1724 1373 1752; x_wconf 83' lang='lat' dir='ltr'><strong>CAPUT</strong></span> <span class='ocrx_word' id='word_1_637' title='bbox 1393 1725 1473 1752; x_wconf 79' lang='lat' dir='ltr'>XVII.</span> 
     </span>
    </p>
   </div>
   <div class='ocr_carea' id='block_1_81' title="bbox 1013 1770 1766 1800">
    <p class='ocr_par' dir='ltr' id='par_1_81' title="bbox 1013 1770 1766 1800">
     <span class='ocr_line' id='line_1_81' title="bbox 1013 1770 1766 1800; baseline 0.003 -3"><span class='ocrx_word' id='word_1_638' title='bbox 1013 1780 1023 1797; x_wconf 80' lang='grc' dir='ltr'><strong>ι</strong></span> <span class='ocrx_word' id='word_1_639' title='bbox 1041 1770 1099 1798; x_wconf 74' lang='lat' dir='ltr'><strong>Vox</strong></span> <span class='ocrx_word' id='word_1_640' title='bbox 1116 1771 1260 1798; x_wconf 81' lang='lat' dir='ltr'><strong>clamantis</strong></span> <span class='ocrx_word' id='word_1_641' title='bbox 1279 1772 1307 1798; x_wconf 89' lang='lat' dir='ltr'><strong>in</strong></span> <span class='ocrx_word' id='word_1_642' title='bbox 1324 1771 1434 1798; x_wconf 79' lang='lat' dir='ltr'><strong>deserto</strong></span> <span class='ocrx_word' id='word_1_643' title='bbox 1451 1781 1458 1798; x_wconf 89' lang='lat'><strong>:</strong></span> <span class='ocrx_word' id='word_1_644' title='bbox 1475 1770 1574 1799; x_wconf 89' lang='lat' dir='ltr'><strong>Parate</strong></span> <span class='ocrx_word' id='word_1_645' title='bbox 1587 1772 1659 1799; x_wconf 89' lang='lat' dir='ltr'><strong>viam</strong></span> <span class='ocrx_word' id='word_1_646' title='bbox 1673 1771 1766 1800; x_wconf 92' lang='lat' dir='ltr'><strong>Domi-</strong></span> 
     </span>
    </p>
   </div>
   <div class='ocr_carea' id='block_1_82' title="bbox 976 1816 1765 1856">
    <p class='ocr_par' dir='ltr' id='par_1_82' title="bbox 976 1816 1765 1856">
     <span class='ocr_line' id='line_1_82' title="bbox 976 1816 1765 1856; baseline 0.004 -14"><span class='ocrx_word' id='word_1_647' title='bbox 976 1816 1042 1843; x_wconf 92' lang='lat' dir='ltr'><strong>mini</strong></span> <span class='ocrx_word' id='word_1_648' title='bbox 1056 1825 1063 1850; x_wconf 90' lang='lat'><strong>;</strong></span> <span class='ocrx_word' id='word_1_649' title='bbox 1078 1820 1166 1844; x_wconf 89' lang='lat' dir='ltr'><strong>rectas</strong></span> <span class='ocrx_word' id='word_1_650' title='bbox 1189 1816 1271 1844; x_wconf 79' lang='lat' dir='ltr'><strong>facile</strong></span> <span class='ocrx_word' id='word_1_651' title='bbox 1285 1817 1398 1844; x_wconf 86' lang='lat' dir='ltr'><strong>semitas</strong></span> <span class='ocrx_word' id='word_1_652' title='bbox 1412 1816 1483 1856; x_wconf 80' lang='lat' dir='ltr'><strong>ejus.</strong></span> <span class='ocrx_word' id='word_1_653' title='bbox 1506 1817 1602 1844; x_wconf 85' lang='lat' dir='ltr'><strong>Omnis</strong></span> <span class='ocrx_word' id='word_1_654' title='bbox 1622 1818 1702 1845; x_wconf 81' lang='lat' dir='ltr'><strong>vallis</strong></span> <span class='ocrx_word' id='word_1_655' title='bbox 1714 1818 1765 1845; x_wconf 90' lang='lat' dir='ltr'><strong>im-</strong></span> 
     </span>
    </p>
   </div>
   <div class='ocr_carea' id='block_1_83' title="bbox 976 1862 1766 1897">
    <p class='ocr_par' dir='ltr' id='par_1_83' title="bbox 976 1862 1766 1897">
     <span class='ocr_line' id='line_1_83' title="bbox 976 1862 1766 1897; baseline 0.003 -8"><span class='ocrx_word' id='word_1_656' title='bbox 976 1862 1106 1897; x_wconf 83' lang='lat' dir='ltr'><strong>plebitur,</strong></span> <span class='ocrx_word' id='word_1_657' title='bbox 1119 1867 1146 1890; x_wconf 89' lang='lat' dir='ltr'><strong>et</strong></span> <span class='ocrx_word' id='word_1_658' title='bbox 1162 1863 1252 1890; x_wconf 89' lang='lat' dir='ltr'><strong>omnis</strong></span> <span class='ocrx_word' id='word_1_659' title='bbox 1267 1870 1347 1890; x_wconf 91' lang='lat' dir='ltr'><strong>mons</strong></span> <span class='ocrx_word' id='word_1_660' title='bbox 1362 1867 1389 1890; x_wconf 89' lang='lat' dir='ltr'><strong>et</strong></span> <span class='ocrx_word' id='word_1_661' title='bbox 1411 1863 1489 1891; x_wconf 83' lang='lat' dir='ltr'><strong>collis</strong></span> <span class='ocrx_word' id='word_1_662' title='bbox 1506 1863 1697 1891; x_wconf 87' lang='lat' dir='ltr'><strong>humiliabitur</strong></span> <span class='ocrx_word' id='word_1_663' title='bbox 1716 1874 1722 1892; x_wconf 90' lang='lat'><strong>:</strong></span> <span class='ocrx_word' id='word_1_664' title='bbox 1738 1868 1766 1892; x_wconf 89' lang='lat' dir='ltr'><strong>et</strong></span> 
     </span>
    </p>
   </div>
   <div class='ocr_carea' id='block_1_84' title="bbox 977 1909 1765 1945">
    <p class='ocr_par' dir='ltr' id='par_1_84' title="bbox 977 1909 1765 1945">
     <span class='ocr_line' id='line_1_84' title="bbox 977 1909 1765 1945; baseline 0.004 -10"><span class='ocrx_word' id='word_1_665' title='bbox 977 1912 1058 1935; x_wconf 86' lang='lat' dir='ltr'><strong>erunt</strong></span> <span class='ocrx_word' id='word_1_666' title='bbox 1073 1916 1157 1943; x_wconf 85' lang='lat' dir='ltr'><strong>prava</strong></span> <span class='ocrx_word' id='word_1_667' title='bbox 1173 1909 1201 1936; x_wconf 91' lang='lat' dir='ltr'><strong>in</strong></span> <span class='ocrx_word' id='word_1_668' title='bbox 1217 1913 1318 1937; x_wconf 87' lang='lat' dir='ltr'><strong>rectam</strong></span> <span class='ocrx_word' id='word_1_669' title='bbox 1331 1914 1357 1937; x_wconf 87' lang='lat' dir='ltr'><strong>et</strong></span> <span class='ocrx_word' id='word_1_670' title='bbox 1371 1917 1468 1945; x_wconf 74' lang='lat' dir='ltr'><strong>aspera</strong></span> <span class='ocrx_word' id='word_1_671' title='bbox 1481 1910 1508 1936; x_wconf 94' lang='lat' dir='ltr'><strong>in</strong></span> <span class='ocrx_word' id='word_1_672' title='bbox 1530 1910 1589 1937; x_wconf 83' lang='lat' dir='ltr'><strong>vias</strong></span> <span class='ocrx_word' id='word_1_673' title='bbox 1604 1910 1700 1944; x_wconf 87' lang='lat' dir='ltr'><strong>planas</strong></span> <span class='ocrx_word' id='word_1_674' title='bbox 1716 1920 1722 1938; x_wconf 87' lang='lat'><strong>:</strong></span> <span class='ocrx_word' id='word_1_675' title='bbox 1737 1914 1765 1938; x_wconf 88' lang='lat' dir='ltr'><strong>et</strong></span> 
     </span>
    </p>
   </div>
   <div class='ocr_carea' id='block_1_85' title="bbox 977 1954 1766 1990">
    <p class='ocr_par' dir='ltr' id='par_1_85' title="bbox 977 1954 1766 1990">
     <span class='ocr_line' id='line_1_85' title="bbox 977 1954 1766 1990; baseline 0.004 -9"><span class='ocrx_word' id='word_1_676' title='bbox 977 1954 1115 1982; x_wconf 83' lang='lat' dir='ltr'><strong>videbitur</strong></span> <span class='ocrx_word' id='word_1_677' title='bbox 1133 1955 1220 1990; x_wconf 78' lang='lat' dir='ltr'><strong>gloria</strong></span> <span class='ocrx_word' id='word_1_678' title='bbox 1234 1955 1350 1984; x_wconf 90' lang='lat' dir='ltr'><strong>Domini.</strong></span> <span class='ocrx_word' id='word_1_679' title='bbox 1372 1956 1403 1983; x_wconf 87' lang='lat' dir='ltr'><strong>Et</strong></span> <span class='ocrx_word' id='word_1_680' title='bbox 1417 1957 1517 1984; x_wconf 88' lang='lat' dir='ltr'><strong>videbit</strong></span> <span class='ocrx_word' id='word_1_681' title='bbox 1534 1957 1624 1984; x_wconf 90' lang='lat' dir='ltr'><strong>omnis</strong></span> <span class='ocrx_word' id='word_1_682' title='bbox 1639 1964 1703 1984; x_wconf 82' lang='lat' dir='ltr'><strong>caro</strong></span> <span class='ocrx_word' id='word_1_683' title='bbox 1715 1956 1766 1984; x_wconf 88' lang='lat' dir='ltr'><strong>Sa-</strong></span> 
     </span>
    </p>
   </div>
   <div class='ocr_carea' id='block_1_86' title="bbox 979 2000 1767 2035">
    <p class='ocr_par' dir='ltr' id='par_1_86' title="bbox 979 2000 1767 2035">
     <span class='ocr_line' id='line_1_86' title="bbox 979 2000 1767 2035; baseline 0.003 -8"><span class='ocrx_word' id='word_1_684' title='bbox 979 2000 1066 2027; x_wconf 87' lang='lat' dir='ltr'><strong>lutare</strong></span> <span class='ocrx_word' id='word_1_685' title='bbox 1081 2000 1139 2032; x_wconf 83' lang='lat' dir='ltr'><strong>Dei.</strong></span> <span class='ocrx_word' id='word_1_686' title='bbox 1158 2001 1286 2035; x_wconf 88' lang='lat' dir='ltr'><strong>quoniam</strong></span> <span class='ocrx_word' id='word_1_687' title='bbox 1311 2000 1444 2029; x_wconf 88' lang='lat' dir='ltr'><strong>Dominus</strong></span> <span class='ocrx_word' id='word_1_688' title='bbox 1464 2001 1573 2029; x_wconf 90' lang='lat' dir='ltr'><strong>locutus</strong></span> <span class='ocrx_word' id='word_1_689' title='bbox 1588 2002 1660 2029; x_wconf 67' lang='lat' dir='ltr'><strong>est‘.</strong></span> <span class='ocrx_word' id='word_1_690' title='bbox 1681 2012 1690 2028; x_wconf 76' lang='grc' dir='ltr'><strong>ι</strong></span> <span class='ocrx_word' id='word_1_691' title='bbox 1709 2002 1767 2029; x_wconf 86' lang='lat' dir='ltr'><strong>Sal-</strong></span> 
     </span>
    </p>
   </div>
   <div class='ocr_carea' id='block_1_87' title="bbox 978 2048 1766 2083">
    <p class='ocr_par' dir='ltr' id='par_1_87' title="bbox 978 2048 1766 2083">
     <span class='ocr_line' id='line_1_87' title="bbox 978 2048 1766 2083; baseline 0.004 -10"><span class='ocrx_word' id='word_1_692' title='bbox 978 2048 1082 2074; x_wconf 86' lang='lat' dir='ltr'><strong>vatoris</strong></span> <span class='ocrx_word' id='word_1_693' title='bbox 1103 2048 1190 2074; x_wconf 86' lang='lat' dir='ltr'><strong>nostri</strong></span> <span class='ocrx_word' id='word_1_694' title='bbox 1214 2055 1368 2082; x_wconf 66' lang='lat' dir='ltr'><strong>praecursor</strong></span> <span class='ocrx_word' id='word_1_695' title='bbox 1395 2048 1514 2076; x_wconf 88' lang='lat' dir='ltr'><strong>Joannes</strong></span> <span class='ocrx_word' id='word_1_696' title='bbox 1534 2048 1766 2083; x_wconf 74' lang='lat' dir='ltr'><strong>interrogantibus</strong></span> 
     </span>
    </p>
   </div>
   <div class='ocr_carea' id='block_1_88' title="bbox 980 2092 1767 2128">
    <p class='ocr_par' dir='ltr' id='par_1_88' title="bbox 980 2092 1767 2128">
     <span class='ocr_line' id='line_1_88' title="bbox 980 2092 1767 2128; baseline 0.003 -9"><span class='ocrx_word' id='word_1_697' title='bbox 980 2099 1041 2119; x_wconf 83' lang='lat' dir='ltr'><strong>eum</strong></span> <span class='ocrx_word' id='word_1_698' title='bbox 1053 2092 1115 2127; x_wconf 89' lang='lat' dir='ltr'><strong>quis</strong></span> <span class='ocrx_word' id='word_1_699' title='bbox 1132 2097 1215 2126; x_wconf 84' lang='lat' dir='ltr'><strong>esset,</strong></span> <span class='ocrx_word' id='word_1_700' title='bbox 1231 2094 1287 2120; x_wconf 88' lang='lat' dir='ltr'><strong>ait:</strong></span> <span class='ocrx_word' id='word_1_701' title='bbox 1306 2103 1315 2119; x_wconf 77' lang='grc' dir='ltr'><strong>ι</strong></span> <span class='ocrx_word' id='word_1_702' title='bbox 1331 2093 1384 2128; x_wconf 83' lang='lat' dir='ltr'><strong>Ego</strong></span> <span class='ocrx_word' id='word_1_703' title='bbox 1401 2101 1452 2120; x_wconf 82' lang='lat' dir='ltr'><strong>vox</strong></span> <span class='ocrx_word' id='word_1_704' title='bbox 1469 2094 1614 2121; x_wconf 87' lang='lat' dir='ltr'><strong>clamantis</strong></span> <span class='ocrx_word' id='word_1_705' title='bbox 1629 2095 1655 2121; x_wconf 88' lang='lat' dir='ltr'><strong>in</strong></span> <span class='ocrx_word' id='word_1_706' title='bbox 1670 2094 1767 2122; x_wconf 88' lang='lat' dir='ltr'><strong>deser-</strong></span> 
     </span>
    </p>
   </div>
   <div class='ocr_carea' id='block_1_89' title="bbox 980 2138 1767 2175">
    <p class='ocr_par' dir='ltr' id='par_1_89' title="bbox 980 2138 1767 2175">
     <span class='ocr_line' id='line_1_89' title="bbox 980 2138 1767 2175; baseline 0.003 -10"><span class='ocrx_word' id='word_1_707' title='bbox 980 2143 1019 2169; x_wconf 88' lang='lat' dir='ltr'><strong>to.</strong></span> <span class='ocrx_word' id='word_1_708' title='bbox 1036 2147 1046 2164; x_wconf 73' lang='grc' dir='ltr'><strong>ι</strong></span> <span class='ocrx_word' id='word_1_709' title='bbox 1066 2142 1092 2165; x_wconf 88' lang='lat' dir='ltr'><strong>et</strong></span> <span class='ocrx_word' id='word_1_710' title='bbox 1113 2145 1175 2173; x_wconf 65' lang='lat' dir='ltr'><strong>qua:</strong></span> <span class='ocrx_word' id='word_1_711' title='bbox 1195 2143 1358 2172; x_wconf 87' lang='lat' dir='ltr'><strong>sequuntur.</strong></span> <span class='ocrx_word' id='word_1_712' title='bbox 1376 2138 1463 2173; x_wconf 84' lang='lat' dir='ltr'><strong>Hujus</strong></span> <span class='ocrx_word' id='word_1_713' title='bbox 1477 2146 1542 2166; x_wconf 89' lang='lat' dir='ltr'><strong>vero</strong></span> <span class='ocrx_word' id='word_1_714' title='bbox 1559 2139 1645 2175; x_wconf 79' lang='lat' dir='ltr'><strong>gratia</strong></span> <span class='ocrx_word' id='word_1_715' title='bbox 1667 2140 1767 2174; x_wconf 66' lang='lat' dir='ltr'><strong>prteci-</strong></span> 
     </span>
    </p>
   </div>
   <div class='ocr_carea' id='block_1_90' title="bbox 980 2183 1768 2221">
    <p class='ocr_par' dir='ltr' id='par_1_90' title="bbox 980 2183 1768 2221">
     <span class='ocr_line' id='line_1_90' title="bbox 980 2183 1768 2221; baseline 0.003 -11"><span class='ocrx_word' id='word_1_716' title='bbox 980 2191 1063 2218; x_wconf 90' lang='lat' dir='ltr'><strong>puum</strong></span> <span class='ocrx_word' id='word_1_717' title='bbox 1079 2183 1223 2211; x_wconf 78' lang='lat' dir='ltr'><strong>retuiimus</strong></span> <span class='ocrx_word' id='word_1_718' title='bbox 1239 2184 1267 2210; x_wconf 91' lang='lat' dir='ltr'><strong>in</strong></span> <span class='ocrx_word' id='word_1_719' title='bbox 1282 2184 1447 2211; x_wconf 79' lang='lat' dir='ltr'><strong>testimoniis</strong></span> <span class='ocrx_word' id='word_1_720' title='bbox 1460 2183 1494 2211; x_wconf 89' lang='lat' dir='ltr'><strong>de</strong></span> <span class='ocrx_word' id='word_1_721' title='bbox 1515 2183 1637 2216; x_wconf 84' lang='lat' dir='ltr'><strong>Christo,</strong></span> <span class='ocrx_word' id='word_1_722' title='bbox 1657 2185 1768 2221; x_wconf 84' lang='lat' dir='ltr'><strong>symbo--</strong></span> 
     </span>
    </p>
   </div>
   <div class='ocr_carea' id='block_1_91' title="bbox 983 2229 1765 2267">
    <p class='ocr_par' dir='ltr' id='par_1_91' title="bbox 983 2229 1765 2267">
     <span class='ocr_line' id='line_1_91' title="bbox 983 2229 1765 2267; baseline 0.004 -11"><span class='ocrx_word' id='word_1_723' title='bbox 983 2229 1037 2256; x_wconf 91' lang='lat' dir='ltr'><strong>lum</strong></span> <span class='ocrx_word' id='word_1_724' title='bbox 1055 2237 1118 2257; x_wconf 90' lang='lat' dir='ltr'><strong>esse</strong></span> <span class='ocrx_word' id='word_1_725' title='bbox 1133 2233 1289 2265; x_wconf 77' lang='lat' dir='ltr'><strong>reputantes</strong></span> <span class='ocrx_word' id='word_1_726' title='bbox 1299 2229 1431 2258; x_wconf 70' lang='lat' dir='ltr'><strong>Joannem</strong></span> <span class='ocrx_word' id='word_1_727' title='bbox 1453 2231 1610 2265; x_wconf 73' lang='lat' dir='ltr'><strong>apostolicae</strong></span> <span class='ocrx_word' id='word_1_728' title='bbox 1637 2232 1765 2267; x_wconf 70' lang='lat' dir='ltr'><strong>praedica-</strong></span> 
     </span>
    </p>
   </div>
   <div class='ocr_carea' id='block_1_92' title="bbox 982 2275 1768 2312">
    <p class='ocr_par' dir='ltr' id='par_1_92' title="bbox 982 2275 1768 2312">
     <span class='ocr_line' id='line_1_92' title="bbox 982 2275 1768 2312; baseline 0.003 -10"><span class='ocrx_word' id='word_1_729' title='bbox 982 2275 1076 2303; x_wconf 90' lang='lat' dir='ltr'><strong>tionis.</strong></span> <span class='ocrx_word' id='word_1_730' title='bbox 1093 2275 1166 2303; x_wconf 80' lang='lat' dir='ltr'><strong>Talis</strong></span> <span class='ocrx_word' id='word_1_731' title='bbox 1179 2276 1252 2303; x_wconf 90' lang='lat' dir='ltr'><strong>enim</strong></span> <span class='ocrx_word' id='word_1_732' title='bbox 1264 2279 1307 2303; x_wconf 92' lang='lat' dir='ltr'><strong>est</strong></span> <span class='ocrx_word' id='word_1_733' title='bbox 1321 2275 1348 2302; x_wconf 86' lang='lat' dir='ltr'><strong>in</strong></span> <span class='ocrx_word' id='word_1_734' title='bbox 1364 2275 1475 2303; x_wconf 82' lang='lat' dir='ltr'><strong>deserto</strong></span> <span class='ocrx_word' id='word_1_735' title='bbox 1488 2276 1611 2304; x_wconf 87' lang='lat' dir='ltr'><strong>clamans</strong></span> <span class='ocrx_word' id='word_1_736' title='bbox 1621 2284 1684 2308; x_wconf 82' lang='lat' dir='ltr'><strong>vox,</strong></span> <span class='ocrx_word' id='word_1_737' title='bbox 1693 2277 1768 2312; x_wconf 51' lang='lat' dir='ltr'><strong>igno.</strong></span> 
     </span>
    </p>
   </div>
   <div class='ocr_carea' id='block_1_93' title="bbox 983 2322 1768 2358">
    <p class='ocr_par' dir='ltr' id='par_1_93' title="bbox 983 2322 1768 2358">
     <span class='ocr_line' id='line_1_93' title="bbox 983 2322 1768 2358; baseline 0.003 -8"><span class='ocrx_word' id='word_1_738' title='bbox 983 2323 1046 2351; x_wconf 84' lang='lat' dir='ltr'><strong>bills</strong></span> <span class='ocrx_word' id='word_1_739' title='bbox 1067 2323 1177 2358; x_wconf 88' lang='lat' dir='ltr'><strong>quidem</strong></span> <span class='ocrx_word' id='word_1_740' title='bbox 1193 2326 1220 2350; x_wconf 92' lang='lat' dir='ltr'><strong>et</strong></span> <span class='ocrx_word' id='word_1_741' title='bbox 1243 2323 1419 2350; x_wconf 86' lang='lat' dir='ltr'><strong>inarticulata</strong></span> <span class='ocrx_word' id='word_1_742' title='bbox 1439 2322 1494 2351; x_wconf 89' lang='lat' dir='ltr'><strong>illis</strong></span> <span class='ocrx_word' id='word_1_743' title='bbox 1513 2323 1560 2358; x_wconf 82' lang='lat' dir='ltr'><strong>qui</strong></span> <span class='ocrx_word' id='word_1_744' title='bbox 1581 2323 1671 2350; x_wconf 86' lang='lat' dir='ltr'><strong>adhuc</strong></span> <span class='ocrx_word' id='word_1_745' title='bbox 1685 2324 1768 2352; x_wconf 84' lang='lat' dir='ltr'><strong>rudes</strong></span> 
     </span>
    </p>
   </div>
   <div class='ocr_carea' id='block_1_94' title="bbox 983 2369 1768 2404">
    <p class='ocr_par' dir='ltr' id='par_1_94' title="bbox 983 2369 1768 2404">
     <span class='ocr_line' id='line_1_94' title="bbox 983 2369 1768 2404; baseline -0.001 -5"><span class='ocrx_word' id='word_1_746' title='bbox 983 2375 1070 2400; x_wconf 85' lang='lat' dir='ltr'><strong>erant.</strong></span> <span class='ocrx_word' id='word_1_747' title='bbox 1087 2369 1116 2396; x_wconf 93' lang='lat' dir='ltr'><strong>In</strong></span> <span class='ocrx_word' id='word_1_748' title='bbox 1132 2373 1205 2396; x_wconf 85' lang='lat' dir='ltr'><strong>terra</strong></span> <span class='ocrx_word' id='word_1_749' title='bbox 1229 2369 1294 2396; x_wconf 90' lang='lat' dir='ltr'><strong>olim</strong></span> <span class='ocrx_word' id='word_1_750' title='bbox 1319 2369 1438 2401; x_wconf 86' lang='lat' dir='ltr'><strong>deserta,</strong></span> <span class='ocrx_word' id='word_1_751' title='bbox 1455 2371 1575 2404; x_wconf 83' lang='lat' dir='ltr'><strong>gentium</strong></span> <span class='ocrx_word' id='word_1_752' title='bbox 1590 2370 1716 2398; x_wconf 87' lang='lat' dir='ltr'><strong>videlicet</strong></span> <span class='ocrx_word' id='word_1_753' title='bbox 1740 2371 1768 2398; x_wconf 95' lang='lat' dir='ltr'><strong>in</strong></span> 
     </span>
    </p>
   </div>
   <div class='ocr_carea' id='block_1_95' title="bbox 141 2406 923 2450">
    <p class='ocr_par' dir='ltr' id='par_1_95' title="bbox 141 2409 923 2448">
     <span class='ocr_line' id='line_1_95' title="bbox 141 2409 923 2448; baseline -0.005 -8"><span class='ocrx_word' id='word_1_754' title='bbox 141 2412 267 2448; x_wconf 83' lang='grc' dir='ltr'>ουμὲνοις</span> <span class='ocrx_word' id='word_1_755' title='bbox 277 2420 285 2428; x_wconf 74' lang='grc' dir='ltr'><strong>ο</strong></span> <span class='ocrx_word' id='word_1_756' title='bbox 302 2413 332 2439; x_wconf 84' lang='grc' dir='ltr'>ὲν</span> <span class='ocrx_word' id='word_1_757' title='bbox 353 2412 386 2447; x_wconf 80' lang='grc' dir='ltr'>τῇ</span> <span class='ocrx_word' id='word_1_758' title='bbox 412 2410 495 2438; x_wconf 81' lang='grc' dir='ltr'>πάλαι</span> <span class='ocrx_word' id='word_1_759' title='bbox 511 2411 539 2437; x_wconf 79' lang='grc' dir='ltr'>δὲ</span> <span class='ocrx_word' id='word_1_760' title='bbox 554 2411 661 2446; x_wconf 73' lang='grc' dir='ltr'>ἐρήμῳ,</span> <span class='ocrx_word' id='word_1_761' title='bbox 676 2412 710 2446; x_wconf 84' lang='grc' dir='ltr'>τῇ</span> <span class='ocrx_word' id='word_1_762' title='bbox 725 2410 754 2442; x_wconf 71' lang='grc' dir='ltr'><strong>ἐξ</strong></span> <span class='ocrx_word' id='word_1_763' title='bbox 768 2409 852 2437; x_wconf 85' lang='grc' dir='ltr'>ὲθνῶν</span> <span class='ocrx_word' id='word_1_764' title='bbox 870 2409 923 2436; x_wconf 75' lang='grc' dir='ltr'>Ἑκι</span> 
     </span>
    </p>
   </div>
   <div class='ocr_carea' id='block_1_96' title="bbox 974 2406 1767 2450">
    <p class='ocr_par' dir='ltr' id='par_1_96' title="bbox 985 2415 1767 2450">
     <span class='ocr_line' id='line_1_96' title="bbox 985 2415 1767 2450; baseline -0.003 -6"><span class='ocrx_word' id='word_1_765' title='bbox 985 2416 1117 2448; x_wconf 84' lang='lat' dir='ltr'><strong>Ecclesia,</strong></span> <span class='ocrx_word' id='word_1_766' title='bbox 1129 2415 1192 2442; x_wconf 87' lang='lat' dir='ltr'><strong>talis</strong></span> <span class='ocrx_word' id='word_1_767' title='bbox 1206 2423 1259 2442; x_wconf 79' lang='lat' dir='ltr'><strong>vox</strong></span> <span class='ocrx_word' id='word_1_768' title='bbox 1273 2415 1344 2442; x_wconf 87' lang='lat' dir='ltr'><strong>edita</strong></span> <span class='ocrx_word' id='word_1_769' title='bbox 1357 2423 1455 2450; x_wconf 90' lang='lat' dir='ltr'><strong>parare</strong></span> <span class='ocrx_word' id='word_1_770' title='bbox 1466 2415 1579 2450; x_wconf 87' lang='lat' dir='ltr'><strong>jubebat</strong></span> <span class='ocrx_word' id='word_1_771' title='bbox 1592 2415 1664 2442; x_wconf 87' lang='lat' dir='ltr'><strong>viam</strong></span> <span class='ocrx_word' id='word_1_772' title='bbox 1679 2415 1767 2443; x_wconf 91' lang='lat' dir='ltr'><strong>Domi-</strong></span> 
     </span>
    </p>
   </div>
   <div class='ocr_carea' id='block_1_97' title="bbox 143 2456 931 2494">
    <p class='ocr_par' dir='ltr' id='par_1_97' title="bbox 143 2456 931 2494">
     <span class='ocr_line' id='line_1_97' title="bbox 143 2456 931 2494; baseline -0.004 -8"><span class='ocrx_word' id='word_1_773' title='bbox 143 2458 254 2494; x_wconf 71' lang='grc' dir='ltr'>τιλησίᾳ,</span> <span class='ocrx_word' id='word_1_774' title='bbox 271 2459 289 2494; x_wconf 78' lang='grc' dir='ltr'>ἡ</span> <span class='ocrx_word' id='word_1_775' title='bbox 303 2457 413 2492; x_wconf 88' lang='grc' dir='ltr'>τοιαύτη</span> <span class='ocrx_word' id='word_1_776' title='bbox 427 2456 560 2492; x_wconf 83' lang='grc' dir='ltr'>γενομένη</span> <span class='ocrx_word' id='word_1_777' title='bbox 580 2457 655 2491; x_wconf 84' lang='grc' dir='ltr'>φωνὴ</span> <span class='ocrx_word' id='word_1_778' title='bbox 676 2457 830 2491; x_wconf 78' lang='grc' dir='ltr'>ἑτοιμάζειν</span> <span class='ocrx_word' id='word_1_779' title='bbox 841 2465 931 2493; x_wconf 86' lang='grc' dir='ltr'>παρα-</span> 
     </span>
    </p>
   </div>
   <div class='ocr_carea' id='block_1_98' title="bbox 144 2501 931 2539">
    <p class='ocr_par' dir='ltr' id='par_1_98' title="bbox 144 2501 931 2539">
     <span class='ocr_line' id='line_1_98' title="bbox 144 2501 931 2539; baseline -0.003 -8"><span class='ocrx_word' id='word_1_780' title='bbox 144 2503 285 2531; x_wconf 72' lang='grc' dir='ltr'>κελεύεται</span> <span class='ocrx_word' id='word_1_781' title='bbox 307 2503 355 2539; x_wconf 86' lang='grc' dir='ltr'><strong>τὴν</strong></span> <span class='ocrx_word' id='word_1_782' title='bbox 377 2502 435 2530; x_wconf 83' lang='grc' dir='ltr'>ὁδὸν</span> <span class='ocrx_word' id='word_1_783' title='bbox 459 2501 573 2537; x_wconf 80' lang='grc' dir='ltr'>Κυρίου,</span> <span class='ocrx_word' id='word_1_784' title='bbox 590 2502 638 2527; x_wconf 75' lang='grc' dir='ltr'><strong>καὶ</strong></span> <span class='ocrx_word' id='word_1_785' title='bbox 657 2501 692 2528; x_wconf 86' lang='grc' dir='ltr'>τὰ</span> <span class='ocrx_word' id='word_1_786' title='bbox 702 2501 782 2536; x_wconf 78' lang='grc' dir='ltr'>ἑξῆςο</span> <span class='ocrx_word' id='word_1_787' title='bbox 797 2503 869 2538; x_wconf 84' lang='grc' dir='ltr'>άπερ</span> <span class='ocrx_word' id='word_1_788' title='bbox 886 2503 931 2530; x_wconf 72' lang='grc' dir='ltr'><strong>ἐπὶ</strong></span> 
     </span>
    </p>
   </div>
   <div class='ocr_carea' id='block_1_99' title="bbox 145 2546 929 2586">
    <p class='ocr_par' dir='ltr' id='par_1_99' title="bbox 145 2546 929 2586">
     <span class='ocr_line' id='line_1_99' title="bbox 145 2546 929 2586; baseline -0.004 -9"><span class='ocrx_word' id='word_1_789' title='bbox 145 2550 244 2586; x_wconf 85' lang='grc' dir='ltr'>σχολῆς</span> <span class='ocrx_word' id='word_1_790' title='bbox 260 2546 282 2584; x_wconf 82' lang='grc' dir='ltr'>ᾧ</span> <span class='ocrx_word' id='word_1_791' title='bbox 297 2550 373 2585; x_wconf 80' lang='grc' dir='ltr'>μέλει</span> <span class='ocrx_word' id='word_1_792' title='bbox 389 2549 438 2585; x_wconf 85' lang='grc' dir='ltr'>τῆς</span> <span class='ocrx_word' id='word_1_793' title='bbox 469 2547 571 2575; x_wconf 83' lang='grc' dir='ltr'>τούτων</span> <span class='ocrx_word' id='word_1_794' title='bbox 584 2547 711 2582; x_wconf 88' lang='grc' dir='ltr'>γνώσεως</span> <span class='ocrx_word' id='word_1_795' title='bbox 726 2548 875 2583; x_wconf 72' lang='grc' dir='ltr'>ἐρευνήσας</span> <span class='ocrx_word' id='word_1_796' title='bbox 889 2548 929 2575; x_wconf 82' lang='grc' dir='ltr'>εῐ-</span> 
     </span>
    </p>
   </div>
   <div class='ocr_carea' id='block_1_100' title="bbox 145 2605 233 2624">
    <p class='ocr_par' dir='ltr' id='par_1_100' title="bbox 145 2605 233 2624">
     <span class='ocr_line' id='line_1_100' title="bbox 145 2605 233 2624; baseline 0 0"><span class='ocrx_word' id='word_1_797' title='bbox 145 2605 233 2624; x_wconf 82' lang='grc' dir='ltr'>σεται.</span> 
     </span>
    </p>
   </div>
   <div class='ocr_carea' id='block_1_101' title="bbox 407 2652 674 2680">
    <p class='ocr_par' dir='ltr' id='par_1_101' title="bbox 407 2652 674 2680">
     <span class='ocr_line' id='line_1_101' title="bbox 407 2652 674 2680; baseline -0.004 0"><span class='ocrx_word' id='word_1_798' title='bbox 407 2652 604 2680; x_wconf 76' lang='grc' dir='ltr'><strong>ΚΕΦΑΛΔΙΟΝ</strong></span> <span class='ocrx_word' id='word_1_799' title='bbox 621 2652 674 2679; x_wconf 80' lang='grc' dir='ltr'><strong>ῘΗ’.</strong></span> 
     </span>
    </p>
   </div>
   <div class='ocr_carea' id='block_1_102' title="bbox 189 2696 935 2735">
    <p class='ocr_par' dir='ltr' id='par_1_102' title="bbox 189 2696 935 2735">
     <span class='ocr_line' id='line_1_102' title="bbox 189 2696 935 2735; baseline -0.005 -9"><span class='ocrx_word' id='word_1_800' title='bbox 189 2701 265 2727; x_wconf 79' lang='grc' dir='ltr'>ιἘπ“</span> <span class='ocrx_word' id='word_1_801' title='bbox 282 2700 344 2735; x_wconf 75' lang='grc' dir='ltr'>ὅρος</span> <span class='ocrx_word' id='word_1_802' title='bbox 375 2700 481 2735; x_wconf 75' lang='grc' dir='ltr'>ὑψηλὸν</span> <span class='ocrx_word' id='word_1_803' title='bbox 505 2697 630 2733; x_wconf 80' lang='grc' dir='ltr'>ἀνάϐηθι,</span> <span class='ocrx_word' id='word_1_804' title='bbox 656 2698 670 2724; x_wconf 78' lang='grc' dir='ltr'>ὁ</span> <span class='ocrx_word' id='word_1_805' title='bbox 694 2696 935 2732; x_wconf 80' lang='grc' dir='ltr'>εὐαγγελιζόμενος</span> 
     </span>
    </p>
   </div>
   <div class='ocr_carea' id='block_1_103' title="bbox 148 2742 934 2782">
    <p class='ocr_par' dir='ltr' id='par_1_103' title="bbox 148 2742 934 2782">
     <span class='ocr_line' id='line_1_103' title="bbox 148 2742 934 2782; baseline -0.006 -7"><span class='ocrx_word' id='word_1_806' title='bbox 148 2747 227 2780; x_wconf 84' lang='grc' dir='ltr'>Σιὼν,</span> <span class='ocrx_word' id='word_1_807' title='bbox 238 2747 344 2782; x_wconf 73' lang='grc' dir='ltr'>ὓψωσον</span> <span class='ocrx_word' id='word_1_808' title='bbox 359 2748 392 2782; x_wconf 81' lang='grc' dir='ltr'>τῇ</span> <span class='ocrx_word' id='word_1_809' title='bbox 411 2746 482 2781; x_wconf 70' lang='grc' dir='ltr'>ἰσχύι</span> <span class='ocrx_word' id='word_1_810' title='bbox 494 2745 543 2782; x_wconf 79' lang='grc' dir='ltr'>τὴν</span> <span class='ocrx_word' id='word_1_811' title='bbox 557 2745 650 2781; x_wconf 82' lang='grc' dir='ltr'>φωνήν</span> <span class='ocrx_word' id='word_1_812' title='bbox 668 2753 725 2777; x_wconf 82' lang='grc' dir='ltr'>σου,</span> <span class='ocrx_word' id='word_1_813' title='bbox 734 2744 748 2771; x_wconf 81' lang='grc' dir='ltr'><strong>ό</strong></span> <span class='ocrx_word' id='word_1_814' title='bbox 761 2742 934 2778; x_wconf 81' lang='grc' dir='ltr'>εὐαγγελιζό-</span> 
     </span>
    </p>
   </div>
   <div class='ocr_carea' id='block_1_104' title="bbox 150 2785 933 2828">
    <p class='ocr_par' dir='ltr' id='par_1_104' title="bbox 150 2785 933 2828">
     <span class='ocr_line' id='line_1_104' title="bbox 150 2785 933 2828; baseline -0.006 -9"><span class='ocrx_word' id='word_1_815' title='bbox 150 2801 230 2828; x_wconf 80' lang='grc' dir='ltr'>μενος</span> <span class='ocrx_word' id='word_1_816' title='bbox 248 2791 436 2827; x_wconf 64' lang='grc' dir='ltr'>Ἰερουσαλήμε</span> <span class='ocrx_word' id='word_1_817' title='bbox 465 2789 601 2824; x_wconf 83' lang='grc' dir='ltr'>ὑψώσατε,</span> <span class='ocrx_word' id='word_1_818' title='bbox 625 2789 661 2825; x_wconf 89' lang='grc' dir='ltr'><strong>μὴ</strong></span> <span class='ocrx_word' id='word_1_819' title='bbox 686 2788 827 2825; x_wconf 78' lang='grc' dir='ltr'>φοϐεῖσθε·</span> <span class='ocrx_word' id='word_1_820' title='bbox 857 2785 933 2815; x_wconf 80' lang='grc' dir='ltr'>εἷπον</span> 
     </span>
    </p>
   </div>
   <div class='ocr_carea' id='block_1_105' title="bbox 149 2834 934 2871">
    <p class='ocr_par' dir='ltr' id='par_1_105' title="bbox 149 2834 934 2871">
     <span class='ocr_line' id='line_1_105' title="bbox 149 2834 934 2871; baseline -0.006 -6"><span class='ocrx_word' id='word_1_821' title='bbox 149 2839 210 2870; x_wconf 79' lang='grc' dir='ltr'>ταῖς</span> <span class='ocrx_word' id='word_1_822' title='bbox 227 2838 335 2864; x_wconf 85' lang='grc' dir='ltr'>πόλεσιν</span> <span class='ocrx_word' id='word_1_823' title='bbox 351 2836 450 2863; x_wconf 82' lang='grc' dir='ltr'>Ἰούδα·</span> <span class='ocrx_word' id='word_1_824' title='bbox 472 2835 536 2862; x_wconf 78' lang='grc' dir='ltr'>Ἰδοὺ</span> <span class='ocrx_word' id='word_1_825' title='bbox 552 2836 567 2861; x_wconf 85' lang='grc' dir='ltr'>ὁ</span> <span class='ocrx_word' id='word_1_826' title='bbox 582 2835 648 2867; x_wconf 75' lang='grc' dir='ltr'>Θεὸς</span> <span class='ocrx_word' id='word_1_827' title='bbox 661 2834 749 2871; x_wconf 85' lang='grc' dir='ltr'>ὑμῶν,</span> <span class='ocrx_word' id='word_1_828' title='bbox 766 2834 871 2870; x_wconf 83' lang='grc' dir='ltr'>Κύριος</span> <span class='ocrx_word' id='word_1_829' title='bbox 879 2834 934 2860; x_wconf 84' lang='grc' dir='ltr'><strong>Κύ-</strong></span> 
     </span>
    </p>
   </div>
   <div class='ocr_carea' id='block_1_106' title="bbox 984 2461 1766 2497">
    <p class='ocr_par' dir='ltr' id='par_1_106' title="bbox 984 2461 1766 2497">
     <span class='ocr_line' id='line_1_106' title="bbox 984 2461 1766 2497; baseline -0.001 -6"><span class='ocrx_word' id='word_1_830' title='bbox 984 2463 1023 2495; x_wconf 82' lang='lat' dir='ltr'><strong>ni.</strong></span> <span class='ocrx_word' id='word_1_831' title='bbox 1051 2467 1078 2491; x_wconf 89' lang='lat' dir='ltr'><strong>et</strong></span> <span class='ocrx_word' id='word_1_832' title='bbox 1100 2462 1204 2497; x_wconf 80' lang='lat' dir='ltr'><strong>reiiqua</strong></span> <span class='ocrx_word' id='word_1_833' title='bbox 1231 2471 1237 2488; x_wconf 89' lang='lat'>:</span> <span class='ocrx_word' id='word_1_834' title='bbox 1265 2462 1338 2496; x_wconf 89' lang='lat' dir='ltr'><strong>quod</strong></span> <span class='ocrx_word' id='word_1_835' title='bbox 1365 2461 1447 2496; x_wconf 86' lang='lat' dir='ltr'><strong>hujus</strong></span> <span class='ocrx_word' id='word_1_836' title='bbox 1476 2461 1598 2489; x_wconf 64' lang='lat' dir='ltr'><strong>scientia</strong></span> <span class='ocrx_word' id='word_1_837' title='bbox 1627 2462 1766 2490; x_wconf 85' lang='lat' dir='ltr'><strong>studiosus</strong></span> 
     </span>
    </p>
   </div>
   <div class='ocr_carea' id='block_1_107' title="bbox 984 2507 1385 2541">
    <p class='ocr_par' dir='ltr' id='par_1_107' title="bbox 984 2507 1385 2541">
     <span class='ocr_line' id='line_1_107' title="bbox 984 2507 1385 2541; baseline -0.005 -4"><span class='ocrx_word' id='word_1_838' title='bbox 984 2510 1072 2537; x_wconf 89' lang='lat' dir='ltr'><strong>otiose</strong></span> <span class='ocrx_word' id='word_1_839' title='bbox 1086 2512 1213 2536; x_wconf 82' lang='lat' dir='ltr'><strong>scrutans</strong></span> <span class='ocrx_word' id='word_1_840' title='bbox 1223 2507 1385 2541; x_wconf 83' lang='lat' dir='ltr'><strong>comperiet.</strong></span> 
     </span>
    </p>
   </div>
   <div class='ocr_carea' id='block_1_108' title="bbox 1265 2645 1489 2673">
    <p class='ocr_par' dir='ltr' id='par_1_108' title="bbox 1265 2645 1489 2673">
     <span class='ocr_line' id='line_1_108' title="bbox 1265 2645 1489 2673; baseline -0.004 0"><span class='ocrx_word' id='word_1_841' title='bbox 1265 2645 1380 2673; x_wconf 84' lang='lat' dir='ltr'><strong>CAPUT</strong></span> <span class='ocrx_word' id='word_1_842' title='bbox 1395 2645 1489 2673; x_wconf 79' lang='lat' dir='ltr'>XVIII.</span> 
     </span>
    </p>
   </div>
   <div class='ocr_carea' id='block_1_109' title="bbox 1026 2691 1772 2730">
    <p class='ocr_par' dir='ltr' id='par_1_109' title="bbox 1026 2691 1772 2730">
     <span class='ocr_line' id='line_1_109' title="bbox 1026 2691 1772 2730; baseline -0.004 -8"><span class='ocrx_word' id='word_1_843' title='bbox 1026 2705 1036 2721; x_wconf 87' lang='grc'><strong><em>‹</em></strong></span> <span class='ocrx_word' id='word_1_844' title='bbox 1054 2694 1141 2730; x_wconf 86' lang='lat' dir='ltr'><strong>Super</strong></span> <span class='ocrx_word' id='word_1_845' title='bbox 1157 2697 1276 2721; x_wconf 88' lang='lat' dir='ltr'><strong>montem</strong></span> <span class='ocrx_word' id='word_1_846' title='bbox 1294 2693 1433 2721; x_wconf 86' lang='lat' dir='ltr'><strong>excelsum</strong></span> <span class='ocrx_word' id='word_1_847' title='bbox 1449 2692 1568 2719; x_wconf 87' lang='lat' dir='ltr'><strong>ascende</strong></span> <span class='ocrx_word' id='word_1_848' title='bbox 1582 2695 1623 2723; x_wconf 80' lang='lat' dir='ltr'><strong>tu.</strong></span> <span class='ocrx_word' id='word_1_849' title='bbox 1636 2691 1772 2727; x_wconf 82' lang='lat' dir='ltr'><strong>quievan-</strong></span> 
     </span>
    </p>
   </div>
   <div class='ocr_carea' id='block_1_110' title="bbox 986 2738 1769 2777">
    <p class='ocr_par' dir='ltr' id='par_1_110' title="bbox 986 2738 1769 2777">
     <span class='ocr_line' id='line_1_110' title="bbox 986 2738 1769 2777; baseline -0.006 -8"><span class='ocrx_word' id='word_1_850' title='bbox 986 2742 1087 2777; x_wconf 85' lang='lat' dir='ltr'><strong>gelizas</strong></span> <span class='ocrx_word' id='word_1_851' title='bbox 1107 2741 1195 2768; x_wconf 93' lang='lat' dir='ltr'><strong>Sion:</strong></span> <span class='ocrx_word' id='word_1_852' title='bbox 1215 2739 1306 2768; x_wconf 83' lang='lat' dir='ltr'><strong>exalta</strong></span> <span class='ocrx_word' id='word_1_853' title='bbox 1323 2740 1351 2766; x_wconf 92' lang='lat' dir='ltr'><strong>in</strong></span> <span class='ocrx_word' id='word_1_854' title='bbox 1375 2738 1537 2766; x_wconf 82' lang='lat' dir='ltr'><strong>fortitudine</strong></span> <span class='ocrx_word' id='word_1_855' title='bbox 1565 2745 1659 2766; x_wconf 88' lang='lat' dir='ltr'><strong>vocem</strong></span> <span class='ocrx_word' id='word_1_856' title='bbox 1683 2743 1769 2770; x_wconf 77' lang='lat' dir='ltr'><strong>tuam,</strong></span> 
     </span>
    </p>
   </div>
   <div class='ocr_carea' id='block_1_111' title="bbox 985 2783 1770 2823">
    <p class='ocr_par' dir='ltr' id='par_1_111' title="bbox 985 2783 1770 2823">
     <span class='ocr_line' id='line_1_111' title="bbox 985 2783 1770 2823; baseline -0.004 -8"><span class='ocrx_word' id='word_1_857' title='bbox 985 2788 1032 2823; x_wconf 89' lang='lat' dir='ltr'><strong>qui</strong></span> <span class='ocrx_word' id='word_1_858' title='bbox 1057 2787 1227 2822; x_wconf 82' lang='lat' dir='ltr'><strong>evangelizas</strong></span> <span class='ocrx_word' id='word_1_859' title='bbox 1249 2785 1425 2814; x_wconf 83' lang='lat' dir='ltr'><strong>Jerusalem:</strong></span> <span class='ocrx_word' id='word_1_860' title='bbox 1447 2785 1549 2816; x_wconf 78' lang='lat' dir='ltr'><strong>exalta,</strong></span> <span class='ocrx_word' id='word_1_861' title='bbox 1578 2784 1633 2811; x_wconf 89' lang='lat' dir='ltr'><strong>noli</strong></span> <span class='ocrx_word' id='word_1_862' title='bbox 1661 2783 1770 2812; x_wconf 82' lang='lat' dir='ltr'><strong>timere.</strong></span> 
     </span>
    </p>
   </div>
   <div class='ocr_carea' id='block_1_112' title="bbox 986 2831 1772 2861">
    <p class='ocr_par' dir='ltr' id='par_1_112' title="bbox 986 2831 1772 2861">
     <span class='ocr_line' id='line_1_112' title="bbox 986 2831 1772 2861; baseline -0.003 -1"><span class='ocrx_word' id='word_1_863' title='bbox 986 2833 1048 2860; x_wconf 73' lang='lat' dir='ltr'><strong>Dixi</strong></span> <span class='ocrx_word' id='word_1_864' title='bbox 1062 2833 1219 2861; x_wconf 86' lang='lat' dir='ltr'><strong>civitatibus</strong></span> <span class='ocrx_word' id='word_1_865' title='bbox 1233 2832 1302 2860; x_wconf 82' lang='lat' dir='ltr'><strong>Iuda</strong></span> <span class='ocrx_word' id='word_1_866' title='bbox 1317 2842 1323 2860; x_wconf 89' lang='lat'>:</span> <span class='ocrx_word' id='word_1_867' title='bbox 1345 2831 1414 2860; x_wconf 88' lang='lat' dir='ltr'><strong>Ecce</strong></span> <span class='ocrx_word' id='word_1_868' title='bbox 1428 2831 1499 2860; x_wconf 91' lang='lat' dir='ltr'><strong>Deus</strong></span> <span class='ocrx_word' id='word_1_869' title='bbox 1512 2836 1604 2859; x_wconf 84' lang='lat' dir='ltr'><strong>vester</strong></span> <span class='ocrx_word' id='word_1_870' title='bbox 1622 2841 1628 2858; x_wconf 76' lang='grc' dir='ltr'><strong><em>τ</em></strong></span> <span class='ocrx_word' id='word_1_871' title='bbox 1641 2838 1705 2859; x_wconf 86' lang='lat' dir='ltr'><strong>ecce</strong></span> <span class='ocrx_word' id='word_1_872' title='bbox 1718 2831 1772 2858; x_wconf 83' lang='lat' dir='ltr'><strong>Do-</strong></span> 
     </span>
    </p>
   </div>
   <div class='ocr_carea' id='block_1_113' title="bbox 194 2911 1217 2946">
    <p class='ocr_par' dir='ltr' id='par_1_113' title="bbox 194 2911 1217 2946">
     <span class='ocr_line' id='line_1_113' title="bbox 194 2911 1217 2946; baseline -0.003 -4"><span class='ocrx_word' id='word_1_873' title='bbox 194 2915 263 2944; x_wconf 76' lang='lat' dir='ltr'><strong>‘Isa.</strong></span> <span class='ocrx_word' id='word_1_874' title='bbox 280 2923 351 2943; x_wconf 76' lang='lat' dir='ltr'><strong>uxv</strong></span> <span class='ocrx_word' id='word_1_875' title='bbox 374 2915 428 2942; x_wconf 74' lang='grc'><strong>1-7.</strong></span> <span class='ocrx_word' id='word_1_876' title='bbox 467 2912 564 2941; x_wconf 78' lang='lat' dir='ltr'><strong>&#39;Joan.</strong></span> <span class='ocrx_word' id='word_1_877' title='bbox 580 2921 616 2946; x_wconf 88' lang='lat' dir='ltr'><strong>Iv,</strong></span> <span class='ocrx_word' id='word_1_878' title='bbox 631 2913 675 2940; x_wconf 72' lang='grc' dir='ltr'><strong>Η.</strong></span> <span class='ocrx_word' id='word_1_879' title='bbox 714 2912 725 2928; x_wconf 79' lang='grc'>⁸</span> <span class='ocrx_word' id='word_1_880' title='bbox 740 2911 832 2939; x_wconf 78' lang='lat' dir='ltr'><strong>Matth.</strong></span> <span class='ocrx_word' id='word_1_881' title='bbox 855 2919 913 2944; x_wconf 76' lang='lat' dir='ltr'><strong>ut,</strong></span> <span class='ocrx_word' id='word_1_882' title='bbox 931 2911 975 2940; x_wconf 76' lang='grc'><strong>45.</strong></span> <span class='ocrx_word' id='word_1_883' title='bbox 1014 2911 1085 2940; x_wconf 71' lang='grc' dir='ltr'>Ἰετι.</span> <span class='ocrx_word' id='word_1_884' title='bbox 1107 2912 1217 2944; x_wconf 73' lang='grc' dir='ltr'><strong>χι,5-5.</strong></span> 
     </span>
    </p>
   </div>
  </div>
