2035 3214
290 181 354 210 12⁵25

641 182 774 209 EUSEBII
792 180 1032 210 C/ESARIENSIS
1047 181 1124 210 OPP.
1136 182 1227 209 PARS
1243 181 1286 211 HI.
1299 198 1334 203 ——-
1348 182 1552 212 EXEGETICA.

1838 186 1903 213 1293

292 242 380 268 minus
408 241 480 269 Deus
505 242 532 268 in
564 241 724 270 fortitudine
754 243 853 273 veniet,
885 246 911 269 et
935 241 1068 268 brachiun

1129 249 1185 276 ριος
1203 241 1272 276 μετὰ
1289 241 1378 277 ἰσχύος
1397 241 1521 277 ἔρχεται·
1537 242 1583 268 καὶ
1598 241 1612 268 ὁ
1629 241 1746 277 βραχίων
1763 242 1846 268 αὑτοῦ
1861 252 1906 277 με-

287 287 349 322 ejus
374 287 560 314 dominabitur
580 297 585 314 :
608 295 672 315 ecce
690 295 795 315 merces
814 289 873 321 ejus
897 295 958 314 cum
986 295 1027 318 eo.
1047 291 1074 314 et

287 341 356 368 opus
373 333 445 360 illius
473 341 564 360 coram
577 333 633 360 illo.
652 333 729 360 Sicut
749 339 841 368 pastor
859 341 965 368 gregem
994 341 1073 360 suum

291 383 398 413 pascet:
416 379 443 406 in
473 379 586 406 brachio
603 387 653 406 suo
675 380 851 414 congregabit
871 386 966 413 agnos,
997 382 1023 404 et
1047 378 1073 404 in

291 425 349 452 sinu
364 433 413 452 suo
431 426 543 456 levabit.
559 425 629 452 fetas
646 426 703 461 ipse
724 426 875 460 portabit‘.
898 434 906 450 ι
930 425 992 451 ilice
1006 432 1073 459 quo-

291 479 341 506 que
361 472 551 499 existimamus
575 473 609 499 de
635 472 715 499 Verbi
739 471 786 498 Dei
816 472 934 498 adventu
961 471 1026 501 diei.
1047 474 1073 497 et

290 517 438 550 przesertim
459 517 492 543 de
514 517 645 548 secundo,
664 517 691 544 in
715 524 769 551 quo
787 517 860 543 velut
877 516 969 550 justus
989 516 1072 549 judex

290 566 419 588 venlurus
437 562 642 596 prophetizatur
665 561 819 597 mercedem
842 561 946 589 habens
971 561 1072 595 justam

289 607 436 642 unicuique
454 608 603 634 secundum
621 616 702 642 opera
716 615 774 637 sua.
794 607 908 642 Reliqua
925 615 988 634 vero
1001 615 1072 634 nunc

288 660 422 688 exponere
440 661 493 679 non
513 657 619 687 tempus
642 657 698 685 est;
714 660 800 687 quare
827 653 908 679 aliam
931 652 1072 688 aggredia-

289 705 348 724 mur
363 698 534 732 particulam.

574 793 688 821 CAPUT
706 792 778 820 XIX.

326 847 335 864 ε
360 837 428 871 Quis
459 838 602 866 suscitavit
627 839 661 865 ab
684 837 795 865 Oriente
818 838 934 873 justu‘m,
962 837 1072 864 vocavit

289 892 349 911 eum
362 889 559 919 utsequeretur
574 884 619 911 se?
632 883 708 910 dabit
725 885 751 910 in
767 887 915 919 conspectu
932 883 992 917 ejus
1006 891 1071 918 gen-

288 934 340 963 tcs,
357 935 383 957 et
394 938 470 965 reges
484 930 616 957 obtinebit
634 939 640 956 :
659 930 734 956 dabit
754 930 832 964 quasi
857 930 997 964 pulverem
1013 929 1072 963 gla-
1088 922 1107 948 Β

287 977 331 1003 ilio
351 977 421 1010 ejus,
441 977 512 1003 sicut
527 977 656 1011 stipulam
674 980 754 1004 vento
770 981 875 1010 raptam
903 976 978 1002 arcui
999 975 1069 1009 ejus.

285 1021 467 1056 Persequetur
481 1029 540 1053 eos,
557 1022 685 1049 transibit
702 1022 730 1048 in
745 1029 821 1056 pace,
839 1021 937 1048 semita
951 1021 978 1047 in
995 1020 1072 1055 pedi-

286 1068 336 1095 bus
355 1068 415 1102 ejus
430 1076 483 1094 non
500 1069 653 1103 apparebit.
668 1067 735 1101 Quis
748 1068 804 1094 bmc
828 1071 958 1102 operatus
974 1070 1027 1097 est,
1045 1070 1071 1093 et

286 1113 360 1145 fecit,
377 1121 480 1141 vocans
494 1115 685 1148 generationes
701 1114 735 1140 ab
753 1112 885 1140 exordio?
904 1112 959 1147 Ego
978 1112 1070 1139 Domi-

285 1168 347 1191 nus.
364 1161 468 1195 primus
485 1166 511 1187 et
523 1161 690 1186 novissimus
703 1167 753 1195 ego
767 1167 837 1186 sum.
850 1158 983 1186 Viderunt
999 1159 1069 1186 insu.

287 1206 317 1232 la:
336 1211 362 1232 et
378 1207 538 1237 timuerunt,
554 1209 674 1232 extrema
690 1209 770 1232 terra:
794 1205 1005 1239 obstupuerunt,
1021 1212 1071 1238 ap-

284 1253 547 1285 propinquaverunt,
581 1254 608 1278 et
646 1255 833 1278 accesserunt.
877 1249 1070 1284 Unusquisque

285 1298 408 1331 proximo
435 1305 485 1324 suo
520 1297 719 1327 ausiliabitur.
745 1302 774 1324 ct
791 1297 868 1323 fratri
894 1304 944 1323 suo
970 1296 1041 1322 (licet
1062 1305 1068 1322 :

283 1341 454 1370 Conforlal‘c.
474 1342 646 1369 Conforlavit
669 1341 746 1369 faber
769 1342 883 1369 aerarius
913 1340 1069 1375 percutiens

283 1387 381 1414 malleo
412 1395 494 1418 eum,
525 1389 572 1421 qui
602 1387 719 1414 cudebat
756 1391 821 1414 tunc
854 1386 1002 1420 temporis,
1026 1386 1065 1413 div

283 1440 348 1459 cens
360 1442 366 1459 :
379 1431 491 1460 Glutino
502 1433 603 1459 bonum
616 1438 657 1460 cst
671 1442 678 1463 ς
696 1432 897 1460 etconl‘ortavit
913 1440 974 1458 eum
984 1432 1069 1459 clavis

283 1481 312 1503 ut
336 1484 391 1503 nun
416 1481 571 1503 moveretur
582 1477 602 1503 '.
622 1486 630 1503 I
653 1475 763 1503 Justitia
787 1477 820 1503 ab
847 1476 955 1502 Oriente
975 1480 1068 1502 exorta

282 1530 406 1557 quisnam
428 1527 501 1550 esset
519 1523 668 1549 secundum
687 1523 813 1550 essentia:
832 1521 1067 1556 circumscriptio-

283 1576 344 1595 nem
362 1569 498 1603 propriam
520 1569 701 1595 substantiam
727 1568 841 1600 babens,
868 1567 921 1594 nisi
942 1566 1068 1594 Christus
1082 1587 1102 1616 ϐ

283 1614 340 1646 Dei,
357 1614 390 1641 de
406 1622 460 1649 quo
475 1614 540 1641 dicit
556 1614 702 1648 Apostolus
716 1623 722 1641 ι
737 1623 746 1639 ‹
763 1614 815 1646 Qui
831 1613 919 1641 factus
932 1617 975 1640 est
991 1613 1069 1641 uobis

282 1661 416 1696 sapientia
435 1668 449 1687 a
465 1660 532 1693 Deo,
547 1665 574 1687 ot
592 1660 711 1694 justitia,
729 1664 756 1686 et
773 1659 966 1692 sanctificatio,
982 1663 1008 1687 et
1024 1668 1069 1687 re-

281 1707 401 1743 demptio
414 1707 443 1734 ‘?
458 1717 467 1733 ι
484 1707 562 1734 Hunc
574 1711 665 1734 autem
681 1715 695 1734 e
712 1707 801 1742 patrio
812 1707 886 1738 sinu,
899 1714 962 1733 cum
977 1707 1069 1734 oriens

283 1754 320 1781 sit
339 1761 420 1781 omne
442 1754 586 1789 spirituale
605 1754 706 1784 lumen.
738 1754 795 1780 sive
826 1760 873 1787 per
901 1752 1068 1779 incarnatio-

282 1807 344 1827 nem
368 1800 508 1831 excitarit,
532 1800 712 1834 providentia,
739 1800 796 1826 sive
821 1800 879 1834 ipse
903 1798 995 1831 Pater;
1022 1798 1068 1833 qui

282 1845 356 1872 dedit
374 1852 436 1872 eum
460 1845 487 1871 in
511 1849 659 1879 conspectu
676 1844 817 1879 gentium;
843 1848 873 1870 ut
892 1844 999 1879 pristini
1022 1851 1069 1870 eo-

282 1899 342 1918 rum
361 1899 438 1926 reges
453 1891 614 1923 invisibiles.
635 1894 784 1925 potestates
807 1890 911 1917 scilicet
931 1890 1068 1925 nequissi-

282 1945 344 1970 mae,
361 1938 393 1964 ad
410 1937 535 1964 miraculi
552 1937 706 1972 prodigium
722 1937 958 1972 obstupescerent,
975 1936 1068 1964 viden-

281 1987 322 2010 tes
336 1984 415 2010 talem
435 1984 479 2010 Dci
497 1983 595 2010 Filium
612 1991 699 2018 neque
715 1983 828 2010 formam
844 1990 932 2017 neque
946 1983 1067 2017 pulchri-

281 2031 402 2057 tudinem
425 2029 569 2057 babentem
583 2038 590 2062 ;
606 2034 689 2065 utque
700 2034 811 2064 stupore
822 2029 868 2056 illo
882 2030 907 2056 in
927 2029 1066 2063 pulverem

281 2080 422 2102 vertantur
439 2084 533 2104 eorum
553 2076 648 2111 gladii,
669 2080 695 2104 et
710 2077 781 2104 sicut
803 2076 909 2111 stipulae
927 2079 1008 2102 vento
1023 2083 1066 2102 ra-

282 2125 335 2155 ptae
355 2121 419 2148 [lant
446 2129 526 2148 arcus
542 2130 647 2153 eorum,
676 2129 726 2148 nec
745 2122 800 2156 jam
821 2121 931 2149 hostilia
954 2122 1009 2148 sint
1026 2121 1066 2148 eis

280 2175 366 2198 arma,
385 2167 503 2202 ignitave
518 2168 582 2199 tela,
597 2168 697 2203 quibus
710 2168 775 2194 olim
794 2168 846 2195 sibi
864 2167 996 2195 obnoxias
1010 2167 1067 2194 ani-

281 2222 339 2242 mas
363 2213 543 2241 lacessebant.
571 2213 636 2241 Post
658 2213 715 2241 haec
729 2214 785 2245 ait,
811 2223 819 2238 ι
837 2213 869 2239 Et
885 2216 1065 2248 persequetur

1123 287 1158 313 τὰ
1175 287 1285 322 κυρίας·
1300 288 1354 314 ἰδοὺ
1379 289 1393 314 ὁ
1414 287 1508 322 μισθὸς
1523 287 1604 314 αὑτοῦ
1628 289 1686 322 μετ’
1702 288 1784 314 αὑτοῦ
1794 296 1802 302 ·
1817 289 1866 315 καὶ
1880 289 1907 316 τὸ

1125 332 1203 367 ἔργον
1227 333 1346 359 ἐναντίον
1371 333 1453 359 αὐτοῦ
1464 342 1470 348 ·
1487 334 1523 364 ὡς
1538 333 1638 368 ποιμὴν
1662 335 1788 369 ποιμανεῖ
1806 334 1837 361 τδ
1851 335 1906 362 ποί-

1126 386 1200 412 μνιον
1218 377 1310 409 αὐτοῦ,
1324 378 1369 404 καὶ
1383 377 1421 412 τῷ
1439 377 1559 413 βραχίονι
1580 377 1661 404 αὑτοῦ
1684 378 1791 410 συνάξει
1816 379 1906 414 ἄρνας,

1125 424 1209 450 καὶέν
1228 424 1326 459 γαστρὶ
1339 424 1451 458 ἐχούσας
1469 423 1659 459 παρακαλέσει.
1678 433 1686 448 ι
1703 425 1758 450 Καὶ
1773 424 1860 450 ταῦτα
1876 434 1908 451 νο-

1125 470 1238 506 μίζομεν
1253 470 1316 506 περὶ
1333 471 1382 506 τῆς
1395 470 1441 496 τοῦ
1462 471 1545 504 Λόγου
1561 471 1607 497 τοῦ
1626 470 1692 497 Θεοῦ
1708 470 1859 506 παρουσίας
1872 469 1908 496 λέ-

1123 516 1228 550 γεσοαι,
1242 516 1288 542 καὶ
1305 516 1375 551 τάχα
1391 524 1422 549 γε
1439 516 1536 551 μᾶλλον
1551 515 1615 551 περὶ
1630 515 1680 550 τῆς
1694 515 1835 550 δευτέρας,
1848 514 1904 541 καθ’

1123 561 1155 597 ἢν
1170 560 1213 588 οἵα
1227 561 1258 597 δὴ
1274 561 1375 592 δίκαιος
1393 559 1488 595 κριτὴς
1503 559 1577 595 ἥξειν
1593 558 1801 595 προφητεύεται,
1812 559 1858 586 τὸν
1868 568 1907 594 μι-

1113 597 1185 631 ’σθίιν
1199 605 1267 640 ἔχων
1282 605 1335 630 τῶν
1346 606 1405 630 κατ’
1420 604 1498 636 ἀξίαν
1515 604 1620 639 ἑκάστῳ
1638 605 1674 639 (Γ.
1691 604 1722 631 51
1742 607 1786 637 v")
1809 613 1907 640 πεπρα-

1122 650 1229 686 γμένων
1255 650 1472 686 ἀπονεμητικόν·
1499 650 1532 676 τὰ
1559 649 1684 685 μέντοιγε
1711 650 1791 677 λοιπὰ
1807 651 1857 677 οὐκ
1871 651 1906 677 ἐτι

1122 695 1169 722 νῦν
1183 695 1277 731 καιρὸς
1293 696 1403 721 ἀπαιτεῖ
1423 694 1573 730 διηγεῖσθαι
1583 703 1589 709 ⁸
1603 695 1662 721 ὅθεν
1676 697 1719 729 ἐφ’
1733 695 1830 731 ἑτέραν
1847 705 1906 732 τρα-

1123 740 1266 775 πησόμεθα
1281 741 1444 776 περικοπήν.

1366 797 1563 823 ΚΕΦΑΛΛῙΟΝ
1580 797 1629 823 ΙΘ’.

1160 851 1169 868 ί
1186 842 1233 873 Τίς
1245 842 1384 878 ἐξήγειρεν
1400 843 1452 869 ἀπὸ
1465 842 1597 878 ἀνατολῆς
1611 842 1793 878 δικαιοσύνην,
1815 843 1905 870 ἐκάλε-

1123 896 1168 914 σεν
1185 888 1268 923 αὐτὴν
1283 887 1353 914 κατᾶ
1370 888 1452 919 πόδας
1463 888 1555 921 αὑτοῦ,
1570 889 1615 915 καὶ
1626 889 1808 924 πορεύσεται;
1824 889 1905 917 Δώσει

1123 934 1241 960 ἐναντίον
1256 933 1349 964 ἐθνῶν,
1367 935 1413 960 καὶ
1430 934 1546 969 βασιλεῖς
1560 935 1686 970 ἐκστήσει
1696 943 1702 949 ·
1714 936 1760 962 καὶ
1775 935 1856 962 δώσει
1870 937 1906 968 εἰς

1122 975 1174 1013 γῆν
1185 978 1233 1010 τὰς
1247 979 1382 1014 μαχαίρας
1393 978 1491 1010 αὐτῶν,
1504 981 1550 1007 καὶ
1560 980 1625 1006 ὡσεὶ
1634 981 1758 1016 φρύγανα
1768 981 1906 1017 ἐξωσμένα

1121 1023 1156 1049 τὰ
1168 1023 1233 1056 τόξα
1246 1024 1335 1050 αὐτῶν
1344 1032 1350 1038 ·
1369 1024 1414 1051 καὶ
1430 1024 1552 1056 διώξεται
1568 1026 1667 1057 αὐτούς
1677 1034 1683 1040 ³
1702 1026 1867 1053 διελεύσεται
1880 1028 1906 1053 ἐν

1122 1070 1217 1105 εἰρήνῃ
1232 1071 1248 1105 ἡ
1263 1070 1321 1101 ὁδὸς
1337 1071 1390 1096 τῶν
1403 1070 1488 1097 ποδῶν
1505 1069 1600 1098 αὐτοῦ’
1615 1072 1663 1106 οὐχ
1677 1071 1736 1106 ἥξει
1748 1081 1755 1088 ·
1771 1073 1814 1104 τίς
1828 1073 1906 1109 ἐνήρ-

1121 1123 1190 1149 γησε
1214 1116 1260 1142 καὶ
1275 1115 1386 1151 ἐποίησε
1399 1115 1502 1148 ταῦτα;
1523 1116 1664 1143 Ἐκὰλεσεν
1686 1117 1770 1153 αὐτὴν
1786 1119 1800 1144 ὁ
1818 1119 1906 1145 καλῶν

1121 1161 1205 1196 αὐτὴν
1221 1161 1274 1188 ἀπὸ
1288 1161 1387 1195 γενεῶν
1401 1161 1497 1197 ἀρχῆς.
1513 1161 1583 1195 Ἐγὼ
1597 1162 1663 1194 Θεὸς
1676 1163 1793 1198 πρῶτος,
1806 1164 1855 1190 καὶ
1870 1165 1906 1196 εἰς

1121 1207 1154 1233 τὰ
1169 1206 1340 1242 ἐπερχόμενα
1357 1207 1411 1241 ἐγώ
1426 1209 1494 1243 εἰμι.
1508 1207 1621 1234 Εἶδοσαν
1640 1208 1703 1243 ἔθνη
1719 1209 1766 1235 καὶ
1776 1209 1908 1245 mossoq-

1122 1262 1171 1280 σαν
1182 1262 1188 1268 ·
1206 1253 1239 1279 τὰ
1253 1253 1323 1289 ἄκρα
1337 1254 1387 1288 τῆς
1406 1254 1457 1289 γῆς
1470 1254 1671 1290 ἐξεπλάγησαν·
1686 1254 1814 1289 ἤγγισαν.
1827 1253 1907 1291 ἦλθον

1122 1298 1178 1333 ἆμα
1189 1299 1288 1335 κρίνων
1299 1299 1412 1331 ἕκαστος
1428 1300 1466 1335 τῷ
1479 1301 1600 1335 πλησίον,
1613 1301 1658 1327 καὶ
1673 1301 1711 1336 τῷ
1722 1301 1829 1337 ἁδελςρῷ
1843 1302 1905 1338 βοη-

1121 1343 1201 1379 θῆσαι
1211 1353 1217 1360 ·
1227 1345 1273 1371 καὶ
1287 1346 1480 1380 ὲρεῖ,”Ισχυσεν
1494 1346 1562 1382 ἀνὴρ
1572 1347 1672 1373 τέκτων
1684 1355 1690 1361 ·
1704 1347 1750 1373 καὶ
1763 1347 1834 1383 ἀνὴρ
1845 1349 1907 1383 χαλ-

1120 1391 1184 1421 κεὺς
1198 1390 1308 1417 τύπτων
1328 1392 1443 1427 σφύραν,
1453 1392 1511 1427 ἅμα.
1532 1392 1650 1419 ἐλαύνων
1660 1400 1666 1407 ·
1683 1393 1748 1420 ποτὲ
1765 1394 1816 1429 μὲν
1831 1395 1906 1430 ὲρεί’

1120 1436 1271 1472 Σύμϐλημα
1285 1437 1364 1463 καλόν
1377 1439 1459 1469 ἐστιν,
1475 1437 1625 1473 ἰσχύρωσαν
1636 1438 1704 1465 αὐτὰ
1715 1440 1744 1465 ὲν
1759 1439 1845 1474 ἥλοις,
1859 1440 1907 1476 Θή-

1121 1490 1210 1508 σουσιν
1224 1482 1304 1515 αὐτὰ,
1330 1483 1377 1509 καὶ
1390 1483 1423 1509 οὺ.
1445 1483 1628 1518 κινηθήσεται.
1643 1494 1653 1510 ι
1669 1484 1830 1520 Δικαιοσύνη
1852 1485 1906 1512 ἀπὸ

1120 1528 1253 1555 ἀνατολῶν
1269 1528 1459 1564 ὲξεγειρομένη
1476 1530 1517 1561 τίς
1538 1530 1570 1556 ἂν
1588 1530 1628 1565 εἴη
1649 1530 1718 1556 κατὰ
1731 1531 1907 1567 περιγραφὴν

1119 1574 1222 1606 οὐσίας⁷
1244 1574 1311 1601 ἰδίαν
1336 1574 1483 1601 ὑπόστασιν
1508 1575 1616 1610 ἔχουσα,
1638 1576 1655 1611 ἦ
1680 1577 1694 1602 ὁ
1716 1577 1836 1612 Χριστὸς
1861 1577 1908 1603 τοῦ

1120 1619 1197 1652 Θεοῦ,
1213 1621 1277 1656 περὶ
1287 1618 1317 1647 οὗ
1329 1629 1410 1656 φησιν
1421 1623 1434 1648 ὁ
1446 1621 1618 1653 Ἀπόστολος’
1633 1632 1641 1647 ι
1651 1623 1699 1654 Ὃς
1710 1623 1825 1659 ἐγενήθη
1841 1624 1907 1659 ἡμῖν

1121 1667 1200 1701 σοφία
1213 1667 1266 1693 ἀπὸ
1280 1667 1358 1699 Θεοῦ,
1368 1661 1522 1704 δικαιοσύνη
1534 1677 1563 1694 τε
1571 1668 1774 1704 καὶαγιασμὸς,
1785 1670 1833 1696 καὶ
1843 1670 1908 1696 ἀπο-

1119 1710 1268 1746 λύτρωσις
1288 1720 1297 1736 ι
1317 1711 1415 1738 Τοῦτον
1440 1712 1468 1738 δὲ
1494 1713 1526 1738 ἐκ
1548 1712 1602 1739 τῶν
1620 1713 1759 1748 πατρικῶν
1785 1715 1905 1746 κόλπων,

1120 1757 1219 1788 παντὸς
1234 1757 1329 1792 νοητοῦ
1345 1758 1431 1791 φωτὸς
1445 1758 1581 1784 ἀνατολῶν
1598 1759 1783 1794 ὑπαρχόντων,
1802 1761 1819 1795 ή
1836 1761 1907 1787 κατὰ

1118 1801 1167 1837 τὴν
1180 1802 1382 1838 ὲνανθρώπησιν
1396 1803 1536 1838 ἐξήγειρεν
1546 1803 1693 1839 οἰκονομία,
1707 1804 1723 1840 ἢ
1736 1805 1784 1831 καὶ
1798 1805 1882 1837 αὐτὸς
1894 1806 1907 1831 ὁ

1119 1847 1224 1882 Πατὴρ,
1244 1848 1258 1873 ὁ
1277 1847 1338 1879 δοὺς
1353 1847 1434 1874 αὑτὸν
1448 1848 1567 1874 ἐναντίον
1584 1848 1636 1875 τῶν
1649 1849 1748 1875 ὲθνῶν·
1767 1849 1801 1876 ἶν’
1816 1851 1842 1876 οἱ
1857 1851 1907 1885 μὲν

1118 1891 1244 1927 πρότεροι
1254 1891 1371 1926 βασιλεῖς
1379 1892 1466 1918 αὐτῶν
1476 1893 1595 1929 ἀόρατοι,
1603 1892 1812 1929 δυκίάμειςοῦσαι
1818 1903 1907 1931 πονη-

1120 1938 1173 1972 ραὶ,
1183 1937 1323 1970 ὲξιστῶσιν
1332 1938 1385 1964 ἀπὸ
1393 1938 1439 1964 τοῦ
1449 1938 1598 1974 παραδόξου
1605 1939 1654 1974 τῆς
1660 1940 1830 1974 οἰκονομίας.
1838 1941 1907 1975 ὁρῶ-

1118 1991 1163 2010 σαι
1177 1983 1221 2010 τὸν
1236 1982 1393 2019 τηλικοῦτον
1400 1983 1463 2010 Υἰὸν
1476 1984 1522 2010 τοῦ
1529 1984 1595 2011 Θεοῦ
1607 1985 1644 2021 μὴ
1653 1985 1748 2020 ἔχοντα
1756 1983 1828 2017 εἶδος
1838 1986 1906 2021 μηδὲ

1117 2027 1226 2059 κάλλος·
1238 2028 1284 2054 καὶ
1292 2029 1335 2055 ἵνα
1346 2029 1413 2064 μετὰ
1424 2028 1527 2055 τοιάνδε
1539 2029 1665 2055 ἔκστασιν
1676 2029 1790 2056 δοθῶσιν
1801 2031 1844 2061 εἰς
1855 2031 1905 2065 γῆν

1116 2074 1144 2100 αἱ
1156 2075 1287 2110 ρομφαῖαι
1300 2074 1398 2107 αὐτῶν,
1407 2075 1498 2106 καὶὼς
1506 2074 1781 2110 φρύγαναξὲξωσμένα
1795 2075 1832 2102 τὰ
1840 2076 1906 2109 τόξα

1116 2120 1215 2153 αὐτῶν,
1233 2120 1299 2156 πρὸς
1313 2121 1342 2147 τὸ
1357 2121 1394 2156 μὴ
1418 2121 1540 2156 κατέχειν
1558 2121 1655 2153 αὐτοὺς
1676 2121 1746 2148 ὅπλα
1766 2121 1906 2157 πολεμικὰ

1116 2167 1163 2193 καὶ
1182 2167 1367 2203 πεπυρωμένα
1389 2166 1464 2202 βέλη,
1488 2166 1520 2193 δι’
1536 2163 1573 2193 ὧν
1594 2167 1726 2203 πρότερον
1750 2168 1904 2194 natamu-

1118 2221 1184 2248 μουν
1208 2213 1258 2245 τὰς
1285 2212 1456 2248 ὑποχειρίους
1477 2213 1567 2244 αὐτοῖς
1590 2213 1689 2248 ψυχάς.
1712 2213 1791 2240 Μετά
1815 2213 1907 2240 τας,τά

281 2268 337 2292 eos.
352 2269 361 2286 ›
379 2266 407 2287 ut
423 2260 497 2286 omni
517 2260 631 2286 telorum
649 2267 747 2294 genere
767 2259 803 2286 ita
824 2261 985 2293 persecutus
1003 2267 1061 2290 eos,

1118 2267 1192 2294 φησι,
1212 2268 1221 2284 ι
1240 2259 1295 2285 Καὶ
1316 2258 1439 2290 διώξεται
1453 2259 1564 2291 αὐτούς·
1585 2269 1594 2284 ›
1619 2259 1651 2285 ἵν’
1665 2258 1762 2291 οὕτως.
1781 2260 1856 2286 κατὰ
1874 2259 1905 2286 τὸ

281 2306 409 2341 procedat
426 2306 453 2332 in
467 2313 533 2340 pace
547 2305 617 2332 viam
636 2305 733 2340 pedum
749 2312 870 2332 suorum.
897 2313 906 2329 ‹
923 2304 991 2336 Quis
1006 2305 1063 2332 haec

281 2357 408 2387 operatus
422 2356 464 2379 est
482 2355 508 2378 et
524 2350 607 2378 fecit?
619 2361 628 2376 ι
647 2351 695 2378 ait.
713 2350 907 2378 Existimamus
926 2351 998 2385 quod
1013 2358 1062 2378 ex-

281 2397 404 2425 cellentia
422 2401 449 2424 et
471 2396 623 2431 benignitas
644 2396 765 2422 omnium
789 2395 837 2423 Dei
852 2397 975 2424 vocantis
992 2403 1062 2428 eam,

281 2443 410 2475 iustitiam
426 2442 561 2474 videlicet,
583 2450 638 2470 non
664 2442 744 2469 aliam
765 2449 797 2469 ac
813 2442 974 2477 sapientiam
991 2441 1061 2476 ejus.

282 2495 362 2523 quam
387 2491 415 2514 et
438 2487 654 2522 contemplantes
680 2487 773 2514 verita:
801 2491 865 2514 sunt
893 2486 976 2514 Deum
1003 2494 1063 2521 quae

282 2533 356 2568 prius
382 2533 408 2560 in
433 2532 481 2561 Dei
505 2533 708 2568 contemptione
728 2533 854 2560 vivebant
881 2537 986 2568 gentes.
1010 2533 1062 2566 Qui

280 2578 416 2613 quondam
437 2578 613 2606 remotissimi
636 2582 725 2610 erant,
745 2578 863 2613 proximi
882 2578 958 2613 regni
978 2579 1062 2605 crelo-

282 2632 339 2650 rum
353 2623 416 2651 facti
431 2629 503 2651 sunt.
518 2624 634 2659 Ideoque
650 2624 760 2651 fuerunt
775 2624 883 2651 attoniti
899 2625 997 2652 salutis
1010 2625 1062 2651 mi-

282 2670 384 2701 raculo,
403 2678 432 2697 se
451 2670 568 2697 invicem
586 2670 727 2701 docentes.
748 2674 774 2698 et
791 2670 874 2698 frater
891 2670 967 2697 fratri
984 2670 1062 2697 auxi-

283 2714 360 2747 lians,
379 2715 579 2750 pristinumque
600 2716 765 2742 conﬁtentur
779 2715 812 2742 de
827 2716 907 2743 idolis
927 2723 1060 2747 errorem,

283 2758 337 2786 inec
349 2761 443 2787 eadem
460 2761 591 2789 dicentes.
607 2761 695 2789 Faber
709 2762 808 2797 quippe
824 2767 881 2789 erat
896 2766 922 2790 et
937 2763 1060 2794 aerarius,

281 2804 327 2838 qui
340 2805 449 2839 malleo,
474 2809 500 2833 et
515 2807 611 2838 clavis,
636 2812 662 2834 et
679 2807 795 2834 humana
823 2807 949 2834 machina
972 2808 1062 2835 susci-

319 2893 326 2908 ¹
344 2891 395 2920 isa.
407 2894 480 2927 “,9,
499 2895 541 2922 ll.
581 2896 590 2911 ’
602 2895 653 2923 lsa.
667 2903 722 2929 xu,
740 2896 799 2923 2-7.
839 2897 848 2912 ³
864 2895 948 2924 lCor.
963 2904 982 2928 ι,
999 2897 1060 2924 50.ε

1115 2304 1221 2330 πάντων
1243 2303 1318 2336 τέλος
1331 2304 1528 2340 ὲκδιωχϐέντων
1540 2304 1639 2336 αὐτῶν,
1657 2304 1747 2340 διέλθῃ
1762 2305 1791 2330 ὲν
1804 2305 1904 2340 εἰρήνῃ

1113 2352 1129 2386 ἡ
1143 2350 1203 2382 ὁδὸς
1216 2349 1269 2377 τῶν
1285 2349 1371 2376 ποδῶν
1385 2349 1477 2376 αὑτοῦ.
1496 2359 1505 2375 t
1525 2350 1572 2382 Τίς
1588 2350 1616 2376 δὲ
1644 2351 1793 2386 ἐνήργησε,
1822 2352 1903 2386 φησὶ,

1112 2397 1158 2423 καὶ
1186 2396 1296 2431 ἐποίησε
1323 2395 1429 2428 ταῦ-τας
1451 2406 1460 2422 ι
1493 2396 1740 2432 Προσυπακούομεν
1763 2397 1802 2428 δὲ,
1827 2398 1870 2424 ὅτι
1887 2399 1904 2432 ἠ

1112 2441 1263 2476 χρηστότης
1277 2441 1323 2467 καὶ
1342 2440 1530 2476 φιλανθρωπία
1546 2441 1593 2467 τοῦ
1611 2440 1664 2467 τῶν
1681 2441 1749 2467 ὅλων
1764 2441 1836 2468 Θεοῦ
1853 2441 1902 2468 τοῦ

1113 2485 1256 2516 καλοῦντος
1271 2484 1365 2520 αὐτὴν,
1385 2484 1464 2520 δῆλον
1479 2484 1500 2511 δ’
1520 2485 1561 2511 ὅτι
1584 2485 1632 2520 τὴν
1647 2485 1834 2521 δικαιοσύνην,
1851 2487 1904 2513 οὐκ

1112 2531 1194 2566 ἄλλην
1215 2528 1297 2557 οὖσαν
1320 2530 1370 2565 τῆς
1389 2532 1483 2565 σοφίας
1500 2531 1591 2563 αὑτοῦ,
1614 2531 1646 2566 ἢν
1667 2531 1714 2557 καὶ
1739 2531 1902 2566 θεασάμενα

1112 2576 1231 2611 ὲφοΰήθη
1244 2577 1288 2602 τὺν
1302 2576 1368 2603 Θεὸν
1381 2577 1414 2603 τὰ
1424 2577 1452 2603 ὲν
1463 2576 1561 2612 ἀφοϐία
1573 2576 1640 2603 Θεοῦ
1653 2577 1786 2612 πρότερον
1800 2578 1903 2613 τυγχά-

1112 2630 1189 2648 νοντα
1205 2621 1283 2658 ἕθνη”
1301 2622 1319 2649 ἃ
1337 2623 1385 2649 καὶ
1401 2622 1430 2655 ἐξ
1451 2622 1542 2659 ἄκρων
1565 2623 1612 2649 καὶ
1626 2623 1680 2649 ἀπὸ
1695 2625 1827 2659 περάτων
1853 2624 1903 2658 τῆς

1111 2668 1272 2704 οἰκουμένης
1288 2668 1421 2704 κληθέντα
1438 2669 1533 2704 ἦγγισε
1549 2669 1589 2705 τῷ
1611 2669 1685 2704 Θεῷ·
1703 2670 1727 2696 ot
1741 2670 1810 2696 ποτὲ
1826 2670 1902 2701 ὄντες

1113 2714 1323 2749 μακρὰν·ὲγγὺς
1347 2715 1485 2749 γενόμενοι
1506 2714 1555 2750 τῆς
1577 2714 1713 2750 βασιλείας
1738 2715 1795 2741 τῶν
1817 2717 1904 2751 0591-

1111 2759 1182 2786 νῶν·
1206 2760 1246 2786 διὸ
1267 2760 1313 2786 καὶ
1334 2760 1519 2796 ἐξεπλάγησαν
1541 2762 1588 2787 ἐπὶ
1611 2760 1649 2796 τῷ
1676 2761 1827 2797 παραδόξῳ
1852 2762 1904 2796 τῆς

1112 2805 1257 2841 σωτηρίας,
1284 2806 1453 2838 διδάσκοντές
1480 2814 1510 2832 τε
1537 2805 1676 2842 ἀλλήλους,
1707 2807 1762 2833 καὶ·
1786 2807 1908 2841 ἀδελφὸς
