2035 3214
133 185 202 213 1⁸225

638 189 782 218 Εειοωῖ
795 191 1035 220 ΡΒΟΡΗΕΤΙΟᾹΞ.
1057 209 1089 213 ——
1110 194 1173 222 LIB.
1194 194 1238 222 IV.

1681 199 1748 226 I‘Z‘ZII

132 246 239 282 ἀδελφῷ
256 248 368 284 βοηθῶν,
390 251 438 286 τὴν
453 251 584 286 προτέραν
606 251 826 286 ὲξομολογοῦνται
849 253 903 287 περ’

963 256 1025 280 tans
1045 256 1072 279 et
1095 253 1253 280 confortans
1288 262 1355 289 quos
1379 255 1454 289 prius
1477 255 1542 282 deos
1570 255 1737 284 ducehainus

131 293 165 320 τὰ
180 294 276 321 εἴδωλα
292 296 404 332 πλάνην,
421 297 489 323 αὐτὰ
501 297 532 332 δὴ
549 297 634 324 ταῦτα
647 297 769 331 λέγοντες
780 306 786 312 ⁸
804 298 911 325 Τέκτων

132 340 183 376 ἄρα
197 338 231 376 ἦν
248 342 293 369 καὶ
305 342 430 377 χαλκεὺς,
443 345 457 370 ὁ
472 343 515 370 διὰ
537 343 640 379 σφύρας
654 344 701 371 καὶ
712 344 784 379 ἥλων
797 345 844 370 καὶ
858 353 910 379 μη-

130 387 214 422 χανῆς
241 388 412 424 ἀνθρωπίνης
435 380 577 425 ἀνεγείρας
604 390 650 418 καὶ
679 389 821 424 ὲνισχύσας
848 390 910 421 τοὺς

130 433 259 469 πρότερον
273 434 463 470 νομιζομένους
485 436 550 470 ἡμῖν
565 435 654 467 θεούς·
672 437 697 462 οἱ
719 436 747 461 δὲ
767 435 843 462 οὐδὲν
858 435 912 470 ἄρα

128 476 197 513 ἦσαν
216 479 232 514 ἦ
255 479 346 515 ἄψυχα
368 481 463 513 ξόανα,
485 481 611 516 οὐδεμίαν
632 480 662 514 ἐξ
682 481 786 508 ἑαυτῶν
805 480 911 516 κίνησιν

129 524 316 560 ἐπιδεχόμενοι,
339 526 385 553 καὶ
403 527 440 558 ὡς
461 527 546 562 ψευδῆ
568 528 718 562 ἐκτήσαντο
740 528 765 554 οἱ
792 527 912 563 πατέρες

965 295 1016 329 Qui
1040 298 1148 331 quidem
1174 299 1239 326 nihil
1261 303 1349 331 erant,
1375 300 1427 327 nisi
1451 301 1570 328 inanima
1592 302 1749 336 simulacra,

966 342 1071 368 nullum
1089 350 1102 368 a
1118 350 1148 369 se
1164 343 1231 377 ipsis
1247 348 1349 371 motum
1365 349 1523 377 consecuta,
1540 350 1567 374 et
1580 349 1657 382 quasi
1674 357 1749 378 men-

967 387 1044 414 dacia
1061 394 1223 423 acceperant
1244 394 1334 425 patres
1361 391 1446 418 nostri
1469 392 1550 424 idola,
1576 397 1603 420 et
1621 401 1675 421 nm
1691 401 1747 423 erat

967 433 994 460 iu
1010 436 1049 461 eis
1066 435 1180 462 utilitas.
1199 435 1276 468 Quod
1291 441 1381 464 autem
1398 437 1455 464 haec
1473 437 1509 464 ita
1529 437 1678 466 Salvator-is
1697 448 1747 466 no-

966 480 1016 507 stri
1039 481 1148 515 impleta
1174 487 1236 509 sunt
1261 483 1389 514 adventu,
1409 483 1495 518 magis
1513 485 1642 518 operibus
1666 493 1748 520 quam

966 527 1055 554 verbis
1071 527 1284 555 demonstratur.

129 572 206 608 ἡμῶν
226 574 386 605 εἶδωλα.καὶ
406 576 456 602 οὐκ
476 574 509 612 ἦν
530 577 558 602 ὲν
575 577 665 608 αὐτοῖς
685 576 826 612 ὠφέλημα.
845 577 906 602 Ὅτι
925 575 953 602 δὲ
965 574 1040 601 ταῦθ’
1055 575 1141 607 οὕτως
1152 577 1198 603 ἐπὶ
1210 579 1239 612 τῇ
1254 577 1300 603 τοῦ
1327 577 1451 613 Σωτῆρος
1476 577 1554 612 ἡμῶν
1583 578 1747 614 ἀπετελέσθη

129 620 262 656 παρουσίᾳ
278 621 376 656 μᾶλλον
392 621 445 649 τῶν
457 622 544 656 λόγων
558 623 573 658 ἡ
592 622 625 649 δι’
643 623 731 658 ἔργων
748 623 779 658 (f:
796 622 841 658 52)
855 623 1003 658 παρίστησι
1022 623 1168 659 μαρτυρία.

387 678 583 706 ΚΕΦΔΛΑΙΟΝ
603 681 644 707 Κ’.

164 732 172 749 ι
199 723 294 750 Ἰακὼὸ
307 725 321 751 ὁ
334 725 397 756 παῖς
411 733 472 760 μου.
487 726 667 762 ἀντιλήψομαι
680 726 761 753 αὐτοῦ
772 736 778 742 ⁸
803 727 911 764 Ἰσραὴλ

125 769 141 794 ὁ
164 769 290 801 ἐκλεκτός
315 778 376 805 μου,
403 771 580 807 προσεδέξατο
604 773 683 800 αὐτὸν
707 774 723 808 ἡ
746 773 817 809 ψυχή
837 782 906 809 μου·

125 816 212 843 ἔδωκα
228 818 258 843 τὸ
271 818 382 853 Πνεῦμα
397 827 447 854 μου
465 819 507 845 ἐπ’
521 819 601 846 αὐτόν
611 828 617 834 ·
632 819 720 855 κρίσιν
736 821 792 851 τοῖς
807 820 910 847 ἔθνεσιν

125 861 239 894 ἐξοίσει*
259 863 288 890 οὺ
305 863 474 898 κεκράξεται,
495 864 553 891 οὐδὲ
572 864 674 899 ἀνήσει,
697 865 757 891 οὐδὲ
772 865 908 901 ἀκουσθή-

1254 680 1368 708 CAPUT
1394 680 1452 707 XX.

1001 734 1010 750 ι
1028 723 1113 752 Iacob
1140 733 1206 760 puer
1221 733 1308 757 meus,
1323 726 1469 760 suscipiam
1483 734 1544 753 eum
1561 725 1664 754 :IsraeI
1692 728 1747 755 ele-

960 775 1022 798 ctus
1036 779 1123 803 meus,
1138 771 1285 806 assumpsit
1304 779 1366 799 eum
1379 771 1468 798 anima
1484 779 1542 799 mea
1560 782 1567 800 :
1585 772 1645 800 dedi
1659 772 1747 808 Spiri-

965 819 1023 844 tum
1036 823 1125 843 meum
1139 823 1221 850 super
1235 824 1297 843 eum
1309 825 1316 849 ;
1328 815 1461 850 judicium
1475 817 1599 851 gentibus
1609 817 1744 852 proferet;

962 869 1016 889 non
1029 862 1166 894 clamabit,
1180 870 1268 897 neque
1282 863 1412 894 remittet,
1434 870 1523 897 neque
1536 863 1663 890 audietur
1679 863 1745 890 furis

124 914 202 933 σεται
219 906 302 943 ἔξωὴ
327 907 400 942 φωνὴ
419 908 515 935 αὐτοῦ·
534 909 655 944 κάλαμον
673 909 853 945 τεθλασμένον
877 911 903 937 οξ

961 913 1013 933 vox
1027 906 1098 940 ejus;
1111 906 1245 933 calamum
1259 907 1408 934 contritum
1424 914 1478 934 non
1492 906 1607 942 franget,
1622 912 1649 934 et
1660 908 1745 935 linum

125 953 273 988 συντρίψει,
298 954 344 980 καὶ
364 955 434 981 λίνον
458 955 653 990 καωιζὸμενον
674 955 704 982 οὑ
725 955 830 983 σϐέσει·
849 957 908 983 ἀλλ’

123 999 163 1030 είς
178 999 303 1035 ἀλήθειαν
316 1000 411 1032 ἐξοίσει
423 1001 512 1036 κρίσιν
522 1009 530 1016 ⁴
544 1001 696 1036 ἀναλάμψει
713 1003 760 1029 καὶ
774 1003 803 1028 οὺ
826 1003 908 1038 θραυ-

123 1043 251 1080 σθήσεται
266 1045 318 1076 ἕως
332 1044 365 1071 ἂν
379 1045 411 1081 θῇ
424 1045 470 1072 ἐπὶ
489 1046 538 1081 τῆς
552 1046 601 1081 γῆς
618 1046 724 1082 κρίσιν’
743 1047 789 1074 καλ¹
811 1047 857 1074 ἐπὶ
868 1047 908 1083 τῷ

121 1090 233 1123 ὀνόματι
254 1090 335 1116 αὐτοῦ
354 1091 416 1126 ἔθνη
433 1091 579 1118 ἐλπιοῦσιν.
600 1092 692 1124 Οὕτως
713 1093 787 1127 λέγει
808 1093 907 1129 Κύριος

118 1137 135 1162 ὀ
151 1135 217 1167 Θεὸς
237 1137 251 1162 ὁ
274 1138 388 1172 ποιήσας
408 1137 452 1164 τὸν
472 1138 583 1174 οὐρανὸν
608 1139 655 1165 καὶ
678 1139 765 1174 πήξας
786 1141 875 1172 αὐτὸν,
892 1141 906 1166 ὅ

122 1181 276 1217 περειῦσας
289 1182 337 1218 τὴν
349 1183 400 1218 γῆν
413 1183 459 1210 καὶ
473 1184 506 1210 τὰ
523 1185 551 1211 ὲν
563 1185 643 1220 αὐτῇ,
656 1185 703 1212 καὶ
716 1186 804 1218 διδοὺς
823 1187 907 1222 πνοὴν

117 1226 160 1262 τῷ
181 1226 238 1262 λαῷ
259 1227 298 1262 τῷ
315 1228 358 1253 ἐπ’
381 1229 474 1263 αὐτῆς,
502 1230 548 1255 καὶ
570 1229 678 1265 πνεῦμα
701 1232 758 1262 τοῖς
777 1231 906 1258 πατοῦσιν

119 1272 207 1307 αὐτήν
218 1281 225 1288 ·
238 1272 291 1306 ἐγὼ
307 1273 408 1308 Κύριος
418 1275 432 1300 ὁ
444 1273 510 1305 Θεὸς
523 1273 640 1300 ὲκάλεσά
654 1283 682 1301 σε
697 1276 725 1301 ἐν
738 1276 905 1312 δικαιοσίνῃ,

119 1318 169 1344 καὶ
184 1319 312 1354 κρατήσω
333 1319 383 1354 τῆς
402 1320 492 1355 χειρὸς
513 1328 558 1346 σου
576 1321 622 1346 καὶ
640 1321 771 1356 ἑνισχύσω
791 1330 837 1348 σε·
860 1323 906 1349 καὶ

118 1361 210 1390 ἔδωκὰ
224 1373 253 1390 σε
267 1365 306 1396 εἰς
321 1364 450 1401 διαθήκην
464 1366 559 1399 γένους
571 1367 611 1398 είς
625 1366 682 1401 φῶς
694 1367 788 1400 ἐθνῶν,
803 1367 905 1400 ἀνοῖξαι

116 1407 274 1443 ὀφθαλμοὺς
290 1409 405 1444 τυφλῶν,
417 1410 559 1445 ἐξαγαγεῖν
570 1413 602 1438 ὲκ
614 1412 721 1447 δεσμῶν
737 1412 903 1448 δεδεμένους,

117 1454 168 1480 καὶ
182 1453 209 1487 ἐξ
226 1454 298 1481 οἴκου
315 1455 436 1491 φυλακῆς
457 1457 627 1493 καθημένους
644 1459 672 1485 ὲν
695 1459 794 1486 σκότει.
813 1470 822 1485 ι
843 1460 905 1487 ’Ὁτι

118 1499 159 1535 μὴ
182 1500 245 1536 περὶ
267 1500 314 1527 τοῦ
332 1501 385 1528 τῶν
403 1502 538 1530 Ἰουδαίων
558 1504 621 1532 λαοῦ
647 1505 845 1540 προφητεύεται
871 1506 905 1533 τὰ

117 1546 175 1572 ἀπὸ
188 1546 234 1572 τοῦ
246 1555 253 1562 ·
270 1556 279 1573 ‹
301 1547 395 1574 Ἰακὼὸ
419 1549 432 1575 ὁ
455 1551 520 1581 παῖς
536 1559 597 1585 μου,
610 1551 789 1587 ἁντιλήψομαι
810 1552 903 1582 αὑτοῦ,

961 951 1096 986 fumigans
1118 960 1173 978 non
1190 952 1362 988 exstinguat;
1381 953 1428 980 sed
1445 953 1472 979 in
1494 953 1607 980 veritate
1626 953 1746 988 proferet

956 997 1102 1032 judicium,
1122 998 1316 1033 resplendebit,
1333 1003 1360 1026 et
1373 1006 1427 1026 non
1442 999 1682 1034 conquassabitur,
1695 999 1745 1026 do—

959 1051 1008 1071 nec
1021 1048 1103 1078 ponat
1111 1044 1139 1071 in
1148 1045 1370 1079 tertajudicium,
1382 1049 1409 1072 et
1420 1045 1447 1072 in
1459 1046 1569 1072 nomine
1579 1045 1639 1080 ejus
1649 1050 1743 1081 gentes

958 1089 1116 1124 sperabunt.
1137 1089 1183 1117 Sic
1197 1090 1262 1118 dicit
1292 1090 1423 1118 Dominus
1456 1090 1539 1123 Deus,
1553 1091 1600 1126 qui
1615 1091 1677 1118 fecit
1690 1099 1745 1118 coe-

958 1134 1024 1166 lum.
1036 1139 1062 1162 et
1076 1134 1190 1162 intendit
1205 1135 1282 1167 illud,
1297 1137 1344 1170 qui
1356 1136 1472 1164 ﬁrmavit
1483 1141 1584 1164 terram
1599 1142 1626 1164 et
1640 1145 1672 1164 ea
1684 1145 1744 1172 qua:

957 1183 1021 1206 sunt
1037 1179 1064 1207 in
1078 1179 1146 1214 ipsa,
1164 1181 1267 1216 quique
1285 1181 1331 1208 dat
1346 1181 1439 1208 ﬂatum
1463 1182 1574 1217 populo,
1596 1182 1642 1217 qui
1657 1188 1699 1210 est
1718 1183 1744 1209 in

957 1234 999 1259 ea.
1013 1234 1040 1257 et
1049 1228 1175 1264 spiritum
1191 1228 1359 1256 calcantibus
1372 1235 1441 1255 eam.
1458 1228 1512 1263 Ego
1526 1228 1656 1256 Dominus
1667 1228 1740 1256 Deus

956 1280 1020 1302 tuus
1036 1275 1130 1302 vocavi
1145 1278 1172 1302 te
1186 1274 1214 1301 in
1227 1273 1343 1308 justitia,
1361 1278 1387 1302 et
1406 1275 1608 1309 apprehendam
1623 1282 1737 1301 manum

956 1313 1041 1352 tuam,
1054 1325 1080 1347 et
1092 1319 1276 1348 corroborabo
1291 1325 1316 1346 te
1330 1329 1337 1347 :
1353 1325 1380 1347 et
1393 1319 1453 1347 dedi
1470 1323 1496 1347 te
1509 1321 1536 1347 in
1549 1323 1743 1348 testamentum

956 1366 1065 1402 generis
1083 1366 1111 1393 in
1132 1366 1224 1393 lumen
1240 1365 1372 1401 gentium,
1388 1370 1419 1393 ut
1436 1367 1557 1401 aperires
1577 1366 1671 1393 oculos
1690 1374 1744 1394 caa-

956 1420 1061 1444 corum,
1072 1416 1099 1439 et
1112 1411 1242 1439 educeres
1259 1419 1292 1439 ex
1304 1411 1420 1439 vinculis
1433 1412 1561 1447 illigatos,
1577 1416 1604 1440 et
1618 1413 1651 1439 de
1663 1412 1743 1440 domo

956 1458 1075 1485 carceris
1092 1457 1217 1486 sedentes
1232 1457 1261 1485 in
1273 1458 1395 1486 tenebris
1412 1458 1431 1485 ‘.
1452 1468 1461 1484 ι
1478 1458 1557 1491 Quod
1574 1466 1628 1485 non
1642 1458 1675 1486 de
1694 1458 1743 1485 Iu-

956 1503 1075 1531 dmorum
1089 1503 1188 1539 populo
1206 1504 1427 1539 prophetizantur
1444 1503 1501 1531 haec
1518 1513 1524 1531 :
1544 1513 1553 1529 ι
1567 1503 1652 1531 Iacob
1678 1511 1745 1539 puer

956 1557 1044 1582 meus,
1061 1550 1208 1584 suscipiam
1221 1557 1300 1583 eum;
1312 1549 1394 1577 Israel
1413 1550 1518 1577 electus
1533 1557 1620 1581 meus,
1638 1557 1744 1577 assum—

122 1592 233 1629 Ἰσραὴλ
248 1595 262 1620 ὁ
285 1594 409 1627 ἐκλεκτός
431 1604 491 1630 μου,
507 1597 685 1631 προσεδέξατο
699 1598 779 1625 αὐτὸν
800 1599 817 1633 ἡ
832 1597 903 1634 ψυχή

957 1596 1011 1630 psit
1025 1602 1087 1622 eum
1111 1595 1201 1622 anima
1220 1602 1289 1626 mea,
1305 1605 1314 1620 1
1336 1599 1363 1622 et
1376 1595 1495 1630 reliqua,
1512 1590 1684 1623 manifestum
1701 1600 1743 1622 est

117 1646 183 1674 μου,
200 1650 209 1666 ›
226 1641 308 1675 σαφὲς
324 1641 398 1668 ἔσται
411 1643 466 1674 τοῖς
478 1642 614 1670 ἐθέλουσιν
632 1644 749 1679 ἑκάστην
761 1644 834 1677 λέξιν
849 1644 904 1671 τῶν

116 1687 305 1721 προκειμένων
323 1687 468 1719 ἐξετάζειν.
488 1688 555 1715 ἀλλὰ
572 1689 618 1716 καὶ
643 1690 696 1716 ἀπὸ
716 1691 766 1726 τῆς
783 1691 853 1717 κατὰ
874 1691 903 1718 τὸ

121 1732 268 1767 Ἐὄραῖκδν
291 1733 432 1768 ἀκριϐείας
456 1734 534 1762 τοῦτο
557 1735 634 1770 δῆλόν
656 1737 746 1762 ἐστιν·
777 1736 832 1763 οὔτ’
857 1735 904 1764 οὖν

115 1778 147 1805 τὸ
169 1777 265 1804 Ἰακὼϐ
289 1778 383 1813 ὄνομα,
406 1778 466 1806 οὔτε
488 1780 518 1806 τὸ
540 1780 647 1816 Ἰσραὴλ
667 1782 695 1807 ἐν
720 1781 794 1816 αὒτῷ
819 1782 903 1817 ἐρ.φέ-

115 1831 211 1858 ρεται’
226 1823 285 1850 ὃθεν
307 1824 353 1850 καὶ
369 1824 513 1851 ὠὸέλισται
526 1825 601 1861 παρὰ
616 1827 672 1858 τοῖς
691 1827 832 1862 ἀκριϐέσιν
857 1829 904 1854 ἁν-

113 1869 261 1904 τιγράῳοις
287 1870 340 1896 τῶν
360 1870 568 1906 Ἐϐδομήκοντα,
582 1872 675 1899 καθότι
699 1881 730 1906 γε
750 1873 799 1899 οὐκ
824 1873 902 1905 ἄλλος

113 1913 172 1939 τῶν
194 1914 304 1941 δικαίων
327 1915 397 1950 πλὴν
416 1915 463 1942 τοῦ
482 1916 606 1952 Σωτῆρος
626 1916 703 1952 ἡμῶν
725 1917 811 1952 Ἰησοῦ
833 1919 903 1953 Χρι-

115 1959 194 1991 στοῦ,
218 1960 276 1987 οὐδὲ
299 1961 351 1996 μὴν
373 1962 453 1992 αὐτὸς
474 1963 488 1988 ό
512 1962 559 1988 τοῦ
581 1963 673 1990 Ἰσαὰκ
694 1963 711 1998 ἢ
738 1963 834 1990 Ἰακὼό
854 1965 902 1990 καὶ

121 2006 233 2041 Ἰσραὴλ
245 2007 472 2043 προσαγορευθεὶς
487 2008 604 2041 τοιοῦτός
621 2018 662 2041 τις
676 2007 720 2045 ῆν,
736 2009 773 2040 ὡς
784 2010 903 2046 ἐφαρμό-

114 2052 176 2084 ζειν
196 2053 269 2088 αὒτῷ
291 2053 418 2080 δύνασθαι
441 2053 474 2081 τὰ
496 2055 680 2090 προκείμενα,
707 2055 800 2082 οὐδένα
825 2054 902 2091 οἶμαι

114 2098 310 2134 ἀμφιϐάλλειν·
333 2100 375 2125 ἵνα
395 2100 449 2135 γὰρ
468 2101 514 2127 καὶ
534 2101 636 2137 ἑτέροις
659 2101 774 2137 ἁρμόσοι
791 2110 833 2133 τις
858 2102 899 2129 τό·

115 2154 126 2170 ‹
146 2145 255 2172 Ἔδωκα
272 2145 302 2172 τὸ
315 2145 427 2181 Πνεῦμα
445 2154 495 2181 μου
510 2147 553 2174 ἐπ’
568 2147 657 2179 αὐτὸν,
676 2158 686 2173 υ
705 2147 731 2174 τί
744 2148 766 2174 δ’
781 2147 815 2174 ἂν
829 2148 902 2174 εἴποι

111 2193 156 2222 εις
172 2191 211 2217 τόο
232 2200 240 2216 ι
258 2192 355 2226 Κρίσιν
378 2194 433 2224 τοῖς
455 2193 557 2219 ἔθνεσιν
572 2193 680 2225 ἐξοίσει,
697 2203 706 2219 ι
733 2194 780 2220 καὶ
803 2195 842 2225 είς
866 2194 900 2221 τὰ

110 2238 190 2271 ἑξῆς,
205 2237 251 2262 καὶ
275 2236 388 2270 μάλιστα
408 2239 447 2264 τοι
472 2247 481 2264 ι
500 2239 554 2265 Καὶ
575 2239 620 2266 ἐπὶ
635 2239 674 2274 τῷ
689 2240 800 2274 ὀνόματι
817 2240 900 2266 αὐτοῦ

956 1640 1079 1676 singulas
1092 1640 1206 1675 hujusce
1217 1640 1366 1675 prophetia:
1380 1648 1460 1668 voces
1475 1641 1640 1676 perpendere
1651 1641 1740 1668 volen-

955 1686 1039 1718 tibus.
1057 1686 1105 1714 sed
1122 1686 1203 1714 etiam
1226 1686 1287 1720 ipso
1303 1685 1438 1714 Hebraico
1456 1690 1532 1713 textu
1548 1690 1632 1721 patet.
1648 1686 1742 1721 Neque

952 1731 1048 1765 Iacob,
1064 1740 1152 1767 neque
1166 1731 1249 1760 Israel
1266 1732 1389 1758 nominat
1408 1742 1415 1758 :
1432 1732 1504 1767 apud
1528 1732 1602 1767 ipsos
1625 1732 1737 1767 quidem

955 1778 1132 1814 Septuaginta
1152 1778 1232 1806 obelo
1246 1779 1383 1813 signatum
1402 1783 1443 1805 est
1465 1785 1563 1805 nomen
1588 1777 1664 1809 illud,
1676 1785 1742 1812 quo-

954 1825 1027 1852 niam
1045 1832 1102 1852 non
1119 1825 1257 1859 justorum
1274 1825 1355 1856 alius,
1372 1824 1426 1851 nisi
1441 1823 1566 1851 Salvator
1582 1827 1675 1851 noster
1692 1823 1739 1851 Ie—

954 1879 1001 1898 sus
1017 1871 1155 1902 Christus,
1173 1878 1227 1897 non
1238 1870 1347 1906 quidem
1370 1870 1429 1905 ipse
1451 1869 1524 1897 ﬁlius
1540 1870 1626 1901 Isaac,
1641 1868 1738 1900 Iacob,

953 1917 995 1944 vel
1009 1916 1092 1944 Israel
1105 1916 1309 1948 denominatur,
1324 1916 1347 1943 is
1359 1919 1418 1943 erat
1433 1914 1477 1942 cui
1493 1914 1615 1949 adaptari
1627 1919 1739 1949 possent

954 1963 1085 1997 praedicta
1094 1963 1176 1991 verba
1188 1972 1194 1996 ;
1208 1967 1290 1998 atque
1302 1963 1378 1995 illud,
1391 1966 1420 1989 ut
1431 1962 1538 1997 opinor,
1547 1961 1614 1988 nulli
1625 1961 1738 1988 dubium

953 2014 1005 2036 est.
1018 2008 1087 2036 Dato
1096 2009 1169 2036 enim
1179 2009 1253 2044 quod
1270 2009 1331 2036 aliis
1343 2016 1451 2046 quoque
1466 2008 1524 2034 hac
1539 2007 1715 2034 convenirent
1727 2015 1735 2033 ε

954 2063 964 2079 ι
973 2053 1036 2081 Dedi
1043 2054 1172 2089 Spiritum
1183 2062 1270 2081 meum
1280 2062 1362 2090 super
1368 2053 1567 2087 eum;ocuinam
1576 2052 1630 2079 dici
1636 2051 1737 2086 potuit:

956 2109 965 2125 ι
978 2099 1114 2127 Iudicium
1130 2100 1257 2136 gentibus
1273 2100 1402 2135 proferet.
1422 2110 1431 2126 ι
1453 2104 1479 2130 et
1493 2106 1554 2134 quae
1575 2103 1737 2133 sequuntur.

953 2147 1156 2181 prazsertimque
1170 2146 1235 2173 illud
1251 2155 1258 2173 :
1273 2155 1282 2172 (
1295 2146 1328 2173 Ει
1342 2146 1368 2173 in
1385 2146 1494 2173 nomine
1504 2146 1564 2180 ejus
1572 2149 1666 2180 gentes
1677 2152 1740 2179 spe-

955 2191 1075 2218 rabunt?
1091 2201 1100 2217 ι
1120 2190 1263 2224 Quomodo
1279 2195 1369 2218 autem
1383 2191 1515 2218 credibile
1529 2193 1602 2217 esset
1618 2190 1675 2217 sive
1687 2189 1738 2216 Iu—

954 2236 1076 2264 daaorum
1095 2238 1204 2272 populo,
1221 2238 1278 2265 sive
1291 2237 1344 2273 ipsi
1361 2237 1417 2264 lilio
1430 2237 1517 2268 Isaac,
1531 2237 1627 2270 Iacob,
1640 2237 1698 2264 sive
1711 2239 1739 2263 ct.

110 2283 180 2316 ἔθνη
194 2281 346 2314 ὲλπιοῦσινς
371 2292 380 2308 ι
396 2284 456 2315 Πῶς
470 2285 498 2311 δὲ
517 2285 569 2311 κᾶν
583 2285 693 2312 πιθανὸν
714 2286 756 2320 εἴη
774 2286 833 2321 ἦτοι
845 2286 899 2312 τῶν

955 2283 1041 2310 cuivis
1054 2283 1192 2318 justorum
1204 2283 1261 2315 alii,
1277 2290 1309 2310 ea
1321 2282 1468 2310 convenire
1483 2293 1489 2310 :
1511 2292 1520 2307 ι
1537 2282 1603 2310 Dedi
1619 2286 1646 2309 te
1658 2282 1687 2309 in
1698 2285 1738 2308 te-

116 2327 256 2355 Ἰουδαίων
272 2327 365 2364 λαῷ,ἢ
384 2330 430 2354 καὶ
442 2329 514 2364 αὐτῷ
529 2330 568 2366 τῷ
580 2332 626 2358 τοῦ
646 2331 738 2358 Ἰσαὰκ
758 2331 864 2364 Ἰακὼϐ,
882 2331 898 2366 ἢ

109 2374 166 2401 καὶ
180 2374 264 2408 ἑτέρῳ
278 2373 331 2400 τινὶ
342 2373 396 2399 τῶν
411 2374 518 2401 δικαίων
531 2376 695 2411 ὲῳαρμόζειν
709 2377 740 2403 τό
750 2385 758 2392 ·
776 2387 784 2402 ι
794 2377 902 2404 Ἔδωκά

112 2429 146 2448 σε
162 2421 201 2452 είς
211 2420 341 2456 διαθήκην
353 2420 456 2454 γένους.
469 2422 507 2452 εἰς
518 2421 573 2454 φῶς
585 2423 678 2456 ἐθνῶν,
690 2423 792 2456 ἀνοῖξαι
803 2424 902 2458 ὀφθαλ-

113 2466 186 2502 μοὺς
205 2466 482 2501 τυφλῶν,λὲξαγαγεῖν
501 2467 532 2493 ἐκ
547 2467 654 2503 δεσμῶν
669 2469 837 2504 δεδεμένους,
853 2471 900 2496 καὶ

111 2512 146 2545 ἐξ
168 2511 242 2538 οἴκου
265 2513 387 2548 φυλακῆς
409 2512 578 2547 καθημένους
600 2514 628 2539 ὲν
655 2515 762 2547 σκότει;
784 2525 793 2540 ι
818 2516 899 2542 Ἀλλὰ

110 2556 202 2585 ταῦτα
214 2559 278 2593 ἡμῖν
290 2558 327 2590 ὼς
338 2558 405 2594 πρὸς
417 2558 479 2589 τοὺς
490 2558 522 2584 ἐκ
534 2559 682 2594 περιτομῆς
696 2561 879 2596 ὲπηπορήσθω
890 2570 897 2576 ’

113 2603 211 2638 σαφῶς
225 2612 255 2637 τε
270 2604 322 2639 μὴν
334 2605 406 2639 ἡμᾶς
427 2604 456 2630 τὺ
468 2604 639 2638 Ἐὺαγγέλιον
654 2605 701 2631 ἐπὶ
714 2605 760 2631 τοῦ
774 2606 898 2642 Σωτῆρος

110 2648 194 2685 ἡμῶν
216 2648 300 2683 Ἰησοῦ
317 2649 436 2676 διδάσκει
459 2650 504 2675 καὶ
523 2649 623 2685 ταύτην
640 2650 835 2686 πεπληρῶσθαι
850 2652 899 2687 τὴν

111 2693 293 2729 προιρητείαν,
319 2695 363 2720 ὅτε
383 2703 392 2719 ι
408 2693 558 2726 ἐξελθόντες
574 2695 597 2720 οἱ
623 2695 764 2731 Φαρισαῖοι
781 2695 898 2731 συμϐού-

109 2739 170 2765 λιον
187 2737 247 2764 κατ’
268 2738 349 2765 αὐτοῦ
368 2738 471 2769 ἕλαὸον,
488 2739 561 2771 ὅπως
578 2739 657 2766 αὑτὸν
669 2740 846 2767 ἀπολέσωσιν.
867 2741 897 2767 '0

109 2785 141 2811 δὲ
165 2783 268 2819 Ἰησοῦς
288 2784 367 2817 γνοὺς
382 2784 553 2820 ἀνεχώρησεν
573 2785 676 2812 ἐκεῖθεν
690 2794 696 2800 ·
719 2786 766 2812 καὶ
781 2786 895 2821 ἠκολού-

108 2828 200 2863 θησαν
217 2827 290 2863 αὐτῷ
303 2827 462 2860 πολλοὶ,κώ
475 2827 657 2865 ἐθεράπευσεν
668 2831 766 2863 αὐτοὺς
778 2832 894 2864 πάντας·

153 2905 232 2934 Ἰδειὶ,
249 2913 314 2937 xui.
335 2906 393 2932 l-7.
432 2908 440 2922 '
458 2906 614 2939 Ilattli.,xu.
634 2909 674 2935 II.

272 2953 406 2982 Ρλτιιοι.
431 2954 489 2984 Gn.
514 2954 611 2986 XXII.

954 2333 1117 2356 stamentum
1139 2329 1249 2363 generis
1267 2329 1295 2356 in
1313 2329 1405 2356 lumen
1427 2330 1559 2365 gentium,
1572 2333 1602 2356 ut
1614 2328 1737 2363 aperires

951 2375 1047 2401 oculos
1063 2381 1209 2407 caecorum,
1231 2379 1258 2402 et
1276 2375 1408 2403 educeres
1422 2383 1455 2402 ex
1473 2375 1588 2401 vinculis
1605 2374 1735 2408 illigatos.

952 2423 979 2445 et
992 2418 1025 2446 de
1040 2418 1121 2445 domo
1136 2420 1255 2447 carceris
1279 2421 1405 2448 sedentes
1433 2420 1461 2447 in
1488 2419 1626 2447 tenebris?
1646 2428 1655 2445 ι
1672 2418 1736 2445 Haec

941 2471 1018 2500 ‘vero
1045 2464 1135 2496 nobis,
1160 2465 1238 2499 quasi
1253 2465 1436 2496 circumcisis,
1463 2463 1634 2492 discutienda
1659 2468 1732 2491 sunt.

952 2508 1094 2536 Manifeste
1113 2517 1164 2536 nos
1183 2508 1358 2544 Evangelium
1371 2517 1387 2536 a
1404 2509 1544 2537 Salvature
1558 2511 1653 2535 nostro
1669 2507 1734 2535 Iesu

951 2554 1021 2581 hanc
1032 2555 1111 2582 docet
1122 2555 1291 2590 prophetiam
1303 2556 1440 2590 impletam
1453 2555 1548 2587 fuisse,
1562 2562 1625 2581 cum
1642 2563 1651 2579 ι
1665 2553 1736 2580 Pha-

951 2600 1021 2627 risaei
1035 2605 1167 2628 exeuntes
1189 2601 1335 2628 consilium
1359 2602 1492 2629 adversus
1509 2608 1572 2627 eum
1591 2604 1734 2634 ceperunt,

952 2651 981 2673 ut
1003 2654 1064 2673 eum
1081 2647 1277 2675 interficerent.
1292 2647 1372 2680 Quod
1396 2655 1461 2674 vero
1484 2646 1564 2674 Iesus
1579 2647 1677 2677 sciens,
1692 2653 1736 2672 se-

950 2693 1033 2720 cessit
1055 2693 1118 2720 inde
1131 2703 1137 2720 :
1150 2698 1177 2721 et
1198 2697 1298 2721 secutae
1313 2697 1377 2720 sunt
1393 2701 1455 2721 eum
1479 2693 1567 2720 turbae
1587 2691 1687 2722 multze,
1708 2696 1736 2718 et

949 2738 1057 2766 culavit
1072 2747 1119 2767 eos
1132 2748 1227 2768 omnes
1241 2761 1248 2772 ,
1263 2745 1290 2768 et
1306 2741 1434 2775 praecepit
1449 2740 1489 2768 eis
1509 2748 1543 2766 ne
1559 2737 1734 2766 manifestum

951 2787 1040 2821 ipsum
1052 2786 1172 2814 Iacerent
1186 2788 1207 2813 '.
1228 2797 1237 2812 ι
1255 2786 1302 2814 llis
1317 2787 1389 2814 enim
1404 2786 1513 2814 additur
1524 2787 1550 2813 in
1565 2786 1710 2820 Evangelia
1725 2794 1732 2812 :

955 2842 963 2859 ι
982 2833 1014 2861 Ut
1030 2834 1188 2870 impleretur
1199 2834 1270 2869 quod
1283 2833 1384 2861 dictum
1398 2838 1440 2861 est
1451 2841 1499 2869 per
1510 2832 1607 2862 Isaiam
1623 2833 1734 2869 prophe-

1531 2956 1569 2986 39
