2035 3214
268 184 335 210 1227

599 180 730 208 EUSEBll
751 178 988 206 CESARIENSIS
1007 177 1081 206 OPP.
1103 177 1192 204 PARS
1218 177 1261 204 Ill.
1283 193 1316 198 —
1337 177 1540 205 EXECETICA.

1825 175 1890 202 131$

267 249 321 270 tam
333 243 484 270 dicentem:
499 241 567 268 Ecce
588 249 655 276 puer
671 249 747 268 meus
764 241 792 267 in
811 248 865 276 quo
880 240 1045 275 complacui,

1102 239 1148 265 καὶ
1165 239 1329 274 ἐπετίμησεν
1343 239 1443 271 αὐτοῖς,
1461 238 1504 264 ἴνα
1523 237 1560 272 μὴ
1584 237 1697 272 φανερὸν
1712 237 1794 263 αὐτὸν
1812 237 1890 272 ποιή-

267 289 381 315 dilectus
399 295 485 319 meus,
498 293 578 320 quem
592 286 673 321 elegit
687 286 776 313 anima
791 293 861 313 mea.
878 285 980 312 Ponam
995 286 1052 320 sp':-

267 337 348 361 ritum
361 341 451 360 meum
477 340 559 368 super
587 340 661 365 eum,
687 341 696 358 ι
728 336 756 359 et
785 332 899 366 reliqua,
931 332 1002 359 sicut
1025 332 1053 358 in

266 375 406 415 prophetia
438 378 602 406 referuntur.
625 377 684 412 Ipse
716 378 797 413 igitur
830 382 913 410 esset,
941 378 987 413 qui
1009 377 1054 405 hic

264 424 350 452 Joeob
368 427 490 458 vocatur,
514 424 600 452 Filius
630 423 678 451 Dei
703 424 869 459 nnigenitus;
894 424 965 451 sicut
986 424 1052 451 alias

265 470 368 497 dictum
389 473 431 497 est
458 480 464 497 :
495 479 504 496 ε
520 470 644 505 Magnum
666 470 716 497 tibi
745 475 787 497 est
808 470 900 497 vocari
915 474 942 498 te
965 470 1050 497 filium

266 523 366 548 meum,
383 516 517 544 suscitare
529 516 617 543 tribus
631 515 726 548 Jacob,
743 519 770 543 et
787 516 866 544 faeces
881 515 964 543 Israel
986 523 1052 543 con~

266 565 371 589 vertere
394 562 414 588 '.
439 572 447 588 I
468 561 517 588 Hie
533 562 615 597 igitur
629 569 644 588 a
660 561 741 589 Patre
762 569 823 588 cum
839 562 909 589 inter
925 561 976 589 alin
990 562 1050 589 hac

266 607 398 634 audiisset
412 617 419 634 :
439 617 447 633 ι
467 607 532 635 Dedi
549 613 575 635 te
590 608 617 635 in
631 611 822 635 testamentum
837 608 955 643 generis,
969 608 996 635 in
1009 609 1052 635 lu-

266 657 327 677 men
339 650 470 685 gentium,
483 651 616 686 judicium
632 652 722 678 attulit
734 652 869 686 gentibus,
888 662 896 678 ι
913 653 950 678 ita
964 657 993 678 ut
1005 652 1050 687 ju-

265 695 355 722 dicata
376 697 482 724 ratione
496 697 573 732 juxta
593 704 716 724 sanctum
735 697 909 733 Evangelium
924 699 990 733 ipsa:
1006 698 1048 725 di-

266 741 417 776 rigerentur
436 751 442 768 :
460 742 543 777 liquet
558 743 584 769 in
595 743 704 770 nomine
715 744 774 778 ejus
786 744 939 779 speravisse
957 748 1050 779 gentes

266 795 327 820 qua:
342 787 370 814 in
383 795 444 815 eum
457 788 643 821 crediderunt,
656 789 799 824 ipsumque
812 789 845 816 ad
857 797 903 817 eas
916 790 944 816 in
958 791 1049 817 lumen

266 834 386 868 gentium
402 834 519 867 venisse,
535 839 564 862 ut
579 835 652 862 verbi
668 835 710 862 sui
727 835 828 862 lumine
841 836 939 863 mentis
954 836 1048 863 oculos

267 880 342 914 prius
360 880 540 915 caligantibus
563 882 726 909 recludet-et.
744 881 796 909 Sed
818 882 900 909 etiam
926 882 1017 909 eduxit
1033 891 1048 910 e

266 927 383 955 vinculis
397 928 532 962 quondam
547 933 720 963 peccatorum
734 929 847 956 nexibus
862 928 991 964 illigatos,
1005 933 1048 956 at-

265 982 319 1008 que
333 981 348 1001 e
361 974 442 1001 domo
455 975 574 1001 carceris
588 975 688 1002 diaboli
702 975 763 1002 illos
774 975 820 1010 qui
831 975 951 1002 omnium
963 975 1047 1003 Deum

268 1019 422 1054 ignorantes
439 1020 466 1046 in
483 1020 603 1047 tenebris
616 1021 755 1048 sedebam.
768 1020 843 1048 Licet
853 1020 975 1048 studioso
991 1021 1049 1049 sin-

267 1064 344 1099 gulas
352 1065 490 1100 inquirere
498 1067 646 1101 prophetiae
656 1074 748 1099 voces,
759 1067 944 1101 reliquamque
955 1066 1049 1094 dictio-

268 1118 340 1142 nem,
365 1111 436 1138 sicut
463 1112 544 1139 modo
569 1112 755 1147 exposuimus,
781 1112 815 1139 ad
837 1112 975 1140 Christum
1001 1111 1047 1140 Dei

267 1159 425 1186 transferre.

1105 294 1187 312 σωσιν
1198 294 1204 300 ·
1227 296 1236 312 ι
1254 286 1360 317 τούτοις
1375 287 1429 321 γὰρ
1445 285 1603 323 ἐπιφέρεται
1615 286 1644 311 ἑν
1659 284 1698 320 τῷ
1712 284 1871 318 Εὑαγγελίῳ
1882 292 1889 299 ·

1107 342 1115 358 ι
1134 332 1191 358 Ἵνα
1205 331 1334 367 πληρωθῇ
1351 332 1381 358 τὸ
1399 331 1479 367 ῥηθὲν
1495 330 1538 357 διὰ
1557 331 1667 356 Ἡσαΐου
1682 329 1728 356 τοῦ
1740 331 1889 365 προφήτου.

1103 378 1226 412 λέγοντος
1236 386 1243 392 ⁸
1266 377 1331 404 Ἰδοὺ
1344 378 1358 404 ὁ
1374 379 1438 409 τιαῖς
1456 385 1518 412 μου,
1533 376 1561 402 ὃν
1577 376 1688 412 ᾑρέτισα
1698 384 1704 390 ·
1720 377 1734 402 ὁ
1750 375 1889 411 ἀγαπητὼ

1104 433 1165 459 μου,
1180 424 1209 450 ὃν
1221 423 1365 458 εὐδόκησεν
1381 424 1397 458 ἡ
1410 424 1482 458 ψυχή
1499 430 1563 458 μου·
1580 422 1654 457 θήσω
1669 421 1700 448 τὸ
1714 421 1826 456 Πνεῦμά.
1840 430 1889 456 μου

1103 471 1145 496 ἐπ’
1159 470 1250 502 αὐτὸν,
1269 479 1278 495 ι
1296 469 1342 496 καὶ
1363 469 1398 495 τὰ
1419 468 1492 504 ἑξῆς,
1510 469 1559 494 ὅσα
1577 467 1609 502 δὴ
1632 468 1661 494 ἐν
1683 468 1716 502 τῇ
1738 467 1889 502 προεξητείᾳ

1102 515 1283 542 κατείλεκται.
1298 514 1383 546 Αὐτὸς
1407 514 1428 540 δ’
1453 513 1485 540 ἂν
1510 511 1556 539 οὖν
1576 513 1619 547 εἴη
1641 512 1674 539 ἂν
1697 513 1712 537 ὁ
1729 513 1775 538 καὶ
1795 511 1888 538 Ἰακὼϐ

1101 561 1281 597 χρηματίσας,
1300 561 1368 592 Παῖς
1383 560 1420 587 ὢν
1443 559 1588 595 μονογενὴς
1605 558 1649 585 τοῦ
1671 558 1753 585 Θεοῦο
1776 558 1814 590 ὡς
1831 558 1888 585 ἑτέ-

1103 607 1167 642 ρωθι
1185 607 1331 633 λέλεκται·
1351 616 1360 632 ι
1387 606 1466 640 Μέγα
1492 605 1533 632 σοί
1557 597 1615 631 ἐστι
1641 604 1688 631 τοῦ
1711 603 1844 640 κληθῆναί
1860 612 1888 630 σι

1100 653 1183 680 παῖδὰ
1207 661 1266 688 μου,
1291 652 1337 680 τοῦ
1361 653 1458 688 στῆσαι
1481 651 1530 683 τὰς
1551 651 1636 686 φυλὰς
1653 650 1759 682 Ἰακὼϐ,
1775 652 1823 677 καὶ
1840 650 1887 682 τὰς

1099 699 1248 735 διασπορὰς
1261 698 1308 725 τοῦ
1330 698 1437 734 Ἰσραὴλ
1454 697 1626 732 ἐπιστρέψαι.
1647 706 1656 722 ι
1681 693 1763 728 Οὗτος
1787 696 1820 732 δὴ
1839 697 1888 722 τοὶ-

1099 753 1146 772 νυν
1169 744 1245 780 παρὰ
1267 744 1313 771 τοῦ
1340 745 1446 780 Πατρὺς
1477 743 1596 775 ἀκούσας
1623 743 1692 778 μετὰ
1720 743 1772 769 τῶν
1801 743 1886 770 ἄλλων

1099 791 1130 826 (Ῑ.
1154 790 1187 817 52
1204 790 1242 826 v°)
1259 791 1306 817 καὶ
1319 790 1362 816 τό·
1386 799 1395 815 ι
1414 789 1524 816 Ἐδωκά
1537 798 1567 816 σε
1583 790 1623 820 εἰς
1636 788 1768 824 διαθήκην
1782 789 1887 823 γένους,

1100 837 1138 868 είς
1154 836 1212 871 φῶς
1233 835 1329 868 ἐθνῶν,
1344 835 1435 871 κρίσιν
1452 834 1568 870 ἐξήγαγε
1589 836 1644 866 τοῖς
1658 834 1772 866 ἔθνεσιν,
1793 844 1802 860 ι
1819 833 1887 860 ὥστε

1099 882 1253 918 κεκριμὲνῳ
1266 880 1388 916 λογισμῷ
1410 880 1481 908 κατὰ
1503 881 1533 907 τὸ
1548 881 1620 916 ἱερὸν
1633 880 1798 915 Εὑαγγέλιον
1821 879 1888 906 αὐτὰ

1101 928 1305 955 πολιτεύεσθαι·
1330 927 1413 962 σαφὲς
1429 927 1451 953 δ’
1469 927 1542 958 ὅπως
1565 927 1611 953 ἐπὶ
1631 927 1669 962 τῷ
1681 927 1791 962 ὀνόματι
1806 925 1887 952 αὑτοῦ

1100 974 1134 1000 τὰ
1157 973 1339 1000 πιστεύσαντα
1361 974 1399 1004 είς
1417 973 1495 999 αὑτὸν
1521 972 1584 1008 ἔθνη
1609 972 1717 1008 ἤλπικε,
1741 972 1789 998 καὶ
1814 972 1888 1003 ὅπως

1098 1020 1171 1055 αὐτῷ
1195 1019 1232 1055 (Ι)
1255 1020 1295 1051 είς
1320 1019 1376 1053 φῶς
1393 1018 1476 1045 ἐθνῶν
1488 1018 1683 1050 ἀναδέδεικται,
1697 1018 1767 1045 ὥστε
1782 1017 1827 1044 διὰ
1842 1017 1888 1044 τοῦ

1100 1067 1187 1101 φωτὸς
1205 1066 1252 1093 τοῦ
1269 1066 1348 1100 λόγου
1361 1065 1442 1092 αὐτοῦ
1463 1064 1751 1101 διαπγῆναιῲιγῆναι)
1763 1065 1828 1096 τοὺς
1840 1064 1889 1099 τῆς

1098 1112 1215 1151 διανοίας
1233 1111 1388 1146 ὀφθαλμοὺς
1407 1111 1460 1138 τῶν
1476 1111 1560 1137 παλαι
1583 1110 1693 1142 τούτοις
1720 1110 1888 1145 πεπηρωμὲα

1099 1166 1151 1185 νων
1164 1167 1170 1174 ·
1187 1158 1254 1185 ἀλλὰ.
1269 1158 1315 1184 καὶ
1337 1157 1470 1193 ἐξήγαγεν
1494 1157 1527 1184 ὲκ
1545 1156 1652 1192 δεσμῶν
1672 1157 1734 1188 τοὺς
1756 1156 1889 1191 πρότερον

269 1208 369 1242 σειραῖς
385 1206 439 1233 τῶν
459 1206 530 1233 [δίων
554 1206 694 1241 ἁμαρτιῶν
717 1206 949 1241 κατεσφιγμένους
964 1205 994 1238 ἐξ
1016 1205 1090 1232 οἴκου
1111 1214 1140 1233 τε
1151 1206 1201 1241 τῆς
1230 1206 1276 1233 τοῦ
1309 1205 1429 1232 διαϐόλου
1454 1205 1575 1240 φυλακῆς
1604 1205 1666 1236 τοὺς
1690 1205 1733 1231 διὰ
1754 1205 1804 1240 τὴν
1827 1213 1892 1250 περὶ

267 1251 313 1277 τὸν
332 1252 384 1279 τῶν
395 1252 462 1278 ὅλων
473 1252 538 1279 Θεὸν
550 1252 659 1286 ἄγνοιαν
673 1253 701 1278 ὲν
714 1253 803 1278 σκότει
820 1252 1000 1288 καθημένους.
1011 1252 1156 1288 Πρόκειται
1167 1253 1195 1280 δὲ
1220 1252 1259 1288 τῷ
1280 1252 1423 1288 φιλομαθεϊ
1439 1253 1555 1287 ἑκάστην
1566 1251 1700 1284 ἐξετάζειν
1719 1251 1767 1286 τῆς
1783 1259 1891 1286 προεξη,

267 1297 341 1328 τείας
353 1297 434 1329 λέξιν,
450 1297 497 1323 καὶ
513 1297 650 1331 ἀναλόγως
665 1298 720 1329 τοῖς
735 1297 779 1331 ὑφ’
793 1298 870 1333 ἡμῶν
881 1297 1033 1333 εἰρημένοις
1044 1298 1089 1324 ἐπὶ
1101 1298 1146 1324 τὸν
1157 1299 1273 1333 Χριστὸν
1285 1298 1331 1325 τοῦ
1345 1297 1411 1325 Θεοῦ
1426 1298 1461 1324 τὰ
1470 1297 1654 1324 ὑποπίπτοντα
1667 1296 1841 1332 μεταφέοειν.

560 1343 673 1372 CAPUT
691 1344 760 1371 XXI.

305 1399 315 1415 ε
336 1389 428 1418 Estote
438 1390 504 1417 mihi
521 1394 614 1423 testes,
627 1395 654 1418 et
667 1398 716 1425 ego
731 1391 819 1424 testis,
839 1390 904 1418 dicit
920 1390 1051 1419 Dominus

268 1436 350 1466 Deus.
364 1440 390 1463 et
409 1443 475 1470 puer
492 1443 572 1470 quem
598 1437 666 1471 elegi
680 1438 701 1464 '.
720 1447 729 1463 ι
754 1436 787 1463 Ει
804 1437 865 1472 quis
890 1440 962 1464 esset
985 1444 1052 1472 puer

266 1488 347 1516 quem
361 1481 440 1515 elegit
455 1480 585 1508 Dominus
609 1481 681 1508 Deus
694 1501 701 1514 ,
731 1488 813 1516 quem
834 1485 860 1508 et
887 1481 938 1509 sibi
956 1485 1051 1509 testem

269 1526 326 1553 fore
337 1525 466 1560 praedicat
482 1532 578 1552 eorum
592 1525 638 1560 qui
660 1525 712 1560 ipsi
727 1525 912 1554 testimonium
927 1527 1053 1561 perhibe-

268 1572 345 1603 bunt,
361 1572 413 1598 nisi
427 1571 481 1603 ille,
495 1571 529 1598 de
543 1579 596 1607 quo
608 1576 635 1598 et
650 1571 678 1598 in
699 1572 862 1607 praecedenti
876 1573 994 1608 capitulo
1010 1573 1053 1600 di-

268 1622 340 1643 ctum
358 1620 417 1644 est:
437 1627 446 1642 ι
465 1616 548 1644 Jacob
577 1625 643 1652 puer
659 1625 746 1651 meus,
771 1619 919 1653 suscipiam
948 1626 1020 1651 eum,
1041 1628 1050 1644 ι

267 1667 296 1689 et
311 1670 371 1697 quae
386 1663 555 1698 sequuntur?
567 1662 633 1696 Quae
654 1663 762 1698 quidem
779 1664 923 1692 manifeste
945 1664 978 1692 de
994 1664 1052 1691 Sal-

270 1712 362 1735 vatore
377 1709 544 1744 Dominoque
557 1712 652 1737 nostro
661 1709 725 1738 Jesu
741 1710 930 1745 prophetizata
941 1711 1053 1738 demon-

269 1757 352 1780 bll‘ﬂln
366 1757 440 1781 sunt.

559 1810 671 1838 CAPUT
691 1810 774 1839 XXII.

306 1863 317 1880 ι
334 1855 403 1883 Ecce
411 1863 460 1891 ego
473 1855 604 1884 Dominus
613 1857 662 1884 feci
673 1861 782 1890 terram,
792 1857 961 1890 ethominem
972 1865 1053 1892 super

269 1908 345 1934 eam;
363 1909 412 1936 ego
429 1909 509 1928 manu
521 1909 580 1928 mea
598 1902 764 1929 consolidavi
783 1902 892 1934 coelum,
905 1909 955 1937 ego
965 1902 1052 1928 omni-

269 1947 319 1974 bus
334 1947 415 1974 astris
429 1946 564 1975 mandavi.
581 1948 636 1982 Ego
654 1947 784 1975 suscitavi
794 1955 856 1974 eum
870 1954 931 1974 cum
944 1947 1052 1981 justitia

269 2000 369 2027 regem,
382 1997 408 2019 et
422 1999 517 2020 omnes
532 1992 582 2020 viae
601 1993 660 2027 ejus
678 1996 769 2020 rectae.
785 1991 835 2019 Hic
849 1991 993 2020 aedificabit
1015 1991 1053 2019 ci-

267 2040 379 2066 vitatem
397 2047 493 2071 meam,
509 2044 536 2066 et
562 2039 744 2073 captivitatem
775 2038 866 2073 populi
894 2041 1051 2069 convertet,

270 2093 323 2112 non
340 2085 441 2120 pretio,
468 2092 556 2120 neque
574 2085 733 2112 muneribus
744 2104 751 2116 ,
778 2083 843 2111 dicit
860 2083 990 2111 Dominus
1006 2083 1054 2111 Sa-

270 2130 361 2157 baoth.
377 2129 422 2157 Sic
434 2130 501 2157 dicit
516 2129 647 2157 Dominus
659 2129 777 2157 Sabaoth
791 2137 798 2155 :
815 2129 960 2157 Lahoravit
967 2130 1051 2165 Egy-

270 2179 341 2210 ptus,
354 2179 380 2203 et
396 2175 541 2210 negotiatio
558 2175 715 2211 Aithiopum
726 2195 734 2208 ,
760 2180 787 2203 et
804 2174 913 2202 Sabaim
929 2175 980 2202 viri
1005 2183 1051 2202 ex-

267 2220 334 2248 celsi
350 2220 382 2247 ad
399 2225 424 2247 lc
440 2221 606 2253 transibunt,
622 2225 648 2248 et
660 2222 698 2248 tui
714 2224 795 2248 erunt
810 2220 892 2252 servi,
907 2225 958 2247 eta
975 2224 1049 2255 tergo

270 2272 295 2294 te
309 2272 455 2301 sequentur
470 2267 553 2294 vincti
571 2267 696 2298 manicis,
710 2272 737 2294 et
756 2266 909 2294 adorabunt
923 2266 1049 2300 juvenes,

268 2317 296 2340 et
312 2314 338 2340 in
355 2317 381 2340 te
394 2313 528 2345 orabunt,
551 2312 680 2348 quoniam
696 2313 724 2340 in
748 2319 773 2339 te
797 2311 869 2339 Deus
885 2317 937 2343 est,
953 2315 980 2338 et
996 2319 1050 2339 non

268 2363 311 2387 cst
326 2358 397 2387 Deus
412 2363 509 2393 praeter
525 2363 551 2385 te
566 2368 574 2386 :
593 2364 621 2385 tu
636 2358 707 2385 enim
723 2365 753 2385 es
768 2357 855 2390 Deus,
881 2361 909 2385 et
930 2365 984 2384 non
1003 2365 1051 2384 no-

268 2413 404 2438 veramus,
427 2405 497 2432 Deus
512 2405 594 2432 Israel
610 2404 743 2431 Salvator.
761 2403 929 2431 Erubescent
943 2407 970 2431 et
987 2410 1052 2430 conc

269 2453 416 2479 fundentur
430 2459 525 2479 omnes
537 2451 583 2487 qui
599 2451 778 2478 adversantur
800 2450 867 2482 tibi,
891 2455 919 2477 et
934 2450 1053 2477 ambula-

269 2499 336 2525 bunt
351 2498 377 2524 in
403 2498 505 2533 pudore
521 2497 542 2524 ⁸.
562 2507 571 2524 ι
604 2497 743 2525 Christum
760 2496 840 2524 Pater
868 2496 1012 2524 suscitavit
1037 2504 1052 2522 a

269 2544 395 2576 mortuis,
412 2544 582 2572 constituens
597 2551 659 2570 eum
681 2551 743 2570 cum
759 2542 866 2578 justitia
886 2549 987 2577 regem,
1007 2549 1054 2569 su-

269 2597 317 2625 per
337 2589 401 2617 Sion
416 2589 554 2617 calestem
566 2610 572 2622 ,
592 2593 710 2616 montem
726 2592 849 2616 sanctum
862 2587 922 2621 ejus
937 2594 1052 2621 regnan-

270 2641 338 2669 tem;
355 2635 469 2669 ideoque
482 2634 704 2667 suscitaviteum,
717 2638 860 2670 postquam
872 2642 881 2657 ‹
896 2639 991 2659 omnes
1004 2633 1052 2659 viae

270 2681 339 2715 ejus,
355 2691 364 2707 ι
381 2681 429 2714 ait,
442 2681 520 2709 factae
535 2687 598 2710 sunt
622 2685 701 2708 rectae
727 2691 733 2708 ι
754 2688 808 2708 non
821 2685 862 2708 est
878 2680 905 2707 in
926 2679 966 2706 eis
989 2687 1051 2714 pra-

271 2734 332 2754 \um
346 2729 429 2762 quid,
455 2737 544 2765 neque
567 2735 724 2763 perversum
748 2728 769 2755 ⁵.
797 2737 806 2753 ι
824 2738 880 2754 -‹
907 2728 1051 2756 Peccatum

270 2772 342 2798 enim
364 2779 417 2800 non
447 2774 519 2807 fecit,
537 2781 625 2808 neque
647 2774 773 2800 inventus
799 2778 842 2800 est
862 2773 940 2801 dolus
963 2773 988 2799 in
1005 2779 1053 2799 ore

307 2827 315 2842 ‘
327 2827 388 2854 lsai.
403 2835 473 2863 xux,
487 2829 513 2856 ὃ.
551 2830 561 2844 ³
578 2829 639 2855 lsai.
652 2828 729 2861 xuii,
747 2828 790 2857 10.

306 2883 345 2919 (l)
361 2883 438 2912 Forte
455 2886 506 2920 leg.
523 2886 612 2917 αὐτὸς.
633 2885 710 2914 Eutr.

1353 1345 1548 1372 ΚΕΦΑΛΑΙΟΝ
1564 1344 1630 1372 KA'.

1141 1401 1150 1416 ι
1168 1391 1280 1418 Γένεσθέ
1298 1400 1343 1427 μοι
1361 1392 1507 1427 μάρτυρες,
1525 1391 1601 1426 κάγὼ
1617 1392 1729 1427 μάρτυς,
1741 1391 1818 1425 λέγει
1835 1392 1893 1418 Κύ-

1106 1445 1160 1473 ριος
1172 1438 1186 1464 ὁ
1198 1437 1273 1470 Θεὸς,
1290 1438 1336 1464 καὶ
1349 1438 1362 1464 ὁ
1378 1439 1441 1470 παῖς
1453 1437 1481 1464 ὃν
1498 1436 1670 1472 ἐξελεξάμην.
1689 1447 1697 1463 ι
1717 1437 1773 1463 Καὶ
1788 1437 1833 1468 τίς
1857 1436 1891 1463 ἂν

1104 1483 1145 1518 εἴη
1162 1482 1175 1507 ὁ
1190 1484 1254 1514 παῖς
1268 1483 1296 1509 ὃν
1313 1482 1449 1515 ἐξελέξατο
1468 1482 1568 1518 Κύριος
1581 1483 1594 1508 ὁ
1607 1482 1682 1514 θεὸς,
1696 1481 1724 1508 ὃν
1738 1483 1785 1508 καὶ
1802 1483 1893 1517 ἑαυτῴ

1104 1528 1299 1562 συγκαταλέγει
1318 1529 1443 1564 μάρτυρα
1459 1528 1638 1564 γενησόμενον
1655 1528 1708 1554 τῶν
1727 1528 1803 1563 αὐτῷ
1822 1537 1893 1564 μαρ-

1103 1573 1295 1609 τυρούντων,ἢ
1320 1572 1396 1605 οὗτος
1420 1573 1483 1609 περὶ
1504 1570 1533 1599 οὗ
1548 1573 1594 1600 καὶ
1616 1574 1643 1600 ἐν
1665 1573 1703 1608 τῷ
1726 1573 1780 1609 πρὸ
1793 1573 1894 1599 τούτου

1103 1619 1243 1654 κεφαλαίῳ
1260 1620 1377 1653 ἔλεγε-ω’
1397 1629 1406 1645 ι
1428 1619 1524 1646 Ἰακὼϐ
1546 1619 1560 1644 ὁ
1577 1620 1640 1651 παῖς
1660 1627 1726 1654 μου,
1743 1619 1892 1654 ἀντιλήψο-

1105 1674 1152 1700 μαι
1172 1665 1264 1697 αὑτοῦ,
1287 1676 1296 1692 ι
1315 1665 1362 1692 καὶ
1386 1665 1420 1691 τὰ
1445 1665 1525 1700 ὲξῆςς
1552 1664 1630 1691 ἃτινα
1656 1665 1750 1699 σαφῶς
1769 1666 1819 1692 ἐπὶ
1846 1665 1894 1691 τὸν

1103 1711 1217 1747 Σωτῆρα
1233 1712 1279 1738 καὶ
1296 1711 1396 1746 Κύριον
1411 1711 1489 1746 ἡμῶν
1508 1710 1610 1746 Ἰησοῦν
1633 1710 1812 1737 ἀπεδείκνυτο
1827 1719 1894 1746 προ-

1105 1757 1307 1792 πεφητευμένα.

1355 1812 1551 1840 ΚΕΦΑΛΑΙΟΝ
1575 1813 1639 1840 ΚΒ’.

1141 1868 1150 1884 ι
1163 1857 1234 1892 Ἐγὼ
1247 1858 1362 1893 ἐποίησα
1378 1858 1439 1893 γῆν,
1454 1858 1500 1885 καὶ
1514 1858 1655 1894 ἄνθρωπον
1664 1858 1801 1893 ὲπ¹αὒτῆς
1812 1867 1819 1871 ·
1835 1857 1895 1891 ἐγὼ

1102 1904 1135 1938 τῇ
1152 1903 1223 1939 χειρί
1239 1912 1289 1938 μου
1311 1903 1461 1938 ἑστερέωσα
1475 1903 1519 1930 τὸν
1533 1903 1662 1939 οὐρανόν
1682 1902 1737 1937 ἐγὼ
1753 1904 1821 1929 πᾶσι
1835 1905 1893 1934 τοῖς

1103 1949 1212 1984 ἄστροις
1237 1948 1420 1983 ἐνετειλάμην.
1443 1948 1513 1982 Ἐγὼ
1535 1949 1633 1984 ἤγειρα
1654 1948 1734 1974 αὐτὸν
1758 1948 1828 1983 μετᾶ
1851 1948 1892 1974 δι-

1103 1995 1248 2029 καιοσύνης
1266 1994 1386 2029 βασιλέα,
1404 1995 1451 2021 καὶ
1467 1994 1552 2020 πᾶσαι
1569 1995 1596 2021 αἱ
1610 1993 1665 2020 ὁδοὶ
1677 1993 1759 2020 αὑτοῦ
1773 1993 1890 2019 εὐθεῖαι.

1103 2038 1186 2072 Οὗτος
1202 2041 1372 2076 οἰκοδομήσει
1391 2041 1438 2075 τὴν
1451 2040 1526 2067 πόλιν
1546 2049 1606 2076 μου,
1623 2040 1669 2066 καὶ
1685 2041 1734 2076 τὴν
1749 2040 1893 2075 αἰχμαλω-

1104 2087 1162 2114 σίαν
1179 2086 1225 2113 τοῦ
1241 2087 1304 2113 λαοῦ
1324 2095 1373 2122 μου
1390 2086 1556 2122 ἐπιστρέψει,
1571 2087 1601 2113 οὺ
1622 2086 1691 2122 μετὰ
1705 2086 1813 2122 δώρων,
1829 2087 1891 2112 οὐδὲ

1105 2133 1173 2168 μετὰ
1197 2133 1310 2168 λύτρων,
1334 2131 1408 2159 εἶπεν
1429 2132 1530 2167 Κύριος
1551 2132 1673 2158 Σαϐαὼθ.
1697 2131 1792 2163 Οὕτως
1816 2132 1893 2165 λέγει

1103 2178 1202 2214 Κύριος
1217 2177 1329 2205 Σαϐαὼθ
1341 2186 1347 2192 ·
1368 2178 1527 2204 Ἐκοπίασεν
1542 2178 1686 2211 Αἴγυπτος,
1704 2177 1752 2203 καὶ
1768 2177 1893 2212 ἐμπορία

1066 2205 1087 2232 D
1101 2205 1244 2254 Ai'lltdx-wv,
1259 2223 1304 2249 καὶ
1314 2223 1337 2249 οἱ
1346 2222 1466 2258 Σαϐαεὶμ
1475 2222 1568 2257 ἄνδρες
1581 2205 1739 2257 ύψηλολγὲπὶ
1752 2205 1892 2256 σὲῑδιαδή-

1105 2277 1204 2300 σονται,
1219 2270 1265 2295 καὶ
1279 2269 1318 2294 σοὶ
1332 2269 1437 2295 ἔσονται
1449 2268 1547 2300 δοῦλοι,
1561 2269 1608 2295 καὶ
1622 2268 1710 2295 ὀπίσω
1720 2276 1767 2294 σου
1778 2268 1894 2294 ἀκολου-

1104 2313 1214 2348 θήσουσι
1231 2313 1365 2348 δεδεμένοι
1384 2313 1563 2349 χειροπέδαις,
1575 2313 1622 2339 καὶ
1635 2313 1811 2347 διαϐήσονται
1823 2313 1894 2348 πῴς

1106 2360 1146 2392 σὲ,
1165 2360 1210 2385 καὶ
1225 2360 1442 2394 προσκυνήσουσί
1457 2359 1563 2390 σοι,κα“ι
1579 2360 1607 2384 ἐν
1626 2359 1666 2384 σοὶ
1683 2359 1893 2393 πῳσεὺξονται.

1105 2406 1146 2432 ὅτι
1156 2406 1184 2431 ἐν
1195 2406 1235 2432 σοὶ
1249 2407 1262 2431 ὁ
1277 2405 1342 2437 Geo;
1356 2407 1424 2437 ἐστι,
1440 2405 1485 2431 καὶ
1498 2406 1546 2431 οὐκ
1556 2404 1612 2430 ἔστι
1621 2404 1686 2436 Θεὸς
1699 2404 1769 2439 πλὴν
1778 2405 1826 2430 σοῦ
1836 2413 1842 2420 ·
1861 2405 1893 2431 σὺ

1103 2451 1155 2486 γὰρ
1168 2450 1192 2477 εἷ
1210 2451 1284 2483 Θεὸς,
1301 2451 1347 2477 καὶ
1363 2451 1412 2477 οὐκ
1424 2450 1545 2486 ᾔδειμεν,
1561 2449 1627 2481 θεὸς
1641 2449 1687 2476 τοῦ
1707 2450 1820 2485 Ἰσραὴλ
1836 2450 1894 2476 Σω-

1102 2498 1170 2532 τήρ·
1190 2497 1413 2532 αἰσχυνθήσονται
1438 2497 1485 2523 καὶ
1506 2497 1721 2531 ἐντραπήσονται
1743 2497 1848 2526 πάντες
1868 2495 1894 2522 οἱ

1103 2542 1282 2577 ἀντικείμενοὶ
1299 2551 1350 2573 σοι,
1365 2542 1412 2569 καὶ
1428 2542 1604 2576 πορεύσονται
1616 2542 1643 2567 ἐν
1658 2541 1786 2576 αἰσχύνῃ.
1803 2550 1813 2566 ι
1828 2541 1893 2575 Χριε

1104 2589 1164 2615 στὸν
1185 2590 1199 2615 ὀ
1224 2589 1317 2624 Πατὴρ
1339 2589 1447 2624 ἤγειρεν
1466 2589 1499 2614 ὲκ
1522 2588 1625 2624 νεκρῶν
1646 2587 1692 2613 τοῦ
1714 2585 1786 2614 εἶναι
1809 2586 1893 2614 αὐτὸν

1105 2634 1173 2669 μετὰ
1195 2634 1364 2670 δικαιοσύνης
1388 2634 1509 2668 βασιλέα,
1525 2634 1571 2660 ἐπὶ
1588 2633 1656 2660 Σιὼν
1675 2634 1707 2660 τὸ
1727 2635 1893 2669 ἐπουράνιον

1103 2678 1164 2715 ὅρος
1182 2680 1213 2705 τὸ
1228 2678 1304 2713 ἅγιον
1320 2679 1402 2706 αὐτοῦ
1415 2679 1590 2715 βασιλεύοντα
1601 2687 1608 2694 ·
1629 2679 1675 2705 καὶ
1692 2679 1740 2705 ἐπὶ
1763 2679 1847 2706 τοῦτῆ
1860 2686 1891 2713 γε

1104 2726 1183 2752 αὑτὸν
1197 2726 1316 2761 ἤγειρεν,
1331 2725 1424 2760 ἐπειδὴ
1444 2734 1453 2750 ι
1473 2725 1557 2752 πᾶσαι
1572 2725 1598 2751 αἱ
1618 2724 1672 2750 ὁδοὶ
1691 2724 1790 2756 αὐτοῦ,
1809 2734 1818 2750 ι
1840 2733 1891 2758 zm-

1105 2771 1156 2803 σὶν,
1174 2781 1183 2796 ι
1201 2771 1340 2806 γεγόνασιν
1354 2770 1466 2803 εὐθεῖαι,
1482 2770 1564 2806 μηδὲν
1576 2770 1686 2805 ἔχουσαι
1700 2770 1810 2797 excit-3n
1825 2769 1892 2805 μηδὲ

841 2829 851 2844 ³
864 2827 924 2856 lsai.
938 2836 999 2856 ην,
1016 2825 1107 2855 12-16.
1146 2826 1247 2855 ‘Prov.
1269 2836 1326 2857 vin.
1350 2830 1375 2855 R.
