2035 3214
165 201 235 229 1229

677 205 825 234 ECLOCE
846 205 1122 235 PROPHETIC£.—-
1143 206 1206 235 LIB.
1229 207 1283 238 ιγ,

1718 212 1792 239 1250

163 265 300 301 στραγγαὶ
307 265 392 293 ιῶδες.
410 276 470 292 ›--ι
482 267 510 293 Ἀ
516 276 632 303 μαρτιαν
640 267 694 303 γάρ
703 276 744 294 τοι
752 268 801 294 οὐκ
810 268 942 302 ἐποίησεν.

999 267 1058 301 ejus
1075 273 1094 295 ι.
1114 277 1122 294 ι
1141 267 1190 294 Hic
1202 275 1311 302 quoque
1333 267 1471 296 civitatem
1486 269 1630 297 aedificavit
1645 271 1689 298 Dei
1702 292 1710 304 ,
1728 279 1794 298 san-

160 311 222 338 οὶδὲ
233 311 330 348 εὑρὲθη
343 312 416 344 δόλος
430 314 458 339 ἐν
470 313 507 348 τῷ
517 313 630 348 στόματι
642 313 734 340 αὑτοῦ.
750 311 847 345 »Οὗτος
861 314 888 340 δὲ
902 314 948 340 καὶ

159 358 210 393 τὴν
229 358 305 384 πόλιν
315 358 472 394 ᾠκοδόμησε
483 359 528 386 τοῦ
547 359 624 390 Θεοῦ,
641 360 690 395 τήν
700 368 729 386 τε
741 361 786 386 ἐπὶ
806 360 858 394 γῆς
869 360 948 391 ἁγίαν

167 403 330 439 Ἐκκλησίαν
347 405 428 430 αὑτοῦ
445 405 492 431 καὶ⁸
509 405 556 440 τὴν
571 405 732 441 ἐπουράνιον
754 405 947 441 Ἰερουσαλήμ·

161 450 329 486 ἐπιστρέψας
352 450 400 486 τὴν
422 451 609 487 αἰχμαλωσίαν
629 452 676 478 τοῦ
701 451 766 478 λαοῦ
790 451 884 483 αὑτοῦ,
899 451 948 487 τὴν

161 498 310 532 γενομένην
331 497 397 524 ποτὲ
411 497 463 524 ὑπὸ
476 498 521 524 τὸν
539 498 632 533 νοητὸν
645 498 888 534 Ναϐουχοδονόσορ,
902 498 949 524 καὶ

160 543 211 575 τὰς
228 544 274 570 ὑπ’
289 543 370 570 αὑτὸν
390 544 518 579 δυνάμεις
537 544 657 579 πονηράς
670 553 676 559 ’
699 545 746 571 καὶ
766 544 797 580 δὴ
816 543 865 579 τὴν
882 552 950 579 προ-

160 589 310 625 ειρημένην
328 589 513 625 αἰχμαλωσίαν
530 590 709 626 ὑπέστρεψεν,
728 591 758 616 οὐ
780 590 865 626 λύτρα
887 590 949 622 δοὺς

160 637 217 667 τοῖς
230 635 491 670 αἰχμαλωτεύσασιν,
509 635 569 662 οὐδὲ
586 635 638 671 μὴν
655 635 751 671 δώροις
766 636 864 668 αὐτοὺς
887 635 947 662 πεί-

159 690 220 713 σας,
234 680 401 716 στρατεύσας
416 681 444 708 δὲ
457 682 516 707 κατ’
528 681 617 707 αὐτῶν
631 681 677 707 καὶ
689 680 721 707 δι’
733 679 838 715 ἀγῶνος
848 681 947 711 αὐτοὺς

158 728 370 764 χειρωσάμενος,
390 727 459 754 ὥστε
481 729 527 754 ἐπὶ
550 727 589 763 τῷ
608 727 799 763 κατορθώματι
822 727 947 764 λαμπρυ-

157 772 274 808 νάμενον
291 772 373 806 φάναι
383 780 389 786 ·
408 782 417 798 ι
436 772 506 806 Ἐγὼ
518 772 647 808 νενίκηκα
662 773 707 799 τὺν
722 773 833 806 κόσμον.
850 783 859 798 ι
874 773 948 808 Μαρ-

157 819 236 854 τυρεῖ
252 818 283 852 (f.
300 818 344 853 55)
360 817 464 849 τούτοις
480 818 514 844 τὰ
529 818 618 853 πλήΟη
635 817 688 844 τῶν
710 818 764 844 ἀπὸ
784 818 834 853 τῆς
851 818 947 854 προτέ-

159 871 210 898 ρας
224 863 327 898 πλάνης
343 863 388 889 ἐπὶ
401 863 430 889 τὸ
443 863 586 897 γινώσκειν
602 864 646 890 τὸν
664 863 751 899 ἀληθῆ
766 863 832 890 Θεὸν
846 863 880 890 δι’
897 864 946 889 αὺ-

156 906 205 933 τοῦ
222 907 388 944 παλινδρομη
393 908 495 935 σάντων
505 908 536 943 ’ἢ
549 908 702 943 λεγέτωσαν
714 909 738 935 οἱ
749 909 780 935 ἐκ
792 909 944 945 περιτομῆς

158 954 206 980 ἐπὶ
222 954 280 981 τινα
291 954 313 980 δ’
324 954 357 981 ἂν
381 955 526 990 ἁρμόζοιεν
540 955 574 982 τὰ
591 956 640 991 τῆς
655 956 725 992 μετὰ
737 958 829 992 χεῖρας
842 965 947 992 προῳη-
964 947 984 974 Β

155 1001 232 1032 τείας
250 1001 342 1034 σαφῶς
359 1001 424 1027 Θεὸν
437 1002 620 1038 ὁμολογούσης
633 1003 679 1029 τὸν
694 1003 944 1039 προφητευόμενον·

159 1056 169 1071 ι
186 1047 217 1074 Οἱ
229 1047 258 1073 δὲ
271 1046 351 1081 γὰρ,›
366 1048 443 1083 φησὶ,
461 1057 470 1073 ι
487 1048 534 1074 καὶ
546 1049 598 1075 οἵδε
613 1049 654 1075 σοὶ
665 1048 771 1075 ἔσονται
785 1049 884 1081 δοῦλοι,
899 1049 946 1075 καὶ

154 1092 243 1120 ὀπίσω
271 1102 317 1120 σου
343 1093 565 1128 ἀκολουθήσουσι,
582 1096 627 1122 καὶ
650 1095 867 1131 προσκυνήσουσί
893 1104 944 1127 σοι,

156 1140 205 1166 καὶ
226 1140 254 1166 ὲν
268 1139 308 1166 σοὶ
326 1140 530 1175 προσεύξονται,
545 1142 585 1168 ὅτι
600 1142 628 1167 ἐν
641 1142 683 1168 σοὶ
704 1142 718 1168 6
734 1141 800 1172 Θεὸς
817 1143 885 1171 ἐστι.
899 1142 946 1168 καὶ

153 1186 206 1212 οὒκ
220 1185 292 1212 ἔστιν
307 1185 384 1217 ἄλλος
401 1186 470 1221 πλὴν
491 1186 538 1212 σοῦ
550 1195 557 1202 ·
578 1187 609 1213 σὺ
626 1186 679 1222 γὰρ
697 1184 722 1212 εἷ
736 1186 811 1218 Θεὸς,
828 1187 875 1213 καὶ
895 1187 946 1213 οὐκ

153 1232 275 1268 ⁴ᾔδειμεν,
291 1231 356 1264 Θεὸς
373 1232 418 1258 τοῦ
439 1233 546 1268 Ἰσραὴλ
561 1233 667 1268 Σωτήρ.
690 1242 699 1258 t
719 1233 817 1267 Σαφῶς
834 1232 888 1268 γὰρ
903 1241 945 1258 τοι

155 1279 274 1307 ἐνταῦθα
302 1276 324 1314 ᾧ
337 1279 431 1314 λέγετο
457 1279 501 1311 τὸ,
523 1279 562 1305 ὅτι
587 1289 596 1304 ‹
616 1280 630 1306 ὁ
651 1279 717 1311 Θεὸς
739 1280 767 1305 ἐν
786 1279 827 1305 σοί
847 1281 915 1309 ἐστι,
932 1289 941 1304 ›

154 1326 243 1361 τούτῳ
256 1326 424 1361 προσφωνῶν
441 1334 522 1360 φησιν
535 1326 548 1351 ὁ
561 1325 638 1359 λόγος
652 1324 692 1357 τὸ,
711 1333 721 1349 ι
741 1325 787 1351 καί¹
803 1325 853 1352 οὐκ
870 1325 944 1352 ἔστιν

154 1373 233 1405 ἄλλος
244 1373 313 1408 πλὴν
329 1372 374 1399 ς(ιῦ
388 1380 395 1387 '
414 1373 445 1399 σὺ
458 1372 512 1407 γὰρ
529 1370 555 1398 εἴ
569 1371 646 1404 Θεὺς,
663 1372 710 1398 καὶ
725 1372 776 1398 οὐκ
789 1371 897 1408 ᾔδειμεν
908 1380 914 1387 ·
932 1382 941 1397 ι

152 1419 172 1446 ἃ
191 1419 238 1446 καὶ
252 1418 408 1451 ἐξακούεται
424 1418 462 1450 ὡς
482 1418 514 1444 ἂν
534 1419 566 1444 ἐκ
580 1417 726 1453 προσώπου
741 1417 874 1452 λεγόμενα
889 1417 944 1443 τῶν

153 1464 348 1497 ὲπεγνωκὸτων
359 1462 606 1498 ὲνανθρωπήσαντα
615 1463 660 1489 τὸν
672 1463 789 1498 Χριστὸν
799 1462 847 1489 τοῦ
859 1463 940 1489 Θεοῦ·

152 1509 182 1535 ὲν
231 1509 377 1544 ἐτύγχανεν
391 1509 473 1535 όίκῶν
485 1508 551 1540 Θεὸς
565 1510 579 1535 6
593 1508 697 1544 Πατὴρ,
713 1508 783 1535 κατὰ
796 1508 836 1534 τόο
854 1518 862 1533 ι
874 1508 944 1542 Ἐγὼ

154 1555 185 1581 ὲν
196 1554 235 1589 τῷ
253 1554 348 1590 Πατρὶ,
365 1553 412 1580 καὶ
429 1554 443 1580 6
460 1554 555 1589 Πατὴρ
571 1554 599 1580 ἑν
615 1553 692 1588 ἐμοί·
711 1563 720 1579 ι
735 1553 767 1580 δι’
780 1553 794 1579 ὃ
811 1553 858 1580 καὶ.
872 1553 944 1588 mw?

154 1601 190 1628 ἂν
203 1601 278 1636 αὐτῷ
293 1601 406 1637 ἁρμόσοι
420 1601 459 1632 τὸ,
477 1610 485 1626 ι
502 1601 557 1627 Οὐκ
573 1600 629 1627 ἔστι
643 1600 709 1633 Θεὸς
725 1601 794 1636 πλὴν
811 1601 884 1633 σοῦ,›
905 1601 943 1633 ὡς

154 1647 188 1675 ἂν
217 1648 299 1683 μόνης
319 1648 368 1682 τῆς
392 1646 436 1674 τοῦ
462 1647 549 1680 Λόγου
573 1646 698 1682 θεότητος
723 1647 864 1682 ήνωμένης
894 1647 940 1673 καὶ

153 1693 380 1729 ἀνακεκραμένης
396 1695 429 1729 τῇ
446 1694 563 1728 πατρικῇ
579 1692 711 1728 βασιλείᾳ,
731 1693 778 1719 καὶ
800 1693 845 1720 διὰ
862 1693 941 1720 τοῦτο

151 1742 216 1775 μιᾶς
229 1740 279 1775 τῆς
299 1739 462 1775 ἀμφοτέρων
479 1739 672 1774 ἐπινοουμὲνης
685 1738 763 1774 δόξης
780 1747 810 1765 τε
828 1739 874 1765 καὶ
888 1739 938 1775 ἀρ-

150 1785 202 1820 χῆς
214 1794 221 1800 υ
237 1786 264 1811 ὲν
280 1784 308 1811 δὲ
324 1784 373 1819 τῷ,
391 1794 400 1810 ε
421 1784 581 1811 Ἐκοπίασεν
596 1783 742 1817 Αἴγυπτος,
759 1784 806 1810 καὶ
819 1784 939 1820 ἐμπορία

148 1831 295 1862 Αἰθιόπων,
311 1831 358 1858 καὶ
370 1831 395 1857 οἱ
410 1830 532 1865 Σαῆαεὶμ
550 1830 646 1865 ἄνδρες
663 1829 759 1866 ὑψηλοὶ
775 1830 821 1856 ἐπὶ
838 1831 867 1857 σὲ
881 1830 939 1857 δια-

150 1878 286 1914 σήσανται,
309 1887 317 1903 ι
342 1877 486 1912 δηλοῦσθαι
510 1876 612 1911 νομίζω
633 1877 696 1912 περὶ
727 1876 828 1912 νοητῶν
856 1885 937 1903 τινων

148 1923 344 1958 ἀιτικειμένων
367 1923 508 1957 δυνάμεων
536 1921 629 1955 ἀγῶνα
656 1921 723 1956 πρὸς
748 1921 793 1948 τὸν
821 1922 937 1957 Χριστὸν

148 1969 304 2006 ἁςαμένων,
316 1969 363 1995 καὶ
377 1967 540 2003 ὑποχειρίων
553 1966 627 2002 αὐτῷ
643 1967 843 2002 γεγενημένων,
860 1967 876 2002 ἢ
891 1967 937 1993 καὶ

146 2015 241 2051 ψυχῶν
263 2015 369 2041 τοιῶνδὶ
396 2014 455 2041 κατ’
479 2013 566 2049 ἀρχὰς
594 2013 643 2048 μὲν
668 2014 872 2040 ἁντιτεινουσῶν
898 2014 938 2048 τῷ

146 2062 236 2097 Λόγῳ,
254 2061 365 2099 ὕστερον
379 2061 408 2087 δέ
429 2068 495 2086 ποτε
510 2059 560 2095 τὴν
581 2059 626 2086 ὑπ’
641 2059 722 2085 αὐτὸν
737 2058 858 2086 δουλείαν
873 2059 937 2085 ἀνα-

146 2108 315 2144 δεδεγμένων
329 2107 376 2134 ἐπὶ
394 2107 427 2142 τῇ
447 2105 550 2133 ἑαυτῶν
568 2104 722 2141 εὐεργεσία.
746 2104 813 2140 Περὶ
835 2104 936 2131 τούτων

147 2155 180 2189 γέ
193 2164 234 2182 τοι
254 2153 381 2181 λέγεσθαι
402 2152 504 2186 νομίζω
523 2151 570 2179 καὶ
585 2151 626 2183 τὸ,
644 2161 653 2176 ι
672 2151 797 2177 Ἔσονται
813 2159 853 2176 σοι
875 2150 935 2177 δοῦ-

145 2205 198 2232 λοι,
212 2201 258 2227 καὶ
274 2200 360 2226 ὀπίσω
375 2207 421 2225 σου
435 2197 647 2233 ἀκολουθήσουσι
661 2196 796 2231 δεδεμένοι
811 2197 936 2231 χειροπέ-

145 2247 216 2278 δαίς,
234 2245 282 2272 καὶ
295 2246 324 2271 ὲν
344 2245 385 2271 σοὶ
400 2244 609 2279 προσεύξονται·
631 2253 641 2269 ι
657 2243 687 2269 τὸ
700 2242 739 2268 δὲ*
759 2251 768 2267 ‹
786 2241 931 2277 Αἰσχυνθή-

957 1625 976 1654 C

1000 317 1071 340 ctam
1093 313 1122 340 in
1147 317 1221 341 terra
1235 313 1385 341 Ecclesiam
1411 314 1482 349 ejus,
1500 315 1695 351 cmlcstemque
1713 317 1796 345 εἰει-υ·

1000 360 1102 393 salem;
1120 367 1182 387 cum
1204 360 1386 387 convertisset
1408 361 1593 396 captivitatem
1617 363 1707 397 populi
1737 365 1794 391 sui’

999 413 1060 441 qua:
1069 405 1159 433 evenit
1173 406 1225 433 sub
1236 406 1372 442 spirituali
1389 406 1655 439 Nabuchodonosor,
1669 403 1796 436 nefariis-

999 460 1052 487 que
1064 451 1182 479 subditis
1193 452 1218 479 ei
1238 452 1438 487 potestatibus;
1452 456 1479 480 et
1494 460 1560 480 sane
1572 452 1730 487 pra-dictam
1745 461 1796 481 ca-

1000 497 1150 533 ptivitatem
1164 498 1309 531 convertit,
1329 506 1383 525 non
1399 498 1516 533 pretium
1532 499 1600 527 dans
1613 499 1795 527 custodienti~

999 543 1061 574 bus,
1075 551 1163 578 neque
1177 551 1225 570 eos
1250 544 1411 572 muneribus
1423 549 1546 579 captans,
1563 545 1702 580 praeliatus
1727 553 1792 572 vero

1000 589 1131 616 adversus
1151 597 1219 621 eos,
1247 594 1273 617 et
1294 590 1444 618 certamine
1466 598 1513 618 eos
1539 591 1683 625 dejiciens,
1699 591 1736 618 ita
1761 597 1791 618 ut

998 642 1084 662 ovans
1100 635 1285 669 exclamaret:
1307 645 1316 661 ‹
1342 636 1397 671 Ego
1424 635 1475 663 vici
1500 636 1632 664 mundum
1647 638 1668 664 '.
1691 647 1700 663 ι
1729 637 1793 665 Haec

1000 682 1145 708 conlirmat
1162 681 1308 709 multitudo
1320 690 1414 710 eorum
1429 683 1475 718 qui
1491 690 1505 709 a
1522 683 1637 718 pristino
1651 691 1745 711 errore
1757 685 1790 710 ad

1000 732 1093 752 veram
1118 726 1166 753 Dei
1184 727 1327 754 scientiam
1351 727 1476 762 perducti
1498 732 1563 755 sunt
1577 736 1624 764 per
1640 736 1701 756 eum
1718 738 1725 756 :
1746 729 1790 755 di-

997 775 1061 798 cant
1078 772 1126 807 qui
1145 780 1179 800 ex
1193 773 1404 801 circumcisione
1417 778 1491 806 sunt,
1506 774 1552 802 cui
1568 775 1716 802 convenire
1727 782 1792 810 pos~

998 818 1053 845 sint
1066 818 1148 846 verba
1166 819 1248 854 hujus
1262 820 1421 854 prophetiae,
1435 819 1520 847 Deum
1548 821 1693 849 manifeste
1707 823 1793 849 conli-

997 867 1089 892 tentis.
1106 875 1115 891 ι
1138 864 1170 892 Hi
1183 866 1266 899 enim,
1281 866 1328 896 ait,
1342 866 1369 893 hi
1382 866 1430 893 tibi
1444 870 1525 894 erunt
1540 867 1624 898 servi,
1641 871 1669 894 et
1688 873 1749 902 post
1765 871 1793 894 te

997 911 1186 942 ambulabunt.
1200 916 1227 939 et
1241 911 1393 939 adorabunt
1409 916 1445 944 te,
1461 916 1488 939 et
1505 913 1533 939 in
1547 917 1573 940 te
1583 913 1711 944 orabunt,
1725 921 1794 948 quo-

999 958 1071 983 niam
1083 957 1109 984 in
1123 961 1149 984 te
1161 961 1203 985 est
1217 957 1298 990 Deus,
1315 962 1341 985 et
1360 965 1415 985 non
1427 963 1470 986 est
1485 957 1557 986 Deus
1574 963 1674 993 praeter
1687 963 1724 986 te.
1750 958 1791 985 Tu

997 1003 1071 1030 enim
1082 1011 1112 1031 es
1131 1003 1212 1035 Deus.
1235 1008 1263 1032 et
1278 1004 1483 1035 nesciebamus,
1508 1004 1579 1032 Deus
1597 1004 1682 1032 lsrael
1701 1004 1792 1032 Salvn-

997 1053 1041 1075 tor
1055 1049 1076 1074 ³.
1097 1058 1106 1074 υ
1124 1048 1267 1076 Manileste
1288 1053 1361 1084 patet
1384 1050 1426 1076 cui
1444 1050 1502 1076 inec
1520 1050 1668 1084 dicantur,
1695 1059 1704 1076 ‹
1721 1058 1790 1085 quo-

997 1094 1070 1120 niam
1085 1093 1113 1121 in
1126 1097 1152 1122 te
1165 1099 1207 1122 est
1224 1093 1296 1122 Deus
1308 1114 1316 1126 ,
1346 1105 1353 1122 ι
1381 1095 1481 1129 quibus
1507 1095 1582 1122 addit
1603 1103 1705 1127 sermo,
1723 1105 1732 1121 ι
1762 1101 1791 1123 ct

996 1147 1051 1166 non
1067 1145 1108 1167 est
1121 1139 1192 1168 Deus
1212 1144 1311 1176 praeter
1329 1144 1364 1167 te.
1386 1140 1426 1167 Tu
1447 1141 1520 1167 enim
1537 1149 1567 1169 es
1585 1140 1674 1173 Deus,
1697 1144 1724 1168 θ’
1740 1149 1790 1168 ne-

996 1186 1161 1214 seiebamus.
1180 1196 1189 1213 ι
1203 1187 1269 1220 Quae.
1281 1187 1431 1215 audiuntur
1446 1188 1525 1223 quasi
1540 1195 1573 1214 ex
1589 1195 1705 1223 persona
1716 1187 1790 1214 dicta

996 1239 1092 1258 eorum
1116 1231 1162 1267 qui
1180 1232 1319 1260 Christum
1336 1233 1382 1262 Dei
1400 1234 1570 1261 incarnatum
1585 1239 1786 1270 cognoverunt;

995 1278 1023 1305 iu
1037 1286 1092 1313 quo
1112 1278 1248 1306 inhabitat
1263 1279 1334 1307 Deus
1351 1279 1441 1312 Pater,
1455 1280 1533 1314 juxta
1549 1280 1615 1307 illud
1629 1289 1635 1307 :
1656 1288 1665 1305 ι
1686 1279 1742 1315 Ego
1759 1280 1786 1307 in

995 1323 1084 1355 Patre,
1099 1328 1126 1351 et
1142 1323 1221 1352 Pater
1238 1324 1265 1351 in
1283 1332 1329 1352 mea
1342 1324 1362 1352 ι.
1383 1334 1392 1350 ι
1406 1325 1529 1360 ,Ιάεοιιιιο
1541 1325 1604 1352 huic
1625 1325 1675 1353 soli
1689 1333 1776 1352 convu

995 1369 1074 1396 niunt
1089 1369 1134 1396 illa
1152 1377 1159 1396 :
1179 1380 1188 1395 ι
1207 1369 1267 1396 Non
1283 1374 1325 1397 est
1341 1369 1413 1398 Deus
1428 1375 1526 1405 pratter
1542 1374 1582 1402 te;
1609 1379 1618 1395 ι
1635 1370 1712 1404 quasi
1729 1371 1787 1397 sola

995 1415 1077 1443 Verbi
1096 1415 1197 1443 deitate
1218 1419 1332 1450 paterno
1354 1416 1521 1450 principatui
1535 1416 1611 1442 unita
1632 1415 1789 1443 commista.

994 1469 1058 1497 que,
1073 1462 1190 1497 ideoque
1203 1462 1262 1489 sola
1278 1462 1421 1496 utriusque
1433 1462 1520 1497 gloria
1540 1466 1567 1489 et
1586 1466 1720 1497 potestate
1735 1469 1770 1496 ευ

995 1508 1138 1535 bernante.
1161 1506 1208 1535 llis
1223 1511 1324 1539 autem,
1344 1516 1353 1532 ι
1373 1506 1519 1534 Laboravit
1536 1506 1679 1542 Egyptus,
1695 1510 1722 1534 et
1737 1515 1787 1534 ne-

995 1554 1109 1588 gotiatio
1121 1553 1300 1588 Ethiopum,
1317 1556 1344 1580 et
1360 1552 1469 1579 Sabaim
1493 1553 1544 1578 viri
1568 1552 1669 1580 excelsi
1697 1552 1731 1579 ad
1759 1556 1785 1579 te

994 1600 1161 1631 transibunt,
1180 1609 1189 1625 ι
1209 1600 1317 1627 ostendi
1341 1600 1468 1627 existimo
1495 1599 1625 1634 quasdam
1655 1599 1782 1626 adversa-

994 1647 1050 1673 rias
1062 1646 1219 1681 spirituales
1235 1650 1383 1680 potestates
1402 1654 1462 1680 qua:
1488 1646 1621 1673 adversus
1645 1644 1784 1673 Christum

992 1698 1130 1720 certamen
1145 1692 1243 1724 iniere,
1260 1691 1340 1726 eique
1362 1691 1504 1719 audientes
1522 1691 1600 1718 factae
1621 1695 1685 1717 sunt
1697 1710 1704 1722 ,
1726 1690 1784 1718 sive

991 1739 1123 1773 quasdam
1139 1738 1246 1765 animas
1265 1737 1382 1772 primum
1412 1735 1501 1764 Verbo
1526 1737 1721 1768 adversantes,
1750 1742 1784 1762 ac

991 1789 1084 1820 postea
1099 1784 1229 1811 ditionem
1245 1783 1304 1818 ejus
1318 1782 1457 1816 amplexas
1468 1783 1585 1818 propriis
1595 1783 1716 1817 ipsarum
1730 1781 1782 1809 bo-

990 1831 1034 1858 nis
1054 1830 1193 1865 operibus.
1226 1829 1262 1856 De
1293 1829 1393 1863 quibus
1422 1835 1450 1855 et
1478 1829 1543 1856 illud
1573 1828 1627 1855 dici
1659 1828 1781 1862 opinor:

993 1887 1002 1903 ι
1018 1877 1104 1904 Erunt
1123 1876 1171 1903 libi
1192 1876 1280 1905 servi.
1297 1880 1324 1903 et
1347 1883 1361 1901 a
1383 1879 1459 1909 tergo
1474 1878 1502 1901 te
1519 1877 1671 1909 sequentur
1696 1874 1780 1901 vincti

990 1921 1117 1955 manicis,
1129 1925 1156 1949 et
1170 1921 1198 1948 in
1215 1925 1241 1949 te
1252 1920 1378 1948 orabunt.
1394 1930 1404 1946 ο
1419 1919 1475 1946 lloc
1488 1927 1569 1946 vero:
1586 1929 1595 1945 ‹
1612 1918 1782 1946 Erubeseent

988 1973 1015 1994 ot
1040 1967 1245 1995 confundentur
1273 1976 1368 1995 omnes
1396 1967 1442 2003 qui
1470 1967 1652 1994 adversantur
1679 1965 1722 1997 ei,
1753 1970 1781 1992 et

990 2015 1169 2042 ambulabunt
1184 2015 1212 2042 in
1229 2014 1343 2050 pudore,
1365 2024 1374 2040 ›
1397 2013 1603 2050 prophetizatur
1617 2012 1650 2039 (le
1675 2012 1709 2039 iis
1732 2012 1780 2047 qui

989 2068 1042 2087 non
1058 2068 1139 2094 egere
1160 2060 1349 2096 pmnitentiam
1361 2081 1368 2092 ,
1395 2061 1542 2094 hostesque
1557 2063 1583 2086 et
1600 2058 1705 2085 inimici
1719 2065 1781 2093 per-

989 2109 1159 2138 manserunt,
1179 2110 1206 2132 et
1226 2106 1300 2132 verbi
1317 2106 1420 2133 Christi
1437 2106 1532 2140 jugum
1553 2112 1635 2139 super
1650 2111 1679 2131 se
1705 2105 1780 2139 ipsos

988 2151 1083 2179 tollere
1099 2152 1210 2178 minime
1224 2152 1379 2179 voluerunt.
1399 2151 1430 2177 Et
1448 2151 1505 2178 hinc
1519 2150 1628 2186 quidem
1645 2149 1725 2185 quasi
1744 2149 1779 2176 ad

986 2197 1088 2225 Christi
1101 2197 1321 2226 elucidationem.
1348 2197 1480 2225 Citandus
1495 2197 1595 2232 quippe
1618 2200 1662 2224 est
1679 2196 1724 2223 ille
1737 2195 1778 2223 l0-

986 2251 1036 2271 cas
1048 2253 1102 2272 non
1118 2249 1223 2272 tantum
1238 2243 1458 2272 cireumcisionis
1473 2243 1572 2279 populo
1584 2263 1592 2276 ,
1617 2243 1664 2270 sed
1678 2246 1705 2269 et
1720 2241 1776 2269 illis

146 2300 240 2319 σονται
265 2291 312 2318 καὶ
340 2291 556 2326 ἐντραπήσονται
578 2290 677 2321 πάντες
703 2289 728 2314 οἱ
752 2288 934 2323 ἁντικείμενοί

993 2290 1034 2325 ιυί
1059 2289 1199 2318 Christum
1223 2291 1303 2326 quasi
1320 2290 1471 2325 simplicem
1499 2289 1635 2316 hominem
1660 2291 1774 2323 putant,

146 2347 198 2370 σοι,
229 2337 276 2365 καὶ
302 2336 478 2372 πορεύσονται
503 2338 531 2363 ὲν
553 2335 678 2372 αἰσχύνῃ,
699 2345 708 2360 ›
735 2334 934 2370 προφητεύεται

144 2385 210 2421 περὶ
242 2384 295 2411 τῶν
331 2382 368 2418 μὴ
401 2382 643 2418 μετανοησάντων,
676 2380 871 2415 διαμεινάντων
903 2379 932 2406 δὲ

144 2431 250 2468 ιχθρῶν
268 2430 315 2458 καὶ
337 2427 483 2464 πολεμίων,
506 2427 553 2453 καὶ
569 2426 702 2463 μηδαμῶς
717 2425 783 2462 ἆραι
802 2426 844 2461 ἐφ’
865 2427 929 2452 ἑαυ-

989 2335 1125 2363 Ebionmis
1141 2337 1257 2370 scilicet,
1272 2336 1314 2364 vel
1326 2336 1482 2363 Artemonis
1495 2355 1501 2366 ,
1527 2335 1569 2362 vel
1588 2333 1662 2360 Pauli
1679 2332 1776 2360 Samo-

988 2383 1107 2410 satensis
1134 2382 1297 2410 fautoribus.
1315 2387 1412 2417 Aperte
1428 2371 1501 2409 enim
1519 2380 1571 2408 hoc
1597 2379 1657 2406 loco
1673 2378 1776 2407 Christi

985 2428 1073 2456 deitas
1084 2429 1154 2456 male
1166 2428 1340 2456 credentibus
1357 2428 1383 2454 in
1397 2435 1458 2454 cum
1476 2426 1687 2453 demonstratur.

143 2482 207 2512 τοὺς
219 2480 263 2506 τὸν
274 2478 322 2505 τοῦ
334 2477 414 2512 λόγου
427 2475 474 2503 τοῦ
487 2475 603 2509 Χριστοῦ
617 2475 698 2508 ζυγὸν
714 2474 926 2509 βεΰουλημένων.
949 2477 1002 2503 Καὶ
1017 2477 1102 2504 ταῦτα
1132 2477 1182 2512 μὲν
1196 2477 1234 2509 ὡς
1265 2476 1332 2512 πρὶς
1348 2475 1395 2511 τὴν
1410 2474 1455 2501 τοῦ
1473 2473 1590 2510 Χριστοῦ
1613 2473 1771 2508 σαρήνειαν·

145 2528 259 2566 ἁρμόζοι
278 2527 300 2554 δ’
314 2526 346 2554 ἂν
357 2523 533 2561 παρατιθέναι
551 2523 600 2558 τὴν
624 2522 776 2557 περικοπὴν
798 2523 828 2548 οὐ
852 2524 930 2558 μόνον
951 2526 1007 2556 τοίς
1029 2526 1061 2551 ὲκ
1095 2524 1257 2559 περιτομῆς,
1274 2523 1342 2550 ἀλλὰ
1366 2523 1412 2567 καὶ
1434 2523 1490 2554 τοῖς
1527 2521 1603 2556 ψιλὸν
1628 2521 1773 2567 ἄνθρωπον

144 2574 306 2609 ὑπειληφόσι
332 2571 470 2607 γεγονέναι
494 2570 540 2596 τδν
572 2569 701 2604 Σωτῆρα,
738 2568 918 2603 Ἐϐιωναίοις,
940 2571 956 2606 ἢ
976 2573 1030 2602 τοῖς
1063 2572 1133 2598 κατὰ
1161 2571 1328 2606 Ἀρτέμωνα,
1356 2570 1402 2596 καὶ
1432 2569 1478 2596 τὸν
1503 2567 1669 2603 Σαμωσατέα
1698 2566 1774 2594 Παῦ-

142 2619 198 2650 70v.
219 2621 315 2656 Σαφῶς
335 2621 389 2656 γὰρ
406 2619 453 2646 καὶ
479 2617 521 2644 διὰ
557 2615 658 2643 τούτων
692 2615 708 2650 ἡ
730 2614 823 2650 θεότης
857 2616 902 2642 τοῦ
929 2618 1048 2653 Χριστοῦ
1070 2620 1126 2650 τοῖς
1150 2617 1214 2653 περὶ
1236 2614 1319 2644 αὐτοῦ
1348 2614 1500 2646 δυσπειθῶς
1524 2614 1630 2650 ἔχουσιν
1662 2612 1771 2640 ἀποδεί-

143 2677 248 2696 πνυται.

392 2724 589 2753 ΚΕΦΔΛΑΙΟΝ
615 2723 678 2749 ΚΓ.

180 2784 190 2801 ε
207 2773 304 2801 Ἀκουὲ
320 2781 381 2808 μου,
402 2770 509 2802 Ἰακὼϐ,
522 2771 569 2797 καὶ
585 2769 700 2806 Ἰσραὴλ,
714 2769 744 2795 ὃν
761 2768 817 2801 ἐγὼ
834 2768 908 2795 καλῶ
920 2778 926 2784 ·

141 2819 197 2855 εγὼ
211 2820 268 2855 εἰμι
292 2817 409 2854 πρῶτος,
428 2816 476 2844 καὶ
490 2815 545 2850 ἐγώ
563 2817 620 2850 εἰμι
641 2816 681 2847 εἰς
694 2815 740 2841 τὸν
755 2813 850 2841 αἰῶνα.
873 2815 928 2842 Καὶ

141 2868 159 2903 ἡ
181 2866 242 2902 χείρ
268 2872 317 2901 μου
338 2862 502 2900 ὲθεμελίωσε
522 2862 570 2898 τὴν
593 2863 655 2898 γῆν,
677 2861 724 2888 καὶ
745 2862 762 2897 ὴ
781 2860 856 2893 δεξιά
878 2869 928 2895 μου

177 2946 184 2960 ¹
197 2944 258 2972 lsai.
273 2952 331 2978 Lm,
348 2942 373 2970 9.

413 2941 511 2969 'Joan.
529 2949 583 2974 im,
601 2940 645 2969 55.
677 2940 694 2976 7³
709 2938 772 2967 lsai.
790 2946 849 2972 ην,
866 2938 909 2971 l5,
929 2938 969 2965 l6.

1260 2719 1374 2748 CAPUT
1393 2719 1486 2747 XXill.

1019 2778 1029 2795 ι
1047 2768 1179 2799 Audime,
1190 2766 1286 2798 Iacob,
1301 2771 1327 2793 et
1341 2763 1435 2797 Israel,
1451 2771 1532 2799 quem
1544 2771 1595 2798 ego
1611 2770 1680 2791 voco
1696 2771 1704 2790 :
1718 2771 1770 2798 ego

978 2818 1166 2849 sumpr‘nuus.
1181 2817 1209 2840 et
1230 2820 1280 2848 ego
1303 2819 1364 2840 sum
1393 2810 1422 2838 in
1436 2813 1579 2837 :eternum.
1611 2809 1642 2837 Et
1670 2817 1768 2837 manus

978 2867 1038 2888 mea
1053 2859 1176 2887 fundavit
1190 2863 1291 2886 terram
1304 2879 1312 2893 ,
1332 2861 1360 2887 ct
1384 2856 1497 2885 dextera
1513 2863 1572 2884 mea
1587 2855 1769 2885 consolidat-it

1010 2935 1108 2965 ‘Joan.
1126 2944 1181 2968 xw,
1201 2935 1242 2963 li.
