  <div class='ocr_page' id='page_1' title='image "/cluster/home/n/w/nwhite01/storage/ocr_20150623/22/njp.32101077772497/691.png"; bbox 0 0 2035 3214; ppageno 0'>
   <div class='ocr_carea' id='block_1_1' title="bbox 261 184 325 212">
    <p class='ocr_par' dir='ltr' id='par_1_1' title="bbox 261 184 325 212">
     <span class='ocr_line' id='line_1_1' title="bbox 261 184 325 212; baseline 0 0"><span class='ocrx_word' id='word_1_1' title='bbox 261 184 325 212; x_wconf 71' lang='grc' dir='ltr'>ηει</span> 
     </span>
    </p>
   </div>
   <div class='ocr_carea' id='block_1_2' title="bbox 604 184 1518 214">
    <p class='ocr_par' dir='ltr' id='par_1_2' title="bbox 604 184 1518 214">
     <span class='ocr_line' id='line_1_2' title="bbox 604 184 1518 214; baseline 0.002 -3"><span class='ocrx_word' id='word_1_2' title='bbox 604 184 739 212; x_wconf 83' lang='lat' dir='ltr'><strong>EUSEBll</strong></span> <span class='ocrx_word' id='word_1_3' title='bbox 754 185 996 214; x_wconf 63' lang='lat' dir='ltr'><strong>CESARlENSlS</strong></span> <span class='ocrx_word' id='word_1_4' title='bbox 1013 185 1088 213; x_wconf 79' lang='grc' dir='ltr'><strong>ΟΡΡ.</strong></span> <span class='ocrx_word' id='word_1_5' title='bbox 1106 185 1196 212; x_wconf 77' lang='lat' dir='ltr'><strong>PARS</strong></span> <span class='ocrx_word' id='word_1_6' title='bbox 1215 184 1518 213; x_wconf 68' lang='lat' dir='ltr'><strong>lll.—EXEGETICA.</strong></span> 
     </span>
    </p>
   </div>
   <div class='ocr_carea' id='block_1_3' title="bbox 1827 186 1894 214">
    <p class='ocr_par' dir='ltr' id='par_1_3' title="bbox 1827 186 1894 214">
     <span class='ocr_line' id='line_1_3' title="bbox 1827 186 1894 214; baseline -0.03 0"><span class='ocrx_word' id='word_1_7' title='bbox 1827 187 1837 214; x_wconf 74' lang='grc'>1</span> <span class='ocrx_word' id='word_1_8' title='bbox 1845 186 1894 213; x_wconf 66' lang='lat'><strong>232</strong></span> 
     </span>
    </p>
   </div>
   <div class='ocr_carea' id='block_1_4' title="bbox 260 243 1050 281">
    <p class='ocr_par' dir='ltr' id='par_1_4' title="bbox 260 243 1046 280">
     <span class='ocr_line' id='line_1_4' title="bbox 260 243 1046 280; baseline 0 -8"><span class='ocrx_word' id='word_1_9' title='bbox 260 245 356 272; x_wconf 62' lang='lat' dir='ltr'><strong>caelos.</strong></span> <span class='ocrx_word' id='word_1_10' title='bbox 375 243 481 271; x_wconf 81' lang='lat' dir='ltr'><strong>Vocabo</strong></span> <span class='ocrx_word' id='word_1_11' title='bbox 498 250 556 274; x_wconf 87' lang='lat' dir='ltr'><strong>eos,</strong></span> <span class='ocrx_word' id='word_1_12' title='bbox 573 247 600 270; x_wconf 94' lang='lat' dir='ltr'><strong>et</strong></span> <span class='ocrx_word' id='word_1_13' title='bbox 619 244 731 270; x_wconf 85' lang='lat' dir='ltr'><strong>stabunt</strong></span> <span class='ocrx_word' id='word_1_14' title='bbox 743 244 836 276; x_wconf 88' lang='lat' dir='ltr'><strong>simul,</strong></span> <span class='ocrx_word' id='word_1_15' title='bbox 854 249 881 271; x_wconf 83' lang='lat' dir='ltr'><strong>et</strong></span> <span class='ocrx_word' id='word_1_16' title='bbox 897 252 1046 280; x_wconf 74' lang='lat' dir='ltr'><strong>congrega-</strong></span> 
     </span>
    </p>
   </div>
   <div class='ocr_carea' id='block_1_5' title="bbox 1104 243 1892 281">
    <p class='ocr_par' dir='ltr' id='par_1_5' title="bbox 1104 244 1892 281">
     <span class='ocr_line' id='line_1_5' title="bbox 1104 244 1892 281; baseline 0.001 -11"><span class='ocrx_word' id='word_1_17' title='bbox 1104 245 1248 281; x_wconf 73' lang='grc' dir='ltr'>ὲστερέωσε</span> <span class='ocrx_word' id='word_1_18' title='bbox 1262 244 1308 270; x_wconf 65' lang='grc' dir='ltr'><strong>τον</strong></span> <span class='ocrx_word' id='word_1_19' title='bbox 1324 245 1436 280; x_wconf 81' lang='grc' dir='ltr'>οὐρανόν</span> <span class='ocrx_word' id='word_1_20' title='bbox 1445 253 1451 259; x_wconf 92' lang='grc'><strong>·</strong></span> <span class='ocrx_word' id='word_1_21' title='bbox 1466 244 1571 271; x_wconf 58' lang='grc' dir='ltr'>καλέσω</span> <span class='ocrx_word' id='word_1_22' title='bbox 1581 244 1636 278; x_wconf 76' lang='grc' dir='ltr'>ἐγὼ</span> <span class='ocrx_word' id='word_1_23' title='bbox 1652 245 1751 276; x_wconf 62' lang='grc' dir='ltr'>αὐτοὺς</span> <span class='ocrx_word' id='word_1_24' title='bbox 1765 245 1833 276; x_wconf 67' lang='grc' dir='ltr'>ἅμα,</span> <span class='ocrx_word' id='word_1_25' title='bbox 1847 245 1892 271; x_wconf 73' lang='grc' dir='ltr'><strong>καὶ</strong></span> 
     </span>
    </p>
   </div>
   <div class='ocr_carea' id='block_1_6' title="bbox 260 288 1053 323">
    <p class='ocr_par' dir='ltr' id='par_1_6' title="bbox 260 288 1053 323">
     <span class='ocr_line' id='line_1_6' title="bbox 260 288 1053 323; baseline 0.001 -6"><span class='ocrx_word' id='word_1_26' title='bbox 260 290 363 317; x_wconf 88' lang='lat' dir='ltr'><strong>buntur</strong></span> <span class='ocrx_word' id='word_1_27' title='bbox 377 297 482 320; x_wconf 91' lang='lat' dir='ltr'><strong>omnes,</strong></span> <span class='ocrx_word' id='word_1_28' title='bbox 493 292 519 315; x_wconf 83' lang='lat' dir='ltr'><strong>et</strong></span> <span class='ocrx_word' id='word_1_29' title='bbox 534 288 660 322; x_wconf 83' lang='lat' dir='ltr'><strong>audient;</strong></span> <span class='ocrx_word' id='word_1_30' title='bbox 670 289 731 323; x_wconf 84' lang='lat' dir='ltr'><strong>quis</strong></span> <span class='ocrx_word' id='word_1_31' title='bbox 742 290 783 317; x_wconf 89' lang='lat' dir='ltr'><strong>eis</strong></span> <span class='ocrx_word' id='word_1_32' title='bbox 792 291 964 319; x_wconf 85' lang='lat' dir='ltr'><strong>annuntiavit</strong></span> <span class='ocrx_word' id='word_1_33' title='bbox 976 291 1053 318; x_wconf 65' lang='lat' dir='ltr'><strong>haec?</strong></span> 
     </span>
    </p>
   </div>
   <div class='ocr_carea' id='block_1_7' title="bbox 260 334 1053 370">
    <p class='ocr_par' dir='ltr' id='par_1_7' title="bbox 260 334 1053 370">
     <span class='ocr_line' id='line_1_7' title="bbox 260 334 1053 370; baseline 0.001 -7"><span class='ocrx_word' id='word_1_34' title='bbox 260 336 402 367; x_wconf 82' lang='lat' dir='ltr'><strong>Dominus,</strong></span> <span class='ocrx_word' id='word_1_35' title='bbox 419 335 466 370; x_wconf 98' lang='lat' dir='ltr'><strong>qui</strong></span> <span class='ocrx_word' id='word_1_36' title='bbox 483 334 571 369; x_wconf 72' lang='lat' dir='ltr'><strong>diligit</strong></span> <span class='ocrx_word' id='word_1_37' title='bbox 586 338 613 362; x_wconf 87' lang='lat' dir='ltr'><strong>te</strong></span> <span class='ocrx_word' id='word_1_38' title='bbox 626 354 633 366; x_wconf 86' lang='lat'><strong>,</strong></span> <span class='ocrx_word' id='word_1_39' title='bbox 660 334 725 362; x_wconf 85' lang='lat' dir='ltr'><strong>fecit</strong></span> <span class='ocrx_word' id='word_1_40' title='bbox 751 336 920 364; x_wconf 79' lang='lat' dir='ltr'><strong>voluntatem</strong></span> <span class='ocrx_word' id='word_1_41' title='bbox 935 341 1008 364; x_wconf 89' lang='lat' dir='ltr'><strong>tuam</strong></span> <span class='ocrx_word' id='word_1_42' title='bbox 1025 337 1053 364; x_wconf 88' lang='lat' dir='ltr'><strong>iu</strong></span> 
     </span>
    </p>
   </div>
   <div class='ocr_carea' id='block_1_8' title="bbox 261 380 1053 418">
    <p class='ocr_par' dir='ltr' id='par_1_8' title="bbox 261 380 1053 418">
     <span class='ocr_line' id='line_1_8' title="bbox 261 380 1053 418; baseline 0 -9"><span class='ocrx_word' id='word_1_43' title='bbox 261 382 399 418; x_wconf 82' lang='lat' dir='ltr'><strong>Babylone</strong></span> <span class='ocrx_word' id='word_1_44' title='bbox 410 400 418 413; x_wconf 89' lang='lat'><strong>,</strong></span> <span class='ocrx_word' id='word_1_45' title='bbox 448 384 478 408; x_wconf 95' lang='lat' dir='ltr'><strong>ut</strong></span> <span class='ocrx_word' id='word_1_46' title='bbox 495 380 602 407; x_wconf 89' lang='lat' dir='ltr'><strong>tolleret</strong></span> <span class='ocrx_word' id='word_1_47' title='bbox 620 387 712 408; x_wconf 81' lang='lat' dir='ltr'><strong>semen</strong></span> <span class='ocrx_word' id='word_1_48' title='bbox 724 380 924 409; x_wconf 67' lang='lat' dir='ltr'><strong>Chaldaeorum.</strong></span> <span class='ocrx_word' id='word_1_49' title='bbox 939 381 995 417; x_wconf 81' lang='lat' dir='ltr'><strong>Ego</strong></span> <span class='ocrx_word' id='word_1_50' title='bbox 1014 383 1053 410; x_wconf 87' lang='lat' dir='ltr'><strong>lo-</strong></span> 
     </span>
    </p>
   </div>
   <div class='ocr_carea' id='block_1_9' title="bbox 260 427 1052 463">
    <p class='ocr_par' dir='ltr' id='par_1_9' title="bbox 260 427 1052 463">
     <span class='ocr_line' id='line_1_9' title="bbox 260 427 1052 463; baseline 0 -7"><span class='ocrx_word' id='word_1_51' title='bbox 260 433 340 456; x_wconf 85' lang='lat' dir='ltr'><strong>cutus</strong></span> <span class='ocrx_word' id='word_1_52' title='bbox 355 435 427 460; x_wconf 87' lang='lat' dir='ltr'><strong>sum,</strong></span> <span class='ocrx_word' id='word_1_53' title='bbox 443 431 470 455; x_wconf 87' lang='lat' dir='ltr'><strong>et</strong></span> <span class='ocrx_word' id='word_1_54' title='bbox 484 434 534 463; x_wconf 73' lang='lat' dir='ltr'><strong>ego</strong></span> <span class='ocrx_word' id='word_1_55' title='bbox 548 427 655 454; x_wconf 90' lang='lat' dir='ltr'><strong>vocavi.</strong></span> <span class='ocrx_word' id='word_1_56' title='bbox 672 427 741 455; x_wconf 84' lang='lat' dir='ltr'><strong>Duxi</strong></span> <span class='ocrx_word' id='word_1_57' title='bbox 756 436 820 456; x_wconf 91' lang='lat' dir='ltr'><strong>eum</strong></span> <span class='ocrx_word' id='word_1_58' title='bbox 837 433 864 456; x_wconf 89' lang='lat' dir='ltr'><strong>et</strong></span> <span class='ocrx_word' id='word_1_59' title='bbox 879 429 966 456; x_wconf 67' lang='lat' dir='ltr'><strong>direxi</strong></span> <span class='ocrx_word' id='word_1_60' title='bbox 982 429 1052 457; x_wconf 86' lang='lat' dir='ltr'><strong>viam</strong></span> 
     </span>
    </p>
   </div>
   <div class='ocr_carea' id='block_1_10' title="bbox 260 472 1052 507">
    <p class='ocr_par' dir='ltr' id='par_1_10' title="bbox 260 472 1052 507">
     <span class='ocr_line' id='line_1_10' title="bbox 260 472 1052 507; baseline 0.003 -7"><span class='ocrx_word' id='word_1_61' title='bbox 260 473 320 507; x_wconf 86' lang='lat' dir='ltr'><strong>ejus</strong></span> <span class='ocrx_word' id='word_1_62' title='bbox 336 483 341 500; x_wconf 92' lang='lat'>:</span> <span class='ocrx_word' id='word_1_63' title='bbox 361 472 486 500; x_wconf 87' lang='lat' dir='ltr'><strong>adducite</strong></span> <span class='ocrx_word' id='word_1_64' title='bbox 501 472 535 500; x_wconf 87' lang='lat' dir='ltr'><strong>ad</strong></span> <span class='ocrx_word' id='word_1_65' title='bbox 550 480 592 500; x_wconf 88' lang='lat' dir='ltr'><strong>me</strong></span> <span class='ocrx_word' id='word_1_66' title='bbox 607 477 634 500; x_wconf 93' lang='lat' dir='ltr'><strong>et</strong></span> <span class='ocrx_word' id='word_1_67' title='bbox 650 473 742 500; x_wconf 81' lang='lat' dir='ltr'><strong>audite</strong></span> <span class='ocrx_word' id='word_1_68' title='bbox 759 474 816 501; x_wconf 73' lang='lat' dir='ltr'><strong>haec</strong></span> <span class='ocrx_word' id='word_1_69' title='bbox 831 483 837 501; x_wconf 90' lang='lat'><strong>:</strong></span> <span class='ocrx_word' id='word_1_70' title='bbox 855 482 909 502; x_wconf 91' lang='lat' dir='ltr'><strong>non</strong></span> <span class='ocrx_word' id='word_1_71' title='bbox 923 475 956 502; x_wconf 89' lang='lat' dir='ltr'><strong>ab</strong></span> <span class='ocrx_word' id='word_1_72' title='bbox 973 475 1052 503; x_wconf 92' lang='lat' dir='ltr'><strong>initio</strong></span> 
     </span>
    </p>
   </div>
   <div class='ocr_carea' id='block_1_11' title="bbox 260 519 1051 554">
    <p class='ocr_par' dir='ltr' id='par_1_11' title="bbox 260 519 1051 554">
     <span class='ocr_line' id='line_1_11' title="bbox 260 519 1051 554; baseline 0.003 -8"><span class='ocrx_word' id='word_1_73' title='bbox 260 519 287 546; x_wconf 93' lang='lat' dir='ltr'><strong>in</strong></span> <span class='ocrx_word' id='word_1_74' title='bbox 302 519 410 546; x_wconf 89' lang='lat' dir='ltr'><strong>occulto</strong></span> <span class='ocrx_word' id='word_1_75' title='bbox 425 519 533 546; x_wconf 90' lang='lat' dir='ltr'><strong>locutus</strong></span> <span class='ocrx_word' id='word_1_76' title='bbox 552 527 612 546; x_wconf 90' lang='lat' dir='ltr'><strong>sum</strong></span> <span class='ocrx_word' id='word_1_77' title='bbox 630 528 636 546; x_wconf 89' lang='lat'><strong>:</strong></span> <span class='ocrx_word' id='word_1_78' title='bbox 654 519 765 554; x_wconf 82' lang='lat' dir='ltr'><strong>quando</strong></span> <span class='ocrx_word' id='word_1_79' title='bbox 790 520 881 553; x_wconf 82' lang='lat' dir='ltr'><strong>ﬁebat,</strong></span> <span class='ocrx_word' id='word_1_80' title='bbox 896 521 951 548; x_wconf 90' lang='lat' dir='ltr'><strong>illic</strong></span> <span class='ocrx_word' id='word_1_81' title='bbox 966 529 1051 548; x_wconf 88' lang='lat' dir='ltr'><strong>eram.</strong></span> 
     </span>
    </p>
   </div>
   <div class='ocr_carea' id='block_1_12' title="bbox 261 563 1053 602">
    <p class='ocr_par' dir='ltr' id='par_1_12' title="bbox 261 563 1053 602">
     <span class='ocr_line' id='line_1_12' title="bbox 261 563 1053 602; baseline 0.004 -11"><span class='ocrx_word' id='word_1_82' title='bbox 261 563 293 591; x_wconf 86' lang='lat' dir='ltr'><strong>Et</strong></span> <span class='ocrx_word' id='word_1_83' title='bbox 308 572 380 592; x_wconf 92' lang='lat' dir='ltr'><strong>nunc</strong></span> <span class='ocrx_word' id='word_1_84' title='bbox 396 564 526 592; x_wconf 85' lang='lat' dir='ltr'><strong>Dominus</strong></span> <span class='ocrx_word' id='word_1_85' title='bbox 545 564 675 593; x_wconf 88' lang='lat' dir='ltr'><strong>Dominus</strong></span> <span class='ocrx_word' id='word_1_86' title='bbox 704 566 778 593; x_wconf 82' lang='lat' dir='ltr'><strong>misit</strong></span> <span class='ocrx_word' id='word_1_87' title='bbox 800 574 843 594; x_wconf 90' lang='lat' dir='ltr'><strong>me</strong></span> <span class='ocrx_word' id='word_1_88' title='bbox 855 586 863 600; x_wconf 95' lang='lat'><strong>,</strong></span> <span class='ocrx_word' id='word_1_89' title='bbox 893 570 919 594; x_wconf 92' lang='lat' dir='ltr'><strong>et</strong></span> <span class='ocrx_word' id='word_1_90' title='bbox 936 566 1053 602; x_wconf 82' lang='lat' dir='ltr'><strong>Spiritus</strong></span> 
     </span>
    </p>
   </div>
   <div class='ocr_carea' id='block_1_13' title="bbox 260 609 1053 648">
    <p class='ocr_par' dir='ltr' id='par_1_13' title="bbox 260 609 1053 648">
     <span class='ocr_line' id='line_1_13' title="bbox 260 609 1053 648; baseline 0.005 -12"><span class='ocrx_word' id='word_1_91' title='bbox 260 611 320 644; x_wconf 84' lang='lat' dir='ltr'><strong>ejus</strong></span> <span class='ocrx_word' id='word_1_92' title='bbox 337 610 355 637; x_wconf 82' lang='grc'><strong>¹.</strong></span> <span class='ocrx_word' id='word_1_93' title='bbox 376 620 385 636; x_wconf 77' lang='grc' dir='ltr'>ι</span> <span class='ocrx_word' id='word_1_94' title='bbox 401 609 476 637; x_wconf 88' lang='lat' dir='ltr'><strong>Unus</strong></span> <span class='ocrx_word' id='word_1_95' title='bbox 489 617 552 637; x_wconf 90' lang='lat' dir='ltr'><strong>cum</strong></span> <span class='ocrx_word' id='word_1_96' title='bbox 561 611 596 637; x_wconf 85' lang='lat' dir='ltr'><strong>sit</strong></span> <span class='ocrx_word' id='word_1_97' title='bbox 609 612 656 645; x_wconf 86' lang='lat' dir='ltr'><strong>qui</strong></span> <span class='ocrx_word' id='word_1_98' title='bbox 669 611 697 638; x_wconf 94' lang='lat' dir='ltr'><strong>in</strong></span> <span class='ocrx_word' id='word_1_99' title='bbox 711 612 761 639; x_wconf 90' lang='lat' dir='ltr'><strong>hoc</strong></span> <span class='ocrx_word' id='word_1_100' title='bbox 775 612 835 640; x_wconf 89' lang='lat' dir='ltr'><strong>loco</strong></span> <span class='ocrx_word' id='word_1_101' title='bbox 850 613 1053 648; x_wconf 88' lang='lat' dir='ltr'><strong>loquitur,quis</strong></span> 
     </span>
    </p>
   </div>
   <div class='ocr_carea' id='block_1_14' title="bbox 260 656 1054 692">
    <p class='ocr_par' dir='ltr' id='par_1_14' title="bbox 260 656 1054 692">
     <span class='ocr_line' id='line_1_14' title="bbox 260 656 1054 692; baseline 0.005 -9"><span class='ocrx_word' id='word_1_102' title='bbox 260 657 331 684; x_wconf 82' lang='lat' dir='ltr'><strong>alius</strong></span> <span class='ocrx_word' id='word_1_103' title='bbox 346 661 420 684; x_wconf 86' lang='lat' dir='ltr'><strong>esset</strong></span> <span class='ocrx_word' id='word_1_104' title='bbox 439 665 448 682; x_wconf 88' lang='grc'>‹</span> <span class='ocrx_word' id='word_1_105' title='bbox 468 656 600 684; x_wconf 87' lang='lat' dir='ltr'><strong>Dominus</strong></span> <span class='ocrx_word' id='word_1_106' title='bbox 615 657 661 692; x_wconf 91' lang='lat' dir='ltr'><strong>qui</strong></span> <span class='ocrx_word' id='word_1_107' title='bbox 679 657 743 686; x_wconf 81' lang='lat' dir='ltr'><strong>fecit</strong></span> <span class='ocrx_word' id='word_1_108' title='bbox 760 659 861 686; x_wconf 81' lang='lat' dir='ltr'><strong>ccelum</strong></span> <span class='ocrx_word' id='word_1_109' title='bbox 887 663 912 686; x_wconf 89' lang='lat' dir='ltr'><strong>et</strong></span> <span class='ocrx_word' id='word_1_110' title='bbox 939 660 1054 687; x_wconf 79' lang='lat' dir='ltr'><strong>firmavit</strong></span> 
     </span>
    </p>
   </div>
   <div class='ocr_carea' id='block_1_15' title="bbox 261 702 1053 742">
    <p class='ocr_par' dir='ltr' id='par_1_15' title="bbox 261 702 1053 742">
     <span class='ocr_line' id='line_1_15' title="bbox 261 702 1053 742; baseline 0.006 -13"><span class='ocrx_word' id='word_1_111' title='bbox 261 703 337 735; x_wconf 92' lang='lat' dir='ltr'><strong>illud,</strong></span> <span class='ocrx_word' id='word_1_112' title='bbox 353 707 380 730; x_wconf 89' lang='lat' dir='ltr'><strong>et</strong></span> <span class='ocrx_word' id='word_1_113' title='bbox 395 702 517 730; x_wconf 78' lang='lat' dir='ltr'><strong>fundavit</strong></span> <span class='ocrx_word' id='word_1_114' title='bbox 528 708 638 737; x_wconf 86' lang='lat' dir='ltr'><strong>terram,</strong></span> <span class='ocrx_word' id='word_1_115' title='bbox 652 714 661 730; x_wconf 76' lang='grc' dir='ltr'>ι</span> <span class='ocrx_word' id='word_1_116' title='bbox 674 704 776 740; x_wconf 84' lang='lat' dir='ltr'><strong>quique</strong></span> <span class='ocrx_word' id='word_1_117' title='bbox 793 705 877 733; x_wconf 88' lang='lat' dir='ltr'><strong>dicit:</strong></span> <span class='ocrx_word' id='word_1_118' title='bbox 890 715 900 731; x_wconf 81' lang='grc' dir='ltr'>ι</span> <span class='ocrx_word' id='word_1_119' title='bbox 919 705 976 742; x_wconf 78' lang='lat' dir='ltr'><strong>Ego</strong></span> <span class='ocrx_word' id='word_1_120' title='bbox 992 715 1053 734; x_wconf 89' lang='lat' dir='ltr'><strong>sum</strong></span> 
     </span>
    </p>
   </div>
   <div class='ocr_carea' id='block_1_16' title="bbox 260 749 1055 786">
    <p class='ocr_par' dir='ltr' id='par_1_16' title="bbox 260 749 1055 786">
     <span class='ocr_line' id='line_1_16' title="bbox 260 749 1055 786; baseline 0.008 -11"><span class='ocrx_word' id='word_1_121' title='bbox 260 749 366 784; x_wconf 88' lang='lat' dir='ltr'><strong>primus</strong></span> <span class='ocrx_word' id='word_1_122' title='bbox 381 753 407 776; x_wconf 90' lang='lat' dir='ltr'><strong>et</strong></span> <span class='ocrx_word' id='word_1_123' title='bbox 421 756 472 783; x_wconf 83' lang='lat' dir='ltr'><strong>ego</strong></span> <span class='ocrx_word' id='word_1_124' title='bbox 491 756 551 776; x_wconf 91' lang='lat' dir='ltr'><strong>sum</strong></span> <span class='ocrx_word' id='word_1_125' title='bbox 567 749 595 776; x_wconf 90' lang='lat' dir='ltr'><strong>in</strong></span> <span class='ocrx_word' id='word_1_126' title='bbox 609 754 741 778; x_wconf 69' lang='lat' dir='ltr'><strong>aeternum</strong></span> <span class='ocrx_word' id='word_1_127' title='bbox 755 758 762 784; x_wconf 91' lang='lat'><strong>;</strong></span> <span class='ocrx_word' id='word_1_128' title='bbox 783 760 792 776; x_wconf 84' lang='grc'>›</span> <span class='ocrx_word' id='word_1_129' title='bbox 809 751 941 786; x_wconf 88' lang='lat' dir='ltr'><strong>adjiciens</strong></span> <span class='ocrx_word' id='word_1_130' title='bbox 967 753 994 780; x_wconf 90' lang='lat' dir='ltr'><strong>in</strong></span> <span class='ocrx_word' id='word_1_131' title='bbox 1021 754 1055 782; x_wconf 88' lang='lat' dir='ltr'><strong>iis</strong></span> 
     </span>
    </p>
   </div>
   <div class='ocr_carea' id='block_1_17' title="bbox 259 795 1054 833">
    <p class='ocr_par' dir='ltr' id='par_1_17' title="bbox 259 795 1054 833">
     <span class='ocr_line' id='line_1_17' title="bbox 259 795 1054 833; baseline 0.008 -12"><span class='ocrx_word' id='word_1_132' title='bbox 259 802 321 830; x_wconf 69' lang='lat' dir='ltr'><strong>quae</strong></span> <span class='ocrx_word' id='word_1_133' title='bbox 331 798 492 830; x_wconf 89' lang='lat' dir='ltr'><strong>sequuntur,</strong></span> <span class='ocrx_word' id='word_1_134' title='bbox 501 795 580 830; x_wconf 82' lang='lat' dir='ltr'><strong>juxta</strong></span> <span class='ocrx_word' id='word_1_135' title='bbox 593 803 688 823; x_wconf 90' lang='lat' dir='ltr'><strong>omnes</strong></span> <span class='ocrx_word' id='word_1_136' title='bbox 695 797 742 831; x_wconf 89' lang='lat' dir='ltr'><strong>qui</strong></span> <span class='ocrx_word' id='word_1_137' title='bbox 753 797 874 824; x_wconf 90' lang='lat' dir='ltr'><strong>divinam</strong></span> <span class='ocrx_word' id='word_1_138' title='bbox 883 798 940 825; x_wconf 80' lang='lat' dir='ltr'><strong>Scri</strong></span> <span class='ocrx_word' id='word_1_139' title='bbox 946 803 991 833; x_wconf 85' lang='lat' dir='ltr'><strong>ptn</strong></span> <span class='ocrx_word' id='word_1_140' title='bbox 997 807 1054 827; x_wconf 89' lang='lat' dir='ltr'><strong>ram</strong></span> 
     </span>
    </p>
   </div>
   <div class='ocr_carea' id='block_1_18' title="bbox 262 840 1054 875">
    <p class='ocr_par' dir='ltr' id='par_1_18' title="bbox 262 840 1054 875">
     <span class='ocr_line' id='line_1_18' title="bbox 262 840 1054 875; baseline 0.008 -8"><span class='ocrx_word' id='word_1_141' title='bbox 262 840 432 875; x_wconf 78' lang='lat' dir='ltr'><strong>interpretati</strong></span> <span class='ocrx_word' id='word_1_142' title='bbox 447 846 522 873; x_wconf 89' lang='lat' dir='ltr'><strong>sunt,</strong></span> <span class='ocrx_word' id='word_1_143' title='bbox 542 841 607 868; x_wconf 92' lang='lat' dir='ltr'><strong>illud</strong></span> <span class='ocrx_word' id='word_1_144' title='bbox 624 849 630 867; x_wconf 89' lang='lat'>:</span> <span class='ocrx_word' id='word_1_145' title='bbox 652 851 661 866; x_wconf 75' lang='grc' dir='ltr'>ι</span> <span class='ocrx_word' id='word_1_146' title='bbox 678 841 710 868; x_wconf 86' lang='lat' dir='ltr'><strong>Et</strong></span> <span class='ocrx_word' id='word_1_147' title='bbox 734 851 808 870; x_wconf 90' lang='lat' dir='ltr'><strong>nunc</strong></span> <span class='ocrx_word' id='word_1_148' title='bbox 836 843 967 871; x_wconf 86' lang='lat' dir='ltr'><strong>Dominus</strong></span> <span class='ocrx_word' id='word_1_149' title='bbox 983 844 1054 873; x_wconf 87' lang='lat' dir='ltr'><strong>Deus</strong></span> 
     </span>
    </p>
   </div>
   <div class='ocr_carea' id='block_1_19' title="bbox 261 885 1053 923">
    <p class='ocr_par' dir='ltr' id='par_1_19' title="bbox 261 885 1053 923">
     <span class='ocr_line' id='line_1_19' title="bbox 261 885 1053 923; baseline 0.008 -11"><span class='ocrx_word' id='word_1_150' title='bbox 261 885 335 913; x_wconf 87' lang='lat' dir='ltr'><strong>misit</strong></span> <span class='ocrx_word' id='word_1_151' title='bbox 351 893 393 913; x_wconf 88' lang='lat' dir='ltr'><strong>me</strong></span> <span class='ocrx_word' id='word_1_152' title='bbox 403 891 429 913; x_wconf 91' lang='lat' dir='ltr'><strong>et</strong></span> <span class='ocrx_word' id='word_1_153' title='bbox 440 885 560 921; x_wconf 79' lang='lat' dir='ltr'><strong>Spiritus</strong></span> <span class='ocrx_word' id='word_1_154' title='bbox 577 887 662 922; x_wconf 68' lang='lat' dir='ltr'><strong>eius.»</strong></span> <span class='ocrx_word' id='word_1_155' title='bbox 674 894 706 914; x_wconf 83' lang='lat' dir='ltr'><strong>ac</strong></span> <span class='ocrx_word' id='word_1_156' title='bbox 720 894 844 916; x_wconf 86' lang='lat' dir='ltr'><strong>sanctum</strong></span> <span class='ocrx_word' id='word_1_157' title='bbox 859 889 906 917; x_wconf 90' lang='lat' dir='ltr'><strong>Dei</strong></span> <span class='ocrx_word' id='word_1_158' title='bbox 923 889 1053 923; x_wconf 87' lang='lat' dir='ltr'><strong>Verbum,</strong></span> 
     </span>
    </p>
   </div>
   <div class='ocr_carea' id='block_1_20' title="bbox 1105 290 1892 326">
    <p class='ocr_par' dir='ltr' id='par_1_20' title="bbox 1105 290 1892 326">
     <span class='ocr_line' id='line_1_20' title="bbox 1105 290 1892 326; baseline 0 -10"><span class='ocrx_word' id='word_1_159' title='bbox 1105 291 1248 326; x_wconf 75' lang='grc' dir='ltr'><strong>στήσονται</strong></span> <span class='ocrx_word' id='word_1_160' title='bbox 1269 290 1316 316; x_wconf 79' lang='grc' dir='ltr'>καὶ</span> <span class='ocrx_word' id='word_1_161' title='bbox 1338 290 1562 326; x_wconf 75' lang='grc' dir='ltr'><strong>συναχθήσονται,</strong></span> <span class='ocrx_word' id='word_1_162' title='bbox 1587 290 1633 316; x_wconf 77' lang='grc' dir='ltr'>καὶ</span> <span class='ocrx_word' id='word_1_163' title='bbox 1654 290 1826 316; x_wconf 80' lang='grc' dir='ltr'>ἀκούσονται.</span> <span class='ocrx_word' id='word_1_164' title='bbox 1846 291 1892 321; x_wconf 77' lang='grc' dir='ltr'><strong>Τίς</strong></span> 
     </span>
    </p>
   </div>
   <div class='ocr_carea' id='block_1_21' title="bbox 1104 337 1892 373">
    <p class='ocr_par' dir='ltr' id='par_1_21' title="bbox 1104 337 1892 373">
     <span class='ocr_line' id='line_1_21' title="bbox 1104 337 1892 373; baseline -0.001 -9"><span class='ocrx_word' id='word_1_165' title='bbox 1104 339 1195 369; x_wconf 62' lang='lat'><strong>«6107.;</strong></span> <span class='ocrx_word' id='word_1_166' title='bbox 1222 337 1382 373; x_wconf 75' lang='grc' dir='ltr'><strong>ἀνήγγειλεν</strong></span> <span class='ocrx_word' id='word_1_167' title='bbox 1407 337 1509 367; x_wconf 77' lang='grc' dir='ltr'>ταῦτας</span> <span class='ocrx_word' id='word_1_168' title='bbox 1530 339 1564 370; x_wconf 62' lang='grc' dir='ltr'><strong>Ξε(</strong></span> <span class='ocrx_word' id='word_1_169' title='bbox 1591 337 1692 372; x_wconf 74' lang='grc' dir='ltr'>Κύριος</span> <span class='ocrx_word' id='word_1_170' title='bbox 1719 337 1835 371; x_wconf 69' lang='grc' dir='ltr'>ἁγαπῶν</span> <span class='ocrx_word' id='word_1_171' title='bbox 1863 345 1892 364; x_wconf 85' lang='grc' dir='ltr'><strong>σε</strong></span> 
     </span>
    </p>
   </div>
   <div class='ocr_carea' id='block_1_22' title="bbox 1104 381 1892 418">
    <p class='ocr_par' dir='ltr' id='par_1_22' title="bbox 1104 381 1892 418">
     <span class='ocr_line' id='line_1_22' title="bbox 1104 381 1892 418; baseline 0 -9"><span class='ocrx_word' id='word_1_172' title='bbox 1104 383 1215 418; x_wconf 68' lang='grc' dir='ltr'>ἐποίησε</span> <span class='ocrx_word' id='word_1_173' title='bbox 1241 383 1271 409; x_wconf 88' lang='grc' dir='ltr'>τὸ</span> <span class='ocrx_word' id='word_1_174' title='bbox 1297 382 1404 418; x_wconf 81' lang='grc' dir='ltr'><strong>θέλημά</strong></span> <span class='ocrx_word' id='word_1_175' title='bbox 1427 391 1474 408; x_wconf 83' lang='grc' dir='ltr'><strong>σου</strong></span> <span class='ocrx_word' id='word_1_176' title='bbox 1500 382 1544 408; x_wconf 72' lang='grc' dir='ltr'><strong>ἐπὶ</strong></span> <span class='ocrx_word' id='word_1_177' title='bbox 1568 381 1726 415; x_wconf 71' lang='grc' dir='ltr'>Βαϐυλῶνα,</span> <span class='ocrx_word' id='word_1_178' title='bbox 1756 382 1803 409; x_wconf 73' lang='grc' dir='ltr'>τοῦ</span> <span class='ocrx_word' id='word_1_179' title='bbox 1830 381 1892 418; x_wconf 80' lang='grc' dir='ltr'>ἆραι</span> 
     </span>
    </p>
   </div>
   <div class='ocr_carea' id='block_1_23' title="bbox 1105 428 1891 464">
    <p class='ocr_par' dir='ltr' id='par_1_23' title="bbox 1105 428 1891 464">
     <span class='ocr_line' id='line_1_23' title="bbox 1105 428 1891 464; baseline -0.001 -9"><span class='ocrx_word' id='word_1_180' title='bbox 1105 429 1215 464; x_wconf 80' lang='grc' dir='ltr'>σπέρμα</span> <span class='ocrx_word' id='word_1_181' title='bbox 1232 428 1383 455; x_wconf 80' lang='grc' dir='ltr'>Χαλδαίων.</span> <span class='ocrx_word' id='word_1_182' title='bbox 1402 428 1472 462; x_wconf 81' lang='grc' dir='ltr'>Ἐγὼ</span> <span class='ocrx_word' id='word_1_183' title='bbox 1488 428 1615 463; x_wconf 76' lang='grc' dir='ltr'><strong>ἐλάλησα,</strong></span> <span class='ocrx_word' id='word_1_184' title='bbox 1632 429 1678 454; x_wconf 74' lang='grc' dir='ltr'>καὶ</span> <span class='ocrx_word' id='word_1_185' title='bbox 1693 428 1749 462; x_wconf 75' lang='grc' dir='ltr'>ἐγὼ</span> <span class='ocrx_word' id='word_1_186' title='bbox 1760 428 1891 455; x_wconf 70' lang='grc' dir='ltr'>ἐκάλεσα·</span> 
     </span>
    </p>
   </div>
   <div class='ocr_carea' id='block_1_24' title="bbox 1104 473 1893 510">
    <p class='ocr_par' dir='ltr' id='par_1_24' title="bbox 1104 473 1893 510">
     <span class='ocr_line' id='line_1_24' title="bbox 1104 473 1893 510; baseline -0.001 -9"><span class='ocrx_word' id='word_1_187' title='bbox 1104 475 1206 510; x_wconf 67' lang='grc' dir='ltr'>ἤγαγον</span> <span class='ocrx_word' id='word_1_188' title='bbox 1220 475 1312 507; x_wconf 73' lang='grc' dir='ltr'>αὑτὸν,</span> <span class='ocrx_word' id='word_1_189' title='bbox 1330 474 1377 500; x_wconf 76' lang='grc' dir='ltr'><strong>καὶ</strong></span> <span class='ocrx_word' id='word_1_190' title='bbox 1396 473 1525 500; x_wconf 77' lang='grc' dir='ltr'>εὑώδωσα</span> <span class='ocrx_word' id='word_1_191' title='bbox 1554 473 1603 509; x_wconf 79' lang='grc' dir='ltr'>τὴν</span> <span class='ocrx_word' id='word_1_192' title='bbox 1621 473 1678 500; x_wconf 79' lang='grc' dir='ltr'>ὁδὸν</span> <span class='ocrx_word' id='word_1_193' title='bbox 1696 473 1778 500; x_wconf 79' lang='grc' dir='ltr'>αὐτοῦ</span> <span class='ocrx_word' id='word_1_194' title='bbox 1789 482 1796 488; x_wconf 94' lang='grc'><strong>·</strong></span> <span class='ocrx_word' id='word_1_195' title='bbox 1812 482 1893 509; x_wconf 77' lang='grc' dir='ltr'>προσ-</span> 
     </span>
    </p>
   </div>
   <div class='ocr_carea' id='block_1_25' title="bbox 1105 519 1894 556">
    <p class='ocr_par' dir='ltr' id='par_1_25' title="bbox 1105 519 1894 556">
     <span class='ocr_line' id='line_1_25' title="bbox 1105 519 1894 556; baseline -0.001 -8"><span class='ocrx_word' id='word_1_196' title='bbox 1105 522 1221 556; x_wconf 83' lang='grc' dir='ltr'>αγάγετε</span> <span class='ocrx_word' id='word_1_197' title='bbox 1238 521 1305 556; x_wconf 81' lang='grc' dir='ltr'>πρὸς</span> <span class='ocrx_word' id='word_1_198' title='bbox 1321 521 1364 556; x_wconf 77' lang='grc' dir='ltr'>μὲ,</span> <span class='ocrx_word' id='word_1_199' title='bbox 1383 521 1430 546; x_wconf 72' lang='grc' dir='ltr'>καὶ</span> <span class='ocrx_word' id='word_1_200' title='bbox 1447 520 1579 546; x_wconf 81' lang='grc' dir='ltr'>ἀκούσατε</span> <span class='ocrx_word' id='word_1_201' title='bbox 1595 519 1698 546; x_wconf 79' lang='grc' dir='ltr'>ταῦτα’</span> <span class='ocrx_word' id='word_1_202' title='bbox 1713 521 1763 546; x_wconf 74' lang='grc' dir='ltr'>οὐκ</span> <span class='ocrx_word' id='word_1_203' title='bbox 1779 521 1827 546; x_wconf 74' lang='grc' dir='ltr'><strong>ἀπ’</strong></span> <span class='ocrx_word' id='word_1_204' title='bbox 1847 521 1894 555; x_wconf 82' lang='grc' dir='ltr'><strong>ἀρ-</strong></span> 
     </span>
    </p>
   </div>
   <div class='ocr_carea' id='block_1_26' title="bbox 1105 564 1892 601">
    <p class='ocr_par' dir='ltr' id='par_1_26' title="bbox 1105 564 1892 601">
     <span class='ocr_line' id='line_1_26' title="bbox 1105 564 1892 601; baseline -0.001 -9"><span class='ocrx_word' id='word_1_205' title='bbox 1105 567 1154 601; x_wconf 71' lang='grc' dir='ltr'><strong>χῆς</strong></span> <span class='ocrx_word' id='word_1_206' title='bbox 1175 567 1204 592; x_wconf 82' lang='grc' dir='ltr'>ἐν</span> <span class='ocrx_word' id='word_1_207' title='bbox 1224 567 1314 601; x_wconf 66' lang='grc' dir='ltr'>κρυφῇ</span> <span class='ocrx_word' id='word_1_208' title='bbox 1330 565 1482 600; x_wconf 73' lang='grc' dir='ltr'>λελάληκα·</span> <span class='ocrx_word' id='word_1_209' title='bbox 1500 564 1580 599; x_wconf 78' lang='grc' dir='ltr'>ἡνίκα</span> <span class='ocrx_word' id='word_1_210' title='bbox 1594 564 1702 597; x_wconf 75' lang='grc' dir='ltr'>ἐγένετο</span> <span class='ocrx_word' id='word_1_211' title='bbox 1722 565 1782 591; x_wconf 83' lang='grc' dir='ltr'>ἐκεῖ</span> <span class='ocrx_word' id='word_1_212' title='bbox 1802 565 1892 600; x_wconf 74' lang='grc' dir='ltr'><strong>ἤμην·</strong></span> 
     </span>
    </p>
   </div>
   <div class='ocr_carea' id='block_1_27' title="bbox 1104 610 1893 646">
    <p class='ocr_par' dir='ltr' id='par_1_27' title="bbox 1104 610 1893 646">
     <span class='ocr_line' id='line_1_27' title="bbox 1104 610 1893 646; baseline -0.001 -8"><span class='ocrx_word' id='word_1_213' title='bbox 1104 613 1152 639; x_wconf 70' lang='grc' dir='ltr'>καὶ</span> <span class='ocrx_word' id='word_1_214' title='bbox 1167 612 1213 637; x_wconf 72' lang='grc' dir='ltr'>νῦν</span> <span class='ocrx_word' id='word_1_215' title='bbox 1231 611 1331 646; x_wconf 80' lang='grc' dir='ltr'>Κύριος</span> <span class='ocrx_word' id='word_1_216' title='bbox 1347 611 1447 646; x_wconf 82' lang='grc' dir='ltr'>Κύριος</span> <span class='ocrx_word' id='word_1_217' title='bbox 1461 610 1604 637; x_wconf 79' lang='grc' dir='ltr'>ἀπέστειλέ</span> <span class='ocrx_word' id='word_1_218' title='bbox 1620 618 1663 645; x_wconf 82' lang='grc' dir='ltr'>με,</span> <span class='ocrx_word' id='word_1_219' title='bbox 1680 610 1768 636; x_wconf 77' lang='grc' dir='ltr'>καὶτὸ</span> <span class='ocrx_word' id='word_1_220' title='bbox 1783 610 1893 645; x_wconf 69' lang='grc' dir='ltr'>Πνεῦμα</span> 
     </span>
    </p>
   </div>
   <div class='ocr_carea' id='block_1_28' title="bbox 1105 653 1892 689">
    <p class='ocr_par' dir='ltr' id='par_1_28' title="bbox 1105 653 1892 689">
     <span class='ocr_line' id='line_1_28' title="bbox 1105 653 1892 689; baseline -0.006 -5"><span class='ocrx_word' id='word_1_221' title='bbox 1105 657 1202 684; x_wconf 80' lang='grc' dir='ltr'>αὑτοῦ.</span> <span class='ocrx_word' id='word_1_222' title='bbox 1219 666 1228 682; x_wconf 71' lang='grc' dir='ltr'>ι</span> <span class='ocrx_word' id='word_1_223' title='bbox 1247 656 1322 688; x_wconf 82' lang='grc' dir='ltr'>Ἐνὸς</span> <span class='ocrx_word' id='word_1_224' title='bbox 1339 655 1414 686; x_wconf 70' lang='grc' dir='ltr'>ὄντος</span> <span class='ocrx_word' id='word_1_225' title='bbox 1429 654 1476 681; x_wconf 76' lang='grc' dir='ltr'>τοῦ</span> <span class='ocrx_word' id='word_1_226' title='bbox 1490 653 1576 681; x_wconf 79' lang='grc' dir='ltr'>ταῦτα</span> <span class='ocrx_word' id='word_1_227' title='bbox 1593 655 1622 680; x_wconf 86' lang='grc' dir='ltr'>ὲν</span> <span class='ocrx_word' id='word_1_228' title='bbox 1642 655 1675 689; x_wconf 90' lang='grc' dir='ltr'><strong>τῇ</strong></span> <span class='ocrx_word' id='word_1_229' title='bbox 1696 656 1833 689; x_wconf 78' lang='grc' dir='ltr'><strong>περικοπῇ</strong></span> <span class='ocrx_word' id='word_1_230' title='bbox 1850 654 1892 680; x_wconf 80' lang='grc' dir='ltr'><strong>λέ-</strong></span> 
     </span>
    </p>
   </div>
   <div class='ocr_carea' id='block_1_29' title="bbox 1105 699 1894 738">
    <p class='ocr_par' dir='ltr' id='par_1_29' title="bbox 1105 699 1894 738">
     <span class='ocr_line' id='line_1_29' title="bbox 1105 699 1894 738; baseline -0.008 -8"><span class='ocrx_word' id='word_1_231' title='bbox 1105 711 1199 738; x_wconf 84' lang='grc' dir='ltr'>γοντος</span> <span class='ocrx_word' id='word_1_232' title='bbox 1212 702 1367 737; x_wconf 74' lang='grc' dir='ltr'>προσώπου,</span> <span class='ocrx_word' id='word_1_233' title='bbox 1379 701 1419 732; x_wconf 84' lang='grc' dir='ltr'>τίς</span> <span class='ocrx_word' id='word_1_234' title='bbox 1434 700 1456 727; x_wconf 83' lang='grc' dir='ltr'><strong>δ’</strong></span> <span class='ocrx_word' id='word_1_235' title='bbox 1470 700 1501 726; x_wconf 85' lang='grc' dir='ltr'>ἂν</span> <span class='ocrx_word' id='word_1_236' title='bbox 1515 699 1593 731; x_wconf 79' lang='grc' dir='ltr'>ἄλλος</span> <span class='ocrx_word' id='word_1_237' title='bbox 1603 699 1644 735; x_wconf 77' lang='grc' dir='ltr'><strong>εἴη</strong></span> <span class='ocrx_word' id='word_1_238' title='bbox 1661 710 1669 724; x_wconf 75' lang='grc' dir='ltr'>ι</span> <span class='ocrx_word' id='word_1_239' title='bbox 1682 699 1783 735; x_wconf 74' lang='grc' dir='ltr'>Κύριος</span> <span class='ocrx_word' id='word_1_240' title='bbox 1797 700 1812 725; x_wconf 81' lang='grc' dir='ltr'>ὁ</span> <span class='ocrx_word' id='word_1_241' title='bbox 1823 699 1894 735; x_wconf 62' lang='grc' dir='ltr'>ποιῇ-</span> 
     </span>
    </p>
   </div>
   <div class='ocr_carea' id='block_1_30' title="bbox 1107 746 1893 784">
    <p class='ocr_par' dir='ltr' id='par_1_30' title="bbox 1107 746 1893 784">
     <span class='ocr_line' id='line_1_30' title="bbox 1107 746 1893 784; baseline -0.004 -7"><span class='ocrx_word' id='word_1_242' title='bbox 1107 759 1156 782; x_wconf 86' lang='grc' dir='ltr'><strong>σας</strong></span> <span class='ocrx_word' id='word_1_243' title='bbox 1171 749 1216 776; x_wconf 80' lang='grc' dir='ltr'><strong>τὸν</strong></span> <span class='ocrx_word' id='word_1_244' title='bbox 1242 747 1356 784; x_wconf 74' lang='grc' dir='ltr'>οὐρανὸν</span> <span class='ocrx_word' id='word_1_245' title='bbox 1378 748 1425 774; x_wconf 69' lang='grc' dir='ltr'>καὶ</span> <span class='ocrx_word' id='word_1_246' title='bbox 1448 747 1536 783; x_wconf 79' lang='grc' dir='ltr'>πήξας</span> <span class='ocrx_word' id='word_1_247' title='bbox 1556 747 1648 779; x_wconf 75' lang='grc' dir='ltr'>αὑτὸν,</span> <span class='ocrx_word' id='word_1_248' title='bbox 1675 747 1721 773; x_wconf 73' lang='grc' dir='ltr'>καὶ</span> <span class='ocrx_word' id='word_1_249' title='bbox 1741 746 1893 782; x_wconf 65' lang='grc' dir='ltr'>περεὼσες</span> 
     </span>
    </p>
   </div>
   <div class='ocr_carea' id='block_1_31' title="bbox 1106 792 1893 832">
    <p class='ocr_par' dir='ltr' id='par_1_31' title="bbox 1106 792 1893 832">
     <span class='ocr_line' id='line_1_31' title="bbox 1106 792 1893 832; baseline -0.006 -9"><span class='ocrx_word' id='word_1_250' title='bbox 1106 796 1155 832; x_wconf 84' lang='grc' dir='ltr'>τὴν</span> <span class='ocrx_word' id='word_1_251' title='bbox 1169 796 1233 830; x_wconf 80' lang='grc' dir='ltr'>γῆν,</span> <span class='ocrx_word' id='word_1_252' title='bbox 1253 805 1262 821; x_wconf 73' lang='grc' dir='ltr'>ι</span> <span class='ocrx_word' id='word_1_253' title='bbox 1280 795 1293 820; x_wconf 98' lang='lat'><strong>6</strong></span> <span class='ocrx_word' id='word_1_254' title='bbox 1310 794 1396 828; x_wconf 81' lang='grc' dir='ltr'>λέγων</span> <span class='ocrx_word' id='word_1_255' title='bbox 1407 801 1413 808; x_wconf 78' lang='grc'><strong>’</strong></span> <span class='ocrx_word' id='word_1_256' title='bbox 1437 802 1447 819; x_wconf 88' lang='grc'><strong><em>‹</em></strong></span> <span class='ocrx_word' id='word_1_257' title='bbox 1465 792 1534 827; x_wconf 83' lang='grc' dir='ltr'><strong>Ἐγὼ</strong></span> <span class='ocrx_word' id='word_1_258' title='bbox 1549 794 1605 828; x_wconf 81' lang='grc' dir='ltr'>εἰμι</span> <span class='ocrx_word' id='word_1_259' title='bbox 1629 792 1753 829; x_wconf 81' lang='grc' dir='ltr'>πρῶτος,</span> <span class='ocrx_word' id='word_1_260' title='bbox 1780 793 1828 819; x_wconf 73' lang='grc' dir='ltr'>καὶ</span> <span class='ocrx_word' id='word_1_261' title='bbox 1843 792 1893 826; x_wconf 76' lang='grc' dir='ltr'><strong>ἐγώ</strong></span> 
     </span>
    </p>
   </div>
   <div class='ocr_carea' id='block_1_32' title="bbox 1106 838 1894 878">
    <p class='ocr_par' dir='ltr' id='par_1_32' title="bbox 1106 838 1894 878">
     <span class='ocr_line' id='line_1_32' title="bbox 1106 838 1894 878; baseline -0.004 -9"><span class='ocrx_word' id='word_1_262' title='bbox 1106 844 1163 878; x_wconf 83' lang='grc' dir='ltr'>εἰμι</span> <span class='ocrx_word' id='word_1_263' title='bbox 1177 843 1217 874; x_wconf 78' lang='grc' dir='ltr'>εἰς</span> <span class='ocrx_word' id='word_1_264' title='bbox 1229 841 1276 868; x_wconf 80' lang='grc' dir='ltr'>τὸν</span> <span class='ocrx_word' id='word_1_265' title='bbox 1287 840 1383 873; x_wconf 78' lang='grc' dir='ltr'>αἰῶνα,</span> <span class='ocrx_word' id='word_1_266' title='bbox 1400 850 1409 865; x_wconf 70' lang='lat' dir='ltr'><strong>r</strong></span> <span class='ocrx_word' id='word_1_267' title='bbox 1424 840 1471 866; x_wconf 74' lang='grc' dir='ltr'>καὶ</span> <span class='ocrx_word' id='word_1_268' title='bbox 1484 839 1621 874; x_wconf 62' lang='grc' dir='ltr'>ἐπιφέρων</span> <span class='ocrx_word' id='word_1_269' title='bbox 1633 840 1661 866; x_wconf 80' lang='grc' dir='ltr'>ὲν</span> <span class='ocrx_word' id='word_1_270' title='bbox 1674 840 1731 870; x_wconf 82' lang='grc' dir='ltr'>τοῖς</span> <span class='ocrx_word' id='word_1_271' title='bbox 1740 838 1815 874; x_wconf 78' lang='grc' dir='ltr'>ἑξῆς,</span> <span class='ocrx_word' id='word_1_272' title='bbox 1827 839 1894 866; x_wconf 69' lang='grc' dir='ltr'>κατὰ</span> 
     </span>
    </p>
   </div>
   <div class='ocr_carea' id='block_1_33' title="bbox 1107 884 1893 922">
    <p class='ocr_par' dir='ltr' id='par_1_33' title="bbox 1107 884 1893 922">
     <span class='ocr_line' id='line_1_33' title="bbox 1107 884 1893 922; baseline -0.008 -6"><span class='ocrx_word' id='word_1_273' title='bbox 1107 888 1212 920; x_wconf 74' lang='grc' dir='ltr'>πάντας</span> <span class='ocrx_word' id='word_1_274' title='bbox 1228 888 1292 919; x_wconf 82' lang='grc' dir='ltr'>τοὺς</span> <span class='ocrx_word' id='word_1_275' title='bbox 1313 886 1533 922; x_wconf 78' lang='grc' dir='ltr'><strong>ἑρμηνεύσαντας</strong></span> <span class='ocrx_word' id='word_1_276' title='bbox 1549 885 1597 920; x_wconf 74' lang='grc' dir='ltr'>τὴν</span> <span class='ocrx_word' id='word_1_277' title='bbox 1619 884 1692 911; x_wconf 79' lang='grc' dir='ltr'>θείαν</span> <span class='ocrx_word' id='word_1_278' title='bbox 1714 885 1837 920; x_wconf 61' lang='grc' dir='ltr'>Γραφὴν,</span> <span class='ocrx_word' id='word_1_279' title='bbox 1854 885 1893 916; x_wconf 74' lang='grc' dir='ltr'><strong>τὸ,</strong></span> 
     </span>
    </p>
   </div>
   <div class='ocr_carea' id='block_1_34' title="bbox 261 931 1050 968">
    <p class='ocr_par' dir='ltr' id='par_1_34' title="bbox 261 931 1050 967">
     <span class='ocr_line' id='line_1_34' title="bbox 261 931 1050 967; baseline 0.008 -9"><span class='ocrx_word' id='word_1_280' title='bbox 261 931 307 967; x_wconf 87' lang='lat' dir='ltr'><strong>qui</strong></span> <span class='ocrx_word' id='word_1_281' title='bbox 330 936 391 966; x_wconf 89' lang='lat' dir='ltr'><strong>post</strong></span> <span class='ocrx_word' id='word_1_282' title='bbox 411 932 561 960; x_wconf 89' lang='lat' dir='ltr'><strong>increatum</strong></span> <span class='ocrx_word' id='word_1_283' title='bbox 585 933 693 960; x_wconf 87' lang='lat' dir='ltr'><strong>initium</strong></span> <span class='ocrx_word' id='word_1_284' title='bbox 721 939 909 962; x_wconf 76' lang='lat' dir='ltr'><strong>creaturarum</strong></span> <span class='ocrx_word' id='word_1_285' title='bbox 933 937 1050 964; x_wconf 91' lang='lat' dir='ltr'><strong>omnium</strong></span> 
     </span>
    </p>
   </div>
   <div class='ocr_carea' id='block_1_35' title="bbox 1104 931 1894 968">
    <p class='ocr_par' dir='ltr' id='par_1_35' title="bbox 1109 931 1894 968">
     <span class='ocr_line' id='line_1_35' title="bbox 1109 931 1894 968; baseline -0.004 -8"><span class='ocrx_word' id='word_1_286' title='bbox 1109 945 1118 960; x_wconf 79' lang='grc' dir='ltr'>ι</span> <span class='ocrx_word' id='word_1_287' title='bbox 1136 935 1190 962; x_wconf 71' lang='grc' dir='ltr'><strong>Καὶ</strong></span> <span class='ocrx_word' id='word_1_288' title='bbox 1212 934 1258 962; x_wconf 76' lang='grc' dir='ltr'>νῦν</span> <span class='ocrx_word' id='word_1_289' title='bbox 1286 933 1388 968; x_wconf 80' lang='grc' dir='ltr'>Κύριος</span> <span class='ocrx_word' id='word_1_290' title='bbox 1412 933 1426 959; x_wconf 90' lang='lat'><strong>6</strong></span> <span class='ocrx_word' id='word_1_291' title='bbox 1455 932 1521 963; x_wconf 82' lang='grc' dir='ltr'>Θεὸς</span> <span class='ocrx_word' id='word_1_292' title='bbox 1545 931 1700 958; x_wconf 73' lang='grc' dir='ltr'>ἀπέσταλκε</span> <span class='ocrx_word' id='word_1_293' title='bbox 1724 940 1769 967; x_wconf 79' lang='grc' dir='ltr'>με,</span> <span class='ocrx_word' id='word_1_294' title='bbox 1794 931 1842 958; x_wconf 77' lang='grc' dir='ltr'>καὶ</span> <span class='ocrx_word' id='word_1_295' title='bbox 1865 931 1894 957; x_wconf 79' lang='grc' dir='ltr'><strong>τὺ</strong></span> 
     </span>
    </p>
   </div>
   <div class='ocr_carea' id='block_1_36' title="bbox 261 976 1053 1014">
    <p class='ocr_par' dir='ltr' id='par_1_36' title="bbox 261 976 1053 1014">
     <span class='ocr_line' id='line_1_36' title="bbox 261 976 1053 1014; baseline 0.006 -11"><span class='ocrx_word' id='word_1_296' title='bbox 261 978 368 1011; x_wconf 79' lang='lat' dir='ltr'><strong>primus</strong></span> <span class='ocrx_word' id='word_1_297' title='bbox 388 976 460 1005; x_wconf 91' lang='lat' dir='ltr'><strong>Deus</strong></span> <span class='ocrx_word' id='word_1_298' title='bbox 485 978 642 1005; x_wconf 85' lang='lat' dir='ltr'><strong>nominatus</strong></span> <span class='ocrx_word' id='word_1_299' title='bbox 665 982 718 1012; x_wconf 87' lang='lat' dir='ltr'><strong>est,</strong></span> <span class='ocrx_word' id='word_1_300' title='bbox 735 979 768 1006; x_wconf 93' lang='lat' dir='ltr'><strong>de</strong></span> <span class='ocrx_word' id='word_1_301' title='bbox 782 987 836 1014; x_wconf 90' lang='lat' dir='ltr'><strong>quo</strong></span> <span class='ocrx_word' id='word_1_302' title='bbox 849 983 876 1006; x_wconf 88' lang='lat' dir='ltr'><strong>et</strong></span> <span class='ocrx_word' id='word_1_303' title='bbox 889 980 958 1008; x_wconf 89' lang='lat' dir='ltr'><strong>alias</strong></span> <span class='ocrx_word' id='word_1_304' title='bbox 984 981 1053 1008; x_wconf 87' lang='lat' dir='ltr'><strong>scri-</strong></span> 
     </span>
    </p>
   </div>
   <div class='ocr_carea' id='block_1_37' title="bbox 262 1023 1051 1058">
    <p class='ocr_par' dir='ltr' id='par_1_37' title="bbox 262 1023 1051 1058">
     <span class='ocr_line' id='line_1_37' title="bbox 262 1023 1051 1058; baseline 0.006 -9"><span class='ocrx_word' id='word_1_305' title='bbox 262 1027 338 1058; x_wconf 87' lang='lat' dir='ltr'><strong>ptum</strong></span> <span class='ocrx_word' id='word_1_306' title='bbox 355 1027 397 1052; x_wconf 89' lang='lat' dir='ltr'><strong>est</strong></span> <span class='ocrx_word' id='word_1_307' title='bbox 412 1033 419 1052; x_wconf 89' lang='lat'>:</span> <span class='ocrx_word' id='word_1_308' title='bbox 437 1033 446 1049; x_wconf 85' lang='grc' dir='ltr'>ι</span> <span class='ocrx_word' id='word_1_309' title='bbox 461 1023 535 1051; x_wconf 83' lang='lat' dir='ltr'><strong>Misit</strong></span> <span class='ocrx_word' id='word_1_310' title='bbox 550 1023 668 1051; x_wconf 83' lang='lat' dir='ltr'><strong>Verbum</strong></span> <span class='ocrx_word' id='word_1_311' title='bbox 684 1024 746 1057; x_wconf 85' lang='lat' dir='ltr'><strong>ejus</strong></span> <span class='ocrx_word' id='word_1_312' title='bbox 771 1029 799 1052; x_wconf 90' lang='lat' dir='ltr'><strong>et</strong></span> <span class='ocrx_word' id='word_1_313' title='bbox 822 1027 928 1054; x_wconf 80' lang='lat' dir='ltr'><strong>curavit</strong></span> <span class='ocrx_word' id='word_1_314' title='bbox 951 1034 999 1054; x_wconf 88' lang='lat' dir='ltr'><strong>eos</strong></span> <span class='ocrx_word' id='word_1_315' title='bbox 1011 1027 1024 1054; x_wconf 85' lang='lat'><strong>?</strong></span> <span class='ocrx_word' id='word_1_316' title='bbox 1041 1037 1051 1053; x_wconf 70' lang='grc' dir='ltr'>ι</span> 
     </span>
    </p>
   </div>
   <div class='ocr_carea' id='block_1_38' title="bbox 262 1069 1054 1106">
    <p class='ocr_par' dir='ltr' id='par_1_38' title="bbox 262 1069 1054 1106">
     <span class='ocr_line' id='line_1_38' title="bbox 262 1069 1054 1106; baseline 0.006 -10"><span class='ocrx_word' id='word_1_317' title='bbox 262 1070 322 1104; x_wconf 86' lang='lat' dir='ltr'><strong>ipse</strong></span> <span class='ocrx_word' id='word_1_318' title='bbox 336 1069 409 1097; x_wconf 91' lang='lat' dir='ltr'><strong>enim</strong></span> <span class='ocrx_word' id='word_1_319' title='bbox 424 1073 465 1097; x_wconf 86' lang='lat' dir='ltr'><strong>est</strong></span> <span class='ocrx_word' id='word_1_320' title='bbox 484 1080 493 1096; x_wconf 73' lang='grc' dir='ltr'>ι</span> <span class='ocrx_word' id='word_1_321' title='bbox 512 1078 560 1106; x_wconf 90' lang='lat' dir='ltr'><strong>per</strong></span> <span class='ocrx_word' id='word_1_322' title='bbox 571 1078 652 1106; x_wconf 88' lang='lat' dir='ltr'><strong>quem</strong></span> <span class='ocrx_word' id='word_1_323' title='bbox 668 1071 760 1098; x_wconf 88' lang='lat' dir='ltr'><strong>omnia</strong></span> <span class='ocrx_word' id='word_1_324' title='bbox 775 1071 845 1098; x_wconf 87' lang='lat' dir='ltr'><strong>facta</strong></span> <span class='ocrx_word' id='word_1_325' title='bbox 863 1076 938 1104; x_wconf 90' lang='lat' dir='ltr'><strong>sunt,</strong></span> <span class='ocrx_word' id='word_1_326' title='bbox 959 1073 986 1100; x_wconf 92' lang='lat' dir='ltr'><strong>in</strong></span> <span class='ocrx_word' id='word_1_327' title='bbox 1000 1081 1054 1102; x_wconf 73' lang='lat' dir='ltr'><strong>ca:-</strong></span> 
     </span>
    </p>
   </div>
   <div class='ocr_carea' id='block_1_39' title="bbox 261 1116 1054 1152">
    <p class='ocr_par' dir='ltr' id='par_1_39' title="bbox 261 1116 1054 1152">
     <span class='ocr_line' id='line_1_39' title="bbox 261 1116 1054 1152; baseline 0.005 -10"><span class='ocrx_word' id='word_1_328' title='bbox 261 1116 377 1144; x_wconf 86' lang='lat' dir='ltr'><strong>lestibus</strong></span> <span class='ocrx_word' id='word_1_329' title='bbox 392 1120 418 1143; x_wconf 89' lang='lat' dir='ltr'><strong>et</strong></span> <span class='ocrx_word' id='word_1_330' title='bbox 432 1116 460 1143; x_wconf 88' lang='lat' dir='ltr'><strong>in</strong></span> <span class='ocrx_word' id='word_1_331' title='bbox 475 1117 664 1149; x_wconf 84' lang='lat' dir='ltr'><strong>terrestribus,</strong></span> <span class='ocrx_word' id='word_1_332' title='bbox 679 1117 736 1144; x_wconf 87' lang='lat' dir='ltr'><strong>sive</strong></span> <span class='ocrx_word' id='word_1_333' title='bbox 750 1117 868 1145; x_wconf 84' lang='lat' dir='ltr'><strong>visibilia</strong></span> <span class='ocrx_word' id='word_1_334' title='bbox 883 1139 892 1152; x_wconf 89' lang='lat'><strong>,</strong></span> <span class='ocrx_word' id='word_1_335' title='bbox 912 1119 970 1146; x_wconf 84' lang='lat' dir='ltr'><strong>sive</strong></span> <span class='ocrx_word' id='word_1_336' title='bbox 985 1119 1054 1146; x_wconf 91' lang='lat' dir='ltr'><strong>invi-</strong></span> 
     </span>
    </p>
   </div>
   <div class='ocr_carea' id='block_1_40' title="bbox 262 1162 1054 1199">
    <p class='ocr_par' dir='ltr' id='par_1_40' title="bbox 262 1162 1054 1199">
     <span class='ocr_line' id='line_1_40' title="bbox 262 1162 1054 1199; baseline 0.008 -11"><span class='ocrx_word' id='word_1_337' title='bbox 262 1162 370 1195; x_wconf 85' lang='lat' dir='ltr'><strong>sibilia;</strong></span> <span class='ocrx_word' id='word_1_338' title='bbox 391 1171 400 1188; x_wconf 77' lang='grc' dir='ltr'>ι</span> <span class='ocrx_word' id='word_1_339' title='bbox 417 1170 498 1197; x_wconf 88' lang='lat' dir='ltr'><strong>quem</strong></span> <span class='ocrx_word' id='word_1_340' title='bbox 518 1167 544 1190; x_wconf 90' lang='lat' dir='ltr'><strong>et</strong></span> <span class='ocrx_word' id='word_1_341' title='bbox 565 1163 640 1191; x_wconf 89' lang='lat' dir='ltr'><strong>misit</strong></span> <span class='ocrx_word' id='word_1_342' title='bbox 655 1163 787 1192; x_wconf 88' lang='lat' dir='ltr'><strong>Dominus</strong></span> <span class='ocrx_word' id='word_1_343' title='bbox 802 1164 873 1192; x_wconf 89' lang='lat' dir='ltr'><strong>Deus</strong></span> <span class='ocrx_word' id='word_1_344' title='bbox 897 1165 979 1193; x_wconf 87' lang='lat' dir='ltr'><strong>Pater</strong></span> <span class='ocrx_word' id='word_1_345' title='bbox 992 1188 999 1199; x_wconf 91' lang='lat'><strong>,</strong></span> <span class='ocrx_word' id='word_1_346' title='bbox 1026 1171 1054 1194; x_wconf 87' lang='lat' dir='ltr'><strong>et</strong></span> 
     </span>
    </p>
   </div>
   <div class='ocr_carea' id='block_1_41' title="bbox 261 1207 1053 1247">
    <p class='ocr_par' dir='ltr' id='par_1_41' title="bbox 261 1207 1053 1247">
     <span class='ocr_line' id='line_1_41' title="bbox 261 1207 1053 1247; baseline 0.006 -13"><span class='ocrx_word' id='word_1_347' title='bbox 261 1215 324 1235; x_wconf 69' lang='lat' dir='ltr'><strong>cum</strong></span> <span class='ocrx_word' id='word_1_348' title='bbox 341 1215 373 1236; x_wconf 92' lang='lat' dir='ltr'><strong>eo</strong></span> <span class='ocrx_word' id='word_1_349' title='bbox 389 1207 521 1243; x_wconf 85' lang='lat' dir='ltr'><strong>Spiritum</strong></span> <span class='ocrx_word' id='word_1_350' title='bbox 547 1213 683 1242; x_wconf 89' lang='lat' dir='ltr'><strong>sanctum,</strong></span> <span class='ocrx_word' id='word_1_351' title='bbox 701 1209 735 1236; x_wconf 87' lang='lat' dir='ltr'><strong>ad</strong></span> <span class='ocrx_word' id='word_1_352' title='bbox 748 1210 932 1238; x_wconf 67' lang='lat' dir='ltr'><strong>mdilicandam</strong></span> <span class='ocrx_word' id='word_1_353' title='bbox 946 1212 1053 1247; x_wconf 77' lang='lat' dir='ltr'><strong>generis</strong></span> 
     </span>
    </p>
   </div>
   <div class='ocr_carea' id='block_1_42' title="bbox 261 1252 1054 1293">
    <p class='ocr_par' dir='ltr' id='par_1_42' title="bbox 261 1252 1054 1293">
     <span class='ocr_line' id='line_1_42' title="bbox 261 1252 1054 1293; baseline 0.006 -13"><span class='ocrx_word' id='word_1_354' title='bbox 261 1252 402 1281; x_wconf 84' lang='lat' dir='ltr'><strong>hominum</strong></span> <span class='ocrx_word' id='word_1_355' title='bbox 413 1255 546 1282; x_wconf 83' lang='lat' dir='ltr'><strong>salutem?</strong></span> <span class='ocrx_word' id='word_1_356' title='bbox 557 1255 646 1290; x_wconf 81' lang='lat' dir='ltr'><strong>Atque</strong></span> <span class='ocrx_word' id='word_1_357' title='bbox 657 1256 716 1283; x_wconf 56' lang='lat' dir='ltr'><strong>hac</strong></span> <span class='ocrx_word' id='word_1_358' title='bbox 728 1255 830 1284; x_wconf 68' lang='lat' dir='ltr'><strong>Judaeis</strong></span> <span class='ocrx_word' id='word_1_359' title='bbox 846 1263 908 1293; x_wconf 85' lang='lat' dir='ltr'><strong>apte</strong></span> <span class='ocrx_word' id='word_1_360' title='bbox 922 1257 976 1285; x_wconf 87' lang='lat' dir='ltr'><strong>dici</strong></span> <span class='ocrx_word' id='word_1_361' title='bbox 994 1266 1054 1293; x_wconf 89' lang='lat' dir='ltr'><strong>pos-</strong></span> 
     </span>
    </p>
   </div>
   <div class='ocr_carea' id='block_1_43' title="bbox 262 1301 1053 1340">
    <p class='ocr_par' dir='ltr' id='par_1_43' title="bbox 262 1301 1053 1340">
     <span class='ocr_line' id='line_1_43' title="bbox 262 1301 1053 1340; baseline 0.006 -13"><span class='ocrx_word' id='word_1_362' title='bbox 262 1305 334 1333; x_wconf 83' lang='lat' dir='ltr'><strong>sent,</strong></span> <span class='ocrx_word' id='word_1_363' title='bbox 351 1309 412 1328; x_wconf 85' lang='lat' dir='ltr'><strong>cum</strong></span> <span class='ocrx_word' id='word_1_364' title='bbox 428 1301 544 1329; x_wconf 85' lang='lat' dir='ltr'><strong>doceant</strong></span> <span class='ocrx_word' id='word_1_365' title='bbox 561 1302 643 1330; x_wconf 87' lang='lat' dir='ltr'><strong>alium</strong></span> <span class='ocrx_word' id='word_1_366' title='bbox 659 1310 721 1330; x_wconf 86' lang='lat' dir='ltr'><strong>esse</strong></span> <span class='ocrx_word' id='word_1_367' title='bbox 736 1303 881 1331; x_wconf 89' lang='lat' dir='ltr'><strong>Dominum</strong></span> <span class='ocrx_word' id='word_1_368' title='bbox 899 1305 945 1340; x_wconf 89' lang='lat' dir='ltr'><strong>qui</strong></span> <span class='ocrx_word' id='word_1_369' title='bbox 962 1305 1053 1332; x_wconf 87' lang='lat' dir='ltr'><strong>omnia</strong></span> 
     </span>
    </p>
   </div>
   <div class='ocr_carea' id='block_1_44' title="bbox 262 1346 1054 1383">
    <p class='ocr_par' dir='ltr' id='par_1_44' title="bbox 262 1346 1054 1383">
     <span class='ocr_line' id='line_1_44' title="bbox 262 1346 1054 1383; baseline 0.005 -10"><span class='ocrx_word' id='word_1_370' title='bbox 262 1346 366 1373; x_wconf 82' lang='lat' dir='ltr'><strong>creavit</strong></span> <span class='ocrx_word' id='word_1_371' title='bbox 381 1351 479 1382; x_wconf 76' lang='lat' dir='ltr'><strong>praeter</strong></span> <span class='ocrx_word' id='word_1_372' title='bbox 488 1347 611 1375; x_wconf 89' lang='lat' dir='ltr'><strong>omnium</strong></span> <span class='ocrx_word' id='word_1_373' title='bbox 622 1347 718 1380; x_wconf 91' lang='lat' dir='ltr'><strong>Deum,</strong></span> <span class='ocrx_word' id='word_1_374' title='bbox 730 1356 744 1376; x_wconf 88' lang='lat' dir='ltr'><strong>a</strong></span> <span class='ocrx_word' id='word_1_375' title='bbox 753 1356 808 1383; x_wconf 90' lang='lat' dir='ltr'><strong>quo</strong></span> <span class='ocrx_word' id='word_1_376' title='bbox 821 1357 850 1376; x_wconf 88' lang='lat' dir='ltr'><strong>se</strong></span> <span class='ocrx_word' id='word_1_377' title='bbox 863 1350 977 1377; x_wconf 82' lang='lat' dir='ltr'><strong>missum</strong></span> <span class='ocrx_word' id='word_1_378' title='bbox 989 1359 1054 1377; x_wconf 86' lang='lat' dir='ltr'><strong>con-</strong></span> 
     </span>
    </p>
   </div>
   <div class='ocr_carea' id='block_1_45' title="bbox 262 1391 1050 1425">
    <p class='ocr_par' dir='ltr' id='par_1_45' title="bbox 262 1391 1050 1425">
     <span class='ocr_line' id='line_1_45' title="bbox 262 1391 1050 1425; baseline 0.005 -7"><span class='ocrx_word' id='word_1_379' title='bbox 262 1391 365 1425; x_wconf 81' lang='lat' dir='ltr'><strong>ﬁtetur,</strong></span> <span class='ocrx_word' id='word_1_380' title='bbox 381 1392 494 1420; x_wconf 88' lang='lat' dir='ltr'><strong>dicens:</strong></span> <span class='ocrx_word' id='word_1_381' title='bbox 516 1402 526 1418; x_wconf 86' lang='grc'><strong>‹</strong></span> <span class='ocrx_word' id='word_1_382' title='bbox 552 1393 583 1420; x_wconf 87' lang='lat' dir='ltr'><strong>Et</strong></span> <span class='ocrx_word' id='word_1_383' title='bbox 616 1401 690 1420; x_wconf 90' lang='lat' dir='ltr'><strong>nunc</strong></span> <span class='ocrx_word' id='word_1_384' title='bbox 711 1393 843 1422; x_wconf 90' lang='lat' dir='ltr'><strong>Dominus</strong></span> <span class='ocrx_word' id='word_1_385' title='bbox 871 1395 946 1422; x_wconf 89' lang='lat' dir='ltr'><strong>misit</strong></span> <span class='ocrx_word' id='word_1_386' title='bbox 968 1403 1020 1422; x_wconf 91' lang='lat' dir='ltr'><strong>me.</strong></span> <span class='ocrx_word' id='word_1_387' title='bbox 1041 1405 1050 1421; x_wconf 80' lang='grc' dir='ltr'>ι</span> 
     </span>
    </p>
   </div>
   <div class='ocr_carea' id='block_1_46' title="bbox 261 1436 1054 1473">
    <p class='ocr_par' dir='ltr' id='par_1_46' title="bbox 261 1436 1054 1473">
     <span class='ocr_line' id='line_1_46' title="bbox 261 1436 1054 1473; baseline 0.006 -10"><span class='ocrx_word' id='word_1_388' title='bbox 261 1436 323 1471; x_wconf 88' lang='lat' dir='ltr'><strong>Ipse</strong></span> <span class='ocrx_word' id='word_1_389' title='bbox 336 1437 410 1463; x_wconf 88' lang='lat' dir='ltr'><strong>enim</strong></span> <span class='ocrx_word' id='word_1_390' title='bbox 429 1441 503 1465; x_wconf 90' lang='lat' dir='ltr'><strong>esset</strong></span> <span class='ocrx_word' id='word_1_391' title='bbox 518 1439 562 1464; x_wconf 91' lang='lat' dir='ltr'><strong>cui</strong></span> <span class='ocrx_word' id='word_1_392' title='bbox 579 1438 739 1473; x_wconf 76' lang='lat' dir='ltr'><strong>przecipiens</strong></span> <span class='ocrx_word' id='word_1_393' title='bbox 762 1439 789 1465; x_wconf 94' lang='lat' dir='ltr'><strong>in</strong></span> <span class='ocrx_word' id='word_1_394' title='bbox 805 1439 898 1466; x_wconf 90' lang='lat' dir='ltr'><strong>mundi</strong></span> <span class='ocrx_word' id='word_1_395' title='bbox 916 1440 1054 1468; x_wconf 85' lang='lat' dir='ltr'><strong>creatione</strong></span> 
     </span>
    </p>
   </div>
   <div class='ocr_carea' id='block_1_47' title="bbox 262 1482 1049 1520">
    <p class='ocr_par' dir='ltr' id='par_1_47' title="bbox 262 1482 1049 1520">
     <span class='ocr_line' id='line_1_47' title="bbox 262 1482 1049 1520; baseline 0.005 -11"><span class='ocrx_word' id='word_1_396' title='bbox 262 1482 470 1510; x_wconf 71' lang='lat' dir='ltr'><strong>dicitPaterH</strong></span> <span class='ocrx_word' id='word_1_397' title='bbox 489 1483 550 1511; x_wconf 86' lang='lat' dir='ltr'><strong>Fiat</strong></span> <span class='ocrx_word' id='word_1_398' title='bbox 581 1485 638 1517; x_wconf 81' lang='lat' dir='ltr'><strong>lux,</strong></span> <span class='ocrx_word' id='word_1_399' title='bbox 666 1489 693 1512; x_wconf 91' lang='lat' dir='ltr'><strong>et</strong></span> <span class='ocrx_word' id='word_1_400' title='bbox 721 1485 787 1512; x_wconf 80' lang='lat' dir='ltr'><strong>[iant</strong></span> <span class='ocrx_word' id='word_1_401' title='bbox 816 1486 872 1513; x_wconf 75' lang='lat' dir='ltr'><strong>ltzec</strong></span> <span class='ocrx_word' id='word_1_402' title='bbox 900 1489 927 1513; x_wconf 84' lang='lat' dir='ltr'><strong>et</strong></span> <span class='ocrx_word' id='word_1_403' title='bbox 956 1487 1019 1520; x_wconf 88' lang='lat' dir='ltr'><strong>illa;</strong></span> <span class='ocrx_word' id='word_1_404' title='bbox 1040 1497 1049 1513; x_wconf 85' lang='lat' dir='ltr'><strong>I</strong></span> 
     </span>
    </p>
   </div>
   <div class='ocr_carea' id='block_1_48' title="bbox 261 1528 1053 1562">
    <p class='ocr_par' dir='ltr' id='par_1_48' title="bbox 261 1528 1053 1562">
     <span class='ocr_line' id='line_1_48' title="bbox 261 1528 1053 1562; baseline 0.009 -8"><span class='ocrx_word' id='word_1_405' title='bbox 261 1531 344 1562; x_wconf 81' lang='lat' dir='ltr'><strong>atque</strong></span> <span class='ocrx_word' id='word_1_406' title='bbox 361 1528 427 1555; x_wconf 93' lang='lat' dir='ltr'><strong>illud</strong></span> <span class='ocrx_word' id='word_1_407' title='bbox 442 1538 449 1556; x_wconf 89' lang='lat'><strong>:</strong></span> <span class='ocrx_word' id='word_1_408' title='bbox 463 1538 472 1554; x_wconf 84' lang='grc'><strong><em>‹</em></strong></span> <span class='ocrx_word' id='word_1_409' title='bbox 493 1528 636 1558; x_wconf 78' lang='lat' dir='ltr'><strong>Faciamus</strong></span> <span class='ocrx_word' id='word_1_410' title='bbox 652 1530 788 1558; x_wconf 88' lang='lat' dir='ltr'><strong>hominem</strong></span> <span class='ocrx_word' id='word_1_411' title='bbox 800 1531 834 1558; x_wconf 88' lang='lat' dir='ltr'><strong>ad</strong></span> <span class='ocrx_word' id='word_1_412' title='bbox 847 1531 1053 1561; x_wconf 83' lang='lat' dir='ltr'><strong>similitudinem</strong></span> 
     </span>
    </p>
   </div>
   <div class='ocr_carea' id='block_1_49' title="bbox 261 1575 1050 1609">
    <p class='ocr_par' dir='ltr' id='par_1_49' title="bbox 261 1575 1050 1609">
     <span class='ocr_line' id='line_1_49' title="bbox 261 1575 1050 1609; baseline 0.008 -8"><span class='ocrx_word' id='word_1_413' title='bbox 261 1578 395 1602; x_wconf 88' lang='lat' dir='ltr'><strong>nostram.</strong></span> <span class='ocrx_word' id='word_1_414' title='bbox 415 1585 424 1601; x_wconf 77' lang='grc' dir='ltr'>ι</span> <span class='ocrx_word' id='word_1_415' title='bbox 445 1575 536 1609; x_wconf 80' lang='lat' dir='ltr'><strong>Quare</strong></span> <span class='ocrx_word' id='word_1_416' title='bbox 561 1581 588 1603; x_wconf 86' lang='lat' dir='ltr'><strong>et</strong></span> <span class='ocrx_word' id='word_1_417' title='bbox 610 1576 637 1603; x_wconf 96' lang='lat' dir='ltr'><strong>in</strong></span> <span class='ocrx_word' id='word_1_418' title='bbox 664 1576 780 1605; x_wconf 85' lang='lat' dir='ltr'><strong>Psalmis</strong></span> <span class='ocrx_word' id='word_1_419' title='bbox 807 1578 937 1606; x_wconf 76' lang='lat' dir='ltr'><strong>scribitur</strong></span> <span class='ocrx_word' id='word_1_420' title='bbox 961 1579 1027 1607; x_wconf 88' lang='lat' dir='ltr'><strong>illud</strong></span> <span class='ocrx_word' id='word_1_421' title='bbox 1045 1590 1050 1608; x_wconf 95' lang='lat'><strong>:</strong></span> 
     </span>
    </p>
   </div>
   <div class='ocr_carea' id='block_1_50' title="bbox 1106 976 1895 1016">
    <p class='ocr_par' dir='ltr' id='par_1_50' title="bbox 1106 976 1895 1016">
     <span class='ocr_line' id='line_1_50' title="bbox 1106 976 1895 1016; baseline -0.008 -8"><span class='ocrx_word' id='word_1_422' title='bbox 1106 981 1218 1016; x_wconf 80' lang='grc' dir='ltr'><strong>Πνεῦμα</strong></span> <span class='ocrx_word' id='word_1_423' title='bbox 1237 980 1330 1010; x_wconf 80' lang='grc' dir='ltr'>αὐτοῦ,</span> <span class='ocrx_word' id='word_1_424' title='bbox 1352 989 1361 1005; x_wconf 73' lang='grc' dir='ltr'>ι</span> <span class='ocrx_word' id='word_1_425' title='bbox 1378 979 1394 1015; x_wconf 80' lang='grc' dir='ltr'>ἢ</span> <span class='ocrx_word' id='word_1_426' title='bbox 1409 979 1423 1005; x_wconf 79' lang='grc' dir='ltr'>ὁ</span> <span class='ocrx_word' id='word_1_427' title='bbox 1445 978 1515 1014; x_wconf 76' lang='grc' dir='ltr'>ἱερὸς</span> <span class='ocrx_word' id='word_1_428' title='bbox 1530 977 1577 1004; x_wconf 77' lang='grc' dir='ltr'><strong>τοῦ</strong></span> <span class='ocrx_word' id='word_1_429' title='bbox 1593 977 1659 1003; x_wconf 76' lang='grc' dir='ltr'>Θεοῦ</span> <span class='ocrx_word' id='word_1_430' title='bbox 1683 977 1779 1011; x_wconf 79' lang='grc' dir='ltr'>Λόγος,</span> <span class='ocrx_word' id='word_1_431' title='bbox 1793 978 1808 1003; x_wconf 82' lang='grc' dir='ltr'>ὁ</span> <span class='ocrx_word' id='word_1_432' title='bbox 1828 976 1895 1012; x_wconf 75' lang='grc' dir='ltr'>μετὰ</span> 
     </span>
    </p>
   </div>
   <div class='ocr_carea' id='block_1_51' title="bbox 1106 1023 1896 1063">
    <p class='ocr_par' dir='ltr' id='par_1_51' title="bbox 1106 1023 1896 1063">
     <span class='ocr_line' id='line_1_51' title="bbox 1106 1023 1896 1063; baseline -0.008 -9"><span class='ocrx_word' id='word_1_433' title='bbox 1106 1028 1156 1063; x_wconf 84' lang='grc' dir='ltr'>τὴν</span> <span class='ocrx_word' id='word_1_434' title='bbox 1172 1026 1302 1062; x_wconf 80' lang='grc' dir='ltr'>ἀγένητον</span> <span class='ocrx_word' id='word_1_435' title='bbox 1324 1024 1409 1061; x_wconf 83' lang='grc' dir='ltr'>ἀρχὴν</span> <span class='ocrx_word' id='word_1_436' title='bbox 1432 1024 1487 1050; x_wconf 81' lang='grc' dir='ltr'>τῶν</span> <span class='ocrx_word' id='word_1_437' title='bbox 1501 1023 1623 1058; x_wconf 80' lang='grc' dir='ltr'><strong>γενητῶν</strong></span> <span class='ocrx_word' id='word_1_438' title='bbox 1646 1023 1773 1050; x_wconf 81' lang='grc' dir='ltr'>ἁπάντων</span> <span class='ocrx_word' id='word_1_439' title='bbox 1789 1023 1896 1058; x_wconf 79' lang='grc' dir='ltr'>πρῶτος</span> 
     </span>
    </p>
   </div>
   <div class='ocr_carea' id='block_1_52' title="bbox 1107 1068 1894 1108">
    <p class='ocr_par' dir='ltr' id='par_1_52' title="bbox 1107 1068 1894 1108">
     <span class='ocr_line' id='line_1_52' title="bbox 1107 1068 1894 1108; baseline -0.008 -8"><span class='ocrx_word' id='word_1_440' title='bbox 1107 1074 1172 1105; x_wconf 80' lang='grc' dir='ltr'>Θεὸς</span> <span class='ocrx_word' id='word_1_441' title='bbox 1184 1073 1392 1108; x_wconf 75' lang='grc' dir='ltr'>ὀνομαζόμενος,</span> <span class='ocrx_word' id='word_1_442' title='bbox 1404 1071 1468 1106; x_wconf 69' lang='grc' dir='ltr'>περὶ</span> <span class='ocrx_word' id='word_1_443' title='bbox 1480 1068 1511 1098; x_wconf 75' lang='grc' dir='ltr'>οὗ</span> <span class='ocrx_word' id='word_1_444' title='bbox 1524 1071 1569 1098; x_wconf 77' lang='grc' dir='ltr'>καὶ</span> <span class='ocrx_word' id='word_1_445' title='bbox 1580 1070 1710 1105; x_wconf 72' lang='grc' dir='ltr'><strong>ἀλλαχόσε</strong></span> <span class='ocrx_word' id='word_1_446' title='bbox 1724 1070 1894 1104; x_wconf 73' lang='grc' dir='ltr'>γέγραπταν</span> 
     </span>
    </p>
   </div>
   <div class='ocr_carea' id='block_1_53' title="bbox 1110 1115 1894 1152">
    <p class='ocr_par' dir='ltr' id='par_1_53' title="bbox 1110 1115 1894 1152">
     <span class='ocr_line' id='line_1_53' title="bbox 1110 1115 1894 1152; baseline -0.009 -5"><span class='ocrx_word' id='word_1_447' title='bbox 1110 1131 1119 1147; x_wconf 75' lang='grc' dir='ltr'>ι</span> <span class='ocrx_word' id='word_1_448' title='bbox 1144 1119 1299 1147; x_wconf 76' lang='grc' dir='ltr'>Ἀπέστειλε</span> <span class='ocrx_word' id='word_1_449' title='bbox 1313 1119 1358 1145; x_wconf 82' lang='grc' dir='ltr'>τὸν</span> <span class='ocrx_word' id='word_1_450' title='bbox 1373 1118 1459 1152; x_wconf 86' lang='grc' dir='ltr'>Λόγον</span> <span class='ocrx_word' id='word_1_451' title='bbox 1476 1116 1558 1144; x_wconf 61' lang='grc' dir='ltr'>αὑτοῦ</span> <span class='ocrx_word' id='word_1_452' title='bbox 1573 1116 1620 1144; x_wconf 72' lang='grc' dir='ltr'><strong>καὶ</strong></span> <span class='ocrx_word' id='word_1_453' title='bbox 1636 1117 1730 1143; x_wconf 76' lang='grc' dir='ltr'>ἰάσατο</span> <span class='ocrx_word' id='word_1_454' title='bbox 1747 1115 1866 1147; x_wconf 50' lang='grc' dir='ltr'>αὐτούς</span> <span class='ocrx_word' id='word_1_455' title='bbox 1885 1124 1894 1140; x_wconf 78' lang='grc' dir='ltr'>ι</span> 
     </span>
    </p>
   </div>
   <div class='ocr_carea' id='block_1_54' title="bbox 1107 1160 1896 1202">
    <p class='ocr_par' dir='ltr' id='par_1_54' title="bbox 1107 1160 1896 1202">
     <span class='ocr_line' id='line_1_54' title="bbox 1107 1160 1896 1202; baseline -0.01 -7"><span class='ocrx_word' id='word_1_456' title='bbox 1107 1167 1192 1199; x_wconf 63' lang='grc' dir='ltr'>Αὐτὸς</span> <span class='ocrx_word' id='word_1_457' title='bbox 1204 1167 1258 1202; x_wconf 85' lang='grc' dir='ltr'>γάρ</span> <span class='ocrx_word' id='word_1_458' title='bbox 1275 1166 1348 1192; x_wconf 73' lang='grc' dir='ltr'>ἐστιν</span> <span class='ocrx_word' id='word_1_459' title='bbox 1370 1165 1384 1191; x_wconf 91' lang='lat'><strong>6</strong></span> <span class='ocrx_word' id='word_1_460' title='bbox 1406 1174 1415 1190; x_wconf 84' lang='grc'><strong>(</strong></span> <span class='ocrx_word' id='word_1_461' title='bbox 1432 1164 1465 1191; x_wconf 79' lang='grc' dir='ltr'><strong>δι’</strong></span> <span class='ocrx_word' id='word_1_462' title='bbox 1481 1160 1511 1190; x_wconf 69' lang='grc' dir='ltr'><strong>οὗ</strong></span> <span class='ocrx_word' id='word_1_463' title='bbox 1524 1164 1558 1190; x_wconf 65' lang='grc' dir='ltr'>τὰ</span> <span class='ocrx_word' id='word_1_464' title='bbox 1573 1163 1661 1190; x_wconf 80' lang='grc' dir='ltr'>πάντα</span> <span class='ocrx_word' id='word_1_465' title='bbox 1676 1162 1794 1197; x_wconf 70' lang='grc' dir='ltr'>ἐγένετο,</span> <span class='ocrx_word' id='word_1_466' title='bbox 1815 1161 1851 1188; x_wconf 81' lang='grc' dir='ltr'>τά</span> <span class='ocrx_word' id='word_1_467' title='bbox 1867 1169 1896 1187; x_wconf 76' lang='grc' dir='ltr'><strong>τε</strong></span> 
     </span>
    </p>
   </div>
   <div class='ocr_carea' id='block_1_55' title="bbox 1107 1206 1897 1247">
    <p class='ocr_par' dir='ltr' id='par_1_55' title="bbox 1107 1206 1897 1247">
     <span class='ocr_line' id='line_1_55' title="bbox 1107 1206 1897 1247; baseline -0.008 -8"><span class='ocrx_word' id='word_1_468' title='bbox 1107 1212 1136 1239; x_wconf 81' lang='grc' dir='ltr'>ὲν</span> <span class='ocrx_word' id='word_1_469' title='bbox 1150 1213 1206 1244; x_wconf 83' lang='grc' dir='ltr'>τοῖς</span> <span class='ocrx_word' id='word_1_470' title='bbox 1224 1212 1347 1247; x_wconf 76' lang='grc' dir='ltr'>οὐρανοῖς</span> <span class='ocrx_word' id='word_1_471' title='bbox 1364 1211 1411 1237; x_wconf 75' lang='grc' dir='ltr'>καὶ</span> <span class='ocrx_word' id='word_1_472' title='bbox 1427 1210 1460 1236; x_wconf 88' lang='grc' dir='ltr'>τὰ</span> <span class='ocrx_word' id='word_1_473' title='bbox 1476 1210 1522 1235; x_wconf 71' lang='grc' dir='ltr'><strong>ἐπὶ</strong></span> <span class='ocrx_word' id='word_1_474' title='bbox 1537 1209 1585 1243; x_wconf 81' lang='grc' dir='ltr'>τῆς</span> <span class='ocrx_word' id='word_1_475' title='bbox 1601 1209 1662 1244; x_wconf 80' lang='grc' dir='ltr'>γῆς,</span> <span class='ocrx_word' id='word_1_476' title='bbox 1677 1208 1730 1234; x_wconf 81' lang='grc' dir='ltr'>εῐτε</span> <span class='ocrx_word' id='word_1_477' title='bbox 1742 1207 1830 1243; x_wconf 78' lang='grc' dir='ltr'>ὁρατὰ</span> <span class='ocrx_word' id='word_1_478' title='bbox 1843 1206 1897 1234; x_wconf 76' lang='grc' dir='ltr'>εἴτε</span> 
     </span>
    </p>
   </div>
   <div class='ocr_carea' id='block_1_56' title="bbox 1107 1253 1897 1294">
    <p class='ocr_par' dir='ltr' id='par_1_56' title="bbox 1107 1253 1897 1294">
     <span class='ocr_line' id='line_1_56' title="bbox 1107 1253 1897 1294; baseline -0.008 -9"><span class='ocrx_word' id='word_1_479' title='bbox 1107 1259 1228 1294; x_wconf 82' lang='grc' dir='ltr'><strong>ἀόρατα·</strong></span> <span class='ocrx_word' id='word_1_480' title='bbox 1249 1267 1258 1283; x_wconf 71' lang='grc' dir='ltr'>ι</span> <span class='ocrx_word' id='word_1_481' title='bbox 1277 1258 1306 1284; x_wconf 82' lang='grc' dir='ltr'>ὃν</span> <span class='ocrx_word' id='word_1_482' title='bbox 1318 1257 1364 1283; x_wconf 75' lang='grc' dir='ltr'>καὶ</span> <span class='ocrx_word' id='word_1_483' title='bbox 1377 1256 1519 1283; x_wconf 82' lang='grc' dir='ltr'>ἀπέστειλε</span> <span class='ocrx_word' id='word_1_484' title='bbox 1536 1255 1636 1291; x_wconf 82' lang='grc' dir='ltr'>Κύριος</span> <span class='ocrx_word' id='word_1_485' title='bbox 1651 1254 1742 1286; x_wconf 78' lang='grc' dir='ltr'>ὁιϐεὺς</span> <span class='ocrx_word' id='word_1_486' title='bbox 1758 1255 1772 1280; x_wconf 81' lang='lat'><strong>6</strong></span> <span class='ocrx_word' id='word_1_487' title='bbox 1791 1253 1897 1289; x_wconf 77' lang='grc' dir='ltr'>Πατὴρ,</span> 
     </span>
    </p>
   </div>
   <div class='ocr_carea' id='block_1_57' title="bbox 1108 1299 1898 1337">
    <p class='ocr_par' dir='ltr' id='par_1_57' title="bbox 1108 1299 1898 1337">
     <span class='ocr_line' id='line_1_57' title="bbox 1108 1299 1898 1337; baseline -0.003 -9"><span class='ocrx_word' id='word_1_488' title='bbox 1108 1302 1156 1328; x_wconf 81' lang='grc' dir='ltr'>σὺν</span> <span class='ocrx_word' id='word_1_489' title='bbox 1173 1301 1248 1337; x_wconf 73' lang='grc' dir='ltr'>αὐτῷ</span> <span class='ocrx_word' id='word_1_490' title='bbox 1260 1301 1288 1328; x_wconf 81' lang='grc' dir='ltr'><strong>δὲ</strong></span> <span class='ocrx_word' id='word_1_491' title='bbox 1303 1301 1349 1327; x_wconf 75' lang='grc' dir='ltr'>καὶ</span> <span class='ocrx_word' id='word_1_492' title='bbox 1366 1301 1396 1327; x_wconf 77' lang='grc' dir='ltr'>τὸ</span> <span class='ocrx_word' id='word_1_493' title='bbox 1406 1300 1482 1334; x_wconf 72' lang='grc' dir='ltr'>ἅγιον</span> <span class='ocrx_word' id='word_1_494' title='bbox 1500 1300 1621 1335; x_wconf 67' lang='grc' dir='ltr'>Πνεῦμα,</span> <span class='ocrx_word' id='word_1_495' title='bbox 1636 1300 1848 1334; x_wconf 76' lang='grc' dir='ltr'>οἰκονομήςοντα</span> <span class='ocrx_word' id='word_1_496' title='bbox 1864 1299 1898 1326; x_wconf 76' lang='grc' dir='ltr'>τὰ</span> 
     </span>
    </p>
   </div>
   <div class='ocr_carea' id='block_1_58' title="bbox 1107 1345 1900 1384">
    <p class='ocr_par' dir='ltr' id='par_1_58' title="bbox 1107 1345 1900 1384">
     <span class='ocr_line' id='line_1_58' title="bbox 1107 1345 1900 1384; baseline -0.004 -10"><span class='ocrx_word' id='word_1_497' title='bbox 1107 1348 1177 1384; x_wconf 77' lang='grc' dir='ltr'>ὑπὲρ</span> <span class='ocrx_word' id='word_1_498' title='bbox 1192 1347 1410 1383; x_wconf 76' lang='grc' dir='ltr'>τῆςάνθρὼπων</span> <span class='ocrx_word' id='word_1_499' title='bbox 1440 1346 1591 1382; x_wconf 83' lang='grc' dir='ltr'>σωτηρίας.</span> <span class='ocrx_word' id='word_1_500' title='bbox 1606 1345 1656 1379; x_wconf 77' lang='grc' dir='ltr'><strong>Εἵη</strong></span> <span class='ocrx_word' id='word_1_501' title='bbox 1679 1346 1700 1372; x_wconf 81' lang='grc' dir='ltr'><strong>δ’</strong></span> <span class='ocrx_word' id='word_1_502' title='bbox 1723 1346 1756 1372; x_wconf 80' lang='grc' dir='ltr'>ἂν</span> <span class='ocrx_word' id='word_1_503' title='bbox 1779 1345 1900 1380; x_wconf 43' lang='lat' dir='ltr'><strong>deprimi</strong></span> 
     </span>
    </p>
   </div>
   <div class='ocr_carea' id='block_1_59' title="bbox 1107 1389 1899 1429">
    <p class='ocr_par' dir='ltr' id='par_1_59' title="bbox 1107 1389 1899 1429">
     <span class='ocr_line' id='line_1_59' title="bbox 1107 1389 1899 1429; baseline -0.004 -9"><span class='ocrx_word' id='word_1_504' title='bbox 1107 1393 1144 1424; x_wconf 89' lang='grc' dir='ltr'>ὡς</span> <span class='ocrx_word' id='word_1_505' title='bbox 1163 1393 1230 1428; x_wconf 72' lang='grc' dir='ltr'>πρὸς</span> <span class='ocrx_word' id='word_1_506' title='bbox 1247 1393 1390 1424; x_wconf 78' lang='grc' dir='ltr'>Ἰουδαίους</span> <span class='ocrx_word' id='word_1_507' title='bbox 1407 1393 1437 1419; x_wconf 82' lang='grc' dir='ltr'>τὸ</span> <span class='ocrx_word' id='word_1_508' title='bbox 1458 1393 1549 1429; x_wconf 68' lang='grc' dir='ltr'>ῥητὸν,</span> <span class='ocrx_word' id='word_1_509' title='bbox 1571 1392 1695 1419; x_wconf 81' lang='grc' dir='ltr'><strong>διδάσκον</strong></span> <span class='ocrx_word' id='word_1_510' title='bbox 1713 1392 1809 1426; x_wconf 78' lang='grc' dir='ltr'>ἓτερον</span> <span class='ocrx_word' id='word_1_511' title='bbox 1829 1389 1899 1418; x_wconf 68' lang='grc' dir='ltr'>εἶναι</span> 
     </span>
    </p>
   </div>
   <div class='ocr_carea' id='block_1_60' title="bbox 1107 1436 1900 1476">
    <p class='ocr_par' dir='ltr' id='par_1_60' title="bbox 1107 1436 1900 1476">
     <span class='ocr_line' id='line_1_60' title="bbox 1107 1436 1900 1476; baseline -0.004 -10"><span class='ocrx_word' id='word_1_512' title='bbox 1107 1439 1208 1476; x_wconf 75' lang='grc' dir='ltr'>Κύριον</span> <span class='ocrx_word' id='word_1_513' title='bbox 1220 1440 1265 1466; x_wconf 77' lang='grc' dir='ltr'>τὸν</span> <span class='ocrx_word' id='word_1_514' title='bbox 1285 1439 1526 1475; x_wconf 80' lang='grc' dir='ltr'>δημιουργήσαντα</span> <span class='ocrx_word' id='word_1_515' title='bbox 1543 1439 1577 1464; x_wconf 77' lang='grc' dir='ltr'><strong>τὰ</strong></span> <span class='ocrx_word' id='word_1_516' title='bbox 1595 1438 1682 1464; x_wconf 81' lang='grc' dir='ltr'>πάντα</span> <span class='ocrx_word' id='word_1_517' title='bbox 1698 1437 1770 1473; x_wconf 83' lang='grc' dir='ltr'><strong>παρᾶ</strong></span> <span class='ocrx_word' id='word_1_518' title='bbox 1783 1438 1830 1463; x_wconf 64' lang='grc' dir='ltr'>τὸν</span> <span class='ocrx_word' id='word_1_519' title='bbox 1843 1436 1900 1463; x_wconf 76' lang='grc' dir='ltr'><strong>τῶν</strong></span> 
     </span>
    </p>
   </div>
   <div class='ocr_carea' id='block_1_61' title="bbox 1107 1482 1898 1520">
    <p class='ocr_par' dir='ltr' id='par_1_61' title="bbox 1107 1482 1898 1520">
     <span class='ocr_line' id='line_1_61' title="bbox 1107 1482 1898 1520; baseline -0.005 -8"><span class='ocrx_word' id='word_1_520' title='bbox 1107 1484 1174 1512; x_wconf 80' lang='grc' dir='ltr'>ὅλων</span> <span class='ocrx_word' id='word_1_521' title='bbox 1201 1486 1276 1517; x_wconf 82' lang='grc' dir='ltr'>Θεὸν,</span> <span class='ocrx_word' id='word_1_522' title='bbox 1302 1487 1347 1520; x_wconf 72' lang='grc' dir='ltr'><strong>ὑφ’</strong></span> <span class='ocrx_word' id='word_1_523' title='bbox 1374 1482 1404 1512; x_wconf 71' lang='grc' dir='ltr'>οὗ</span> <span class='ocrx_word' id='word_1_524' title='bbox 1432 1485 1600 1512; x_wconf 75' lang='grc' dir='ltr'>ἀπεστάλθαι</span> <span class='ocrx_word' id='word_1_525' title='bbox 1632 1483 1767 1519; x_wconf 84' lang='grc' dir='ltr'>ὁμολογεῖ,</span> <span class='ocrx_word' id='word_1_526' title='bbox 1786 1483 1875 1517; x_wconf 82' lang='grc' dir='ltr'>λέγων</span> <span class='ocrx_word' id='word_1_527' title='bbox 1889 1490 1898 1497; x_wconf 89' lang='grc'><strong>·</strong></span> 
     </span>
    </p>
   </div>
   <div class='ocr_carea' id='block_1_62' title="bbox 1110 1529 1898 1567">
    <p class='ocr_par' dir='ltr' id='par_1_62' title="bbox 1110 1529 1898 1567">
     <span class='ocr_line' id='line_1_62' title="bbox 1110 1529 1898 1567; baseline -0.003 -11"><span class='ocrx_word' id='word_1_528' title='bbox 1110 1541 1119 1556; x_wconf 72' lang='grc' dir='ltr'>ι</span> <span class='ocrx_word' id='word_1_529' title='bbox 1145 1532 1200 1558; x_wconf 76' lang='grc' dir='ltr'><strong>Καὶ</strong></span> <span class='ocrx_word' id='word_1_530' title='bbox 1219 1531 1266 1558; x_wconf 77' lang='grc' dir='ltr'><strong>νῦν</strong></span> <span class='ocrx_word' id='word_1_531' title='bbox 1282 1532 1384 1567; x_wconf 82' lang='grc' dir='ltr'>Κύριος</span> <span class='ocrx_word' id='word_1_532' title='bbox 1400 1531 1554 1558; x_wconf 70' lang='grc' dir='ltr'>ἀπέσταλκε</span> <span class='ocrx_word' id='word_1_533' title='bbox 1572 1539 1620 1566; x_wconf 84' lang='grc' dir='ltr'><strong>με·</strong></span> <span class='ocrx_word' id='word_1_534' title='bbox 1642 1540 1652 1556; x_wconf 73' lang='grc' dir='ltr'>ι</span> <span class='ocrx_word' id='word_1_535' title='bbox 1669 1529 1750 1560; x_wconf 77' lang='grc' dir='ltr'>αὐτὸς</span> <span class='ocrx_word' id='word_1_536' title='bbox 1766 1529 1790 1555; x_wconf 75' lang='grc' dir='ltr'><strong>δ’</strong></span> <span class='ocrx_word' id='word_1_537' title='bbox 1806 1529 1839 1555; x_wconf 83' lang='grc' dir='ltr'>ἂν</span> <span class='ocrx_word' id='word_1_538' title='bbox 1856 1529 1898 1564; x_wconf 74' lang='grc' dir='ltr'><strong>εἴη</strong></span> 
     </span>
    </p>
   </div>
   <div class='ocr_carea' id='block_1_63' title="bbox 1108 1573 1898 1613">
    <p class='ocr_par' dir='ltr' id='par_1_63' title="bbox 1108 1573 1898 1613">
     <span class='ocr_line' id='line_1_63' title="bbox 1108 1573 1898 1613; baseline -0.005 -9"><span class='ocrx_word' id='word_1_539' title='bbox 1108 1575 1130 1611; x_wconf 87' lang='grc' dir='ltr'>ᾧ</span> <span class='ocrx_word' id='word_1_540' title='bbox 1147 1578 1324 1613; x_wconf 82' lang='grc' dir='ltr'>προστάττων</span> <span class='ocrx_word' id='word_1_541' title='bbox 1340 1579 1368 1604; x_wconf 79' lang='grc' dir='ltr'>ὲν</span> <span class='ocrx_word' id='word_1_542' title='bbox 1389 1579 1422 1613; x_wconf 80' lang='grc' dir='ltr'>τῇ</span> <span class='ocrx_word' id='word_1_543' title='bbox 1437 1577 1601 1613; x_wconf 73' lang='grc' dir='ltr'>κοσμοποιιᾳ</span> <span class='ocrx_word' id='word_1_544' title='bbox 1615 1576 1696 1611; x_wconf 78' lang='grc' dir='ltr'>φησὶν</span> <span class='ocrx_word' id='word_1_545' title='bbox 1710 1576 1724 1602; x_wconf 94' lang='lat'><strong>6</strong></span> <span class='ocrx_word' id='word_1_546' title='bbox 1740 1574 1837 1610; x_wconf 83' lang='grc' dir='ltr'>Πατὴρ</span> <span class='ocrx_word' id='word_1_547' title='bbox 1857 1573 1898 1606; x_wconf 71' lang='grc' dir='ltr'><strong>τὸ,</strong></span> 
     </span>
    </p>
   </div>
   <div class='ocr_carea' id='block_1_64' title="bbox 264 1620 1050 1660">
    <p class='ocr_par' dir='ltr' id='par_1_64' title="bbox 264 1620 1050 1660">
     <span class='ocr_line' id='line_1_64' title="bbox 264 1620 1050 1660; baseline 0.008 -13"><span class='ocrx_word' id='word_1_548' title='bbox 264 1630 274 1646; x_wconf 69' lang='grc' dir='ltr'><em>ς</em></span> <span class='ocrx_word' id='word_1_549' title='bbox 294 1620 353 1656; x_wconf 86' lang='lat' dir='ltr'><strong>Ipse</strong></span> <span class='ocrx_word' id='word_1_550' title='bbox 366 1621 444 1654; x_wconf 82' lang='lat' dir='ltr'><strong>dixit,</strong></span> <span class='ocrx_word' id='word_1_551' title='bbox 460 1627 487 1651; x_wconf 90' lang='lat' dir='ltr'><strong>et</strong></span> <span class='ocrx_word' id='word_1_552' title='bbox 502 1623 572 1651; x_wconf 84' lang='lat' dir='ltr'><strong>facta</strong></span> <span class='ocrx_word' id='word_1_553' title='bbox 587 1628 661 1656; x_wconf 87' lang='lat' dir='ltr'><strong>sunt,</strong></span> <span class='ocrx_word' id='word_1_554' title='bbox 689 1624 748 1660; x_wconf 87' lang='lat' dir='ltr'><strong>ipse</strong></span> <span class='ocrx_word' id='word_1_555' title='bbox 767 1625 906 1653; x_wconf 84' lang='lat' dir='ltr'><strong>mandavit</strong></span> <span class='ocrx_word' id='word_1_556' title='bbox 919 1630 945 1653; x_wconf 94' lang='lat' dir='ltr'><strong>et</strong></span> <span class='ocrx_word' id='word_1_557' title='bbox 960 1631 1050 1654; x_wconf 87' lang='lat' dir='ltr'><strong>creata</strong></span> 
     </span>
    </p>
   </div>
   <div class='ocr_carea' id='block_1_65' title="bbox 1104 1620 1899 1660">
    <p class='ocr_par' dir='ltr' id='par_1_65' title="bbox 1105 1620 1899 1660">
     <span class='ocr_line' id='line_1_65' title="bbox 1105 1620 1899 1660; baseline -0.004 -11"><span class='ocrx_word' id='word_1_558' title='bbox 1105 1632 1117 1649; x_wconf 69' lang='lat'><strong>1</strong></span> <span class='ocrx_word' id='word_1_559' title='bbox 1136 1624 1280 1660; x_wconf 77' lang='grc' dir='ltr'><strong>Γενηθήτω</strong></span> <span class='ocrx_word' id='word_1_560' title='bbox 1292 1623 1360 1658; x_wconf 83' lang='grc' dir='ltr'>φῶς,</span> <span class='ocrx_word' id='word_1_561' title='bbox 1374 1624 1421 1650; x_wconf 77' lang='grc' dir='ltr'>καὶ</span> <span class='ocrx_word' id='word_1_562' title='bbox 1436 1622 1577 1658; x_wconf 79' lang='grc' dir='ltr'><strong>γενηθήτω</strong></span> <span class='ocrx_word' id='word_1_563' title='bbox 1590 1622 1652 1648; x_wconf 84' lang='grc' dir='ltr'>τάδε</span> <span class='ocrx_word' id='word_1_564' title='bbox 1668 1621 1715 1648; x_wconf 73' lang='grc' dir='ltr'>καὶ</span> <span class='ocrx_word' id='word_1_565' title='bbox 1727 1621 1790 1647; x_wconf 71' lang='grc' dir='ltr'>τάδε</span> <span class='ocrx_word' id='word_1_566' title='bbox 1800 1629 1807 1635; x_wconf 68' lang='grc'><strong><em>⁸</em></strong></span> <span class='ocrx_word' id='word_1_567' title='bbox 1826 1629 1836 1646; x_wconf 71' lang='grc' dir='ltr'>ι</span> <span class='ocrx_word' id='word_1_568' title='bbox 1851 1620 1899 1646; x_wconf 67' lang='grc' dir='ltr'>καὶ</span> 
     </span>
    </p>
   </div>
   <div class='ocr_carea' id='block_1_66' title="bbox 261 1669 1052 1707">
    <p class='ocr_par' dir='ltr' id='par_1_66' title="bbox 261 1669 1052 1707">
     <span class='ocr_line' id='line_1_66' title="bbox 261 1669 1052 1707; baseline 0.006 -13"><span class='ocrx_word' id='word_1_569' title='bbox 261 1673 336 1695; x_wconf 82' lang='lat' dir='ltr'><strong>sunt.</strong></span> <span class='ocrx_word' id='word_1_570' title='bbox 355 1678 364 1694; x_wconf 80' lang='grc' dir='ltr'>ι</span> <span class='ocrx_word' id='word_1_571' title='bbox 385 1669 485 1704; x_wconf 81' lang='lat' dir='ltr'><strong>Aperte</strong></span> <span class='ocrx_word' id='word_1_572' title='bbox 501 1671 573 1698; x_wconf 89' lang='lat' dir='ltr'><strong>enim</strong></span> <span class='ocrx_word' id='word_1_573' title='bbox 599 1676 707 1699; x_wconf 80' lang='lat' dir='ltr'><strong>constat</strong></span> <span class='ocrx_word' id='word_1_574' title='bbox 730 1672 802 1707; x_wconf 90' lang='lat' dir='ltr'><strong>quod</strong></span> <span class='ocrx_word' id='word_1_575' title='bbox 827 1672 987 1707; x_wconf 71' lang='lat' dir='ltr'><strong>prmcipiens</strong></span> <span class='ocrx_word' id='word_1_576' title='bbox 1003 1673 1052 1699; x_wconf 89' lang='lat' dir='ltr'><strong>ali-</strong></span> 
     </span>
    </p>
   </div>
   <div class='ocr_carea' id='block_1_67' title="bbox 261 1714 1052 1752">
    <p class='ocr_par' dir='ltr' id='par_1_67' title="bbox 261 1714 1052 1752">
     <span class='ocr_line' id='line_1_67' title="bbox 261 1714 1052 1752; baseline 0.004 -11"><span class='ocrx_word' id='word_1_577' title='bbox 261 1714 327 1748; x_wconf 86' lang='lat' dir='ltr'><strong>quid</strong></span> <span class='ocrx_word' id='word_1_578' title='bbox 343 1718 370 1742; x_wconf 88' lang='lat' dir='ltr'><strong>et</strong></span> <span class='ocrx_word' id='word_1_579' title='bbox 387 1715 501 1750; x_wconf 89' lang='lat' dir='ltr'><strong>loquens</strong></span> <span class='ocrx_word' id='word_1_580' title='bbox 515 1716 561 1743; x_wconf 85' lang='lat' dir='ltr'><strong>alii</strong></span> <span class='ocrx_word' id='word_1_581' title='bbox 580 1724 611 1743; x_wconf 85' lang='lat' dir='ltr'><strong>ac</strong></span> <span class='ocrx_word' id='word_1_582' title='bbox 634 1716 797 1752; x_wconf 87' lang='lat' dir='ltr'><strong>sibimetipsi</strong></span> <span class='ocrx_word' id='word_1_583' title='bbox 819 1717 942 1752; x_wconf 82' lang='lat' dir='ltr'><strong>praecipit</strong></span> <span class='ocrx_word' id='word_1_584' title='bbox 956 1721 983 1745; x_wconf 88' lang='lat' dir='ltr'><strong>et</strong></span> <span class='ocrx_word' id='word_1_585' title='bbox 999 1718 1052 1744; x_wconf 92' lang='lat' dir='ltr'><strong>im-</strong></span> 
     </span>
    </p>
   </div>
   <div class='ocr_carea' id='block_1_68' title="bbox 260 1760 1052 1799">
    <p class='ocr_par' dir='ltr' id='par_1_68' title="bbox 260 1760 1052 1799">
     <span class='ocr_line' id='line_1_68' title="bbox 260 1760 1052 1799; baseline 0.008 -13"><span class='ocrx_word' id='word_1_586' title='bbox 260 1764 348 1794; x_wconf 86' lang='lat' dir='ltr'><strong>perat.</strong></span> <span class='ocrx_word' id='word_1_587' title='bbox 368 1760 480 1796; x_wconf 78' lang='lat' dir='ltr'><strong>Singula</strong></span> <span class='ocrx_word' id='word_1_588' title='bbox 504 1770 569 1790; x_wconf 88' lang='lat' dir='ltr'><strong>vero</strong></span> <span class='ocrx_word' id='word_1_589' title='bbox 597 1763 712 1798; x_wconf 85' lang='lat' dir='ltr'><strong>hujusce</strong></span> <span class='ocrx_word' id='word_1_590' title='bbox 732 1763 783 1790; x_wconf 87' lang='lat' dir='ltr'><strong>loci</strong></span> <span class='ocrx_word' id='word_1_591' title='bbox 810 1764 894 1791; x_wconf 83' lang='lat' dir='ltr'><strong>verba</strong></span> <span class='ocrx_word' id='word_1_592' title='bbox 915 1764 1052 1799; x_wconf 86' lang='lat' dir='ltr'><strong>inquirere</strong></span> 
     </span>
    </p>
   </div>
   <div class='ocr_carea' id='block_1_69' title="bbox 261 1808 645 1843">
    <p class='ocr_par' dir='ltr' id='par_1_69' title="bbox 261 1808 645 1843">
     <span class='ocr_line' id='line_1_69' title="bbox 261 1808 645 1843; baseline 0.01 -11"><span class='ocrx_word' id='word_1_593' title='bbox 261 1814 316 1833; x_wconf 89' lang='lat' dir='ltr'><strong>non</strong></span> <span class='ocrx_word' id='word_1_594' title='bbox 332 1808 475 1842; x_wconf 57' lang='lat' dir='ltr'><strong>prasentis</strong></span> <span class='ocrx_word' id='word_1_595' title='bbox 492 1813 534 1836; x_wconf 89' lang='lat' dir='ltr'><strong>est</strong></span> <span class='ocrx_word' id='word_1_596' title='bbox 544 1809 645 1843; x_wconf 86' lang='lat' dir='ltr'><strong>operis.</strong></span> 
     </span>
    </p>
   </div>
   <div class='ocr_carea' id='block_1_70' title="bbox 1105 1666 1898 1705">
    <p class='ocr_par' dir='ltr' id='par_1_70' title="bbox 1105 1666 1898 1705">
     <span class='ocr_line' id='line_1_70' title="bbox 1105 1666 1898 1705; baseline -0.006 -9"><span class='ocrx_word' id='word_1_597' title='bbox 1105 1669 1144 1701; x_wconf 72' lang='grc' dir='ltr'><strong>τὸ,</strong></span> <span class='ocrx_word' id='word_1_598' title='bbox 1170 1679 1180 1695; x_wconf 76' lang='grc' dir='ltr'>ι</span> <span class='ocrx_word' id='word_1_599' title='bbox 1195 1669 1356 1705; x_wconf 86' lang='grc' dir='ltr'><strong>Ποιήσωμεν</strong></span> <span class='ocrx_word' id='word_1_600' title='bbox 1376 1669 1518 1705; x_wconf 79' lang='grc' dir='ltr'>ἄνθρωπον</span> <span class='ocrx_word' id='word_1_601' title='bbox 1532 1669 1592 1695; x_wconf 84' lang='grc' dir='ltr'>κατ’</span> <span class='ocrx_word' id='word_1_602' title='bbox 1606 1667 1698 1694; x_wconf 76' lang='grc' dir='ltr'>εἰκόνα</span> <span class='ocrx_word' id='word_1_603' title='bbox 1712 1666 1852 1702; x_wconf 78' lang='grc' dir='ltr'>ἡμετέραν</span> <span class='ocrx_word' id='word_1_604' title='bbox 1863 1674 1870 1680; x_wconf 82' lang='grc'><em>’</em></span> <span class='ocrx_word' id='word_1_605' title='bbox 1887 1674 1898 1691; x_wconf 71' lang='grc' dir='ltr'>ι</span> 
     </span>
    </p>
   </div>
   <div class='ocr_carea' id='block_1_71' title="bbox 1104 1710 1899 1752">
    <p class='ocr_par' dir='ltr' id='par_1_71' title="bbox 1104 1710 1899 1752">
     <span class='ocr_line' id='line_1_71' title="bbox 1104 1710 1899 1752; baseline -0.01 -8"><span class='ocrx_word' id='word_1_606' title='bbox 1104 1716 1247 1752; x_wconf 56' lang='lat' dir='ltr'><strong>munitm)</strong></span> <span class='ocrx_word' id='word_1_607' title='bbox 1273 1716 1327 1752; x_wconf 82' lang='grc' dir='ltr'><strong>γὰρ</strong></span> <span class='ocrx_word' id='word_1_608' title='bbox 1354 1717 1401 1742; x_wconf 81' lang='grc' dir='ltr'><strong>καὶ</strong></span> <span class='ocrx_word' id='word_1_609' title='bbox 1421 1717 1449 1742; x_wconf 81' lang='grc' dir='ltr'>ἐν</span> <span class='ocrx_word' id='word_1_610' title='bbox 1470 1715 1595 1750; x_wconf 79' lang='grc' dir='ltr'>Ψαλμοῖς</span> <span class='ocrx_word' id='word_1_611' title='bbox 1620 1712 1828 1747; x_wconf 83' lang='grc' dir='ltr'>ἀναγέγραπται</span> <span class='ocrx_word' id='word_1_612' title='bbox 1855 1710 1899 1741; x_wconf 78' lang='grc' dir='ltr'><strong>τὺ,</strong></span> 
     </span>
    </p>
   </div>
   <div class='ocr_carea' id='block_1_72' title="bbox 1108 1757 1901 1796">
    <p class='ocr_par' dir='ltr' id='par_1_72' title="bbox 1108 1757 1901 1796">
     <span class='ocr_line' id='line_1_72' title="bbox 1108 1757 1901 1796; baseline -0.006 -8"><span class='ocrx_word' id='word_1_613' title='bbox 1108 1772 1118 1788; x_wconf 74' lang='lat' dir='ltr'><strong>c</strong></span> <span class='ocrx_word' id='word_1_614' title='bbox 1141 1763 1203 1789; x_wconf 83' lang='grc' dir='ltr'><strong>Ὅτι</strong></span> <span class='ocrx_word' id='word_1_615' title='bbox 1229 1763 1309 1795; x_wconf 84' lang='grc' dir='ltr'>αὐτὸς</span> <span class='ocrx_word' id='word_1_616' title='bbox 1329 1761 1400 1794; x_wconf 82' lang='grc' dir='ltr'>εἷπε,</span> <span class='ocrx_word' id='word_1_617' title='bbox 1420 1762 1466 1788; x_wconf 75' lang='grc' dir='ltr'>καὶ</span> <span class='ocrx_word' id='word_1_618' title='bbox 1491 1760 1671 1796; x_wconf 81' lang='grc' dir='ltr'>ἐγενήθησαν·</span> <span class='ocrx_word' id='word_1_619' title='bbox 1695 1758 1776 1790; x_wconf 80' lang='grc' dir='ltr'>αὐτὸς</span> <span class='ocrx_word' id='word_1_620' title='bbox 1801 1757 1901 1784; x_wconf 57' lang='lat' dir='ltr'><strong>Everti-</strong></span> 
     </span>
    </p>
   </div>
   <div class='ocr_carea' id='block_1_73' title="bbox 1106 1803 1900 1845">
    <p class='ocr_par' dir='ltr' id='par_1_73' title="bbox 1106 1803 1900 1845">
     <span class='ocr_line' id='line_1_73' title="bbox 1106 1803 1900 1845; baseline -0.01 -8"><span class='ocrx_word' id='word_1_621' title='bbox 1106 1810 1181 1842; x_wconf 91' lang='grc' dir='ltr'>λατο,</span> <span class='ocrx_word' id='word_1_622' title='bbox 1202 1810 1248 1836; x_wconf 77' lang='grc' dir='ltr'>καὶ</span> <span class='ocrx_word' id='word_1_623' title='bbox 1269 1809 1442 1845; x_wconf 79' lang='grc' dir='ltr'>ἐκτίσθησαν.</span> <span class='ocrx_word' id='word_1_624' title='bbox 1461 1818 1470 1834; x_wconf 80' lang='grc'><strong>›</strong></span> <span class='ocrx_word' id='word_1_625' title='bbox 1495 1806 1631 1842; x_wconf 79' lang='grc' dir='ltr'>Πρόδηλον</span> <span class='ocrx_word' id='word_1_626' title='bbox 1645 1804 1709 1840; x_wconf 80' lang='grc' dir='ltr'>γὰρ,</span> <span class='ocrx_word' id='word_1_627' title='bbox 1721 1804 1760 1836; x_wconf 81' lang='grc' dir='ltr'>ὡς</span> <span class='ocrx_word' id='word_1_628' title='bbox 1778 1805 1793 1830; x_wconf 95' lang='lat'><strong>6</strong></span> <span class='ocrx_word' id='word_1_629' title='bbox 1807 1803 1900 1830; x_wconf 79' lang='grc' dir='ltr'>ἐντελ-</span> 
     </span>
    </p>
   </div>
   <div class='ocr_carea' id='block_1_74' title="bbox 260 1849 1901 1890">
    <p class='ocr_par' dir='ltr' id='par_1_74' title="bbox 260 1849 1901 1890">
     <span class='ocr_line' id='line_1_74' title="bbox 260 1849 1901 1890; baseline 0.001 -12"><span class='ocrx_word' id='word_1_630' title='bbox 260 1851 372 1887; x_wconf 81' lang='grc' dir='ltr'>λόμενός</span> <span class='ocrx_word' id='word_1_631' title='bbox 400 1861 426 1879; x_wconf 80' lang='grc' dir='ltr'><strong>τι</strong></span> <span class='ocrx_word' id='word_1_632' title='bbox 462 1854 508 1880; x_wconf 77' lang='grc' dir='ltr'>καὶ</span> <span class='ocrx_word' id='word_1_633' title='bbox 539 1854 625 1889; x_wconf 82' lang='grc' dir='ltr'>λέγων</span> <span class='ocrx_word' id='word_1_634' title='bbox 654 1855 740 1890; x_wconf 79' lang='grc' dir='ltr'>ἑτέρῳ</span> <span class='ocrx_word' id='word_1_635' title='bbox 771 1856 835 1890; x_wconf 80' lang='grc' dir='ltr'>παρ’</span> <span class='ocrx_word' id='word_1_636' title='bbox 863 1855 959 1882; x_wconf 78' lang='grc' dir='ltr'>ἑαυτὸν</span> <span class='ocrx_word' id='word_1_637' title='bbox 988 1854 1140 1882; x_wconf 79' lang='grc' dir='ltr'>ἐντέλλεται</span> <span class='ocrx_word' id='word_1_638' title='bbox 1176 1863 1205 1880; x_wconf 83' lang='grc' dir='ltr'><strong>τε</strong></span> <span class='ocrx_word' id='word_1_639' title='bbox 1230 1854 1276 1882; x_wconf 72' lang='grc' dir='ltr'>καὶ</span> <span class='ocrx_word' id='word_1_640' title='bbox 1300 1854 1474 1890; x_wconf 73' lang='grc' dir='ltr'>προστάττει.</span> <span class='ocrx_word' id='word_1_641' title='bbox 1501 1852 1635 1886; x_wconf 80' lang='grc' dir='ltr'>Ἑκάστην</span> <span class='ocrx_word' id='word_1_642' title='bbox 1660 1850 1802 1885; x_wconf 78' lang='grc' dir='ltr'>μέντοιγε</span> <span class='ocrx_word' id='word_1_643' title='bbox 1825 1849 1901 1880; x_wconf 76' lang='grc' dir='ltr'>λέξιν</span> 
     </span>
    </p>
   </div>
   <div class='ocr_carea' id='block_1_75' title="bbox 260 1899 1272 1939">
    <p class='ocr_par' dir='ltr' id='par_1_75' title="bbox 260 1899 1272 1939">
     <span class='ocr_line' id='line_1_75' title="bbox 260 1899 1272 1939; baseline 0.003 -14"><span class='ocrx_word' id='word_1_644' title='bbox 260 1899 309 1934; x_wconf 78' lang='grc' dir='ltr'>τῆς</span> <span class='ocrx_word' id='word_1_645' title='bbox 338 1901 490 1936; x_wconf 83' lang='grc' dir='ltr'>περικοπῆς</span> <span class='ocrx_word' id='word_1_646' title='bbox 517 1901 654 1934; x_wconf 72' lang='grc' dir='ltr'>ἐξετάζειν</span> <span class='ocrx_word' id='word_1_647' title='bbox 677 1903 706 1929; x_wconf 79' lang='grc' dir='ltr'>οὐ</span> <span class='ocrx_word' id='word_1_648' title='bbox 732 1903 781 1938; x_wconf 84' lang='grc' dir='ltr'>τῆς</span> <span class='ocrx_word' id='word_1_649' title='bbox 811 1902 953 1938; x_wconf 83' lang='grc' dir='ltr'>παρούσης</span> <span class='ocrx_word' id='word_1_650' title='bbox 977 1903 1051 1930; x_wconf 79' lang='grc' dir='ltr'>ἐστὶν</span> <span class='ocrx_word' id='word_1_651' title='bbox 1067 1903 1272 1939; x_wconf 82' lang='grc' dir='ltr'>πραγματείας.</span> 
     </span>
    </p>
   </div>
   <div class='ocr_carea' id='block_1_76' title="bbox 540 1959 769 1988">
    <p class='ocr_par' dir='ltr' id='par_1_76' title="bbox 540 1959 769 1988">
     <span class='ocr_line' id='line_1_76' title="bbox 540 1959 769 1988; baseline 0.009 -2"><span class='ocrx_word' id='word_1_652' title='bbox 540 1959 654 1986; x_wconf 76' lang='lat' dir='ltr'><strong>CAPUT</strong></span> <span class='ocrx_word' id='word_1_653' title='bbox 676 1959 769 1988; x_wconf 78' lang='lat' dir='ltr'><strong>XXIV.</strong></span> 
     </span>
    </p>
   </div>
   <div class='ocr_carea' id='block_1_77' title="bbox 298 2015 1053 2055">
    <p class='ocr_par' dir='ltr' id='par_1_77' title="bbox 298 2015 1053 2055">
     <span class='ocr_line' id='line_1_77' title="bbox 298 2015 1053 2055; baseline 0.007 -13"><span class='ocrx_word' id='word_1_654' title='bbox 298 2026 308 2042; x_wconf 73' lang='grc' dir='ltr'>ι</span> <span class='ocrx_word' id='word_1_655' title='bbox 327 2015 428 2044; x_wconf 82' lang='lat' dir='ltr'><strong>Audite</strong></span> <span class='ocrx_word' id='word_1_656' title='bbox 443 2025 502 2048; x_wconf 84' lang='lat' dir='ltr'><strong>me,</strong></span> <span class='ocrx_word' id='word_1_657' title='bbox 529 2017 636 2050; x_wconf 64' lang='lat' dir='ltr'><strong>insula},</strong></span> <span class='ocrx_word' id='word_1_658' title='bbox 652 2022 678 2046; x_wconf 88' lang='lat' dir='ltr'><strong>et</strong></span> <span class='ocrx_word' id='word_1_659' title='bbox 705 2018 848 2052; x_wconf 87' lang='lat' dir='ltr'><strong>attendite,</strong></span> <span class='ocrx_word' id='word_1_660' title='bbox 864 2023 959 2055; x_wconf 73' lang='lat' dir='ltr'><strong>gentes</strong></span> <span class='ocrx_word' id='word_1_661' title='bbox 977 2029 984 2047; x_wconf 84' lang='lat'><strong>:</strong></span> <span class='ocrx_word' id='word_1_662' title='bbox 1000 2021 1053 2047; x_wconf 84' lang='lat' dir='ltr'><strong>Per</strong></span> 
     </span>
    </p>
   </div>
   <div class='ocr_carea' id='block_1_78' title="bbox 259 2064 1051 2098">
    <p class='ocr_par' dir='ltr' id='par_1_78' title="bbox 259 2064 1051 2098">
     <span class='ocr_line' id='line_1_78' title="bbox 259 2064 1051 2098; baseline 0.004 -8"><span class='ocrx_word' id='word_1_663' title='bbox 259 2066 368 2098; x_wconf 80' lang='lat' dir='ltr'><strong>tempus</strong></span> <span class='ocrx_word' id='word_1_664' title='bbox 382 2064 498 2091; x_wconf 90' lang='lat' dir='ltr'><strong>multum</strong></span> <span class='ocrx_word' id='word_1_665' title='bbox 513 2064 658 2097; x_wconf 85' lang='lat' dir='ltr'><strong>consistet,</strong></span> <span class='ocrx_word' id='word_1_666' title='bbox 674 2065 741 2092; x_wconf 91' lang='lat' dir='ltr'><strong>dicit</strong></span> <span class='ocrx_word' id='word_1_667' title='bbox 753 2065 884 2094; x_wconf 91' lang='lat' dir='ltr'><strong>Dominus</strong></span> <span class='ocrx_word' id='word_1_668' title='bbox 899 2077 905 2094; x_wconf 85' lang='lat'>:</span> <span class='ocrx_word' id='word_1_669' title='bbox 921 2067 955 2093; x_wconf 88' lang='lat' dir='ltr'><strong>ab</strong></span> <span class='ocrx_word' id='word_1_670' title='bbox 973 2070 1051 2094; x_wconf 90' lang='lat' dir='ltr'><strong>utero</strong></span> 
     </span>
    </p>
   </div>
   <div class='ocr_carea' id='block_1_79' title="bbox 259 2109 1050 2148">
    <p class='ocr_par' dir='ltr' id='par_1_79' title="bbox 259 2109 1050 2148">
     <span class='ocr_line' id='line_1_79' title="bbox 259 2109 1050 2148; baseline 0.006 -13"><span class='ocrx_word' id='word_1_671' title='bbox 259 2109 357 2137; x_wconf 85' lang='lat' dir='ltr'><strong>matris</strong></span> <span class='ocrx_word' id='word_1_672' title='bbox 379 2117 447 2137; x_wconf 74' lang='lat' dir='ltr'><strong>mea:</strong></span> <span class='ocrx_word' id='word_1_673' title='bbox 471 2111 577 2138; x_wconf 85' lang='lat' dir='ltr'><strong>vocavit</strong></span> <span class='ocrx_word' id='word_1_674' title='bbox 607 2119 706 2139; x_wconf 90' lang='lat' dir='ltr'><strong>nomen</strong></span> <span class='ocrx_word' id='word_1_675' title='bbox 733 2119 842 2144; x_wconf 83' lang='lat' dir='ltr'><strong>meum,</strong></span> <span class='ocrx_word' id='word_1_676' title='bbox 866 2116 892 2140; x_wconf 89' lang='lat' dir='ltr'><strong>et</strong></span> <span class='ocrx_word' id='word_1_677' title='bbox 915 2113 1006 2148; x_wconf 89' lang='lat' dir='ltr'><strong>posuit</strong></span> <span class='ocrx_word' id='word_1_678' title='bbox 1019 2121 1050 2141; x_wconf 90' lang='lat' dir='ltr'><strong>os</strong></span> 
     </span>
    </p>
   </div>
   <div class='ocr_carea' id='block_1_80' title="bbox 259 2155 1049 2194">
    <p class='ocr_par' dir='ltr' id='par_1_80' title="bbox 259 2155 1049 2194">
     <span class='ocr_line' id='line_1_80' title="bbox 259 2155 1049 2194; baseline 0.005 -12"><span class='ocrx_word' id='word_1_679' title='bbox 259 2162 350 2183; x_wconf 85' lang='lat' dir='ltr'><strong>meum</strong></span> <span class='ocrx_word' id='word_1_680' title='bbox 374 2155 453 2191; x_wconf 87' lang='lat' dir='ltr'><strong>quasi</strong></span> <span class='ocrx_word' id='word_1_681' title='bbox 467 2156 586 2191; x_wconf 75' lang='lat' dir='ltr'><strong>gladium</strong></span> <span class='ocrx_word' id='word_1_682' title='bbox 615 2161 740 2192; x_wconf 90' lang='lat' dir='ltr'><strong>acutum;</strong></span> <span class='ocrx_word' id='word_1_683' title='bbox 772 2162 798 2186; x_wconf 80' lang='lat' dir='ltr'><strong>et</strong></span> <span class='ocrx_word' id='word_1_684' title='bbox 818 2159 871 2186; x_wconf 87' lang='lat' dir='ltr'><strong>sub</strong></span> <span class='ocrx_word' id='word_1_685' title='bbox 893 2163 1049 2194; x_wconf 78' lang='lat' dir='ltr'><strong>tegumenta</strong></span> 
     </span>
    </p>
   </div>
   <div class='ocr_carea' id='block_1_81' title="bbox 259 2201 1048 2237">
    <p class='ocr_par' dir='ltr' id='par_1_81' title="bbox 259 2201 1048 2237">
     <span class='ocr_line' id='line_1_81' title="bbox 259 2201 1048 2237; baseline 0.003 -8"><span class='ocrx_word' id='word_1_686' title='bbox 259 2207 358 2229; x_wconf 84' lang='lat' dir='ltr'><strong>manus</strong></span> <span class='ocrx_word' id='word_1_687' title='bbox 384 2208 441 2228; x_wconf 69' lang='lat' dir='ltr'><strong>sua:</strong></span> <span class='ocrx_word' id='word_1_688' title='bbox 461 2201 609 2230; x_wconf 87' lang='lat' dir='ltr'><strong>occultavit</strong></span> <span class='ocrx_word' id='word_1_689' title='bbox 636 2211 695 2237; x_wconf 91' lang='lat' dir='ltr'><strong>me;</strong></span> <span class='ocrx_word' id='word_1_690' title='bbox 716 2207 742 2231; x_wconf 91' lang='lat' dir='ltr'><strong>et</strong></span> <span class='ocrx_word' id='word_1_691' title='bbox 755 2203 824 2231; x_wconf 76' lang='lat' dir='ltr'><strong>dixit</strong></span> <span class='ocrx_word' id='word_1_692' title='bbox 837 2204 903 2231; x_wconf 79' lang='lat' dir='ltr'><strong>milii</strong></span> <span class='ocrx_word' id='word_1_693' title='bbox 921 2214 928 2232; x_wconf 92' lang='lat'><strong><em>:</em></strong></span> <span class='ocrx_word' id='word_1_694' title='bbox 944 2203 1048 2232; x_wconf 89' lang='lat' dir='ltr'><strong>Servus</strong></span> 
     </span>
    </p>
   </div>
   <div class='ocr_carea' id='block_1_82' title="bbox 258 2246 1048 2285">
    <p class='ocr_par' dir='ltr' id='par_1_82' title="bbox 258 2246 1048 2285">
     <span class='ocr_line' id='line_1_82' title="bbox 258 2246 1048 2285; baseline 0.006 -12"><span class='ocrx_word' id='word_1_695' title='bbox 258 2253 336 2274; x_wconf 85' lang='lat' dir='ltr'><strong>meus</strong></span> <span class='ocrx_word' id='word_1_696' title='bbox 365 2253 396 2274; x_wconf 91' lang='lat' dir='ltr'><strong>es</strong></span> <span class='ocrx_word' id='word_1_697' title='bbox 425 2250 465 2278; x_wconf 88' lang='lat' dir='ltr'><strong>tu,</strong></span> <span class='ocrx_word' id='word_1_698' title='bbox 482 2246 565 2274; x_wconf 84' lang='lat' dir='ltr'><strong>lsrael</strong></span> <span class='ocrx_word' id='word_1_699' title='bbox 579 2268 585 2279; x_wconf 91' lang='lat'><strong>,</strong></span> <span class='ocrx_word' id='word_1_700' title='bbox 611 2248 673 2283; x_wconf 90' lang='lat' dir='ltr'><strong>quia</strong></span> <span class='ocrx_word' id='word_1_701' title='bbox 692 2249 719 2276; x_wconf 93' lang='lat' dir='ltr'><strong>in</strong></span> <span class='ocrx_word' id='word_1_702' title='bbox 735 2253 762 2276; x_wconf 91' lang='lat' dir='ltr'><strong>te</strong></span> <span class='ocrx_word' id='word_1_703' title='bbox 778 2249 927 2285; x_wconf 77' lang='lat' dir='ltr'><strong>gloriabor.</strong></span> <span class='ocrx_word' id='word_1_704' title='bbox 943 2249 976 2276; x_wconf 81' lang='lat' dir='ltr'><strong>Et</strong></span> <span class='ocrx_word' id='word_1_705' title='bbox 998 2258 1048 2285; x_wconf 77' lang='lat' dir='ltr'><strong>ego</strong></span> 
     </span>
    </p>
   </div>
   <div class='ocr_carea' id='block_1_83' title="bbox 259 2291 1048 2326">
    <p class='ocr_par' dir='ltr' id='par_1_83' title="bbox 259 2291 1048 2326">
     <span class='ocr_line' id='line_1_83' title="bbox 259 2291 1048 2326; baseline 0.005 -8"><span class='ocrx_word' id='word_1_706' title='bbox 259 2291 333 2319; x_wconf 77' lang='lat' dir='ltr'><strong>dixi:</strong></span> <span class='ocrx_word' id='word_1_707' title='bbox 354 2291 383 2319; x_wconf 90' lang='lat' dir='ltr'><strong>lu</strong></span> <span class='ocrx_word' id='word_1_708' title='bbox 393 2299 510 2320; x_wconf 89' lang='lat' dir='ltr'><strong>vacuum</strong></span> <span class='ocrx_word' id='word_1_709' title='bbox 534 2293 671 2326; x_wconf 83' lang='lat' dir='ltr'><strong>laboravi,</strong></span> <span class='ocrx_word' id='word_1_710' title='bbox 689 2295 748 2323; x_wconf 87' lang='lat' dir='ltr'><strong>sine</strong></span> <span class='ocrx_word' id='word_1_711' title='bbox 767 2303 860 2325; x_wconf 78' lang='lat' dir='ltr'><strong>causa,</strong></span> <span class='ocrx_word' id='word_1_712' title='bbox 873 2298 900 2323; x_wconf 92' lang='lat' dir='ltr'><strong>et</strong></span> <span class='ocrx_word' id='word_1_713' title='bbox 910 2303 980 2322; x_wconf 88' lang='lat' dir='ltr'><strong>vane</strong></span> <span class='ocrx_word' id='word_1_714' title='bbox 992 2296 1048 2323; x_wconf 82' lang='lat' dir='ltr'><strong>for-</strong></span> 
     </span>
    </p>
   </div>
   <div class='ocr_carea' id='block_1_84' title="bbox 259 2339 1048 2376">
    <p class='ocr_par' dir='ltr' id='par_1_84' title="bbox 259 2339 1048 2376">
     <span class='ocr_line' id='line_1_84' title="bbox 259 2339 1048 2376; baseline 0.005 -11"><span class='ocrx_word' id='word_1_715' title='bbox 259 2339 402 2366; x_wconf 88' lang='lat' dir='ltr'><strong>titudinem</strong></span> <span class='ocrx_word' id='word_1_716' title='bbox 425 2347 513 2366; x_wconf 90' lang='lat' dir='ltr'><strong>meam</strong></span> <span class='ocrx_word' id='word_1_717' title='bbox 527 2341 685 2375; x_wconf 88' lang='lat' dir='ltr'><strong>consumpsi</strong></span> <span class='ocrx_word' id='word_1_718' title='bbox 700 2348 710 2367; x_wconf 89' lang='lat'><em>:</em></span> <span class='ocrx_word' id='word_1_719' title='bbox 724 2348 789 2376; x_wconf 79' lang='lat' dir='ltr'><strong>ergo</strong></span> <span class='ocrx_word' id='word_1_720' title='bbox 799 2341 932 2375; x_wconf 89' lang='lat' dir='ltr'><strong>judicium</strong></span> <span class='ocrx_word' id='word_1_721' title='bbox 960 2350 1048 2370; x_wconf 90' lang='lat' dir='ltr'><strong>meum</strong></span> 
     </span>
    </p>
   </div>
   <div class='ocr_carea' id='block_1_85' title="bbox 258 2385 1049 2420">
    <p class='ocr_par' dir='ltr' id='par_1_85' title="bbox 258 2385 1049 2420">
     <span class='ocr_line' id='line_1_85' title="bbox 258 2385 1049 2420; baseline 0.006 -9"><span class='ocrx_word' id='word_1_722' title='bbox 258 2392 320 2412; x_wconf 83' lang='lat' dir='ltr'><strong>cum</strong></span> <span class='ocrx_word' id='word_1_723' title='bbox 333 2385 458 2417; x_wconf 85' lang='lat' dir='ltr'><strong>Domino.</strong></span> <span class='ocrx_word' id='word_1_724' title='bbox 467 2389 494 2412; x_wconf 85' lang='lat' dir='ltr'><strong>et</strong></span> <span class='ocrx_word' id='word_1_725' title='bbox 509 2393 578 2420; x_wconf 82' lang='lat' dir='ltr'><strong>opus</strong></span> <span class='ocrx_word' id='word_1_726' title='bbox 587 2393 676 2414; x_wconf 87' lang='lat' dir='ltr'><strong>meum</strong></span> <span class='ocrx_word' id='word_1_727' title='bbox 685 2394 747 2414; x_wconf 90' lang='lat' dir='ltr'><strong>cum</strong></span> <span class='ocrx_word' id='word_1_728' title='bbox 766 2387 818 2414; x_wconf 83' lang='lat' dir='ltr'><strong>Deo</strong></span> <span class='ocrx_word' id='word_1_729' title='bbox 839 2395 909 2415; x_wconf 92' lang='lat' dir='ltr'><strong>meo.</strong></span> <span class='ocrx_word' id='word_1_730' title='bbox 927 2388 959 2415; x_wconf 87' lang='lat' dir='ltr'><strong>Et</strong></span> <span class='ocrx_word' id='word_1_731' title='bbox 976 2396 1049 2416; x_wconf 91' lang='lat' dir='ltr'><strong>nunc</strong></span> 
     </span>
    </p>
   </div>
   <div class='ocr_carea' id='block_1_86' title="bbox 258 2426 1049 2467">
    <p class='ocr_par' dir='ltr' id='par_1_86' title="bbox 258 2426 1049 2467">
     <span class='ocr_line' id='line_1_86' title="bbox 258 2426 1049 2467; baseline 0.008 -10"><span class='ocrx_word' id='word_1_732' title='bbox 258 2431 324 2458; x_wconf 80' lang='lat' dir='ltr'><strong>dicit</strong></span> <span class='ocrx_word' id='word_1_733' title='bbox 339 2431 479 2464; x_wconf 85' lang='lat' dir='ltr'><strong>Dominus,</strong></span> <span class='ocrx_word' id='word_1_734' title='bbox 494 2431 614 2460; x_wconf 81' lang='lat' dir='ltr'><strong>formans</strong></span> <span class='ocrx_word' id='word_1_735' title='bbox 629 2426 673 2460; x_wconf 76' lang='lat' dir='ltr'><strong>me</strong></span> <span class='ocrx_word' id='word_1_736' title='bbox 696 2441 729 2460; x_wconf 81' lang='lat' dir='ltr'><strong>ex</strong></span> <span class='ocrx_word' id='word_1_737' title='bbox 753 2438 830 2462; x_wconf 88' lang='lat' dir='ltr'><strong>utero</strong></span> <span class='ocrx_word' id='word_1_738' title='bbox 852 2443 961 2462; x_wconf 89' lang='lat' dir='ltr'><strong>servum</strong></span> <span class='ocrx_word' id='word_1_739' title='bbox 984 2436 1049 2467; x_wconf 89' lang='lat' dir='ltr'><strong>sibi,</strong></span> 
     </span>
    </p>
   </div>
   <div class='ocr_carea' id='block_1_87' title="bbox 257 2477 1050 2517">
    <p class='ocr_par' dir='ltr' id='par_1_87' title="bbox 257 2477 1050 2517">
     <span class='ocr_line' id='line_1_87' title="bbox 257 2477 1050 2517; baseline 0.008 -13"><span class='ocrx_word' id='word_1_740' title='bbox 257 2481 288 2504; x_wconf 90' lang='lat' dir='ltr'><strong>ut</strong></span> <span class='ocrx_word' id='word_1_741' title='bbox 312 2477 441 2505; x_wconf 85' lang='lat' dir='ltr'><strong>reducam</strong></span> <span class='ocrx_word' id='word_1_742' title='bbox 459 2477 542 2506; x_wconf 81' lang='lat' dir='ltr'><strong>Jacob</strong></span> <span class='ocrx_word' id='word_1_743' title='bbox 557 2479 590 2505; x_wconf 90' lang='lat' dir='ltr'><strong>ad</strong></span> <span class='ocrx_word' id='word_1_744' title='bbox 607 2486 680 2511; x_wconf 88' lang='lat' dir='ltr'><strong>eum,</strong></span> <span class='ocrx_word' id='word_1_745' title='bbox 697 2484 723 2506; x_wconf 90' lang='lat' dir='ltr'><strong>et</strong></span> <span class='ocrx_word' id='word_1_746' title='bbox 738 2479 831 2508; x_wconf 85' lang='lat' dir='ltr'><strong>Israel.</strong></span> <span class='ocrx_word' id='word_1_747' title='bbox 856 2481 1050 2517; x_wconf 80' lang='lat' dir='ltr'><strong>Congregabor</strong></span> 
     </span>
    </p>
   </div>
   <div class='ocr_carea' id='block_1_88' title="bbox 256 2523 1046 2558">
    <p class='ocr_par' dir='ltr' id='par_1_88' title="bbox 256 2523 1046 2558">
     <span class='ocr_line' id='line_1_88' title="bbox 256 2523 1046 2558; baseline 0.001 -6"><span class='ocrx_word' id='word_1_748' title='bbox 256 2527 286 2552; x_wconf 86' lang='lat' dir='ltr'><strong>et</strong></span> <span class='ocrx_word' id='word_1_749' title='bbox 302 2523 475 2558; x_wconf 75' lang='lat' dir='ltr'><strong>gloriﬁcabor</strong></span> <span class='ocrx_word' id='word_1_750' title='bbox 490 2532 517 2551; x_wconf 85' lang='lat' dir='ltr'><strong>In</strong></span> <span class='ocrx_word' id='word_1_751' title='bbox 535 2525 623 2552; x_wconf 86' lang='lat' dir='ltr'><strong>oculis</strong></span> <span class='ocrx_word' id='word_1_752' title='bbox 638 2526 755 2558; x_wconf 90' lang='lat' dir='ltr'><strong>Domini,</strong></span> <span class='ocrx_word' id='word_1_753' title='bbox 775 2530 802 2554; x_wconf 89' lang='lat' dir='ltr'><strong>et</strong></span> <span class='ocrx_word' id='word_1_754' title='bbox 820 2526 893 2555; x_wconf 86' lang='lat' dir='ltr'><strong>Deus</strong></span> <span class='ocrx_word' id='word_1_755' title='bbox 912 2535 988 2554; x_wconf 88' lang='lat' dir='ltr'><strong>meus</strong></span> <span class='ocrx_word' id='word_1_756' title='bbox 1002 2526 1046 2554; x_wconf 82' lang='lat' dir='ltr'><strong>fa-</strong></span> 
     </span>
    </p>
   </div>
   <div class='ocr_carea' id='block_1_89' title="bbox 257 2569 1048 2608">
    <p class='ocr_par' dir='ltr' id='par_1_89' title="bbox 257 2569 1048 2608">
     <span class='ocr_line' id='line_1_89' title="bbox 257 2569 1048 2608; baseline 0.004 -11"><span class='ocrx_word' id='word_1_757' title='bbox 257 2574 320 2598; x_wconf 87' lang='lat' dir='ltr'><strong>ctus</strong></span> <span class='ocrx_word' id='word_1_758' title='bbox 328 2574 370 2598; x_wconf 82' lang='lat' dir='ltr'><strong>est</strong></span> <span class='ocrx_word' id='word_1_759' title='bbox 386 2569 516 2598; x_wconf 81' lang='lat' dir='ltr'><strong>fortitudo</strong></span> <span class='ocrx_word' id='word_1_760' title='bbox 530 2579 600 2598; x_wconf 88' lang='lat' dir='ltr'><strong>mea.</strong></span> <span class='ocrx_word' id='word_1_761' title='bbox 613 2571 645 2598; x_wconf 87' lang='lat' dir='ltr'><strong>Et</strong></span> <span class='ocrx_word' id='word_1_762' title='bbox 656 2572 724 2599; x_wconf 83' lang='lat' dir='ltr'><strong>dixit</strong></span> <span class='ocrx_word' id='word_1_763' title='bbox 738 2582 743 2599; x_wconf 86' lang='lat'>:</span> <span class='ocrx_word' id='word_1_764' title='bbox 755 2572 881 2608; x_wconf 82' lang='lat' dir='ltr'><strong>Magnum</strong></span> <span class='ocrx_word' id='word_1_765' title='bbox 895 2577 936 2602; x_wconf 87' lang='lat' dir='ltr'><strong>est</strong></span> <span class='ocrx_word' id='word_1_766' title='bbox 952 2574 1001 2600; x_wconf 90' lang='lat' dir='ltr'><strong>tibi</strong></span> <span class='ocrx_word' id='word_1_767' title='bbox 1019 2578 1048 2600; x_wconf 95' lang='lat' dir='ltr'><strong>ut</strong></span> 
     </span>
    </p>
   </div>
   <div class='ocr_carea' id='block_1_90' title="bbox 258 2616 1047 2651">
    <p class='ocr_par' dir='ltr' id='par_1_90' title="bbox 258 2616 1047 2651">
     <span class='ocr_line' id='line_1_90' title="bbox 258 2616 1047 2651; baseline 0.006 -8"><span class='ocrx_word' id='word_1_768' title='bbox 258 2616 297 2643; x_wconf 84' lang='lat' dir='ltr'><strong>sis</strong></span> <span class='ocrx_word' id='word_1_769' title='bbox 311 2616 378 2643; x_wconf 88' lang='lat' dir='ltr'><strong>mihi</strong></span> <span class='ocrx_word' id='word_1_770' title='bbox 394 2624 490 2644; x_wconf 87' lang='lat' dir='ltr'><strong>servus</strong></span> <span class='ocrx_word' id='word_1_771' title='bbox 499 2616 531 2643; x_wconf 87' lang='lat' dir='ltr'><strong>ad</strong></span> <span class='ocrx_word' id='word_1_772' title='bbox 543 2617 714 2645; x_wconf 83' lang='lat' dir='ltr'><strong>suscitandas</strong></span> <span class='ocrx_word' id='word_1_773' title='bbox 729 2619 817 2647; x_wconf 86' lang='lat' dir='ltr'><strong>tribus</strong></span> <span class='ocrx_word' id='word_1_774' title='bbox 827 2618 958 2651; x_wconf 81' lang='lat' dir='ltr'><strong>Jacob,et</strong></span> <span class='ocrx_word' id='word_1_775' title='bbox 967 2619 1047 2648; x_wconf 68' lang='lat' dir='ltr'><strong>faeces</strong></span> 
     </span>
    </p>
   </div>
   <div class='ocr_carea' id='block_1_91' title="bbox 257 2660 1048 2701">
    <p class='ocr_par' dir='ltr' id='par_1_91' title="bbox 257 2660 1048 2701">
     <span class='ocr_line' id='line_1_91' title="bbox 257 2660 1048 2701; baseline 0.006 -13"><span class='ocrx_word' id='word_1_776' title='bbox 257 2660 342 2689; x_wconf 82' lang='lat' dir='ltr'><strong>Israel</strong></span> <span class='ocrx_word' id='word_1_777' title='bbox 350 2662 559 2690; x_wconf 72' lang='lat' dir='ltr'><strong>convertendus.</strong></span> <span class='ocrx_word' id='word_1_778' title='bbox 569 2662 639 2691; x_wconf 88' lang='lat' dir='ltr'><strong>Ecce</strong></span> <span class='ocrx_word' id='word_1_779' title='bbox 648 2664 708 2691; x_wconf 83' lang='lat' dir='ltr'><strong>dedi</strong></span> <span class='ocrx_word' id='word_1_780' title='bbox 721 2668 747 2692; x_wconf 89' lang='lat' dir='ltr'><strong>te</strong></span> <span class='ocrx_word' id='word_1_781' title='bbox 760 2665 786 2691; x_wconf 92' lang='lat' dir='ltr'><strong>in</strong></span> <span class='ocrx_word' id='word_1_782' title='bbox 799 2669 991 2693; x_wconf 87' lang='lat' dir='ltr'><strong>testamentum</strong></span> <span class='ocrx_word' id='word_1_783' title='bbox 1002 2674 1048 2701; x_wconf 75' lang='lat' dir='ltr'><strong>ge-</strong></span> 
     </span>
    </p>
   </div>
   <div class='ocr_carea' id='block_1_92' title="bbox 258 2706 1047 2745">
    <p class='ocr_par' dir='ltr' id='par_1_92' title="bbox 258 2706 1047 2745">
     <span class='ocr_line' id='line_1_92' title="bbox 258 2706 1047 2745; baseline 0.008 -14"><span class='ocrx_word' id='word_1_784' title='bbox 258 2706 344 2737; x_wconf 87' lang='lat' dir='ltr'><strong>neris,</strong></span> <span class='ocrx_word' id='word_1_785' title='bbox 370 2706 398 2733; x_wconf 93' lang='lat' dir='ltr'><strong>in</strong></span> <span class='ocrx_word' id='word_1_786' title='bbox 415 2706 502 2733; x_wconf 89' lang='lat' dir='ltr'><strong>lucem</strong></span> <span class='ocrx_word' id='word_1_787' title='bbox 519 2707 650 2742; x_wconf 79' lang='lat' dir='ltr'><strong>gentium,</strong></span> <span class='ocrx_word' id='word_1_788' title='bbox 679 2713 708 2736; x_wconf 86' lang='lat' dir='ltr'><strong>ut</strong></span> <span class='ocrx_word' id='word_1_789' title='bbox 727 2709 766 2736; x_wconf 83' lang='lat' dir='ltr'><strong>sis</strong></span> <span class='ocrx_word' id='word_1_790' title='bbox 783 2709 857 2737; x_wconf 87' lang='lat' dir='ltr'><strong>salus</strong></span> <span class='ocrx_word' id='word_1_791' title='bbox 874 2718 935 2736; x_wconf 69' lang='lat' dir='ltr'><strong>mea</strong></span> <span class='ocrx_word' id='word_1_792' title='bbox 959 2718 1047 2745; x_wconf 89' lang='lat' dir='ltr'><strong>usque</strong></span> 
     </span>
    </p>
   </div>
   <div class='ocr_carea' id='block_1_93' title="bbox 258 2750 1046 2791">
    <p class='ocr_par' dir='ltr' id='par_1_93' title="bbox 258 2750 1046 2791">
     <span class='ocr_line' id='line_1_93' title="bbox 258 2750 1046 2791; baseline 0.009 -15"><span class='ocrx_word' id='word_1_793' title='bbox 258 2750 292 2777; x_wconf 88' lang='lat' dir='ltr'><strong>ad</strong></span> <span class='ocrx_word' id='word_1_794' title='bbox 309 2755 460 2779; x_wconf 84' lang='lat' dir='ltr'><strong>extremum</strong></span> <span class='ocrx_word' id='word_1_795' title='bbox 476 2757 565 2781; x_wconf 66' lang='lat' dir='ltr'><strong>terrae.</strong></span> <span class='ocrx_word' id='word_1_796' title='bbox 579 2753 641 2781; x_wconf 79' lang='lat' dir='ltr'><strong>llaec</strong></span> <span class='ocrx_word' id='word_1_797' title='bbox 654 2754 721 2781; x_wconf 87' lang='lat' dir='ltr'><strong>dicit</strong></span> <span class='ocrx_word' id='word_1_798' title='bbox 738 2755 870 2783; x_wconf 91' lang='lat' dir='ltr'><strong>Dominus</strong></span> <span class='ocrx_word' id='word_1_799' title='bbox 889 2757 1046 2791; x_wconf 84' lang='lat' dir='ltr'><strong>redemptor</strong></span> 
     </span>
    </p>
   </div>
   <div class='ocr_carea' id='block_1_94' title="bbox 259 2795 1046 2836">
    <p class='ocr_par' dir='ltr' id='par_1_94' title="bbox 259 2795 1046 2836">
     <span class='ocr_line' id='line_1_94' title="bbox 259 2795 1046 2836; baseline 0.01 -16"><span class='ocrx_word' id='word_1_800' title='bbox 259 2798 334 2826; x_wconf 85' lang='lat' dir='ltr'><strong>tuus,</strong></span> <span class='ocrx_word' id='word_1_801' title='bbox 349 2795 420 2824; x_wconf 88' lang='lat' dir='ltr'><strong>Deus</strong></span> <span class='ocrx_word' id='word_1_802' title='bbox 435 2797 517 2825; x_wconf 89' lang='lat' dir='ltr'><strong>lsrael</strong></span> <span class='ocrx_word' id='word_1_803' title='bbox 536 2807 544 2826; x_wconf 93' lang='lat'><strong>:</strong></span> <span class='ocrx_word' id='word_1_804' title='bbox 561 2798 734 2827; x_wconf 82' lang='lat' dir='ltr'><strong>Sanctiﬁcate</strong></span> <span class='ocrx_word' id='word_1_805' title='bbox 746 2808 808 2828; x_wconf 91' lang='lat' dir='ltr'><strong>eum</strong></span> <span class='ocrx_word' id='word_1_806' title='bbox 823 2801 869 2836; x_wconf 86' lang='lat' dir='ltr'><strong>qui</strong></span> <span class='ocrx_word' id='word_1_807' title='bbox 885 2801 958 2836; x_wconf 82' lang='lat' dir='ltr'><strong>parvi</strong></span> <span class='ocrx_word' id='word_1_808' title='bbox 982 2801 1046 2828; x_wconf 87' lang='lat' dir='ltr'><strong>facit</strong></span> 
     </span>
    </p>
   </div>
   <div class='ocr_carea' id='block_1_95' title="bbox 260 2841 1045 2883">
    <p class='ocr_par' dir='ltr' id='par_1_95' title="bbox 260 2841 1045 2883">
     <span class='ocr_line' id='line_1_95' title="bbox 260 2841 1045 2883; baseline 0.008 -15"><span class='ocrx_word' id='word_1_809' title='bbox 260 2841 378 2868; x_wconf 82' lang='lat' dir='ltr'><strong>animam</strong></span> <span class='ocrx_word' id='word_1_810' title='bbox 395 2850 483 2876; x_wconf 85' lang='lat' dir='ltr'><strong>suam,</strong></span> <span class='ocrx_word' id='word_1_811' title='bbox 494 2852 573 2878; x_wconf 87' lang='lat' dir='ltr'><strong>quem</strong></span> <span class='ocrx_word' id='word_1_812' title='bbox 591 2846 784 2875; x_wconf 87' lang='lat' dir='ltr'><strong>abominantur</strong></span> <span class='ocrx_word' id='word_1_813' title='bbox 793 2851 898 2883; x_wconf 79' lang='lat' dir='ltr'><strong>gentes,</strong></span> <span class='ocrx_word' id='word_1_814' title='bbox 912 2847 983 2875; x_wconf 88' lang='lat' dir='ltr'><strong>servi</strong></span> <span class='ocrx_word' id='word_1_815' title='bbox 995 2847 1045 2875; x_wconf 93' lang='lat' dir='ltr'><strong>do-</strong></span> 
     </span>
    </p>
   </div>
   <div class='ocr_carea' id='block_1_96' title="bbox 294 2906 596 2942">
    <p class='ocr_par' dir='ltr' id='par_1_96' title="bbox 294 2906 596 2942">
     <span class='ocr_line' id='line_1_96' title="bbox 294 2906 596 2942; baseline 0.007 -7"><span class='ocrx_word' id='word_1_816' title='bbox 294 2906 378 2936; x_wconf 81' lang='lat' dir='ltr'><strong>‘lsai.</strong></span> <span class='ocrx_word' id='word_1_817' title='bbox 394 2916 488 2942; x_wconf 70' lang='lat' dir='ltr'><strong>nvni,</strong></span> <span class='ocrx_word' id='word_1_818' title='bbox 504 2909 596 2937; x_wconf 70' lang='lat'><strong>12-16.</strong></span> 
     </span>
    </p>
   </div>
   <div class='ocr_carea' id='block_1_97' title="bbox 1357 1957 1634 1987">
    <p class='ocr_par' dir='ltr' id='par_1_97' title="bbox 1357 1957 1634 1987">
     <span class='ocr_line' id='line_1_97' title="bbox 1357 1957 1634 1987; baseline -0.011 0"><span class='ocrx_word' id='word_1_819' title='bbox 1357 1957 1555 1987; x_wconf 80' lang='grc' dir='ltr'><strong>ΚΕΦΑΛᾹΙΟΝ</strong></span> <span class='ocrx_word' id='word_1_820' title='bbox 1571 1958 1634 1984; x_wconf 81' lang='grc' dir='ltr'><strong>ΚΔ¹.</strong></span> 
     </span>
    </p>
   </div>
   <div class='ocr_carea' id='block_1_98' title="bbox 1143 2010 1899 2050">
    <p class='ocr_par' dir='ltr' id='par_1_98' title="bbox 1143 2010 1899 2050">
     <span class='ocr_line' id='line_1_98' title="bbox 1143 2010 1899 2050; baseline -0.007 -9"><span class='ocrx_word' id='word_1_821' title='bbox 1143 2027 1152 2041; x_wconf 85' lang='grc'><strong>‹</strong></span> <span class='ocrx_word' id='word_1_822' title='bbox 1173 2015 1319 2043; x_wconf 82' lang='grc' dir='ltr'>Ἀκούσατέ</span> <span class='ocrx_word' id='word_1_823' title='bbox 1330 2024 1390 2050; x_wconf 86' lang='grc' dir='ltr'>μου,</span> <span class='ocrx_word' id='word_1_824' title='bbox 1408 2015 1494 2050; x_wconf 82' lang='grc' dir='ltr'>νῆσοι,</span> <span class='ocrx_word' id='word_1_825' title='bbox 1510 2014 1558 2040; x_wconf 80' lang='grc' dir='ltr'><strong>καὶ</strong></span> <span class='ocrx_word' id='word_1_826' title='bbox 1568 2013 1728 2048; x_wconf 76' lang='grc' dir='ltr'>προσέχετε,</span> <span class='ocrx_word' id='word_1_827' title='bbox 1742 2011 1806 2047; x_wconf 73' lang='grc' dir='ltr'><strong>ἔθνη</strong></span> <span class='ocrx_word' id='word_1_828' title='bbox 1816 2019 1824 2026; x_wconf 88' lang='grc'><strong>·</strong></span> <span class='ocrx_word' id='word_1_829' title='bbox 1849 2010 1899 2037; x_wconf 80' lang='grc' dir='ltr'><strong>Διά</strong></span> 
     </span>
    </p>
   </div>
   <div class='ocr_carea' id='block_1_99' title="bbox 1104 2056 1899 2098">
    <p class='ocr_par' dir='ltr' id='par_1_99' title="bbox 1104 2056 1899 2098">
     <span class='ocr_line' id='line_1_99' title="bbox 1104 2056 1899 2098; baseline -0.011 -9"><span class='ocrx_word' id='word_1_830' title='bbox 1104 2062 1200 2098; x_wconf 86' lang='grc' dir='ltr'>χρόνου</span> <span class='ocrx_word' id='word_1_831' title='bbox 1215 2060 1312 2088; x_wconf 77' lang='grc' dir='ltr'>πολλοῦ</span> <span class='ocrx_word' id='word_1_832' title='bbox 1329 2062 1473 2096; x_wconf 76' lang='grc' dir='ltr'>στήσεται,</span> <span class='ocrx_word' id='word_1_833' title='bbox 1499 2059 1572 2093; x_wconf 84' lang='grc' dir='ltr'>λέγει</span> <span class='ocrx_word' id='word_1_834' title='bbox 1589 2057 1707 2094; x_wconf 81' lang='grc' dir='ltr'>Κύριος·</span> <span class='ocrx_word' id='word_1_835' title='bbox 1735 2057 1767 2083; x_wconf 83' lang='grc' dir='ltr'>ἐκ</span> <span class='ocrx_word' id='word_1_836' title='bbox 1793 2056 1899 2086; x_wconf 69' lang='grc' dir='ltr'>κοιλίας</span> 
     </span>
    </p>
   </div>
   <div class='ocr_carea' id='block_1_100' title="bbox 1106 2102 1900 2145">
    <p class='ocr_par' dir='ltr' id='par_1_100' title="bbox 1106 2102 1900 2145">
     <span class='ocr_line' id='line_1_100' title="bbox 1106 2102 1900 2145; baseline -0.011 -9"><span class='ocrx_word' id='word_1_837' title='bbox 1106 2109 1208 2145; x_wconf 84' lang='grc' dir='ltr'>μητρός</span> <span class='ocrx_word' id='word_1_838' title='bbox 1228 2117 1278 2144; x_wconf 85' lang='grc' dir='ltr'>μου</span> <span class='ocrx_word' id='word_1_839' title='bbox 1296 2108 1409 2134; x_wconf 80' lang='grc' dir='ltr'>ἐκάλεσε</span> <span class='ocrx_word' id='word_1_840' title='bbox 1435 2107 1466 2133; x_wconf 82' lang='grc' dir='ltr'><strong>τὸ</strong></span> <span class='ocrx_word' id='word_1_841' title='bbox 1485 2105 1571 2141; x_wconf 71' lang='grc' dir='ltr'>δνομά</span> <span class='ocrx_word' id='word_1_842' title='bbox 1588 2113 1638 2141; x_wconf 84' lang='grc' dir='ltr'>μου</span> <span class='ocrx_word' id='word_1_843' title='bbox 1650 2111 1658 2119; x_wconf 86' lang='grc'><strong>·</strong></span> <span class='ocrx_word' id='word_1_844' title='bbox 1689 2103 1736 2130; x_wconf 79' lang='grc' dir='ltr'><strong>καὶ</strong></span> <span class='ocrx_word' id='word_1_845' title='bbox 1758 2103 1844 2138; x_wconf 70' lang='grc' dir='ltr'>ἔθηκε</span> <span class='ocrx_word' id='word_1_846' title='bbox 1869 2102 1900 2127; x_wconf 71' lang='grc' dir='ltr'><strong>τὺ</strong></span> 
     </span>
    </p>
   </div>
   <div class='ocr_carea' id='block_1_101' title="bbox 1104 2149 1899 2191">
    <p class='ocr_par' dir='ltr' id='par_1_101' title="bbox 1104 2149 1899 2191">
     <span class='ocr_line' id='line_1_101' title="bbox 1104 2149 1899 2191; baseline -0.011 -9"><span class='ocrx_word' id='word_1_847' title='bbox 1104 2156 1191 2191; x_wconf 84' lang='grc' dir='ltr'>στόμα</span> <span class='ocrx_word' id='word_1_848' title='bbox 1208 2164 1257 2191; x_wconf 86' lang='grc' dir='ltr'>μου</span> <span class='ocrx_word' id='word_1_849' title='bbox 1273 2155 1310 2186; x_wconf 85' lang='grc' dir='ltr'>ὡς</span> <span class='ocrx_word' id='word_1_850' title='bbox 1323 2154 1460 2189; x_wconf 85' lang='grc' dir='ltr'>μάχαιραν</span> <span class='ocrx_word' id='word_1_851' title='bbox 1476 2152 1582 2185; x_wconf 77' lang='grc' dir='ltr'><strong>ὀξεῖαν·</strong></span> <span class='ocrx_word' id='word_1_852' title='bbox 1599 2151 1646 2178; x_wconf 69' lang='grc' dir='ltr'>καὶ</span> <span class='ocrx_word' id='word_1_853' title='bbox 1659 2150 1711 2177; x_wconf 76' lang='grc' dir='ltr'><strong>ὑπὸ</strong></span> <span class='ocrx_word' id='word_1_854' title='bbox 1727 2150 1778 2185; x_wconf 82' lang='grc' dir='ltr'>τὴν</span> <span class='ocrx_word' id='word_1_855' title='bbox 1791 2149 1899 2183; x_wconf 77' lang='grc' dir='ltr'>σκέπην</span> 
     </span>
    </p>
   </div>
   <div class='ocr_carea' id='block_1_102' title="bbox 1101 2195 1898 2238">
    <p class='ocr_par' dir='ltr' id='par_1_102' title="bbox 1101 2195 1898 2238">
     <span class='ocr_line' id='line_1_102' title="bbox 1101 2195 1898 2238; baseline -0.011 -9"><span class='ocrx_word' id='word_1_856' title='bbox 1101 2203 1151 2238; x_wconf 75' lang='grc' dir='ltr'>’τῆς</span> <span class='ocrx_word' id='word_1_857' title='bbox 1169 2203 1260 2237; x_wconf 78' lang='grc' dir='ltr'>χειρὸς</span> <span class='ocrx_word' id='word_1_858' title='bbox 1275 2200 1356 2228; x_wconf 78' lang='grc' dir='ltr'>αὐτοῦ</span> <span class='ocrx_word' id='word_1_859' title='bbox 1371 2199 1472 2236; x_wconf 72' lang='grc' dir='ltr'>ἔκρυψέ</span> <span class='ocrx_word' id='word_1_860' title='bbox 1499 2208 1532 2235; x_wconf 87' lang='grc' dir='ltr'>με</span> <span class='ocrx_word' id='word_1_861' title='bbox 1543 2207 1550 2215; x_wconf 89' lang='grc'><strong>·</strong></span> <span class='ocrx_word' id='word_1_862' title='bbox 1568 2198 1615 2225; x_wconf 76' lang='grc' dir='ltr'>καὶ</span> <span class='ocrx_word' id='word_1_863' title='bbox 1633 2196 1693 2224; x_wconf 78' lang='grc' dir='ltr'><strong>εἶπέ</strong></span> <span class='ocrx_word' id='word_1_864' title='bbox 1717 2204 1779 2232; x_wconf 86' lang='grc' dir='ltr'>μοι·</span> <span class='ocrx_word' id='word_1_865' title='bbox 1797 2195 1898 2225; x_wconf 77' lang='grc' dir='ltr'><strong>Δοῦλὸς</strong></span> 
     </span>
    </p>
   </div>
   <div class='ocr_carea' id='block_1_103' title="bbox 1104 2241 1898 2284">
    <p class='ocr_par' dir='ltr' id='par_1_103' title="bbox 1104 2241 1898 2284">
     <span class='ocr_line' id='line_1_103' title="bbox 1104 2241 1898 2284; baseline -0.011 -9"><span class='ocrx_word' id='word_1_866' title='bbox 1104 2257 1154 2284; x_wconf 85' lang='grc' dir='ltr'><strong>μου</strong></span> <span class='ocrx_word' id='word_1_867' title='bbox 1168 2245 1192 2274; x_wconf 73' lang='grc' dir='ltr'>εἴ</span> <span class='ocrx_word' id='word_1_868' title='bbox 1209 2248 1251 2280; x_wconf 83' lang='grc' dir='ltr'>σὺ,</span> <span class='ocrx_word' id='word_1_869' title='bbox 1275 2246 1384 2283; x_wconf 78' lang='grc' dir='ltr'>Ἰσραὴλ</span> <span class='ocrx_word' id='word_1_870' title='bbox 1397 2266 1404 2277; x_wconf 93' lang='grc'><strong>,</strong></span> <span class='ocrx_word' id='word_1_871' title='bbox 1430 2245 1477 2272; x_wconf 68' lang='grc' dir='ltr'>καὶ</span> <span class='ocrx_word' id='word_1_872' title='bbox 1493 2246 1522 2271; x_wconf 84' lang='grc' dir='ltr'>ὲν</span> <span class='ocrx_word' id='word_1_873' title='bbox 1547 2244 1588 2271; x_wconf 73' lang='grc' dir='ltr'>σοὶ</span> <span class='ocrx_word' id='word_1_874' title='bbox 1616 2242 1835 2278; x_wconf 73' lang='grc' dir='ltr'>δοξασθήσομαι-</span> <span class='ocrx_word' id='word_1_875' title='bbox 1851 2241 1898 2267; x_wconf 79' lang='grc' dir='ltr'>καὶ</span> 
     </span>
    </p>
   </div>
   <div class='ocr_carea' id='block_1_104' title="bbox 1101 2287 1900 2328">
    <p class='ocr_par' dir='ltr' id='par_1_104' title="bbox 1101 2287 1900 2328">
     <span class='ocr_line' id='line_1_104' title="bbox 1101 2287 1900 2328; baseline -0.011 -7"><span class='ocrx_word' id='word_1_876' title='bbox 1101 2294 1156 2328; x_wconf 77' lang='grc' dir='ltr'>ἐγὼ</span> <span class='ocrx_word' id='word_1_877' title='bbox 1181 2291 1261 2320; x_wconf 77' lang='grc' dir='ltr'>εἶπα·</span> <span class='ocrx_word' id='word_1_878' title='bbox 1288 2292 1382 2324; x_wconf 81' lang='grc' dir='ltr'>Κενῶς</span> <span class='ocrx_word' id='word_1_879' title='bbox 1409 2291 1559 2323; x_wconf 80' lang='grc' dir='ltr'>ἐκοπίασα,</span> <span class='ocrx_word' id='word_1_880' title='bbox 1586 2290 1626 2321; x_wconf 73' lang='grc' dir='ltr'><strong>εἰς</strong></span> <span class='ocrx_word' id='word_1_881' title='bbox 1652 2289 1766 2324; x_wconf 77' lang='grc' dir='ltr'>μάταιον</span> <span class='ocrx_word' id='word_1_882' title='bbox 1785 2287 1834 2314; x_wconf 84' lang='grc' dir='ltr'>καὶ</span> <span class='ocrx_word' id='word_1_883' title='bbox 1859 2288 1900 2318; x_wconf 78' lang='grc' dir='ltr'>εἰς</span> 
     </span>
    </p>
   </div>
   <div class='ocr_carea' id='block_1_105' title="bbox 1102 2335 1898 2373">
    <p class='ocr_par' dir='ltr' id='par_1_105' title="bbox 1102 2335 1898 2373">
     <span class='ocr_line' id='line_1_105' title="bbox 1102 2335 1898 2373; baseline -0.011 -6"><span class='ocrx_word' id='word_1_884' title='bbox 1102 2341 1177 2367; x_wconf 77' lang='grc' dir='ltr'>οὐδὲν</span> <span class='ocrx_word' id='word_1_885' title='bbox 1199 2339 1288 2366; x_wconf 81' lang='grc' dir='ltr'>ἔδωκα</span> <span class='ocrx_word' id='word_1_886' title='bbox 1299 2339 1348 2373; x_wconf 78' lang='grc' dir='ltr'>τὴν</span> <span class='ocrx_word' id='word_1_887' title='bbox 1365 2337 1445 2373; x_wconf 75' lang='grc' dir='ltr'>ἰσχύν</span> <span class='ocrx_word' id='word_1_888' title='bbox 1459 2346 1509 2373; x_wconf 81' lang='grc' dir='ltr'>μου</span> <span class='ocrx_word' id='word_1_889' title='bbox 1519 2345 1525 2352; x_wconf 92' lang='grc'>·</span> <span class='ocrx_word' id='word_1_890' title='bbox 1541 2336 1585 2363; x_wconf 78' lang='grc' dir='ltr'>διὰ</span> <span class='ocrx_word' id='word_1_891' title='bbox 1598 2335 1678 2362; x_wconf 77' lang='grc' dir='ltr'>τοῦτο</span> <span class='ocrx_word' id='word_1_892' title='bbox 1693 2336 1710 2369; x_wconf 84' lang='grc' dir='ltr'>ἡ</span> <span class='ocrx_word' id='word_1_893' title='bbox 1735 2335 1829 2369; x_wconf 74' lang='grc' dir='ltr'>κρίσις</span> <span class='ocrx_word' id='word_1_894' title='bbox 1847 2341 1898 2368; x_wconf 81' lang='grc' dir='ltr'><strong>μου</strong></span> 
     </span>
    </p>
   </div>
   <div class='ocr_carea' id='block_1_106' title="bbox 1102 2379 1897 2421">
    <p class='ocr_par' dir='ltr' id='par_1_106' title="bbox 1102 2379 1897 2421">
     <span class='ocr_line' id='line_1_106' title="bbox 1102 2379 1897 2421; baseline -0.01 -9"><span class='ocrx_word' id='word_1_895' title='bbox 1102 2385 1176 2420; x_wconf 77' lang='grc' dir='ltr'>παρὰ</span> <span class='ocrx_word' id='word_1_896' title='bbox 1190 2385 1294 2421; x_wconf 81' lang='grc' dir='ltr'><strong>Κυρίῳ,</strong></span> <span class='ocrx_word' id='word_1_897' title='bbox 1312 2384 1359 2411; x_wconf 70' lang='grc' dir='ltr'>καὶ</span> <span class='ocrx_word' id='word_1_898' title='bbox 1371 2385 1385 2410; x_wconf 92' lang='lat'><strong>6</strong></span> <span class='ocrx_word' id='word_1_899' title='bbox 1396 2384 1477 2414; x_wconf 77' lang='grc' dir='ltr'>πόνος</span> <span class='ocrx_word' id='word_1_900' title='bbox 1494 2392 1543 2418; x_wconf 88' lang='grc' dir='ltr'>μου</span> <span class='ocrx_word' id='word_1_901' title='bbox 1560 2382 1679 2408; x_wconf 81' lang='grc' dir='ltr'>ἐναντίον</span> <span class='ocrx_word' id='word_1_902' title='bbox 1688 2379 1735 2406; x_wconf 81' lang='grc' dir='ltr'>τοῦ</span> <span class='ocrx_word' id='word_1_903' title='bbox 1747 2379 1817 2406; x_wconf 71' lang='grc' dir='ltr'>Θεοῦ</span> <span class='ocrx_word' id='word_1_904' title='bbox 1833 2387 1897 2414; x_wconf 77' lang='grc' dir='ltr'>μου.</span> 
     </span>
    </p>
   </div>
   <div class='ocr_carea' id='block_1_107' title="bbox 1102 2424 1898 2465">
    <p class='ocr_par' dir='ltr' id='par_1_107' title="bbox 1102 2424 1898 2465">
     <span class='ocr_line' id='line_1_107' title="bbox 1102 2424 1898 2465; baseline -0.01 -8"><span class='ocrx_word' id='word_1_905' title='bbox 1102 2432 1157 2458; x_wconf 76' lang='grc' dir='ltr'><strong>Καὶ</strong></span> <span class='ocrx_word' id='word_1_906' title='bbox 1174 2431 1220 2457; x_wconf 75' lang='grc' dir='ltr'>νῦν</span> <span class='ocrx_word' id='word_1_907' title='bbox 1235 2430 1321 2462; x_wconf 72' lang='grc' dir='ltr'>οὕτως</span> <span class='ocrx_word' id='word_1_908' title='bbox 1336 2430 1409 2464; x_wconf 79' lang='grc' dir='ltr'>λέγει</span> <span class='ocrx_word' id='word_1_909' title='bbox 1424 2428 1536 2465; x_wconf 74' lang='grc' dir='ltr'>Κύριος,</span> <span class='ocrx_word' id='word_1_910' title='bbox 1548 2429 1562 2454; x_wconf 92' lang='lat'><strong>6</strong></span> <span class='ocrx_word' id='word_1_911' title='bbox 1573 2427 1678 2458; x_wconf 74' lang='grc' dir='ltr'>πλάσας</span> <span class='ocrx_word' id='word_1_912' title='bbox 1696 2434 1730 2460; x_wconf 85' lang='grc' dir='ltr'>με</span> <span class='ocrx_word' id='word_1_913' title='bbox 1746 2426 1779 2452; x_wconf 81' lang='grc' dir='ltr'>ὲκ</span> <span class='ocrx_word' id='word_1_914' title='bbox 1791 2424 1898 2454; x_wconf 80' lang='grc' dir='ltr'>κοιλίας</span> 
     </span>
    </p>
   </div>
   <div class='ocr_carea' id='block_1_108' title="bbox 1101 2470 1897 2512">
    <p class='ocr_par' dir='ltr' id='par_1_108' title="bbox 1101 2470 1897 2512">
     <span class='ocr_line' id='line_1_108' title="bbox 1101 2470 1897 2512; baseline -0.01 -8"><span class='ocrx_word' id='word_1_915' title='bbox 1101 2476 1193 2504; x_wconf 80' lang='grc' dir='ltr'>δοῦλον</span> <span class='ocrx_word' id='word_1_916' title='bbox 1206 2477 1305 2512; x_wconf 81' lang='grc' dir='ltr'>ἑαυτῷ,</span> <span class='ocrx_word' id='word_1_917' title='bbox 1319 2476 1367 2503; x_wconf 76' lang='grc' dir='ltr'>τοῦ</span> <span class='ocrx_word' id='word_1_918' title='bbox 1381 2477 1543 2510; x_wconf 78' lang='grc' dir='ltr'>συναγαγεῖν</span> <span class='ocrx_word' id='word_1_919' title='bbox 1556 2474 1601 2501; x_wconf 77' lang='grc' dir='ltr'><strong>τὸν</strong></span> <span class='ocrx_word' id='word_1_920' title='bbox 1619 2472 1717 2500; x_wconf 80' lang='grc' dir='ltr'>Ὶακὼὸ</span> <span class='ocrx_word' id='word_1_921' title='bbox 1731 2472 1800 2507; x_wconf 72' lang='grc' dir='ltr'>πρὸς</span> <span class='ocrx_word' id='word_1_922' title='bbox 1814 2470 1897 2498; x_wconf 77' lang='grc' dir='ltr'>αὑτὸν</span> 
     </span>
    </p>
   </div>
   <div class='ocr_carea' id='block_1_109' title="bbox 1102 2517 1897 2557">
    <p class='ocr_par' dir='ltr' id='par_1_109' title="bbox 1102 2517 1897 2557">
     <span class='ocr_line' id='line_1_109' title="bbox 1102 2517 1897 2557; baseline -0.009 -8"><span class='ocrx_word' id='word_1_923' title='bbox 1102 2523 1149 2548; x_wconf 75' lang='grc' dir='ltr'>καὶ</span> <span class='ocrx_word' id='word_1_924' title='bbox 1177 2523 1221 2549; x_wconf 73' lang='grc' dir='ltr'><strong>τὺν</strong></span> <span class='ocrx_word' id='word_1_925' title='bbox 1248 2521 1372 2557; x_wconf 84' lang='grc' dir='ltr'>Ἰσραήλ·</span> <span class='ocrx_word' id='word_1_926' title='bbox 1397 2521 1600 2556; x_wconf 78' lang='grc' dir='ltr'>συναχθήσομαι</span> <span class='ocrx_word' id='word_1_927' title='bbox 1616 2519 1664 2545; x_wconf 81' lang='grc' dir='ltr'>καὶ</span> <span class='ocrx_word' id='word_1_928' title='bbox 1689 2517 1897 2552; x_wconf 79' lang='grc' dir='ltr'>δοξασθήσομαι</span> 
     </span>
    </p>
   </div>
   <div class='ocr_carea' id='block_1_110' title="bbox 1102 2562 1896 2604">
    <p class='ocr_par' dir='ltr' id='par_1_110' title="bbox 1102 2562 1896 2604">
     <span class='ocr_line' id='line_1_110' title="bbox 1102 2562 1896 2604; baseline -0.009 -9"><span class='ocrx_word' id='word_1_929' title='bbox 1102 2569 1222 2595; x_wconf 77' lang='grc' dir='ltr'>ἐναντίον</span> <span class='ocrx_word' id='word_1_930' title='bbox 1247 2569 1367 2604; x_wconf 81' lang='grc' dir='ltr'>Κυρίου,</span> <span class='ocrx_word' id='word_1_931' title='bbox 1385 2568 1432 2594; x_wconf 80' lang='grc' dir='ltr'>καὶ</span> <span class='ocrx_word' id='word_1_932' title='bbox 1445 2568 1459 2593; x_wconf 89' lang='lat'><strong>6</strong></span> <span class='ocrx_word' id='word_1_933' title='bbox 1478 2567 1543 2598; x_wconf 85' lang='grc' dir='ltr'><strong>Θεὸς</strong></span> <span class='ocrx_word' id='word_1_934' title='bbox 1558 2575 1608 2601; x_wconf 80' lang='grc' dir='ltr'>μου</span> <span class='ocrx_word' id='word_1_935' title='bbox 1632 2564 1708 2591; x_wconf 73' lang='grc' dir='ltr'>ἔσται</span> <span class='ocrx_word' id='word_1_936' title='bbox 1727 2572 1774 2599; x_wconf 82' lang='grc' dir='ltr'>μοι</span> <span class='ocrx_word' id='word_1_937' title='bbox 1797 2562 1876 2598; x_wconf 80' lang='grc' dir='ltr'>ἰσχύς</span> <span class='ocrx_word' id='word_1_938' title='bbox 1888 2570 1896 2577; x_wconf 79' lang='grc'><strong><em>-</em></strong></span> 
     </span>
    </p>
   </div>
   <div class='ocr_carea' id='block_1_111' title="bbox 1101 2607 1894 2648">
    <p class='ocr_par' dir='ltr' id='par_1_111' title="bbox 1101 2607 1894 2648">
     <span class='ocr_line' id='line_1_111' title="bbox 1101 2607 1894 2648; baseline -0.011 -7"><span class='ocrx_word' id='word_1_939' title='bbox 1101 2616 1148 2641; x_wconf 84' lang='grc' dir='ltr'>καὶ</span> <span class='ocrx_word' id='word_1_940' title='bbox 1162 2612 1236 2641; x_wconf 73' lang='grc' dir='ltr'>εἷπε¹</span> <span class='ocrx_word' id='word_1_941' title='bbox 1249 2614 1328 2648; x_wconf 80' lang='grc' dir='ltr'>Μέγα</span> <span class='ocrx_word' id='word_1_942' title='bbox 1344 2613 1384 2639; x_wconf 87' lang='grc' dir='ltr'><strong>σοί</strong></span> <span class='ocrx_word' id='word_1_943' title='bbox 1401 2613 1459 2639; x_wconf 72' lang='grc' dir='ltr'>ἐστι</span> <span class='ocrx_word' id='word_1_944' title='bbox 1470 2611 1517 2638; x_wconf 77' lang='grc' dir='ltr'>τοῦ</span> <span class='ocrx_word' id='word_1_945' title='bbox 1535 2609 1667 2646; x_wconf 82' lang='grc' dir='ltr'>κληθῆναί</span> <span class='ocrx_word' id='word_1_946' title='bbox 1687 2617 1717 2635; x_wconf 81' lang='grc' dir='ltr'><strong>σε</strong></span> <span class='ocrx_word' id='word_1_947' title='bbox 1731 2607 1818 2634; x_wconf 76' lang='grc' dir='ltr'>παῖδά</span> <span class='ocrx_word' id='word_1_948' title='bbox 1832 2616 1894 2642; x_wconf 81' lang='grc' dir='ltr'>μου,</span> 
     </span>
    </p>
   </div>
   <div class='ocr_carea' id='block_1_112' title="bbox 1101 2653 1896 2697">
    <p class='ocr_par' dir='ltr' id='par_1_112' title="bbox 1101 2653 1896 2697">
     <span class='ocr_line' id='line_1_112' title="bbox 1101 2653 1896 2697; baseline -0.011 -10"><span class='ocrx_word' id='word_1_949' title='bbox 1101 2661 1148 2687; x_wconf 83' lang='grc' dir='ltr'>τοῦ</span> <span class='ocrx_word' id='word_1_950' title='bbox 1174 2661 1271 2695; x_wconf 75' lang='grc' dir='ltr'>στῆσαι</span> <span class='ocrx_word' id='word_1_951' title='bbox 1284 2660 1333 2692; x_wconf 84' lang='grc' dir='ltr'><strong>τὰς</strong></span> <span class='ocrx_word' id='word_1_952' title='bbox 1359 2659 1445 2694; x_wconf 80' lang='grc' dir='ltr'>φυλὰς</span> <span class='ocrx_word' id='word_1_953' title='bbox 1472 2656 1568 2684; x_wconf 81' lang='grc' dir='ltr'>Ἰακὼὸ</span> <span class='ocrx_word' id='word_1_954' title='bbox 1581 2677 1589 2689; x_wconf 91' lang='grc'><strong>,</strong></span> <span class='ocrx_word' id='word_1_955' title='bbox 1609 2656 1656 2697; x_wconf 77' lang='grc' dir='ltr'>καὶ</span> <span class='ocrx_word' id='word_1_956' title='bbox 1674 2655 1723 2686; x_wconf 79' lang='grc' dir='ltr'><strong>τὰς</strong></span> <span class='ocrx_word' id='word_1_957' title='bbox 1740 2653 1896 2688; x_wconf 73' lang='grc' dir='ltr'>διασπορὰς</span> 
     </span>
    </p>
   </div>
   <div class='ocr_carea' id='block_1_113' title="bbox 1100 2699 1896 2742">
    <p class='ocr_par' dir='ltr' id='par_1_113' title="bbox 1100 2699 1896 2742">
     <span class='ocr_line' id='line_1_113' title="bbox 1100 2699 1896 2742; baseline -0.011 -8"><span class='ocrx_word' id='word_1_958' title='bbox 1100 2707 1147 2733; x_wconf 75' lang='grc' dir='ltr'>τοῦ</span> <span class='ocrx_word' id='word_1_959' title='bbox 1174 2707 1281 2742; x_wconf 80' lang='grc' dir='ltr'>Ἰσραὴλ</span> <span class='ocrx_word' id='word_1_960' title='bbox 1307 2705 1484 2741; x_wconf 62' lang='grc' dir='ltr'>ἐπιστρέψαι·</span> <span class='ocrx_word' id='word_1_961' title='bbox 1505 2704 1559 2730; x_wconf 78' lang='grc' dir='ltr'>ἰδοὺ</span> <span class='ocrx_word' id='word_1_962' title='bbox 1586 2702 1697 2729; x_wconf 76' lang='grc' dir='ltr'>τέθεικὰ</span> <span class='ocrx_word' id='word_1_963' title='bbox 1723 2709 1753 2727; x_wconf 86' lang='grc' dir='ltr'><strong>σε</strong></span> <span class='ocrx_word' id='word_1_964' title='bbox 1771 2702 1813 2732; x_wconf 71' lang='grc' dir='ltr'><strong>εἰς</strong></span> <span class='ocrx_word' id='word_1_965' title='bbox 1837 2699 1896 2726; x_wconf 82' lang='grc' dir='ltr'>δια-</span> 
     </span>
    </p>
   </div>
   <div class='ocr_carea' id='block_1_114' title="bbox 1101 2746 1894 2788">
    <p class='ocr_par' dir='ltr' id='par_1_114' title="bbox 1101 2746 1894 2788">
     <span class='ocr_line' id='line_1_114' title="bbox 1101 2746 1894 2788; baseline -0.011 -8"><span class='ocrx_word' id='word_1_966' title='bbox 1101 2752 1187 2788; x_wconf 77' lang='grc' dir='ltr'>Θήκην</span> <span class='ocrx_word' id='word_1_967' title='bbox 1207 2753 1310 2787; x_wconf 83' lang='grc' dir='ltr'>γένους,</span> <span class='ocrx_word' id='word_1_968' title='bbox 1333 2753 1373 2783; x_wconf 76' lang='grc' dir='ltr'><strong>εἰς</strong></span> <span class='ocrx_word' id='word_1_969' title='bbox 1390 2751 1447 2786; x_wconf 73' lang='grc' dir='ltr'>φῶς</span> <span class='ocrx_word' id='word_1_970' title='bbox 1463 2751 1559 2781; x_wconf 77' lang='grc' dir='ltr'>ἐθνῶν,</span> <span class='ocrx_word' id='word_1_971' title='bbox 1578 2748 1624 2775; x_wconf 82' lang='grc' dir='ltr'><strong>τοῦ</strong></span> <span class='ocrx_word' id='word_1_972' title='bbox 1637 2746 1706 2774; x_wconf 78' lang='grc' dir='ltr'>εἷναί</span> <span class='ocrx_word' id='word_1_973' title='bbox 1725 2755 1755 2773; x_wconf 89' lang='grc' dir='ltr'><strong>σε</strong></span> <span class='ocrx_word' id='word_1_974' title='bbox 1776 2747 1818 2778; x_wconf 80' lang='grc' dir='ltr'><strong>εις</strong></span> <span class='ocrx_word' id='word_1_975' title='bbox 1840 2754 1894 2772; x_wconf 83' lang='grc' dir='ltr'>σω-</span> 
     </span>
    </p>
   </div>
   <div class='ocr_carea' id='block_1_115' title="bbox 1099 2791 1898 2835">
    <p class='ocr_par' dir='ltr' id='par_1_115' title="bbox 1099 2791 1898 2835">
     <span class='ocr_line' id='line_1_115' title="bbox 1099 2791 1898 2835; baseline -0.011 -8"><span class='ocrx_word' id='word_1_976' title='bbox 1099 2799 1196 2835; x_wconf 80' lang='grc' dir='ltr'>τηρίαν</span> <span class='ocrx_word' id='word_1_977' title='bbox 1211 2800 1262 2831; x_wconf 81' lang='grc' dir='ltr'>ἓως</span> <span class='ocrx_word' id='word_1_978' title='bbox 1276 2799 1390 2834; x_wconf 76' lang='grc' dir='ltr'>ἐσχάτου</span> <span class='ocrx_word' id='word_1_979' title='bbox 1405 2798 1454 2833; x_wconf 79' lang='grc' dir='ltr'>τῆς</span> <span class='ocrx_word' id='word_1_980' title='bbox 1466 2798 1528 2833; x_wconf 85' lang='grc' dir='ltr'>γῆς.</span> <span class='ocrx_word' id='word_1_981' title='bbox 1541 2796 1635 2826; x_wconf 73' lang='grc' dir='ltr'>Οὕτως</span> <span class='ocrx_word' id='word_1_982' title='bbox 1647 2795 1722 2829; x_wconf 77' lang='grc' dir='ltr'>λέγει</span> <span class='ocrx_word' id='word_1_983' title='bbox 1741 2793 1860 2829; x_wconf 74' lang='grc' dir='ltr'>Κύριος,</span> <span class='ocrx_word' id='word_1_984' title='bbox 1880 2791 1898 2818; x_wconf 85' lang='lat'><strong>6</strong></span> 
     </span>
    </p>
   </div>
   <div class='ocr_carea' id='block_1_116' title="bbox 1101 2837 1898 2882">
    <p class='ocr_par' dir='ltr' id='par_1_116' title="bbox 1101 2837 1898 2882">
     <span class='ocr_line' id='line_1_116' title="bbox 1101 2837 1898 2882; baseline -0.009 -10"><span class='ocrx_word' id='word_1_985' title='bbox 1101 2845 1252 2882; x_wconf 79' lang='grc' dir='ltr'>ρυσάμενός</span> <span class='ocrx_word' id='word_1_986' title='bbox 1265 2853 1306 2878; x_wconf 83' lang='grc' dir='ltr'><strong>σε,</strong></span> <span class='ocrx_word' id='word_1_987' title='bbox 1320 2846 1333 2871; x_wconf 94' lang='lat'><strong>6</strong></span> <span class='ocrx_word' id='word_1_988' title='bbox 1348 2844 1413 2876; x_wconf 82' lang='grc' dir='ltr'>Θεὸς</span> <span class='ocrx_word' id='word_1_989' title='bbox 1432 2843 1549 2879; x_wconf 65' lang='grc' dir='ltr'>Ἰσραύλ·</span> <span class='ocrx_word' id='word_1_990' title='bbox 1568 2841 1714 2876; x_wconf 76' lang='grc' dir='ltr'>Ἀγιάσατε</span> <span class='ocrx_word' id='word_1_991' title='bbox 1734 2839 1782 2867; x_wconf 80' lang='grc' dir='ltr'>τὸν</span> <span class='ocrx_word' id='word_1_992' title='bbox 1797 2837 1898 2874; x_wconf 69' lang='grc' dir='ltr'>φαυλι-</span> 
     </span>
    </p>
   </div>
  </div>
