2035 3214
172 168 239 196 I233

169 273 255 300 ἐθνῶν
268 274 322 300 τῶν
331 267 433 302 δούλων
445 276 499 302 τῶν
507 267 782 314 ἁρχόντων.Βασιλεῖς
791 283 900 318 ὄψονται
909 287 957 313 αὺ-

167 319 224 350 τὸν,
241 319 289 346 καὶ
297 321 494 357 ἀναστήσονται
506 322 645 358 ἄρχοντες,
666 327 712 354 καὶ
724 332 958 366 προσκυνήσουσιν

167 365 242 401 αὐτῷ
254 366 346 394 ἕνεκεν
361 369 473 404 Κυρίου·
486 371 526 398 ὅτι
541 373 635 405 πιστός
644 375 717 401 ἐστιν
729 376 743 401 6
754 375 831 410 ἅγιος
838 365 956 414 Ἰσραὴλ,

166 411 214 438 καὶ
225 411 390 448 ἐξελεξάμην
404 423 444 441 σε.
457 416 550 450 Οὕτως
564 419 637 454 λέγει
647 420 756 457 Κύριος⁸
766 411 957 461 Καιρῷ

165 458 307 494 ἐπήκουσά
318 468 376 491 σου,
393 461 440 488 καὶ
452 463 480 489 ὲν
492 465 584 501 ἡμέρᾳ
601 467 735 502 σωτηρίας
750 458 885 505 ἐϐοήθησά
903 458 955 503 σοιν,

166 505 213 531 καὶ
225 505 332 532 ἔπλασά
346 514 387 538 σε,
399 508 446 534 καὶ
459 508 547 538 ἔδωκά
563 521 593 538 σε
605 514 645 545 είς
663 514 796 551 διαθήκην
812 515 895 544 ἐθνῶν
908 517 956 544 τοῦ

164 552 335 588 καταστῆσαι
348 553 397 589 τὴν
412 556 473 592 γῆν,
490 557 536 583 καὶ
556 558 758 596 κληρονομῆσαι
773 562 955 599 κληρονομίας

163 597 213 633 ὲρή
219 606 293 633 μους,
304 599 415 635 λέγοντα
424 604 479 634 τοῖς
488 603 515 629 ὲν
526 603 634 640 δεσμοῖς
643 614 649 620 ·
674 606 819 640 Ἐξέλθετε,
829 597 956 643 καὶ-τοῖς

163 643 192 669 ὲν
206 644 245 679 τῷ
259 646 358 679 σκότει,
370 648 601 684 ἀνακαλυψθῆναι,
617 651 663 678 καὶ
669 652 698 679 ὲν
713 653 812 686 πάσαις
821 657 880 686 ταῖς
888 656 957 688 ὁδοῖς

164 688 397 726 βοσκηθήσονται,
414 694 463 720 καὶ
476 695 505 721 ἐν
523 695 623 728 πάσαις
637 698 697 729 ταῖς
719 699 824 734 τρίϐοις
842 702 859 736 ἡ
887 702 955 738 νομὴ

162 735 268 763 αὐτῶν·
286 738 315 764 οὺ
346 740 519 768 πεινάσουσιν
530 761 537 773 ,
557 742 617 769 οὐδὲ
637 743 805 780 διψήσουσιν.
820 747 886 774 οὐδέ
904 756 957 775 πα-

161 780 238 814 τάξει
264 783 362 816 αὐτοὺς
385 785 511 819 καύσων,
527 787 587 814 οὐδὲ
609 789 627 814 6
644 789 734 824 ἥλιος·
755 791 812 818 ἀλλ’
833 793 848 818 6
873 793 955 820 ἐλεῶν

161 827 261 860 αὐτοὺς
280 831 464 866 παρακαλέσει
488 833 597 866 αὐτοὺς,
624 835 672 861 καὶ
697 836 740 863 διὰ
770 838 866 874 πηγῶν
893 839 956 867 ὑδά-

161 882 216 900 των
229 874 287 907 ἄξει
304 877 412 910 αὐτοὺς,
439 878 486 905 καὶ
509 878 584 914 θήσω
609 881 663 907 πᾶν
687 881 748 918 ὄρος
762 883 801 915 είς
814 884 883 917 ὁδὸν,
905 886 953 912 καὶ

161 921 252 947 πᾶσαν
275 922 365 958 τρίϐον
396 925 436 956 εἰς
467 924 593 961 βόσκημα
624 927 724 960 αὐτοῖς.
754 939 762 955 ι
785 929 865 962 Εἰκὸς
892 932 955 963 τοὺς

161 967 194 993 ἐκ
211 969 361 1004 περιτομῆς
382 970 486 997 οἴεσθαι
510 972 573 1009 περὶ
586 964 696 1000 ’ἑαυτῶν
720 975 844 1011 εἰρῆσθαι
864 977 898 1004 τὰ
924 978 953 1004 ὲν

159 1014 194 1049 τῇ
214 1016 386 1051 προφητείᾳ,
405 1017 520 1053 ἐπείπερ
542 1018 682 1045 λέλεκται·
708 1030 718 1046 ι
735 1022 788 1048 Καὶ
809 1020 870 1049 εἶπέ
890 1032 952 1058 μοι·

158 1058 259 1091 Δοῦλός
279 1069 329 1096 μου
349 1059 376 1088 εἷ
391 1062 435 1095 σὺ,
455 1063 574 1100 Ἰσραὴλ,
595 1065 641 1091 καὶ
659 1066 688 1092 ὲν
708 1067 748 1093 σοὶ
764 1068 954 1105 ὲνδοξασθήσο-

162 1113 228 1140 μαι·
245 1116 253 1132 ι
269 1107 338 1142 πρὸς
352 1108 380 1134 δὲ
398 1108 437 1144 τῷ
461 1109 498 1145 μὴ
520 1110 651 1145 ἁρμόζειν
666 1111 706 1147 (Ῑ.
719 1112 773 1148 54)
795 1113 888 1145 αὐτοῖς
904 1114 953 1146 τὰς

158 1150 247 1183 λέξεις
263 1152 356 1187 σαφῶς
373 1153 565 1182 ἀποδείκνυται
582 1157 628 1183 καὶ
639 1157 692 1183 ἀπὸ
707 1157 760 1185 τῶν
776 1158 849 1194 ἑξῆς,
866 1159 906 1185 ὅτι
921 1159 953 1196 δὴ

159 1197 225 1232 περὶ
248 1197 342 1234 ἐτέρου
378 1198 486 1235 Ἰσραὴλ
514 1200 548 1227 τὰ
573 1201 708 1237 λεγόμενα
735 1204 950 1239 προφητεύεται·

158 1242 315 1278 γέγραπται
341 1244 410 1280 γάρ·
436 1253 445 1270 ι
468 1246 522 1272 Καὶ
540 1246 587 1273 νῦν
613 1247 699 1280 οὕτως
716 1248 789 1283 λέγει
814 1249 916 1285 Κύριος
939 1251 953 1277 6

159 1288 268 1321 πλάσας
287 1299 319 1324 με
334 1290 366 1317 ἐκ
382 1291 487 1323 κοιλίας
500 1292 592 1320 δοῦλον
609 1294 698 1330 ἑαυτῷ
717 1295 765 1322 τοῦ
790 1299 952 1331 συναγαγεῖν

158 1333 205 1360 τὸν
223 1334 319 1361 Ἰακὼϐ
339 1337 447 1364 καὶτὸν
466 1338 574 1373 Ἰσραὴλ
594 1339 662 1375 πρὸς
681 1340 762 1367 αὐτόν
774 1349 780 1356 ’
799 1342 846 1368 καὶ
872 1342 952 1369 πάλιν

159 1379 221 1408 εἶπέ
238 1391 297 1417 μοι·
313 1384 393 1418 Μέγα
411 1385 452 1411 σοί
464 1386 537 1412 ἐστιν
549 1387 579 1413 τὸ
592 1387 726 1423 κληθῆναί
746 1397 775 1415 σε
793 1390 876 1416 παῖδά
889 1399 951 1426 μου,

157 1427 206 1454 τοῦ
224 1429 322 1463 στῆσαι
335 1430 384 1462 τὰς
400 1431 486 1466 φυλὰς
499 1432 546 1458 τοῦ
564 1433 661 1460 Ἰακὼϐ
678 1434 724 1461 καὶ
739 1435 788 1467 τὰς
802 1435 951 1472 διασπορὰς

157 1474 206 1500 τοῦ
223 1475 329 1510 Ἰσραὴλ
338 1476 526 1513 ἐπιστρέψαι.»
544 1478 624 1506 Ἀλλὰ
636 1480 682 1506 καὶ
691 1481 732 1506 τό’
745 1490 754 1506 ι
766 1481 830 1508 Ἰδοὺ
843 1482 952 1510 τέθεικά

160 1529 190 1547 σε
217 1522 257 1552 είς
282 1522 340 1556 φῶς
355 1523 450 1556 ἐθνῶν,
474 1524 520 1550 τοῦ
542 1522 612 1552 εἷναί
635 1534 664 1552 σε
682 1527 721 1558 εἰς
746 1528 884 1564 σωτηρίαν
900 1529 951 1561 ἕως

159 1567 273 1602 ἰσχάτου
298 1569 347 1604 τῆς
364 1570 426 1604 γῆς,
443 1579 452 1595 ι
478 1570 628 1606 παράδοξόν
644 1581 703 1599 τινα
728 1573 775 1599 καὶ
796 1573 951 1609 θαυμαστὸν

159 1614 303 1649 ὑποφαίνει
321 1615 365 1642 τὸν
382 1616 445 1652 περὶ
459 1613 488 1642 οὗ
506 1617 519 1642 6
532 1617 677 1651 λόγος.Τίς
692 1619 713 1644 δ’
728 1618 761 1645 ἂν
777 1616 855 1652 οὗτος

157 1661 174 1686 6
187 1659 289 1696 Κύριος
306 1661 384 1696 ἡμῶν
400 1662 503 1697 Ἰησοῦς
516 1664 642 1699 Χριστὸς,
656 1665 670 1691 6
685 1665 732 1691 καὶ
751 1665 801 1701 ἤδη
815 1666 948 1702 πρότερον

159 1706 189 1732 ἐν
202 1708 257 1736 τοῖς
271 1707 399 1743 ἀνωτέρω
422 1708 518 1735 Ἰακὼϐ
530 1710 703 1745 χρηματίσας
720 1711 767 1737 καὶ
783 1711 891 1747 Ἰσραὴλ
906 1711 951 1738 διὰ

158 1752 218 1778 τοῦ·
231 1762 240 1777 ι
253 1753 348 1780 Ἰακὼϐ
361 1755 374 1780 6
385 1756 449 1786 παῖς
464 1763 525 1790 μου,
538 1755 718 1791 ἁντιλήψομαι
735 1757 828 1789 αὐτοῦ,
843 1756 951 1793 Ἰσραὴλ

158 1799 173 1825 6
189 1799 316 1832 ἐκλεκτός
333 1809 383 1836 μου
394 1821 401 1833 ,
424 1801 605 1837 προσεδέξατο
621 1803 701 1829 αὑτὸν
723 1804 740 1838 ἡ
760 1803 833 1839 ψυχή
854 1812 921 1839 μου;
937 1813 947 1830 ›

159 1842 243 1878 Οὗτος
254 1847 309 1882 γάρ
333 1847 407 1874 ἐστιν
423 1848 437 1874 6
465 1848 544 1883 μόνος
567 1849 628 1875 κατ’
642 1848 771 1885 ἀλήθειαν
792 1849 864 1884 ὁρῶν
883 1849 949 1876 Θεὸν

158 1891 204 1917 τὸν
219 1891 338 1927 Πατέρα,
360 1893 466 1929 Ἰσραὴλ
486 1894 536 1929 μὲν
555 1895 764 1930 ὀνομαζόμενος,
779 1896 848 1931 ὅπερ
862 1896 949 1932 ἑρμη-

159 1934 264 1962 νεύεται
280 1946 288 1961 ι
302 1936 374 1972 ὁρῶν
393 1937 440 1964 τὸν
459 1937 536 1970 Θεὸν,
552 1949 560 1964 ι
575 1939 635 1965 κατ’
652 1940 773 1967 ἐπίνοιαν
798 1940 880 1967 αὐτοῦ
898 1941 948 1976 τῆς

158 1980 284 2017 θεότητος
293 1991 300 1997 ι
315 1982 414 2009 Ἰακὼϐ
426 1983 465 2016 δὲ,
475 1984 542 2020 ὅπερ
555 1985 613 2011 ἐστὶ
630 1995 639 2011 ι
655 1986 827 2022 πτερνιστὴς,
842 1997 851 2012 ι
864 1986 923 2014 καθ’
934 1987 949 2013 ὂ

158 2027 371 2064 ὲνανθρωπήσας
381 2030 587 2065 κατηγωνίσατο
599 2031 688 2064 πάσας
699 2032 748 2064 τὰς
759 2032 948 2069 ἀντικειμένας

157 2074 296 2110 δυνάμεις.
314 2076 386 2112 Ὅρα
412 2076 440 2102 δὲ
467 2078 491 2104 εί
512 2078 549 2112 μὴ
578 2078 737 2113 συνᾴδουσιν
766 2079 894 2115 ἀλλήλαις
920 2080 948 2106 at

157 2122 320 2156 περικοπαὶ,
336 2123 353 2158 ἥ
370 2132 399 2150 τε
418 2124 487 2159 μετὰ
501 2125 609 2160 χεῖρας,
627 2125 674 2151 καὶ
695 2126 724 2152 ὲν
781 2125 888 2160 ἐλέγετο
901 2125 948 2157 τὸ,

161 2177 170 2193 ε
182 2167 278 2194 Ἰακὼϐ
289 2169 303 2194 6
317 2171 381 2201 παῖς
394 2178 443 2205 μου
455 2180 464 2196 ι
477 2171 517 2203 εἰς
530 2171 576 2199 τὸν
590 2171 705 2207 Χριστὸν
731 2172 932 2208 ἀναφερόμενον
941 2181 947 2187 ·

156 2213 194 2246 ὡς
211 2213 266 2248 γάρ
286 2222 327 2240 τοι
350 2216 408 2241 ἐκεῖ
421 2216 451 2242 τὸ
469 2226 478 2241 ‹
502 2217 598 2244 Ἰακὼϐ
616 2218 630 2243 ὁ
657 2219 721 2249 παῖς
740 2226 790 2253 μου
803 2227 812 2244 ›
832 2218 949 2253 εἴρηται,

156 2259 244 2291 οὕτως
274 2259 367 2286 ἐνθάδε
392 2261 422 2287 τὸ
441 2271 449 2287 ι
468 2263 540 2297 μέγα
559 2263 600 2290 σοί
621 2264 679 2290 ἐστι
700 2264 747 2290 τοῦ
767 2264 899 2300 κληθῆναί
920 2273 950 2290 σε

684 173 832 203 ECLOGA:
852 177 1091 212 ΡΒΟΡΗΕΤΙΟΑΞ,
1111 200 1146 205 -
1165 185 1229 214 LIB.
1249 186 1291 215 Π.

171 227 252 260 ζοντα
264 227 313 263 τὴν
328 228 415 271 ψυχὴν
429 229 520 262 αὐτοῦ,
543 231 814 270 τὺν.βδελυσσόμενον
830 238 882 265 ὑπὸ
905 240 959 267 τῶν
973 245 995 272 Α
1010 244 1124 272 minanti

1730 195 1799 225 1954

1128 254 1183 273 um.
1197 246 1283 284 Reges
1296 249 1426 278 videbunt
1436 252 1534 288 eumIet
1542 257 1799 291 cxsurgentprinci-

1009 294 1102 336 pes,et
1113 292 1266 321 adorabunt
1275 302 1335 322 eum
1346 300 1456 331 propter
1468 296 1610 326 Dominum
1622 302 1700 336 :quia
1711 301 1800 331 fidelis

1008 338 1050 362 est
1068 334 1187 364 Sanctus
1206 339 1301 371 Israel,
1320 344 1347 367 et
1361 341 1429 376 elegi
1446 345 1482 370 te.
1496 342 1559 371 Haec
1571 334 1776 375 dieitbominus
1790 358 1796 376 :

1007 381 1038 409 In
1054 387 1175 418 tempore
1182 384 1281 419 placito
1289 387 1413 415 cxaudivi
1427 392 1463 421 te,
1476 392 1503 417 et
1513 389 1540 417 in
1555 390 1599 419 die
1610 392 1705 420 salutis
1722 395 1800 422 auxi-

1008 427 1090 455 liatus
1103 436 1162 456 sum
1176 429 1241 457 tibi:
1252 435 1278 458 et
1289 433 1395 459 servavi
1407 437 1444 465 te,
1457 437 1483 461 et
1495 434 1556 461 dedi
1572 435 1632 463 tein
1647 436 1738 465 fmdus
1753 445 1798 473 po-

1007 473 1074 508 puli,
1088 477 1117 500 ut
1134 475 1282 503 suscitares
1294 479 1405 509 terram,
1418 482 1445 505 ct
1460 479 1615 513 possideres
1625 480 1798 511 hereditates

1007 518 1172 554 dissipatas;
1188 524 1217 547 ut
1227 521 1333 549 diceres
1348 522 1391 550 his
1406 524 1452 558 qui
1464 525 1547 552 vincti
1561 529 1625 553 sunt
1641 535 1646 552 :
1662 526 1750 560 Exite,
1771 532 1798 556 ct

1007 563 1050 591 his
1062 566 1109 599 qui
1125 566 1152 592 in
1167 567 1288 595 tenebris
1305 574 1313 594 :
1328 567 1506 598 Reveiamini.
1529 570 1617 607 Super
1628 581 1723 602 omnes
1737 575 1797 604 vias

1007 615 1167 646 pascentur,
1180 616 1208 640 et
1221 612 1249 640 in
1265 613 1392 642 omnibus
1405 616 1494 650 planis
1506 624 1607 652 pascua
1619 625 1725 647 eorum.
1735 619 1795 648 Non

1007 664 1145 698 esuriem,
1165 673 1254 701 neque
1269 666 1373 700 sitient,
1395 671 1421 695 et
1436 676 1488 696 non
1507 671 1641 704 percutiet
1654 680 1701 700 eos
1713 677 1796 702 mstus

1006 714 1034 738 et
1048 711 1088 738 sol
1103 720 1110 738 :
1126 711 1189 747 quia
1203 713 1349 741 miseralor
1368 721 1461 742 eorum
1479 721 1553 751 reget
1569 726 1626 750 eos,
1642 723 1669 746 et
1684 719 1718 746 ad
1736 721 1797 747 fon-

1006 760 1048 784 tes
1061 764 1193 792 aquarum
1210 759 1317 794 potabit
1331 760 1441 788 eos.‘Et
1457 769 1554 796 ponam
1570 772 1664 792 omnes
1689 770 1797 795 montes

1006 810 1082 831 meos
1098 803 1126 830 in
1140 804 1223 837 viam,
1237 809 1264 833 et
1280 813 1389 834 omnem
1408 808 1531 836 semitam
1547 810 1627 837 eisin
1645 819 1746 846 pascua
1757 813 1793 840 ¹.ι

1007 847 1164 876 Verisimile
1180 854 1222 877 est
1239 851 1345 885 opinari
1368 851 1496 881 Hebraeos
1512 855 1565 882 sibi
1586 855 1667 889 hujus
1677 857 1796 892 prophe-

1007 893 1052 920 tia:
1065 894 1146 921 verba
1172 894 1237 927 dici,
1264 896 1369 924 scilicet
1388 906 1395 925 :
1417 907 1426 924 ‹
1446 898 1478 925 Ει
1497 899 1565 927 dixit
1582 900 1649 927 mihi
1666 911 1673 929 :
1693 901 1796 932 Servus

969 939 990 966 B
1006 945 1083 966 meus
1095 945 1125 966 es
1143 943 1186 971 tu,
1199 939 1295 974 Israel,
1312 945 1338 969 et
1360 941 1388 969 in
1413 945 1440 971 te
1467 944 1614 980 gloriabor.
1634 956 1643 973 ι
1661 946 1721 975 Non
1736 948 1795 976 istis

1005 990 1069 1010 vero
1084 983 1141 1011 haec
1154 986 1303 1014 convenire
1313 987 1502 1016 demonstrant
1517 999 1577 1026 qua:
1590 997 1753 1027 sequuntur,
1769 1000 1796 1022 et

1004 1028 1037 1055 ad
1053 1029 1137 1056 alium
1150 1030 1234 1058 Israel
1253 1036 1395 1067 spectare;
1414 1034 1545 1069 scriptum
1561 1040 1603 1064 est
1617 1036 1690 1064 enim
1706 1046 1713 1064 :
1733 1046 1743 1063 ι
1763 1037 1795 1065 Et

1004 1082 1078 1102 nunc
1094 1076 1134 1103 sic
1146 1076 1211 1104 dicit
1228 1076 1370 1111 Dominus,
1399 1079 1521 1108 formans
1537 1089 1580 1109 me
1596 1090 1629 1110 ex
1644 1086 1722 1111 utero
1735 1091 1795 1111 ser-

1004 1129 1067 1149 vum
1082 1121 1146 1155 sibi,
1164 1126 1194 1150 ut
1205 1123 1333 1151 reducam
1352 1123 1436 1153 Jacob
1449 1125 1483 1152 ad
1498 1134 1571 1157 eum.
1598 1130 1625 1154 et
1646 1127 1741 1155 Israel.
1760 1127 1794 1156 Et

1003 1174 1100 1195 rursus
1116 1168 1184 1195 dixit
1200 1169 1284 1196 mihi:
1303 1169 1430 1205 Magnum
1453 1171 1501 1198 tibi
1529 1176 1570 1199 est
1595 1173 1689 1200 vocari
1706 1174 1793 1202 ﬁlium

1004 1221 1105 1246 meum,
1124 1215 1158 1242 ad
1175 1216 1349 1244 suscitandas
1361 1217 1449 1245 tribus
1460 1216 1554 1251 Jacob,
1576 1224 1602 1246 ct
1617 1218 1697 1248 faeces
1711 1219 1795 1248 lsrael

1004 1268 1214 1296 convertendas.
1234 1277 1243 1294 ι
1261 1268 1314 1297 Sed
1330 1273 1357 1297 et
1372 1270 1437 1298 illud
1452 1280 1458 1298 :
1477 1281 1486 1297 ι
1503 1271 1573 1300 Ecce
1587 1271 1647 1300 dedi
1664 1276 1690 1301 te
1709 1273 1736 1300 in
1752 1273 1795 1301 iu-

1003 1319 1061 1340 cem
1077 1314 1209 1348 gentium,
1228 1318 1256 1341 ut
1272 1314 1310 1342 sis
1325 1315 1399 1343 salus
1415 1323 1475 1344 mea
1494 1325 1580 1352 usque
1594 1317 1628 1344 ad
1641 1322 1794 1346 extremum

1003 1362 1092 1391 teme,
1112 1368 1121 1384 ι
1137 1359 1322 1388 admirabilem
1337 1361 1484 1395 quemdam
1496 1367 1523 1389 et
1536 1362 1720 1398 prodigiosum
1736 1363 1795 1391 fore

1003 1404 1173 1432 demonstrat
1188 1412 1249 1432 eum
1266 1405 1300 1433 de
1316 1414 1370 1441 quo
1391 1414 1482 1434 sermo
1505 1407 1629 1435 habetur.
1655 1408 1723 1442 Quis
1746 1418 1795 1437 au-

1003 1453 1055 1477 tem
1074 1450 1119 1477 hic
1133 1454 1216 1483 esset,
1230 1452 1282 1479 nisi
1293 1451 1426 1479 Dominus
1442 1457 1535 1480 noster
1548 1453 1630 1481 Jesus
1645 1454 1772 1483 Christus
1785 1476 1792 1487 .

1002 1497 1049 1531 qui
1063 1496 1120 1531 jam
1138 1498 1214 1532 prius
1231 1498 1258 1524 in
1272 1498 1305 1526 iis
1320 1506 1379 1533 qua:
1393 1507 1476 1534 supra
1500 1500 1584 1527 relata
1602 1504 1685 1533 sunt,
1710 1500 1794 1529 Iacob

1002 1546 1030 1569 et
1048 1543 1131 1570 Israel
1145 1543 1337 1572 manifestatus
1364 1549 1406 1572 est
1431 1545 1526 1574 dicens
1551 1555 1556 1572 :
1583 1556 1592 1572 ‹
1611 1546 1705 1582 ,Ιίιεοίη
1727 1555 1795 1582 puer

1002 1596 1090 1621 meus,
1105 1589 1254 1624 suscipiam
1280 1598 1360 1623 eum,
1389 1595 1417 1617 et
1440 1591 1524 1619 Israel
1562 1593 1666 1620 electus
1691 1600 1794 1621 meus:

869 1621 910 1656 εῐ⁷1
929 1620 945 1656 ἢ
963 1626 986 1657 c
1002 1635 1123 1669 suscepit
1138 1643 1200 1662 eum
1229 1635 1318 1663 anima
1349 1636 1427 1663 mea?
1444 1646 1454 1663 ι
1486 1636 1536 1664 Hic
1555 1637 1627 1664 enim
1650 1643 1693 1665 est
1717 1638 1795 1666 solus

1002 1687 1067 1707 vere
1080 1680 1176 1707 videns
1192 1680 1276 1708 Deum
1294 1680 1402 1709 Patrem
1414 1701 1421 1714 ,
1443 1682 1527 1709 Israel
1541 1683 1650 1718 quidem
1667 1684 1793 1710 nomina-

1002 1729 1056 1758 tus,
1069 1725 1142 1761 quod
1161 1726 1356 1762 interpretatur
1370 1726 1459 1754 videns
1477 1727 1559 1754 Deum
1569 1749 1575 1761 ,
1596 1728 1676 1763 juxta
1690 1728 1792 1756 divini-

1001 1779 1065 1806 tatis
1080 1786 1267 1807 suae-sensum
1280 1789 1288 1814 ;
1303 1779 1389 1808 Jacob
1410 1785 1511 1814 autem,
1540 1781 1567 1808 id
1584 1785 1627 1809 est
1656 1782 1770 1809 luctator
1784 1803 1791 1815 ,

1000 1825 1130 1860 quoniam
1152 1825 1312 1854 incarnatus
1337 1833 1433 1855 omnes
1449 1827 1620 1855 adversaries
1647 1828 1792 1856 debellavit

1000 1875 1159 1906 potestates.
1175 1871 1292 1899 Attende
1313 1872 1384 1899 enim
1401 1873 1538 1908 quomodo
1553 1874 1727 1901 consentiant
1750 1874 1792 1901 in-

999 1923 1042 1947 ter
1057 1927 1086 1946 se
1103 1920 1271 1954 prophetiae;
1288 1920 1345 1947 hac
1360 1921 1482 1956 quidem,
1499 1922 1532 1949 de
1547 1930 1600 1957 qua
1611 1931 1684 1951 nunc
1701 1931 1794 1951 sermo

1000 1966 1125 1999 habetur,
1137 1968 1200 1994 etin
1214 1975 1267 2002 qua
1280 1968 1380 1994 dicitur
1392 1969 1469 2001 illud,
1483 1979 1490 1994 ι
1503 1969 1587 1997 Jacob
1599 1970 1671 1998 lilius
1685 1979 1789 2005 meus,»

999 2015 1071 2049 quod
1085 2015 1118 2042 ad
1133 2015 1273 2043 Christum
1289 2021 1411 2051 spectat;
1431 2018 1502 2045 sicut
1516 2019 1589 2046 enim
1604 2019 1660 2047 illic
1684 2028 1693 2046 ι
1706 2019 1794 2048 Iacob.

999 2069 1066 2096 puer
1080 2068 1157 2089 meus
1176 2070 1185 2088 ι
1200 2062 1311 2095 dicitur,
1325 2063 1363 2090 ita
1377 2063 1422 2090 hic
1443 2073 1453 2089 ‹
1472 2064 1598 2100 Magnum
1614 2066 1662 2093 tibi
1683 2069 1725 2094 est
1740 2073 1789 2093 vo-

1000 2106 1058 2134 cari
1073 2111 1099 2134 te
1115 2107 1200 2134 tilium
1216 2115 1306 2135 meum
1318 2115 1326 2139 ;
1339 2117 1348 2134 ι
1359 2111 1386 2135 et
1397 2108 1468 2136 sicut
1483 2109 1549 2142 illic,
1566 2119 1576 2135 ‹
1590 2109 1673 2138 Israel
1687 2111 1792 2139 electus

1000 2161 1078 2181 meus
1096 2164 1104 2179 ι
1124 2152 1235 2187 dicitur,
1251 2154 1288 2180 ita
1304 2154 1358 2187 hic,
1374 2164 1383 2180 ι
1408 2155 1471 2190 quia
1496 2155 1584 2184 ﬁdelis
1609 2162 1650 2184 est
1679 2161 1792 2185 sanctus

1001 2199 1095 2232 Israel,
1111 2204 1138 2228 et
1155 2201 1223 2236 elegi
1237 2204 1274 2228 te.
1295 2212 1305 2227 ι
1324 2200 1485 2237 Rursusque
1499 2202 1555 2230 illic
1571 2203 1690 2231 dicitur:
1703 2213 1712 2230 ι
1725 2203 1791 2232 Dedi

1003 2257 1029 2282 te
1043 2254 1070 2281 in
1083 2258 1274 2282 testamentum
1290 2255 1407 2290 generis,
1434 2256 1463 2283 in
1481 2256 1572 2284 lumen
1596 2258 1716 2292 gentium
1730 2277 1737 2290 ,
1762 2261 1794 2286 ut

157 2305 241 2332 παῖδά
252 2314 302 2340 μου
312 2313 318 2320 ο
326 2315 335 2331 ι
348 2306 395 2332 καὶ
406 2306 443 2338 ὡς
457 2308 514 2334 ἐκεῖ
521 2309 560 2341 τὸ,
573 2319 581 2335 ι
594 2310 701 2346 Ἰσραὴλ
711 2312 725 2337 6
735 2310 861 2351 ἐκλεκτός
875 2320 925 2347 μου
937 2321 945 2338 ι

1002 2301 1123 2336 aperires
1136 2301 1231 2328 oculos
1247 2308 1382 2328 caecorum
1395 2321 1402 2333 ,
1429 2305 1456 2329 et
1472 2302 1603 2330 educeres
1629 2302 1661 2330 dc
1678 2303 1792 2330 conclu-

157 2351 293 2383 λέλεκται,
307 2351 392 2383 οὕτως
405 2352 497 2379 ἐνθάδε
508 2354 548 2386 τὸ,
563 2365 572 2380 ι
582 2356 622 2383 ὅτι
642 2357 737 2388 πιστός
754 2358 828 2384 ἐστιν
842 2359 856 2384 ὀ
872 2358 950 2392 ἅγιος

165 2397 282 2432 Ἰσραὴλ,
295 2398 341 2423 καί
360 2396 524 2433 ἐξελεξάμην
539 2407 579 2425 σε.
599 2410 608 2426 ι
626 2401 709 2428 Πάλιν
723 2411 754 2428 τε
771 2400 804 2429 αὖ
825 2403 885 2430 ἐκεῖ
899 2403 948 2438 μὲν

157 2443 275 2478 εἴρηται·
296 2453 305 2469 ι
317 2443 426 2470 Ἕδωκά
440 2452 469 2469 σε
495 2445 535 2475 εἰς
555 2445 686 2482 διαθήκην
700 2448 804 2482 γένους,
821 2449 862 2481 εἰς
890 2449 948 2483 φῶς

157 2488 259 2520 ἐθνῶν,
286 2488 390 2522 ἀνοῖξαι
420 2489 575 2525 ὀφθαλμοὺς
595 2492 720 2526 τυφλῶν,
747 2494 890 2529 ἐξαγαγεῖν
916 2495 948 2522 ὲκ

156 2535 265 2570 δεσμῶν
275 2535 444 2571 δεδεμένους,
457 2535 503 2562 καὶ
515 2536 543 2569 ἐξ
554 2536 628 2563 οἴκου
639 2538 763 2574 φυλακῆς
774 2539 944 2576 καθημένους

157 2579 187 2604 ἐν
205 2579 296 2606 σκότει
306 2588 312 2594 ·
333 2590 342 2606 ι
355 2581 384 2606 ὲν
394 2579 423 2607 δὲ
439 2581 471 2616 τῇ
490 2581 559 2615 μετὰ
570 2583 672 2618 χεῖρας·
689 2593 698 2609 ι
717 2584 781 2611 Ἰδοὺ
795 2585 904 2613 τέθεικά
917 2594 946 2612 σε

158 2625 199 2656 είς
214 2625 271 2659 φῶς
287 2626 380 2659 ἐθνῶν,
397 2627 445 2654 τοῦ
459 2630 629 2665 καταστῆσαι
644 2630 693 2666 τὴν
710 2631 771 2667 γῆν,
790 2633 837 2659 καὶ
849 2633 946 2669 κληρο-

156 2670 277 2706 νομῆσαι
312 2673 493 2710 κληρονομίαν
523 2676 626 2712 ὲρήμου
643 2698 650 2709 ,
682 2676 795 2712 λέγοντα
826 2680 882 2711 τοῖς
917 2681 947 2707 ὲν

156 2718 286 2752 δεσμοῖς·
309 2719 461 2753 Ἐξέλθετε,
487 2722 533 2748 καὶ
549 2723 605 2754 τοῖς
629 2724 658 2749 ἐν
680 2723 719 2759 τῷ
733 2724 822 2751 σκότει
839 2733 847 2740 ⁸
869 2726 946 2753 Ἀνα-

158 2763 324 2799 καλύφθητε.
349 2775 359 2791 ι
384 2765 445 2793 Ὅτι
469 2767 518 2803 μὲν
544 2767 591 2795 οὖν
618 2769 706 2795 οὐδενὶ
731 2770 802 2806 ἄλλῳ
828 2770 844 2806 ἢ
873 2772 944 2808 μόνῳ

157 2810 196 2847 τῷ
213 2811 318 2847 Σωτῆρι
336 2812 414 2848 ἡμῶν
434 2813 546 2849 ἁρμόζει
573 2815 607 2842 τὰ
623 2816 652 2842 ἐν
670 2818 729 2848 ταῖς
751 2818 944 2854 προκειμέναις

196 2901 276 2930 ‘lsai.
289 2909 360 2936 uix,
378 2903 452 2930 LM.

1004 2347 1082 2375 sione
1095 2347 1214 2379 vinctos,
1241 2346 1275 2374 de
1299 2346 1381 2374 domo
1398 2348 1518 2376 careeris
1536 2349 1661 2376 sedentes
1676 2349 1703 2377 in
1717 2353 1792 2377 tene-

1002 2393 1076 2427 bris;
1095 2403 1105 2420 ι
1123 2393 1149 2420 in
1163 2399 1297 2428 praesente
1317 2401 1382 2420 vero
1397 2393 1540 2429 prophetia
1557 2403 1563 2421 :
1579 2403 1588 2418 ι
1604 2394 1675 2422 Ecce
1689 2394 1751 2422 dedi
1766 2400 1793 2423 te

1002 2441 1030 2468 in
1046 2441 1133 2468 lucem
1143 2440 1275 2475 gentium,
1291 2445 1320 2466 ut
1337 2441 1487 2468 suscitares
1500 2445 1612 2473 terram,
1625 2445 1653 2468 et
1667 2441 1792 2476 posside-

1002 2495 1046 2514 res
1062 2485 1233 2513 hmredilates
1247 2486 1413 2520 dissipatas;
1431 2490 1460 2513 ut
1473 2487 1579 2514 diceres
1591 2487 1635 2514 his
1645 2487 1692 2522 qui
1706 2487 1790 2521 vincti

999 2538 1063 2563 sunt
1080 2543 1086 2560 :
1105 2532 1194 2564 Exite,
1210 2535 1237 2559 et
1254 2531 1296 2559 his
1311 2532 1358 2566 qui
1375 2532 1403 2559 in
1418 2532 1539 2560 tenebris
1554 2542 1559 2559 :
1579 2532 1758 2562 Revelamini.
1779 2545 1788 2561 ι

1001 2587 1079 2622 Quod
1097 2585 1206 2622 quidem
1236 2585 1304 2612 nulli
1327 2585 1373 2612 alii
1401 2592 1433 2612 ac
1462 2586 1513 2613 soli
1532 2585 1667 2614 Salvatori
1695 2591 1790 2614 nostro

1001 2634 1168 2662 conveniunt
1181 2632 1233 2659 illa:
1258 2631 1417 2667 prophetiae.
1434 2631 1608 2660 manifestum
1631 2633 1676 2660 ﬁet
1696 2634 1790 2661 multi-

1001 2680 1088 2708 tudini
1105 2679 1224 2715 gentium
1239 2686 1300 2714 qua:
1315 2679 1342 2705 in
1357 2686 1419 2706 eum
1445 2682 1527 2714 atque
1548 2686 1597 2714 per
1608 2687 1670 2707 eum
1686 2679 1714 2707 in
1729 2687 1790 2707 om-

999 2728 1074 2755 nium
1087 2726 1170 2754 Deum
1183 2731 1371 2760 speravcrunt,
1381 2725 1481 2760 quibus
1494 2732 1508 2751 a
1525 2724 1606 2753 Patre
1622 2726 1790 2755 constitutus

999 2777 1043 2800 est
1058 2773 1087 2800 in
1103 2772 1204 2799 lumen.
1223 2771 1268 2798 Ait
1279 2771 1371 2806 igitur,
1387 2781 1396 2796 ι
1415 2775 1445 2798 ut
1461 2771 1610 2799 suscitares
1634 2775 1734 2800 terram
1747 2791 1756 2805 ,
1776 2782 1786 2798 ι

1001 2819 1106 2847 scilicet
1120 2818 1154 2847 ad
1169 2818 1286 2846 animam
1302 2818 1379 2854 prius
1393 2817 1510 2845 tumultu
1525 2821 1553 2846 et
1570 2819 1689 2854 procella
1703 2819 1790 2854 agita-
