2035 3214
243 169 314 196 1955

571 165 704 194 EUSEBH
723 165 961 195 CIESARIENSIS
980 167 1055 195 OPP.
1078 166 1166 195 PARS
1187 167 1230 195 Ill.
1249 182 1284 188 —
1305 167 1508 196 EXEGETlCL

1797 166 1870 194 ηδε

242 223 333 250 tamin
350 230 444 258 pacem
454 226 480 250 et
494 221 716 256 tranquillitatem
729 223 925 255 reaucendam;
942 223 989 251 sed
1003 230 1022 250 ei

1083 224 1279 259 προφητείαις,
1310 224 1389 260 δῆλον
1423 225 1497 251 ἔσται
1533 226 1588 257 τοῖς
1616 225 1793 260 ἑτιστήσασιν
1828 225 1869 260 τῷ

243 279 253 295 ι
272 273 301 296 ut
317 268 472 304 possideres
494 267 666 295 haereditates
680 267 826 302 dissipatas
840 288 848 300 ,
879 277 889 293 ι
907 273 1028 303 gentium

239 315 365 343 videlicet
381 314 547 347 Ecclesiam;
563 321 643 349 quam
660 317 723 341 ante
737 314 832 348 ‘ipsius
862 315 1030 342 incarnatio-

239 369 302 388 nem
318 361 463 392 desertam.
479 360 558 395 quasi
576 360 761 389 lmreditatem
788 361 893 395 accepit
919 361 953 388 ab
982 361 1029 388 illo

239 406 286 440 qui
297 406 366 433 dixit
377 406 401 433 ei
415 415 422 433 :
441 414 450 431 ι
466 405 530 433 Pete
549 413 563 432 a
580 413 634 437 me,
647 409 673 432 et
689 405 759 433 dabo
771 405 818 433 tibi
835 411 929 440 gentes
942 407 1028 435 haere-

239 452 351 479 ditatem
367 456 439 479 tuam
458 452 476 480 ί.
493 463 503 479 ι
521 451 571 479 Hic
586 456 676 480 autem
701 452 778 486 juxta
800 453 968 488 prophetiam
995 454 1028 482 de

239 507 269 527 sc
283 499 352 533 ipso,
366 506 414 526 eos
429 499 476 534 qui
490 499 517 526 in
534 499 652 527 vinculis
665 504 753 532 erant,
766 500 841 527 exire
851 501 944 534 jussit.
957 500 1028 529 Sane

238 545 310 571 enim
328 543 442 576 Lazaro,
458 552 538 579 quem
555 545 648 572 fasciis
661 545 716 580 jam
732 545 885 572 redimitum
905 550 984 581 atque
999 547 1027 574 in

238 591 365 626 sepulcro
380 598 395 618 a
410 591 557 624 quatriduo
578 590 732 626 depositum
748 592 873 624 viderat,
904 596 934 619 ut
959 593 1027 620 liber

237 637 324 665 exiret
337 637 489 672 imperavit,
505 637 618 665 dicens:
643 647 652 662 ι
672 636 783 667 Lazare.
802 639 863 665 veni
880 638 952 666 foras
969 641 991 665 ³.
1014 649 1023 666 ι

236 683 348 711 Necnon
371 683 477 710 ratione
490 683 580 718 aliqua
605 683 638 710 ad
663 683 744 710 ﬁliam
762 683 928 716 Abrahami,
944 693 1025 720 quam

237 729 440 757 constrinxerat
458 728 576 757 Satanas
590 729 684 760 decem
697 733 724 757 et
743 734 805 758 octo
817 737 915 763 annos,
929 739 1021 766 quam-

236 781 289 808 que
306 774 422 808 pristina
441 773 598 801 infirmitate
610 774 753 802 liberatam
767 794 773 805 ,
798 775 960 802 incolumem
988 776 1026 803 di-

235 819 321 847 misit.
333 819 478 851 Caaterum,
491 820 592 854 ubique
609 820 642 847 iis
657 821 703 855 qui
718 824 891 855 peccatorum
908 821 1027 849 vinculis

235 865 465 900 lmpediebantur,
487 866 609 901 priorum
633 874 743 894 suarum
762 867 934 902 iniquitatum
957 869 1024 896 mis-

235 912 339 939 sionem
362 911 510 944 concessit,
532 916 613 947 prout
632 913 708 940 solus
737 917 897 948 potestatem
921 913 1026 942 habens

233 955 388 982 dimittendi
403 961 523 991 peccata.
545 957 651 990 Quibus
675 965 748 985 nunc
773 965 882 993 quoque
901 958 1024 985 doctrina

233 1012 284 1032 sua
299 1005 416 1040 imperat
428 1009 468 1038 ut,
483 1006 571 1041 ruptis
584 1006 722 1041 prioribus
741 1006 868 1038 vinculis,
880 1006 1024 1042 egredian-

233 1055 288 1082 tur.
302 1051 451 1086 unicuique
468 1052 598 1079 dictitans
613 1062 619 1079 :
643 1061 652 1078 ι
674 1051 745 1080 Ecce
763 1060 848 1080 sanus
865 1052 953 1079 factus
968 1060 998 1079 es
1015 1061 1022 1079 :

233 1097 287 1132 jam
302 1097 357 1124 noli
375 1105 489 1133 peccare
500 1098 522 1126 '.
549 1107 558 1123 ι
584 1098 719 1126 Praeterea
736 1106 810 1125 nunc
836 1098 925 1126 adhuc
947 1098 1024 1133 igno-

233 1142 329 1170 rantim
354 1147 381 1170 et
406 1143 517 1171 malitia:
532 1143 654 1172 tenebris
671 1143 827 1171 obscuratis
851 1143 970 1179 praecipit
994 1148 1024 1170 ut

232 1189 398 1223 revelentur,
413 1190 514 1225 quippe
526 1189 573 1225 qui
585 1189 704 1217 Verbum
722 1189 768 1217 Dei
794 1193 850 1222 est,
873 1190 1024 1225 prmcordia

231 1240 259 1262 et
270 1243 350 1263 renes
369 1236 520 1271 inquirens.
536 1236 682 1271 cordisque
696 1237 893 1271 cogitationum
916 1240 942 1264 et
962 1244 1023 1264 sen-

231 1281 380 1308 tentiarum
395 1281 548 1318 indagator.
561 1281 660 1309 Verum
677 1287 706 1309 ut
719 1290 799 1317 quam
816 1282 977 1310 brevissime
989 1281 1023 1309 iis

231 1328 434 1359 incumbamus,
450 1328 630 1362 prmcedentia
646 1329 728 1356 verba
745 1328 778 1356 iis
791 1336 850 1363 qua:
867 1329 900 1356 de
913 1328 1022 1355 Christo

231 1375 304 1402 dicta
318 1378 383 1400 sunt
396 1374 634 1401 accommodantes
647 1394 654 1406 ,
682 1380 763 1408 atque
780 1374 815 1400 ab
838 1374 918 1400 initio
944 1382 1022 1401 resu~

231 1424 347 1451 mentes,
364 1424 486 1447 nostram
508 1419 541 1447 de
557 1419 610 1447 illis
631 1419 883 1454 interpretationem
900 1418 1022 1454 profere-

231 1473 303 1493 mus.
320 1465 348 1492 In
365 1465 456 1492 multis
470 1465 553 1500 igitur
563 1465 785 1492 circumcisiouis
808 1465 909 1500 populo
929 1469 1022 1500 aperto

231 1509 437 1542 manifestatus,
455 1518 516 1538 cum
541 1510 653 1538 nomine
677 1510 735 1538 sive
759 1509 866 1543 Jacob,
897 1510 955 1538 sive
982 1510 1021 1538 ls-

230 1557 286 1585 rael
307 1561 432 1589 vocatur,
455 1556 481 1584 in
500 1557 627 1592 praesenti
643 1564 698 1584 non
720 1555 752 1583 ad
765 1564 812 1584 eos
835 1556 1021 1592 prophetizat,

179 1599 182 1602 ’
229 1602 279 1630 sed
305 1603 409 1630 insulas
435 1605 462 1630 et
491 1607 585 1638 gentes
623 1601 656 1629 ad
683 1602 817 1629 audienda
845 1610 905 1636 quae
931 1602 1022 1629 dictu-

229 1657 279 1677 rus
312 1653 354 1676 est
381 1653 535 1682 convocat;
568 1652 664 1683 estque
689 1648 725 1676 ibi
747 1648 895 1683 promissio
921 1648 1022 1676 Christi

229 1695 302 1723 dicta
314 1695 347 1723 de
361 1695 505 1723 vocatione
521 1695 638 1722 omnino.
648 1695 713 1722 oliui
733 1694 894 1726 inﬁdelium,
908 1699 989 1730 atque
1007 1702 1023 1722 τι

230 1741 331 1775 pietate
358 1740 386 1768 iu
406 1740 490 1768 Deum
506 1740 658 1768 alienarum
678 1740 812 1775 gentium,
829 1748 944 1776 quarum
963 1741 1023 1768 alia:

230 1786 408 1813 nominantur
444 1785 541 1813 insula:
562 1807 569 1818 ,
611 1785 709 1812 anima:
739 1785 845 1812 scilicet
869 1793 930 1820 qua:
956 1786 1021 1813 olim

228 1832 348 1867 quode
376 1833 458 1860 modo
479 1831 625 1860 maritimis
645 1832 707 1860 vita:
730 1831 857 1867 procellis
870 1853 877 1864 ,
899 1832 1022 1867 agitatis-

229 1887 283 1914 que
311 1879 464 1914 iniquitatis
483 1878 611 1906 ﬂuctibus
634 1878 821 1912 jactabantur.
840 1877 910 1911 Quid
931 1878 964 1905 de
988 1878 1021 1906 iis

229 1928 265 1952 sit
278 1925 483 1960 intelligendum
502 1925 560 1960 ipse
571 1933 622 1952 nos
637 1925 716 1952 docet
740 1924 883 1958 Dominus,
900 1925 995 1953 dicens
1012 1935 1018 1952 :

232 1981 241 1995 ‹
261 1970 300 1999 Ex
322 1975 402 1998 utero
417 1971 515 1998 matris
537 1979 604 1998 mea:
620 1971 726 1998 vocavit
751 1978 851 1998 nomen
876 1979 984 2002 meum;
1009 1981 1017 1997 I

228 2017 302 2050 quod
316 2020 344 2044 et
360 2020 454 2052 aperte
475 2016 508 2044 de
539 2017 652 2044 Christo
663 2037 670 2048 ,
685 2017 773 2052 ipsius
789 2017 861 2044 enim
880 2021 944 2045 sunt
963 2017 1021 2044 luec

228 2063 323 2094 verba,
336 2070 396 2097 quae
409 2071 441 2090 ex
453 2062 592 2098 Evangelii
611 2063 747 2098 scriptura
762 2063 920 2091 didicimus.
932 2063 1021 2091 inscio

228 2108 302 2134 enim
317 2106 416 2142 Ioseph
432 2107 543 2135 Mariam
571 2109 732 2144 concepisse
760 2117 822 2136 cum
849 2110 1022 2144 apparuisset

229 2153 351 2187 Gabriel.
379 2157 499 2188 paterna:
521 2155 650 2182 minister
672 2155 834 2186 voluntatis,
853 2155 880 2182 in
906 2156 1020 2183 somniis

228 2199 300 2226 inter
324 2202 422 2226 cetera
439 2198 496 2225 hinc
512 2198 549 2225 ait
569 2209 575 2225 :
596 2208 605 2224 ι
626 2198 717 2227 Pariet
748 2204 838 2227 autem
870 2200 965 2232 filiumV
993 2205 1019 2228 et

1082 269 1178 304 πλήθει
1199 269 1253 296 τῶν
1277 271 1316 302 εἰς
1338 270 1419 296 αὐτὸν
1442 270 1488 296 καὶ
1511 270 1545 296 δι’
1571 270 1652 297 αὑτοῦ
1680 270 1727 296 ἐπὶ
1745 271 1790 296 τὸν
1812 270 1869 296 τῶν

1079 315 1146 341 ὅλων
1163 315 1229 341 Θεὸν
1255 315 1408 350 ἡλπικότων
1435 315 1534 348 ἐθνῶν,
1552 313 1592 348 οἷς
1607 316 1659 342 ὑπὸ
1683 315 1732 342 τοῦ
1760 316 1869 351 Πατρὸς

1079 361 1158 397 ἐτέθη
1175 362 1214 393 είς
1231 361 1288 396 φῶς
1297 370 1303 377 ·
1321 361 1402 397 φησὶν
1411 361 1448 393 δὲ,
1462 371 1471 387 t
1482 361 1528 388 τοῦ
1542 362 1710 397 καταστῆσαι
1721 363 1770 396 τὴν
1785 362 1863 397 γῆν,ι

1078 407 1156 434 τοῦτ¹τ
1173 407 1230 434 ἐστι
1248 407 1297 443 τὴν
1305 408 1334 434 ἐν
1346 408 1471 444 θορύϐοις
1489 409 1535 435 καὶ
1551 408 1765 440 ἀκαταστασίαις
1781 409 1867 435 πάλαι

1078 453 1263 489 τυγχάνουσαν
1287 453 1374 489 ψυχὴν
1400 455 1440 486 είς
1456 454 1505 490 τὴν
1521 454 1591 481 κατὰ
1611 455 1690 489 φύσιν
1706 454 1866 481 εὐστάθειαν

1079 501 1125 526 καὶ
1138 501 1306 536 καταστολὴ-α
1320 502 1431 536 ἀγαγεῖν
1441 510 1447 517 ·
1463 501 1530 528 ἀλλά
1544 501 1591 528 καὶ
1606 511 1616 526 ‹
1627 500 1673 527 τοῦ
1693 500 1867 536 κληρονομῆ-

1080 554 1123 572 σαι
1138 546 1321 582 κληρονομίαν
1338 549 1451 584 ἐρήμου,
1466 559 1475 574 ›
1490 548 1539 583 τὴν
1555 547 1585 579 ἑξ
1602 547 1685 574 ἐθνῶν
1703 547 1866 582 Ἐκκλησίαν

1078 592 1166 628 δηλῶν
1177 601 1184 607 ⁸
1201 593 1234 628 ἢν
1254 594 1305 630 πρὸ
1317 594 1367 629 τῆς
1379 594 1461 621 αὑτοῦ
1477 594 1629 630 παρουσίας
1644 594 1693 630 ἓρη
1698 603 1747 628 μον
1761 594 1864 628 τυγχά-

1078 647 1187 673 νουσαν,
1209 640 1390 676 κληρονομίαν
1413 641 1507 676 εἴληφε
1522 640 1597 676 παρὰ
1610 640 1657 667 τοῦ
1675 640 1798 672 εἰπόντος
1818 641 1867 666 αὑ-

1075 684 1133 721 up-
1152 695 1161 711 ι
1174 686 1289 722 Αίτησαι
1312 688 1376 723 παρ’
1399 687 1483 722 ἐμοῦ,
1501 687 1547 713 καὶ
1567 686 1644 713 δώσω
1667 695 1707 713 σοι
1730 686 1792 722 ἔθνη
1815 687 1867 721 τὴν

1077 730 1261 766 κληρονομίαν
1285 740 1343 758 σου.
1361 741 1370 758 ι
1392 728 1475 763 Οὗτος
1492 731 1520 758 δὲ
1542 732 1612 758 κατὰ
1628 731 1676 766 τὴν
1703 732 1765 767 περὶ
1781 731 1864 758 αὑτοῦ

1079 778 1248 813 προφητείαν
1265 779 1322 810 τοῖς
1339 779 1368 804 ἐν
1393 777 1501 814 δεσμοῖς
1517 777 1627 813 εἴρηκεν
1646 777 1778 810 ἐξελθεῖν
1797 786 1865 813 προ-

1077 821 1175 857 χείρως
1189 822 1238 858 μὲν
1254 823 1292 854 ὡς
1309 823 1354 849 ἐπὶ
1364 822 1410 850 τοῦ
1425 823 1562 859 Λαζάρου,
1578 823 1607 850 ὃν
1621 823 1737 859 κειρίαις
1751 823 1867 850 καταδεο

1078 867 1188 902 δεμένον
1217 868 1263 894 καὶ
1288 869 1316 894 ἐν
1346 869 1465 903 μνήματι
1491 869 1648 903 τεταρταῖον
1679 869 1862 904 τυγχάνοντα,

1041 903 1061 930 Β
1076 913 1160 939 εἰπὼν
1172 921 1179 928 ·
1203 923 1212 938 ι
1229 913 1336 949 Λάζαρε
1348 933 1355 946 ,
1375 913 1454 949 δεῦρο
1473 913 1544 946 ἔξω,
1571 924 1580 940 ›
1598 914 1737 949 ἐλεύθερον
1759 915 1864 950 ἀφῆκεν

1076 959 1207 994 ὑπάγειν·
1226 959 1271 986 καὶ
1285 960 1314 985 ὲν
1327 959 1404 996 μέρει
1420 959 1448 986 δὲ
1464 959 1581 991 διανοίας
1599 960 1646 986 ἐπὶ
1663 960 1713 995 τῆς
1730 959 1865 995 θυγατρὸς

1082 1005 1217 1041 Ἀϐραὰμ,
1233 1006 1267 1041 ἢν
1278 1005 1372 1041 ἔδησεν
1386 1006 1400 1033 ὁ
1411 1006 1534 1038 Σατανᾶς
1546 1006 1611 1032 δέκα
1625 1006 1672 1033 καὶ
1682 1006 1753 1032 ὀκτὼ
1764 1006 1867 1038 ἐτεσιν,

1075 1049 1108 1084 ἢν
1135 1050 1181 1076 καὶ
1208 1049 1292 1084 αὐτὴν
1310 1050 1358 1085 τῆς
1388 1050 1527 1082 ἀσθενείας
1549 1050 1704 1083 ἀπαλλάξας
1723 1051 1796 1077 σώαν
1811 1051 1866 1078 ἁπ-

1075 1095 1154 1122 έλυσε
1166 1103 1174 1110 ·
1197 1095 1310 1122 καθόλου
1337 1096 1380 1128 δὲ,
1398 1097 1515 1132 ὁπηνίκα
1537 1097 1604 1123 πᾶσι
1625 1098 1681 1128 τοῖς
1692 1099 1794 1133 σειραῖς
1809 1097 1865 1124 τῶν

1077 1141 1149 1168 ἰδίων
1172 1141 1315 1177 ἁμαρτιῶν
1336 1142 1509 1177 ὲσφιγμένοις
1533 1143 1629 1178 ἄφεσιν
1648 1142 1703 1169 τῶν
1723 1142 1869 1179 προτέρων

1074 1186 1283 1222 ἁμαρτημάτων
1300 1187 1460 1223 παρέσχετο,
1477 1185 1521 1214 οἷα
1536 1188 1568 1224 δὴ
1587 1189 1666 1224 μόνος
1684 1188 1773 1224 (ἔχων)
1787 1189 1866 1222 ἐξου-

1079 1233 1139 1259 σίαν
1155 1233 1263 1267 ἀφιέναι
1285 1234 1435 1269 ἁμαρτίαςο
1449 1231 1488 1266 οἷς
1507 1234 1547 1261 ἔτι
1564 1235 1611 1261 καὶ
1621 1235 1668 1261 νῦν
1682 1235 1712 1269 (f.
1723 1235 1756 1262 54
1767 1236 1805 1270 νο)
1818 1235 1866 1262 διὰ

1075 1278 1124 1313 τῆς
1145 1279 1227 1306 αὑτοῦ
1243 1279 1417 1312 διδασκαλίας
1431 1280 1645 1316 παρακελεύεται
1655 1281 1708 1308 τῶν
1723 1281 1866 1317 προτέρων

1074 1324 1182 1360 δεσμῶν
1201 1325 1330 1359 ἐξελθεῖν,
1344 1326 1430 1360 λέγων
1444 1327 1485 1360 ἐφ’
1495 1326 1603 1362 ἑκάστῳ
1617 1327 1657 1359 τὸ,
1674 1336 1684 1353 r
1699 1327 1761 1358 Ἴδε,
1784 1327 1866 1362 ὑγιὴς

1074 1370 1199 1404 γέγονας,
1217 1371 1317 1406 μηκέτι
1340 1372 1490 1407 ἁμάρτανε.
1508 1381 1517 1398 ι
1540 1372 1601 1398 Ἐπὶ
1629 1372 1732 1405 τούτοις
1755 1372 1795 1399 ἑτι
1815 1373 1868 1399 καὶ

1074 1415 1120 1442 νῦν
1146 1417 1203 1447 τοῖς
1223 1417 1306 1443 είσὲτι
1325 1418 1436 1451 ἀγνοίας
1458 1426 1488 1443 τε
1513 1418 1559 1444 καὶ
1584 1418 1715 1455 πονηρίας
1742 1427 1866 1454 κατορω-

1076 1462 1223 1498 ρυγμένοις
1247 1463 1470 1498 ἀναωλυφθῆναι
1496 1464 1675 1498 προστάττει,
1700 1463 1748 1490 ἅτε
1776 1463 1866 1497 Λόγος

1074 1511 1206 1545 ὑπάρχων
1219 1509 1298 1541 Θεοῦ,
1321 1510 1434 1546 καρδίας
1449 1518 1477 1536 τε
1491 1510 1595 1542 ὲτάξων
1617 1511 1663 1537 καί
1675 1511 1800 1546 νεφροὺς.
1815 1511 1868 1537 καὶ

1075 1556 1198 1592 κριτικὸς
1211 1555 1385 1592 ἐνθυμήσεων
1399 1556 1445 1583 καὶ
1457 1556 1566 1582 ἐννοιῶν
1579 1556 1701 1592 καρδίας.
1714 1557 1773 1583 Ἰνα
1785 1557 1814 1583 δὲ
1827 1556 1867 1588 ὡς

1074 1602 1114 1629 ἔνι
1144 1602 1263 1638 μάλιστα
1288 1602 1426 1637 συντόμως
1449 1602 1658 1638 διαδράμωμεν,
1683 1603 1730 1629 καὶ
1749 1602 1784 1629 τὰ
1810 1604 1867 1639 πρὸ

1073 1647 1176 1674 τούτων
1194 1647 1395 1684 ἐφαρμόζοντες
1409 1650 1466 1680 τοῖς
1482 1648 1546 1684 περὶ
1564 1648 1682 1684 Χριστοῦ
1695 1648 1865 1684 λεγομένοις,

1073 1693 1256 1725 ἀναλαΰόντες
1278 1693 1307 1726 ἐξ
1329 1693 1456 1729 ὑπαρχῆς
1476 1694 1523 1720 καὶ
1544 1694 1593 1729 τὴν
1613 1694 1713 1721 τούτων
1736 1695 1867 1721 ὑπόνοιαν

1072 1742 1089 1776 ὴ
1094 1740 1152 1776 μῶν
1163 1739 1345 1775 ἐκθησόμεθα.
1359 1740 1404 1766 Ἐν
1415 1739 1523 1771 πολλοῖς
1533 1739 1566 1774 δὴ
1579 1739 1671 1774 σαφῶς
1680 1740 1718 1774 τῷ
1735 1741 1768 1766 ἐκ
1783 1749 1866 1776 περι-

1072 1788 1162 1823 τομῆς
1189 1787 1246 1822 λαῷ
1281 1787 1501 1823 προσομιλήσας,
1529 1787 1574 1812 ὅτε
1603 1787 1651 1813 καὶ
1673 1786 1702 1819 ἐξ
1731 1786 1866 1822 ὀνόματος

1072 1834 1131 1869 ἦτοι
1156 1833 1200 1860 τὸν
1219 1832 1315 1860 Ἰακὼϐ
1333 1833 1392 1868 ἦτοι
1412 1832 1458 1859 τὸν
1476 1831 1581 1868 Ἰσραὴλ
1604 1832 1778 1858 ἀνακαλεῖται
1793 1852 1800 1863 ,
1817 1833 1866 1859 ἐπὶ

1072 1879 1119 1905 τοῦ
1135 1879 1269 1915 παρόντος
1280 1879 1310 1905 οὑ
1336 1878 1403 1914 πρὸς
1417 1878 1537 1909 ἐκείνους
1561 1879 1677 1904 ποιεῖται
1694 1878 1743 1913 τὴν
1758 1886 1866 1913 προφη-

1071 1924 1156 1957 τείαν,
1175 1924 1244 1951 ἀλλὰ
1257 1924 1312 1960 γὰρ
1337 1924 1434 1959 νήσους
1450 1923 1497 1950 καὶ
1514 1923 1576 1958 ἔθνη
1590 1923 1636 1949 ἐπὶ
1661 1923 1710 1959 τὴν
1732 1923 1865 1959 ἀκρόασιν

1071 1971 1125 1998 τῶν
1142 1969 1352 2006 λεχθησομένων
1368 1968 1537 2004 παρακαλεί-
1559 1970 1606 1996 ml.
1629 1969 1686 1996 ἔστι
1700 1978 1732 2004 γε
1747 1969 1866 1996 ἐνταῦθα

1071 2019 1088 2053 ἡ
1102 2018 1246 2053 ὑπόσχεσις
1262 2017 1308 2044 τοῦ
1324 2016 1426 2052 Κυρίου
1449 2016 1582 2051 λεγομένη
1602 2015 1727 2051 περὶτῆς
1740 2015 1866 2051 κλήσεως

1071 2063 1126 2092 τῶν
1147 2064 1277 2099 πρότερον
1307 2062 1428 2090 ἀπίστων
1453 2062 1542 2096 πάντη
1571 2062 1618 2088 καὶ
1641 2061 1787 2097 ἀλλοτρίων
1813 2061 1865 2095 τῆς

1072 2109 1226 2141 θεοσεϐείας
1241 2108 1335 2139 ἐθνῶν,
1351 2104 1388 2135 ὧν
1403 2109 1431 2134 ὲν
1449 2107 1526 2144 μέρει
1540 2108 1662 2134 νοοῦνται
1681 2108 1728 2134 καὶ
1740 2108 1768 2134 αι
1784 2107 1864 2142 λεγὸἐ

1075 2165 1154 2191 μεναι
1171 2156 1258 2190 νῆσοι,
1271 2155 1356 2190 ψυχαὶ
1370 2155 1431 2181 ὅσαι
1446 2153 1477 2181 τὸ
1489 2154 1571 2181 πάλαι
1583 2153 1714 2191 πρότερόν
1729 2162 1789 2180 τινα
1801 2154 1864 2189 τρό-

1071 2210 1121 2229 πον
1133 2202 1186 2228 ὑπὸ
1205 2201 1355 2231 θαλαττίων
1370 2200 1423 2228 τῶν
1435 2199 1505 2226 κατὰ
1515 2200 1560 2226 τὸν
1575 2200 1631 2235 βίον
1644 2200 1798 2236 τρικυμιῶν
1817 2200 1864 2226 καὶ

228 2245 342 2272 vocabis
354 2252 453 2272 nomen
467 2245 527 2279 ejus
538 2245 648 2273 Jesum:
662 2245 720 2281 ipse
730 2247 802 2274 enim
814 2246 920 2273 salvum
937 2246 1018 2274 faciet

1073 2245 1124 2272 τῶν
1150 2244 1220 2275 κατὰ
1241 2245 1290 2280 τῆς
1312 2245 1410 2276 κακίας
1437 2243 1639 2280 ἁλμυρωτάτων
1664 2244 1864 2277 κατεκλύζοντο

228 2290 359 2325 populum
384 2291 496 2317 suum".
510 2300 519 2316 ι
546 2291 700 2326 Adjicilque
720 2292 748 2319 in
769 2291 911 2327 prophetia
929 2301 937 2320 ε
956 2304 965 2317 ι
985 2292 1018 2319 Ει

227 2337 321 2371 posuit
334 2345 366 2364 os
382 2345 471 2365 meum
493 2337 572 2372 quasi
592 2337 712 2372 gladium
730 2341 860 2371 acutum;
878 2348 887 2364 ι
906 2347 1019 2367 rursus-

227 2391 306 2418 que:
329 2393 339 2409 ‹
358 2383 452 2411 Posuit
470 2391 513 2410 me
538 2383 617 2417 quasi
636 2384 762 2419 sagittam
791 2385 918 2413 electam.
948 2395 957 2411 ι
984 2401 1019 2407 --

231 2439 239 2452 ι
260 2428 377 2456 Verbum
395 2430 468 2457 enim
491 2428 596 2457 Domini
612 2433 654 2456 est
667 2428 760 2456 eilicax
779 2434 805 2456 et
825 2431 1020 2464 penetrabilius

227 2475 303 2502 «hinni
321 2475 414 2510 gladio
427 2475 552 2511 ancipiti,
566 2480 594 2503 ct
609 2476 767 2511 pertingens
791 2484 878 2511 usque
901 2477 936 2503 ad
950 2475 1020 2504 divi-

228 2521 334 2549 sionem
349 2523 448 2549 animae
471 2530 504 2549 ac
531 2523 676 2557 spiritus“,
700 2532 709 2548 ι
729 2526 760 2549 ut
775 2523 885 2550 divinus
899 2523 1018 2550 ostendit

229 2567 389 2602 Apostolus.
414 2566 477 2595 Haec
491 2575 600 2602 quoque
617 2568 668 2603 ipsi
687 2568 739 2595 soli
759 2568 900 2602 aptissime
920 2576 1023 2596 conve-.

228 2613 319 2644 niunt,
331 2612 471 2640 obedienti
485 2612 556 2640 facto
569 2613 642 2641 Patri
656 2622 742 2649 usque
759 2614 793 2642 ad
806 2617 932 2645 mortem,
947 2614 1020 2642 scili-

229 2662 290 2685 cet:
309 2668 317 2683 ι
343 2658 446 2686 Servus
461 2667 538 2687 meus
553 2667 583 2686 es
607 2663 647 2691 tu,
675 2659 772 2690 lsrael.
788 2663 816 2688 et
832 2660 859 2687 in
875 2664 902 2687 te
919 2660 1019 2694 gloria—

229 2703 289 2732 bor.
310 2713 320 2730 ρ
341 2703 409 2732 Illud
421 2712 504 2732 vero:
524 2714 533 2730 ι
556 2705 586 2732 Et
601 2713 652 2740 ego
670 2705 746 2733 dixi':
764 2705 792 2732 In
805 2713 920 2733 vacuum
943 2706 1018 2733 labo-

229 2748 299 2780 ravi.
321 2759 329 2774 ι
346 2755 372 2777 et
385 2759 447 2785 quae
464 2756 628 2787 sequuntur,
645 2751 678 2778 ad
696 2751 865 2783 Salvatorcm
881 2757 1016 2788 spectant,

230 2801 342 2831 propter
360 2798 525 2831 paucitatem
541 2805 636 2825 eorum
655 2798 702 2832 qui
721 2799 873 2826 secundum
892 2797 1015 2834 Evange-

267 2882 277 2900 ‘
290 2881 363 2911 Psal.
380 2891 408 2916 n,
426 2884 451 2912 8.
493 2884 590 2912 ’Joan.
608 2893 645 2917 xx,
661 2885 705 2913 45.
746 2885 845 2914 ’Joan.
860 2895 885 2920 v,
899 2886 941 2913 Η.

991 2886 1001 2902 ³
1012 2885 1107 2913 Matth.
1127 2893 1146 2918 ι,
1162 2885 1206 2915 ἳί.

1072 2291 1234 2328 ῥευμάτωνζ
1250 2292 1317 2318 Τίνα
1342 2289 1388 2318 οὖν
1409 2290 1510 2322 ταύτας
1531 2291 1545 2319 ὁ
1567 2290 1669 2326 Κύριος
1689 2290 1771 2322 αὐτὸς
1799 2291 1865 2325 περὶ

1071 2337 1166 2364 ἑαυτοῦ
1180 2325 1299 2365 διῐῆισκει
1320 2337 1512 2372 κατανοητέον·
1527 2346 1535 2362 ι
1555 2337 1603 2363 Ἐκ
1624 2336 1738 2369 κοιλίας,
1755 2346 1765 2362 ι
1785 2337 1862 2372 φησι,

1074 2393 1083 2410 ι
1097 2383 1200 2419 μητρός
1216 2392 1266 2419 μου
1288 2383 1400 2410 ἐκάλεσε
1415 2383 1445 2410 τὸ
1467 2383 1553 2418 ὄνομά
1568 2391 1633 2418 μου’
1647 2392 1656 2408 ι
1671 2383 1685 2409 ὃ
1705 2382 1753 2409 καὶ
1770 2382 1863 2417 σαφῶς

1071 2430 1117 2456 ἐπὶ
1127 2429 1174 2456 τοῦ
1188 2428 1306 2465 Χριστοῦ
1316 2437 1322 2444 ·
1335 2428 1418 2456 αὑτοῦ
1432 2429 1485 2465 γάρ
1498 2437 1538 2455 τοι
1548 2429 1726 2463 τυγχάνουσιν
1737 2429 1763 2455 οἱ
1776 2429 1862 2463 λόγοι,

1071 2476 1118 2508 οὒς
1139 2477 1175 2508 ἐκ,
1187 2476 1235 2512 τῆς
1255 2476 1301 2503 τοῦ
1331 2475 1498 2510 Εὐαγγελίου
1512 2475 1621 2510 γραφῆς
1649 2474 1862 2510 μεμαθήκαμεν.

1077 2521 1230 2556 ’Λγνοοῦντι
1245 2521 1300 2558 γὰρ
1315 2521 1355 2557 τῷ
1373 2521 1471 2557 Ἰωσὴφ
1487 2521 1552 2556 περὶ
1570 2522 1620 2556 τῆς
1637 2521 1794 2556 συλλήψεως
1813 2522 1863 2555 τῆς

1069 2568 1178 2604 Μαρίας
1196 2567 1308 2600 sumit;
1321 2569 1334 2594 ό
1342 2567 1471 2604 Γαϐριὴλ,
1483 2567 1604 2597 διάκονος
1615 2567 1652 2593 ὣν
1663 2566 1712 2593 τοῦ
1726 2566 1866 2602 πατρικοᾶ

1070 2615 1249 2650 βουλήματος,
1268 2614 1326 2641 κατ’
1341 2613 1406 2650 δναρ
1428 2612 1488 2641 εἷπε
1503 2613 1561 2649 μεθ’
1574 2613 1655 2649 ἕτερα
1672 2614 1720 2640 καὶ
1733 2613 1775 2638 τόο
1793 2613 1864 2640 «Τέ-

1071 2661 1144 2693 ξεται
1158 2661 1187 2688 δὲ
1199 2661 1267 2693 υἱὸν,
1290 2661 1336 2687 καὶ
1351 2660 1475 2691 καλέσεις
1489 2659 1519 2686 τὸ
1534 2659 1619 2694 ὄνομα
1639 2658 1721 2685 αὑτοῦ
1739 2659 1845 2694 Ἰησοῦν
1855 2667 1862 2673 υ

1069 2708 1152 2739 αὐτὸς
1167 2707 1222 2743 γὰρ
1242 2706 1323 2735 σώσει
1333 2706 1379 2733 τδν
1395 2706 1459 2733 λαὸν
1476 2705 1573 2734 αὑτοῦ·
1588 2705 1733 2740 »ἐπιφέρει
1747 2705 1772 2730 δ’
1787 2706 1818 2732 ὲν
1830 2706 1862 2740 τῇ

1071 2753 1224 2789 προφητείᾳ
1240 2752 1337 2787 λέγων,
1351 2753 1392 2780 ὅτι
1416 2762 1424 2777 ι
1440 2752 1496 2781 Καὶ
1509 2751 1589 2787 ἔθηκε
1605 2751 1636 2778 τὸ
1650 2751 1738 2786 στόμα
1757 2759 1810 2785 μου
1826 2751 1865 2782 ὡς

1073 2798 1210 2833 μάχαιραν
1222 2798 1327 2829 ὀξεῖαν·
1345 2807 1355 2823 ι
1374 2797 1420 2824 καὶ
1435 2797 1529 2824 πάλιν¹
1545 2806 1555 2822 ι
1570 2795 1672 2831 Ἔθηκε
1686 2804 1721 2831 με
1787 2795 1865 2833 βέλος

1248 2887 1257 2903 ⁵
1274 2885 1353 2914 iicor.
1376 2893 1413 2919 tv,
1429 2885 1461 2914 i2
