2035 3214
155 184 224 212 ιτς-ι

669 184 818 213 ΕϐῐιοῦιΕ
837 184 1079 214 PROPHETlC/E.
1100 201 1133 205 —
1152 185 1214 215 LIB.
1238 187 1283 216 IV.

1715 191 1784 223 1233

153 244 292 273 ἑπλικτόν.
304 254 363 270 ι--ι
375 244 405 272 '0
413 244 466 281 γὰρ
479 245 563 279 Λόγος
574 244 640 271 Θεοῦ
655 246 784 280 τυγχάνει
795 246 919 280 ἐνεργὴς,
930 254 939 270 ι

998 245 1059 272 lium
1071 245 1132 280 ejus
1147 246 1251 274 vivunt.
1268 246 1433 282 thuoniam
1451 258 1460 275 ι
1472 257 1526 276 non
1534 251 1607 277 venit
1617 249 1669 277 nisi
1679 257 1714 277 ao
1725 256 1783 284 per-

154 291 214 318 Ξπτι
232 299 242 316 ι
258 291 305 317 καὶ
318 289 474 326 τομώτερος
482 291 552 326 ὑπὲρ
570 291 658 317 πᾶσαν
672 290 809 327 μάχαιραν
821 290 945 326 δίστομον

154 335 339 372 διικνούμενος
355 336 420 372 ἄχρι
434 335 570 372 μερισμοῦ
586 336 676 372 ψυχῆς
689 336 737 363 καὶ
751 335 917 371 πνεύματος,
931 346 940 361 ι

153 382 191 414 ὠς
205 384 220 409 ὁ
234 382 375 414 θεσπέσιος
382 381 499 415 ἐδίδαξεν
509 381 866 416 “Λπόστολος.Εὺλογώτατα
879 383 900 409 δ’
913 382 945 409 ἂν

153 429 231 465 αὑτῷ
243 430 316 465 μόνῳ
331 428 439 465 λεχθείη
460 429 574 465 ὑπηκόῳ
588 429 726 465 γενομένῳ
739 429 777 464 τῷ
792 429 879 465 Ila-cpt
898 428 946 464 μέ-

153 483 200 511 χρι
215 476 262 502 καὶ
273 475 386 502 θανάτου
399 475 439 502 ἰδ’
461 475 577 507 (Δοῠλός
594 484 643 511 μου
664 472 689 502 εἷ
702 476 745 507 σὺ,
760 475 884 511 Ἰσραὴλ,
899 474 947 501 καὶ

153 523 186 549 ἐν
210 521 251 548 σοὶ
275 521 520 557 ὲνδοξασθήσομαι·
547 531 557 546 ›
572 521 602 548 τὸ
618 521 662 548 δέ·
683 531 692 547 ι
710 522 765 548 Καὶ
780 521 835 556 ἐγὼ
862 519 945 547 εἶπα·

153 568 249 600 Κενῶς
265 568 399 595 ἐκοπίασα
409 588 417 601 ,
434 578 443 595 ι
462 570 508 595 καὶ
523 569 557 596 τὰ
573 568 647 604 ἑξῆς,
667 568 766 603 λέγοιτ’
787 568 820 595 ἃν
833 568 886 594 ὑπὸ
898 567 946 595 τοῦ

154 614 281 650 Σωτῆρος
304 614 348 642 διὰ
368 615 398 641 τὸ
422 615 534 643 σπάνιον
555 615 610 641 τῶν
633 615 706 641 κατὰ
731 615 761 641 τδ
781 614 947 649 Εὑαγγέλιον

155 659 238 686 αὑτοῦ
257 659 395 695 βιούντων.
414 661 470 687 Καὶ
493 660 647 697 ἐπειδήπερ
663 669 671 685 ι
683 661 734 688 οὐκ
761 658 843 696 ἦλθεν
868 661 891 686 εἰ
909 660 946 696 μὴ

153 707 194 738 εἰς
208 706 242 732 τὰ
259 705 382 742 πρόϐατα
395 706 429 733 τὰ
443 705 601 733 ἀπολωλότα
615 705 690 732 οἴκου
707 705 823 741 Ἰσραὴλ,
837 715 845 732 ι
857 706 947 737 καλῶς

153 752 368 788 προηγουμένως
392 752 441 787 μὲν
471 752 580 786 λέγεται
609 751 854 787 ἐπιδεδημηκέναι,
875 760 885 777 ι
899 750 946 778 τοῦ

154 797 254 833 στῆσαι
269 797 319 829 τὰς
342 797 428 832 φυλὰς
453 798 566 830 Ἰακὼϐ,
592 798 639 824 καὶ
659 798 709 833 τὴν
734 797 882 834 διασπορὰν
899 796 946 823 τοῦ

160 844 269 880 Ἰσραὴλ
284 844 464 880 ὲπιστρέψαυ
479 853 488 870 ι
506 844 646 879 ἑπομένως
661 843 700 876 δὲ,
714 843 797 870 διὰτὸ
810 843 847 879 μὴ
861 852 948 878 παρα-

153 888 280 923 δέξασθαι
296 889 377 916 αύτὸν
401 890 463 921 τοὺς
480 889 509 921 ἐξ
527 889 639 916 ἐκείνων
658 889 772 921 πάντας,
788 889 948 925 ἐπιφέρεται

999 291 1069 319 ditas
1089 299 1155 320 oves
1175 291 1273 320 domus
1290 293 1383 325 lsrael,
1404 303 1413 320 ι
1433 299 1506 322 recte
1518 299 1680 322 memoratur
1691 295 1783 330 praci-

998 344 1050 370 pue
1077 337 1105 363 in
1126 337 1258 364 mundum
1287 338 1395 366 venisse
1412 349 1421 364 ι
1443 339 1478 366 ad
1508 340 1682 368 suscitandas
1698 340 1784 367 tribus

997 383 1081 419 Iacob
1098 387 1125 411 et
1151 383 1231 412 faeces
1254 385 1337 413 Israel
1360 386 1568 414 convertendas.
1593 396 1609 412 ι.
1621 386 1686 414 Dein
1701 407 1708 419 ,
1722 394 1784 414 cum

999 429 1072 456 inter
1085 430 1154 458 istos
1179 437 1275 458 omnes
1302 438 1356 457 non
1382 439 1445 458 eum
1473 433 1654 467 accepissent,
1675 432 1785 466 subjicit

998 476 1077 510 quasi
1094 475 1126 502 ad
1143 476 1262 511 seipsum
1278 485 1284 503 :
1306 485 1315 502 ι
1339 476 1409 504 Ecce
1423 477 1485 505 dedi
1513 482 1539 505 te
1561 477 1587 504 in
1615 477 1702 504 lucem
1720 484 1784 511 gen-

998 522 1078 553 tium,
1091 525 1121 549 ut
1138 522 1176 549 sis
1191 523 1266 550 salus
1283 529 1343 550 mea
1357 530 1443 557 usque
1459 522 1494 550 ad
1509 527 1659 551 extremum
1678 528 1783 549 tersae.»

1000 568 1080 596 Jubet
1095 577 1145 598 nos
1162 573 1224 605 post
1235 570 1292 597 haec
1309 569 1442 597 Dominus
1462 569 1533 597 Deus
1545 575 1572 597 et
1587 569 1677 602 Pater,
1691 570 1738 605 qui
1750 570 1786 596 li-

999 614 1102 642 beravil
1119 623 1181 642 eum
1194 615 1228 643 ab
1245 616 1374 644 omnihus
1391 617 1414 644 ei
1431 616 1650 647 adversantibus,
1666 615 1785 643 sanctiﬁv

998 667 1061 687 care
1087 668 1161 693 eum,
1188 660 1302 688 dicens:
1321 670 1330 687 ι
1351 661 1526 688 Sanctificate
1548 662 1594 696 qui
1620 661 1696 696 parvi
1722 659 1789 688 fecit

1000 706 1119 734 animam
1133 715 1221 735 suam.
1239 717 1248 733 ›
1266 707 1316 734 Hic
1331 708 1404 735 enim
1433 715 1514 742 qualn
1545 708 1686 735 verissime
1709 706 1785 741 parvi

999 752 1077 779 duxit
1101 753 1219 780 animam
1248 761 1336 785 suam,
1355 763 1364 779 ι
1381 754 1541 782 exinanieus
1562 754 1786 788 scmetipsum,et

1003 798 1093 826 factus
1117 806 1167 834 pro
1191 799 1273 826 nobis
1300 799 1492 832 maledictum;
1509 804 1535 826 et
1560 802 1671 834 peccata
1692 802 1786 826 nostra

999 845 1158 880 suscipiens
1177 845 1332 872 humiliavit
1356 845 1532 881 semetipsum
1558 853 1643 879 usque
1665 845 1698 872 ad
1713 852 1786 872 mor—

999 896 1074 924 tem,
1094 896 1207 919 mortem
1242 896 1332 919 autem
1363 892 1454 919 crucis
1475 892 1495 917 ¹.
1515 901 1524 917 ι
1554 891 1636 918 Addit
1670 891 1784 925 deinde,

153 935 192 967 ὡς
204 935 271 970 πρὸς
285 935 375 961 αὐτόν·
393 944 402 960 ι
426 935 490 962 Ἰδοὺ
504 935 613 962 τέθεικά
629 944 658 961 σε
673 936 712 967 είς
722 934 779 969 φῶς
791 934 885 965 ἐθνῶν,
896 933 942 960 τοῦ

998 947 1005 962 ι
1031 945 1111 972 quem
1130 937 1327 965 abominantur
1340 941 1445 973 gentes.
1462 937 1533 965 servi
1547 937 1753 964 dominantium.
1773 946 1783 962 ι

153 980 225 1009 εἶναί
240 990 270 1009 σε
286 983 325 1013 εις
340 981 476 1017 σωτηρίαν
493 981 546 1014 ἕως
565 981 679 1017 ἐσχάτου
694 981 745 1016 τῆς
759 981 818 1016 γῆς.
832 990 840 1006 ι
857 980 944 1016 Προσ-

152 1029 245 1056 τάττει
259 1028 287 1055 δὲ
300 1029 366 1064 ἡμῖν
383 1028 450 1063 μετὰ
466 1028 552 1055 ταῦτα
563 1028 665 1064 Κύριος
674 1028 688 1054 ό
701 1027 765 1059 Θεὸς
777 1027 824 1053 καὶ
837 1027 942 1063 Πατὴρ,

152 1076 168 1102 ὸ
185 1074 336 1111 ῥυσάμενος
352 1073 434 1101 αὑτὸν
449 1074 502 1100 ἀπὸ
518 1074 625 1101 πάντων
641 1073 695 1100 τῶν
709 1072 944 1108 ὲπισυναχθέντων

152 1121 213 1148 κατ’
234 1120 327 1153 αὐτοῦ,
347 1121 468 1155 ἀγιάζειν
482 1120 574 1152 αὑτὸν,
591 1120 678 1154 λέγων
689 1129 695 1135 -
708 1128 717 1144 ι
737 1119 882 1153 Ἀγιάσατε
898 1119 944 1145 τὸν

152 1166 316 1202 φαυλίζοντα
330 1168 380 1204 τὴν
401 1168 488 1204 ψυχὴν
505 1168 586 1195 αὑτοῦ
600 1177 606 1183 ·
621 1165 697 1199 οὗτος
713 1167 767 1203 γὰρ
780 1167 818 1199 ὡς
837 1167 944 1202 ἀληθῶς

151 1213 282 1247 ὲφαύλισε
294 1214 343 1249 τὴν
361 1214 450 1250 ψυχὴν
472 1213 580 1247 ἑαυτοῦ,
601 1223 611 1240 ι
625 1213 746 1246 κενώσας
762 1213 858 1240 ἑαυτὸν
869 1233 875 1245 ,
897 1213 944 1239 καὶ

150 1259 296 1295 γενόμενος
309 1260 379 1296 ὑπὲρ
395 1260 472 1296 ἡμῶν
486 1260 607 1296 κατάρα·
621 1260 668 1287 καὶ
680 1260 728 1292 τὰς
743 1260 878 1295 ἁμαρτίας
894 1259 945 1290 τὰς

151 1306 290 1342 ἡμετέρας
310 1307 464 1338 ἀναλαῦὼν,
479 1307 609 1342 αἰσχύνης
623 1314 655 1341 γε
673 1306 752 1342 μέχρι
767 1305 881 1332 θανάτου
897 1304 944 1331 καὶ

151 1353 269 1380 θανάτου
287 1352 404 1389 σταυροῦ
420 1354 638 1390 καταφρονήσας.
655 1363 664 1379 ι
685 1352 762 1380 Μετὰ
774 1351 862 1379 ταῦτά
876 1360 942 1386 φησι

150 1397 199 1425 τὸν
215 1407 224 1424 ι
237 1399 448 1435 βδελυσσόμενον
471 1399 523 1426 ὑπὸ
538 1400 593 1426 τῶν
607 1398 692 1427 ἐθνῶν
707 1398 760 1425 τῶν
772 1398 872 1424 δούλων
891 1395 945 1423 τῶν

151 1445 324 1481 ἀρχόντων-ι
342 1447 390 1473 καὶ
404 1446 435 1481 δὴ
450 1446 536 1481 σαφὲς
553 1446 626 1478 ὅπως
649 1446 673 1472 οἱ
688 1445 744 1476 τοῖς
766 1444 880 1480 ἄρχουσι
897 1441 945 1469 τοῦ

150 1491 251 1523 αίῶνος
263 1491 358 1518 τούτου
371 1491 564 1528 δεδουλωμένοι
578 1491 608 1518 οὐ
624 1491 704 1527 μόνον
718 1491 749 1526 (Ῑ.
760 1490 804 1526 55)
817 1489 888 1517 κατὰ
899 1488 946 1515 τὸν

999 982 1175 1010 Manifestum
1188 983 1289 1018 quippe
1302 986 1343 1009 est
1356 983 1428 1018 quod
1443 982 1525 1017 hujus
1542 983 1633 1010 saculi
1657 982 1788 1017 principi»

998 1028 1050 1055 bus
1067 1028 1230 1060 servientes,
1249 1035 1304 1055 non
1321 1031 1424 1055 tantum
1444 1028 1472 1055 in
1491 1028 1627 1063 passionis
1644 1028 1704 1062 ejus
1718 1032 1787 1056 tem-

1000 1081 1066 1109 pore
1082 1074 1282 1101 maledixerunt
1308 1074 1332 1102 ei
1356 1074 1494 1102 dicentes:
1515 1084 1525 1100 ι
1543 1073 1640 1101 Gravis
1649 1078 1691 1101 est
1708 1074 1787 1102 nobis

998 1120 1080 1148 etiam
1106 1120 1141 1147 ad
1169 1119 1317 1148 videndum
1330 1121 1352 1152 ',
1368 1129 1377 1146 ι
1396 1119 1443 1147 sed
1462 1123 1490 1147 et
1513 1127 1586 1146 nunc
1609 1119 1784 1152 maledicunt,

998 1165 1060 1199 ejus
1075 1164 1209 1192 doctrina:
1223 1164 1361 1192 obsistere
1380 1167 1523 1191 conantes.
1540 1163 1618 1190 llunc
1640 1163 1723 1198 igitur
1732 1161 1786 1189 Do-

997 1211 1088 1237 minus
1116 1209 1292 1237 sanctiﬁcarc
1316 1209 1404 1244 jubet,
1420 1209 1579 1245 prmclaram
1592 1209 1651 1244 ejus
1666 1216 1786 1244 praesen—

997 1256 1062 1282 tiam
1078 1256 1277 1291 praenuntians.
1299 1255 1378 1289 Quod
1397 1261 1488 1283 autem
1508 1255 1542 1283 de
1566 1255 1686 1290 gentium
1704 1262 1786 1282 voca-

997 1302 1072 1330 tione
1084 1303 1280 1338 propltetizans
1300 1309 1391 1330 sermo
1420 1302 1525 1337 reliqua
1552 1301 1657 1337 profert
1671 1301 1787 1337 prophe-

997 1348 1051 1380 tiae,
1076 1348 1110 1374 ab
1127 1348 1170 1375 his
1184 1347 1295 1375 verbis:
1315 1356 1325 1373 ‹
1348 1347 1418 1382 Dedi
1427 1351 1454 1375 te
1472 1347 1500 1374 in
1516 1347 1606 1374 foedus
1622 1347 1754 1381 gentium,
1774 1355 1784 1371 ι

998 1397 1025 1422 et
1040 1401 1100 1429 qua:
1112 1399 1276 1428 sequuntur,
1292 1401 1354 1428 quae
1371 1393 1482 1428 quidem
1502 1392 1592 1421 fusius
1610 1393 1786 1427 investigare,

999 1447 1062 1468 cum
1083 1439 1171 1475 magis
1193 1439 1374 1475 spiritualiter
1389 1443 1416 1466 et
1429 1438 1508 1474 juxta
1529 1439 1616 1467 solam
1635 1439 1789 1474 intelligen-

1000 1487 1066 1513 tiam
1081 1486 1153 1514 dicta
1169 1486 1236 1518 sint,
1249 1493 1303 1513 non
1316 1486 1460 1521 praesentis
1471 1485 1562 1521 operis
1576 1488 1629 1513 est.

152 1539 248 1575 καιρὸν
260 1539 307 1566 τοῦ
329 1540 431 1572 πίιθους
443 1540 526 1568 αύτοῦ
543 1539 719 1572 ὲϐδελύξαντο
738 1539 819 1566 αὐτὸν
838 1538 969 1569 εἰπόντες·
992 1536 1069 1562 (Καὶ
1086 1535 1172 1570 βαρὺς
1184 1535 1250 1570 ἡμῖν
1262 1536 1320 1561 ἐστι
1336 1535 1383 1561 καὶ
1399 1534 1573 1570 βλεπόμενος,
1590 1544 1599 1560 ι
1617 1533 1673 1561 ἀλλ’
1687 1533 1727 1560 ἔτι
1744 1534 1789 1560 καὶ

151 1585 201 1613 νῦν
218 1586 415 1622 βδελύσσονται,
431 1588 593 1624 ἀνατρέπειν
607 1588 688 1615 αὐτοῦ
712 1587 761 1623 τὴν
777 1586 951 1614 διδασκαλίαν
962 1583 1138 1620 πειρώμενοι.
1154 1583 1253 1610 Τοῦτον
1267 1580 1314 1610 οὖν
1328 1583 1342 1609 ό
1358 1582 1460 1617 Κύριος
1477 1581 1600 1616 ἀγιάξειν
1615 1583 1788 1618 προστάττει.

150 1635 202 1669 τὴν
213 1634 317 1666 ἔνδοξον
331 1635 414 1662 αὑτοῦ
431 1636 581 1672 παρουσίαν
597 1635 871 1672 προσημαίνων.””οτι
883 1634 912 1660 δὲ
927 1633 990 1668 περὶ
1002 1632 1050 1667 τῆς
1061 1631 1090 1664 ἐξ
1104 1630 1189 1657 ὲθνῶν
1206 1631 1328 1666 κλήσεως
1339 1630 1530 1662 προθεσπίζων
1544 1631 1558 1656 ὁ
1568 1631 1646 1665 λόγος
1662 1631 1711 1665 τὴν
1726 1630 1789 1664 ἑξῆς

151 1681 278 1716 δπιφέρει
292 1682 469 1718 προφητείαν,
484 1682 533 1718 τὴν
545 1683 598 1710 ἀπὸ
612 1682 669 1709 τοῦ·
687 1691 696 1708 ι
713 1681 821 1708 Ἐδωκά
836 1689 866 1707 σε
882 1681 921 1712 εἰς
930 1679 1066 1714 διαθήκην
1078 1676 1175 1708 ἐθνῶν,
1191 1687 1200 1703 ι
1213 1678 1260 1703 καὶ
1270 1677 1304 1703 τὰ
1317 1677 1390 1713 ἑξῆς,
1402 1678 1473 1714 ἅπερ
1487 1676 1624 1703 ὲπιπλεῖον
1636 1675 1788 1711 βασανίζειν

152 1729 398 1767 πνευματικώτερα
409 1730 483 1763 ὄντα,
495 1737 542 1758 και
555 1731 626 1758 κατὰ
642 1731 726 1766 μόνην
739 1730 857 1757 διάνοιαν
870 1727 1061 1762 ἀποδιδόμενα,
1079 1725 1110 1752 οὒ
1126 1726 1176 1762 τῆς
1191 1725 1332 1761 παρούσης
1348 1725 1538 1761 πραγματείας
1555 1725 1693 1759 τυγχάνει.

412 1789 610 1816 ΚΕΦΑΛΑῙΟΝ
622 1790 683 1816 KE'.

192 1843 202 1859 ι
221 1833 312 1867 οὕτως
327 1835 400 1869 λέγει
416 1835 518 1871 Κύριος
530 1845 536 1851 ·
555 1836 633 1863 Ποῖον
647 1835 726 1862 τοῦτο
740 1835 771 1862 τὸ
783 1835 884 1870 βιϐλίον
897 1833 944 1860 τοῦ

152 1881 318 1907 ἀποστασίου
331 1882 379 1916 τῆς
390 1881 492 1918 μητρὸς
504 1881 591 1916 ὑμῶν,
607 1878 629 1915 ᾧ
646 1881 824 1915 ἔξαπέστειλα
838 1881 924 1915 αὑτήν
936 1888 944 1912 ;

152 1926 171 1961 ἢ
188 1926 240 1953 τίνι
255 1927 381 1963 ὑπόχρεῳ
392 1928 521 1963 πέπρακα
534 1928 623 1963 ὑμᾶς;
646 1928 711 1955 Ἰδοὺ
725 1930 783 1960 ταῖς
798 1928 946 1963 ἁμαρτίαις

154 1972 232 2008 ὑμῶν
248 1973 397 2009 ὲπράθητε,
415 1973 461 2000 καὶ
473 1975 531 2005 ταῖς
543 1974 668 2009 ἁνομίαις
681 1974 757 2009 ὑμῶν
770 1973 947 2006 ὲξαπέστειλα

153 2019 204 2055 τὴν
221 2019 325 2056 μητέρα
336 2019 426 2055 ὑμῶν’
444 2020 511 2045 διότι
523 2017 615 2055 ἦλθον,
627 2021 675 2047 καὶ
691 2021 740 2047 οὐκ
756 2018 789 2056 ἦν
804 2019 947 2056 ἄνθρωπος

153 2063 170 2089 ὁ
184 2063 328 2090 ὑπακούων
340 2071 347 2078 ’
368 2064 406 2099 μὴ
419 2065 471 2091 οὐκ
484 2064 570 2100 ἰσχύει
583 2066 599 2100 ἠ
613 2066 673 2101 χείρ
683 2073 733 2100 μου
740 2065 786 2093 τοῦ
797 2065 927 2101 ῥύσασθαι
938 2073 945 2097 ;

153 2109 171 2145 ἢ
192 2110 241 2136 οὐκ
256 2110 341 2145 ἰσχύει
372 2110 419 2137 τοῦ
448 2110 607 2143 ὲξελέσθαι;
635 2111 700 2138 Ἰδοὺ
715 2110 755 2147 τῷ
770 2111 878 2146 ἐλεγμῷ
896 2120 946 2146 μου

154 2155 321 2192 ιξερημὼσω
337 2156 385 2192 τὴν
405 2156 551 2189 θάλασσαν,
569 2157 617 2183 καὶ
644 2156 718 2192 θήσω
735 2157 873 2192 ποταμοὺς
887 2158 948 2192 ὲρή-

155 2210 234 2237 μους,
262 2202 309 2228 καὶ
331 2201 543 2238 ξηρανθήσονται
570 2204 594 2229 οἱ
615 2202 704 2237 ἰχθύες
732 2202 822 2229 αὐτῶν
837 2202 946 2230 ἀπὸτοῦ

155 2247 194 2283 μὴ
209 2244 279 2273 εἶναι
294 2246 379 2282 ὕδωρ,
403 2249 450 2277 καὶ
463 2248 662 2275 ἀποθανοῦνται
684 2250 713 2275 έν
728 2248 811 2284 δίψει.
833 2249 948 2275 Ἐνδύσω

153 2293 200 2318 τὸν
213 2292 327 2327 οὐρανὸν
344 2293 448 2325 σκότος,
465 2295 512 2320 καὶ¹
530 2295 567 2326 ὡς
584 2295 684 2322 σάκκον
700 2295 775 2330 θήσω
790 2295 821 2321 τὸ
839 2295 949 2330 περιϐό-

153 2337 231 2364 λαιον
248 2336 341 2363 αὐτοῦ.
358 2336 458 2372 Κύριος
474 2338 575 2373 Κύριος
590 2339 680 2366 δίδωσί
697 2348 740 2375 μοι
753 2339 878 2373 γλιῖκτσαν
888 2348 950 2366 παι.

153 2383 244 2415 δείας,
260 2382 307 2410 τοῦ
324 2382 425 2418 γνῶναι
437 2383 516 2418 ἡνίκα
532 2384 571 2411 δεῖ
591 2386 678 2412 εἰπεῖν
699 2385 793 2420 λόγον·
810 2386 891 2420 ἔθηκέ
904 2394 948 2420 μοι

156 2429 239 2465 πρωῒ,
252 2428 324 2465 πρωῒ
343 2428 494 2465 προσέθηκέ
519 2438 564 2462 μοι
574 2431 653 2457 ὠτίον
661 2431 780 2464 ἀκούειν,
792 2433 838 2459 καὶ
853 2433 869 2467 ἡ
886 2441 948 2458 παι-

155 2476 213 2502 δεία
226 2476 327 2511 Κυρίου
339 2475 440 2509 ἀνοίγει
457 2484 506 2510 μου
521 2475 556 2502 τὰ
568 2472 633 2502 ὦτα.
653 2476 723 2510 Ἐγὼ
731 2477 759 2504 δὲ
775 2478 825 2504 ούκ
841 2477 947 2504 ἀπειθῶ
963 2469 984 2497 Ῑ)

156 2520 217 2547 οὐδὲ
238 2519 369 2554 ἀντιλέγω
381 2528 387 2534 ”
403 2520 450 2546 τὸν
475 2520 557 2546 νῶτόν
580 2529 630 2555 μου
645 2520 731 2548 ἔδωκα
748 2522 787 2553 εις
803 2522 946 2556 μάστιγας,

155 2566 206 2597 τὰς
235 2565 263 2592 δὲ
281 2565 408 2600 σιαγόνας
429 2567 479 2601 pob
497 2567 536 2598 εἰς
552 2567 724 2601 ῥαπίσματα,
752 2567 782 2592 τὸ
810 2567 838 2593 δὲ
862 2568 947 2604 πρόσ-

155 2612 230 2638 ωπόν
241 2620 291 2646 μου
302 2612 351 2638 οὐκ
359 2611 519 2648 ἀπέστρεψεν.
531 2612 584 2638 ἀπὸ
592 2613 722 2648 αἰσχύνης
733 2613 944 2648 ἑμπτυσμάτων·

155 2657 204 2686 καὶ
221 2657 322 2693 Κύριος
349 2657 451 2694 Κύριος
466 2658 561 2694 βοηθός
585 2667 636 2694 μου
650 2658 763 2694 ἐγενήθη
779 2668 786 2676 ι
809 2658 852 2686 διὰ
868 2660 947 2686 τοῦτο

155 2702 207 2728 οὐκ
219 2701 380 2737 ἐνετράπην,
397 2702 454 2729 ἀλλ’
471 2702 556 2738 ἔθηκα
572 2703 602 2729 τὸ
616 2703 760 2739 πρόσωπόν
776 2712 826 2738 μου
838 2704 875 2735 ὡς
891 2704 945 2730 ἐτέ-

158 2756 208 2783 ραν
217 2747 350 2782 (στερεὰν)
360 2748 476 2784 πέτραν·
493 2748 539 2776 καὶ
550 2748 731 2784 ἔγνων,ὄτιού
745 2749 782 2785 μὴ
795 2749 942 2784 αὶσχυνθῶ,

155 2795 197 2821 ὅτι
214 2792 317 2828 ὲγγίζει
329 2802 374 2828 μοι
386 2796 400 2821 ὁ
413 2795 559 2827 δικαιώσας
574 2804 607 2831 με
617 2804 623 2810 ·
637 2796 678 2827 τίς
689 2796 703 2822 ὀ
716 2797 872 2832 κρινόμενός
886 2805 940 2832 μοι;

157 2840 369 2875 ἰγγισάτωΛδοὺ
381 2840 481 2876 Κύριος
495 2841 595 2877 Κύριος
612 2842 704 2878 βοηθεῖ
721 2850 774 2877 μου
793 2843 835 2875 τίς
852 2842 943 2869 κακώ-

194 2919 204 2936 ¹
220 2919 279 2949 Gal.
294 2928 337 2954 Ill,
356 2919 407 2954 {5;
424 2919 506 2949 Hebr.
523 2930 571 2955 xu,
588 2920 621 2955 ﬁ;
655 2920 725 2948 Phil.
741 2930 769 2954 ll,
785 2922 808 2948 8.

1278 1784 1392 1812 CAPUT
1410 1783 1494 1812 XXV.

1038 1841 1048 1858 ι
1069 1832 1115 1860 Sic
1128 1832 1195 1859 dicit
1210 1831 1341 1858 Dominus
1359 1840 1366 1858 ε
1385 1830 1479 1863 Qualis
1490 1833 1532 1857 est
1543 1829 1587 1856 hic
1601 1828 1670 1855 liber
1682 1827 1788 1861 repudii

998 1881 1096 1910 matris
1121 1882 1230 1910 vestrae.
1245 1885 1300 1913 quo
1323 1877 1416 1904 dimisi
1441 1876 1522 1904 eam?
1538 1876 1591 1902 Aut
1613 1875 1657 1901 cui
1671 1874 1788 1901 debitori

998 1926 1108 1956 vendidi
1121 1925 1196 1959 νοείῖ
1208 1923 1279 1951 Ecce
1289 1924 1409 1958 peccatis
1424 1921 1522 1949 vestris
1540 1919 1644 1948 venditi
1661 1918 1739 1952 estis,
1760 1922 1788 1946 ct

999 1971 1192 2008 iniquitatibus
1205 1970 1306 1998 vestris
1324 1969 1403 1996 emisi
1426 1972 1541 1995 matrcm
1563 1970 1680 1993 vestram
1699 1972 1787 1999 :quo-

997 2020 1072 2047 niam
1087 2018 1160 2050 veni,
1174 2021 1199 2045 et
1213 2023 1267 2044 non
1281 2019 1340 2043 erat
1358 2015 1440 2042 homo
1456 2014 1502 2049 qui
1519 2013 1635 2040 audiret.
1659 2010 1798 2046 Nunquid.

999 2074 1054 2093 non
1068 2067 1159 2100 potest
1186 2069 1286 2090 manus
1302 2069 1360 2089 mea
1374 2060 1511 2088 liberare?
1526 2064 1573 2086 aut
1586 2057 1714 2093 nunquid.
1733 2063 1787 2083 non

999 2118 1112 2147 possum
1131 2109 1256 2145 eripere?
1271 2108 1342 2136 Ecce
1356 2107 1383 2135 in
1405 2106 1593 2141 increpatione
1618 2111 1682 2132 mea.
1694 2104 1794 2131 deser-v

999 2163 1057 2186 tum
1073 2158 1170 2185 faciam
1184 2163 1259 2183 mare
1276 2166 1282 2183 ε
1294 2162 1392 2190 ponam
1405 2153 1516 2181 flumina
1530 2153 1558 2180 in
1581 2152 1684 2179 siccum
1695 2159 1703 2185 ;
1715 2158 1790 2178 eom-

999 2207 1159 2240 putreseent
1185 2202 1275 2237 pisces
1293 2201 1353 2229 sine
1376 2206 1458 2235 aqua,
1472 2202 1500 2226 et
1518 2197 1670 2225 morientur
1684 2196 1713 2223 in
1732 2196 1777 2223 siti

999 2250 1113 2278 lnduam
1125 2248 1210 2276 caelos
1230 2246 1358 2278 tenebris,
1367 2249 1394 2273 et
1409 2252 1518 2273 saccum
1529 2251 1626 2279 ponam
1636 2242 1791 2276 operimen-

999 2300 1056 2323 tum
1071 2302 1177 2323 eorum.
1193 2293 1326 2321 Dominus
1342 2291 1473 2318 Dominus
1495 2289 1570 2318 dedit
1586 2289 1652 2316 mihi
1669 2288 1790 2322 linguam

999 2341 1180 2373 eruditam,ut
1188 2340 1273 2368 sciam
1282 2346 1423 2374 usquequo
1434 2340 1558 2373 oporteat
1566 2335 1657 2363 dicere
1664 2334 1787 2362 verbum.

1000 2388 1086 2423 Erigit
1100 2385 1190 2418 inane,
1207 2393 1287 2414 mane
1309 2385 1390 2420 erigit
1415 2383 1481 2411 mihi
1506 2389 1612 2415 aurem,
1633 2385 1663 2408 ut
1680 2380 1788 2407 audiam

1001 2433 1272 2469 quasimagistrum.
1294 2431 1427 2458 Dominus
1446 2430 1517 2457 Deus
1533 2428 1640 2464 aperuit
1657 2426 1723 2454 mihi
1740 2434 1789 2453 au-

1000 2487 1075 2512 rem;
1087 2485 1137 2513 ego
1152 2481 1242 2504 autem
1260 2484 1315 2504 non
1326 2481 1471 2503 contumax
1487 2481 1557 2505 sum.
1574 2480 1662 2507 neque
1679 2477 1789 2500 contra-

999 2525 1086 2552 dico:
1108 2527 1214 2558 tergum
1231 2530 1321 2549 meum
1347 2521 1409 2548 dedi
1429 2520 1456 2547 in
1478 2519 1595 2555 flagella,
1613 2524 1641 2545 et
1663 2518 1789 2546 maxillas

999 2577 1074 2597 meas
1085 2569 1111 2596 in
1124 2569 1232 2603 alapas;
1246 2567 1341 2593 faciem
1355 2573 1419 2593 vero
1433 2573 1520 2592 tneam
1533 2572 1587 2592 non
1599 2563 1685 2591 averti
1700 2571 1714 2590 a
1726 2571 1789 2598 pro-

999 2616 1048 2643 bro
1060 2619 1213 2650 sputorum.
1227 2613 1359 2640 Dominus
1370 2612 1442 2639 Deus
1455 2611 1602 2639 auxiliator
1613 2617 1692 2638 meus
1699 2609 1790 2637 factus

998 2664 1055 2688 est:
1065 2660 1125 2687 ideo
1134 2667 1187 2686 non
1196 2666 1256 2686 sum
1271 2657 1420 2691 confusus;
1435 2657 1495 2684 ideo
1505 2656 1583 2692 posui
1591 2655 1688 2683 faciem
1700 2662 1790 2683 meam

997 2711 1028 2733 ut
1044 2710 1146 2741 petram
1162 2704 1350 2737 durissimam,
1362 2707 1388 2730 et
1397 2704 1454 2731 scio
1467 2703 1596 2738 quoniam
1606 2709 1660 2729 non
1676 2701 1790 2728 confun—

999 2752 1057 2779 dar.
1084 2751 1165 2778 Juxta
1176 2755 1218 2778 est
1237 2750 1284 2785 qui
1309 2749 1443 2783 justificat
1464 2757 1506 2776 me
1523 2748 1605 2783 :quis
1618 2746 1790 2775 contradicat

999 2798 1086 2825 mihi?
1103 2797 1221 2825 Accedat
1235 2796 1270 2823 ad
1282 2803 1335 2822 me.
1353 2794 1422 2822 Ecce
1436 2794 1569 2822 Dominus
1584 2793 1655 2822 Deus
1673 2792 1789 2820 auxilia-

998 2847 1041 2870 tor
1053 2851 1130 2871 meus
1149 2853 1155 2870 :
1170 2843 1232 2879 quis
1246 2847 1288 2871 est
1301 2842 1346 2878 qui
1361 2841 1523 2870 condemnet
1538 2840 1598 2868 me?
1608 2839 1677 2868 Ecce
1695 2846 1796 2867 omnes

853 2923 861 2937 '
880 2922 990 2958 Sapit,
1012 2922 1052 2949 15.
