2035 3214
314 184 383 213 1259

654 179 786 209 EL'SEBH
807 174 1042 208 CIESARIEN’SlS
1061 178 1136 206 OPP.
1156 177 1246 204 PARS
1266 175 1310 203 ΠΙ.
1328 191 1363 197 -
1382 167 1585 202 EXEGETICA.

1848 171 1906 198 1240

313 252 362 271 vos
381 243 459 278 quasi
475 243 663 270 vestimentum
687 241 872 271 veterascetis,
888 240 960 267 tinea
973 238 1088 266 comedet

1148 244 1189 262 σει
1206 243 1255 270 με;
1277 235 1340 261 Ἰδοὺ
1367 233 1465 263 πάντες
1484 232 1561 266 ὑμεῖς
1583 230 1621 261 ὡς
1644 229 1747 264 ίματίον
1767 229 1904 265 παλαιωθῆ-

312 298 371 318 vos.
393 289 459 322 Quis
471 296 502 316 ex
519 288 596 315 vobis
613 287 711 314 timens
724 285 886 313 Dominum?
897 285 989 312 audiat
1001 292 1093 311 vocem

314 337 392 364 servi.
410 335 478 369 ejus.
506 333 685 361 Ambulantes
701 333 728 359 in
745 332 875 363 tenebris,
889 335 917 359 et
931 338 984 358 non
1000 335 1042 358 est
1055 330 1095 358 eis

313 382 375 414 lux,
390 379 518 408 confidite
533 380 561 406 in
578 379 688 406 nomine
705 378 823 411 Domini,
836 381 864 405 et
879 377 1027 404 innitimini
1040 375 1094 403 Deo

311 432 415 455 vestro.
432 426 501 461 Ecce
514 433 609 452 omnes
624 432 672 453 vos
689 424 777 460 ignem
790 422 947 455 incenditis,
965 422 1096 450 corrobo-

312 473 380 500 ratis
393 472 538 499 ﬂammam.
555 471 698 498 Ambulate
718 471 745 497 in
756 470 856 496 lumine
872 469 943 505 ignis
954 469 1048 500 vestri,
1067 473 1094 494 et

311 519 419 546 ﬂamma
435 526 517 552 quam
547 516 722 545 accendistis.
742 515 858 551 Propter
880 523 924 543 me
946 515 1015 542 facta
1031 519 1094 541 sunt

312 565 370 592 haec
386 564 475 596 vobis,
494 564 522 590 in
535 562 645 590 tristitia
660 561 805 589 dormietis'
815 562 834 588 ¹.
847 570 856 587 ι
868 560 1012 587 Manifeste
1028 559 1094 586 Ver-

311 612 337 638 bi
357 611 488 638 divinitas
509 610 543 637 iis
559 616 619 644 qum
634 608 778 635 retulimus
801 606 966 638 ostenditur,
984 611 1010 633 et
1025 613 1093 641 quo~

311 657 384 684 niam
407 654 591 683 incarnationi
617 661 673 682 sua:
692 653 904 689 praeexsisteret,
921 656 948 679 et
958 651 1095 686 quomodo

310 702 400 730 factus
415 702 496 728 homo
510 701 568 728 haec
586 707 719 735 passurus
734 703 806 726 esset
820 706 880 733 quae
891 698 919 725 in
941 697 1094 733 Evangeliis

311 748 412 782 scripta
427 750 500 774 sunt.
519 745 586 777 Quis
601 744 676 772 enim
691 744 760 771 alius
777 748 850 771 esset
865 743 979 770 dicens:
994 752 1003 768 1
1023 742 1094 769 Nun-

310 793 375 829 quid
403 800 457 820 non
474 796 563 827 potest
578 798 676 818 manus
688 798 758 822 mea.
776 799 785 815 ι
803 793 829 816 et
844 797 904 824 quae
931 792 1092 824 sequuntur,

311 847 398 874 usque
413 838 446 865 ad
461 839 522 865 illa:
542 847 553 863 ι
567 837 679 864 lnduam
695 836 780 864 celos
795 836 927 868 tenebris,
943 839 970 863 et
983 843 1092 863 saccum

311 892 408 920 ponam
429 884 626 919 operimentum
651 890 757 914 eorum,
776 891 786 908 ι
811 882 864 909 nisi
884 881 932 909 Dei
953 881 1093 909 Verbum?

309 930 370 965 Ipse
395 930 479 962 enim,
493 929 537 956 his
557 928 649 960 dictis,
675 927 785 962 Subjicit
802 937 809 954 :
830 936 840 953 1
869 927 1002 954 Dominus
1019 927 1093 954 dedit

310 975 377 1003 mihi
397 975 516 1010 linguam
530 973 678 1005 eruditam,
695 979 724 1000 ut
744 973 829 1001 sciam
853 979 995 1008 usquequo
1010 967 1092 1007 opor-

308 1026 364 1050 teat
378 1021 469 1048 dicere
482 1020 595 1048 verbum
607 1028 614 1052 ;
625 1029 635 1047 ›
653 1027 804 1054 rursusque
815 1019 918 1054 reliqua
930 1018 1032 1052 adjicit,
1052 1018 1093 1045 di-

309 1074 375 1094 cens
388 1075 394 1092 :
415 1076 425 1092 1
439 1065 494 1101 Ego
504 1070 596 1093 autem
611 1073 665 1092 non
683 1069 829 1092 contumax
845 1073 916 1095 sum,
930 1072 1017 1098 neque
1026 1071 1093 1090 con-

308 1111 415 1139 tradico
432 1121 438 1138 :
455 1115 561 1147 tergum
577 1119 666 1138 meum
683 1111 743 1138 dedi
762 1111 789 1138 in
802 1110 919 1146 ﬂagella,
930 1115 956 1138 et
968 1110 1092 1137 maxillas

308 1165 383 1185 ineas
405 1158 433 1184 in
447 1158 551 1192 alapas,
571 1166 582 1182 ι
599 1161 626 1184 et
642 1161 741 1184 caetera
751 1164 838 1192 usque
855 1156 889 1183 ad
908 1156 976 1190 illa;
995 1165 1004 1181 1
1019 1155 1094 1188 Quo-

309 1203 383 1230 niam
404 1203 483 1238 juxta
506 1206 548 1230 est
563 1203 610 1237 qui
633 1202 766 1237 justiﬁcat
793 1210 846 1230 me.
865 1211 874 1228 ι
894 1201 993 1237 Reipsa
1018 1201 1091 1229 enim

310 1256 420 1282 passum
433 1248 521 1276 fuisse
542 1247 661 1276 dicimus
674 1247 806 1278 Verbum,
824 1247 1092 1282 compatientemque

307 1300 387 1328 quem
403 1294 524 1329 suscepit
535 1293 682 1321 hominem.
694 1291 837 1320 Nescimus
852 1293 935 1327 igitur
951 1300 986 1319 an
1001 1293 1091 1327 aliqua

307 1340 395 1374 possit
413 1339 446 1367 de
461 1340 514 1367 hac
529 1339 672 1375 prophetia
696 1339 767 1366 ratio
786 1339 845 1366 dari
864 1340 898 1366 ab
913 1340 947 1366 iis
962 1339 1008 1374 qui
1035 1347 1089 1367 non

308 1385 453 1412 admittunt
467 1385 613 1420 quamdam
639 1393 701 1413 esse
730 1385 879 1413 secundam
908 1385 1090 1413 substantiam

307 1429 354 1458 Dei
369 1429 459 1461 Verbi,
476 1435 539 1465 post
554 1431 687 1465 primam,
700 1434 727 1457 et
744 1431 897 1458 increatum
913 1430 1021 1458 Patrem
1032 1438 1090 1458 om-

306 1475 436 1510 niumque
450 1474 544 1502 Deum.
555 1475 610 1504 Nos
623 1479 714 1503 autem
725 1480 798 1504 recte
811 1483 971 1511 persuasum
985 1476 1088 1503 haben-

305 1524 347 1547 tes
365 1520 438 1548 hunc
451 1528 513 1548 esse
528 1529 622 1549 revera
638 1521 728 1551 Deum
748 1521 866 1549 Verbum
888 1522 1087 1554 existimamus,

304 1566 350 1601 qui
365 1570 392 1593 et
404 1566 448 1593 hic
463 1566 534 1593 inter
545 1571 642 1594 catera
655 1566 739 1594 dicit:
758 1577 767 1592 1
782 1566 895 1594 lnduam
909 1568 994 1595 cmlos
1008 1571 1085 1596 tene-
1102 1578 1123 1607 (ς

304 1609 373 1640 bris.
389 1619 398 1635 ι
413 1610 578 1645 subjicitque
589 1619 622 1638 ex
638 1619 754 1646 persona
775 1619 856 1646 quam
880 1613 1029 1647 assumpsit
1040 1613 1088 1641 ho-

305 1655 398 1688 minis,
414 1665 423 1681 1
441 1655 572 1684 Dominus
584 1657 657 1684 dedit
675 1657 742 1684 mihi
756 1658 876 1694 linguam
891 1651 1038 1692 eruditam,
1059 1663 1088 1686 ut

305 1701 390 1728 sciam
408 1709 550 1737 usquequo
565 1706 689 1737 oporteat
709 1703 800 1731 dicere
818 1704 942 1732 verbum.
964 1713 973 1731 )
989 1705 1089 1738 Quem-

303 1754 367 1774 nam
382 1755 446 1774 vero
458 1748 542 1774 alium
556 1748 610 1776 nisi
625 1748 793 1776 Salvatorem
810 1756 934 1777 nostrum
949 1750 1086 1778 hominem

303 1791 405 1819 factum
422 1794 530 1820 deceret
546 1793 603 1821 hac
619 1802 727 1829 quoque
741 1794 832 1822 dicere
848 1805 854 1822 :
875 1804 885 1821 1
904 1796 971 1828 Quis
982 1787 1088 1823 contra-

304 1837 375 1864 dicet
398 1837 598 1866 milii?stemus
621 1839 719 1868 simul:
741 1849 750 1865 i
769 1840 811 1867 vel
834 1840 868 1868 de
884 1848 938 1876 quo
955 1841 1011 1868 hzec
1031 1842 1086 1870 dici

303 1887 424 1917 possent,
436 1884 469 1911 ab
481 1884 536 1911 illis
552 1894 558 1912 :
573 1894 582 1910 1
595 1885 662 1918 Quis
673 1893 706 1912 ex
723 1886 799 1913 vobis
812 1887 911 1914 timens
927 1887 1086 1915 Dominum?

302 1927 396 1954 audiat
413 1935 505 1955 voccui
531 1929 602 1956 servi
616 1930 686 1964 ejus,
705 1939 714 1955 I
732 1931 783 1957 nisi
815 1931 849 1958 de
876 1932 936 1959 solo
964 1931 1085 1965 Christo,

301 1974 347 2008 qui
362 1974 439 2008 juxta
464 1975 621 2010 Scripturas
637 1976 811 2011 ignominiam
827 1977 966 2013 despexit,
990 1980 1085 2007 exina-

301 2020 380 2048 niens
394 2022 581 2056 semetipsum,
596 2026 623 2050 et
639 2031 726 2058 usque
745 2023 778 2050 ad
794 2023 898 2060 ﬂagella
913 2025 1084 2058 humiliatus,

300 2073 374 2099 cum,
385 2067 533 2094 secundum
550 2067 582 2095 de
594 2068 653 2103 ipso
664 2069 832 2104 prophetiam
845 2070 1008 2106 ﬂagellatam
1024 2079 1085 2099 eum

300 2110 405 2140 Pilatus
417 2113 530 2140 tradidit
548 2114 780 2149 cruciiigendum;
795 2120 860 2143 tunc
871 2125 979 2152 quoque
993 2118 1086 2154 alapas

300 2163 328 2184 et
342 2162 423 2193 sputa
439 2159 561 2194 pertulit,
577 2168 638 2188 cum
653 2160 688 2188 ad
704 2161 764 2196 ejus
780 2162 861 2190 verba
878 2167 967 2191 vestes
980 2164 1083 2191 dilace-

299 2210 365 2230 rans
384 2211 508 2232 summus
522 2205 653 2233 sacerdos
667 2213 729 2233 eum
746 2206 978 2241 blasphemavissc
992 2207 1083 2234 excla-

1145 280 1232 311 σεσθε,
1246 279 1293 305 καὶ
1305 278 1354 314 σὴς
1369 276 1554 311 καταφάγεται
1567 275 1646 310 ὑμᾶς.
1662 274 1709 306 Τίς
1724 275 1753 301 ἐν
1767 275 1825 309 ὑμῖν
1837 276 1850 300 ὀ
1866 283 1906 308 φο-

1144 325 1273 360 ϐούμενος
1304 324 1349 351 τὸν
1375 322 1491 358 Κύριον;
1511 320 1690 347 ὑπακουσάτω
1706 321 1754 354 τῆς
1769 320 1851 354 φωνῆς
1865 321 1905 347 τοῦ

1143 369 1237 401 παιδὸς
1265 368 1362 396 αὑτοῦ·
1389 369 1413 394 οἱ
1437 366 1612 402 πορευόμενοι
1630 367 1658 391 ὲν
1676 365 1774 396 σκότει,
1794 365 1837 391 καὶ
1864 366 1906 392 οὐκ

1144 416 1216 441 ἑστιν
1227 414 1316 446 αὐτοῖς
1333 413 1400 448 φῶς,
1418 412 1563 439 πεποίθατε
1580 411 1626 437 ἐπὶ
1636 410 1673 445 τῷ
1686 410 1794 445 ὀνόματι
1807 411 1904 445 Κυρίου,

1143 461 1191 487 καὶ
1204 459 1428 495 ἀντιστηρίσασθε
1452 458 1497 484 ἐπὶ
1513 457 1551 492 τῷ
1565 456 1633 491 Θεῷ.
1656 456 1719 483 Ἰδοὺ
1733 456 1827 487 πάντες
1841 457 1906 491 ὑμεῖς

1145 506 1200 541 πῦρ
1215 505 1317 536 καίετε,
1345 503 1392 530 καὶ
1415 502 1572 537 κατισχύετε
1594 502 1679 536 φλόγα
1693 509 1699 516 '
1717 501 1856 536 πορεύεσθε
1874 503 1908 538 τῷ

1144 552 1215 586 φωτὶ
1228 550 1273 578 τοῦ
1289 549 1374 585 πυρὸς
1391 548 1477 584 ὑμῶν,
1504 548 1550 574 καὶ
1565 549 1597 582 τῆ
1619 547 1698 582 φλογὶ
1750 546 1906 580 ἐξεκαύσατε.

1143 599 1180 624 Δι’
1193 597 1242 632 ἐμὲ
1251 597 1358 630 ἐγένετο
1371 594 1454 621 ταῦτα
1470 594 1543 628 ὑμῖν,
1555 594 1583 620 ὲν
1599 593 1672 628 λύπῃ
1686 592 1881 628 κοιμηθήσεσῡε.
1896 604 1906 619 ›

1144 644 1239 678 Σαφῶς
1254 643 1272 677 ἡ
1285 641 1331 668 τοῦ
1340 641 1424 675 Λόγου
1440 639 1533 674 Θεότης
1552 641 1600 666 καὶ
1611 638 1654 665 διὰ
1669 638 1722 665 τῶν
1739 640 1906 674 προκειμένων

1143 688 1342 720 ἀποδείκνυται,
1353 688 1392 714 ὅτι
1401 695 1429 713 τε
1444 685 1620 722 προϋπῆρχεν
1628 685 1676 720 τῆς
1684 684 1905 720 ὲνανθρωπήσεως,

1145 734 1191 760 καὶ
1208 734 1244 764 ὡς
1259 731 1469 768 ἐνανορωπήσας
1485 730 1571 757 ταῦτα
1592 729 1704 764 πάσχειν
1720 728 1830 764 ἣμελλεν
1842 729 1857 755 ἃ
1870 730 1908 756 καὶ

1143 781 1172 806 ὲν
1187 780 1243 810 τοῖς
1259 776 1434 812 Εὑαγγελίοις
1442 775 1655 810 ἀναγέγραπται.
1671 774 1718 806 Τίς
1731 773 1786 810 γὰρ
1799 774 1830 800 ἂν
1844 775 1906 806 ἄλλος

1143 825 1186 860 εἴη
1218 825 1232 850 6
1260 824 1382 858 φάσκων·
1398 831 1407 847 1
1426 821 1472 857 Μὴ
1490 822 1540 848 οὐκ
1557 821 1643 856 ἰσχύει
1659 821 1676 855 ἡ
1692 819 1752 855 χείρ
1769 828 1827 855 μου,
1845 829 1852 845 ι
1869 821 1907 847 καὶ

1143 871 1176 897 τὰ
1190 871 1252 905 ἑξῆς
1277 869 1328 901 ἕως
1350 868 1406 895 τοῦ·
1421 877 1431 894 1
1449 867 1564 894 Ἐνδύσω
1571 867 1616 893 τὸν
1633 865 1745 901 οὐρανὸν
1761 866 1858 898 σκότος,
1871 867 1909 892 καὶ

1108 911 1127 938 Β
1143 917 1180 948 ὡς
1197 916 1296 942 σάκκον
1312 915 1342 941 τὸ
1358 913 1526 950 περιϐόλαιον
1537 911 1628 943 αὐτοῦ,
1647 920 1656 937 ι
1671 910 1687 946 ἢ
1702 911 1772 937 ὁτοῦ
1790 911 1851 937 Θεοῦ
1867 912 1908 937 Λό-

1146 970 1207 996 γος;
1224 961 1308 992 Αὐτὸς
1339 960 1371 996 δὴ
1392 958 1449 991 οὖν,
1471 958 1505 985 τὰ
1518 957 1667 993 τηλικαῦτα
1684 956 1778 989 εἰπὼν,
1800 957 1908 992 ἐπιφέρει

1142 1008 1244 1042 λέγων·
1262 1016 1270 1032 1
1290 1006 1390 1042 Κύριός
1407 1014 1452 1040 μοι
1467 1003 1557 1031 δίδωσι
1583 1002 1707 1037 γλῶσσαν
1731 1002 1850 1034 παιδείας
1868 1002 1908 1029 τοῦ

1142 1054 1243 1088 γνῶναι
1273 1053 1353 1088 ἡνίκα
1374 1052 1414 1079 δεῖ
1428 1053 1514 1078 είπεῖν
1536 1050 1612 1085 λόγον
1622 1058 1630 1064 '
1645 1059 1654 1074 ι
1667 1049 1713 1075 καὶ
1729 1047 1806 1080 αὖθις
1826 1048 1908 1083 ἐπάγει

1143 1100 1230 1137 [va-.1]
1253 1098 1287 1125 τὰ
1315 1097 1395 1125 λοιπὰ
1420 1097 1546 1132 φάσκων·
1573 1105 1582 1121 1
1610 1094 1680 1129 Ἐγὼ
1696 1094 1724 1121 δὲ
1745 1094 1794 1121 οὐκ
1810 1094 1909 1128 ἀπειθῶ,

1142 1146 1201 1172 οὐδὲ
1218 1144 1349 1178 ἀντιλέγω
1360 1152 1367 1158 ·
1383 1143 1428 1170 τὸν
1444 1142 1527 1169 νῶτόν
1538 1150 1590 1177 μου
1599 1141 1709 1168 τέθεικα
1722 1141 1764 1172 είς
1780 1140 1908 1176 μάστιγας,

1143 1191 1227 1223 τὰςδὲ
1244 1191 1369 1225 σιαγόνας
1384 1198 1432 1225 μου
1452 1189 1492 1221 εἰς
1509 1187 1676 1224 ῥαπίσματα,
1699 1196 1708 1212 )
1730 1187 1777 1213 καὶ
1793 1187 1825 1213 τὰ
1842 1187 1910 1222 μέχρι

1143 1238 1199 1265 τοῦ·
1216 1247 1225 1262 1
1243 1237 1304 1263 Ὅτι
1319 1235 1420 1270 ἐγγίζει
1438 1243 1482 1270 μοι
1504 1235 1519 1260 6
1546 1232 1690 1265 δικαιώσας
1711 1241 1756 1267 με.
1778 1242 1787 1258 ι
1806 1232 1908 1268 Δυνάμει

1142 1285 1196 1320 γάρ
1212 1292 1253 1310 τοι
1268 1282 1428 1309 πεπονθέναι
1448 1280 1536 1316 φαμὲν
1552 1280 1597 1306 τὸν
1617 1279 1712 1313 Λόγον.
1731 1279 1909 1314 συμπάσχοντα

1141 1330 1170 1356 δὲ
1197 1329 1225 1356 ὃν
1250 1328 1393 1364 ἀνείληφεν
1421 1325 1554 1362 ἀνθρώπῳ
1576 1325 1606 1361 (f.
1623 1326 1657 1353 55
1673 1325 1722 1360 γ’).
1743 1325 1799 1352 οὐκ
1814 1325 1909 1360 οἴδαμεν

1142 1374 1188 1402 οὖν
1211 1375 1235 1401 εί
1259 1374 1314 1406 ἓξει
1331 1382 1374 1405 τις
1399 1373 1463 1408 περὶ
1484 1372 1533 1407 τῆς
1555 1371 1740 1408 προκειμένης
1761 1371 1909 1406 προφητείας

1141 1419 1284 1447 ἀποδοῦναι
1303 1419 1390 1452 λόγον,
1407 1418 1444 1454 μὴ
1466 1417 1642 1453 προσιέμενος
1656 1417 1686 1443 τὺ
1704 1414 1775 1442 εἷναί
1790 1425 1847 1443 τινα
1860 1417 1908 1443 δευ-

1140 1465 1222 1501 τέραν
1244 1464 1391 1491 ὑπόστασιν
1405 1463 1451 1490 τοῦ
1473 1462 1540 1489 θεοῦ
1565 1463 1651 1497 Λόγου
1667 1463 1736 1498 μετὰ
1753 1462 1800 1498 τὴν
1814 1462 1909 1498 πρώτην

1141 1511 1187 1537 καὶ
1203 1511 1333 1546 ἀγένητον
1348 1509 1392 1536 τὸν
1414 1509 1522 1545 Πατέρα
1533 1509 1580 1536 καὶ
1599 1509 1663 1535 Θεὸν
1674 1508 1729 1535 τῶν
1744 1509 1811 1535 ὅλων
1822 1517 1828 1524 ⁵
1841 1510 1906 1544 ἡμεῖς

1140 1566 1172 1591 γε
1200 1557 1251 1592 μὴν
1271 1556 1357 1592 ὀρθῶς
1371 1555 1546 1590 πεπεισμένοι
1564 1554 1657 1585 τοῦτον
1673 1553 1806 1589 ὑπάρχειν
1824 1554 1907 1589 δηλαδὴ

1138 1604 1184 1630 ’τὸν
1200 1603 1265 1630 Θεὸν
1281 1603 1364 1637 Λόγον
1376 1601 1524 1638 ἡγούμεθα,
1540 1601 1583 1628 τὶν
1597 1602 1642 1628 καὶ
1658 1602 1774 1628 ἐνταῦθα
1789 1602 1904 1637 φάσκοντα

1141 1649 1208 1685 μετὰ
1225 1649 1278 1676 τῶν
1292 1648 1378 1675 ἄλλων
1391 1648 1421 1674 τό
1431 1656 1437 1662 ·
1452 1657 1461 1673 1
1478 1647 1592 1674 Ἐνδύσω
1607 1647 1652 1674 τὸν
1670 1648 1785 1684 οὐρανὸν
1801 1648 1904 1680 σκότος,ι

1139 1697 1185 1723 καὶ
1202 1695 1367 1731 ἐπιφέροντα
1388 1695 1420 1721 ὲκ
1436 1693 1580 1730 προσώπου
1603 1690 1632 1720 οὗ
1652 1694 1796 1730 ἀνείληφεν
1818 1692 1906 1728 ἀνθρὼ-

1138 1752 1189 1770 που
1200 1743 1230 1769 τό
1243 1751 1249 1757 ·
1270 1752 1278 1767 ε
1299 1741 1400 1776 Κύριος
1420 1740 1511 1767 δίδωσί
1529 1749 1573 1775 μοι
1586 1740 1711 1774 γλῶσσαν
1730 1740 1856 1772 παιδείας,
1869 1739 1907 1766 τοῦ

1138 1789 1238 1823 γνῶναι
1266 1787 1347 1822 ἡνίκα
1360 1787 1411 1813 -δεῖ
1437 1787 1522 1812 εἰπεῖν
1550 1786 1637 1820 λόγον.
1657 1795 1665 1812 ι
1681 1786 1742 1812 Τίνι
1765 1787 1787 1812 δ’
1800 1787 1831 1813 ἂν
1848 1785 1907 1819 ἄλλῳ

1138 1834 1213 1870 παρὰ
1229 1833 1274 1859 τὸν
1301 1832 1441 1868 ἄνθρωπον
1459 1832 1505 1858 τοῦ
1523 1832 1648 1868 Σωτῆρος
1666 1831 1747 1867 ἡμῶν
1764 1832 1856 1867 πρέποι
1870 1831 1906 1857 λέ-

1137 1889 1195 1914 γειν
1210 1880 1256 1906 καὶ
1269 1879 1308 1905 τό·
1324 1888 1333 1904 1
1352 1878 1420 1910 Τίςὸ
1435 1877 1591 1913 κρινόμενός
1606 1886 1662 1913 μοι;
1677 1878 1829 1913 ἀντιστήτω
1840 1886 1903 1913 μοι.ι

1139 1926 1174 1951 "H
1187 1924 1252 1960 περὶ
1262 1925 1334 1955 τίνος
1348 1923 1445 1957 λέγοιτ’
1460 1923 1492 1950 ἂν
1507 1923 1541 1949 τὰ
1553 1923 1607 1950 ἀπὸ
1620 1923 1667 1949 τοῦ
1677 1932 1684 1938 ·
1699 1933 1708 1949 1
1732 1924 1780 1955 Τίς
1794 1925 1822 1950 ἐν
1833 1924 1906 1959 ύμίνό

1137 1970 1301 2006 φοϐούμενος
1314 1969 1360 1996 τὸν
1377 1969 1477 2005 Κύριον
1491 1979 1499 2003 ;
1513 1970 1693 1996 ὑπακουσάτω
1707 1970 1760 2004 τ’ἦς
1771 1969 1856 2004 φωνῆς
1866 1968 1904 1995 τεῦ

1137 2017 1229 2048 παιδὸς
1243 2015 1335 2048 αὑτοῦ,
1356 2025 1366 2041 ι
1382 2015 1399 2051 ἢ
1418 2015 1488 2053 περὶ.
1500 2016 1579 2050 μόνου
1592 2015 1639 2041 τοῦ
1650 2015 1780 2051 Χριστοῦ,
1793 2015 1836 2042 τοῦ
1848 2014 1906 2041 κατὰ

1136 2063 1185 2094 τὰς
1200 2061 1312 2098 Γραφὰς
1323 2061 1452 2097 αἰσχύνης
1468 2062 1736 2097 καταφρονήσαντος,
1755 2061 1904 2091 κενώσαντός

1136 2117 1164 2134 τε
1184 2108 1278 2135 ἑαυτὸν
1303 2108 1349 2134 καὶ
1366 2107 1445 2143 μέχρι
1472 2107 1610 2142 μαστίγων
1624 2107 1853 2140 ταπεινώσαντος,
1869 2107 1904 2132 ἅτε

1136 2154 1206 2180 κατὰ
1220 2155 1269 2189 τὴν
1284 2153 1465 2189 προκειμένην
1487 2153 1550 2186 περὶ
1568 2153 1649 2180 αὑτοῦ
1669 2154 1833 2190 προφητείαν
1848 2160 1904 2187 φρα·

1135 2200 1273 2234 γελλώσας
1293 2200 1372 2227 αὑτὸν
1391 2201 1405 2226 ὁ
1419 2200 1532 2231 Πιλᾶτος
1547 2200 1703 2235 παρέδωκεν
1717 2199 1904 2236 «nuptae-ilva;

299 2249 393 2276 mavit.
410 2248 487 2276 Tunc
502 2250 574 2276 enim
602 2255 769 2285 exspuerunt
795 2252 821 2278 in
848 2251 945 2278 faciem
972 2252 1032 2286 ejus
1056 2255 1083 2278 et

1138 2245 1201 2272 Τότε
1216 2245 1243 2272 δὲ
1263 2245 1309 2271 καὶ
1327 2245 1484 2280 ῥαπίσματα
1504 2245 1550 2272 καὶ
1572 2246 1751 2281 ἐμπτυσμοὺς
1775 2246 1903 2281 ὑπέμενεν,

298 2295 504 2330 colapliizabant
522 2303 584 2333 eum
595 2304 602 2328 ;
614 2297 661 2322 alii
676 2304 740 2324 vero
756 2297 849 2332 alapas
863 2297 887 2324 ei
901 2297 1081 2333 impegcrunt,

297 2339 438 2367 dicentes:
458 2349 467 2365 ι
483 2330 644 2375 Prophetiza
659 2341 750 2374 nobis,
761 2330 880 2374 Christe,
895 2330 957 2378 quis
975 2330 1002 2370 te
1022 2350 1083 2377 pcr-

297 2387 403 2414 cussit?
420 2396 429 2412 I
447 2386 581 2414 Videntur
596 2390 686 2414 autem
717 2388 827 2422 capituli
843 2389 925 2423 hujus
951 2389 1028 2416 initia
1047 2388 1081 2415 ad

295 2430 450 2460 Judazorum
462 2439 628 2468 synagogam
637 2436 770 2467 spectare.
789 2443 798 2459 1
822 2433 892 2461 Ecce
906 2434 990 2466 enim,
1010 2444 1019 2460 ι
1033 2435 1079 2467 ait,

299 2482 433 2516 (peccatis
443 2483 542 2511 vestris
556 2483 743 2517 venditiestis,
751 2490 777 2512 et
786 2486 976 2520 iniquitatibus
986 2489 1083 2515 vestris

295 2526 375 2553 emisi
388 2532 503 2555 matrem
517 2533 647 2557 vestram.
666 2539 676 2555 ι
697 2529 778 2558 Venit
791 2532 863 2558 enim
882 2541 892 2558 1
912 2532 946 2559 ad
963 2533 1082 2567 perditas

299 2587 365 2607 oves
378 2581 476 2609 domus
495 2582 577 2610 Israel
593 2584 614 2616 ³,
635 2593 644 2609 ι
666 2588 692 2611 et
706 2584 812 2611 nullum
828 2585 930 2612 invenit
945 2585 1017 2620 apud
1034 2594 1082 2613 eos

299 2630 446 2664 hominem,
461 2635 508 2662 sed
524 2640 551 2663 et
567 2637 671 2672 primos
684 2637 792 2672 quidem
808 2645 855 2665 eos
878 2638 984 2665 vocavit
999 2648 1005 2665 :
1026 2647 1082 2666 non

297 2689 384 2712 autem
397 2691 455 2714 erat
470 2689 588 2724 populus
603 2690 726 2718 audiens.
742 2690 804 2718 Ideo
817 2690 897 2718 dicit:
908 2700 917 2716 1
930 2691 993 2718 ldeo
1006 2691 1078 2722 veni,

294 2741 321 2759 ει
347 2745 400 2764 non
414 2745 473 2766 erat
499 2740 590 2774 homo,
615 2742 775 2776 vocavique.
790 2747 816 2769 et
841 2742 932 2770 nullus
957 2747 1016 2770 erat
1031 2743 1077 2778 qui

295 2789 410 2817 audiret.
428 2801 437 2816 ι
454 2793 595 2821 Postrema
621 2802 686 2822 vero
712 2795 794 2831 hujus
819 2796 873 2823 loci
898 2801 1078 2832 congruenter

329 2878 336 2892 ‘
351 2877 413 2905 lsai.
426 2887 450 2910 ι.Υ
471 2880 543 2906 l-H.
583 2882 697 2910 ‘Matth.
716 2892 760 2918 xv,
778 2885 822 2912 9.4.

1137 2292 1181 2317 ὅτε
1207 2292 1253 2318 ἐπὶ
1274 2293 1329 2323 τοῖς
1347 2292 1436 2325 λύγοις
1451 2291 1533 2318 αὐτοῦ
1551 2292 1786 2328 περιρρηξάμενος
1797 2293 1810 2318 6
1825 2292 1903 2327 ἀρχιε-

1137 2338 1209 2373 ρεὺς,
1224 2338 1380 2372 ἀπεφήνατο
1401 2337 1657 2373 βεϐλασφημηκέναι
1678 2338 1759 2365 αὐτόν
1768 2347 1775 2353 ⁸
1788 2338 1845 2364 τότε
1859 2336 1903 2371 γὰρ

1136 2383 1283 2410 ἐνέπτυσαν
1307 2384 1347 2415 εἲς
1368 2383 1398 2409 τὸ
1423 2384 1566 2419 πρόσωπον
1587 2384 1669 2410 αὐτοῦ
1691 2385 1739 2410 καὶ
1761 2382 1902 2417 ἐκολάφιζον

1135 2429 1223 2457 αὐτόν.
1253 2430 1284 2455 Ut
1308 2429 1336 2455 δὲ
1356 2430 1506 2465 ἐρῤάπισαν
1534 2431 1613 2458 αὐτὸν
1631 2430 1770 2464 λέγοντες·
1788 2440 1797 2456 1
1812 2429 1903 2464 Προφὴ-

1134 2483 1228 2501 τευσον
1242 2476 1307 2510 ἡμῖν
1317 2495 1324 2507 ,
1337 2476 1448 2511 Χριστὲ,
1460 2475 1500 2507 τίς
1511 2477 1583 2502 ἐστιν
1593 2477 1607 2503 6
1622 2477 1722 2508 παίσας
1734 2485 1763 2503 σε
1775 2485 1782 2509 ;
1798 2487 1806 2502 ι
1824 2476 1901 2501 Ἐοικε

1134 2520 1162 2547 δὲ
1178 2521 1211 2547 τὰ
1226 2521 1274 2556 μὲν
1289 2521 1358 2547 κατὰ
1378 2521 1426 2557 τὴν
1449 2522 1535 2558 ἀρχὴν
1552 2522 1597 2549 τοῖ’)
1616 2523 1763 2557 κεφαλαίου
1784 2522 1843 2557 περὶ
1860 2521 1902 2554 τῆς

1134 2566 1187 2593 τῶν
1208 2567 1340 2594 Ἰουδαίων
1371 2567 1497 2601 λέγεσθαι
1522 2569 1694 2603 συναγωγῆς·
1715 2578 1724 2595 1
1746 2568 1810 2595 Ἰδοὺ
1821 2567 1878 2602 γὰρ,
1891 2574 1899 2590 ι

1135 2613 1211 2648 φησὶ,
1230 2622 1240 2638 1
1254 2615 1314 2644 ταῖς
1338 2614 1483 2649 ἁμαρτίαις
1510 2614 1586 2649 ὑμῶν
1609 2614 1763 2650 ὲπρὰοητε·
1789 2613 1835 2640 καὶ
1851 2611 1900 2642 ταῖς

1134 2659 1259 2694 ἀνομίαις
1289 2660 1364 2695 ὑμῶν
1389 2660 1564 2692 ὲξαπέστειλα
1585 2660 1634 2696 τὴν
1660 2660 1765 2696 μητέρα
1791 2657 1870 2694 ὑμῶν.
1889 2665 1898 2682 ι

1131 2703 1218 2732 Ἦλθε
1243 2706 1297 2741 γὰρ
1324 2715 1332 2731 1
1347 2706 1393 2732 ἐπὶ
1417 2707 1451 2733 τὰ
1477 2706 1600 2741 πρόόατα
1617 2707 1649 2733 τὰ
1666 2706 1820 2732 ἀπολωλότα
1836 2704 1898 2731 οἴκου

1138 2751 1274 2787 Ἰσραὴλ.)
1288 2752 1333 2778 καὶ
1358 2753 1406 2787 οὐχ
1430 2749 1493 2788 εὗρέ
1508 2761 1568 2779 τινα
1589 2753 1616 2779 ἐν
1646 2752 1735 2784 αὐτοῖς
1759 2751 1898 2787 ἄνθρωπον.

1131 2797 1199 2824 ἀλλὰ
1216 2798 1261 2824 καὶ
1273 2798 1396 2833 πρώτους
1414 2798 1462 2834 μὲν
1477 2799 1574 2830 αὐτοὺς
1591 2799 1732 2826 ἐκάλεσεν·
1747 2799 1796 2825 οὐκ
1812 2795 1871 2833 ἧνδ
1884 2795 1898 2820 ἀ
