2035 3214
168 167 234 194 4241

675 165 821 193 ΕΟιΟῦ.-Ε
840 165 1079 194 ΡΒΟΡΗΕΤΙΟᾸΞ.
1099 180 1134 186 —
1154 165 1217 193 LIB.
1237 165 1282 194 IV.

1720 170 1732 196 1
1737 169 1790 197 262

167 225 230 256 λαδς
256 223 410 251 ὑπακούων.
440 224 478 250 Δι’
493 225 507 250 ὁ
525 233 600 259 φησι·
622 234 630 250 ε
650 225 722 252 Διότι
737 223 829 261 ἦλθον,
847 226 894 253 καὶ
905 227 950 253 οὐκ

1005 232 1067 262 post
1086 227 1200 254 istorum
1227 226 1448 261 reprobationem
1473 228 1593 262 gentium
1619 228 1790 255 vocationem

166 267 201 305 ἦν
215 269 370 305 ἄνθρωπος’
384 269 500 296 ἐκάλεσα
514 270 560 296 καὶ
577 270 625 297 οὐκ
640 267 673 306 ἦν
689 272 704 297 6
720 271 874 298 ὑπακούων.
892 282 901 298 ι
915 272 954 299 Τὰ

166 316 188 342 δ’
198 316 245 342 ἐπὶ
259 316 329 342 τέλει
347 316 396 351 τῆς
414 316 565 351 περικοπῆς
577 316 729 349 ἀκολούθως
738 318 808 352 μετὰ
821 317 869 354 τὴν
886 319 956 346 ὲκεί-

166 371 220 390 νων
236 362 370 396 ἀποϐολὴν
386 363 431 388 ἐπὶ
448 363 496 397 τὴν
514 362 544 394 ἐξ
557 362 641 389 ἐθνῶν
661 363 825 399 ἀναᾳέρεται
842 365 937 400 κλῆσιν
947 386 954 396 ,

166 407 221 435 ἀπὸ
234 408 292 438 τοῦ.
305 417 314 434 α
327 409 374 440 Τίς
386 410 414 435 ὲν
427 409 491 443 ὑμῖν
504 410 517 435 6
530 408 694 444 φοϐούμενος
705 409 751 436 τὸν
762 410 879 445 Κύριονς
907 411 956 438 ὑπ‹

165 454 310 481 ἀκουσάτω
323 453 373 489 τῆς
385 455 476 489 φωνῆς
489 454 535 481 τοῦ
549 455 642 487 παιδὸς
658 455 751 482 αὐτοῦ.
768 465 776 481 1
794 456 889 492 Ἡμεῖς
901 457 955 493 γὰρ

164 499 274 535 ἀληθῶς
284 498 354 536 ἦμεν
368 510 377 526 ‹
394 501 418 527 οἱ
443 501 619 537 πορευόμενοι
642 502 671 528 ἐν
690 501 793 528 σκότει·
816 512 825 528 ι
845 503 891 530 καὶ
906 503 955 530 οὐκ

164 542 199 580 ἦν
215 545 280 580 ἡμῖν
297 545 350 580 πρὸ
363 545 412 579 τῆς
422 546 572 582 παρουσίας
591 545 637 572 τοῦ
656 547 781 582 Σωτῆρος
795 547 872 582 ὴμῶν
885 548 952 582 φῶςσ

164 589 233 617 ἀλλὰ
247 590 294 617 νῦν
310 590 353 617 διὰ
368 590 417 626 τὴν
430 590 477 617 τοῦ
491 591 558 618 Θεοῦ
573 592 653 627 χάριν
673 591 842 626 πεποίθαμεν
859 592 904 618 ἐπὶ
915 591 955 627 τῷ

163 636 277 671 ὀνόματι
289 636 403 672 Κυρίου,
425 638 473 664 καὶ
497 637 732 673 ὲπιστηριζόμεθα
760 639 806 665 ἐπὶ
820 638 858 673 τῷ
878 639 951 675 eaq»

163 683 220 713 τοῖς
235 681 262 708 δὲ
276 682 313 717 μὴ
329 682 505 708 πιστεύσασιν
520 683 560 714 εἰς
570 683 615 709 τὸν
630 683 758 718 Χριστὸν,
768 680 809 714 οἷς
822 684 868 710 καὶ
884 684 954 710 ἀνω-

162 727 236 763 τέρω
265 728 358 763 εἴρητο
376 728 415 755 τό·
438 739 446 754 ι
471 728 536 755 Ἰδοὺ
558 729 657 760 πάντες
679 729 759 764 ὑμεῖς
784 729 821 761 ὡς
847 730 953 764 ἱμάτιον

163 773 397 809 παλαιωθήσεσϐε,
407 774 454 801 καὶ
465 773 503 805 ὡς
516 773 564 810 σὴς
574 774 690 808 φάγεται
706 775 777 810 ὑμᾶς
789 795 796 805 ,
809 784 817 799 ›
828 775 953 810 ἐπιφέρει

162 819 265 853 ὁλόγος
286 819 414 854 φάσκωνι
437 829 446 845 ι
474 820 538 847 Ἰδοὺ
556 821 655 852 πάντες
671 821 749 856 ὑμεῖς
760 821 798 852 ὠς
820 820 876 857 πῦρ
892 822 952 848 καί·

161 874 218 896 ετε,
234 875 243 890 ι
265 866 312 892 καὶ
328 866 361 893 τὰ
382 866 461 901 ἑξῆς·
474 867 502 892 ὲν
520 863 560 898 οἷς
581 866 674 901 σαφῶς
694 867 741 893 καὶ
764 866 804 893 τό·
822 876 831 892 r
851 867 890 893 Δι’
901 867 951 902 ἐμὲ

1007 273 1123 300 innuunt
1136 282 1142 288 ι
1163 281 1172 298 ε
1191 272 1259 306 Quis
1285 281 1317 300 ex
1335 273 1413 301 vobis
1434 273 1534 302 timens
1558 273 1725 302 Dominum?
1742 283 1775 301 an

1007 319 1065 347 diat
1091 326 1183 346 vocem
1212 318 1283 346 servi
1307 318 1360 346 sui.
1389 328 1398 344 ι
1422 317 1477 346 Nos
1498 319 1570 346 enim
1599 326 1662 347 vere
1682 326 1791 347 eramus

1008 373 1018 390 ι
1036 364 1208 391 ambulantes
1223 365 1250 391 in
1267 364 1406 396 tenebris;
1425 374 1434 390 ι
1452 372 1540 399 neque
1567 369 1626 392 erat
1650 365 1729 393 nobis
1750 366 1792 393 lu-

1006 417 1068 436 men
1084 414 1147 437 anle
1169 409 1319 437 Salvatoris
1345 409 1431 436 nostri
1457 409 1624 443 adventum;
1643 410 1690 438 sed
1717 418 1792 439 nunc

1006 455 1052 483 Dei
1070 456 1156 490 gratia
1181 455 1350 494 credidimus
1375 455 1403 482 in
1425 456 1536 483 nomine
1551 456 1670 487 Domini,
1683 459 1710 483 et
1736 455 1792 484 Deo

1005 503 1186 530 adlnercmus.
1214 501 1276 529 Istis
1292 510 1357 529 vero
1376 502 1422 538 qui
1438 510 1491 529 non
1507 503 1534 529 in
1550 503 1687 530 Christum
1701 502 1791 530 credi-

1005 547 1114 578 derunt,
1129 547 1230 582 quibus
1247 551 1273 574 et
1285 546 1411 581 superius
1423 547 1525 574 dictum
1541 550 1583 574 est
1597 555 1604 572 :
1619 556 1628 571 ι
1650 546 1720 574 Ecce
1734 553 1794 574 om-

1005 602 1054 621 nes
1070 601 1118 621 vos
1142 593 1220 628 quasi
1236 594 1429 625 vestimentum
1455 593 1697 624 inveteralieritis.
1714 596 1741 620 et
1757 593 1792 620 ti-

1005 647 1055 666 nea
1074 640 1198 666 comedet
1219 647 1278 671 vos,
1301 649 1310 663 ι
1329 639 1422 673 adjicit
1447 647 1537 666 sermo
1561 639 1678 666 dicens:
1695 648 1704 664 ι
1720 638 1794 666 Ecce

1004 693 1098 711 omnes
1116 693 1164 712 vos
1180 685 1268 720 ignem
1286 684 1442 716 inconditis,
1456 695 1465 710 ι
1485 687 1512 711 et
1526 684 1639 719 reliqua.
1651 683 1680 710 in
1693 683 1794 718 quibus

1005 730 1150 757 manifeste
1163 735 1191 757 et
1207 730 1273 757 illud
1284 738 1307 755 ει
1321 730 1435 765 Propter
1451 737 1494 757 me
1511 729 1580 756 facta
1597 733 1661 757 sunt
1673 729 1730 757 haec
1743 736 1792 756 vo-

1004 775 1057 806 his.
1081 785 1090 801 ι
1106 775 1139 803 de
1159 783 1277 810 persona
1299 776 1402 803 dicitur
1418 775 1521 803 Christi
1547 775 1720 810 objurgantis
1732 783 1792 807 eos,

1004 822 1251 856 cxprobrantisque
1273 821 1372 849 factam
1390 822 1418 850 in
1435 822 1555 857 seipsum
1573 821 1729 849 Iudaeorum
1745 829 1794 857 po-

1005 868 1060 902 puli
1075 869 1340 903 praevaricationem.

161 911 270 944 ἐγένετο
280 911 367 938 ταῦτα
381 913 454 947 ὑμῖν,
467 913 518 939 »ἐκ
531 912 676 948 προσώπου
688 912 811 939 λέλεκται
825 913 871 940 τοῦ
897 914 1015 948 Χριστοῦ
1045 914 1255 947 ὲπονειδίζοντος
1274 916 1367 947 αὐτοῖς
1385 915 1432 942 καὶ
1460 915 1656 951 ἀπελέγχοντος
1683 915 1731 951 τὴν
1754 915 1795 946 είς

161 958 243 984 αὐτὸν
275 959 464 994 γεγενημένην
497 959 544 986 τοῦ
581 959 712 987 Ἰουδαίων
741 960 806 987 λαοῦ
833 962 1014 997 παρανομίαν.

412 1006 608 1034 ΚΕΦΔΛΑΙΟΝ
625 1008 706 1042 κατε

200 1074 209 1089 α
230 1064 300 1091 Τάδε
313 1064 386 1099 λέγει
400 1063 517 1100 Κύριος·
529 1065 647 1101 Δι’ὐμᾶς
655 1065 698 1092 διὰ
711 1067 811 1098 παντὸς
823 1066 854 1093 τὸ
869 1066 954 1102 ὄνομά

163 1119 216 1146 μου
234 1111 432 1146 βλασφημεῖται
447 1111 475 1137 ὲν
487 1112 543 1142 τοῖς
557 1110 655 1138 ἔθνεσι·
669 1111 713 1138 διὰ
727 1111 805 1138 τοῦτο
820 1112 952 1146 γνώσεται

159 1158 175 1183 ὁ
193 1157 258 1188 λαός
286 1166 335 1192 μου
362 1157 392 1183 τὸ
406 1157 491 1193 ὄνομά
507 1166 556 1192 μου
569 1166 575 1172 ·
606 1157 650 1184 διὰ
670 1158 748 1184 τοῦτο
772 1159 800 1185 ἐν
814 1160 846 1194 τῇ
861 1159 953 1195 ἡμέρᾳ

160 1204 266 1239 ἐκείνῃ,
286 1204 326 1231 δτι
341 1204 396 1238 ἐγώ
412 1205 469 1240 εἰμι
481 1205 561 1237 αὐτὸς
576 1206 590 1231 6
605 1205 703 1237 λαλῶν,
718 1206 832 1242 πάρειμι
843 1207 880 1238 ὠς
893 1207 952 1244 ὥρα

159 1250 208 1276 ἐπὶ
220 1250 274 1276 τῶν
284 1250 379 1285 ὀρέων,
396 1250 433 1282 ὡς
449 1251 528 1283 πόδες
553 1251 793 1287 εὐαγγελιζομένου
811 1253 896 1287 ἀκοὴν
913 1253 952 1279 εί⁸

160 1295 257 1331 ρήιηης,
286 1296 324 1327 ὼς
354 1296 594 1332 εὐαγγελιζόμενος
620 1297 731 1331 ἀγαθὰ,
750 1298 790 1325 ὅτι
817 1292 952 1334 ἀκουστήν

159 1342 266 1377 ποιήσω
277 1342 326 1377 τὴν
341 1342 476 1377 σωτηρίαν
500 1350 555 1374 σου,
574 1342 660 1377 λέγων
674 1351 681 1358 ·
701 1343 780 1376 Σιὼν,
797 1344 951 1379 βασιλεύσει

160 1397 209 1415 σου
222 1389 237 1414 6
247 1388 321 1420 Θεός.
342 1398 350 1414 ι
369 1389 423 1415 Καὶ
438 1388 508 1423 αὕτη
530 1390 577 1416 ἐπὶ
590 1389 635 1415 τὸν
648 1390 761 1426 Σωτῆρα
780 1390 952 1425 εὐλογώτατα

159 1435 275 1470 ἁρμόζοι
293 1436 326 1462 ἂν
347 1436 363 1470 ἡ
390 1435 560 1472 προφητεία,
580 1436 625 1462 ἐπὶ
641 1437 690 1472 τῆς
707 1437 854 1473 ἐπιδημίας
868 1438 951 1465 αὑτοῦ

158 1480 348 1516 πληρωθέντος
367 1481 424 1508 τοῦ·
444 1492 453 1507 r
475 1482 602 1517 ’Ὀτιὲγώ
621 1482 653 1517 (Ῑ.
682 1483 726 1515 56)
749 1484 817 1518 εἶμι,
839 1484 920 1516 αὐτὸς
939 1485 953 1510 6

158 1526 248 1553 λαλῶν
260 1527 384 1563 πάρειμι.
401 1538 410 1554 ι
428 1527 472 1563 Τῷ
491 1528 540 1563 μὲν
554 1527 600 1555 οὖν
612 1529 736 1565 προτέρῳ
747 1529 803 1565 λαῷ
815 1530 854 1560 εἰς
868 1531 952 1565 πρόσ-

158 1581 233 1598 ωπον
262 1573 368 1608 εἴρηται
395 1573 430 1600 τὰ
449 1575 502 1601 ἀπὸ
513 1573 572 1600 τοῦ⁸
596 1583 604 1599 ι
618 1576 656 1601 Δι’
667 1575 739 1610 ὑμᾶς
757 1575 799 1602 διὰ
811 1576 911 1607 παντὸς
921 1577 951 1602 τὸ

157 1618 245 1653 ὖνομά
261 1627 310 1653 μου
330 1618 528 1655 βλασφημεῖται
546 1620 574 1645 ἐν
588 1621 643 1652 τοῖς
661 1620 764 1646 ἔθνεσι·
783 1630 792 1646 ι
810 1621 843 1647 τὰ
862 1621 884 1647 δ’
898 1621 952 1648 ἀπὸ

157 1666 217 1692 τοῦ·
241 1675 250 1691 ι
266 1666 314 1692 Διὰ
325 1666 402 1693 τοῦτο
417 1666 550 1700 γνώσεται
563 1667 648 1698 ὁλαός
658 1675 708 1702 μου
722 1667 752 1693 τὸ
764 1666 849 1701 ὄνομά
858 1675 908 1702 μου
922 1668 950 1694 ὲν

157 1712 192 1746 τῇ
204 1711 295 1747 ἡμέρᾳ
308 1711 409 1747 ἐκείνῃ,
429 1721 438 1738 ι
453 1714 538 1739 νοοῖτο
555 1713 586 1740 ἂν
603 1713 667 1749 περὶ
687 1713 740 1739 τῶν
754 1715 793 1746 είς
806 1715 886 1741 αὑτὸν
902 1723 950 1741 πε-

158 1758 343 1784 πιστευκότων
371 1758 464 1784 ἐθνῶν.
484 1759 571 1790 Αὐτὸς
583 1757 628 1785 οὖν
643 1760 717 1786 ἐστιν
729 1761 743 1787 6
759 1760 949 1797 καὶπρότερον

158 1803 197 1837 πὴ
213 1803 260 1837 μὲν
273 1803 306 1829 δι’
323 1803 455 1837 ἀγγέλων,
471 1804 510 1839 πὴ
520 1804 547 1830 δὲ
561 1805 606 1831 καὶ
623 1805 666 1831 διὰ
681 1806 828 1841 προφητῶν
844 1806 948 1841 ἀνθρώ-

158 1857 221 1880 ποις
231 1849 376 1884 ὁμιλήσας·
395 1850 441 1876 καὶ
458 1850 550 1886 μέντοι
567 1851 686 1883 ἐκείνους
702 1852 739 1887 (1)
756 1851 834 1884 αὖθις
856 1861 948 1887 παρα-

158 1895 222 1928 γενό
227 1903 315 1929 μενος,
326 1895 372 1922 καὶ
380 1895 517 1923 δι’ἑαυτοῦ
528 1897 577 1932 τὴν
589 1897 726 1933 σωτηρίαν
739 1899 806 1925 πᾶσι
815 1898 946 1934 κηρύξας,

157 1941 250 1966 ὁποῖον
260 1939 316 1975 ἔχει
331 1939 393 1966 νοῦν
408 1941 422 1966 ὁ
437 1940 587 1976 φιλομαθὴς
600 1942 750 1978 ἐρευνήσας
764 1943 874 1970 εἴσεται.

411 1987 608 2014 ΚΕΦᾹΛΑΙΟΝ
629 1989 691 2015 KZ’.

196 2041 206 2057 ‹
229 2032 284 2058 Καὶ
297 2033 465 2068 ἀποκαλύψει
486 2034 587 2070 Κύριος
609 2034 655 2062 τὸν
669 2035 798 2071 βραχίονα
809 2036 855 2062 τὸν
871 2036 949 2070 ἆγιον

156 2077 241 2104 αὐτοῦ
256 2078 368 2105 ἐνώπιον
382 2079 489 2106 πάντων
503 2080 554 2107 τῶν
567 2079 661 2112 ἐθνῶν,
678 2082 724 2108 καὶ
739 2081 847 2116 ὄψονται
861 2082 948 2109 πάντα

158 2123 192 2150 τὰ
213 2123 276 2165 ἔθνη
298 2125 332 2151 τὰ
346 2125 417 2161 ἄκρα
431 2126 481 2161 τῆς
501 2127 553 2162 γῆς
581 2127 630 2163 τὴν
655 2128 791 2163 σωτηρίαν
808 2129 856 2164 τὴν
874 2129 949 2165 παρὰ

158 2170 205 2197 τοῦ
229 2171 305 2197 Θεοῦ.
324 2171 487 2207 Ἀπόστητε,
513 2173 660 2209 ἀπόστητε,
683 2172 804 2206 ἐξέλθετε
833 2174 946 2206 ἐκεῖθεν,

159 2217 206 2243 καὶ
222 2217 376 2252 ἀκαθάρτου
390 2218 426 2253 μὴ
443 2219 561 2254 ἂψησθν
574 2218 695 2251 ὲξέλθετε
709 2220 741 2246 ὲκ
754 2219 837 2254 μέσου
852 2221 946 2255 αὐτῆς,

158 2262 206 2290 καὶ
217 2261 393 2297 ἀφορίσθητε,
411 2265 434 2289 οἱ
454 2265 582 2299 φέροντες
607 2266 640 2292 τὰ
664 2264 746 2301 σκεύη
774 2267 891 2302 Κυρίου’
907 2267 947 2294 ὅτι

158 2309 188 2335 οὐ
208 2308 276 2343 μετά
294 2308 416 2344 ταραχῆς
433 2309 614 2343 ἐξελεύσεσοε,
640 2312 700 2338 οὐδὲ
721 2314 792 2348 φυγῇ
815 2313 947 2347 πορεύσε-

160 2354 221 2380 σΘε·
243 2353 406 2389 πορεύσεται
428 2354 482 2390 γὰρ
506 2356 636 2392 πρότερος
655 2358 731 2392 ὑμῶν
746 2358 857 2393 Κύριος,
875 2359 922 2386 καὶ
935 2360 948 2385 6

161 2401 284 2435 συνάγων
307 2401 379 2435 ὑμᾶς
400 2400 465 2432 Θεὸς
484 2402 601 2437 Ἰσραήλ.
627 2404 691 2430 Ἰδοὺ
719 2406 828 2440 συνήσει
853 2406 866 2431 6
886 2407 949 2437 παῖς

161 2455 224 2482 μου,
239 2447 285 2473 καὶ
299 2447 482 2482 ὑψωθήσεται,
498 2448 544 2474 καὶ
565 2449 811 2485 μετεωρισοήσεται
829 2451 947 2487 σφόδρα·

159 2492 188 2518 ὂν
208 2494 307 2528 τρόπον
324 2493 500 2528 ἐκστήσονται
518 2494 564 2520 ἐπὶ
578 2495 619 2520 σοὶ
632 2495 733 2527 πολλοὶ,
749 2496 834 2529 οὕτως
854 2497 950 2533 ἀδοξή-

161 2547 202 2565 σει
217 2539 271 2566 ἀπὺ
286 2538 436 2574 ἀνθρώπων
449 2539 478 2565 τὺ
497 2538 565 2571 εἶδός
586 2548 642 2571 σου,
658 2541 704 2567 καὶ
718 2542 735 2576 ἡ
749 2542 812 2574 δόξα
831 2551 876 2568 σου
897 2543 950 2569 ἀπὺ

157 2584 212 2610 τῶν
229 2584 388 2620 ἀνθρώπων.
409 2584 488 2611 Οὕτω
503 2585 687 2620 θαυμάσονται
712 2587 774 2623 ἔθνη
796 2588 880 2615 πολλὰ
905 2590 948 2616 ἐπ’

158 2630 244 2665 αὐτῷ,
259 2631 306 2657 καὶ
323 2630 460 2663 συνέξουσι
483 2631 602 2666 βασιλεῖς
623 2632 654 2658 τὺ
676 2633 761 2668 στόμα
784 2634 887 2661 αὐτῶν·
907 2636 948 2662 ὅτι

158 2675 200 2708 οἷς
224 2677 273 2702 οὐκ
298 2676 433 2712 ἀνηγγέλη
451 2677 515 2712 περὶ
534 2677 627 2710 αὐτοῦ,
641 2678 760 2713 ὄψονται,
787 2680 834 2706 καὶ
856 2680 880 2706 οἳ
898 2681 948 2707 οὐκ

158 2722 306 2757 ἀκηκόασι,
325 2723 480 2757 συνήσουσι.
499 2723 594 2759 Κύριε,
616 2724 657 2756 τίς
667 2725 809 2751 ἐπίστευσε
824 2727 857 2761 τῇ
879 2727 946 2762 ἀκοῇ

158 2769 256 2803 ἡμῶν,
285 2768 331 2795 καὶ
356 2769 371 2794 6
396 2768 515 2804 βραχίων
543 2770 645 2806 Κυρίου
671 2770 723 2797 τίνι
749 2771 946 2806 ἀπεκαλύφθη;

165 2814 378 2849 Ἀνηγγείλαμεν
393 2814 430 2846 ὡς
447 2814 551 2841 παιδίον
575 2815 694 2842 ἐναντίον
719 2816 813 2847 αὐτοῦ,
834 2816 871 2847 ὡς
885 2816 946 2851 ῥίζα

195 2874 202 2889 ’
218 2873 279 2901 lsai.
295 2881 342 2906 tat,
360 2873 417 2901 5-7.

1268 1010 1382 1039 CAPUT
1417 1010 1515 1039 XXVI.

1042 1076 1052 1093 «
1090 1067 1152 1094 llmc
1179 1067 1245 1095 dicit
1271 1066 1404 1094 Dominus
1432 1077 1437 1094 :
1471 1066 1586 1101 Propter
1609 1074 1658 1094 vos
1693 1073 1792 1094 nomen

1006 1121 1095 1140 meum
1114 1113 1321 1148 blasphematur
1335 1112 1363 1139 in
1373 1112 1500 1147 gentibus
1514 1112 1635 1139 :idcirco
1647 1116 1794 1147 cognoscet

1005 1159 1122 1193 populus
1150 1166 1226 1186 meus
1249 1166 1349 1186 nomen
1374 1166 1485 1191 meum;
1501 1157 1604 1185 idcirco
1626 1159 1653 1185 in
1677 1157 1721 1185 die
1736 1157 1792 1191 illa,

1004 1203 1076 1238 quod
1092 1211 1142 1238 ego
1160 1211 1231 1236 sum,
1248 1204 1307 1238 ipse
1329 1204 1375 1238 qui
1392 1203 1499 1238 loquor,
1518 1203 1614 1231 adsum
1644 1207 1673 1231 ut
1689 1203 1793 1230 formo-

1004 1250 1072 1277 sitas
1090 1250 1117 1276 in
1133 1250 1283 1282 montibus,
1296 1254 1325 1277 ut
1340 1249 1423 1284 pedes
1432 1250 1649 1285 evangelizantis
1665 1249 1789 1277 auditum

1003 1296 1090 1330 pacis,
1102 1300 1132 1322 ut
1142 1296 1308 1331 quinuntiat
1321 1296 1403 1327 bona,
1421 1296 1549 1331 quoniam
1558 1295 1677 1323 auditam
1694 1295 1792 1322 faciam

1004 1342 1120 1369 salutem
1140 1347 1223 1375 tuam,
1240 1343 1335 1370 dicens
1352 1352 1359 1369 :
1375 1341 1452 1373 Sion.
1466 1350 1513 1369 rex
1531 1346 1595 1370 tuus
1608 1342 1660 1370 erit
1673 1341 1789 1369 Deus‘.n

1003 1388 1066 1416 Hatc
1078 1396 1186 1424 quoque
1203 1389 1345 1424 aptissime
1362 1389 1396 1416 ad
1415 1389 1583 1416 Salvatorem
1595 1387 1713 1416 refertur
1728 1395 1793 1420 pro-

1003 1435 1106 1470 phetia,
1119 1435 1199 1469 cujus
1212 1442 1260 1469 per
1269 1434 1487 1462 incarnationem
1503 1434 1644 1469 impletum
1653 1438 1694 1462 est
1706 1432 1771 1460 illud
1783 1442 1791 1460 :

1007 1490 1016 1507 ε
1036 1480 1090 1516 Ego
1105 1489 1177 1512 sum,
1195 1481 1254 1515 ipse
1276 1481 1322 1515 qui
1339 1480 1437 1515 loquor
1452 1480 1558 1506 adsum.
1578 1489 1586 1504 ι
1602 1478 1691 1506 Priori
1710 1478 1794 1513 igitur

1003 1527 1103 1561 populo
1116 1533 1165 1562 per
1182 1526 1295 1561 figuram
1312 1526 1414 1553 dicitur
1435 1534 1442 1552 :
1462 1535 1471 1551 ‹
1487 1525 1604 1560 Propter
1620 1533 1669 1552 vos
1694 1532 1793 1552 nomen

1003 1580 1093 1600 meum
1109 1572 1315 1607 blasphematur
1333 1572 1360 1599 in
1380 1572 1517 1606 gentibus,
1538 1581 1547 1597 ›
1567 1575 1593 1598 et
1604 1575 1712 1598 caetera.
1729 1570 1793 1598 Haec

1002 1627 1068 1646 vero
1083 1628 1089 1645 :
1107 1627 1115 1644 ι
1133 1618 1197 1646 ldeo
1214 1623 1361 1652 cognoscet
1373 1619 1489 1653 populus
1501 1626 1578 1645 meus
1590 1625 1689 1645 nomen
1702 1625 1793 1644 meum

1004 1663 1032 1690 in
1045 1664 1089 1691 die
1104 1664 1161 1695 illa,
1182 1673 1191 1688 ι
1206 1663 1239 1690 de
1259 1663 1385 1698 gentibus
1409 1671 1471 1698 qua:
1495 1663 1522 1689 in
1535 1671 1597 1689 eum
1617 1661 1793 1690 crediderunt

992 1714 1120 1744 spossunt
1143 1709 1266 1743 intelligi.
1284 1708 1344 1743 Ipse
1370 1709 1452 1744 igitur
1469 1712 1510 1736 est
1524 1708 1570 1743 qui
1588 1708 1665 1743 prius
1682 1707 1791 1743 quidem

1003 1764 1051 1791 per
1065 1755 1186 1790 angelos,
1204 1754 1301 1782 deinde
1317 1762 1366 1789 per
1388 1755 1534 1790 prophetas
1552 1762 1612 1781 cum
1637 1754 1794 1781 hominibus

1004 1806 1185 1829 conversatus
1200 1805 1253 1829 est.
1277 1802 1365 1836 Atque
1380 1806 1442 1836 post
1461 1801 1524 1828 illos
1543 1808 1640 1828 rursus
1659 1808 1791 1835 superve-

1001 1849 1092 1880 niens,
1109 1855 1158 1883 per
1173 1855 1202 1875 se
1216 1847 1304 1882 ipsum
1327 1848 1442 1874 salutem
1464 1846 1592 1873 omnibus
1607 1846 1790 1873 annuntiavit.

1003 1895 1126 1928 Quorum
1144 1902 1256 1922 sensum
1277 1893 1418 1921 studiosus
1436 1892 1578 1928 indagator
1596 1892 1724 1927 perfacile
1741 1899 1791 1919 no-

1001 1941 1081 1968 verit.

1273 1985 1388 2014 CAPUT
1408 1984 1515 2012 XXVII.

1042 2043 1050 2058 ι
1069 2032 1102 2060 Et
1118 2032 1250 2060 revelabit
1265 2032 1396 2059 Dominus
1412 2031 1554 2058 brachium
1571 2034 1694 2058 sanctum
1710 2038 1790 2058 suum

1000 2081 1029 2108 in
1052 2085 1201 2115 conspectu
1216 2079 1337 2106 omnium
1355 2077 1487 2112 gentium,
1509 2081 1535 2104 et
1552 2076 1683 2104 videbunt
1700 2076 1791 2103 omnia

1001 2134 1124 2156 extrema
1140 2132 1220 2154 terra!
1235 2126 1349 2152 salutem
1373 2132 1388 2150 a
1404 2123 1458 2151 Dco
1475 2127 1580 2151 nostro.
1596 2122 1734 2155 Recedile,
1746 2130 1791 2149 re-

1001 2174 1100 2204 ceditc.
1117 2172 1188 2200 exite
1204 2171 1279 2202 inde,
1296 2171 1429 2206 pollutum
1440 2169 1524 2196 nolite
1536 2173 1656 2204 tangere.
1667 2167 1744 2195 Exite
1758 2167 1793 2195 de

1002 2220 1092 2248 medio
1108 2219 1178 2254 ejus.
1210 2217 1378 2245 mundamini
1398 2217 1444 2251 qui
1473 2215 1550 2243 fertis
1580 2223 1644 2243 vasa
1670 2214 1789 2242 Domini.

1001 2265 1136 2299 Quoniam
1152 2272 1206 2291 non
1224 2264 1250 2290 in
1267 2262 1385 2290 tumultu
1402 2261 1526 2292 exibitis,
1541 2268 1593 2288 nec
1608 2260 1634 2287 in
1652 2259 1713 2295 fuga
1732 2267 1792 2294 pro-

1001 2312 1133 2348 perabitis
1150 2321 1156 2338 :
1174 2310 1309 2346 praecedet
1324 2309 1396 2336 cnim
1413 2316 1462 2335 vos
1478 2307 1620 2348 Dominus,
1635 2310 1661 2333 ct
1676 2313 1790 2341 congre-

968 2369 988 2396 ι)
1002 2360 1079 2395 gahit
1092 2366 1141 2384 vos
1154 2357 1226 2385 Deus
1244 2355 1339 2383 lsrael.
1356 2356 1424 2382 licce
1443 2344 1575 2389 intelliget
1592 2361 1687 2381 servus
1702 2360 1789 2384 meus.

1002 2404 1178 2435 cxallahitur,
1207 2407 1233 2430 et
1259 2401 1421 2431 clevabitur.
1446 2407 1472 2428 et
1495 2400 1619 2428 sublimis
1634 2399 1685 2426 erit
1701 2399 1788 2426 valde.

1005 2451 1082 2478 Sicut
1099 2451 1299 2484 obstupuerunt
1311 2455 1393 2482 super
1404 2453 1430 2474 te
1441 2447 1529 2476 multi.
1539 2446 1579 2473 sic
1592 2446 1724 2480 inglorius
1738 2445 1791 2472 erit

1002 2497 1073 2524 inter
1080 2496 1154 2522 viros
1164 2500 1291 2529 aspectus
1301 2494 1371 2528 ejus.
1383 2497 1410 2521 et
1420 2492 1507 2519 forma
1516 2491 1576 2526 ejus
1584 2492 1654 2518 inter
1667 2491 1735 2519 filios
1744 2491 1791 2518 ho-

1004 2543 1119 2569 minum.
1139 2540 1185 2567 Sic
1205 2539 1378 2567 mirabuntur
1401 2542 1497 2573 gentes
1514 2538 1606 2564 multae
1623 2544 1705 2572 super
1715 2545 1790 2570 cum,

1004 2595 1087 2623 super
1100 2587 1188 2622 ipsum
1205 2585 1385 2613 continebunt
1397 2592 1477 2619 reges
1489 2591 1520 2610 os
1536 2591 1616 2611 suum
1633 2583 1713 2618 :quia
1729 2583 1790 2618 qui—

1002 2634 1053 2661 bus
1075 2641 1129 2660 non
1150 2636 1191 2659 est
1211 2634 1351 2658 narratum
1369 2630 1402 2656 de
1418 2637 1460 2660 eo,
1474 2629 1611 2660 viderunt,
1628 2632 1654 2655 et
1668 2628 1714 2663 qui
1733 2636 1788 2655 non

1000 2680 1155 2710 audierunt,
1172 2676 1350 2712 contemplati
1368 2679 1442 2702 sunt.
1461 2674 1575 2701 Domine
1591 2674 1652 2708 quis
1673 2673 1789 2701 credidit

1004 2725 1107 2752 auditui
1127 2725 1238 2752 nostro?
1251 2727 1277 2750 el
1293 2723 1436 2750 brachium
1453 2720 1559 2747 Domini
1577 2721 1622 2747 cui
1640 2720 1787 2747 revelatum

1003 2771 1064 2798 est?
1077 2769 1109 2796 Et
1122 2768 1249 2797 ascendet
1263 2769 1333 2796 sicut
1345 2767 1492 2802 virgultum
1507 2773 1600 2792 coram
1617 2773 1660 2797 eo,
1675 2769 1702 2792 et
1714 2765 1787 2792 sicut

1002 2817 1076 2845 radix
1091 2817 1124 2844 de
1141 2821 1213 2843 terra
1232 2814 1345 2842 sitienti.
1367 2812 1428 2841 Non
1451 2816 1493 2840 cst
1515 2810 1620 2847 species
1637 2810 1673 2845 ci,
1698 2817 1786 2848 neque

195 2922 233 2957 (1)
249 2920 297 2949 Vel
308 2921 448 2957 legendum
461 2921 528 2956 μετὰ
542 2929 591 2957 pro
609 2921 709 2956 μέντοι,
720 2921 760 2948 vel
773 2920 884 2952 ἐκείνοις
899 2928 947 2955 pro

1002 2920 1089 2953 ῑίνονς.
1109 2921 1186 2949 Ιιὶιητ.
