2035 3214
280 169 351 197 1245

631 172 766 201 EUSEBII
791 172 1032 202 CAESARl'mVSIS
1051 175 1065 203 ί

1120 198 1126 203 .
1143 175 1239 204 PARS.
1259 176 1304 204 Ill.
1323 191 1359 197 -
1379 169 1582 203 Εχεοετῑίω.

1844 174 1911 202 iw

277 227 361 255 decor
377 237 383 255 ι
402 231 429 256 et
443 229 560 257 vidimus
579 238 652 261 eum.
671 235 699 258 et
720 238 772 258 non
797 231 914 260 habebat
928 238 1065 269 aspectum

1120 235 1148 261 ἐν
1162 236 1196 270 γῇ
1212 234 1315 271 διψώσῃ
1327 243 1333 249 ·
1351 234 1400 260 οὐκ
1423 233 1496 260 ἔστιν
1513 231 1582 263 εἶδος
1596 231 1677 259 αἰτοῦ
1693 231 1753 258 οὐδὲ
1767 231 1846 265 δόξα·
1864 233 1910 258 καὶ

278 280 365 309 neque
380 275 625 309 pulchritudinem;
643 276 690 304 sed
702 281 830 312 aspectus
844 278 906 313 ejus
921 279 1064 314 inglorius.

277 317 407 346 deﬁciens
434 327 488 350 pra:
514 320 576 347 tiliis
601 320 761 354 hominum;
792 322 874 350 homo
896 331 1043 358 percussus
1058 346 1066 357 ,

261 365 367 399 ,sciens
398 365 468 393 ferre
496 366 703 402 inﬁrmitatem;
739 369 803 403 quia
832 369 1002 398 deformatus
1025 376 1068 399 est

276 411 368 438 vultus
392 411 463 444 ejus,
479 412 627 448 despectus
645 419 688 442 est
703 420 731 442 et
750 424 805 443 non
828 420 980 452 reputatus.
995 416 1068 444 Lan-

275 463 376 491 guores
389 461 499 485 nostros
516 452 574 494 ipse
590 460 663 491 tulit.
691 465 718 488 et
735 461 845 490 dolores
866 467 977 491 nostros
1009 463 1067 498 ipse

275 501 395 536 portavit
413 511 420 529 :
437 507 464 530 et
478 511 528 531 nos
548 505 703 539 putavimus
732 514 794 533 eum
820 507 899 541 quasi
918 508 1067 543 leprosum,

275 549 575 581 etpereussumaDeo
603 555 631 578 et
666 551 851 580 bumiliatum.
886 554 947 588 Ipse
977 559 1066 581 autem

276 592 437 622 Vulneratus
453 600 495 622 est
522 601 632 631 propter
658 597 818 632 iniquitates
840 605 961 631 nostras.
990 602 1069 627 attri-

276 644 320 665 tus
351 644 393 667 est
416 645 526 676 propter
557 644 660 670 scelera
692 648 787 671 nostra
816 654 822 672 :
852 645 997 680 disciplina
1017 654 1066 680 pa-

276 683 317 711 cis
334 691 433 712 nostra:
447 693 530 721 super
545 695 618 717 cum.
631 693 658 715 et
669 688 755 716 livore
774 690 834 724 ejus
849 691 938 717 sanati
955 699 1065 718 sumus.

276 729 378 758 Omnes
395 739 445 759 nos
465 733 545 767 quasi
561 740 626 760 oves
643 735 813 768 erravimus;
837 737 1026 771 unusquisque
1040 738 1067 764 in

277 777 347 804 viam
374 785 452 805 suam
483 778 631 806 declinavit
653 789 659 806 :
679 784 707 807 et
733 782 825 815 posuit
841 781 973 810 Dominus
991 783 1019 810 in
1035 791 1068 810 eo

275 824 450 859 iniquitatem
462 825 584 852 omnium
596 831 733 853 nostrum.
750 826 865 856 Oblatus
878 834 920 856 est
933 829 996 863 quia
1010 829 1068 864 ipse

275 869 371 901 voluit,
380 874 467 897 etn0n
475 872 582 905 aperuit
595 878 626 899 os
638 880 718 900 suum
732 881 738 898 :
755 873 894 901 sicutovis
908 874 940 900 ad
949 874 1067 901 occisio-

276 923 338 943 nem
354 915 457 943 ductus
467 920 520 948 est,
537 921 564 944 et
580 918 660 952 quasi
679 925 768 953 agnus
783 926 877 945 coram
894 919 1024 947 tondente
1037 928 1066 948 se

274 960 468 988 obmutescens
482 962 522 988 sic
548 970 602 989 non
617 963 720 996 aperiet
730 971 761 991 os
771 972 861 991 suum.
879 964 917 992 De
927 966 1064 999 angustia,

274 1009 302 1033 et
318 1006 351 1033 de
363 1006 468 1040 judicro
483 1007 609 1036 sublatus
621 1013 663 1036 est
681 1018 687 1035 ε
702 1010 905 1044 generationem
923 1010 984 1045 ejus
1003 1011 1065 1045 quis

274 1050 434 1079 enarrabit'?
450 1051 520 1085 Quia
541 1053 682 1081 abscissus
697 1059 739 1082 est
756 1055 790 1082 de
804 1059 876 1082 terra
890 1055 1038 1083 viventium
1057 1067 1063 1084 ι

274 1101 386 1133 propter
408 1099 500 1126 scelus
517 1100 609 1134 populi
638 1101 688 1127 mei
707 1102 834 1135 percussi
851 1110 924 1129 cum.
947 1102 980 1129 Et
995 1102 1066 1130 dabo

275 1145 373 1176 impios
396 1152 446 1179 pro
467 1146 620 1180 sepultura,
638 1150 665 1173 et
687 1146 799 1174 divitem
815 1155 864 1182 pro
880 1152 968 1176 morte
992 1156 1041 1176 sua
1057 1157 1063 1174 :

273 1190 384 1225 ecquod
395 1191 629 1226 iniquitatemnon
639 1193 744 1225 lecerit,
758 1201 847 1228 neque
858 1194 938 1222 dolus
952 1194 1067 1222 fueritin

273 1244 321 1264 ore
338 1237 406 1271 ejus.
418 1237 450 1264 Et
463 1238 595 1266 Dominus
612 1239 698 1266 voluit
709 1244 852 1268 conterere
863 1248 924 1268 eum
938 1241 966 1268 in
990 1241 1067 1268 infir-

273 1283 386 1316 mitate;
403 1285 495 1319 siquis
508 1285 632 1319 posuerit
650 1292 700 1320 pro
713 1289 826 1320 peccato
842 1287 961 1313 animam
976 1295 1065 1318 suam,

273 1329 376 1357 videbit
402 1338 494 1358 semen
523 1331 685 1367 longaevum,
702 1336 729 1358 et
750 1332 877 1359 voluntas
904 1332 1010 1360 Domini
1038 1334 1064 1360 in

273 1383 356 1403 manu
371 1376 431 1411 ejus
446 1377 589 1412 dirigetur.
605 1377 658 1404 Pro
679 1385 711 1404 eo
728 1378 802 1412 quod
824 1379 959 1406 laboravit
975 1380 1066 1406 anima

272 1421 344 1456 ejus.
359 1421 471 1454 videbit,
484 1426 510 1449 et
527 1423 696 1450 saturabitur
709 1432 715 1450 :
730 1423 757 1449 in
774 1423 887 1450 scientia
902 1431 951 1451 sua
964 1424 1066 1459 justiﬁ-

273 1465 348 1492 cabit
365 1466 423 1501 ipse
436 1466 530 1501 justus
551 1475 649 1495 servus
675 1475 753 1495 meus
771 1469 882 1498 multos.
906 1470 1066 1504 iniquitates

273 1517 369 1537 eorum
385 1510 444 1545 ipse
457 1511 587 1546 portabit.
609 1512 671 1540 Ideo
694 1513 855 1549 dispertiam
876 1514 900 1541 ei
920 1515 1064 1550 plurimos,

273 1560 301 1583 et
327 1555 438 1584 fortium
465 1557 568 1585 dividet
593 1559 695 1593 spolia,
721 1567 772 1595 pro
794 1567 827 1587 eo
853 1561 925 1595 quod
955 1561 1067 1588 tradidit

275 1601 303 1628 ln
320 1605 433 1629 mortem
450 1602 567 1629 animam
586 1611 676 1636 suam,
693 1607 720 1631 et
737 1613 798 1631 eum
822 1605 963 1633 sceleratis
984 1614 1065 1641 repu-

275 1652 350 1675 tatus
366 1650 408 1675 est
424 1657 431 1674 :
446 1651 472 1674 et
498 1648 556 1683 ipse
579 1654 690 1684 peccata
708 1650 857 1676 multorum
872 1651 945 1683 tulit,
968 1656 995 1679 et
1017 1660 1066 1687 pro

275 1694 528 1728 transgressoribus
549 1695 665 1730 rogavit.
691 1694 795 1728 Lauda.
811 1697 915 1724 sterilis
930 1705 990 1732 qum
1011 1706 1065 1725 non

274 1738 349 1774 paris
360 1748 366 1765 ι
377 1737 493 1766 decanta
506 1739 626 1773 laudem,
638 1744 665 1767 et
680 1740 767 1772 hinni,
783 1748 844 1776 quae
854 1749 908 1768 non
921 1742 1066 1776 pariebas:

274 1784 405 1818 quoniam
421 1785 500 1811 multi
517 1785 563 1812 lilii
588 1785 714 1818 desertae,
732 1787 820 1822 magis
836 1794 917 1821 quam
930 1787 990 1821 ejus
1007 1795 1068 1822 qm:

275 1830 357 1857 habet
375 1831 464 1858 virum
483 1831 502 1857 '.
523 1841 533 1856 ι
551 1831 666 1864 Quando
684 1833 757 1859 enini
775 1832 855 1863 alias.
877 1833 929 1860 nisi
943 1841 991 1868 per
1005 1832 1066 1860 Sal-

273 1877 378 1904 vatoris
394 1877 480 1904 nostri
492 1876 557 1905 Jesu
572 1878 673 1906 Christi
689 1879 834 1906 adventum
849 1879 991 1906 brachium
1007 1887 1066 1906 ma-

274 1930 368 1956 gnum,
385 1923 490 1951 scilicet
500 1923 582 1951 Verbi
597 1923 658 1958 ejus
675 1925 829 1956 brachium.
845 1925 927 1952 Pater
941 1925 1067 1961 Deusque

274 1969 398 1996 omnium
424 1970 452 1996 in
469 1974 620 2004 conspectu
639 1971 759 2006 gentium
781 1971 923 2004 revelavit,
939 1979 1008 2006 quas
1025 1973 1066 1999 vi-

275 2013 371 2042 dentes
390 2015 481 2042 datam
502 2016 571 2050 ipsis
593 2024 608 2043 a
625 2015 683 2043 Deo
700 2016 827 2048 salutem,
846 2017 880 2044 ab
898 2024 993 2045 errore
1011 2018 1068 2052 pri-

274 2060 346 2089 stino
356 2061 433 2096 jubet
448 2062 587 2094 recedere,
603 2070 654 2090 nec
669 2062 726 2097 jam
741 2063 871 2097 pollutas.
890 2063 990 2098 quibus
1003 2064 1067 2090 olim

274 2108 440 2139 serviebant.
457 2110 584 2145 turpibus
613 2113 640 2136 et
664 2109 815 2136 immundis
840 2109 930 2147 rebus-
945 2109 1063 2144 deditas,

275 2153 408 2188 tangere?
423 2153 455 2180 Et
472 2156 603 2190 quoniam
612 2163 667 2182 non
679 2162 746 2182 casu
763 2155 829 2182 ﬁtut
846 2155 1036 2183 deterreantur
1052 2163 1068 2182 a

273 2199 391 2234 pristina
405 2200 540 2234 majorum
553 2201 660 2228 vivendi
674 2201 781 2229 ratione
795 2206 822 2229 et
838 2209 852 2228 a
864 2201 1001 2229 communi
1017 2202 1066 2228 bon

1119 280 1227 316 εἴδομεν
1241 281 1333 312 αὐτὸν,
1344 281 1391 307 καὶ
1398 280 1448 307 οὐκ
1456 277 1528 315 εἶχεν
1535 277 1604 310 εἶδος
1614 278 1674 305 οὺδέ
1681 277 1789 310 κάλλος·
1800 278 1868 304 ὀλλά
1880 278 1909 304 τὸ

1119 324 1188 358 εἶδος
1195 326 1277 354 αὑτοῦ
1285 327 1381 362 ἄτιμον
1392 327 1439 353 καὶ
1451 325 1582 358 ἐκλεῖπον,
1594 324 1669 360 παρὰ
1685 324 1749 355 τοὺς
1762 323 1838 355 υἱοὺς
1855 324 1910 350 τῶν

1119 372 1269 408 ἀνθρώπων
1279 381 1285 388 ·
1304 372 1446 409 ἄνθρωπος
1459 373 1487 398 ἐν
1502 371 1590 406 πληγῇ
1604 371 1651 403 ῶν,
1665 372 1711 398 καὶ
1723 369 1802 402 εἰδὼς
1817 370 1910 404 φέρειν

1121 419 1265 455 μαλακίαν,
1278 419 1319 445 ὅτι
1333 418 1523 453 ἀπέστραπται
1535 417 1565 443 τὸ
1582 417 1725 453 πρόσωπον
1742 415 1835 446 αὑτοῦ,
1852 416 1911 450 ἡτι-

1121 465 1223 501 μάσθη,
1239 466 1287 493 καὶ
1303 465 1352 492 οὐκ
1366 464 1501 500 ἐλογίσθη.
1519 462 1602 496 Οὗτος
1620 463 1669 495 τὰς
1683 462 1821 498 ἁμαρτίας
1833 461 1911 496 ἡμῶν

1120 513 1208 548 φέρει,
1220 513 1267 539 καὶ
1276 513 1340 548 περὶ
1352 511 1429 546 ἡμῶν
1440 511 1573 541 όδυνᾶται.
1584 511 1630 536 καὶ
1638 511 1717 544 ἡμεῖς
1728 507 1911 543 ἐλογισάμεθα

1121 559 1200 586 αὑτὸν
1206 557 1275 585 εῗναι
1283 559 1312 584 ἐν
1321 559 1392 592 πόνῳ
1401 558 1447 584 καὶ
1457 559 1486 584 ἐν
1495 556 1613 584 κακώσει
1622 557 1668 582 καὶ
1679 557 1706 582 ἐν
1715 555 1805 591 πληγῇ
1825 554 1910 586 Αὐτὸς

1119 606 1148 632 δὲ
1163 605 1363 641 ἐτρωματίσθη
1379 604 1423 631 διὰ
1438 604 1488 635 τὰς
1497 602 1728 639 ἀμαρτίαςήμῶν·
1748 601 1858 628 παιδεία
1871 602 1910 627 εζ-

1121 652 1204 688 ρήνης
1215 651 1343 686 ἡμῶνέπ’
1359 650 1450 681 αὑτὸν,
1459 650 1498 685 τῷ
1515 647 1718 684 μώλωπιαὺτοῦ
1734 649 1816 683 ἡμεῖς
1833 646 1910 682 ἰάθη-

1122 705 1181 732 μεν.
1194 697 1298 728 Πάντες
1312 696 1349 728 ὡς
1363 695 1486 731 πρόϐατα
1500 693 1706 729 ἐπλανήθημεν·
1720 691 1864 728 ἄνθρωπος
1876 693 1908 726 τῇ

1120 742 1173 777 όδῷ
1182 742 1264 769 αὐτοῦ
1276 741 1426 778 ἐπλανήθη,
1435 742 1481 768 καὶ
1489 741 1591 776 Κύριος
1600 740 1755 776 παρέδωκεν
1765 739 1910 769 αῦτὺνταῖς

1120 788 1269 824 ἁμαρτίαις
1287 787 1382 823 ἡμῶν·
1399 787 1446 814 καὶ
1461 786 1540 819 αὐτὸς
1559 786 1601 813 διὰ
1620 785 1651 812 τὺ
1672 785 1847 812 κεκακῶσθαι
1861 785 1909 811 οὐκ

1121 835 1224 869 ἀνοίγει
1233 835 1264 861 τὸ
1279 834 1379 869 στόμα·
1391 833 1428 865 ὡς
1445 833 1579 869 πρόϐατον
1593 833 1638 858 ἐπὶ
1653 832 1759 866 σφαγὴν
1771 831 1853 867 ἢχθη,
1864 832 1909 858 καὶ

1121 880 1159 912 ὡς
1174 881 1258 916 ἀμνὸς
1272 880 1392 907 ἐναντίον
1415 880 1461 906 τοῦ
1486 880 1623 915 κείροντος
1641 879 1756 912 ἄφωνος,
1770 875 1849 909 οὗτος
1862 877 1910 904 οὐκ

1083 914 1104 941 Β
1118 914 1221 961 ἀνοίγει
1240 926 1270 953 τὸ
1288 927 1376 961 στόμα
1396 925 1493 952 αὐτοῦ·
1511 914 1539 952 ἐν
1553 927 1586 961 τῇ
1603 923 1765 952 ταπεινώσει
1786 925 1802 959 ἠ
1822 924 1911 959 κρίσις

1119 971 1201 997 αὐτοῦ
1220 971 1302 1007 ἤρθη,
1318 971 1368 1006 τὴν
1383 971 1411 997 δὲ
1426 969 1521 1005 γενεὰν
1535 969 1616 996 αὐτοῦ
1629 969 1670 1000 τίς
1679 969 1856 1004 διηγήσεται;
1870 969 1911 994 ὅτι

1119 1017 1227 1052 αἶρεται
1241 1017 1295 1044 ἀπὸ
1308 1017 1356 1052 τῆς
1371 1017 1423 1052 γῆς
1436 1017 1452 1052 ἡ
1465 1015 1520 1051 ζωὴ
1537 1014 1630 1047 αὑτοῦ,
1654 1014 1707 1041 ἀπὸ
1726 1013 1779 1041 τῶν
1791 1013 1911 1049 ἀνομιῶν

1117 1063 1163 1090 τοῦ
1179 1063 1244 1090 λαοῦ
1260 1072 1310 1099 μου
1327 1063 1396 1099 ἤχθη
1420 1064 1459 1094 είς
1481 1062 1604 1089 θάνατον.
1617 1062 1673 1088 Καὶ
1685 1060 1763 1088 δώσω
1782 1061 1846 1092 τοὺς
1861 1068 1911 1087 π’)-

1119 1110 1219 1146 νηροὺς
1236 1109 1296 1136 ἀντὶ
1317 1109 1367 1144 τῆς
1394 1109 1481 1144 ταφῆς
1503 1108 1596 1140 αὑτοῦ,
1613 1109 1660 1135 καὶ
1682 1107 1746 1139 τοὺς
1767 1106 1913 1137 πλουσίους

1119 1155 1180 1182 ἀντὶ
1200 1155 1247 1182 τοῦ
1265 1155 1380 1182 θανάτου
1401 1154 1495 1187 αὐτοῦ,
1512 1155 1553 1180 ὅτι
1569 1153 1681 1189 ἀνομίαν
1705 1153 1754 1179 οὐκ
1770 1153 1909 1186 ἐποίησεν,

1117 1200 1178 1227 οὐδὲ
1193 1200 1291 1236 εὑρέθη
1307 1200 1381 1232 δόλος
1402 1201 1430 1227 ἐν
1444 1199 1483 1235 τῷ
1504 1200 1617 1234 στόματι
1631 1198 1722 1225 αὑτοῦ.
1739 1199 1794 1225 Καὶ
1808 1198 1911 1233 Κύριος

1119 1246 1242 1281 βούλεται
1258 1246 1404 1282 καθαρίσαι
1419 1245 1498 1272 αὑτὸν
1512 1245 1565 1272 ἀπὸ
1578 1245 1628 1279 τῆς
1643 1244 1767 1279 πληγῆς·
1783 1243 1831 1270 ἐὰν
1843 1243 1911 1270 δῶτε

1118 1293 1181 1329 περὶ
1195 1293 1342 1329 ἁμαρτίας,
1355 1294 1371 1328 ἠ
1386 1292 1458 1328 ψυχὴ
1473 1292 1548 1327 ὑμῶν
1569 1291 1662 1326 ὃψεται
1678 1290 1788 1326 σπέρμα
1805 1290 1911 1326 μακρό-

1118 1339 1191 1366 ϐιον·
1220 1339 1268 1366 καὶ
1292 1339 1416 1374 βούλεται
1442 1339 1543 1374 Κύριος
1563 1339 1592 1365 ἐν
1608 1338 1679 1374 χειρὶ
1696 1337 1780 1364 αὑτοῦ
1800 1337 1910 1370 ἀφελεῖν

1117 1386 1171 1412 ἀπὸ
1185 1385 1231 1411 τοῦ
1251 1386 1332 1412 πόνου
1348 1385 1398 1421 τῆς
1414 1385 1505 1420 ψυχῆς
1523 1383 1616 1415 αὑτοῦ,
1633 1383 1717 1416 δεῖξαι
1736 1383 1811 1418 αὐτῷ
1875 1382 1912 1410 56

1117 1436 1154 1465 τ’)
1173 1431 1240 1466 φῶς,
1259 1432 1306 1458 καὶ
1323 1431 1423 1458 πλάσαι
1445 1433 1477 1466 τῇ
1500 1431 1625 1463 συνέσει,
1639 1430 1783 1456 δικαιῶσαι
1804 1429 1910 1456 δίκαιον

1119 1473 1148 1502 εὖ
1165 1474 1324 1501 δουλεύοντα
1335 1474 1460 1506 πολλοῖς
1471 1474 1570 1505 καὶτὰς
1579 1473 1715 1509 ἁμαρτίας
1731 1472 1820 1499 αὐτῶν
1829 1472 1910 1504 αὐτὸς

1118 1521 1220 1548 ἀνοίσει
1230 1529 1236 1535 ·
1252 1520 1295 1547 διὰ
1309 1520 1387 1547 τοῦτο
1411 1520 1490 1552 αὐτὸς
1506 1519 1707 1555 κληρονομήσει
1724 1518 1849 1550 πολλοὺς,
1864 1519 1912 1545 καὶ

1117 1567 1171 1594 τῶν
1198 1566 1316 1603 ἰσχυρῶν
1337 1568 1425 1602 μεριεῖ
1444 1566 1546 1593 σκῦλα·
1574 1566 1630 1592 ἀνθ’
1650 1563 1687 1592 ὧν
1709 1564 1844 1600 παρεδόθη
1871 1565 1910 1596 εἰς

1119 1613 1234 1640 θάνατον
1249 1614 1265 1649 ἡ
1281 1612 1354 1649 ψυχὴ
1365 1612 1458 1645 αὑτοῦ,
1474 1613 1520 1639 καὶ
1530 1613 1558 1639 ὲν
1576 1614 1632 1644 τοῖς
1645 1612 1755 1647 ἀνόμοις
1768 1611 1909 1645 ἐλογίσθη·

1118 1660 1165 1687 καὶ
1189 1659 1270 1692 αὐτὸς
1286 1659 1420 1696 ἁμαρτίας
1443 1659 1548 1686 πολλῶν
1573 1659 1715 1694 ἀνήνεγκε,
1734 1658 1781 1684 καὶ
1802 1658 1848 1684 διὰ
1860 1658 1911 1688 τάς

1118 1705 1232 1741 ἀνομίας
1249 1705 1338 1732 αὐτῶν
1354 1705 1498 1741 παρεδόθη.
1517 1704 1701 1740 Εὐφράνθητι,
1721 1704 1815 1740 στείρα
1837 1704 1853 1739 ὴ
1879 1704 1910 1730 οὐ

1117 1751 1257 1783 τίκτουσα,
1270 1750 1351 1786 ῥῆξον
1363 1751 1410 1777 καὶ
1430 1750 1526 1786 βόησον
1553 1751 1599 1777 καὶ
1619 1750 1730 1786 τέρπου,
1747 1751 1764 1785 ὴ
1780 1750 1831 1776 οὐκ
1846 1749 1910 1776 ὼδί-

1118 1805 1217 1823 νουσα”
1233 1797 1274 1823 ὃτι
1291 1796 1374 1823 πολλὰ
1390 1797 1424 1823 τὰ
1438 1796 1521 1823 τέκνα
1533 1796 1583 1831 τῆς
1599 1797 1701 1831 ἐρήμου
1715 1796 1845 1832 μᾶλλον-ἧ
1860 1797 1911 1831 τῆς

1118 1843 1234 1878 ἐχούσης
1257 1842 1303 1869 τὸν
1323 1842 1416 1877 ἄνδρα.
1437 1851 1446 1868 ι
1466 1843 1521 1868 Καὶ
1541 1842 1599 1868 πότ’
1622 1842 1715 1869 ἄλλοτε
1738 1842 1776 1874 ὡς
1802 1843 1850 1868 ἐπὶ
1876 1844 1909 1877 τῇ

1118 1889 1255 1924 παρουσίᾳ.
1277 1888 1324 1915 τοῦ
1350 1889 1475 1924 Σωτῆρος
1501 1887 1579 1924 ἡμῶν
1607 1888 1693 1924 Ἰησοῦ
1719 1888 1838 1923 Χριστοῦ
1865 1888 1910 1914 τὸν

1119 1934 1248 1970 βραχίονα
1269 1934 1315 1960 τὸν
1340 1935 1436 1970 μέγαν,
1460 1934 1509 1961 οὐκ
1531 1933 1608 1960 ἄλλον
1623 1933 1687 1960 ὂντα
1701 1933 1747 1960 τοῦ
1764 1934 1851 1968 Λόγου
1862 1934 1911 1960 αὐ-

1117 1981 1175 2012 τοῦ,
1188 1981 1201 2006 ὁ
1221 1980 1316 2016 Πατὴρ
1328 1981 1374 2007 καὶ
1389 1980 1455 2012 Θεὸς
1478 1980 1532 2006 τῶν
1550 1980 1617 2007 ὅλων
1630 1979 1744 2007 ἐνώπιον
1755 1980 1810 2006 τῶν
1826 1980 1909 2006 ἐθνῶν

1119 2026 1305 2061 ἀπεκάλυψεν,
1329 2025 1347 2052 ἃ
1366 2026 1413 2052 καὶ
1433 2026 1522 2053 ἰδόντα
1541 2025 1590 2061 τὴν
1609 2025 1799 2061 δεδωρημένην
1818 2026 1909 2057 αὐτοῖς

1119 2072 1170 2098 ὑπὸ
1197 2071 1244 2098 τοῦ
1270 2071 1338 2098 Θεοῦ
1365 2072 1500 2107 σωτηρίαν
1522 2071 1685 2105 ἀφίστασθαι
1701 2071 1749 2106 τῆς
1773 2071 1909 2106 προτέρας

1119 2118 1316 2154 προστάττεται
1329 2117 1443 2152 πλάνης,
1453 2117 1499 2143 καὶ
1514 2117 1612 2152 μηκέτι
1622 2116 1675 2143 τῶν
1686 2116 1860 2152 ἀκαθάρτων,
1868 2114 1910 2148 οἷς

1119 2165 1251 2200 πρότερον
1275 2164 1448 2196 ἐκαλινδεῖτο,
1466 2164 1588 2199 αἰσχροῖς
1606 2164 1653 2190 καὶ
1668 2165 1775 2199 μιαροῖς
1794 2163 1910 2190 ἐνειλού-

1120 2219 1187 2246 μενα
1201 2210 1361 2246 πράγμασιν
1378 2210 1563 2245 ἐφάπτεσθαι;
1581 2209 1636 2237 Καὶ
1650 2210 1712 2236 ἐπεὶ
1732 2210 1762 2236 οὐ
1779 2209 1811 2236 τὸ
1829 2210 1910 2244 τυχόν

273 2245 377 2271 minum
402 2244 533 2272 societate
569 2246 651 2280 hujus
667 2248 755 2282 gratia
774 2248 832 2282 ipse
852 2246 986 2274 Dominus
1001 2254 1063 2273 cum

1118 2258 1175 2283 ἐστι
1197 2257 1227 2283 τὸ
1245 2257 1426 2292 ἀποδιορίζειν
1447 2257 1558 2288 ἑαυτοὺς
1580 2255 1783 2292 τῆςιπροτέρας
1806 2264 1909 2291 πατρο-

272 2290 309 2318 iis
335 2290 537 2318 ambulaturum
569 2299 599 2319 se
625 2300 725 2328 eosque
748 2297 976 2328 congregaturum
998 2300 1063 2328 pro-

273 2335 368 2369 mittit,
387 2341 529 2371 portantes
546 2345 610 2365 vasa
641 2346 701 2371 sua,
725 2343 820 2366 sancta
846 2338 972 2366 videlicet
995 2347 1064 2373 pne-

274 2387 364 2417 cepta,
385 2383 550 2418 divinosque
574 2392 726 2412 sermones.
746 2384 854 2412 Rursus
873 2385 913 2412 eis
933 2385 1064 2420 quemad-

275 2429 387 2456 modum
402 2429 429 2456 in
445 2430 583 2464 prioribus
596 2431 748 2465 prophetiis
763 2430 871 2458 diverse
887 2430 974 2458 Filius
985 2430 1065 2458 Chri-

275 2478 335 2503 stus
344 2475 536 2503 nominabatur
545 2475 603 2507 Dei,
614 2477 651 2503 ita
662 2481 688 2503 ct
697 2477 741 2504 hic
753 2477 863 2505 dicitur.
874 2477 1065 2506 intellecturus

275 2523 377 2548 autem.
388 2523 415 2546 et
429 2520 587 2551 elevandus,
600 2527 626 2548 et
645 2529 810 2557 magnopere
824 2522 987 2550 exaltandus
1002 2531 1066 2558 pro-

275 2564 428 2599 phetizatur
437 2570 547 2601 propter
556 2567 750 2595 humanitatem
760 2576 848 2600 suam,
858 2568 892 2596 de
900 2577 952 2605 qua
963 2570 1067 2597 haecdi-

275 2615 384 2638 cuntur.
395 2610 463 2639 Vere
470 2613 541 2639 enim
555 2613 755 2648 obstupuerunt
763 2619 790 2642 et
797 2616 902 2642 attoniti
912 2620 975 2642 sunt
984 2623 1065 2650 super

274 2662 337 2682 eum
353 2657 442 2690 multi,
460 2658 595 2686 hominem
613 2667 673 2686 eum
693 2660 746 2687 sibi
766 2661 883 2688 similem
896 2665 1063 2696 reputantes.

277 2700 537 2739 Obstupueruntque
559 2705 634 2732 nulla
660 2707 843 2740 prxeeelleutia
867 2707 909 2734 vel
927 2707 1065 2734 mundana

278 2747 363 2781 gloria
378 2749 578 2778 circumdatum
594 2759 656 2778 eum
673 2752 809 2784 videntes,
825 2760 900 2784 cum,
919 2752 1005 2780 forma
1018 2753 1064 2780 Dei

279 2791 413 2828 deposita,
425 2795 570 2832 ipsumque
587 2805 616 2824 se
628 2797 800 2829 exinaniens,
819 2801 845 2824 et
857 2797 928 2825 servi
950 2797 1064 2824 formam

279 2838 428 2873 accipiens,
455 2842 635 2870 admiratione
662 2847 689 2871 et
715 2843 953 2878 obstupefactione
984 2845 1065 2880 digna

334 2894 415 2924 'lsai.
433 2904 482 2931 tu,
500 2898 598 2932 lO-l5;
619 2908 676 2933 Lm,
694 2900 723 2933 l;
740 2907 795 2933 Liv,
817 2900 839 2927 t.

1115 2302 1269 2337 παραδότου
1294 2302 1446 2333 πολιτείας,
1474 2302 1521 2328 καὶ
1542 2300 1592 2335 τῆς
1617 2300 1709 2334 κοινῆς
1733 2299 1787 2325 τῶν
1807 2299 1911 2334 ἀνθρώ-

1115 2357 1173 2374 πων
1198 2348 1436 2382 συναναστροφῆς,
1459 2347 1553 2373 τούτου
1568 2343 1647 2381 χάριν
1670 2345 1752 2377 αὐτὸς
1773 2346 1787 2371 ό
1809 2345 1910 2380 Κύριος

1117 2393 1354 2428 συμπορεύσεσθαι
1391 2394 1437 2420 καὶ
1468 2392 1591 2425 συνάξειν
1621 2391 1817 2425 ἐπαγγέλλεται
1847 2391 1909 2421 τοὺς

1116 2441 1248 2476 φέροντας
1273 2440 1308 2466 τὰ
1339 2438 1423 2475 σκεύη
1453 2438 1556 2470 αὑτοῦ,
1579 2438 1657 2473 δῆλον
1680 2437 1702 2463 δ’
1724 2437 1766 2463 ὅτι
1792 2436 1827 2463 τά
1849 2437 1910 2472 ἱερά

1117 2487 1240 2522 δόγματα
1255 2486 1302 2513 καὶ
1322 2486 1386 2517 τοὺς
1405 2484 1493 2516 θείους
1508 2484 1614 2518 λόγους.
1637 2482 1721 2510 Πάλιν
1741 2483 1764 2509 δ’
1784 2483 1832 2509 ἐπὶ
1845 2483 1909 2508 τοὺ-

1116 2542 1173 2564 τοις
1190 2533 1218 2560 ὃν
1236 2532 1336 2568 τρόπον
1352 2533 1380 2558 ἐν
1395 2532 1456 2563 ταῖς
1473 2531 1601 2566 ἀνωτέρω
1620 2529 1800 2565 προφητείαις
1817 2528 1911 2563 διαφό-

1119 2579 1250 2614 ρας(ως)
1269 2579 1338 2610 Παῖς
1374 2579 1388 2604 ὁ
1416 2577 1535 2613 Χριστὸς
1561 2576 1717 2612 ὠνομάζετο
1743 2575 1792 2602 τοῦ
1823 2575 1908 2607 Θεοῦ,

1117 2625 1249 2657 ὡσαύτως
1265 2625 1370 2660 εἴρηται
1391 2625 1439 2650 καὶ
1453 2623 1555 2650 ἐνθάδε
1577 2623 1701 2658 συνήσειν
1718 2621 1746 2648 δὲ
1768 2622 1816 2648 καὶ
1835 2622 1910 2655 ὑψω-

1117 2671 1317 2706 Mazaeum-1.00.
1343 2671 1444 2707 σφόδρα
1466 2670 1678 2706 δοξασθήσεσθαι
1706 2670 1909 2705 προφητεὺεται

1118 2717 1166 2743 τοῦ
1186 2717 1357 2753 ἀνθρωπίνου
1375 2716 1456 2743 αὑτοῦ
1471 2715 1673 2751 ἐπινοουμένου,
1693 2715 1758 2750 περὶ
1774 2713 1805 2742 οὗ
1822 2715 1909 2742 ταῦτα

1122 2763 1238 2797 λέγεται·
1256 2763 1364 2799 ἀληθῶς
1378 2762 1406 2789 δέ
1421 2762 1569 2798 ἐξέστησαν
1582 2762 1628 2789 καὶ
1639 2761 1852 2798 ἐξηπορήθησαν
1866 2762 1908 2787 ἔπ’

1122 2810 1194 2845 αέτῷ
1209 2809 1311 2841 πολλοὶ,
1327 2808 1468 2845 ἄνθρωπον
1486 2809 1589 2840 ἑαυτοῖς
1606 2809 1697 2843 ὅμοιος
1714 2807 1838 2842 (ὁμοίως)
1860 2806 1895 2832 αὖ
