2035 3214
155 173 224 202 1245

665 170 810 199 Εειοελε
831 171 1070 201 PROPIIETICE.
1089 188 1123 193 —
1135 173 1198 201 LIB.
1218 172 1262 201 IV.

1709 179 1779 205 1946

153 237 200 258 τὸν
215 229 405 264 ὑπειληφότες·
425 230 472 256 καὶ
492 228 639 263 ἑξέστησάν
651 236 682 262 γε
699 228 833 264 μηδεμίαν
855 228 939 264 ὑπερ-

992 229 1105 264 perl‘eeit
1121 230 1255 265 prodigia,
1277 229 1314 257 ita
1340 233 1369 256 ut
1392 230 1608 266 contemplantes
1636 240 1698 261 eum
1720 240 1779 262 stu-

154 276 224 312 οχὴν
240 275 256 311 ἢ
271 274 348 307 δόξαν
367 274 502 309 κοσμικὴν
515 272 745 310 περιϐεϐλημένον
758 274 838 300 αὑτὸν
852 275 938 310 ἑωρα-

154 322 242 354 κότες,
253 322 311 354 ὅτε,
322 321 371 356 τὴν
384 321 430 347 τοῦ
445 320 512 347 Θεοῦ
530 319 636 356 μορφὴν
649 320 826 355 ἀποθέμενος,
843 321 939 348 ἑαυτόν

153 377 183 396 τε
195 367 317 398 κενώσας
333 367 380 394 καὶ
395 365 488 392 δούλου
504 364 657 401 ἀνειληφὼς
676 365 791 401 μορφὴν,
809 365 940 400 ἐξε(σ)τά-

154 423 222 446 σεως
241 413 302 446 ἄξια
320 413 366 440 καὶ
387 411 582 447 καταπλήξεως
598 411 722 438 ἀπετέλει
738 411 886 447 παράδοξα,
902 412 939 444 ὡς

151 460 216 492 τοὺς
244 459 414 495 θεωροῦντας
441 459 511 486 αὐτὰ
539 457 809 493 καταπληττομένους
837 458 937 492 λέγειν·

156 515 166 532 α
181 505 237 540 Οὐχ
249 501 327 536 οὗτός
343 505 416 530 ἐστιν
435 505 449 530 6
467 505 523 536 υίὸς
539 504 637 539 Ἰωσήφ
650 513 656 535 ;
674 503 735 538 οὐχὶ
751 504 766 538 ή
787 504 877 538 μήτηρ
893 503 940 529 καὶ

151 552 177 579 οἱ
193 551 303 586 ἀδελφοὶ
313 551 395 578 αὑτοῦ
413 552 466 577 εἰσι
485 551 548 586 παρ’
564 551 646 586 ήμῖν;
668 560 677 576 ι
696 549 751 576 Καὶ
764 551 804 581 εἰς
816 550 896 586 δεῦρο
911 550 940 577 δὲ

153 597 273 624 πλεῖστοι
289 597 330 624 ἐπ’
346 597 427 623 αὑτὸν
443 595 595 628 ἐξίστανται
610 596 657 622 καὶ
674 595 877 632 ἐξαποροῦνται,
891 596 939 631 τὴν

152 643 326 671 διδασκαλίαν
345 643 426 670 αὐτοῦ
441 643 642 679 διαδραμοῦσαν
659 643 706 669 καὶ
721 642 760 668 ἔτι
772 642 819 668 νῦν
833 642 940 677 διατρέ-

152 698 253 726 χουσαν
269 690 310 724 ἐφ’
322 689 386 725 ὅλην
403 689 519 725 ὁρῶντες
533 689 582 724 τὴν
598 688 769 723 οἰκουμένην,
785 688 839 714 τῶν
853 697 882 714 τε
899 689 939 720 εὶς

151 736 233 764 αὐτὸν
257 735 476 762 πεπιστευκότων
501 734 549 770 τὴν
573 734 671 765 ἀκλινῆ
701 734 747 760 καὶ
774 733 939 768 ἀμετάθετον

151 781 270 809 διάθεσιν
278 781 482 812 κατανοοῦντες.
497 779 589 807 Ταῦτα
601 779 630 806 δὲ
637 779 821 815 θαυμάζοντες
832 779 862 805 οὐ
876 787 939 805 συν-

154 828 209 856 ίασι
224 828 273 863 τήν
285 827 359 854 θείαν
374 826 487 862 δύναμιν
507 825 567 852 καθ’
582 826 615 862 ἢν
634 826 768 861 ὲνήργησέ
784 834 815 851 τε
826 825 873 851 καὶ
884 825 939 850 εἰσ-

154 874 194 900 έτι
210 872 258 900 νῦν
275 873 397 909 ἐνεργεῖν
414 872 447 898 τὰ
474 871 627 907 τηλικαῦτα
643 871 793 906 δεδύνηται·
811 871 938 906 συνέσχον

990 278 1088 309 pentes
1112 274 1233 302 dicerent
1251 284 1258 302 ε
1278 284 1287 300 ι
1307 273 1402 302 Nonne
1421 275 1465 302 hic
1486 280 1527 303 est
1544 275 1624 305 Jesus
1642 278 1713 308 ﬁlius
1729 278 1778 309 Jo-

989 321 1056 356 sepb
1067 320 1183 348 ?Nonne
1193 325 1279 348 mater
1288 325 1315 349 et
1328 321 1426 349 fratres
1437 322 1498 356 ejus
1513 327 1578 350 sunt
1587 324 1658 351 inter
1666 334 1716 353 nos
1724 327 1753 354 ‘7
1766 338 1776 353 ι

989 366 1022 394 Ει
1040 375 1112 394 nunc
1130 375 1218 402 usque
1233 374 1316 402 super
1330 376 1391 395 eum
1423 367 1595 396 admirantur
1608 375 1634 397 et
1649 371 1779 407 obstupe-

989 414 1209 449 scuntplerique,
1219 413 1372 441 doctrinam
1386 414 1446 449 ejus
1458 415 1584 442 diffusam
1600 420 1626 443 et
1642 424 1714 444 nunc
1729 419 1780 446 ad-

989 459 1042 486 huc
1059 463 1247 494 penetrantem
1258 459 1380 487 videntes
1398 460 1425 487 in
1438 461 1592 488 universam
1607 466 1718 496 terram,
1729 471 1779 491 σοι

990 514 1106 541 rumque
1125 506 1172 541 qui
1187 505 1362 533 crediderunt
1380 507 1406 533 in
1422 515 1483 534 eum
1493 511 1663 535 constantem
1683 509 1781 536 immo-

990 557 1101 588 tamque
1109 553 1338 588 perseverantiam
1348 558 1515 588 reputantes.
1527 553 1587 581 Haec
1599 560 1688 582 autem
1697 555 1780 583 admi-

990 599 1054 630 rati,
1065 607 1119 626 non
1134 599 1253 626 divinam
1271 600 1462 626 intellexerunt
1477 604 1636 635 potestatem
1652 609 1704 636 qua
1717 610 1780 637 ope-

991 650 1067 673 ratus
1077 647 1155 672 estet
1168 653 1242 672 nunc
1258 653 1345 680 usque
1359 646 1466 680 operari
1486 649 1525 672 tot
1543 649 1570 673 et
1585 650 1658 673 tanta
1673 648 1778 680 valeat;

989 692 1183 719 continuerunt
1191 696 1279 718 autem
1287 699 1350 718 vere
1362 699 1446 726 super
1453 699 1514 718 eum
1523 696 1548 719 et
1555 693 1729 720 occluserunt
1740 701 1783 722 re-

991 745 1039 773 ges
1051 745 1082 764 os
1098 744 1188 769 suum,
1200 737 1258 764 sive
1270 737 1318 772 qui
1335 738 1493 772 congregati
1508 737 1615 765 fuerant
1643 740 1782 773 passionis

989 786 1049 820 ejus
1058 790 1189 821 tempore.
1199 786 1232 813 de
1240 787 1342 821 quibus
1352 786 1454 813 dictum
1462 789 1503 813 est
1514 785 1691 813 :«Astiterunt
1702 792 1781 820 reges

989 836 1079 863 terra}.
1097 836 1124 859 et
1142 832 1281 867 principes
1305 835 1492 859 convenerunt
1507 832 1534 858 in
1550 839 1634 857 unum
1649 831 1780 862 adversus

989 885 1067 910 cultu;
1078 877 1165 905 ’isive
1177 877 1222 913 qui
1238 881 1302 904 tunc
1309 881 1387 904 erant
1397 875 1534 911 principes
1542 875 1711 910 gentiummt
1719 882 1783 902 con-

152 919 181 946 δὲ
195 918 302 954 ἀληθῶς
329 919 376 945 καὶ
398 919 570 946 συνέστειλαν
593 917 636 944 ἐπ’
658 917 739 944 αὐτὸν
766 916 884 952 βασιλεῖς
910 917 940 943 τὸ

992 922 1131 949 tinuerunt
1139 922 1262 957 profecto
1270 930 1301 950 os
1317 930 1408 954 suum,
1420 929 1481 949 cum
1491 923 1591 956 sazpius
1599 921 1782 949 intercludere

154 965 241 1000 στόμα
260 964 359 996 αὐτῶν,
373 965 426 991 εἴτε
441 966 466 991 οἱ
481 964 657 999 συναχθέντες
672 963 742 990 κατὰ
754 963 784 990 τὸ
797 963 882 994 πάθος
892 963 940 989 αὑ-

151 1011 210 1044 τοῦ,
229 1012 292 1046 περὶ
314 1007 352 1038 ὧν
373 1011 469 1047 ἐλέχθη
486 1011 524 1037 τό·
551 1020 559 1036 ι
579 1010 756 1046 Παρέστησαν
779 1009 803 1035 οἰ
821 1008 940 1044 βασιλεῖς

152 1058 203 1093 τῆς
219 1058 282 1093 γῆς,
295 1058 342 1085 καὶ
352 1059 376 1085 oi
393 1058 521 1093 ἄρχοντες
537 1056 707 1091 συνήχθησαν
723 1056 768 1082 sca
782 1055 812 1082 τὸ
827 1055 901 1087 αὐτό,
928 1065 938 1081 ι

152 1105 208 1131 εἴτε
224 1105 271 1131 καὶ
284 1105 308 1131 οἱ
331 1104 401 1131 κατὰ
423 1104 534 1140 καιροὺς
556 1104 685 1139 ἄρχοντες
705 1102 758 1129 τῶν
778 1102 876 1129 ὲθνῶνι
894 1102 941 1128 καὶ

153 1151 282 1185 συνέσχον
298 1158 329 1184 γε
347 1150 434 1185 στόμα
453 1143 556 1175 ἑαυτῶν
573 1148 611 1183 τῷ
627 1148 756 1180 πολλάκις
779 1148 827 1183 μὲν
842 1148 940 1180 αὐτοὺς

153 1192 325 1231 ἐπιχειρῆσαι
344 1195 464 1222 κωλῦσαι
484 1195 528 1221 τὸν
542 1194 620 1228 λόγον
636 1193 716 1220 αὑτοῦ
735 1195 781 1220 καὶ
801 1194 850 1229 τὴν
867 1193 940 1219 διδα-

153 1241 278 1273 σκαλίαν,
297 1241 372 1268 οὐδὲν
392 1242 420 1267 δὲ
439 1238 520 1276 ἦττον
539 1239 713 1275 ὺπερισχύειν
728 1239 808 1266 αὑτὸν
823 1240 871 1266 καὶ
882 1239 940 1265 δια-

152 1287 271 1323 λάμπειν
287 1285 462 1321 δοξαζόμενον
480 1286 526 1312 καὶ
542 1286 581 1316 εὶς
595 1284 660 1319 ῦψος
673 1284 828 1320 αἰρόμενον,
847 1284 878 1318 (Ῑ.
895 1283 940 1318 57)

152 1333 192 1365 ὡς
208 1333 324 1368 φανερὸν
349 1332 444 1359 ἑαυτὸν
467 1330 629 1358 καθιστάναι
651 1331 681 1356 οὺ
707 1330 798 1365 μόνοις
820 1331 877 1361 τοῖς
891 1329 941 1360 τὰς

153 1379 219 1415 περὶ
241 1378 323 1405 αὐτοῦ
343 1378 511 1414 προφητείας
532 1378 564 1404 ὲκ
587 1377 712 1411 πατέρων
737 1375 941 1412 παρειληφόσιν,

146 1425 233 1457 ¹ἀλλὰ,
257 1425 288 1452 τὸ
310 1425 537 1461 παραδοξότατον,
557 1421 597 1455 οἷς
617 1422 788 1450 οὐδεπώποτε
805 1422 942 1457 ἀνηγγέλη

152 1481 179 1499 τι
194 1472 258 1507 περὶ
272 1471 366 1503 αὑτοῦ,
386 1470 458 1497 τοῦτ’
475 1470 547 1497 ἐστιν
565 1471 631 1505 ἡμῖν
647 1470 703 1501 τ;ἰς
724 1468 839 1495 ἔθνεσιν
857 1468 881 1494 οἳ
896 1468 943 1494 καὶ

155 1518 216 1554 μηδ’
231 1517 298 1549 ὅλως
316 1516 391 1552 παρὰ
410 1516 465 1542 τῶν
482 1515 621 1550 προγόνων
643 1515 793 1551 ἀκηκοότες
812 1523 849 1546 τι,
875 1513 942 1549 μηδὲ

153 1563 400 1600 προμεμαθηκότες
414 1563 477 1598 περὶ
489 1562 538 1597 τῆς
552 1561 635 1587 αὑτοῦ
652 1560 812 1596 παρουσίας,
825 1561 942 1595 συνήκα-

154 1617 205 1644 μεν
225 1608 304 1635 αὑτὸν
324 1607 444 1639 ἐλθόντα,
464 1607 511 1633 καὶ
531 1606 580 1637 τὰς
597 1606 661 1641 περὶ
678 1605 759 1632 αὺτοῦ
774 1605 941 1641 προφητείας

152 1653 365 1689 κατεδεξάμεθα.
393 1653 485 1680 Ταῦτα
509 1653 538 1679 δὲ
563 1652 679 1688 προϊδὼν
704 1653 718 1678 6
745 1653 888 1687 προφήτης
913 1652 941 1677 ἐν

152 1700 289 1735 πνεύματι
305 1699 441 1734 ἀναφωνεῖ
451 1698 555 1725 ἀποθαυ
560 1698 700 1734 μαστικιῖκς
710 1698 796 1731 λέγων
808 1698 847 1724 τό·
864 1707 873 1722 ι
890 1697 943 1723 Κύ-

155 1753 207 1780 ριε,
219 1745 261 1776 τίς
277 1744 436 1771 ἐπίστευσεν
447 1745 480 1779 τῇ
497 1744 564 1780 ἀκοῇ
576 1743 671 1779 ήμῶνς
691 1753 700 1769 l
721 1744 808 1779 Ὅπερ
823 1744 872 1769 οὐκ
883 1742 940 1769 ἔστι

151 1790 251 1818 ταύτὸν
267 1790 316 1826 τῷν
336 1790 428 1821 Οὐδεὶς
449 1790 593 1816 ἐπίστευσε
618 1791 651 1825 τῇ
660 1789 726 1824 ἀκοῇ
743 1789 831 1824 ἡμῶν·
849 1787 942 1823 σαφῶς

152 1835 208 1871 γάρ
224 1844 265 1862 τοι
287 1835 371 1862 πολλὰ
391 1835 478 1871 πλήθη
496 1835 550 1861 τῶν
572 1834 602 1867 ἐξ
623 1835 719 1866 ἐθνῶν,
741 1834 788 1861 καὶ
800 1835 890 1861 αὐτῶν
905 1835 936 1870 δή

153 1890 226 1913 τινες
246 1881 299 1908 τῶν
316 1882 348 1908 ὲκ
366 1881 530 1916 περιτομῆς,
556 1880 754 1907 πεπιστεύκασι
768 1881 800 1916 τῇ
816 1881 880 1916 περὶ
896 1880 943 1906 τοῦ

153 1927 366 1963 Χριστοῦ’ἀκοῇ·
382 1927 428 1954 καὶ
442 1937 450 1952 ι
462 1927 476 1953 6
491 1927 609 1962 βραχίων
621 1927 659 1959 δὲ,
672 1936 681 1952 θ
699 1926 775 1961 φησὶ,
790 1936 799 1952 ι
812 1927 940 1961 Κυρίου,ι

153 1973 225 1999 τοῦτ’
243 1973 315 2000 ἔστιν
334 1975 348 2000 ό
367 1972 458 2009 προὼν
473 1972 519 1999 τοῦ
537 1972 603 2000 Θεοῦ
621 1973 718 2007 Λόγος,
737 1982 746 1998 ‹
767 1973 820 1999 τίνι
839 1973 942 1999 ἀπεκα-

152 2019 257 2055 λύφθη;
277 2030 286 2045 ι
303 2019 389 2052 Αὐτὸς
402 2021 416 2046 ό
430 2019 507 2054 λόγος
523 2021 550 2046 ἐν
565 2020 635 2055 ἀρχῇ
648 2019 698 2054 τῆς
722 2018 890 2054 προφητείας
906 2019 944 2045 δι-

154 2065 248 2092 δάσκει
261 2066 357 2100 λέγων·
377 2076 385 2091 ε
396 2061 450 2092 Καὶ
463 2065 632 2092 ἀποκαλύψει
645 2066 744 2101 Κύριος
757 2065 802 2091 τὸν
816 2064 944 2101 βραχίονα

154 2111 200 2137 τὸν
216 2112 291 2146 ἆγιον
307 2111 389 2139 αὐτοῦ
405 2111 519 2138 ἐνώπιον
534 2111 643 2138 πάντων
655 2111 709 2138 τῶν
724 2111 818 2138 ἐθνῶν.
835 2121 844 2136 ι
865 2111 944 2145 Ἑξῆς

153 2161 247 2191 αὐτοῖς
263 2159 390 2193 λέγεται·
417 2168 426 2184 ι
451 2158 662 2193 Ἀνηγγείλαμεν
678 2158 792 2184 ἐνώπιον
809 2158 890 2184 αὐτοῦ
907 2157 945 2188 ὡς

154 2206 274 2235 παιδίον,
291 2205 329 2236 ὡς
344 2205 405 2240 ῥίζα
422 2206 450 2232 ὲν
461 2206 496 2240 γῇ
509 2205 623 2240 διψώσῃ·
635 2204 685 2231 οὐκ
700 2204 772 2231 ἔστιν
789 2202 857 2235 εἶδος
871 2203 945 2238 αὐτῷ

152 2251 215 2278 οὐδὲ
231 2249 306 2282 δόξα,
323 2251 370 2276 καὶ
385 2250 492 2286 εἴδομεν
517 2251 609 2282 αὑτὸν,
634 2251 681 2277 καὶ
704 2251 754 2277 οὐκ
778 2248 849 2285 εἶχεν
875 2247 944 2281 εἶδος

153 2297 215 2325 οὐδὲ
234 2295 342 2327 κάλλος,
358 2305 367 2321 ιι
380 2296 472 2323 καὶτὰ
485 2297 558 2332 ἑξῆς,
574 2297 591 2324 ἃ
608 2297 655 2324 καὶ
669 2297 738 2325 αὐτὰ
753 2296 940 2333 πεπλήρωται,

153 2343 199 2369 ὅτε
215 2340 336 2372 κενώσας
353 2341 447 2367 ἑαυτὸν
466 2342 513 2378 τῆς
530 2342 576 2368 τοῦ
598 2342 664 2368 Θεοῦ
686 2343 803 2378 μορφῆς,
822 2342 881 2368 οὐδὲ
894 2343 942 2377 τὴν

153 2388 192 2420 ὡς
213 2389 242 2414 ὲν
261 2386 414 2423 ἀνθρώποις
435 2386 524 2421 εὐειδῆ
545 2388 592 2413 καὶ
609 2389 765 2424 εὐσχήμονα
781 2388 943 2421 κατελέξατο

154 2433 389 2470 προσωποποιίαν,
407 2426 467 2459 οῦδὲ
485 2432 534 2468 μὲν
548 2433 611 2469 δόξῃ
629 2435 661 2469 τῇ
681 2435 746 2469 παρ’
759 2434 941 2470 ἀνθρώποιςῆ

154 2480 291 2515 κοσμικῆς
315 2487 388 2511 τινος
411 2479 546 2514 ὑπεροχῆς
564 2479 691 2514 περιϐολῇ
712 2479 758 2506 τὸν
774 2480 942 2516 ἀνθρώπινον

153 2524 275 2560 διεξῆλθε
293 2525 360 2560 βίον,
375 2525 481 2560 μορφὴν
495 2524 523 2551 δὲ
538 2524 631 2551 δούλου
647 2525 694 2551 καὶ
712 2525 834 2553 διακόνου
854 2526 942 2553 λαϐὼν

155 2570 336 2597 ἐταπείνωσεν
359 2570 454 2597 ἑαυτὸν
479 2570 524 2597 καὶ
550 2570 660 2604 γέγονεν
680 2570 717 2602 ὡς
738 2571 888 2608 ἄνθρωπος,
913 2574 942 2600 ὲν

121 2638 123 2640 .
155 2616 248 2652 πληγῇ
263 2615 300 2643 ὢν
313 2616 360 2643 καὶ
373 2616 450 2647 εἰδὼς
463 2616 557 2652 ῳέρειν
572 2615 717 2651 μαλακίαν,
730 2611 906 2653 ἀπέστραπτο
916 2619 945 2646 δὲ

155 2661 204 2689 καὶ
221 2662 413 2698 ἀποκέκρυπτο
435 2661 473 2697 (ι)
488 2662 537 2696 τῆς
552 2661 678 2697 θεότητος
695 2662 778 2689 αὐτοῦ
793 2663 823 2689 τὸ
842 2664 945 2696 ἔνδοξον

155 2709 203 2736 καὶ
214 2707 304 2734 θεῖκὺν
314 2708 467 2743 πρόσωπον·
480 2708 513 2734 δι’
522 2708 536 2734 ὂ
551 2708 598 2735 καὶ
611 2708 747 2744 ήτιμάσθη
760 2709 834 2745 παρὰ
851 2711 905 2741 τοῖς
915 2711 945 2737 τὸ

154 2753 325 2790 ἀνθρώπινον
339 2754 420 2780 αὑτοῦ
439 2754 517 2789 μόνον
532 2755 753 2790 κατανενοηκόσι,
767 2757 831 2791 παρ’
845 2753 884 2788 οἷς
898 2757 944 2784 καὶ

154 2801 206 2828 οὐκ
219 2799 345 2835 ἐλογίσθη
355 2800 404 2834 οὐχ
423 2800 496 2832 ὅπως
514 2801 554 2832 εἰς
570 2801 636 2827 Υἱὸν
656 2800 734 2833 Θεοῦ,
754 2801 811 2828 ἀλλ’
832 2802 886 2828 οὐδ’
903 2803 943 2834 είς

192 2845 289 2873 'Joan.
307 2853 346 2876 vt,
361 2845 412 2878 ἧς
426 2845 520 2873 Matth.
544 2854 604 2879 ml,
705 2849 715 2863 ²
731 2847 802 2876 Psal.
821 2856 850 2880 ιι,
869 2848 896 2875 2.

194 2892 232 2928 (Ι)
247 2891 374 2921 Fortasse
385 2892 435 2926 leg.
445 2891 645 2928 ἀπεκέκρυπτο,
659 2892 736 2922 Eon.

991 975 1133 996 sermones
1144 969 1203 1004 ejus
1222 969 1313 996 conati
1329 972 1421 996 essent
1441 973 1522 1003 atque
1530 968 1781 1001 doctrinam,etillo

991 1013 1171 1041 nihilominus
1180 1013 1208 1040 in
1219 1014 1307 1048 majus
1319 1014 1511 1046 invalesceret,
1524 1013 1683 1048 praeclarus.
1698 1013 1783 1050 incly-

991 1063 1046 1090 tus,
1059 1063 1087 1086 et
1101 1059 1228 1086 sublimis
1247 1059 1346 1092 factus,
1356 1059 1392 1086 ila
1411 1064 1440 1086 ut
1454 1059 1618 1087 manifestus
1636 1059 1711 1086 ﬁeret
1725 1067 1780 1087 non

991 1104 1073 1131 modo
1081 1104 1114 1131 iis
1121 1104 1191 1139 quia
1200 1104 1325 1139 patribus
1332 1104 1366 1131 de
1374 1104 1434 1139 ipso
1443 1104 1599 1139 pruphetias
1607 1108 1780 1138 acceperant,

993 1151 1132 1186 sed,quod
1150 1152 1236 1178 nudto
1244 1151 1332 1186 magis
1342 1151 1494 1177 mirandum
1511 1154 1599 1182 est,et
1615 1150 1669 1177 illis
1681 1149 1781 1185 quibus

992 1196 1059 1222 nihil
1076 1203 1195 1231 unquam
1210 1195 1244 1223 de
1259 1203 1292 1222 eo
1305 1194 1603 1226 annuntiatmnl'uerat,
1615 1195 1718 1222 Scilicet
1732 1202 1782 1222 uo-

990 1242 1032 1269 bis
1052 1243 1189 1277 gentibus.
1202 1241 1254 1274 Qui
1270 1246 1297 1268 et
1312 1241 1423 1268 minime
1438 1240 1586 1276 quidquam
1600 1247 1615 1266 a
1628 1240 1780 1273 majoribus

991 1289 1179 1319 audieramus.
1205 1295 1273 1314 nere
1302 1287 1336 1314 de
1361 1287 1421 1321 ejus
1446 1286 1564 1314 adventu
1587 1286 1781 1317 didiceramus,

991 1342 1054 1362 eum
1077 1334 1186 1362 venisse
1208 1334 1397 1368 cognovimus,
1426 1332 1637 1368 accepimusque
1663 1331 1696 1359 de
1721 1331 1782 1365 ipso

993 1380 1161 1415 prophetias.
1176 1378 1242 1412 Qum
1258 1384 1348 1406 autem
1361 1379 1513 1414 praevidens
1528 1379 1670 1414 propheta,
1684 1379 1782 1414 spiritu

993 1426 1100 1453 amatus
1111 1426 1214 1459 divino,
1228 1425 1378 1452 admiratus
1393 1425 1548 1452 exclamat:
1562 1434 1570 1450 ι
1585 1425 1705 1456 Domine,
1721 1425 1784 1460 quis

993 1473 1110 1500 credidit
1129 1472 1235 1500 auditui
1257 1471 1372 1499 nostro?
1394 1481 1404 1497 ι
1421 1470 1500 1504 Quod
1517 1479 1571 1498 non
1598 1471 1668 1498 idem
1686 1475 1728 1498 est
1752 1478 1785 1498 ac

994 1519 1017 1546 si
1030 1520 1136 1546 diceret
1152 1528 1158 1546 :
1177 1517 1273 1557 N'ullus
1284 1518 1377 1545 credet
1393 1518 1503 1544 auditur
1518 1522 1624 1545 nostro.
1642 1517 1785 1545 Manifesta

993 1566 1066 1593 enim
1088 1572 1184 1600 magna
1210 1564 1358 1592 multitudo
1383 1564 1517 1599 gentium,
1536 1564 1712 1599 ipsorumque
1734 1562 1784 1590 Ju-

993 1611 1114 1637 da'orum
1130 1609 1255 1636 nonnulli
1279 1609 1313 1636 de
1336 1608 1447 1636 Christo
1474 1608 1579 1635 auditui
1597 1608 1781 1635 crediderunt.

992 1655 1025 1682 Et
1037 1664 1046 1680 ι
1058 1655 1210 1686 brachium,
1224 1664 1233 1680 ι
1244 1655 1291 1687 ait,
1304 1665 1312 1679 I
1327 1653 1444 1684 Domini,
1453 1663 1462 1680 ι
1476 1654 1580 1681 scilicet
1592 1654 1785 1688 prwexsistens

992 1701 1039 1728 Dei
1055 1701 1182 1730 Verbum.
1195 1710 1204 1725 ι
1217 1701 1260 1728 cui
1274 1701 1421 1728 revelatum
1438 1700 1499 1727 est?
1512 1709 1520 1725 ι
1536 1699 1594 1733 Ipse
1611 1699 1682 1726 enim
1693 1706 1784 1726 sermo

993 1746 1020 1773 in
1034 1745 1111 1772 initio
1123 1744 1271 1779 prophetiae
1287 1745 1367 1770 docet
1380 1744 1475 1771 dicens
1493 1753 1499 1770 :
1517 1754 1526 1768 ι
1543 1743 1575 1769 lit
1589 1743 1717 1770 revelabit
1731 1743 1785 1769 Do-

993 1791 1085 1818 minus
1109 1790 1250 1817 brachium
1267 1793 1391 1816 sanctum
1416 1797 1495 1816 suum
1519 1789 1544 1815 in
1566 1793 1713 1823 conspectu
1729 1796 1786 1814 οη)-

994 1837 1070 1863 nium
1087 1836 1219 1872 gentium.
1243 1846 1251 1861 ι
1268 1835 1334 1863 Post
1360 1835 1418 1862 haec
1432 1836 1534 1862 dicitur
1550 1844 1557 1862 :
1571 1844 1581 1860 ι
1602 1834 1635 1861 Et
1651 1835 1782 1862 ascendet

994 1884 1065 1911 sicut
1082 1883 1229 1918 virgultum
1244 1889 1336 1909 coram
1356 1889 1400 1914 eo,
1422 1886 1449 1909 et
1469 1882 1541 1908 sicut
1557 1881 1635 1908 radix
1651 1881 1684 1908 de
1704 1884 1777 1907 terra

995 1930 1108 1957 sitienti.
1123 1928 1181 1956 Non
1197 1931 1238 1956 est
1256 1929 1360 1963 species
1376 1928 1412 1960 ei,
1435 1935 1524 1963 neque
1541 1928 1624 1955 decor
1641 1936 1649 1954 :
1670 1932 1696 1954 et
1714 1927 1783 1954 vidi-

994 1983 1056 2003 mus
1071 1983 1144 2008 eum,
1166 1979 1193 2002 et
1218 1979 1347 2002 uerterat
1376 1980 1514 2009 aspectus.
1543 1982 1631 2008 neque
1654 1973 1784 2000 formosi-

995 2026 1048 2053 tas,
1064 2030 1073 2046 ι
1086 2026 1112 2048 et
1127 2029 1187 2056 qua:
1210 2024 1372 2055 sequuntur,
1388 2028 1448 2055 quae
1465 2021 1556 2047 omnia
1574 2020 1682 2053 impleta
1701 2022 1777 2051 sunt,

994 2067 1105 2102 quando
1123 2067 1287 2094 exinaniens
1301 2066 1487 2101 semetipsum,
1504 2065 1609 2100 abjecta
1622 2065 1667 2092 Dei
1683 2065 1781 2097 forma,

997 2114 1114 2149 speciem
1129 2113 1222 2148 elegit,
1239 2120 1293 2140 non
1311 2121 1371 2148 qme
1387 2112 1459 2147 apud
1478 2111 1602 2138 homines
1623 2111 1742 2139 formosa
1756 2117 1784 2139 et

995 2155 1093 2187 decora
1111 2159 1236 2190 habetur,
1252 2159 1391 2193 vitamque
1406 2158 1480 2192 degit
1493 2156 1639 2184 humanam
1655 2156 1715 2184 sine
1732 2156 1784 2182 ho-

996 2206 1100 2232 minum
1116 2205 1213 2240 gloria,
1230 2204 1289 2232 sine
1305 2205 1395 2239 aliqua
1408 2204 1553 2231 mundanae
1563 2203 1703 2238 dignitatis
1716 2210 1785 2238 prata

960 2263 982 2290 υ
996 2251 1133 2283 cellentia,
1153 2250 1268 2278 formam
1283 2258 1348 2277 vero
1371 2250 1442 2278 servi
1459 2254 1486 2278 et
1509 2250 1627 2276 ministri
1644 2249 1781 2284 accipiens

997 2297 1149 2324 humiliavit
1162 2296 1339 2331 semetipsum
1354 2299 1381 2322 et
1397 2296 1486 2322 iactus
1499 2299 1540 2322 est
1556 2299 1583 2321 ut
1592 2294 1674 2321 homo
1684 2301 1783 2327 verus;

996 2343 1143 2378 despectus
1159 2346 1185 2369 et
1200 2342 1290 2369 sciens
1302 2341 1484 2372 inﬁrmitates.
1502 2341 1576 2368 exuit
1588 2339 1785 2374 absconditque

997 2388 1148 2415 divinitatis
1162 2395 1219 2414 suae
1236 2388 1394 2422 praeclaram
1411 2387 1586 2421 divinamquc
1602 2384 1785 2420 ﬁgurauLJd-

997 2435 1071 2462 circo
1087 2434 1234 2469 despectus
1251 2438 1293 2462 est
1307 2435 1341 2461 ab
1362 2434 1396 2461 iis
1416 2434 1462 2469 qui
1482 2432 1668 2460 tantummodo
1686 2432 1784 2460 Imma-

996 2482 1110 2507 nitatem
1125 2481 1185 2514 ejus
1199 2481 1392 2516 respiciebant,
1415 2489 1465 2508 nec
1489 2487 1551 2507 eum
1569 2479 1615 2506 Dei
1631 2477 1728 2506 Filium
1741 2485 1785 2505 re-

995 2526 1138 2561 putabant,
1157 2534 1208 2553 nee
1225 2527 1306 2554 etiam
1325 2527 1430 2562 justum
1452 2526 1580 2561 aliquem.
1606 2524 1705 2552 Dicunt
1719 2532 1785 2552 vero

996 2573 1041 2608 qui
1057 2573 1115 2599 haec
1126 2573 1224 2607 spiritu
1239 2573 1403 2608 intelligunt,
1416 2572 1494 2608 quasi
1507 2574 1667 2599 enarrantes
1684 2571 1784 2598 docen-

994 2622 1090 2653 tesque
1105 2618 1189 2653 hujus
1207 2620 1329 2654 mysterii
1347 2620 1497 2646 rationem:
1511 2627 1520 2643 ί
1539 2618 1587 2644 llic
1605 2620 1714 2651 peccata
1732 2623 1784 2643 no~

994 2669 1050 2692 stra
1065 2665 1126 2692 tulit
1142 2669 1169 2692 et
1184 2673 1234 2700 pro
1249 2666 1328 2693 nobis
1343 2673 1440 2700 passus
1456 2668 1507 2692 est.
1525 2674 1534 2690 ›
1552 2664 1685 2691 Videbunt
1697 2663 1782 2693 enim.

994 2715 1074 2746 prout
1086 2711 1234 2746 prophetaz.
1247 2719 1365 2747 quonam
1381 2712 1461 2739 modo
1476 2711 1519 2738 lict
1533 2720 1542 2736 ε
1559 2710 1652 2746 Agnus
1666 2709 1722 2740 Dei,
1736 2709 1784 2744 qui

993 2757 1062 2784 tollit
1079 2763 1188 2792 peccata
1205 2758 1298 2785 mundi
1316 2758 1336 2784 ³.
1358 2768 1367 2784 ι
1385 2757 1449 2785 Post
1465 2758 1521 2785 haec
1537 2757 1701 2791 subjicitur:
1720 2763 1730 2780 ι
1750 2753 1784 2782 Et

993 2811 1043 2831 nos
1060 2803 1216 2838 putavimus
1229 2812 1291 2832 eum
1307 2804 1384 2840 quasi
1408 2804 1556 2839 leprosum,
1573 2807 1598 2831 et
1619 2808 1782 2839 percussum

937 2849 946 2864 ³
958 2847 1026 2876 Joan
1043 2857 1061 2882 ι,
1076 2849 1120 2877 ‘29.
