2035 3214
307 187 377 214 ΗΠ

682 181 1074 216 EUSEBILCA‘ZSARIENSIS
1095 180 1171 208 OPP.
1189 179 1278 207 PARS
1296 179 1342 208 Ill.
1359 195 1393 200 -—
1414 178 1618 207 EXEGETICA.

1860 179 1914 208 ιιι-ιε

306 255 321 273 :1
340 246 405 277 Deo,
421 249 448 273 et
471 245 656 272 humiliatum.
684 243 744 278 lpse
771 247 861 270 autem
880 243 1037 270 vulneratus
1058 244 1097 269 est

1151 239 1197 266 τὸν
1212 239 1328 274 τυχόντα
1342 238 1455 265 δίκαιον.
1469 237 1574 267 Φασὶ,δ’
1587 238 1611 264 οί
1629 237 1667 272 τῷ
1683 235 1813 271 πνεύματι
1829 237 1915 265 τούτων

307 296 418 328 propter
433 291 594 326 iniquitates
609 294 727 317 nostras.
754 299 764 315 1
789 289 895 316 Revera
914 289 986 316 enim
1004 288 1100 315 vulne—

307 340 383 364 ratus
402 340 454 367 est,
477 343 539 362 cum
559 335 663 370 lapides
689 342 763 370 quos
785 334 954 369 conjicerent
971 334 999 360 in
1025 341 1098 365 eum,

306 383 492 417 arripuerunt.
510 381 541 408 Et
553 391 561 406 ι
573 382 684 408 attritus
697 386 749 413 est,
762 382 810 413 ait,
823 385 934 416 pr0pter
941 381 1101 408 scelerano—

306 434 389 456 stra.1
403 427 499 455 Melius
510 428 582 454 enim
595 435 676 462 quam
689 427 789 454 Paulus
802 427 918 454 inﬁrmis
929 427 1100 461 cempatieus

305 474 432 500 Christus
451 472 543 500 dicere
569 474 656 508 potuit
674 481 683 500 ;
705 484 713 498 ι
726 472 793 506 Quis
816 472 982 504 inﬁrmatur,
995 476 1023 499 et
1044 480 1100 500 non

306 519 430 547 inﬁrmor
446 519 453 534 ι
467 519 478 546 ’ἔ
500 529 509 545 1
528 519 591 546 llaec
606 527 669 546 vero
685 519 776 546 omnia
798 518 947 546 conﬁtetur
969 518 1099 553 propheta

306 571 417 601 propter
433 565 534 600 ipsum,
553 573 718 600 omnetnque
735 565 864 600 populum
876 572 1023 600 passurum
1038 572 1100 592 esse

306 612 394 643 illum,
413 611 447 639 de
471 619 525 647 quo
547 611 650 638 dicitur
668 619 674 637 :
696 620 705 636 ε
728 611 897 638 Vulneratus
919 615 964 638 est
988 614 1100 646 propter

306 658 465 693 iniquitates
482 663 605 690 nostras,
617 662 644 685 et
664 658 775 685 attritus
793 662 836 685 est
861 662 972 693 propter
994 658 1099 685 scelera

306 708 414 732 nostra.
433 713 443 730 1
460 703 496 731 Se
512 705 602 739 ipsum
615 711 726 738 quoque
740 703 890 738 designans
898 703 994 738 adjicit
1009 713 1015 729 :
1034 712 1043 728 ι
1059 702 1101 730 Li-

305 758 372 777 vore
395 751 456 786 ejus
481 752 570 777 sanati
592 758 699 778 sumus.
721 760 730 775 1
760 750 903 778 Manifeste
928 751 1100 786 prospiciens

306 803 386 830 quem
399 796 426 822 in
438 803 560 822 errorem
573 791 724 822 declinaret
736 795 958 823 cireumcisionis
971 796 1099 831 populus,

305 842 460 877 certiorque
476 841 581 869 nullum
599 849 713 876 prorsus
728 841 866 869 hominem
883 842 989 877 peccati
1001 842 1100 869 immu-

306 896 367 916 nem
384 896 456 920 esse,
472 888 522 915 etsi
536 888 710 922 justissimus
729 888 865 920 videatur,
890 888 965 915 addit
983 897 989 914 :
1008 897 1016 914 ι
1034 888 1100 915 Om-

1151 285 1242 312 αὐτῶν
1260 283 1469 320 συνῃσθημένοι,
1489 283 1609 319 ὡσπερεὶ
1631 281 1799 318 διηγούμενοι
1820 282 1860 309 καί
1875 284 1914 319 τὴν

1150 331 1241 357 αίτίαν
1261 331 1309 365 τῆς
1324 330 1451 365 τοιαύτης
1473 329 1628 364 οἰκονομίας
1644 327 1868 363 διδάσκοντος(τες-)
1880 330 1913 355 τό·

1153 386 1162 401 ε
1179 373 1265 406 Οὗτος
1288 374 1338 405 τὰς
1363 373 1500 409 ἁμαρτίας
1523 372 1601 408 ἡμῶν
1626 373 1713 408 φέρει,
1725 372 1772 399 καὶ
1783 373 1842 407 περὶ
1851 373 1914 408 ἡμῶν

1150 421 1286 447 ὀδυνᾶται·
1310 429 1320 445 1
1339 419 1432 455 ἑώρων
1447 418 1511 454 γὰρ,
1529 416 1572 444 οἷα
1587 418 1619 454 δὴ
1639 418 1785 453 προφῆται,
1798 417 1853 444 τίνα
1866 419 1916 454 τρό-

1151 475 1201 494 πον
1212 467 1357 502 γενήσεται
1370 465 1456 501 ἀμνὸς
1467 465 1513 492 τοῦ
1525 465 1604 498 Θεοῦ,
1623 474 1631 490 ι
1648 465 1732 500 αἴρων
1743 463 1790 499 τὴν
1799 464 1915 499 ἁμαρτίαν

1149 512 1196 539 τοῦ
1210 513 1323 548 κόσμου.
1342 522 1351 538 1
1375 511 1548 546 Ἐπιφὲρεται
1563 511 1676 542 ’τούτοις⁸
1697 520 1706 536 ι
1728 510 1820 545 Ἡμεῖς
1833 510 1858 537 δὲ
1871 511 1917 537 ἐλο-

1149 559 1285 594 γισάμεθα
1304 558 1385 584 αὑτὸν
1401 556 1469 584 εἶναι
1485 558 1514 584 ὲν
1530 557 1602 591 πόνῳ
1621 557 1667 584 καὶ
1687 557 1715 582 ἐν
1736 555 1822 591 πληγῇ
1840 557 1881 582 καὶ
1893 558 1916 584 ἐν

1150 596 1280 632 κακώσει·
1305 604 1386 637 αὐτὸς
1412 604 1441 631 δὲ
1461 603 1664 640 ὲτραυματίσθη
1687 602 1730 630 διὰ
1753 603 1802 635 τὰς
1822 604 1917 638 ἀνομίας

1149 653 1238 689 ήμῶν·
1256 663 1265 678 1
1277 652 1390 687 δυνάμει
1406 651 1460 687 γὰρ
1471 652 1518 678 καὶ
1530 650 1742 687 ὲτραυματίσθη,
1757 650 1800 676 ὅτε
1812 647 1874 685 ἦραν
1884 649 1917 676 λί-

1150 699 1213 731 θους
1226 699 1317 734 βαλεῖν
1330 698 1372 725 ἐπ’
1382 698 1472 724 αὐτόν·
1482 698 1528 724 καὶ
1544 707 1553 723 ι
1570 696 1769 732 μεμαλάκισται
1778 705 1787 722 1
1803 696 1839 728 δὲ,
1855 697 1916 732 φησι,

1153 754 1162 770 ε
1176 744 1220 772 διὰ
1233 744 1281 776 τὰς
1296 745 1433 782 ἁμαρτίας
1445 744 1534 780 ἡμῶν,
1547 753 1556 770 1
1575 743 1681 770 Μᾶλλον
1695 742 1751 778 γὰρ
1766 743 1865 769 Παύλου
1874 743 1917 774 τοῖς

1150 791 1275 818 ἀσθενέσι
1298 790 1498 826 συνασθενήσας
1518 789 1646 825 Χριστὸς,
1669 787 1744 816 εἶπεν
1759 789 1792 816 ἂν
1806 789 1843 816 τό·
1861 799 1869 815 ‹
1881 789 1918 820 Τίς

1151 837 1268 870 ἀσθενεῖ,
1284 837 1332 864 καὶ
1341 837 1391 864 οὐκ
1404 836 1509 864 ἀσθενῶ
1521 845 1528 870 ;
1548 846 1557 862 1
1572 836 1663 863 Ταῦτα
1676 835 1704 863 δὲ
1717 836 1805 862 πάντα
1813 835 1919 870 ὁμολογεῖ

1150 885 1165 910 ὁ
1181 884 1326 920 προφήτης
1349 883 1382 910 δι’
1398 883 1477 909 αὐτόν
1493 892 1523 909 τε
1537 884 1583 910 καὶ
1598 883 1644 910 τὸν
1667 882 1756 909 πάντα
1771 881 1833 908 λαὸν
1845 882 1920 908 πείσε-

305 942 354 961 nes
367 942 417 962 nos
428 935 505 969 quasi
516 943 582 962 oves
596 935 750 962 erravimus
763 944 769 961 :
787 934 976 970 unusquisque.
986 935 1013 962 in
1027 935 1097 962 viam

1152 929 1213 956 σθαι
1236 929 1282 956 τὸν
1303 929 1369 965 περὶ
1384 927 1414 957 οἶ)
1432 930 1446 955 ὁ
1459 929 1546 963 λόγος·
1566 939 1574 955 ι
1602 928 1820 966 Ἐτραυματίσθη
1837 937 1846 954 1
1867 929 1919 964 γὰρ,

306 988 384 1007 suam
403 981 552 1008 declinavit
571 990 577 1008 :
594 985 621 1008 et
645 982 737 1016 posuit
751 980 885 1010 Dominus
903 982 930 1009 in
945 990 978 1010 eo
997 982 1100 1018 iniqui-

307 1030 391 1053 tatem
408 1027 531 1054 omnium
553 1031 690 1059 nostrum.
709 1037 718 1053 1
738 1032 765 1054 et
782 1035 842 1063 quae
857 1033 1022 1064 sequuntur,
1039 1037 1100 1064 qua:

305 1073 400 1106 procul
417 1072 502 1100 dubio
516 1082 564 1108 per
579 1082 664 1101 unum
682 1073 852 1102 Salvatorem
865 1079 990 1104 nostrum
1005 1074 1099 1103 Jesum

305 1118 410 1144 exitum
424 1118 555 1146 habuisse
570 1119 804 1147 demonstrantur.
819 1119 923 1148 Exinde
935 1127 1100 1156 magnopere

305 1164 430 1191 miranda
450 1169 492 1192 est
508 1165 617 1192 illorum
635 1165 784 1198 induratio,
812 1166 859 1201 qui
884 1166 955 1202 apud
980 1166 1099 1201 priorem

305 1210 433 1245 populum
447 1218 508 1238 eum
525 1219 675 1247 agnoscere
688 1211 847 1244 noluerunt,
860 1216 1009 1240 causantes
1024 1220 1098 1244 eum,

304 1264 385 1290 quem
396 1257 552 1292 opprobriis
568 1262 594 1285 et
603 1257 744 1294 derisigne
760 1258 970 1288 lacessiveraut.
987 1257 1099 1294 indigna

305 1309 416 1336 passum
439 1310 501 1330 esse
516 1302 564 1330 Dei
581 1304 607 1330 in
625 1304 714 1338 ipsum
740 1304 937 1332 sollicitudine.
956 1304 1101 1332 Manifeste

305 1351 437 1382 praeterea
455 1348 627 1376 exclamante
652 1349 783 1384 propheta
800 1349 834 1377 de
851 1357 895 1381 eo,
913 1351 986 1385 quod
1003 1360 1013 1376 ι
1028 1351 1100 1378 sicut

304 1392 364 1419 ovis
381 1393 414 1419 ad
437 1393 606 1420 occisionem
629 1394 729 1421 ductus
745 1399 797 1426 est,
812 1399 839 1422 et
854 1395 933 1430 quasi
949 1403 1037 1431 agnus
1052 1404 1098 1423 co-

305 1445 363 1464 ram
382 1438 509 1465 tondente
524 1447 554 1466 se
570 1440 708 1466 obmutuit
724 1448 775 1468 nee
797 1441 904 1475 aperuit
920 1449 950 1468 os
969 1449 1066 1474 suum;
1085 1451 1094 1467 ι

304 1487 332 1510 et
351 1493 360 1508 ‹
378 1484 441 1519 quia
465 1485 606 1512 abscissus
627 1490 669 1514 est
685 1487 719 1514 de
732 1491 804 1514 terra
822 1487 982 1515 viventium.
1000 1497 1010 1514 1
1030 1487 1099 1522 Quis

308 1534 398 1557 autem
423 1537 477 1557 non
509 1531 660 1559 admiretur
688 1540 748 1567 qua:
779 1537 841 1568 post
867 1533 925 1561 hinc
948 1533 1096 1567 adduntur,

304 1576 466 1610 prophetam
481 1576 616 1605 dicentem
633 1578 768 1606 audiens:
785 1588 794 1604 ‹
815 1579 930 1614 Propter
945 1580 1036 1608 scelus
1048 1588 1096 1616 po-
1111 1597 1134 1626 ο

305 1622 362 1656 puti
376 1623 429 1649 mei
443 1623 543 1651 ductus
554 1628 597 1651 est
617 1624 650 1651 ad
667 1626 802 1652 mortem?
819 1635 828 1651 1
842 1626 895 1652 Aut
912 1626 1000 1654 cuivis
1015 1627 1097 1655 verba

305 1674 359 1693 non
377 1668 536 1700 deﬁcerent,
559 1670 679 1704 propriis
704 1671 819 1699 auribus
849 1673 968 1700 audienti
992 1672 1097 1701 Christi

304 1722 410 1746 vocem,
428 1723 478 1742 nec
497 1716 670 1752 intelligenti,
692 1718 735 1745 vel
760 1717 909 1753 ipsissimis
926 1719 1015 1747 oculis
1037 1720 1098 1755 ejus

304 1762 477 1795 prmsentiam
488 1762 656 1797 inspicienti,
676 1772 726 1792 nec
734 1765 857 1792 videnti?
865 1764 1016 1798 Quemnam
1024 1767 1098 1794 enim

305 1807 388 1833 a!ium
406 1807 537 1835 baberent
550 1809 697 1837 ostendere
718 1810 856 1845 justorum
875 1817 984 1847 propter
1001 1820 1098 1840 eorum

305 1853 408 1880 scelera
428 1853 461 1881 ad
487 1857 603 1882 mortem
623 1855 817 1883 ductum?aut
832 1858 893 1892 quis
916 1847 979 1885 talis
1003 1858 1096 1892 fuerit,

305 1899 351 1932 qui
376 1899 534 1934 iniquitates
552 1901 642 1928 omnis
659 1901 763 1936 populi,
781 1902 961 1938 ipsorumque
978 1905 1097 1940 prophe-

305 1948 395 1970 tarum
413 1945 531 1975 tulisset.
553 1950 580 1972 et
605 1954 653 1981 pro
669 1947 709 1974 cis
732 1955 831 1982 passus
857 1953 940 1981 esset,
958 1949 994 1976 ita
1010 1954 1040 1977 ut
1064 1950 1097 1977 li—

304 1998 369 2018 vere
392 1991 452 2024 ejus
470 1999 566 2019 omnes
589 1992 651 2019 illos
675 1999 787 2021 sanatos
813 1994 898 2022 fuisse
920 1996 1096 2024 conﬁteretur

304 2036 437 2072 propheta
452 2037 546 2065 dicens
562 2047 568 2065 :
586 2047 595 2063 (
612 2037 661 2066 Hic
683 2039 844 2074 iniquitates
860 2046 968 2069 nostras
982 2042 1054 2074 tulit,
1069 2048 1096 2070 et

304 2089 355 2116 pro
365 2082 444 2109 nobis
457 2089 555 2117 passus
565 2086 619 2114 est,
635 2087 663 2110 et
679 2083 764 2111 livore
777 2083 838 2118 ejus
853 2085 942 2112 sanati
956 2086 1071 2113 sumus?
1083 2095 1092 2111 1

304 2128 373 2160 Quis
395 2129 521 2156 humanae
536 2129 673 2164 particeps
699 2135 804 2158 natura:
819 2131 882 2159 talis
898 2132 984 2164 ﬁeret,
1000 2136 1030 2158 ut
1049 2139 1095 2160 ne-

304 2181 358 2208 que
377 2173 468 2201 verbis
490 2182 578 2209 neque
603 2176 733 2210 operibus
757 2176 907 2211 quidquam
930 2177 1093 2211 peccaverit,

305 2224 335 2246 ut
356 2220 390 2247 de
411 2220 470 2255 ipso
494 2221 586 2247 divina
610 2227 725 2249 testatur
749 2221 891 2258 Scriptura
915 2223 958 2250 his
978 2224 1092 2251 verbis:

1151 976 1229 1010 φησὶ,
1244 985 1253 1001 ι
1268 975 1312 1002 διὰ
1325 975 1375 1007 τὰς
1391 976 1505 1011 ἀνομίας
1519 977 1535 1011 ἡ
1541 975 1609 1011 μῶν,
1624 976 1672 1002 καὶ
1685 975 1920 1011 μεμαλὰκισταιὸιὰ

1149 1022 1198 1053 τὰς
1215 1021 1354 1058 ἁμαρτίας
1369 1022 1457 1057 ἡμῶν·
1474 1031 1483 1048 1
1506 1022 1714 1056 συγκαταλέγων
1725 1030 1757 1047 τε
1772 1021 1861 1048 ἑαυτὸν
1873 1022 1921 1047 ἑπι-

1150 1068 1227 1103 φέρει
1244 1067 1340 1101 λέγων·
1359 1077 1369 1092 ι
1390 1067 1436 1102 Τῷ
1452 1067 1565 1103 μώλωπι
1581 1067 1662 1094 αὺτοῦ
1681 1068 1762 1102 ἡμεῖς
1785 1066 1897 1102 ίάθημεν.
1911 1076 1918 1092 1

1150 1113 1247 1148 Σαφῶς
1264 1122 1292 1139 τε
1308 1112 1408 1149 ἐνορῶν
1425 1114 1472 1148 τὴν
1489 1113 1637 1149 γενομένην
1657 1114 1699 1140 ἐπ’
1716 1113 1792 1148 αὐτῷ
1808 1114 1881 1140 παντὶ
1891 1112 1921 1147 τῷ

1151 1159 1183 1185 ἐκ
1198 1159 1348 1194 περιτομῆς
1363 1159 1421 1194 λαῷ
1435 1159 1549 1194 πλάνην,
1568 1160 1614 1186 καὶ
1630 1160 1671 1186 ὅτι
1691 1159 1728 1195 μὴ
1745 1159 1816 1186 ἐστιν
1831 1160 1921 1194 ἀνθρω-

1150 1215 1200 1238 πος
1212 1207 1240 1238 ὃς
1262 1207 1311 1242 οὐχ
1326 1207 1526 1242 ἁμαρτήσεται,
1547 1207 1598 1234 κᾶν
1616 1208 1630 1234 ὁ
1650 1207 1760 1234 πάντων
1773 1207 1921 1239 δικαιότατος

1149 1249 1219 1278 εἶναι
1234 1251 1311 1287 δοκῇ,
1331 1252 1462 1286 ἐπιλέγει·
1478 1262 1486 1278 ι
1500 1252 1603 1284 Πάντες
1616 1252 1653 1285 ὡς
1666 1253 1790 1287 πρόϐατα
1807 1253 1836 1287 (f.
1853 1252 1882 1280 57
1892 1253 1922 1287 γ’)

1151 1298 1355 1334 ὲπλανήθημεν-
1375 1299 1517 1335 ἄνθρωπος
1531 1300 1582 1335 τὴν
1602 1299 1660 1326 ὁδὸν
1682 1300 1767 1326 αὑτοῦ
1791 1299 1921 1334 ἐπλανήθη¹

1151 1345 1198 1371 καί¹
1208 1345 1310 1381 Κύριος
1319 1345 1476 1381 παρέδωκεν
1486 1345 1567 1372 αὑτὸν
1582 1347 1639 1378 ταῖς
1657 1346 1808 1381 ἁμαρτίαις
1825 1345 1901 1380 ἡμῶν·
1912 1354 1919 1371 1

1150 1392 1197 1418 καὶ
1211 1391 1246 1418 τὰ
1261 1392 1366 1424 τούτοις
1381 1392 1525 1424 ἀκόλουθα,
1538 1392 1556 1419 ὃ.
1569 1393 1616 1419 καὶ
1627 1392 1820 1427 ἀναμφιλόγως
1834 1393 1875 1418 ἐπὶ
1885 1392 1921 1427 μό-

1149 1448 1195 1466 νου
1204 1439 1251 1466 τοῦ
1269 1440 1395 1475 Σωτῆρος
1408 1440 1486 1475 ἡμῶν
1505 1440 1591 1476 Ἰησοῦ
1602 1441 1686 1476 πέρας
1700 1440 1830 1476 εἰληφότα
1839 1439 1922 1466 δείκνυ·

1148 1493 1203 1512 ται·
1218 1485 1278 1512 ὅθεν
1293 1486 1340 1512 καὶ
1353 1486 1503 1522 θαυμάζειν
1514 1486 1587 1519 ἄξιον
1601 1486 1649 1522 τῆς
1661 1486 1817 1522 πωρώσεως
1827 1486 1882 1517 τοὺς
1892 1485 1921 1520 μὴ

1149 1532 1346 1567 προσιεμένους
1360 1533 1440 1559 αὑτὸν
1454 1532 1501 1559 τοῦ
1516 1533 1648 1569 προτέρου
1667 1533 1733 1559 λαοῦ
1753 1533 1879 1569 προφάσει
1895 1531 1921 1558 δι’

1149 1575 1186 1605 ὧν
1200 1578 1370 1610 ἐπεδείξαντο
1382 1580 1442 1605 κατ’
1459 1579 1552 1610 αὑτοῦ,
1570 1580 1612 1614 ἐφ’
1626 1577 1666 1611 οἷς
1677 1580 1808 1615 ὲπιγελᾷν
1823 1581 1866 1606 καὶ
1874 1580 1921 1606 δια-

1151 1624 1243 1660 σύρειν
1264 1625 1356 1655 αὑτοῖς
1371 1624 1442 1657 ἔθος,
1463 1625 1500 1657 ὡς
1520 1625 1556 1661 μὴ
1573 1626 1635 1659 ἄξια
1657 1626 1812 1653 πεπονθότα
1829 1626 1874 1661 τῆς
1884 1625 1921 1653 τοῦ

1148 1670 1216 1697 Θεοῦ
1233 1671 1298 1707 περὶ
1311 1671 1393 1698 αὐτοῦ
1410 1672 1548 1708 φροντίδος
1562 1681 1567 1687 ·
1589 1673 1680 1707 σαφῶς
1701 1674 1773 1709 πρὸς
1793 1675 1847 1705 τοῖς
1859 1674 1921 1708 είρη-

1150 1718 1240 1753 μένοις
1256 1717 1424 1750 ἀναϐοῶντος
1442 1718 1489 1745 τοῦ
1505 1720 1645 1755 προφήτου
1660 1720 1726 1754 περὶ
1746 1719 1838 1751 αὐτοῦ,
1851 1720 1887 1746 ὃτι
1899 1728 1921 1745 τι

1151 1773 1161 1790 t
1178 1764 1216 1795 ὼς
1242 1763 1376 1799 πρόϐατον
1387 1765 1433 1791 ἐπὶ
1448 1766 1554 1800 σφαγὴν
1568 1766 1648 1801 ἤχθη,
1665 1766 1711 1793 καὶ
1722 1767 1763 1798 ὡς
1772 1766 1854 1801 ἀμνὸς
1863 1767 1921 1791 ἐναν-

1147 1808 1204 1835 τίον
1222 1808 1270 1835 τοῦ
1286 1809 1423 1845 κείροντος
1442 1811 1522 1837 αὐτὸν
1537 1811 1653 1846 ἄφωνος,
1670 1811 1760 1844 οὕτως
1774 1812 1823 1838 οὐκ
1835 1811 1921 1844 ἀνοίγει

1147 1855 1177 1881 τὺ
1195 1855 1282 1890 στόμα
1299 1856 1391 1883 αὐτοῦ’
1411 1866 1420 1882 1
1439 1857 1486 1884 καὶ
1498 1857 1538 1884 ὅτι
1557 1867 1566 1882 ‹
1591 1858 1697 1893 αἴρεται
1711 1858 1769 1884 ἀπὸ
1787 1858 1836 1893 τῆς
1852 1857 1920 1892 γῆςὴ

1148 1901 1204 1936 ζωὴ
1219 1901 1313 1929 αὐτοῦ.
1331 1911 1341 1928 1
1361 1903 1409 1934 Τίς
1424 1902 1446 1929 δ’
1460 1903 1509 1930 οὐκ
1524 1902 1556 1930 ἂν
1572 1903 1779 1939 ἀποθαυμάσειε
1799 1904 1862 1930 πᾶσι
1876 1903 1920 1933 τοῖς

1147 1946 1421 1982 προκατειλεγμένοις
1443 1948 1649 1984 ἐπιφερόμενον,
1673 1949 1783 1976 ἀκούων
1804 1948 1866 1984 πρὸς
1883 1946 1920 1973 τοῦ

1147 1993 1286 2028 προφήτου
1303 1993 1427 2028 λέγοντος
1441 1994 1482 2020 τό·
1499 2004 1507 2019 (
1520 1995 1586 2021 Ἀπὸ
1601 1994 1656 2020 τῶν
1671 1995 1794 2030 ἀνομιῶν
1809 1994 1853 2020 τοῦ
1867 1991 1919 2020 λαοῦ

1149 2046 1198 2073 μου
1216 2038 1286 2075 ἢχθη
1303 2040 1342 2071 εἰς
1357 2039 1485 2072 θάνατοκ
1502 2050 1511 2066 1
1529 2040 1545 2076 ἢ
1561 2040 1587 2066 τί
1601 2041 1623 2067 δ’
1635 2040 1666 2068 ἂν
1677 2042 1749 2076 πρὸς
1760 2041 1845 2067 ταῦτα
1857 2040 1919 2074 εὐρε-

1149 2085 1317 2120 σι).ογήσειεν
1339 2086 1364 2112 oi.
1388 2085 1418 2112 τὸ
1438 2085 1521 2118 ὅντως
1538 2086 1599 2121 (sic)
1621 2087 1689 2122 ἀκοῇ
1707 2087 1871 2119 ἀκούσαντες
1881 2086 1919 2120 τῆς

1146 2130 1193 2157 τοῦ
1208 2129 1327 2165 Χριστοῦ
1339 2130 1440 2166 φωνῆς,
1448 2131 1494 2157 καὶ
1505 2131 1542 2166 μὴ
1551 2131 1787 2164 συνέντες,αὐτοῑς
1795 2140 1824 2158 τε
1840 2130 1919 2165 ὀφθαλ-

1148 2178 1209 2212 μοῖς
1231 2176 1417 2212 ὲμθλέψαντες
1438 2178 1478 2209 είς
1501 2178 1551 2213 τὴν
1586 2179 1742 2214 παρουσίαν
1769 2178 1859 2211 αὑτοῦ,
1882 2177 1919 2204 καί

1147 2221 1184 2257 μὴ
1205 2221 1325 2254 ίδὸντες;
1344 2222 1411 2249 Τίνα
1424 2223 1479 2258 γὰρ
1497 2223 1576 2250 ἄλλον
1598 2223 1684 2259 ἔχοιεν
1706 2225 1742 2251 ἂν
1758 2225 1813 2251 τῶν
1825 2223 1919 2251 δικαίων

307 2276 316 2291 ι
331 2265 505 2301 lniquitatem
534 2275 587 2294 non
607 2267 679 2299 fecit,
695 2276 782 2303 neque
806 2269 933 2296 inventus
956 2273 998 2296 est
1013 2269 1092 2297 dolus

1147 2269 1320 2304 παραστῆσαι
1343 2269 1396 2295 ἀπὸ
1419 2269 1473 2296 τῶν
1496 2270 1638 2305 ἁμαρτιῶν
1657 2271 1749 2298 αὐτῶν
1764 2271 1874 2306 ἀχθέντα
1888 2270 1918 2300 εἰς

304 2312 332 2338 in
352 2320 400 2339 ore
414 2312 492 2346 ejus?
507 2322 515 2337 1
538 2311 624 2345 Quam
641 2313 676 2340 ob
691 2322 814 2346 causam,
838 2319 982 2350 postquam
996 2315 1094 2350 praedi-

303 2361 380 2385 catus
396 2362 439 2385 est
452 2358 596 2385 ducendus
611 2358 681 2386 sicut
695 2359 754 2386 ovis
766 2359 799 2386 ad
811 2360 990 2393 occisionem,
1003 2361 1093 2396 ipsum

303 2403 468 2438 pucuuntiat
487 2403 629 2439 Scriptura
643 2407 756 2439 propter
770 2404 931 2440 iniquitates
947 2407 1040 2442 populi
1058 2406 1092 2433 ad

302 2455 420 2478 mortem
437 2450 622 2478 damnandum
637 2451 718 2479 esse?
738 2450 834 2478 Dieant
848 2460 914 2479 vero
937 2459 971 2480 an
995 2460 1093 2488 exspe-

303 2501 394 2524 ctatus
413 2497 447 2524 ab
463 2497 497 2524 iis
512 2497 639 2526 Christus
659 2502 792 2526 venturus
816 2498 873 2526 haec
889 2500 981 2526 omnia
995 2506 1093 2534 passu-

303 2550 351 2569 rus
364 2543 410 2574 sit,
439 2551 499 2578 quae
520 2545 668 2579 proplteli=e
684 2543 718 2572 de
742 2552 774 2572 eo
796 2546 1024 2580 prtenuutiavere,
1048 2546 1091 2574 vel

303 2589 405 2623 aliquid
428 2589 518 2617 simile
535 2591 607 2625 apud
625 2591 714 2625 ipsum
735 2590 858 2618 futurum
878 2591 924 2619 sit.
945 2591 1047 2619 Verum
1067 2591 1090 2619 si

302 2638 414 2670 propter
436 2642 467 2662 ea
483 2643 543 2670 qua:
559 2635 693 2663 Salvatori
715 2642 810 2664 nostro
826 2637 986 2664 acciderunt
1008 2645 1023 2664 a
1039 2637 1091 2666 ﬁde

302 2681 330 2708 in
353 2689 416 2708 eum
446 2681 630 2715 deterrentur,
659 2691 713 2710 non
739 2683 832 2711 dicere
854 2684 954 2712 habent
979 2684 1013 2712 de
1036 2693 1090 2720 quo

303 2727 360 2755 hate
376 2734 546 2764 exspectent.
566 2729 695 2765 Superest
722 2731 896 2766 igiturjuxta
917 2739 965 2759 eos
990 2735 1019 2758 ut
1035 2739 1090 2759 non

303 2775 377 2801 exitu
401 2776 577 2810 comprobata
595 2781 621 2804 et
644 2777 789 2805 manifeste
810 2777 918 2805 fallacia
935 2778 1016 2805 verba
1042 2778 1089 2805 Dei

304 2817 541 2854 demonstrentur;
554 2829 610 2848 non
625 2829 690 2850 vero
701 2821 780 2858 juxta
800 2831 862 2856 nos,
878 2823 978 2858 quibus
992 2823 1059 2850 nihil
1074 2832 1088 2851 a

340 2908 380 2935 ‘ll
398 2908 460 2936 Cor.
481 2917 517 2941 v1,
535 2910 578 2937 29.

1145 2313 1276 2346 θάνατονς
1294 2314 1328 2340 Ἢ
1346 2314 1388 2346 τίς
1409 2315 1529 2346 τοιοῦτος
1547 2317 1704 2352 γεγένηται,
1726 2318 1766 2349 ὡς
1780 2318 1827 2349 τὰς
1841 2317 1917 2351 ἀμαρ-

1143 2360 1204 2391 τίας
1219 2360 1320 2392 παντὸς
1341 2361 1388 2387 τοῦ
1407 2360 1472 2388 λαοῦ
1487 2362 1534 2388 καὶ
1546 2363 1634 2390 αὐτῶν
1648 2363 1701 2389 τῶν
1719 2363 1864 2400 προφητῶν
1878 2362 1918 2397 φέ-

1145 2415 1212 2443 ρειν,
1232 2408 1279 2434 καὶ
1300 2407 1441 2434 ὀδυνᾶσθαι
1463 2408 1528 2443 περὶ
1548 2409 1647 2441 αὐτῶν,
1669 2409 1740 2436 ὥστε
1765 2410 1804 2445 τῷ
1819 2409 1917 2444 μώλωπι

1143 2453 1226 2481 αὑτοῦ
1243 2453 1332 2480 ἰᾶσθαι
1355 2454 1460 2486 πάντας
1481 2455 1579 2488 αὐτοὺς
1596 2455 1750 2490 ὁμολογεῖν,
1765 2456 1915 2491 φάσκοντας

1145 2509 1154 2524 ‹
1173 2496 1258 2532 Οὗτος
1272 2499 1321 2532 τὰς
1340 2501 1476 2536 ἁμαρτίας
1497 2501 1574 2536 ἡμῶν
1592 2502 1680 2537 φέρει,
1702 2503 1753 2529 καὶ
1774 2503 1837 2538 περὶ
1852 2500 1916 2536 ἡμῶν

1141 2545 1277 2577 ὀδυνᾶται,
1303 2547 1349 2573 καὶ
1371 2546 1422 2582 τῷ*
1438 2546 1551 2582 μώλωπι
1567 2547 1649 2575 αὑτοῦ
1664 2549 1748 2584 ἡμεῖς
1771 2548 1893 2584 ίάθημεν;
1906 2555 1913 2572 1

1141 2592 1190 2624 Τίς
1200 2592 1223 2618 δ’
1235 2592 1408 2630 ἀνθρωπίνης
1422 2592 1511 2628 λαχὼν
1524 2593 1631 2628 φύσεως
1641 2594 1741 2628 γένοιτ’
1754 2594 1788 2621 ἂν
1800 2593 1914 2623 τοιοῦτος,

1141 2639 1211 2665 ὥστε
1230 2640 1296 2676 μήτε
1311 2640 1381 2675 λόγῳ
1392 2641 1459 2676 μήτε
1474 2640 1546 2676 ἔργῳ
1561 2641 1737 2677 ἡμαρτῆσθαι
1752 2651 1779 2669 τι
1797 2640 1914 2676 αὺτῷ,ὦς

1141 2685 1284 2721 ἀληθεύειν
1304 2679 1434 2720 λέγουσαν
1457 2687 1521 2722 περὶ
1540 2686 1621 2713 αὐτοῦ
1641 2687 1688 2723 τὴν
1708 2687 1787 2715 θείαν
1808 2686 1913 2722 Γραεξὴνν

1142 2732 1183 2758 ὅτι
1199 2741 1208 2757 ‹
1224 2732 1338 2767 ἀνομίαν
1361 2732 1411 2759 οὐκ
1422 2733 1558 2768 ἐποίησεν,
1569 2733 1629 2760 οὐδὲ
1638 2733 1710 2765 δόλος
1723 2735 1754 2760 ὲν
1768 2733 1807 2769 τῷ
1816 2734 1913 2768 στόματι

1141 2778 1241 2810 aurai};
1261 2789 1270 2805 1
1291 2779 1351 2806 Ἐπὶ
1371 2780 1435 2815 ποίᾳ
1450 2780 1476 2806 δὲ
1494 2781 1567 2816 αἰτία
1585 2781 1629 2806 τὸν
1643 2781 1688 2807 ἐπὶ
1701 2781 1810 2813 τούτοις
1822 2787 1913 2816 μαρτυο

1143 2824 1271 2861 ρούμενον
1285 2825 1323 2857 ὡς
1343 2825 1478 2862 πρόϐατον
1495 2827 1539 2853 ἐπὶ
1555 2826 1661 2861 σφαγὴν
1685 2825 1863 2863 ἀχθήσεσθαι,
1875 2822 1914 2850 καὶ
