2035 3214
168 140 256 168 1249

700 142 844 171 ΕΕιΟϐΑῐ
861 143 1105 173 PROPIIETICE.
1119 159 1155 165 -
1166 146 1231 174 LIB.
1249 147 1293 176 IV.

1745 155 1815 183 I250

171 197 237 224 ἀπὺ
250 196 303 224 τῶν
315 197 436 232 ἀνομιῶν
453 197 499 224 τοῦ
513 197 575 224 λαοῦ
595 199 643 233 τὴν
658 200 704 226 ἐπὶ
719 199 827 236 θανάτῳ
841 210 957 237 κατακρι

1023 203 1171 238 majoribus
1193 205 1385 232 annuntiatutn
1406 210 1457 240 est,
1475 208 1542 235 nihil
1558 209 1593 236 de
1607 210 1666 245 ipso
1682 212 1814 240 traditum

175 243 312 279 οήσεσθαι
326 244 340 270 ό
353 243 430 278 λόγος
444 244 623 280 προαγορεύει
635 253 642 277 ;
656 245 817 280 Λεγέτωσαν
836 248 863 273 δὲ
884 249 932 275 καὶ
945 249 970 275 εὶ

174 289 514 325 προσδοκώμενοςμύτοῖς
533 291 608 326 ἥξειν
625 291 743 326 Χριστὸς
760 293 845 319 ταῦτα
862 294 970 326 πάντως

175 335 315 367 πείσεται,
331 336 401 371 ειπερ
419 336 447 362 αἱ
464 338 624 372 προφητεῖαι
646 338 709 374 περὶ
730 338 811 365 αὑτοῦ
830 339 971 371 θεσπίζου-

174 389 234 414 σιν,
249 382 266 417 ἢ
281 381 357 408 οὐδέν
371 391 396 408 τι
412 381 532 409 τοιοῦτον
551 384 615 419 περὶ
633 384 736 410 ἐκεῖνον
750 384 835 412 ἔσται.
858 385 926 412 Ἀλλ’
945 387 970 412 εἰ

172 427 224 454 διὰ
244 427 279 454 τὰ
294 427 484 464 συμϐεϐηκότα
495 428 534 464 τῷ
554 430 660 466 Σωτῆρι
677 431 754 465 ἡμῶν
767 432 969 466 προσκόπτουσι

170 473 212 509 τῇ
228 473 267 504 εις
283 473 363 500 αὑτὸν
379 473 479 506 πίστει,
498 475 547 501 οὐκ
563 474 596 501 ἂν
617 476 738 510 φείσαιεν
755 476 890 512 (φήσαιεν)
906 478 969 514 περὶ

170 515 208 545 οὗ
226 519 395 555 προσδοκῶσι
415 520 451 546 τὰ
476 521 597 549 τοιαῦτα,
616 521 685 557 Ὥρα
707 520 754 549 οὖν
777 522 881 554 ἀτελεῖς
907 524 968 550 κατ’

170 565 277 596 αὐτοὺς
296 565 343 592 καὶ
361 565 461 602 δηλαδὴ
477 566 584 600 ψευδεῖς
607 567 805 602 ἀποφαίνεσθαι
823 569 872 600 τὰς
894 568 969 601 θείας

170 610 279 645 φωνάς·
289 610 345 637 ἀλλ’
355 611 385 637 οὺ
394 611 455 637 καθ’
463 612 536 647 ἡμᾶς
543 620 574 646 γε
585 613 646 644 τοὺς
654 610 694 644 οἷς
701 613 752 639 οὐκ
763 613 900 648 ἀνηγγέλη
919 613 968 649 μὲν

168 657 209 683 ἐκ
224 657 360 693 πατέρων·
372 657 432 684 οὐδὲ
446 657 578 694 παρεδόθη
591 658 625 685 τὰ
635 658 699 694 περὶ
710 659 803 690 αὑτοῦ,
815 659 968 695 θεωρήσαν-

169 711 227 735 τας
242 702 263 730 δ’
276 703 350 738 ὅμως
373 703 453 730 αὑτὸν
472 704 520 731 καὶ
539 703 775 740 παραδεξαμένους
798 705 868 732 κατὰ
888 705 918 732 τὸ
938 706 967 732 ὲν

167 749 265 781 ἄλλοις
273 749 426 784 εἰρημένον·
434 759 442 775 ι
449 749 519 781 Aab;
525 749 553 776 δν
562 750 611 777 οὐκ
622 750 707 784 ἔγνων
714 750 855 777 ἐδούλευσέ
865 759 920 786 μοι,
928 752 967 783 είς

167 794 259 830 ἀκοὴν
270 794 351 822 ὠτίου
370 795 508 831 ὑπήκουσέ
522 805 571 831 μου
582 804 605 822 ‘l
617 796 663 822 καὶ
677 796 710 822 δι’
721 796 784 831 ὅλης
796 796 824 823 δὲ
837 797 886 832 τῆς
899 805 966 832 προ-

167 841 290 876 φητείας
303 840 469 876 πλατύτερον
482 842 528 868 καὶ
539 842 753 878 τηλαυγέστερον
762 842 796 869 τὰ
809 844 869 869 κατ’
885 842 965 869 αὐτὸν

1022 253 1074 281 est,
1100 250 1146 284 qui
1163 255 1253 278 tamen
1275 259 1338 278 eum
1356 254 1532 288 contemplati
1554 263 1649 284 sumus
1672 263 1754 292 atque
1769 267 1814 286 re-

1022 296 1156 330 cepimus,
1169 298 1247 332 juxta
1270 298 1336 325 illud
1351 299 1423 334 quod
1445 301 1514 328 alias
1531 301 1633 329 dictum
1653 309 1695 331 est
1713 313 1720 332 :
1736 314 1745 330 ι
1762 305 1814 332 Po-

1020 343 1100 377 pulus
1116 351 1196 378 quem
1224 352 1278 372 non
1301 345 1416 379 cognovi
1442 347 1538 374 serviit
1558 348 1635 380 mihi,
1660 349 1687 376 in
1718 351 1813 379 auditu

1021 388 1097 416 auris
1111 389 1231 417 obedivit
1251 390 1328 419 mihi.
1346 401 1355 417 ι
1376 391 1464 427 Atque
1479 393 1505 419 in
1522 393 1596 420 omni
1611 395 1756 430 prophetia‘
1770 405 1814 424 ex-

1020 434 1142 468 pressius
1164 437 1190 461 et
1217 435 1299 462 latius
1321 436 1513 471 exprimuntur
1541 445 1601 472 quae
1627 444 1753 474 spectant
1778 442 1813 470 ad

1019 487 1093 512 eum,
1120 480 1328 516 ostenditurque
1349 490 1431 516 quam
1456 482 1483 509 itt
1512 484 1662 517 perniciem
1689 484 1813 514 incident

1019 525 1066 560 qui
1085 526 1109 553 ei
1127 527 1248 555 insidiati
1264 531 1339 560 sunt,
1356 528 1399 555 his
1413 529 1504 556 verbis
1519 539 1524 555 :
1543 539 1552 555 ι
1566 529 1599 556 Et
1618 530 1688 557 dabo
1712 532 1812 568 impios

1020 579 1070 606 pro
1095 572 1237 606 sepultura
1259 572 1330 607 ejus,
1349 576 1376 599 et
1387 573 1485 601 divites
1504 581 1554 608 pro
1579 579 1667 602 morte
1690 583 1739 602 sua
1754 587 1760 605 :
1778 586 1811 605 eo

1018 614 1090 649 quod
1114 615 1284 649 iniquitatem
1309 623 1364 642 non
1390 615 1497 648 fecerit,
1519 624 1608 651 neque
1631 617 1711 645 dolus
1725 617 1809 646 fuerit

1018 659 1109 686 inore
1129 659 1199 693 ejus.
1215 669 1225 684 )
1246 659 1321 687 Talis
1335 660 1408 687 enim
1429 668 1491 687 cum
1510 660 1602 693 fuerit,
1622 663 1669 694 ait,
1690 665 1811 692 sustulc<

1017 707 1082 731 runt
1103 711 1177 736 eum,
1198 704 1254 731 lucc
1271 705 1392 732 vicissim
1417 706 1535 739 passuri.
1551 705 1616 734 Post
1637 707 1694 734 haec
1711 705 1810 736 iterum

1016 750 1136 785 gentium
1154 750 1276 778 Ecclesia
1296 751 1381 778 electa
1399 755 1481 786 atque
1498 756 1609 787 accepta
1628 754 1728 788 prioris
1750 755 1810 782 loco

1017 796 1109 830 populi
1137 797 1317 825 annuntiatnr
1343 797 1386 824 his
1416 797 1508 825 verbis
1527 807 1534 825 :
1553 807 1562 823 ι
1578 798 1682 831 Lauda,
1708 801 1810 828 sterilis

1017 849 1078 876 quae
1101 849 1157 869 non
1185 843 1279 877 paris:
1296 842 1412 869 decanla
1437 843 1556 874 laudem,
1582 848 1608 871 et
1631 845 1718 877 hinni,
1747 854 1808 881 qum

166 886 333 922 ἐμφέρεται,
351 887 397 913 καὶ
412 887 447 913 τὰ
461 887 524 923 περ)¹
539 887 586 914 τοῦ
604 887 797 923 κατειληφότος
810 888 839 915 δὲ
853 888 957 924 όλέθροι

1014 894 1067 914 non
1081 887 1224 922 pariebas;
1249 887 1378 922 quoniam
1405 888 1482 914 multi
1500 888 1548 915 lilii
1570 889 1695 922 desertae,
1721 892 1807 926 magis

165 933 237 964 τοὺς
252 932 510 965 ἐπιϐεϐουλευκότας
521 934 594 969 αὐτῷ
609 934 734 970 δηλοῦται
748 934 792 961 διὰ
802 934 848 961 τοῦ
860 943 865 950 ·
879 944 888 960 ι
907 936 963 962 Καὶ

164 978 251 1005 δώσω
267 980 328 1011 τοὺς
343 980 477 1015 πονηροὺς
494 981 554 1007 ἀντὶ
568 981 618 1017 τῆς
628 981 717 1016 ταφῆς
729 981 823 1013 αὐτοῦ,
839 981 886 1008 καὶ
899 982 961 1014 τοὺς

164 1024 317 1056 πλουσίους
331 1025 391 1051 ἀντὶ
411 1025 457 1052 τοῦ
475 1024 589 1052 θανάτου
607 1026 688 1053 αὑτοῦ
699 1036 705 1041 ·
725 1027 766 1053 ὃτι
781 1026 895 1062 ἀνομίαν
912 1027 962 1053 οὐκ

163 1069 309 1104 ἐποίησεν,
324 1069 386 1096 οὐδὲ
399 1070 473 1102 δόλος
488 1071 517 1096 ἐν
531 1070 570 1106 τῷ
585 1071 788 1107 στόματιαύτοῦ
798 1080 805 1087 ·
824 1081 834 1098 ›
849 1072 895 1098 ἐπὶ
906 1070 960 1107 γὰρ

162 1112 292 1140 τοιοῦτον
305 1113 381 1145 ὄντα,
398 1114 490 1150 φησὶν,
508 1115 611 1142 ἀνεῖλον
623 1116 716 1143 τούτου
731 1116 808 1152 χάριν
825 1116 859 1143 τὰ
876 1117 961 1144 τοιαδὶ

161 1158 308 1185 existuma.
327 1159 358 1194 (f.
371 1159 416 1194 58)
427 1159 537 1192 Τούτοις
553 1160 616 1196 ἑξῆς
629 1159 706 1193 αὖθις
718 1162 735 1196 ἡ
754 1161 784 1194 ἐξ
795 1161 878 1188 ἐθνῶν
900 1162 961 1188 Ἐκ-

160 1203 270 1239 κλησία
279 1204 482 1239 εὐαγγελίζεται
494 1206 691 1242 συγκρινομένη
704 1207 751 1234 καὶ
758 1207 959 1243 προκρινομένη

1014 940 1096 968 quam
1118 932 1178 968 ejus
1195 941 1255 968 quae
1269 933 1350 961 habet
1366 934 1465 961 virum.
1484 944 1493 960 ι
1511 934 1616 967 Quibus
1639 944 1701 964 cum
1722 939 1805 966 multa

1013 986 1081 1014 opus
1098 979 1134 1006 sit
1150 977 1359 1014 investigatione
1373 983 1399 1006 et
1410 980 1603 1014 explanatione
1619 982 1670 1009 hoc
1688 982 1715 1009 in
1731 984 1803 1016 loco,

1013 1024 1057 1051 hic
1083 1024 1126 1051 cui
1159 1024 1234 1051 cordi
1259 1024 1311 1050 erit
1339 1027 1504 1058 praeceptum
1536 1025 1602 1052 illud
1627 1026 1803 1055 Salvatot‘is:

1014 1079 1024 1096 ι
1041 1069 1207 1097 Scrutamini
1232 1069 1399 1104 Seripturas,
1418 1069 1482 1104 quia
1497 1077 1546 1097 vos
1563 1071 1667 1105 putatis
1683 1071 1710 1098 in
1733 1071 1804 1107 ipsis

1011 1116 1096 1143 vitam
1117 1119 1246 1143 aeternam
1268 1115 1369 1142 habere
1384 1124 1390 1141 :
1404 1118 1431 1142 et
1448 1115 1500 1141 illae
1521 1120 1584 1142 sunt
1601 1124 1663 1151 quae
1680 1117 1805 1144 testimo«

1011 1161 1086 1188 nium
1097 1160 1242 1195 perhibent
1263 1159 1297 1187 de
1316 1167 1359 1186 me
1374 1160 1395 1192 ‘,
1413 1169 1422 1185 ›
1440 1159 1591 1188 studiosius
1609 1166 1637 1188 et
1652 1162 1804 1197 impensius

1011 1211 1149 1234 scrutatus
1164 1214 1196 1234 ea
1216 1206 1368 1242 diguoscet.

160 1251 213 1278 τοῦ
231 1251 364 1286 προτέρου
385 1252 450 1279 λαοῦ
464 1253 507 1280 διὰ
520 1254 577 1280 τοῦ·
596 1263 605 1280 ι
628 1254 811 1290 Εὐφράνθητι,
831 1255 924 1291 στείρα
938 1256 955 1290 ὴ
969 1254 999 1281 οὐ
1014 1254 1154 1281 τίκτουσα-
1176 1254 1256 1290 ῥῆξον
1277 1254 1322 1280 καὶ
1340 1254 1447 1289 βόησον,
1472 1255 1488 1290 ή
1519 1255 1570 1281 οὐκ
1597 1254 1745 1281 ὡδίνουσα-
1762 1255 1804 1282 ὅτι

162 1298 256 1325 πολλὰ
264 1299 298 1326 τὰ
307 1299 389 1326 τέκνα
403 1301 452 1339 τῆς
465 1301 577 1337 ἐρήμου,
594 1302 720 1338 μᾶλλονῆ
737 1303 787 1338 τῆς
801 1302 916 1338 ἐχούσης
927 1302 973 1330 τὸν
987 1303 1080 1338 ἄνδρα.
1100 1311 1109 1327 ι
1127 1301 1229 1337 Πολλῆς
1240 1301 1268 1328 δὲ
1285 1302 1417 1337 δεομένων
1446 1302 1612 1338 ἐρευνήσεως
1633 1302 1678 1329 καὶ
1709 1302 1803 1335 ἐξετά-

164 1354 244 1378 σεως
257 1345 311 1374 τῶν
329 1348 398 1375 κατὰ
411 1349 456 1375 τὸν
469 1349 562 1384 τόπον,
580 1347 602 1384 ᾧ
620 1350 694 1386 μέλει
707 1351 756 1386 τῆς
769 1350 816 1377 τοῦ
830 1351 957 1387 Σωτῆρος
976 1349 1086 1385 ἐντολῆς
1107 1349 1255 1384 λεγούσης·
1274 1358 1283 1375 ι
1316 1350 1461 1385 Ἐρευνᾶτε
1481 1350 1531 1382 τὰς
1560 1350 1682 1386 Γραφὰς,
1703 1351 1731 1376 ἐν
1757 1347 1802 1382 αἷς

161 1395 270 1424 δοκεῖτε
287 1396 358 1432 ζωὴν
372 1395 480 1424 αἰώνιον
501 1396 590 1432 ἔχειν·
604 1399 651 1425 καὶ
664 1394 744 1425 αὗταί
762 1398 831 1426 εἰσιν
861 1399 889 1425 αἱ
920 1397 1104 1434 μαρτυροῦσαι
1131 1397 1195 1432 περὶ
1215 1396 1294 1432 ἐμοῦ,
1315 1407 1325 1423 ι
1347 1397 1556 1433 ἐπιμελέστερον
1588 1395 1663 1429 οὗτος
1690 1397 1803 1433 ἐρευνή-

162 1452 217 1475 σας
236 1443 270 1470 τὰ
283 1444 312 1470 ἐν
325 1443 416 1475 αὐτοῖς
430 1443 544 1471 εἴσεται.

420 1499 619 1533 ΚΕΦΑΛΑΙΟΝ
637 1502 704 1529 ΚΗ¹.

1275 1496 1389 1525 CAPUT
1409 1495 1527 1524 XXVIII.

202 1555 213 1572 ι
239 1545 386 1572 Ἀκούσατέ
403 1554 463 1581 μου,
476 1546 522 1573 καὶ
539 1546 658 1581 φάγεσθε
678 1547 778 1581 ἀγαθὰ,
796 1548 843 1574 καὶ
860 1547 955 1582 ἐντρυ-

1047 1556 1057 1572 ί
1075 1545 1177 1572 Audite
1199 1544 1342 1572 audientes
1362 1551 1416 1577 me,
1441 1548 1468 1571 et
1485 1543 1621 1572 comedite
1643 1544 1757 1578 bonum,
1773 1551 1801 1574 et

161 1593 249 1628 φήσει
263 1592 292 1618 ἐν
307 1591 418 1626 ἀγαθοῖς
433 1592 450 1627 ἡ
464 1591 535 1627 ψυχὴ
551 1592 637 1627 ὑμῶν.
656 1593 808 1628 Προσέχετε
819 1594 874 1624 τοῖς
890 1593 956 1619 ὠσὶν

159 1637 256 1672 ὑμῶν,
274 1637 321 1664 καὶ
336 1636 570 1672 ἐπακολουθήσατε
583 1639 643 1668 ταῖς
659 1637 728 1669 ὁδοῖς
750 1646 799 1672 μου
809 1646 816 1652 ·
830 1637 956 1664 εἰσακού-

160 1683 232 1710 σατέ
254 1692 315 1718 μου,
328 1683 375 1710 καὶ
391 1683 504 1718 ζήσεται
516 1683 544 1709 ὲν
558 1683 668 1717 ἀγαθοῖς
688 1684 705 1718 ἡ
719 1683 792 1718 ψυχὴ
805 1683 890 1718 ὑμῶν,
908 1682 955 1709 καὶ

158 1730 329 1766 διαθήσομαι
342 1730 406 1766 ὑμῖν
422 1730 553 1766 διαθήκην
567 1729 686 1762 αἰώνιον,
702 1729 737 1756 τὰ
750 1730 811 1757 ὅσια
825 1729 905 1756 Δαυῒδ
921 1728 955 1755 τὰ

158 1775 260 1803 πιστά.
279 1775 354 1808 Ἰδοὺ,
370 1776 518 1812 μαρτύριον
529 1776 557 1803 ἐν
574 1775 678 1803 ἔθνεσιν
694 1776 784 1803 ἔδωκα
798 1776 889 1808 αὑτὸν,
906 1775 956 1811 ἄρ-

157 1830 247 1858 χοντα
262 1822 309 1848 καὶ
321 1822 524 1857 προστάσσοντα
542 1823 571 1848 ἐν
585 1821 701 1848 ἔθνεσιν·
719 1821 773 1848 ἰδοὺ
786 1820 860 1856 ἔθνη,
871 1820 889 1848 ἃ
903 1821 954 1848 οὐκ

156 1868 252 1896 (ιῐδασί
269 1875 308 1901 σε,
333 1868 538 1895 ἐπικαλέσονταί
563 1876 603 1899 σε,
626 1868 673 1895 καὶ
693 1868 772 1900 λαοὶ,
791 1868 815 1894 οἳ
837 1868 886 1894 οὐκ
903 1867 953 1893 ἐπ-

159 1914 288 1942 ίστανταί
305 1923 345 1947 σε,
356 1915 401 1941 ἐπὶ
409 1915 438 1941 σέ
449 1914 674 1948 καταφεύξονται,
687 1914 778 1941 ἕνεκεν
789 1914 891 1949 Κυρίου
905 1912 951 1940 τοῦ

157 1960 232 1988 Θεοῦ
250 1969 297 1987 σου
317 1959 364 1986 τοῦ
385 1959 462 1994 ἁγίου
481 1959 599 1994 Ἰσραὴλ,
613 1959 654 1985 ὅτι
674 1958 785 1992 ὲδόξασέ
801 1967 841 1985 σε.
861 1968 871 1984 ι
884 1957 952 1985 Τού-

157 2016 220 2040 τοις
232 2006 266 2033 τὰ
274 2006 407 2042 λεγόμενα
416 2007 543 2032 συνιεῖσιν
555 2005 750 2041 ὑποδεχόμενος
760 2007 774 2032 ὁ
785 2005 862 2040 λόγος
873 2014 951 2032 πνευ-

158 2053 282 2089 ματικὰς
299 2052 412 2088 τροφὰς,
425 2052 500 2078 Θείαν
522 2059 552 2078 τε
572 2052 619 2078 καὶ
639 2051 763 2088 οὐράνιον
779 2051 895 2087 τρυφὴν,
911 2051 950 2078 ἔτι

154 2109 187 2127 τε
205 2100 280 2134 ζωὴν
294 2100 324 2126 οὺ
347 2099 396 2135 τὴν
416 2098 515 2134 σαρκὸς
530 2098 686 2134 ἀδιάφορον,
704 2097 772 2124 ἀλλὰ
796 2098 846 2133 τὴν
866 2098 950 2125 ἀΐδιον

155 2147 208 2182 τῆς
235 2146 341 2181 ψυχῆς,
362 2146 603 2182 προσυπισχνεῖται
624 2146 679 2176 τοῖς
703 2145 794 2177 αὐτοῖς
820 2145 951 2181 διαθήκην

155 2192 270 2219 αἰώνιον
285 2191 470 2227 διαθήσεσθαι,
485 2192 580 2227 ἥντινά
591 2199 657 2226 φησι
671 2200 680 2217 ι
701 2190 735 2218 τὰ
749 2191 809 2218 ὅσια
825 2190 906 2218 Δαυῖδ
916 2191 950 2218 τὰ

157 2238 245 2265 πιστὰ
262 2246 271 2263 ι
286 2219 430 2272 περιέξειν.
449 2219 543 2270 Ἰζίςιᾶν
557 2219 603 2264 οὖν
618 2219 660 2273 εἴη
673 2238 720 2264 καὶ
733 2236 801 2272 αὕτη
820 2236 889 2272 μετὰ
900 2236 949 2273 τὴν
964 2219 987 2246 D

158 2284 230 2321 πρὸς
244 2283 338 2319 καιρὸν
353 2283 401 2318 τὴν
417 2283 461 2310 διὰ
477 2283 613 2315 Μωῦσέως
628 2284 705 2319 καινή
720 2291 761 2315 τις
777 2284 823 2310 καὶ
841 2282 949 2314 αἰώνιος

157 2329 282 2366 Διαθήκη
289 2328 446 2365 δοθήσεσθαι
454 2328 567 2361 τούτοις,
581 2329 648 2364 πρὸς
656 2329 701 2361 οὓς
714 2331 728 2356 ὁ
738 2329 826 2363 λόγος,
841 2337 948 2364 προφη-

156 2375 309 2410 τευομένη;
330 2374 361 2400 Ἡ
379 2372 458 2408 καινὴ
479 2372 533 2399 τῶν
556 2373 636 2408 ιερῶν
657 2372 946 2409 ΕὐαγγελίωνΓραφὴ,

156 2423 194 2449 τὰ
208 2421 269 2448 ὅσια
290 2419 371 2447 Δαυῒδ
387 2418 550 2455 περιέχουσα
566 2418 609 2445 διὰ
623 2419 668 2446 τὸν
682 2420 713 2445 ἐκ
729 2419 886 2455 σπέρματος
898 2419 948 2445 αὑ-

156 2467 206 2494 τοῦ
221 2467 363 2502 γενόμενον
384 2463 486 2501 Ἰησοῦν
496 2464 542 2490 τὸν
557 2463 673 2499 Χριστὸν
686 2463 732 2490 τοῦ
747 2463 812 2490 Θεοῦ
824 2471 830 2477 ·
854 2463 948 2490 τοῦτον

156 2513 186 2539 δὲ
202 2512 251 2539 καὶ
276 2510 422 2547 μαρτύριον
444 2508 587 2536 δεδωκέναι
603 2509 685 2543 φησὶν
707 2509 721 2534 ὁ
737 2507 803 2539 Θεὸς
825 2507 886 2543 οὐχὶ
909 2507 947 2543 τῷ

163 2557 283 2594 Ἰσραὴλ,
299 2556 365 2584 ἀλλὰ
378 2557 433 2588 τοῖς
446 2555 559 2586 ἔθνεσιν,
576 2553 691 2589 ἄρξοντα
706 2553 809 2580 τούτων
824 2553 871 2580 καὶ
886 2553 947 2580 τού-

156 2612 217 2635 τοις
239 2602 432 2638 προστάξαντα,
453 2600 513 2636 οὐχὶ
529 2600 556 2626 δέ
572 2599 610 2634 τῷ
625 2599 749 2635 προτέρῳ
763 2598 800 2634 τῷ
813 2601 846 2626 ἐκ
867 2608 946 2635 περι-

155 2649 246 2685 τομῆς
267 2648 333 2684 λαῷ.
349 2648 440 2675 Ταῦτα
461 2647 489 2674 δὲ
514 2646 548 2673 τὰ
568 2645 643 2682 ἐθνη,
666 2645 797 2681 πρότερον
819 2645 945 2680 οὐδαμῶς

156 2695 240 2722 αὐτὸν
265 2694 442 2730 ἐπιστάμενα,
462 2693 506 2719 ὅτε
529 2691 600 2726 ἔγνω
617 2691 697 2718 αὑτὸν
718 2691 781 2718 Υίὺν
803 2691 850 2717 τοῦ
874 2691 942 2718 Θεοῦ

156 2741 336 2777 τυγχάνοντα,
363 2740 477 2775 Σωτῆρα
496 2739 542 2765 καὶ
556 2738 622 2765 Θεὸν
637 2737 820 2765 ἐπεκαλέσατο
843 2738 924 2764 αὐτόν
934 2746 941 2753 ·

156 2786 227 2814 ἀλλὰ
247 2786 295 2814 καὶ
318 2787 342 2813 ot
369 2784 545 2821 μηδεπώποτε
555 2784 636 2811 αὐτὸν
656 2784 840 2818 ἐπεγνωκότες
862 2784 943 2819 ἡμεῖς

197 2865 206 2879 ⁸
222 2865 300 2895 Joan.
317 2875 343 2900 v,
358 2865 402 2893 39.
442 2865 452 2880 ³
471 2862 523 2892 Isa.
540 2870 583 2895 ιν,
599 2861 655 2890 2-5.

1006 1591 1186 1619 delectabitur
1199 1590 1227 1616 in
1244 1589 1431 1617 crassitudine
1443 1589 1535 1616 anima
1550 1593 1649 1617 vestra.
1667 1590 1799 1619 lnclinate

1006 1644 1098 1664 aurem
1119 1639 1249 1667 vestram,
1269 1638 1296 1662 et
1312 1636 1402 1661 venite
1418 1635 1451 1661 ad
1473 1642 1536 1662 me:
1553 1635 1656 1668 audite,
1676 1641 1703 1663 et
1723 1637 1797 1664 vivet

1005 1683 1096 1710 anima
1113 1686 1204 1711 vestra
1219 1690 1226 1707 :
1240 1685 1267 1708 et
1289 1679 1385 1707 feriam
1403 1680 1544 1707 vobiscum
1567 1685 1674 1715 pactum
1695 1683 1799 1717 sempi—

1004 1733 1125 1760 ternum,
1151 1725 1354 1754 misericordias
1379 1725 1463 1753 David
1483 1726 1586 1754 ﬁdeles.
1605 1726 1675 1754 Ecce
1699 1731 1796 1755 testem

1005 1775 1111 1810 populis
1127 1774 1189 1801 dedi
1213 1780 1287 1804 eum,
1310 1772 1408 1799 ducem
1433 1779 1465 1799 ac
1489 1775 1683 1807 praeceptorem
1706 1776 1794 1808 genti-

1005 1821 1067 1849 bus.
1096 1821 1166 1848 Ecce
1191 1810 1320 1854 gcnlem,‘
1337 1826 1418 1854 quam
1440 1817 1593 1849 nesciebas,
1618 1818 1728 1846 vocabis
1747 1828 1753 1846 :
1769 1823 1796 1847 et

1004 1871 1098 1902 gentes
1110 1873 1171 1901 qua:
1187 1869 1213 1892 te
1226 1872 1282 1892 non
1300 1868 1497 1899 cognoverunt,
1516 1863 1549 1889 ad
1567 1867 1592 1890 te
1605 1867 1719 1890 current
1727 1871 1797 1898 pro-

1003 1917 1064 1948 pter
1092 1911 1238 1939 Dominum
1269 1909 1353 1937 Deum
1380 1913 1468 1941 tuum,
1496 1912 1523 1935 et
1545 1911 1672 1935 sanctum
1697 1908 1794 1942 Israel,

1002 1957 1068 1993 quia
1082 1955 1244 1993 gloriﬁcavil
1262 1959 1288 1982 te
1298 1955 1319 1982 ¹.
1336 1964 1346 1981 ι
1360 1954 1396 1981 li-s
1411 1954 1457 1989 qui
1469 1953 1526 1980 haec
1537 1953 1687 1988 intelligent
1698 1954 1793 1985 verba,

1004 2003 1146 2038 Scriptura
1162 2001 1307 2037 pollicetur
1322 2000 1480 2036 spirituales
1496 1999 1584 2030 cibos,
1605 1998 1725 2025 divinam
1739 2006 1794 2026 cce-

1002 2050 1153 2083 lestemque
1176 2047 1382 2080 abundantiam,
1406 2046 1545 2080 vitamque
1568 2052 1623 2071 non
1641 2043 1793 2071 secundum

1001 2102 1124 2127 carnem,
1140 2093 1188 2121 sed
1207 2093 1305 2120 animae
1322 2091 1529 2126 sempiternam,
1544 2089 1734 2124 promittitque
1752 2090 1793 2117 cis

1002 2142 1114 2176 insuper
1129 2144 1237 2175 pactum
1255 2138 1462 2172 sempiternum,
1480 2135 1571 2170 quodt
1587 2135 1791 2162 misericordias

1002 2188 1095 2216 ﬁdeles
1105 2186 1187 2214 David
1200 2195 1210 2211 ›
1220 2188 1309 2212 vocat.
1320 2183 1461 2217 Quodnam
1471 2182 1523 2210 erit
1534 2182 1612 2215 illud,
1623 2187 1683 2217 post
1691 2181 1795 2217 Moysis

1003 2238 1124 2270 pactum,
1140 2233 1192 2261 nisi
1207 2239 1308 2260 novum
1321 2234 1348 2258 et
1366 2229 1562 2265 sempiternum
1575 2228 1791 2260 Testamentum,

1002 2281 1075 2315 quod
1091 2279 1170 2307 feriet
1192 2286 1255 2306 cum
1281 2277 1336 2304 illis
1360 2276 1393 2303 ad
1418 2283 1488 2310 quos
1511 2277 1614 2309 spectat
1629 2273 1794 2308 prophetia?

1001 2327 1076 2354 Nova
1098 2328 1257 2353 sanctorum
1279 2321 1487 2357 Evangeliorum
1506 2320 1659 2354 Scriptura,
1682 2318 1791 2358 miseri-

1001 2373 1101 2401 cordia;
1122 2372 1227 2399 scilicet
1251 2369 1347 2400 David,
1375 2371 1487 2403 propter
1508 2372 1603 2393 natum
1627 2365 1661 2392 de
1686 2364 1792 2392 semine

1001 2418 1060 2453 ejus
1076 2417 1170 2444 Jesum
1187 2415 1326 2443 Christum
1344 2413 1402 2441 Dei.
1420 2411 1499 2440 Hunc
1518 2415 1544 2439 et
1563 2415 1661 2438 testem
1680 2409 1790 2438 dedisse

999 2465 1037 2492 ait
1053 2463 1124 2491 Deus
1147 2470 1203 2490 non
1220 2461 1319 2491 Israel,
1344 2459 1390 2487 sed
1415 2458 1552 2494 gentibus,
1572 2457 1606 2485 iis
1632 2456 1790 2484 dominatu-

997 2517 1056 2537 rum
1071 2514 1153 2544 atque
1172 2508 1380 2542 imperaturum,
1395 2512 1450 2531 non
1465 2506 1555 2530 autem
1569 2503 1652 2529 veteri
1670 2502 1790 2529 circum-

996 2555 1110 2583 cisionis
1133 2553 1244 2589 populo.
1269 2550 1317 2578 lite
1342 2554 1432 2577 autem
1459 2553 1554 2583 gentes
1575 2548 1651 2583 prius
1674 2547 1788 2574 minime

995 2609 1057 2629 eum
1073 2603 1270 2636 cognoverant,
1284 2605 1346 2624 eum
1366 2596 1506 2624 sciverunt
1521 2601 1582 2622 eum
1597 2601 1659 2621 esse
1672 2592 1720 2620 Dei
1737 2591 1785 2619 Fir-

996 2647 1071 2678 Iium,
1100 2653 1218 2679 eumque
1243 2643 1412 2670 Salvatorem
1440 2648 1471 2667 ac
1497 2639 1582 2667 Deum
1605 2642 1784 2665 vocaverunt.

997 2690 1098 2718 Verum
1110 2698 1161 2717 nos
1175 2696 1284 2724 quoque
1296 2687 1343 2722 qui
1358 2687 1433 2722 prius
1448 2692 1510 2713 eum
1525 2684 1739 2716 nesciveramus,
1751 2682 1786 2709 ad

997 2744 1058 2765 cum
1071 2735 1254 2770 confugimus.
1271 2742 1286 2761 a
1300 2732 1418 2768 pristino
1432 2738 1526 2758 errore
1540 2729 1668 2765 digressi,
1684 2729 1781 2756 adver-

997 2783 1125 2818 sariaque
1148 2781 1254 2816 abjecta
1279 2779 1392 2807 ditionc.
1411 2777 1491 2805 Tales
1512 2783 1588 2812 ergo,
1609 2776 1647 2809 ait
1667 2775 1785 2812 prophe-
