2035 3214
269 154 336 182 12M

569 155 703 183 EliSEBll
722 155 964 183 CAESARIENSIS
983 155 1058 182 ΟΡΡ.
1089 155 1190 183 PARS.
1212 155 1256 184 lii.
1270 172 1299 177 -—
1320 156 1524 184 EXEGETIL‘A.

1835 155 1906 183 «εει

269 213 317 245 tia,
349 212 445 240 ﬂemus
471 216 581 247 propter
607 211 752 238 Dominum
781 211 866 238 Deum
897 212 968 247 ejus,
995 213 1046 248 qui

1112 213 1299 248 κατεφύγομεν
1325 213 1367 239 ἐπ’
1383 213 1475 245 αὑτὸν,
1490 213 1538 249 τῆς
1557 213 1690 248 προτέρας
1715 212 1905 247 ἀποφυγόντες

268 258 432 293 gloriﬁcavit
446 265 519 285 eum.
540 257 713 284 Manifestum
729 262 771 284 est
787 265 840 292 qua
854 258 961 285 ratione
974 259 1058 293 gloriv

269 304 391 332 ﬁcaverit
403 311 465 330 eum
483 302 574 335 Pater,
588 304 667 337 juxta
686 304 756 330 hanc
773 303 806 330 ad
823 312 884 331 eum
900 311 916 331 e
927 305 996 332 cmlo
1010 305 1059 332 der

268 351 379 377 missam
404 357 518 376 vocem:
534 358 543 374 ι
563 348 593 375 Et
617 348 764 376 clariticavi
792 353 819 376 et
837 350 935 377 iterum
958 351 1058 378 clariﬁ-

266 397 336 423 cabo
349 395 370 422 ί.
387 404 397 420 ι
414 394 562 422 Videamus
589 399 680 422 autem
706 402 796 422 annon
820 401 974 430 congruant
997 405 1058 432 qua:

267 442 312 469 hic
325 442 465 473 dicuntur,
482 442 587 468 scilicet
601 450 607 467 :
625 451 633 466 ι
651 441 720 469 Ecce
733 447 934 478 gentemquam
950 444 1058 471 nescie-

266 489 316 516 bas
333 489 445 515 vocabis
461 497 467 514 ε
483 494 509 516 et
525 492 619 522 gentes
635 496 695 523 qua:
713 493 739 515 te
751 496 805 516 non
820 495 1008 524 cognoverunt
1022 491 1055 517 ad

266 540 293 562 te
307 539 428 566 current,
444 543 454 560 ι
474 542 536 561 cum
559 535 612 562 illis
629 542 689 569 quae
704 536 730 561 in
747 535 917 569 praecedente
930 535 1056 563 referun-

265 585 310 608 tur
333 582 465 617 capitulo,
495 582 611 613 scilicet,
631 590 640 607 ι
656 582 757 617 quibus
782 589 836 609 non
861 582 1055 609 annuntiatum

264 633 307 656 est
323 628 356 655 de
371 636 413 660 eo,
431 629 569 660 viderunt,
589 632 616 656 et
633 628 679 663 qui
698 637 751 655 non
768 628 916 656 audierunt
931 633 1056 656 contem-

265 674 330 710 plati
355 678 429 702 sunt.
445 684 454 699 ι
487 674 535 702 His
556 674 657 702 similia
686 674 862 701 inveniuntur
885 675 912 702 in
939 675 1055 710 septimo

264 721 372 748 decimo
404 721 524 755 psalmo,
555 728 570 748 e
601 721 704 748 Christi
741 728 857 756 persona
881 730 887 747 :
909 720 1055 756 (Populus

263 775 345 801 quem
363 767 520 802 ignorabam
537 767 650 794 servivit
664 767 742 799 mihi,
764 767 790 794 in
804 767 898 794 auditu
920 767 977 794 oris
990 767 1054 794 obe-

263 814 331 840 divit
345 814 411 840 mihi
424 813 443 838 ¹.
459 823 468 838 ι
488 812 633 848 Nos'igitur
643 813 871 840 verascredentes
880 813 1053 848 prophetias,

264 859 390 894 impletas
417 858 502 886 fuisse
527 867 574 886 eas
593 858 745 886 Salvatoris
769 859 854 886 nostri
870 859 986 886 adventu
1005 867 1053 894 pro

1113 258 1226 293 πλάνης,
1237 258 1282 284 καὶ
1295 258 1348 284 ὑπὸ
1359 258 1407 289 τὰς
1418 259 1607 294 ἀντικειμένας
1620 259 1759 294 ἐνεργείας
1770 258 1902 291 δουλείας.

1113 304 1204 330 Ταῦτα
1215 304 1253 335 δὲ,
1270 304 1351 339 φησιν
1365 305 1381 339 ή
1401 303 1562 340 προφητεία,
1579 303 1726 339 γενήσεσθε
1742 304 1836 330 ἕνεκεν
1848 304 1904 330 Κυ-

1114 350 1171 385 ρίου
1180 350 1226 376 τοῦ
1234 350 1301 376 Θεοῦ
1310 350 1403 381 αὐτοῦ,
1415 350 1456 376 ὃτι
1466 350 1590 382 ἐδόξασεν
1598 349 1689 376 αὐτόν·
1700 350 1784 384 σαφὲς
1794 351 1816 376 δ’
1830 350 1903 382 ὅπως

1111 396 1236 429 ἐδόξασεν
1252 396 1331 422 αὑτὸν
1345 397 1359 422 ό
1375 395 1469 432 Πατὴρ
1492 396 1561 423 κατὰ
1581 396 1629 432 τὴν
1655 395 1813 431 ἐνεχθεῖσαν
1834 396 1903 430 πρὸς

1111 442 1192 469 αὑτὸν
1213 442 1243 474 ἐξ
1264 442 1380 478 οὐρανοῦ
1394 442 1496 477 φωνὴν,
1517 443 1583 478 τήνε
1605 452 1614 468 ‹
1638 442 1693 468 Καὶ
1714 442 1840 475 ἐδόξασα,
1856 441 1902 468 καὶ

1111 488 1192 514 πάλιν
1203 488 1314 520 δοξάσω.
1335 499 1344 514 ›
1359 489 1429 525 Ὅρα
1441 489 1464 516 δ’
1479 490 1502 516 el
1517 489 1553 525 μὴ
1566 489 1683 524 συγγενῆ
1701 489 1831 523 τυγχάνει
1846 489 1901 520 τοῖς

1110 535 1204 562 ἐνθάδε
1221 537 1311 571 ῥητοῖς
1326 536 1459 571 φάσκουσι
1471 537 1512 563 τό·
1531 546 1539 562 t
1561 536 1645 570 Ἐθνη
1658 536 1676 563 ἃ
1691 535 1742 562 οὐκ
1757 535 1845 562 οἴδασί
1859 543 1900 567 σε,

1109 580 1316 608 ὲπικαλέσονταί
1339 590 1384 616 σε,
1397 583 1444 609 καὶ
1462 582 1522 609 λαοὶ
1542 583 1566 608 οἴ
1580 582 1629 608 οὐκ
1647 581 1769 616 ἔγνωσαν
1792 589 1833 612 σε,
1854 581 1899 607 ἐπὶ

1112 627 1141 653 σὲ
1158 627 1382 662 καταφεύξονται,
1401 639 1410 654 ι
1424 629 1457 655 τὰ
1474 629 1503 655 ἐν
1519 628 1557 664 τῷ
1573 627 1625 664 πρὸ
1635 628 1730 654 τούτου
1746 627 1897 662 κεφαλαίῳ,

1110 672 1173 700 ἔνθα
1187 673 1305 707 ἐλέγετο,
1318 674 1358 700 ὅτι
1368 685 1376 699 ι
1389 671 1429 706 οἷς
1444 674 1494 701 οὐκ
1504 673 1639 710 ἀνηγγέλη
1651 674 1713 709 περὶ
1723 673 1806 700 αὑτοῦ
1821 673 1898 707 ὄψον-

1108 728 1163 751 ται,
1181 720 1228 747 καὶ
1244 719 1269 746 οἳ
1284 721 1334 747 οὐκ
1348 721 1482 756 ἀκηκόασι
1498 721 1652 757 συνήσουσι.
1673 730 1682 745 ι
1696 719 1808 751 Τούτοις
1819 720 1898 754 ὅμοια

1107 766 1235 802 τυγχάνει
1252 767 1298 793 καὶ
1323 766 1357 793 τὰ
1374 768 1403 793 ὲν
1416 766 1638 801 ἑπτακαιδεκάτῳ
1652 765 1751 802 ψαλμῷ
1768 767 1800 792 ἐκ
1814 774 1898 801 προσ-

1108 810 1183 837 ώπου
1207 810 1254 837 τοῦ
1277 810 1395 847 Χριστοῦ
1421 811 1492 838 κατὰ
1512 811 1554 837 τοι
1583 820 1592 836 ι
1616 811 1686 843 Λαὸς
1704 811 1733 837 ὃν
1745 811 1796 838 οὐκ
1813 811 1898 845 ἔγνων

1108 856 1247 883 ἐδούλευσὲ
1273 865 1329 892 μοι,
1351 858 1391 889 εὶς
1418 857 1502 892 ἀκοὴν
1527 857 1609 884 ὠτίου
1638 857 1776 892 ὑπήκουσέ
1805 866 1860 893 μοι.
1885 867 1895 882 ι

262 911 339 934 certo
355 906 497 936 habemus.
513 906 747 940 intelligimusque
763 913 813 933 nos
825 905 962 940 quondam
979 905 1046 940 ipso:

1113 905 1208 939 Ἡμεῖς
1225 904 1273 939 μὲν
1284 902 1331 930 οὖν
1345 904 1454 939 ἀληθεῖς
1481 904 1653 936 πιστεύοντες
1665 903 1714 935 τὰς
1728 903 1898 939 προφητείας

261 953 433 980 errabundas
458 956 552 987 gentes
576 952 673 983 fuisse,
701 952 870 987 malignitate
896 951 1052 979 daemonum

261 1000 289 1026 in
305 1007 412 1025 omnem
443 999 624 1026 illololatt'iam
653 1002 815 1033 provectos,
847 1006 935 1033 neque
961 998 1051 1025 solum

260 1053 323 1072 vcre
339 1043 424 1072 Deum
439 1047 648 1079 cognoscentes,
666 1051 754 1078 neque
770 1043 851 1070 ullam
867 1043 1052 1078 propheticam

260 1091 404 1119 audientes
435 1098 545 1124 vocem;
569 1093 759 1117 verumtamen
787 1089 939 1117 Salvatoris
962 1089 1050 1117 nostri

259 1137 323 1165 Jcsu
340 1137 476 1169 doctrinm,
494 1136 528 1163 ad
548 1136 670 1163 onmium
694 1135 741 1163 Dei
763 1136 907 1163 scientiam
924 1136 1050 1171 perveni-

259 1192 331 1215 mus,
346 1184 502 1218 divinisque
519 1183 686 1210 credidimus
699 1181 861 1217 Scripturis,
876 1185 902 1209 et
911 1182 1052 1217 propheti-

259 1235 349 1257 zatum
370 1228 417 1256 Dei
434 1228 552 1256 Verbum
566 1228 733 1263 accepimus,
748 1228 828 1262 cujus
846 1227 922 1262 prius
937 1227 1050 1254 omnino

259 1275 345 1303 nescii
362 1282 483 1302 eramus.
501 1273 558 1301 Hoc
575 1274 657 1309 igitur
672 1277 778 1300 tantum
795 1272 945 1300 Salvatoris
961 1273 1048 1300 nostri

259 1322 385 1348 doctrina
405 1321 567 1348 beneﬁcium
581 1320 733 1352 consecuti,
751 1320 890 1355 quomodo
907 1328 960 1347 non
974 1320 1049 1353 juste

259 1369 447 1402 acciperemus
471 1372 498 1394 et
519 1367 735 1402 prredicarcmus
759 1374 820 1394 eum
847 1368 919 1393 sicut
933 1365 980 1393 Dei
1002 1365 1048 1392 Fi-

258 1413 323 1439 liutn
341 1411 565 1446 Salvatoremque
581 1411 722 1438 nostrum?

1106 950 1137 985 (Γ.
1152 949 1185 977 58
1198 949 1247 985 γ’),
1263 949 1458 985 πεπληρῶσθαι
1479 949 1563 981 αὑτὰς
1584 949 1630 975 ἐπὶ
1646 950 1678 984 τῇ
1701 949 1748 976 τοῦ
1771 949 1898 984 Σωτῆρος

1105 995 1183 1032 ἡμῶν
1209 995 1345 1032 παρουσίᾳ
1374 996 1563 1031 πεπείσμεθα,
1591 995 1796 1031 συναισθόμενοι
1822 996 1898 1027 ὅπως

1105 1043 1185 1078 ἡμεῖς
1202 1043 1287 1074 αὐτοὶ,
1305 1041 1469 1077 πλανώμενα
1485 1041 1548 1077 ἔθνη
1563 1042 1592 1069 τὸ
1609 1041 1691 1069 πάλαι
1701 1042 1895 1077 τυγχάνοντες.

1105 1089 1277 1124 ἐλαυνόμενοι
1301 1097 1330 1115 τε
1344 1089 1397 1115 ὑπὸ
1422 1088 1548 1124 χαλεπῶν
1565 1089 1699 1124 δαιμόνων
1715 1088 1786 1115 κατὰ
1804 1089 1896 1115 πᾶσαν

1104 1134 1333 1170 εἰδωλολατρείαν,
1350 1135 1397 1162 καὶ
1410 1135 1478 1170 μήτε
1496 1135 1542 1161 τὸν
1561 1135 1639 1170 μόνον
1653 1134 1741 1170 ἀληθῆ
1759 1134 1827 1161 Θεὸν
1846 1135 1896 1161 ἑπ-

1105 1181 1252 1216 ιστάμενοι,
1265 1182 1333 1216 μήτε
1345 1180 1515 1216 προφητικῆς
1526 1181 1665 1212 ἐπαΐοντες
1678 1181 1780 1216 φωνῆς,
1791 1179 1836 1207 διὰ
1847 1180 1897 1214 τῆς

1103 1227 1150 1254 τοῦ
1165 1228 1290 1262 Σωτῆρος
1307 1226 1384 1262 ήμῶν
1408 1226 1495 1261 Ἰησοῦ
1511 1225 1684 1258 διδασκαλίας
1702 1226 1749 1252 ἐπὶ
1763 1226 1812 1261 τὴν
1827 1226 1896 1259 γνῶ-

1103 1282 1144 1300 σιν
1160 1273 1206 1300 τοῦ
1224 1273 1290 1300 Θεοῦ
1307 1273 1362 1299 τῶν
1375 1273 1444 1299 ὅλων
1459 1271 1696 1308 παρεληλύθαμεν,
1708 1270 1896 1298 πεπιστεύκα-

1103 1320 1152 1355 μέν
1167 1329 1196 1346 τε
1210 1321 1270 1352 ταῖς
1292 1319 1479 1350 θεοπνεύστοις
1499 1319 1630 1353 Γραψαῖς,
1652 1318 1698 1345 καὶ
1714 1318 1760 1345 τὸν
1786 1326 1896 1353 προεξη-

1101 1365 1229 1393 τευθέντα
1242 1366 1289 1392 τοῦ
1303 1366 1371 1392 Θεοῦ
1387 1365 1472 1399 Λόγον
1492 1364 1726 1401 παραδεδέγμεθα,
1748 1364 1810 1399 μηδ’
1827 1363 1895 1395 ὅλως

1101 1412 1182 1439 αὐτὸν
1194 1412 1226 1439 τὸ
1244 1413 1309 1448 πρὶν
1330 1412 1517 1447 ἐπιστάμενοι.
1531 1410 1655 1438 Τοσαῦτα
1669 1411 1701 1446 δὴ
1718 1410 1762 1437 διὰ
1778 1411 1830 1445 τῆς
1845 1409 1894 1437 τοῦ

257 1458 383 1494 Σωτῆρος
397 1457 474 1493 ἡμῶν
487 1457 711 1493 εὐεργετηθέντες
725 1456 907 1489 διδατκαλίας,
918 1457 978 1489 πῶς
994 1457 1044 1484 οὒκ
1072 1457 1105 1484 ἆν
1121 1458 1233 1490 δικαίως
1250 1457 1473 1492 παραδεχοίμεθα
1499 1465 1529 1484 τε
1556 1458 1603 1484 καὶ
1625 1456 1815 1492 ἐκθειάζοιμεν
1845 1456 1895 1482 αῦ-

256 1506 312 1540 τδν,
326 1507 373 1534 ἇτε
390 1506 454 1533 Υἰὺν
470 1505 537 1532 Θεοῦ
555 1505 633 1541 ἡμῶν
649 1514 677 1532 τε
694 1506 783 1532 αὐτῶν
805 1506 970 1541 τυγχάνοντα
986 1507 1118 1542 Σωτῆρας

525 1563 639 1592 CAPUT
661 1563 759 1593 XXIX.

295 1622 303 1637 ι
318 1611 413 1640 Justus
430 1610 512 1646 perit,
525 1615 551 1637 et
574 1619 628 1637 non
650 1615 694 1638 est
705 1611 753 1646 qui
775 1611 906 1647 recogitet
921 1611 948 1639 in
964 1611 1047 1640 corde

257 1666 318 1690 suo,
335 1662 362 1685 et
377 1657 426 1684 viri
443 1657 638 1684 misericordiae
653 1657 832 1693 colliguntur,
847 1658 910 1693 quia
931 1665 986 1685 non
1004 1661 1046 1685 est

255 1704 302 1738 qui
328 1703 461 1737 intelligat
478 1712 485 1728 :
501 1711 516 1729 a
535 1702 603 1730 facie
623 1702 695 1729 enim
723 1703 846 1729 malitize.
858 1703 990 1730 collectus
1005 1707 1047 1730 est

254 1751 356 1785 justus.
377 1748 474 1776 Veniat
500 1756 562 1784 pax,
584 1749 738 1784 requiescat
763 1749 789 1776 in
818 1749 902 1777 cubili
926 1757 976 1777 suo
999 1750 1046 1785 qui

256 1794 406 1822 ambulavit
431 1794 458 1821 in
480 1793 630 1821 directione
649 1791 709 1821 sua.
733 1793 788 1821 Vos
808 1799 899 1821 autem
923 1794 1046 1822 accedite

258 1841 324 1873 huc,
343 1840 390 1868 lilii
401 1840 596 1875 anguratrieis,
611 1848 704 1867 semen
713 1840 828 1868 adulteri
842 1844 868 1868 et
881 1840 1043 1869 fornicariaa.

257 1886 346 1922 Supi-r
361 1894 441 1921 quem
459 1886 584 1913 lusistis‘!
607 1885 695 1922 Super
707 1894 788 1921 quem
804 1887 938 1914 dilatastis
955 1894 997 1918 os,
1018 1890 1045 1914 et

255 1933 377 1967 ejccistis
396 1932 536 1967 linguam?
557 1930 683 1966 Nunquid
707 1940 762 1959 non
784 1940 832 1960 vos
855 1932 900 1960 ﬁlii
922 1933 1042 1965 scelesti,

256 1986 348 2006 semen
374 1977 487 2005 mendax
502 1977 557 2004 ³⁸2»
579 1976 706 2004 Christus
729 1977 774 2005 Dei
794 1977 870 2005 solus
887 1986 950 2005 vere
972 1977 1043 2006 inter

255 2031 351 2050 omnes
362 2023 409 2058 qui
426 2030 545 2057 unquam
559 2022 690 2049 exstitere
703 2022 795 2057 juslos
813 2023 876 2050 talis
894 2022 1041 2051 invenitur.

254 2068 370 2103 Ideoque
386 2067 558 2103 peculiariter
577 2068 668 2102 justus
696 2071 819 2098 vocatur,
849 2072 876 2096 et
901 2068 1042 2103 prophetia

254 2115 287 2142 de
301 2122 334 2142 eo
347 2114 383 2140 ait
397 2124 404 2142 :
423 2123 432 2140 ι
447 2114 515 2142 Ecce
527 2114 618 2148 justus
636 2114 714 2149 perit.
730 2124 739 2140 ι
757 2113 834 2142 Unde
861 2119 951 2142 autem
967 2115 1043 2142 abla-

254 2165 299 2188 tus
310 2161 345 2188 sit
360 2160 421 2187 dein
435 2160 537 2187 indicat
552 2161 646 2188 dicens
661 2170 666 2187 :
688 2171 697 2186 ι
713 2161 734 2187 Α
753 2160 822 2188 facie
839 2161 910 2188 enim
929 2161 1040 2188 malitiae

254 2206 361 2234 ablatus
380 2210 422 2233 est
445 2206 548 2241 justus.
567 2216 576 2232 ι
605 2207 672 2240 Quis
693 2211 783 2234 autem
806 2215 867 2234 eum
885 2207 1039 2240 sustulerit,

253 2252 363 2280 noveris
390 2260 421 2279 ex
452 2252 511 2287 ipso
540 2253 671 2280 dicente:
689 2252 795 2280 tNemo
825 2253 898 2280 tollit
922 2254 1039 2280 animam

253 2306 341 2326 meam
363 2307 380 2326 a
404 2306 447 2326 me
474 2299 543 2334 ipso,
572 2303 598 2326 et
620 2303 783 2335 potestatem
807 2300 895 2327 habeo
920 2300 1039 2335 ponendi

252 2353 324 2377 eam,
340 2349 366 2372 et
381 2349 544 2380 potestatem
564 2345 652 2373 habeo
667 2347 764 2373 iterum
781 2345 907 2373 sumendi
921 2353 981 2373 eam
991 2345 1013 2373 ‘.
1026 2355 1036 2372 ι

252 2391 320 2419 Dein
336 2392 387 2418 ait:
401 2402 409 2417 ι
424 2392 453 2419 in
467 2400 534 2427 pace
554 2393 694 2428 sepultura
709 2393 778 2427 ejus.
792 2402 801 2418 ι
818 2392 856 2420 Ex
871 2400 925 2428 quo
941 2396 1041 2419 notan-

252 2439 328 2470 dum,
349 2438 422 2473 quod
446 2446 499 2465 non
516 2439 597 2466 modo
612 2443 736 2471 mortem,
752 2439 798 2467 sed
820 2443 846 2466 et
868 2439 1038 2474 sepulturam

251 2486 311 2520 ejus
322 2486 479 2520 prophetica
494 2485 618 2520 designat
631 2484 783 2520 Scriptura,
796 2485 868 2513 unde
882 2489 909 2512 et
924 2489 1038 2512 sanctus

251 2531 398 2565 Apostolus
423 2531 454 2557 ad
480 2530 636 2559 Corinthios
652 2532 776 2559 scribens
800 2531 866 2558 dicit
880 2540 886 2558 :
903 2541 912 2556 ι
927 2530 1038 2558 Tradidi

251 2577 323 2603 enim
351 2576 429 2604 vobis
460 2577 487 2604 in
512 2577 609 2612 primis
633 2577 706 2612 quod
733 2581 759 2604 et
779 2577 1036 2612 accepizquoniam

252 2617 378 2651 Christus
392 2628 515 2651 mortuus
525 2629 565 2651 est
580 2631 628 2659 pro
639 2625 760 2659 peccatis
770 2624 873 2652 nostris
885 2623 1037 2652 secundum

254 2667 418 2703 Scripturas,
444 2673 471 2697 et
489 2670 553 2705 quia
575 2670 698 2705 sepultus
719 2674 761 2698 est
771 2672 791 2698 ⁵.
808 2680 817 2696 ι
835 2670 922 2705 Cujus
946 2674 1036 2697 autern

254 2712 410 2748 Scriptum.
429 2716 480 2742 nisi
495 2723 556 2750 qua:
569 2716 668 2743 dixerit
681 2724 688 2741 ε
704 2725 714 2740 ε
729 2716 749 2742 Δ
769 2715 838 2743 facie
863 2715 974 2743 malitize
989 2723 1037 2750 po-

254 2758 309 2791 puli
325 2767 375 2787 met
394 2760 492 2789 ductus
509 2765 551 2788 est
571 2760 605 2788 ad
626 2766 754 2793 mortem,
772 2765 799 2788 et
813 2762 840 2788 in
862 2769 927 2797 pace
944 2761 1037 2796 sepul-

253 2807 313 2830 tura
345 2805 403 2838 ejus
420 2806 429 2831 2
449 2817 457 2831 I
484 2807 542 2834 Non
571 2807 647 2836 solus
675 2807 822 2843 praedictus
849 2807 1036 2843 nobisjustus

288 2883 296 2897 ι
315 2880 392 2909 Joan.
410 2891 464 2916 xu,
482 2884 526 2912 28.
565 2887 574 2901 ¹
591 2885 662 2914 Psal.
681 2894 734 2913 xvn
747 2907 753 2919 ,
772 2887 816 2914 £5.

856 2887 866 2902 ³
887 2887 938 2914 lsa.
957 2894 1025 2920 Lvtt,
1046 2887 1103 2914 ί-ί.

1351 1567 1550 1595 ΚΕΦΛΛΑΙΟΝ
1570 1567 1634 1593 ΚΘ.

1138 1621 1147 1638 ι
1167 1611 1261 1643 Ἴδετε.
1283 1614 1321 1644 ὼς
1340 1614 1355 1639 ὁ
1369 1613 1471 1645 δίκαιος
1486 1613 1603 1648 αἴρεται.
1619 1611 1666 1637 καὶ
1682 1611 1772 1642 οὐδεὶς
1787 1611 1894 1646 ἑκδέχευ

1099 1666 1143 1685 ται
1154 1659 1186 1694 τῇ
1197 1658 1306 1694 καρδία,
1317 1659 1368 1686 ’καὶ
1378 1659 1473 1694 ἄνδρες
1483 1659 1581 1685 δίκαιοι
1593 1657 1726 1692 αἴρονται,
1741 1658 1789 1683 καὶ
1803 1657 1893 1690 οὐδεὶς

1099 1705 1226 1730 κατανοεῖ
1234 1711 1241 1718 ·
1255 1703 1309 1730 ἀπὸ
1317 1703 1371 1739 γὰρ
1380 1703 1526 1739 προσώπου
1539 1702 1644 1734 ἀδικίας
1658 1700 1740 1738 ἦρται
1749 1703 1764 1729 ὁ
1775 1702 1892 1736 δίκαιος,

1099 1749 1174 1776 ἔσται
1188 1750 1216 1776 ἐν
1228 1750 1350 1786 εἰρήνῃὴ
1363 1749 1434 1785 ταφὴ
1450 1750 1542 1779 αὐτοῦ.
1557 1748 1638 1785 ἦρται
1650 1750 1682 1776 ἐκ
1690 1750 1776 1784 μέσου
1787 1758 1795 1766 ο
1811 1750 1892 1784 ὑμεῖς

1098 1795 1126 1821 δὲ
1141 1795 1329 1830 προσαγάγετε
1342 1792 1404 1826 ὦδε,
1415 1795 1468 1820 υἱοὶ
1480 1794 1585 1829 ἄνομοι,
1601 1793 1711 1829 σπέρμα
1727 1793 1832 1829 μοιχῶν
1843 1794 1892 1820 καὶ

1098 1841 1210 1877 πόρνης.
1233 1842 1278 1868 Ἐν
1295 1841 1346 1867 τίνι
1373 1841 1591 1876 ὲνετρυφήσατε;
1607 1840 1653 1866 καὶ
1674 1839 1721 1866 ἐπὶ
1741 1839 1804 1866 τίνα
1816 1839 1891 1875 ηνοὶ-

1098 1886 1160 1919 ξατε
1184 1887 1213 1913 τὺ
1240 1887 1326 1921 στόμα
1344 1886 1441 1921 ὑμῶν;
1464 1885 1511 1912 καὶ
1526 1886 1573 1912 ἐπὶ
1593 1885 1652 1912 τίνα
1669 1885 1821 1920 ἐχαλάσατε
1841 1884 1891 1919 τὴν

1096 1933 1222 1967 γλῶσσαν
1250 1932 1346 1968 ὑμῶν;
1363 1932 1419 1967 Οὐχ
1451 1932 1529 1966 ὑμεῖς
1553 1932 1614 1957 ἐστε
1636 1931 1719 1957 τέκνα
1739 1930 1889 1962 ἀπωλείας,

1098 1980 1207 2015 σπέρμα
1227 1979 1345 2014 ἄνομον;
1362 1988 1371 2004 ι
1396 1979 1425 2004 '0
1439 1977 1555 2013 Χριστὸς
1570 1977 1618 2003 τοῦ
1634 1976 1701 2003 Θεοῦ
1725 1977 1806 2012 μόνος
1829 1977 1889 2003 κατ’

1096 2025 1224 2060 ἀλήθειαν
1245 2024 1319 2060 παρὰ
1339 2024 1442 2055 πάντας
1455 2023 1517 2054 τοὺς
1536 2021 1646 2049 πώποτε
1661 2022 1888 2057 χρηματίσαντας

1095 2070 1215 2102 δικαίους
1230 2070 1352 2101 τοιοῦτος
1363 2069 1549 2096 ἀναδέδεικται
1558 2077 1565 2083 ·
1580 2067 1621 2094 διὸ
1633 2068 1679 2094 καὶ
1691 2067 1795 2102 κυρίως
1809 2067 1887 2102 μόνος

1095 2117 1128 2144 ἂν
1139 2117 1219 2150 αὐτὸς
1229 2117 1392 2153 χρηματίζοι
1407 2116 1519 2147 δίκαιος,
1531 2115 1602 2142 ὥστε
1618 2115 1683 2151 περὶ
1699 2114 1782 2142 αὑτοῦ
1798 2115 1887 2148 λέγειν

1095 2164 1143 2200 τὴν
1167 2164 1350 2200 προφητείαν·
1373 2172 1382 2188 ι
1404 2162 1499 2193 Ἴδετε,
1523 2161 1561 2193 ώς
1576 2162 1590 2187 ό
1605 2161 1707 2193 δίκαιος
1723 2161 1847 2197 αἴρεται·
1875 2170 1883 2186 ι

1095 2209 1148 2236 ἀπὸ
1160 2210 1231 2241 τινος
1256 2208 1284 2235 δὲ
1299 2208 1415 2244 αἴρεται,
1444 2207 1570 2243 ἐπιφέρει
1588 2208 1617 2234 ἐν
1637 2207 1687 2242 τῷ·
1708 2216 1718 2232 ι
1744 2207 1811 2233 Ἀπὸ
1831 2206 1886 2242 γὰρ

1093 2254 1238 2292 προσώπου
1265 2255 1369 2286 ἀδικίας
1392 2252 1474 2290 ἦρται
1496 2254 1511 2280 ὁ
1527 2253 1648 2285 δίκαιος·
1664 2263 1674 2279 ι
1693 2253 1735 2285 τίς
1759 2253 1787 2280 δέ
1809 2254 1855 2279 καὶ
1872 2254 1887 2279 ὸ

1094 2303 1178 2337 αἴρων
1191 2301 1270 2328 αὐτὸν
1286 2300 1368 2328 αὐτοῦ
1386 2300 1459 2326 ἔστιν
1474 2300 1588 2326 ἀκοῦσαι
1599 2299 1723 2334 λέγοντος
1734 2308 1742 2316 ο
1758 2309 1768 2325 ι
1791 2299 1886 2330 Οὐδεὶς

1093 2347 1165 2384 αἴρει
1179 2348 1229 2383 τὴν
1245 2347 1334 2382 ψυχήν
1351 2355 1400 2382 μου
1419 2347 1465 2373 ἀπ’
1480 2345 1547 2380 ἐμοῦ
1559 2354 1566 2360 ·
1583 2345 1708 2378 ἐξουσίαν
1728 2345 1782 2380 ἔχω
1799 2345 1886 2372 θεῖναι

1093 2393 1188 2429 αὐτὴν,
1206 2392 1253 2420 καὶ
1267 2392 1347 2419 πάλιν
1359 2391 1484 2425 ἐξουσίαν
1503 2390 1557 2426 ἔχω
1571 2390 1663 2417 λαϐεῖν
1675 2391 1772 2425 αὐτὴν.
1790 2402 1801 2417 ι
1818 2388 1886 2418 Εἶτά

1094 2449 1176 2475 φησιν
1189 2446 1196 2454 ’
1211 2449 1220 2465 t
1245 2440 1289 2466 Ἐν
1303 2440 1399 2476 εἰρήνῃ
1412 2441 1429 2475 ή
1444 2439 1515 2474 ταφὴ
1528 2438 1620 2465 αὑτοῦ.
1637 2447 1647 2463 ι
1665 2438 1751 2464 Ἔνθα
1765 2446 1885 2473 σημειω-

1092 2487 1163 2520 τέον,
1178 2487 1218 2514 ὁτι
1232 2487 1262 2514 οὐ
1279 2487 1359 2522 μόνον
1374 2487 1408 2513 τα
1426 2486 1489 2523 περὶ
1503 2485 1551 2512 τοῦ
1563 2484 1691 2516 θανάτου,
1707 2483 1777 2511 ἀλλὰ
1793 2484 1840 2510 καὶ
1849 2484 1885 2510 τὰ

1093 2535 1156 2570 περὶ
1167 2535 1216 2569 τῆς
1231 2535 1319 2569 ταφῆς
1333 2532 1414 2560 αὐτοῦ
1426 2533 1443 2568 ὴ
1458 2531 1614 2568 προφητικὴ
1627 2531 1756 2567 σημαίνει
1768 2531 1865 2566 Γραῳή
1876 2539 1883 2546 ·

1092 2579 1209 2606 ὅθεν¹καὶ
1222 2580 1236 2605 ὁ
1252 2579 1322 2615 ἱερὸς
1338 2578 1497 2610 ’Δπόστολος
1509 2578 1623 2614 γράφων
1630 2577 1788 2613 Κορινθίοις
1799 2578 1866 2613 φησί
1876 2586 1883 2592 ·

1095 2636 1104 2652 ι
1123 2626 1272 2662 Παρέδωκα
1289 2625 1343 2662 γὰρ
1359 2625 1424 2660 ὑμῖν
1439 2625 1468 2651 ὲν
1482 2624 1610 2661 πρώτοις,
1625 2624 1639 2651 ὃ
1651 2624 1699 2651 καὶ
1716 2623 1882 2660 παρέλαεον,

1091 2671 1132 2698 ὅτι
1144 2671 1260 2707 Χριστος
1275 2670 1410 2697 ἀπέθανεν
1423 2670 1494 2705 ὑπὲρ
1503 2670 1556 2697 τῶν
1566 2669 1709 2706 ἁμαρτιῶν
1721 2669 1803 2705 ἡμῶν
1814 2665 1882 2696 κατὲι

1090 2717 1139 2748 τὰς
1163 2717 1287 2753 Γραφας,
1303 2718 1349 2744 καὶ
1369 2718 1410 2744 ὅτι
1433 2717 1530 2752 ἐτάφη.
1548 2726 1557 2742 ι
1573 2716 1655 2747 Ποίας
1676 2716 1706 2742 δὲ
1727 2715 1851 2752 Γραφὰς,
1867 2714 1883 2749 ἢ

1090 2763 1139 2794 τὰς
1149 2763 1314 2796 φασκούσας·
1329 2772 1338 2788 ι
1350 2763 1417 2790 Ἀπὸ
1426 2762 1480 2789 τῶν
1489 2763 1606 2798 ἀνομιῶν
1617 2762 1664 2790 τοῦ
1671 2762 1738 2790 λαοῦ
1755 2772 1806 2800 μου
1815 2763 1884 2798 ἤχθη

1091 2810 1130 2840 είς
1145 2807 1268 2841 θάνατον,
1286 2810 1332 2836 καὶ
1344 2810 1372 2836 ἐν
1386 2809 1479 2845 εἰρήνῃ
1494 2809 1511 2843 ἡ
1521 2809 1594 2845 ταφὴ
1603 2809 1705 2842 αὐτοῦς
1726 2819 1736 2836 ι
1752 2810 1791 2838 Οὐ
1805 2809 1885 2846 μόνος

1144 2887 1152 2902 ⁸
1167 2887 1246 2915 Joan.
1261 2888 1358 2922 x,18.
1397 2888 1407 2903 ⁸
1428 2887 1437 2914 Ι
1454 2887 1518 2915 Cor.
1537 2896 1580 2920 xv,
1601 2888 1633 2921 3,
1651 2888 1677 2915 ι.
