2035 3214
180 150 248 177 1253

690 149 837 176 ECLOGA
856 146 1095 175 PRO?“ETIC:‘E.
1116 163 1152 168 —
1170 148 1236 176 LIB.
1257 148 1314 184 ΠΩ,

1738 153 1808 183 ηδι

178 206 206 234 δὲ
217 208 231 234 ὁ
248 206 443 242 προειρημένος
458 207 522 241 ἡμῖν
537 206 639 238 δίκαιος
654 204 737 242 ἦρται
757 209 789 234 ὲκ
808 208 890 243 μέσου
911 207 962 235 ἀδι-

1021 207 1126 235 ablatus
1141 213 1184 236 est
1220 209 1328 237 medeio
1341 209 1506 245 iniquitatis,
1531 210 1579 238 sed
1596 216 1623 239 et
1639 220 1649 237 ι
1664 212 1714 239 viri
1726 213 1808 247 justi,

178 252 250 284 κὶας,
273 251 341 278 ἀλλὰ
364 252 409 278 καὶ
429 261 437 277 ι
463 251 558 287 ἄνδρες
577 251 686 284 δίκαιοι1
708 261 717 277 ι
736 253 829 288 φησὶν,
848 261 856 278 ι
876 253 966 288 αἴρον-

176 307 232 330 ται,
253 308 262 325 ›
276 298 300 324 οἳ
318 298 364 324 καὶ
378 298 453 324 αὐτοὶ
466 295 520 323 εἷεν
533 297 565 324 ἂν
582 298 606 323 οζ
623 298 690 333 ἱεροὶ
705 298 752 324 τοῦ
766 297 884 334 Χριστοῦ
899 299 966 325 ἀπό-

177 344 276 374 στολοι,
289 344 335 370 καὶ
353 344 378 370 οί
400 343 544 378 θαυμάσιοι
565 342 645 369 αὑτοῦ
661 343 808 379 μάρτυρες,
826 344 850 370 οἱ
866 345 964 380 μετοχῇ

176 392 225 427 τῆς
252 390 334 418 αὐτοῦ
357 390 528 426 δικαιοσύνης
545 390 645 417 δίκαιοι
669 391 715 416 καὶ
737 391 814 417 αὐτοὶ
830 391 967 427 χρηματί-

177 437 285 469 ζοντες’
313 437 414 464 τούτων
443 437 463 463 δ’
489 436 702 471 ἐπιτελουμένων
733 436 836 468 οὐδεὶς,
866 436 965 471 φησὶν,

176 485 283 516 ἔϐλεπε,
300 485 345 510 καὶ
357 484 444 515 οὐδεὶς
457 483 590 514 κατενόει,
603 483 656 509 τῶν
667 482 868 518 παχυνθέντων,
884 482 964 518 δῆλον

176 530 198 556 δ’
213 531 253 557 ὅτι
266 531 315 566 τὴν
327 529 450 565 καρδίαν,
461 529 572 556 καὶτῶν
582 529 725 565 μυσάντων
737 529 800 560 τοὺς
812 528 966 564 ὀφθαλμοὺς

175 576 223 603 τοῦ
241 576 278 611 μὴ
301 575 418 610 βλέπειν,
435 575 503 610 πρὸς
530 574 576 606 οὒς
591 574 624 601 τὰ
646 574 711 609 ἑξῆς
729 574 778 608 τῆς
797 574 965 610 προφητείας

176 622 294 656 λέγεται,
309 622 342 648 τὰ
358 622 411 648 ἀπὺ
427 620 483 648 τοῦ·
502 630 511 646 ι
537 621 632 656 Ὑμεῖς
646 620 673 646 δὲ
696 620 887 656 προσαγάγετε
903 616 964 653 ὧδε,

175 669 228 695 υἱοὶ
241 667 345 704 ἄνομοι,
362 668 472 704 σπέρμα
489 666 589 703 μοιχῶν
602 667 648 693 καὶ
666 667 778 702 πόρνης.
797 675 806 692 ι

381 724 413 760 (f.
432 724 475 758 59)
493 723 690 750 ΚΕΦΑΛΑΙΟΝ
711 723 755 749 Λ’.

214 780 223 796 ι
235 771 289 797 Καὶ
297 769 494 805 φοϐηθήσονται
505 770 528 795 οἱ
540 769 593 795 ἀπὸ
603 767 711 804 δυσμῶν
719 768 749 795 τὸ
759 768 844 803 ὄνομα
851 767 965 804 Κυρίου,

174 815 222 842 καὶ
244 817 268 842 οι
282 816 327 841 ἀπ’
344 814 480 841 ἀνατολῶν
493 814 568 850 ἡλίου
586 813 617 840 τὸ
633 813 718 848 ῠνομα
729 813 760 840 τὸ
774 813 892 846 ἐνδοξοψ
906 813 966 848 ἥξει

175 862 229 898 γὰρ
245 862 282 893 ὡς
304 861 424 896 ποταμὸς
442 860 529 896 βίαιος
542 862 558 896 ὴ
573 861 641 895 ὀργὴ
664 859 738 895 παρά
755 859 859 895 Κυρίου
870 880 877 891 ,
904 859 965 895 ἥξει

1018 257 1065 287 ait.
1087 255 1260 287 auferuntur,
1277 265 1287 282 ι
1313 257 1361 292 qui
1387 260 1413 284 et
1439 257 1491 292 ipsi
1517 261 1582 284 sunt
1601 258 1688 285 sancti
1705 257 1809 286 Chriin

1018 302 1146 336 apostoli.
1163 303 1356 338 mirabileSque
1379 303 1439 338 ejus
1457 307 1601 339 martyres,
1626 305 1672 340 qui
1696 305 1810 339 justitiaa

1018 347 1078 381 ejus
1094 347 1302 382 participatione
1317 353 1344 376 et
1363 348 1414 384 ipsi
1427 348 1495 383 justi
1512 349 1599 376 ell‘ecti
1617 353 1689 376 sunt.
1705 349 1808 379 llorum

1018 401 1082 420 vero
1100 393 1283 427 perfector-um
1305 394 1408 426 nullus,
1426 395 1474 427 ait,
1497 394 1575 426 vidit,
1595 395 1741 430 nullusque
1762 404 1808 424 re-

1019 440 1123 474 putavit
1149 444 1262 475 propter
1284 440 1377 468 cordis
1403 441 1627 472 crassitudinem,
1648 442 1808 470 oculorum-

1018 494 1071 520 que
1085 485 1230 512 obductam
1251 486 1404 521 caliginem,
1423 486 1456 513 ad
1475 495 1545 522 quos
1559 487 1664 522 reliqua
1683 492 1809 523 spectant

1018 531 1178 566 prophetiae,
1199 531 1305 558 scilicet
1316 531 1349 558 ah
1367 531 1408 559 hEs
1426 532 1517 559 verbis
1533 542 1539 559 :
1556 542 1565 558 ‹
1581 531 1636 560 Vos
1653 538 1745 561 autem
1761 541 1808 561 ac-

1018 576 1105 603 cedite
1117 576 1180 609 huc,
1194 576 1240 603 [illi
1256 577 1449 611 auguratricis,
1469 585 1561 605 semen
1579 578 1697 607 adulteri
1710 585 1737 607 et
1754 579 1808 608 for-

1018 630 1138 649 ευριπ-ιω.
1156 632 1165 648 ι

1302 719 1418 748 CAPUT
1438 720 1522 749 XXX.

1057 775 1067 792 ‹
1084 764 1116 792 Ει
1131 765 1282 798 timebunt,
1300 767 1346 802 qui
1364 767 1399 794 ab
1413 767 1576 799 occidente,
1597 776 1697 796 nomen
1716 767 1808 797 Domi-

1018 812 1063 844 ni,
1079 816 1106 839 et
1123 813 1169 847 qui
1185 812 1219 839 ah
1229 817 1290 840 ortu
1307 813 1374 840 solis
1385 833 1392 844 ,
1408 814 1523 849 gloriam
1538 814 1608 847 ejus.
1622 813 1721 842 Veniet
1734 816 1807 843 enim

1019 859 1098 894 quasi
1124 859 1223 888 ﬂuvius
1252 860 1388 887 violentus
1413 860 1454 887 ira
1480 859 1606 892 Domini,
1629 861 1720 889 veniet
1744 870 1806 889 cum

177 893 245 942 μετὰ
262 907 359 942 θυμοῦ.
376 893 448 933 ’Καί
459 906 518 941 ἥξει
533 893 626 932 ἕνεκεν
636 893 709 931 ’Σιὼν
721 906 736 931 ὁ
752 893 897 940 ῥυόμενος,
916 893 962 930 καὶ

1018 906 1169 934 iracundia.
1193 905 1226 934 Et
1252 907 1343 934 Veniet
1369 906 1435 934 Sion
1455 907 1622 942 redemptor,
1647 912 1675 936 et
1697 908 1738 936 eis
1758 909 1807 944 qui

174 953 338 988 ἀποστρέψει
362 953 488 986 ἀσεϐείας
502 952 555 979 ἀπὸ
571 951 678 984 Ἰακὼϐ,
700 948 761 977 εἷπε
780 949 892 986 Κύριος.
909 949 963 976 Καὶ

174 998 242 1034 αὕτη
253 1000 342 1031 αὐτοῖς
357 1001 374 1035 ἡ
385 1000 450 1035 παρ’
461 999 528 1034 ἐμοῦ
538 997 666 1033 διαθήκη·
677 997 713 1023 Τὸ
721 996 834 1032 Πνεῦμα.
844 996 874 1022 τὸ
885 996 961 1031 ὲμδν,

173 1047 187 1072 ὅ
199 1047 272 1073 ἐστιν
283 1047 329 1073 ἐπὶ
346 1047 396 1078 σοὶ,
411 1046 457 1074 καὶ
467 1045 501 1072 τὰ
513 1046 622 1081 ῥήματα
632 1065 638 1076 ,
650 1043 667 1071 ὃι
682 1043 771 1071 ἔδωκα
783 1044 822 1075 είς
833 1042 863 1070 τὸ
876 1042 964 1077 στόμα

175 1101 237 1125 σου,
253 1093 283 1119 οὐ
300 1092 336 1129 μὴ
353 1092 466 1129 ἐκλείπῃ
481 1093 514 1118 ὲκ
529 1091 575 1118 τοῦ
588 1090 722 1126 στόματός
737 1097 783 1116 σου
794 1109 801 1121 ,
814 1089 860 1115 καὶ
871 1089 903 1115 ὲκ
916 1087 963 1115 τοῦ

175 1139 306 1174 στόματος
322 1139 369 1166 τοῦ
387 1138 542 1174 σπέρματός
558 1146 603 1164 σου
616 1157 624 1168 ,
636 1134 696 1163 εἷπε
712 1135 814 1170 Κύριος
824 1154 832 1166 ,
846 1133 899 1161 ἀπὸ
915 1133 962 1160 τοῦ

174 1185 221 1212 νῦν
236 1186 282 1212 καὶ
303 1186 343 1217 είς
358 1185 404 1212 τὸν
418 1185 513 1212 αἰῶνα.
524 1194 534 1209 ι
564 1183 648 1210 Πάλιν
662 1182 696 1209 τὰ
713 1182 762 1217 τῆς
775 1180 898 1216 κλήσεως
912 1180 964 1216 τῆς

173 1232 218 1259 διὰ
231 1233 278 1259 τοῦ
288 1231 413 1267 Σωτῆρος
424 1230 501 1266 ἡμῶν
513 1230 650 1264 συστάσης
661 1228 690 1261 ἐξ
701 1227 785 1254 ἐθνῶν
799 1226 963 1261 Ἐκκλησίας

174 1277 220 1303 καὶ
234 1276 277 1302 διὰ
291 1275 393 1302 τούτων
406 1275 420 1301 ό
433 1273 512 1309 λόγος
529 1273 704 1310 προφητεύει.
729 1272 806 1303 Τίνες
821 1271 875 1306 γὰρ
889 1271 963 1298 ἄλλοι

174 1320 228 1348 εἶεν
239 1322 262 1348 οἱ
277 1321 416 1356 λεγόμενοι
434 1330 443 1346 ι
457 1320 512 1347 ἀπὸ
525 1319 634 1355 δυσμῶν
644 1340 651 1352 ,
665 1329 674 1344 ι
692 1318 708 1354 ἢ
721 1317 765 1345 διὰ
781 1317 852 1350 τινος
865 1317 965 1352 ἐφοϐή-

175 1367 259 1402 θησαν
278 1366 308 1392 τὸ
327 1366 412 1401 ὄνομα
429 1364 531 1400 Κυρίου
546 1363 581 1390 τὰ
597 1363 754 1391 παντοδαπὰ
773 1363 836 1398 ἔθνη
848 1381 856 1394 ,
870 1362 904 1388 τὰ
920 1361 964 1388 διὰ

171 1412 223 1447 τῆς
242 1411 327 1446 Ἰησοῦ
343 1410 515 1442 διδασκαλίας
530 1409 730 1444 καταλείψαντα
745 1409 792 1444 μὲν
802 1408 851 1444 τὴν
866 1408 963 1444 προτέ-

175 1467 225 1494 ραν
253 1457 300 1484 τοῦ
316 1457 386 1484 κατά
402 1457 451 1492 τὴν
468 1457 579 1491 ἄγνοιαν
597 1456 709 1487 σκότους
726 1455 830 1489 πλάνην
842 1475 849 1487 ,
867 1455 913 1480 ἐπὶ
936 1453 964 1480 δὲ

173 1505 218 1532 τὴν
227 1505 280 1531 τῶν
290 1504 357 1531 ὅλων
368 1504 433 1530 Θεὸν
446 1502 684 1537 καταπεφευγότα;
698 1500 746 1533 Τίς
755 1501 777 1527 δ’
785 1502 799 1527 ὁ
813 1499 888 1535 ἥξειν
902 1508 965 1535 προ-

1016 951 1131 980 redeunt
1160 952 1195 979 ab
1220 952 1365 987 iniquitate
1393 953 1421 979 in
1446 951 1532 979 Jacoh
1561 953 1627 980 dicit
1655 953 1805 983 Dominus:

1015 997 1073 1025 Hoc
1093 997 1182 1025 fmdus
1198 1005 1289 1026 meum
1303 1005 1366 1025 cum
1385 998 1443 1030 eis,
1464 998 1531 1026 dicit
1551 999 1700 1028 Dominus:
1721 999 1808 1036 Spiri-

1014 1050 1058 1072 tus
1075 1053 1169 1077 meus,
1184 1045 1230 1080 qui
1246 1049 1288 1072 est
1304 1046 1330 1072 in
1347 1049 1374 1072 te
1386 1066 1393 1077 ,
1423 1049 1452 1073 et
1481 1046 1563 1073 verha
1583 1054 1642 1074 mea
1653 1067 1660 1078 ,
1679 1055 1740 1082 quae
1756 1055 1806 1083 po~

1015 1091 1057 1118 sui
1076 1092 1164 1118 inore
1185 1095 1243 1122 tuo,
1259 1099 1313 1118 non
1337 1091 1463 1119 recedent
1482 1090 1570 1119 dcere
1584 1096 1641 1124 tuo,
1659 1098 1685 1120 et
1705 1092 1738 1120 de
1759 1099 1807 1119 ore

1015 1136 1127 1164 seminis
1141 1136 1199 1168 tui,
1216 1140 1242 1163 et
1265 1136 1298 1164 de
1311 1144 1359 1164 ore
1389 1136 1501 1164 seminis
1520 1136 1634 1164 seminis
1658 1136 1716 1169 tui,
1740 1137 1807 1165 dicit

1015 1183 1167 1215 Dominus,
1195 1183 1293 1210 amodo
1319 1187 1346 1210 et
1373 1192 1460 1218 usque
1479 1184 1508 1211 in
1528 1184 1727 1218 sempiternum
1747 1183 1767 1212 ί.
1792 1192 1801 1209 ι

1016 1228 1122 1257 Rursus
1147 1229 1180 1257 de
1207 1230 1328 1265 gentium
1356 1230 1509 1262 electione.
1529 1230 1571 1257 vel
1592 1229 1730 1263 Ecclesia,
1757 1238 1807 1265 per

1016 1274 1185 1302 Salvatorem
1203 1279 1327 1302 nostrum
1351 1275 1529 1310 propheticus
1540 1276 1687 1302 annuntiat
1702 1283 1804 1304 sermo.

1015 1320 1132 1353 Quinam
1153 1321 1226 1348 enim
1249 1321 1294 1348 alii
1320 1325 1413 1348 essent
1427 1321 1474 1356 qui
1493 1321 1538 1348 hic
1554 1330 1564 1346 ι
1582 1321 1616 1348 ah
1635 1321 1777 1349 occidente
1792 1331 1803 1348 ι

1014 1371 1158 1399 vocantur,
1184 1367 1226 1394 vel
1252 1367 1429 1402 quamobrem
1456 1375 1556 1394 nomen
1574 1367 1681 1394 Domini
1704 1367 1805 1395 timue-

1016 1413 1070 1439 rint
1087 1413 1178 1440 omnis
1195 1414 1305 1447 generis
1321 1417 1417 1448 gentes
1428 1433 1434 1445 ,
1451 1421 1512 1448 qua:
1526 1412 1590 1440 .lesu
1606 1412 1732 1440 doctrina
1749 1412 1806 1448 pri-

1015 1460 1117 1488 stinum
1149 1467 1293 1491 errorem,
1326 1467 1436 1494 suaeque
1468 1459 1630 1494 ignorantiae
1659 1458 1805 1493 caliginem

1016 1507 1153 1540 reliquere
1166 1511 1248 1540 atque
1264 1505 1298 1533 ad
1313 1506 1435 1533 omnium
1454 1505 1539 1533 Deum
1557 1505 1728 1540 confugere?
1743 1505 1806 1541 quis

173 1551 356 1587 φητευόμενος
366 1551 397 1576 ἐκ
409 1549 488 1581 Σιὼν,
504 1549 650 1585 ῥυσόμενος
664 1548 709 1574 καὶ
721 1546 899 1582 ἀποστρέψων
912 1546 962 1581 τῆς

1015 1557 1105 1578 autem
1132 1556 1265 1579 venturus
1288 1559 1350 1579 esse
1369 1550 1576 1586 prophetizatus
1593 1551 1626 1578 de
1646 1550 1731 1583 Sion,
1757 1551 1805 1586 qui

174 1598 308 1633 προτέρας
322 1596 448 1627 ἀσεϐείας
459 1595 503 1622 τὸν
524 1594 620 1622 Ἰακὼϐ
630 1614 637 1626 ,
651 1593 668 1629 ἢ
682 1594 695 1619 ό
711 1593 795 1620 σῶσαι
810 1592 962 1628 παραγενόμ-

174 1652 253 1679 μενος
263 1643 297 1670 τὰ
310 1641 466 1669 ἀπολωλότα
478 1641 524 1667 καὶ
535 1641 563 1666 ὲν
574 1639 686 1674 ἀσεϐείᾳ
696 1639 825 1672 γεγονότα
837 1638 961 1672 πρόϐατα

172 1690 246 1716 οἴκου
268 1688 392 1724 Ἰσραὴλ,
413 1685 454 1719 οἷς
477 1685 650 1722 διαθήσεσθαί
675 1693 740 1719 φησι
756 1684 787 1710 τὸ
804 1685 833 1711 ἐν
852 1683 963 1719 Χριστῷ

172 1736 283 1770 Πνεῦμα
293 1735 339 1762 τοῦ
353 1733 420 1761 Θεοῦ
441 1734 548 1770 ῥήματα
564 1733 614 1768 τῆς
627 1731 736 1759 αίωνίου
753 1730 840 1766 ζωῆς,
859 1729 876 1756 ἃ
887 1729 964 1756 δέδω-

171 1791 219 1809 κεν
229 1782 244 1808 ὁ
256 1782 350 1818 Πατὴρ
363 1783 403 1813 είς
415 1781 444 1808 τὸ
462 1780 509 1807 τοῦ
521 1779 586 1806 Υίοῦ
602 1778 688 1814 στόμα
698 1787 704 1793 ·
719 1778 737 1805 ἃ.
752 1777 798 1804 καί
812 1785 878 1811 φησι
891 1776 961 1811 μήτε

172 1828 201 1861 ἐξ
221 1828 302 1855 αὑτοῦ
312 1848 319 1860 ,
339 1828 406 1863 μήτε
422 1827 475 1863 μὴν
491 1828 522 1854 ἐκ
539 1825 586 1852 τοῦ
600 1825 732 1860 στόματος
743 1824 790 1850 τοῦ
807 1824 963 1858 σπέρματος

171 1875 253 1903 αὐτοῦ
267 1874 412 1909 amnem
429 1874 482 1900 ἀπὸ
499 1873 546 1899 τοῦ
561 1873 607 1899 νῦν
622 1872 669 1898 καὶ
685 1872 725 1902 εἰς
739 1871 783 1897 τὸν
800 1869 885 1898 αἰῶνα
898 1869 962 1904 χρό-

171 1930 234 1954 νον;
250 1921 341 1948 Ταῦτα
356 1921 378 1947 δ’
391 1920 423 1947 ἂν
441 1920 483 1955 εἴη
497 1920 532 1946 τὰ
546 1920 656 1955 ῥήματα
670 1918 716 1944 τοῦ
730 1918 896 1952 Εὑαγγελίου
911 1918 962 1953 τῆς

171 1968 275 2003 Καινῆς
291 1967 436 2002 Διαθήκης,
450 1966 478 1998 ἃ,
496 1966 582 1992 καίτοι
599 1965 732 1992 τοσούτων
751 1964 960 1992 ἐπιϐουλευσάν-

171 2023 224 2041 των
241 2022 270 2040 τε
287 2013 370 2040 πάλαι
387 2013 434 2040 καὶ
447 2012 486 2039 ἔτι
500 2012 546 2038 νῦν
564 2011 791 2038 ἐπιϐουλευόντων
803 2011 895 2043 αὐτοῖς
908 2031 915 2042 ,
929 2012 959 2037 οὐ

170 2060 310 2093 διέλειπεν,
326 2060 386 2087 οὐδὲ
400 2059 452 2095 μὴν
466 2059 599 2094 ἐπιλείψει
611 2059 642 2085 ὲκ
655 2058 702 2084 τοῦ
718 2058 850 2094 στόματος
865 2058 915 2093 τῆς
928 2059 960 2084 ὲκ

170 2106 217 2132 ’τοῦ
228 2106 335 2140 λογικοῦ
346 2107 392 2133 καὶ
402 2106 497 2142 νοητοῦ
513 2105 668 2141 σπέρματος
678 2104 724 2131 τοῦ
735 2103 854 2140 Χριστοῦ
866 2105 960 2131 συστά-

172 2161 221 2188 σης
244 2153 405 2188 Ἐκκλησίας
416 2161 422 2168 ’
444 2151 503 2179 εἷπε
520 2152 576 2188 γὰρ
591 2151 692 2187 Κύριος
705 2151 753 2178 καὶ
768 2151 959 2186 ἀποπέφανται

169 2199 217 2225 τοῦ
231 2199 267 2234 μὴ
281 2199 430 2234 ἐξαλείφειν
443 2198 511 2225 αὐτὰ
528 2199 581 2224 ἀπὺ
596 2197 642 2224 τοῦ
659 2197 706 2225 νῦν
717 2198 765 2224 καὶ
779 2198 818 2229 είς
831 2197 877 2224 τὸν
893 2197 959 2224 αίῶ-

1015 1596 1162 1624 redimeret
1175 1600 1202 1623 et
1218 1604 1233 1623 a
1251 1597 1369 1631 pristina
1386 1597 1531 1631 iniquitate
1546 1596 1692 1624 reduceret
1706 1596 1803 1628 Iacob,

1013 1643 1056 1670 vel
1073 1643 1269 1677 superveniens
1283 1643 1404 1677 perditas
1420 1643 1539 1670 salvaret
1556 1647 1638 1677 atque
1659 1643 1687 1669 in
1709 1643 1806 1677 impie-

1015 1693 1069 1716 tate
1087 1689 1246 1724 prorolutas
1264 1696 1328 1716 aves
1343 1689 1442 1716 domus
1462 1689 1565 1720 Israel,
1583 1689 1684 1723 quibus
1700 1689 1805 1716 consti-

1015 1739 1138 1762 tuturum
1156 1742 1185 1762 se
1203 1735 1231 1761 in
1243 1734 1353 1762 Christo
1366 1733 1485 1768 Spiritus
1499 1733 1545 1761 Dei
1562 1734 1707 1769 pollicetur
1721 1734 1804 1761 verba

1015 1782 1076 1808 vitae
1105 1784 1215 1808 aeternae
1229 1801 1236 1812 ,
1253 1788 1314 1815 quae
1334 1780 1409 1807 dedit
1427 1780 1507 1808 Pater
1526 1780 1554 1807 in
1575 1787 1623 1807 ore
1639 1779 1722 1813 Filii;
1743 1787 1805 1815 quae

1013 1832 1041 1855 et
1052 1827 1121 1858 dicit
1136 1835 1224 1862 neque
1244 1827 1278 1855 de
1297 1835 1345 1854 ore
1366 1827 1444 1861 ejus,
1468 1834 1556 1861 neque
1574 1826 1607 1853 de
1624 1833 1672 1853 ore
1688 1826 1804 1854 seminis

1013 1874 1073 1908 ejus
1094 1881 1232 1908 nunquam
1250 1880 1394 1900 recessura
1414 1873 1513 1900 amodo
1526 1877 1554 1900 et
1580 1880 1666 1908 usque
1684 1873 1710 1900 in
1732 1881 1805 1901 sem-

1013 1920 1174 1955 piternum?
1203 1919 1266 1947 Haec
1295 1919 1405 1954 quidem
1432 1923 1524 1946 essent
1550 1919 1633 1946 verba
1663 1919 1803 1953 Evangelii

1012 1966 1081 1994 Novi
1097 1966 1282 1998 Testamcnti,
1299 1975 1377 2002 qum,
1396 1966 1448 1994 etsi
1475 1970 1516 1993 tot
1532 1966 1573 1994 eis
1593 1966 1657 1994 olim
1680 1966 1803 1994 insidiati

1013 2015 1067 2042 sint
1082 2019 1108 2042 et
1124 2021 1198 2042 nunc
1214 2021 1301 2049 usque
1321 2013 1500 2044 insidientur,
1518 2020 1658 2048 nunquam
1674 2012 1803 2040 deﬁcient

1012 2067 1101 2095 neque
1133 2059 1262 2087 recedent
1288 2059 1322 2087 de
1346 2066 1394 2087 ore
1426 2059 1568 2086 rationalis
1597 2058 1803 2092 spiritualisque

1013 2106 1127 2133 seminis
1140 2105 1242 2133 Christi
1265 2104 1406 2132 Ecclesiae.
1432 2103 1506 2131 Dixit
1520 2104 1592 2131 enim
1623 2102 1753 2130 Dominus
1775 2106 1803 2129 et

1012 2152 1170 2187 praedicavit
1183 2159 1215 2180 ea
1231 2159 1286 2179 non
1302 2151 1444 2179 defectura
1461 2158 1494 2178 ex
1513 2150 1564 2178 hoc
1580 2157 1654 2177 nunc
1673 2153 1700 2176 et
1715 2156 1803 2183 usque

1012 2199 1039 2226 in
1066 2199 1206 2226 saeculum.
1233 2197 1351 2233 ideoque
1372 2197 1452 2232 juxta
1472 2196 1604 2224 Joannem
1632 2205 1642 2221 ‹
1668 2199 1801 2222 :eternum

170 2253 216 2272 να*
229 2244 270 2270 διδ
283 2245 329 2270 καὶ
343 2245 413 2271 κατά
424 2245 470 2271 τὸν
483 2245 609 2279 Ἰωάννην
625 2253 634 2269 ι
647 2243 754 2271 αἰώνιον
766 2243 933 2278 Εὑαγγέλιον
947 2254 956 2270 ν

1014 2245 1190 2280 Evangelium
1214 2244 1302 2272 visum
1331 2249 1373 2271 est
1399 2245 1444 2276 ³,»
1461 2242 1562 2270 Christi
1589 2241 1694 2269 scilicet
1716 2239 1803 2268 Evan-

169 2291 266 2326 ὁρᾶται
280 2290 310 2317 τὸ
324 2290 370 2316 τοῦ
387 2291 504 2325 Χριστοῦ
520 2291 694 2325 Εὐαγγέλιον.

423 2337 619 2363 ΚΕΦᾹΛΑΙΟΝ
647 2338 697 2363 AA‘
704 2357 711 2363 .

209 2392 218 2409 ι
230 2382 340 2418 Πνεῦμα
354 2382 456 2417 Κυρίου
469 2382 511 2407 ἐπ’
527 2382 587 2416 ἐμὲ,
603 2378 632 2408 οὗ
645 2382 737 2408 ἕνεκεν
751 2381 842 2417 ἔχρισέ
856 2390 889 2418 με
900 2390 906 2397 ·
925 2383 959 2416 Χ

170 2429 271 2464 Κύριος
289 2426 515 2463 εὐαγγελίσασθαι
526 2429 641 2462 πτωχοῖς
654 2427 807 2454 ἀπέσταλκε
821 2436 853 2464 με
862 2448 868 2460 ,
883 2428 959 2455 ἰάσα-

173 2475 233 2502 σθαι
254 2476 318 2507 τοὺς
344 2473 590 2510 συντετριμμένους
608 2473 657 2509 τὴν
680 2474 808 2510 καρδίαν,
841 2474 958 2510 κηρύξαι

171 2522 351 2559 αεχμαλώτοις
363 2522 469 2556 ἄφεσιν,
487 2520 534 2547 καὶ
547 2519 656 2554 τυφλοῖς
672 2520 828 2554 ἀνάϐλεψιν,
845 2521 958 2547 καλέσαι

169 2569 290 2596 ὲνιαυτδν
301 2569 403 2604 Κυρίου
411 2567 514 2599 δεκτὸν,
529 2567 576 2593 καὶ
590 2567 697 2602 ἡμέραν
707 2566 909 2598 ἀνταποδόσεως
924 2569 957 2602 Ἃ(

175 2614 209 2650 τῷ
218 2614 278 2650 Θεῷ
288 2614 365 2650 ἡμῶν
374 2623 381 2629 ι
396 2613 585 2650 παρακαλέσαι
596 2612 699 2644 πάντας
711 2613 773 2644 τοὺς
783 2612 958 2646 πενθοῦντας,

170 2661 278 2696 δοθῆναι
288 2662 342 2692 τοῖς
354 2660 480 2687 πενθοῦσι
494 2659 564 2686 Σιὼν
575 2659 654 2692 δόξαν
666 2659 726 2685 ἀντὶ
741 2659 850 2691 σποδοῦ,
865 2660 960 2696 ἄλειμ-

170 2716 209 2743 μα
222 2706 389 2742 εὐφροσύνης
399 2708 454 2738 τοῖς
470 2706 606 2737 πενθοῦσι,
624 2705 790 2741 καταστολὴν
803 2705 881 2743 δόξης
897 2708 958 2734 ἀντὶ

173 2753 323 2788 πνεύματος
343 2752 469 2788 ἀκηδίας’
491 2753 539 2779 καὶ
555 2752 736 2787 κληθήσονται
751 2752 843 2785 γενεαὶ
857 2752 957 2780 δικαιο-

170 2798 263 2834 σύνης,
281 2797 405 2832 φύτευμα
423 2798 523 2834 Κυρίου
536 2799 575 2829 εἰς
588 2798 674 2831 δόξαν.
692 2807 700 2823 ι
723 2799 751 2824 '0
769 2799 800 2825 ὲκ
814 2798 865 2833 τῆς
881 2799 957 2834 ῥίζης

206 2877 215 2892 ⁸
234 2875 286 2904 lsa.
306 2883 368 2909 tu,
389 2875 479 2903 19-21.
520 2877 527 2892 ¹
548 2876 631 2911 Ap:‘c.
652 2885 706 2909 nr,
725 2877 750 2903 6.

1013 2290 1122 2325 gelium.

1285 2335 1401 2363 CAPUT
1422 2334 1518 2362 XXXI.

1052 2393 1060 2408 ι
1078 2382 1198 2417 Spiritus
1222 2381 1330 2409 Domini
1354 2389 1438 2416 super
1460 2388 1521 2413 me,
1545 2387 1578 2408 eo
1597 2377 1671 2414 quod
1691 2377 1802 2406 unxerit

1013 2429 1144 2456 Dominus
1171 2436 1235 2456 me:
1263 2428 1296 2455 ad
1322 2426 1542 2455 annuntiandum
1566 2424 1701 2452 mendicis
1726 2420 1802 2451 misit

1013 2483 1072 2508 me,
1095 2478 1124 2502 ut
1147 2475 1273 2502 mederer
1295 2474 1422 2501 contritis
1445 2472 1545 2506 corde,
1569 2476 1597 2499 et
1623 2470 1800 2506 praedicarem

1012 2521 1126 2557 captivis
1147 2520 1362 2556 indulgentiam,
1381 2523 1408 2547 et
1428 2518 1532 2546 clausis
1555 2517 1746 2552 apertionem;
1770 2519 1801 2541 ut

1012 2567 1189 2603 praedicarem
1213 2574 1316 2594 annum
1341 2564 1501 2601 placabilem
1527 2563 1662 2594 Domino,
1686 2565 1713 2589 et
1728 2561 1799 2588 diem

1012 2613 1125 2640 ultionis
1146 2612 1202 2639 Deo
1224 2615 1336 2644 nostro;
1357 2615 1388 2639 ut
1408 2610 1567 2638 consolarer
1588 2616 1684 2636 omnes
1707 2607 1802 2643 lugen-

1011 2663 1072 2692 tes;
1088 2663 1118 2686 ut
1132 2666 1261 2694 ponerem
1278 2658 1435 2694 lugentibus
1451 2656 1517 2684 Sion
1537 2660 1564 2683 et
1579 2655 1674 2682 darem
1695 2654 1735 2682 eis
1754 2661 1802 2681 co-

1012 2713 1107 2733 ronam
1123 2712 1176 2741 pro
1188 2705 1298 2737 cinere,
1323 2705 1413 2732 oleum
1438 2703 1530 2738 gaudii
1551 2709 1601 2738 pro
1624 2702 1718 2732 luctu,
1740 2700 1800 2735 ρει-

1011 2753 1077 2780 lium
1093 2752 1182 2780 laudis
1197 2760 1245 2788 pro
1260 2752 1360 2788 spiritu
1378 2751 1505 2778 maeroris
1518 2759 1524 2777 :
1542 2754 1569 2777 et
1584 2749 1756 2776 vocabuntur
1769 2748 1799 2776 in

1011 2807 1044 2828 ea
1059 2799 1144 2828 fortes
1156 2799 1290 2835 justitiae,
1307 2797 1440 2834 plantatio
1458 2796 1565 2824 Domini
1581 2796 1615 2824 ad
1637 2794 1800 2831 gloriﬁcan-
