2035 3214
254 153 323 180 1255

600 150 733 178 l-ZL'SEBll
753 147 992 176 CESARIENSIS
1009 147 1085 174 OPP.
1106 145 1196 172 PARS
1214 145 1258 173 lll.
1274 160 1300 165 —
1329 144 1532 172 EXEGETICA.

1803 146 1873 172 i255

1829 204 1839 216 ι

251 211 316 239 dum
334 211 353 239 ‘.
369 220 379 237 ι
396 209 446 243 Qui
461 209 494 236 de
509 209 600 236 radice
615 208 692 235 Jesse
705 213 782 235 ortus
798 213 838 234 es:
854 207 934 234 Jesus
950 207 1030 234 Chri-

1089 204 1185 230 Ἰετσαὶ
1205 202 1344 239 προελθὼν
1367 203 1470 238 Ἰησοῦς
1496 204 1510 229 ὁ
1527 201 1641 238 Χριστὸς
1656 201 1704 228 τοῦ
1720 201 1789 228 Θεοῦ
1803 222 1810 233 ,
1828 203 1874 236 ἐφ’

252 262 311 284 stus
333 256 396 287 Dei,
413 258 439 282 in
461 263 541 290 quem
567 254 760 288 requieverunt
781 257 886 288 septem
909 253 957 281 Dei
975 254 1032 288 spi-

251 303 337 333 ritus,
353 301 487 336 justitiam
504 300 550 334 qui
567 299 679 331 dilexit,
704 299 816 334 oditque
838 299 1009 334 iniquitatem
1023 319 1031 331 ,

253 350 351 374 unctus
367 349 408 372 est
425 353 438 371 a
455 345 509 371 Deo
525 349 552 372 et
567 344 647 371 Patre
667 345 728 379 ejus
752 344 888 379 spirituali
909 345 1032 371 exsulta-

251 392 336 418 tionis
350 391 428 424 oleo;
448 390 494 425 qui
511 395 538 417 et
560 395 672 425 accepto
694 390 832 425 quondam
856 391 882 416 in
905 391 1032 417 manibus

253 437 328 464 Isaia:
346 437 415 464 libro
426 457 432 467 ,
451 441 573 471 tempore
589 444 643 472 quo
658 437 747 463 factus
764 440 822 462 erat
839 436 923 462 homo
934 456 941 467 ,
958 436 1033 463 hunc

251 483 309 518 ipse
333 483 397 518 legit
411 483 524 509 citatum
542 483 629 509 lacum
653 491 659 508 :
690 491 698 507 ι
720 481 822 509 Claude
837 483 952 513 librum,
976 483 1032 513 ait,

251 529 331 556 hodie
344 529 452 562 impleta
467 532 508 555 est
521 529 577 554 lucc
593 527 732 562 Scriptura
748 528 758 542 ²
772 535 778 559 ;
793 537 802 552 ι
813 527 871 562 ipse
884 527 955 554 enim
973 535 1034 554 vere

251 580 309 602 erat
332 582 347 601 a
374 573 455 601 Patre
477 573 596 604 missus,
621 573 809 608 evattgelilare
825 573 1034 608 regnutncmlo-

250 629 310 648 rum
325 620 490 656 pauperibus
505 620 604 654 spiritu
614 639 621 652 ,
635 619 736 654 quibus
751 618 821 645 dixit
833 628 840 645 :
853 628 862 644 ‹
877 618 952 646 Beati
967 626 1034 653 pau-

250 675 329 702 peres
355 666 474 701 spiritu,
503 665 567 700 quia
592 665 716 700 ipsorum
739 669 780 691 est
808 672 921 699 regnum
948 665 1033 692 caelo-

252 722 310 740 rum
329 714 360 747 ³;
383 723 391 739 ι
412 717 439 740 et
452 722 461 738 ‹
479 712 580 739 mederi
605 711 731 740 contritis
756 710 837 738 corde
853 721 861 736 ι
877 711 910 738 de
934 710 1034 746 quibus

250 759 352 786 dictum
368 762 410 786 est
428 768 434 786 :
451 769 459 784 ι
476 758 529 785 Cor
545 758 692 785 contritum
702 761 729 784 et
751 757 936 789 humiliatum,
949 756 1031 788 Deus,

250 813 305 832 non
320 804 454 839 despicies
473 804 493 831 ‘.
513 814 521 830 ι
536 803 670 831 Praeterea
695 808 721 830 et
745 804 936 830 annuntiatum
961 804 1035 831 venit

250 855 424 886 peccatorum
448 850 636 878 remissionem
656 850 690 877 iis
710 850 756 884 qui
778 850 854 884 prius
877 849 928 877 sub
954 849 1034 884 spiri-

1083 250 1113 276 ὃν
1129 249 1317 276 ἀναπέπαυται
1334 248 1368 275 τὰ
1379 249 1449 274 ἑπτὰ
1463 248 1509 274 τοῦ
1524 247 1590 274 Θεοῦ
1603 247 1754 282 πνεύματα,
1769 247 1873 274 iuta-.0-

1085 294 1166 329 σύνην
1183 295 1327 330 ἀγαπήσας
1343 295 1389 321 καὶ
1410 295 1525 329 μισήσας
1542 294 1670 328 ἀνομίαν,
1689 293 1801 328 ὲχρίσθη
1819 294 1874 320 ὑπὸ

1083 340 1130 366 τοῦ
1143 340 1209 367 Θεοῦ
1224 341 1270 366 καὶ
1280 340 1386 376 Πατρὸς
1401 340 1482 366 αὑτοῦ
1497 340 1535 374 τῷ
1546 339 1682 374 λεγομένῳ
1694 339 1873 374 πνευματιχῷ

1082 386 1132 420 τῆς
1147 386 1331 419 ἀγαλλιάσεως
1344 386 1439 420 ἐλαίῳ·
1455 385 1484 416 ὃς
1495 385 1541 411 καὶ
1551 384 1640 410 λαϐὼν
1653 393 1718 410 ποτε
1732 384 1801 418 μετὰ
1815 386 1874 418 χεῖ-

1085 441 1134 468 ρας
1155 433 1200 458 τὸν
1222 433 1335 459 Ἡσαΐαν
1354 432 1412 458 καθ’
1431 433 1460 458 ὃν
1480 432 1525 457 καὶ
1546 431 1748 467 ένηνθρωπὴκει
1764 431 1871 466 χρόνον,

1084 478 1217 512 ἀναγνούς
1234 487 1262 504 τε
1283 478 1331 513 τὴν
1347 478 1530 513 προκειμένην
1546 475 1714 512 περικοπὴν,
1746 486 1755 501 ί
1768 475 1873 508 πτύξας

1083 524 1113 549 τὸ
1141 524 1260 558 βιὸλίιν,
1283 524 1358 559 φησι,
1381 524 1503 559 Σήμερον
1527 523 1703 558 πεπλήρωται
1730 522 1746 556 ἠ
1775 521 1873 556 Γραφὴ

1084 569 1162 604 αὕτη.
1179 579 1188 594 ι
1218 569 1303 601 Αὐτὸς
1322 570 1376 604 γὰρ
1389 567 1422 604 ἦν
1434 569 1471 600 ὡς
1487 568 1593 603 ἀληθῶς
1610 569 1624 593 ὀ
1636 568 1690 593 ἀπὸ
1702 567 1749 593 τοῦ
1765 567 1873 602 [ἰατρὸς

1083 616 1244 649 ἀποσταλεὶς
1271 615 1496 650 εὐαγγελίσασθαι
1510 615 1559 650 τὴν
1574 614 1711 649 βασιλείαν
1724 613 1777 639 τῶν
1791 613 1874 648 οὐρα-

1084 661 1136 688 ννῖιν
1146 663 1202 693 τοῖς
1211 661 1249 696 τῷ
1261 662 1394 696 πνεύματι
1407 662 1534 696 πτωχοῖς,
1548 660 1613 696 πρὸς
1624 660 1671 691 οὓς
1681 660 1727 686 καὶ
1737 660 1871 694 ἔφασκεν·

1087 720 1096 734 ι
1109 709 1246 744 Μακάριοι
1266 709 1291 734 οἱ
1316 709 1347 742 (f.
1362 707 1395 734 59
1413 708 1454 742 γυ)
1479 707 1581 742 πτωχοὶ
1604 706 1643 741 τῷ
1660 706 1812 741 πνεύματι,
1833 707 1873 732 ὅτι

1085 756 1172 782 αὐτῶν
1195 756 1268 781 ἐστιν
1284 755 1300 789 ἡ
1317 753 1437 788 βασιλεία
1452 752 1505 779 τῶν
1520 752 1657 787 οὐρανῶν·
1671 761 1680 776 ι
1693 752 1741 778 καὶ
1757 761 1767 776 ι
1782 751 1873 777 ἰᾶσθαι

1084 803 1147 834 τοὺς
1160 802 1209 838 τὴν
1230 801 1343 836 καρδίαν
1360 799 1618 835 συντετριμμένους,
1631 808 1639 824 ι
1658 799 1722 834 περὶ
1742 795 1781 824 ὧν
1798 798 1874 833 εἴρη-

1085 855 1142 874 ταιθ
1166 856 1175 873 ‹
1188 846 1308 882 Καρδίαν
1323 845 1555 881 συντετριμμένην
1575 845 1621 871 καὶ
1638 844 1874 879 τεταπεινωμένην

250 897 332 924 tualis
371 896 622 923 Nabuchodonosor
658 895 803 930 tyrannide
831 895 1032 930 premebantur.

1084 894 1098 920 ὁ
1110 893 1176 924 Θεὸς
1191 893 1241 919 οὐκ
1255 891 1436 924 ὲξουδενώσει.
1450 901 1458 916 ι
1483 890 1554 926 Πρὸς
1566 890 1669 921 τούτοις
1682 890 1710 916 δὲ
1725 891 1771 917 καὶ
1785 890 1873 924 κηρύ-

250 940 366 975 ldeoque
381 940 538 967 confortans
563 940 632 967 dixit
648 940 797 975 paralytico
811 950 817 966 :
833 950 841 966 ε
856 940 906 966 Fili
917 961 924 972 ,
941 941 1035 968 remit-

251 990 345 1013 tuntur
366 986 413 1013 tibi
431 990 541 1021 peccata
555 986 576 1018 ⁵,
594 995 603 1012 ι
619 985 668 1013 sed
691 990 718 1013 et
741 986 796 1013 illis
812 986 913 1020 quibus
932 986 1033 1014 mentis

250 1032 322 1059 oculi
336 1032 440 1059 occlusi
455 1035 536 1066 sunt,
551 1032 653 1067 quique
679 1039 694 1058 a
719 1032 909 1066 spiritualibus
934 1032 1034 1059 alieni-

249 1078 326 1112 genis
335 1081 361 1104 et
373 1076 529 1112 Babyloniis
543 1078 615 1105 sicut
626 1077 742 1104 Samson
753 1081 781 1104 et
796 1076 926 1104 Sedecias
937 1077 1033 1104 caecati

249 1126 329 1154 sunt,
351 1123 440 1149 visum
460 1123 534 1150 venit
557 1122 724 1150 redditurus.
745 1121 774 1149 ln
797 1129 911 1148 numero
937 1129 1033 1149 eorum

248 1170 296 1204 qui
310 1169 399 1196 curati
413 1174 478 1196 sunt
492 1170 526 1197 ab
541 1177 574 1197 eo
588 1170 768 1204 corporaliter
783 1170 846 1196 czeci
861 1174 958 1201 erant,
973 1169 1033 1204 qui-

250 1217 301 1243 bus
315 1215 405 1242 visum
428 1215 567 1248 restituit,
589 1219 733 1250 postquam
751 1215 778 1242 in
795 1223 825 1242 se
838 1215 1032 1246 crediderunt,

250 1265 277 1288 et
292 1269 357 1288 voce
377 1268 475 1296 magna
500 1261 654 1288 clamabant
669 1271 676 1288 :
692 1270 702 1286 ι
719 1261 849 1289 Miserere
873 1261 971 1294 nobis,
996 1262 1032 1288 ﬁli

248 1306 334 1333 David
349 1307 369 1334 ‘.
386 1316 395 1333 ι
409 1306 459 1334 Hic
473 1313 515 1334 est
530 1307 602 1334 enim
617 1308 663 1342 qui
678 1309 784 1335 vocavit
797 1317 808 1334 ι
824 1315 924 1335 annum
939 1308 1034 1342 placa-

248 1353 330 1380 bilem
349 1352 467 1384 Domini,
480 1363 489 1378 ι
510 1361 590 1387 quem
600 1354 763 1380 annuutiare
787 1354 888 1388 cmpit,
909 1354 1033 1388 conjecto

249 1399 277 1425 in
292 1406 431 1425 carcerem
454 1398 575 1431 Joanne;
592 1399 638 1433 qui
654 1403 681 1426 et
700 1399 811 1426 edocuit
833 1407 946 1434 regnum
963 1399 1010 1426 Dei
1024 1419 1032 1433 ,

245 1443 435 1478 iudiciumque
456 1447 598 1476 nostrum,
616 1445 642 1471 in
659 1452 714 1479 quo
734 1445 863 1472 reddetur
884 1445 1033 1480 unicuique

247 1497 280 1517 ex
305 1489 395 1516 verbis
421 1494 447 1517 et
473 1490 612 1524 operibus.
639 1490 755 1526 lnsuper
778 1491 852 1518 venit
875 1492 910 1518 ad
931 1499 1032 1520 conso-

248 1534 344 1562 landos
358 1543 453 1563 omnes
468 1535 542 1563 luctu
559 1543 650 1563 coram
672 1536 728 1564 Deo
750 1541 863 1573 accepto
885 1538 1030 1573 lugentes;

1055 1563 1067 1572 ς

1085 938 1127 970 Ειι
1139 938 1234 972 ἄφεσιν
1249 936 1387 972 ἁμαρτιῶν
1400 935 1511 971 ἐλήλυθε
1526 937 1581 967 τοῖς
1595 935 1647 961 ὑπὸ
1660 934 1715 960 τῶν
1729 933 1798 969 (τοῦ)
1811 943 1874 969 var.-

1083 983 1136 1011 τῶν
1155 983 1223 1019 (τοῦ)
1243 982 1475 1017 Ναϐουχοδονόσορ
1496 980 1677 1016 αἰχμαλώτοις
1694 981 1792 1015 ἄφεσιν
1809 981 1873 1015 (sic)

1083 1030 1168 1056 πάλαι
1183 1029 1374 1064 γεγενημένος
1386 1037 1393 1044 ·
1411 1028 1451 1054 διὸ
1464 1028 1511 1054 καὶ
1526 1027 1634 1062 θαρῤὦν
1644 1027 1720 1061 ἔλεγε
1733 1027 1772 1062 τῷ
1784 1035 1875 1062 παρα-

1083 1074 1198 1109 λυτικῷ·
1221 1084 1230 1098 ι
1244 1074 1355 1104 Τέκνον,
1372 1072 1508 1106 ἀφεωνταί
1522 1080 1562 1098 σοι
1577 1072 1603 1098 αἱ
1614 1071 1746 1107 ἁμαρτίαι
1757 1080 1764 1086 ⁸
1779 1082 1788 1097 ι
1805 1071 1874 1098 ἀλλὰ

1083 1119 1130 1146 καὶ
1154 1121 1208 1150 τοῖς
1224 1119 1273 1154 τῆς
1287 1118 1404 1149 διανοίας
1423 1117 1577 1152 ὀφθαλμοὺς
1593 1117 1790 1152 βεὸλαμμένοις
1800 1138 1807 1149 ,
1827 1118 1874 1144 καὶ

1083 1165 1135 1191 ὑπὸ
1154 1165 1207 1191 τῶν
1230 1165 1331 1200 νοητῶν
1343 1164 1497 1197 ἀλλοφύλων
1514 1164 1561 1190 καὶ
1574 1163 1750 1190 Βαϐυλωνίων
1772 1164 1875 1198 ὁμοίως

1083 1211 1121 1246 τῷ
1135 1210 1251 1246 Σαμψὼν
1269 1211 1315 1237 καὶ
1331 1209 1370 1245 τῷ
1384 1209 1494 1244 Σεδεκία
1509 1209 1718 1244 ἐκτυφλωϐεἰσιν
1728 1229 1736 1240 ,
1756 1209 1874 1235 ἀνάϐλε-

1083 1257 1128 1292 ψιν
1148 1255 1260 1292 ἐλήλυθε
1276 1255 1416 1290 παρέξων
1441 1256 1470 1281 ἐν
1492 1255 1569 1290 μέρει
1596 1255 1625 1281 δὲ
1650 1255 1703 1281 τῶν
1725 1256 1772 1281 ὑπ’
1790 1255 1874 1282 αὐτοῦ

1084 1303 1308 1337 θεραπευομένων
1334 1300 1404 1337 ἦσαν
1417 1303 1463 1328 καὶ
1478 1303 1502 1327 οἱ
1523 1301 1673 1336 σωματικοὶ
1689 1301 1802 1336 τυφλοὶ,
1827 1301 1875 1331 οῦς

1083 1348 1230 1382 ἀναϐλέψαι
1246 1348 1378 1382 πεποίηκε
1394 1348 1590 1375 πιστεύσαντας
1602 1349 1640 1378 εἰς
1653 1348 1744 1380 αὑτὸν,
1759 1349 1806 1374 καὶ
1825 1358 1872 1383 με·

1082 1395 1116 1420 τὰ
1141 1394 1205 1429 βοῆς
1231 1394 1387 1429 εἰρηκότας
1419 1403 1428 1418 ε
1447 1394 1571 1429 Ἐλέησον
1585 1394 1658 1429 ἡμᾶς
1668 1415 1676 1427 ,
1693 1394 1734 1420 υἱὲ
1747 1395 1830 1421 Δαυῖδ
1841 1403 1847 1409 -
1861 1405 1870 1420 ι

1083 1437 1158 1472 οὗτος
1178 1440 1207 1466 δέ
1226 1441 1299 1466 ἐστιν
1314 1441 1328 1466 ο
1345 1439 1463 1471 καλέσας
1486 1449 1495 1466 ‹
1509 1440 1554 1466 τὸν
1577 1440 1670 1466 δεκτὸν
1685 1441 1809 1467 ὲνιαυτὶν
1827 1441 1874 1468 τοῦ

1082 1486 1184 1522 Κυρίου
1197 1507 1204 1519 ,
1219 1496 1227 1512 ι
1254 1486 1283 1513 ὂν
1303 1485 1419 1522 ἐκήρυξε
1435 1487 1503 1522 μετὰ
1520 1487 1569 1522 τὴν
1588 1488 1627 1519 εἰς
1642 1488 1672 1514 τὺ
1685 1487 1874 1524 δεσμωτήριον

1083 1532 1129 1558 τοῦ
1150 1532 1273 1559 Ἰωάννου
1295 1532 1433 1567 κάθειρξιν
1444 1553 1452 1565 ,
1479 1534 1524 1560 καὶ
1541 1533 1555 1559 ὀ
1570 1534 1678 1566 διδάξας
1691 1534 1726 1561 τὰ
1743 1536 1808 1569 περὶ
1824 1535 1874 1569 τῆς

248 1588 318 1616 quos
334 1584 361 1608 et
374 1580 470 1608 beatos
493 1581 641 1617 praedicat,
664 1581 779 1610 dicens:
795 1592 804 1608 ι
816 1567 895 1611 ’Βεδιί
915 1567 964 1618 qui
987 1567 1030 1611 lu-’

1086 1578 1223 1613 βασιλείας
1234 1577 1281 1604 τοῦ
1298 1578 1366 1605 Θεοῦ
1379 1598 1385 1610 ,
1403 1579 1495 1606 καὶτὰ
1514 1580 1576 1615 περὶ
1591 1580 1641 1614 τῆς
1653 1567 1791 1616 ἡμετέρας
1811 1567 1875 1615 κρί.

248 1631 330 1662 gent,
345 1627 472 1661 quoniam
488 1627 540 1662 ipsi
556 1627 773 1655 consolabuntur
785 1629 807 1655 ".
824 1639 833 1655 ι
848 1628 930 1656 Venit
946 1630 1030 1657 etiam

250 1676 280 1700 ut
301 1672 378 1701 daret
390 1682 400 1698 ι
416 1673 572 1708 lugentibus
595 1673 661 1700 Sion
681 1674 806 1709 gloriam.
822 1684 831 1701 ι
844 1674 960 1708 Quinam
982 1683 1031 1702 au-

249 1721 304 1745 tem
319 1721 412 1745 essent.
426 1718 482 1750 illi,
500 1718 554 1745 nisi
570 1720 617 1754 qui
634 1718 759 1754 ipsorum
774 1721 891 1755 patriam
906 1728 1031 1755 quzeren-

248 1768 300 1796 tes,
312 1764 485 1799 cmtestisque
495 1764 613 1792 civitatis
625 1765 652 1792 in
665 1765 861 1801 sempiternum
872 1767 1030 1794 memoriam

248 1810 426 1837 revocantes?
450 1810 545 1843 Qualis
568 1815 627 1838 erat
651 1811 713 1844 ille,
737 1811 795 1847 qui,
821 1812 952 1846 prazscius
976 1821 1031 1840 suae

248 1857 320 1892 apud
337 1857 462 1885 homines
478 1859 719 1891 commorationis,
735 1859 905 1886 exclamabat
919 1869 925 1886 :
944 1869 954 1884 (
973 1859 1030 1887 Heu

247 1902 332 1934 mihi,
352 1902 416 1937 quia
437 1903 572 1932 incolatus
588 1912 666 1932 meus
686 1905 862 1940 prolongatus
876 1909 918 1932 est
932 1905 942 1920 '
956 1906 962 1932 !
980 1915 989 1932 ι
1004 1910 1031 1933 et

249 1950 276 1977 hi
298 1957 428 1985 quoque,
449 1950 495 1985 qui
522 1958 605 1986 super
619 1951 732 1978 ﬂumina
755 1951 904 1987 Babylonis
930 1951 1031 1980 ﬂebant

247 2003 310 2023 cum
333 1996 544 2024 recordarentur
558 1996 625 2024 Sion
639 1998 662 2024 '.
681 1997 727 2025 His
743 1998 814 2025 enim
828 1998 954 2026 Christus
978 1998 1028 2026 Dei

247 2043 432 2070 consolatione
447 2042 560 2078 fungens
572 2050 654 2077 quam
669 2043 824 2078 lugentibus
846 2043 1028 2078 promiserat,

247 2088 321 2114 luctu
332 2088 471 2115 exsolutos
484 2087 644 2122 gloriﬁcabit
652 2107 659 2119 ,
673 2091 700 2115 et
712 2096 759 2122 pro
770 2088 862 2116 cinere
873 2096 927 2123 quo
940 2088 1029 2123 sparsi

247 2137 325 2161 erant
340 2133 367 2162 in
384 2133 434 2160 hac
453 2133 507 2160 vita
529 2134 669 2168 lugentes,
687 2133 786 2161 laetitia:
802 2134 892 2162 oleum
914 2138 1029 2169 praesta-

247 2178 306 2211 bit,
335 2186 438 2213 ungens
460 2183 487 2206 et
513 2187 560 2206 eos
584 2180 775 2208 exsultationis
802 2181 881 2212 oleo,
908 2186 940 2207 ut
963 2180 1029 2206 ﬁant

247 2225 404 2253 chrismatis
418 2230 445 2252 et
460 2226 534 2259 regni
551 2226 592 2252 sui
608 2226 754 2260 participes
765 2246 772 2258 ,
787 2225 866 2260 juxta
882 2226 940 2253 haec
953 2225 1026 2260 Apo-
1047 2241 1068 2268 ι)

247 2272 311 2299 stoli
332 2271 414 2299 verba
436 2280 442 2297 ε
460 2279 469 2296 ‹
485 2270 635 2305 Participes
654 2271 727 2298 enim
747 2271 850 2298 Christi
872 2271 960 2298 eliecti
982 2279 1030 2298 su-

248 2325 309 2344 mus
323 2317 354 2344 ‘°.
372 2326 381 2343 ι
397 2316 529 2344 Praeterea
547 2316 702 2351 lugentibus
716 2315 780 2343 Sion
796 2316 871 2343 dabit
884 2316 1011 2344 Christus
1021 2337 1028 2348 ,

245 2364 324 2397 juxta
334 2363 502 2398 prophetiam
511 2382 518 2394 ,
540 2371 549 2387 ι
561 2361 672 2396 pallium
687 2361 775 2389 laudis
788 2369 836 2396 pro
847 2361 945 2396 spiritu
964 2369 1032 2388 mee-

249 2410 337 2441 roris.
354 2409 400 2436 isi
420 2416 464 2436 res
484 2408 545 2435 vitae
566 2407 751 2442 neglexerint,
778 2407 919 2434 hominum
939 2407 1032 2442 operi—

249 2455 301 2481 bus
314 2453 466 2488 despectis;
483 2457 509 2480 et
527 2453 570 2480 hic
585 2453 701 2480 maxime
717 2453 857 2488 lugentes,
874 2460 929 2480 non
947 2453 1029 2480 modo

247 2501 375 2535 quoniam
391 2500 485 2535 procul
507 2499 554 2527 Dei
576 2500 708 2534 promissa
727 2499 867 2530 viderent,
883 2498 930 2526 sed
951 2503 978 2526 et
996 2506 1029 2526 eo

248 2547 336 2582 quod,
353 2552 461 2582 propter
477 2546 672 2573 humanitatem
689 2549 716 2572 et
731 2545 927 2580 benignitatem
949 2553 1026 2572 suam

247 2600 342 2620 eorum
364 2593 481 2620 miseriis
497 2596 523 2619 et
537 2591 677 2618 doloribus
693 2594 913 2625 compaterentur
929 2595 956 2617 et
975 2591 1028 2617 hoc

249 2638 337 2664 solum
359 2638 506 2672 apostolica
531 2645 598 2665 voce
621 2637 805 2664 exclamantes
820 2646 827 2662 z
844 2645 853 2661 ‹
869 2636 936 2669 Quis
952 2636 1030 2662 inlir-

250 2687 339 2709 matur
353 2688 379 2710 et
395 2691 444 2717 ego
459 2691 510 2710 non
530 2683 652 2710 inlirmor
664 2703 671 2714 ,
689 2682 750 2717 quis
766 2682 984 2713 scandalilatur,
1003 2685 1032 2709 et

249 2734 301 2761 ego
314 2735 366 2754 non
382 2737 444 2756 uror
461 2730 479 2744 “
493 2729 504 2755 ?
517 2739 526 2754 ι

289 2801 368 2836 [18³.
385 2811 427 2830 th
439 2825 445 2833 .
464 2806 518 2832 1-5.
555 2806 565 2820 ¹
585 2804 651 2831 Luc.
669 2813 705 2836 IV,
721 2805 766 2833 2!.

243 2835 262 2876 "
282 2835 375 2864 Matth.
393 2846 418 2870 ν,
434 2839 460 2866 4.
497 2842 508 2855 “
525 2838 596 2868 Psal.
613 2848 693 2874 cxnx,
710 2840 734 2867 5.
787 2842 796 2857 ³
817 2840 877 2868 Psal
905 2848 1001 2867 εκμιί
1013 2860 1019 2871 ,
1037 2839 1062 2866 1.

815 2806 824 2821 ³
845 2804 938 2832 Matth.
955 2813 980 2835 ν,
998 2805 1024 2832 5.
1063 2804 1074 2820 δ
1093 2804 1165 2833 Psal.
1183 2814 1215 2834 ι.
1238 2806 1279 2833 Π.

1085 1631 1153 1654 eam;
1165 1643 1172 1655 ,
1188 1624 1216 1649 ὲν
1260 1623 1366 1659 ἑκάστῳ
1386 1624 1438 1650 τῶν
1463 1625 1662 1660 πεπραγμένων
1679 1626 1694 1660 ἡ
1719 1627 1780 1652 κατ’
1794 1627 1874 1659 ἀξίαν

1085 1669 1277 1705 ἀποδοθήσεται
1292 1669 1363 1706 δίκη.
1381 1670 1453 1706 Πρὸς
1464 1670 1568 1702 τούτοις
1584 1671 1605 1697 δ’
1616 1671 1728 1706 ἐλήλυθε
1747 1681 1875 1708 παρακα-

1084 1715 1159 1741 λέσαι
1179 1715 1241 1746 τοὺς
1262 1715 1426 1747 πενθοῦντας
1438 1716 1467 1742 τὸ
1481 1716 1552 1743 κατὰ
1569 1717 1635 1743 Θεὸν
1649 1718 1790 1744 ἐπαινετὸν
1806 1719 1874 1745 πέν-

1085 1762 1129 1793 θος
1139 1769 1146 1776 ’
1173 1759 1213 1793 οἷς
1229 1762 1275 1788 καὶ
1297 1762 1470 1798 μακαρισμὸν
1487 1763 1654 1798 ἐπήγγελται
1666 1763 1749 1789 εἰπών
1759 1772 1765 1778 ·
1789 1773 1798 1789 ι
1812 1764 1874 1791 Μα-

1084 1806 1173 1842 κάριοι
1189 1807 1214 1832 οἱ
1237 1806 1396 1838 πενθοῦντες
1407 1826 1415 1836 ,
1432 1807 1472 1833 ὂτι
1486 1807 1564 1833 αὐτοὶ
1581 1804 1847 1843 παρακληθήσονται.
1861 1819 1871 1835 ι

1084 1851 1168 1879 ἿΙλϐε
1193 1852 1221 1879 δὲ
1244 1853 1289 1880 ἐπὶ
1311 1853 1415 1884 τούτοις
1429 1854 1475 1880 καὶ
1498 1853 1568 1889 ὑπὲρ
1593 1854 1640 1880 τοῦ
1656 1854 1763 1890 δοθῆναι
1793 1865 1802 1880 ‹
1818 1858 1874 1887 τοῖς

1085 1898 1211 1924 πενθοῦσι
1231 1898 1299 1925 Σιὼν
1317 1898 1405 1932 δόξαν.
1419 1909 1428 1924 ι
1447 1899 1526 1931 Τίνες
1544 1899 1564 1925 δ’
1581 1900 1614 1926 ἂν
1626 1898 1680 1926 εἶεν
1690 1902 1736 1927 καὶ
1752 1899 1842 1933 οὗτοι⁷
1857 1902 1873 1938 ἢ

1083 1945 1108 1970 oi
1122 1944 1170 1979 τὴν
1182 1944 1285 1971 ἑαυτῶν
1297 1944 1413 1980 πατρίδα
1423 1945 1577 1979 ζητοῦντες,
1592 1946 1639 1972 καὶ
1650 1946 1698 1981 τῆς
1709 1947 1873 1981 ἐπουρανίου

1084 1989 1186 2022 πόλεως
1211 1990 1297 2017 εἰσαεὶ
1312 1990 1360 2025 τὴν
1377 1992 1485 2026 μνήμην
1499 1990 1755 2027 ἀναζωπυροῦντες
1773 1990 1830 2024 οἷος
1840 1990 1872 2028 ἦν

1084 2037 1186 2068 ἐκεῖνος
1197 2057 1203 2068 ,
1218 2036 1248 2068 ὃς
1271 2036 1400 2071 πάροικον
1420 2038 1467 2063 καὶ
1482 2037 1671 2073 παρεπίδημον
1693 2038 1740 2064 ἐπὶ
1754 2038 1804 2073 τῆς
1821 2039 1873 2073 γῆς

1083 2083 1178 2109 ἑαυτὸν
1192 2083 1379 2118 ἐπιστάμενος,
1396 2084 1477 2110 καὶτὸ
1487 2094 1495 2110 ι
1508 2084 1597 2120 Οῐμοι,
1610 2094 1619 2111 ι
1628 2085 1797 2120 ἀνοιμώζων,
1809 2096 1818 2111 ι
1832 2087 1872 2113 ὁτι

1083 2130 1099 2164 ή
1118 2130 1247 2165 παροικία
1261 2139 1312 2165 μου
1325 2130 1482 2165 ὲμακρύνθη
1493 2139 1500 2146 ”
1514 2140 1523 2156 ›
1543 2130 1584 2157 ἔτι
1598 2140 1628 2157 τε
1645 2133 1669 2158 οἱ
1691 2133 1737 2158 ἐπὶ
1752 2133 1806 2160 των
1824 2141 1871 2159 πο-

1083 2176 1177 2211 ταμῶν
1187 2176 1344 2208 Βαϐυλῶνος
1357 2177 1494 2209 κλαίοντες
1511 2178 1540 2203 ἐν
1553 2177 1591 2212 τῷ
1606 2177 1757 2214 μνησθῆναι
1773 2180 1872 2211 αὐτοὺς

1082 2222 1132 2256 τῆς
1143 2221 1209 2248 Σιών
1218 2230 1224 2236 ”
1237 2221 1340 2254 τούτοις
1359 2222 1413 2257 γὰρ
1435 2220 1481 2248 οὖν
1494 2223 1508 2248 ὁ
1525 2221 1642 2258 Χριστὸς
1655 2223 1701 2250 τού
1717 2224 1786 2250 Θεοῦ
1800 2225 1871 2261 πλη-

1083 2269 1148 2304 ρῶν,
1162 2267 1194 2302 ἣν
1219 2269 1275 2298 τοῖς
1298 2267 1426 2293 πενθοῦσι
1442 2268 1574 2303 ὑπέσχετο
1589 2268 1777 2304 παράκλησιν,
1794 2269 1872 2303 δόξαν

1084 2312 1216 2340 ἀποδώσει
1231 2312 1408 2347 ἀπαλλαγεῖσι
1422 2313 1468 2339 τοῦ
1480 2313 1603 2345 πένθους,
1616 2314 1663 2340 καὶ
1674 2315 1734 2340 ἀντὶ
1744 2315 1794 2350 τῆς
1806 2323 1872 2341 σπο-

1080 2358 1126 2385 δοῦ
1136 2357 1168 2393 ἧς
1180 2359 1333 2385 ὲκονίσαντο
1343 2359 1414 2386 κατὰ
1422 2359 1468 2386 τὸν
1478 2359 1593 2386 ἐνταῦθα
1605 2360 1662 2394 βίον
1675 2360 1869 2396 πενθησαντες,

1080 2405 1199 2440 ἄλειμμα
1209 2406 1375 2441 εὐφροσύνης
1384 2406 1507 2442 παρέξει,
1519 2407 1602 2442 χρίων
1616 2407 1662 2434 καὶ
1674 2407 1775 2439 αὐτοὺς
1787 2408 1871 2443 ἐλαέῳ

1079 2451 1272 2484 ἀγαλλιάσεως,
1285 2452 1328 2478 ἵνα.
1337 2452 1468 2485 γένωνται
1479 2453 1528 2487 τῆς
1541 2452 1622 2479 αὑτοῦ
1635 2452 1742 2488 μέτοχοι
1753 2454 1871 2489 κρίσεώς

1077 2505 1108 2522 τε
1124 2498 1170 2524 καὶ
1185 2497 1332 2532 βασιλείας,
1350 2497 1418 2524 ὥστε
1436 2499 1483 2525 καί
1501 2499 1599 2530 αὐτοὺς
1612 2500 1698 2526 εἰπεῖν
1710 2508 1717 2514 ·
1737 2500 1870 2535 «Μέτοχοι

1077 2542 1132 2577 γὰρ
1145 2542 1191 2568 τοῦ
1208 2543 1324 2578 Χριστοῦ
1339 2543 1499 2578 γεγόναμεν.
1517 2553 1526 2568 ι
1543 2544 1602 2569 Ἔτι
1620 2543 1688 2578 πρὸς
1699 2542 1805 2575 τούτοις
1821 2544 1871 2570 δὼ-

1079 2595 1134 2614 σειν
1146 2588 1159 2613 ὁ
1170 2588 1287 2623 Χριστὸς
1298 2590 1353 2620 τοῖς
1367 2589 1493 2615 πενθοῦσι
1506 2588 1574 2615 Σιὼν
1586 2589 1788 2624 προφητεύεται
1803 2600 1812 2615 ι
1824 2600 1871 2616 χα-

1077 2633 1208 2669 ταστολὴν
1226 2633 1319 2668 δόξης,
1336 2635 1397 2661 ἀντὶ
1419 2634 1465 2661 τοῦ
1481 2634 1634 2669 πνεύματος
1646 2635 1696 2668 τῆς
1711 2635 1845 2670 ἁκηδίας,
1859 2647 1867 2660 ι

1078 2680 1124 2706 ἐπὶ
1141 2679 1185 2716 (εὶ)
1202 2682 1257 2712 τοῖς
1273 2680 1319 2707 τοῦ
1337 2680 1392 2716 βίου
1409 2681 1566 2716 πράγμασιν
1585 2680 1737 2715 ὴκηδίασαν
1748 2701 1756 2713 ,
1775 2682 1869 2716 ὧσπερ

1079 2725 1320 2762 δυσαρεστούμενοι
1342 2729 1402 2758 ταῖς
1423 2726 1477 2752 τῶν
1493 2724 1642 2761 ἀνθρώπων
1662 2728 1798 2762 πράξεσι·
1824 2729 1869 2755 x2".

1319 2807 1328 2822 '
1351 2805 1444 2834 Matth.
1464 2817 1508 2837 lx.
1524 2808 1551 2836 2.
1589 2809 1600 2824 ⁶
1620 2808 1716 2836 Matlll.
1733 2815 1788 2840 ΣΧ,
1806 2807 1851 2835 5|-

1103 2840 1124 2855 ¹⁰
1146 2841 1226 2869 ll.-br.
1246 2850 1293 2874 ιιι,
1315 2843 1355 2870 Η.
1394 2844 1414 2858 ¹¹
1437 2844 1457 2870 ll
1473 2846 1537 2871 Cor.
1555 2851 1601 2876 xt,
1620 2845 1663 2872 29.
