2035 3214
170 181 237 208 Ιὲἕῖ
681 174 825 207 Εειοωε
845 177 952 206 PROPH

1006 172 1085 206 iam.
1104 194 1136 199 _
1158 173 1222 206 LIB.
1242 171 1288 206 ιν.
1727 179 1796 207 1253

168 237 252 272 ταύτῃ
268 236 385 272 μάλιστα
399 234 567 269 πενθοῦντες,
581 236 611 262 οὐ
625 236 703 271 μόνον
713 235 757 262 διὰ
771 235 801 262 τὺ
815 235 955 270 πόρρωθεν
979 235 1091 271 θεωρεῖν
1105 234 1157 266 ’τὰς
1172 233 1218 261 τοῦ
1245 233 1311 260 Θεοῦ
1331 232 1498 268 ἐπαγγελίας
1509 252 1517 264 ,
1537 233 1605 260 ἀλλὰ
1630 234 1677 260 καὶ
1695 234 1740 261 διὰ
1765 236 1796 263 τὸ

167 286 309 321 συμπαθὲς
321 285 368 312 καὶ
382 285 571 321 φιλάνθρωπον
586 284 787 319 συμπάσχοντες
801 283 847 310 καὶ
863 283 1058 318 συναλγοῦντες
1066 284 1124 315 τοῖς
1143 281 1303 309 ἀσθενοῦσιν
1334 281 1435 308 ἑαυτῶν
1454 281 1557 316 μέλεσι,
1584 282 1630 310 καὶ
1654 284 1796 319 μονονουχὶ

168 333 283 368 βοῶντες
301 334 331 368 τῇ
346 333 392 359 τοῦ
410 332 570 359 Ἀποστόλου
587 332 711 363 διαθέσει,
723 332 775 367 τῷ,
795 331 862 364 ιΤίς
874 332 990 365 ἀσθενεῖ,
1008 332 1055 359 καὶ
1068 332 1118 358 οὐκ
1133 330 1253 363 ἀσθενῶ;
1277 330 1319 361 τίς
1350 329 1554 361 σκανδαλίζεται
1592 331 1639 356 καὶ
1664 331 1713 357 οὐκ
1740 331 1796 366 ἐγὼ

168 379 323 414 πυροῦμαις
338 388 347 404 ι

423 426 620 453 ΚΕΦΑΛᾹῘΟΝ
637 427 698 454 AB’.

205 479 214 494 ι
227 469 411 503 Ἀγαλλιάσθω
428 471 444 505 ὴ
461 470 531 506 ψυχή
548 480 597 506 μου
613 471 658 497 ἐπὶ
671 470 711 506 τῷ
720 471 829 506 Κυρίῳ·
849 471 956 496 ἐνέδυσε

167 515 222 551 γάρ
248 524 281 550 με
306 516 412 551 ἱμάτιον
433 516 577 551 σωτηρίου.
593 517 639 544 καὶ
655 517 755 552 χιτῶνα
770 517 954 552 εὐφροσύνηςο

167 562 314 598 περιέθηκέ
340 571 385 597 μοι
406 563 444 594 ὡς
461 563 569 598 νυμφίῳ
586 563 694 598 μίτραν,
715 563 762 589 καὶ
784 563 821 595 ὡς
847 563 955 599 νύμφην

166 608 357 642 κατεκόσμησε
370 617 403 643 με
419 609 521 644 κόσμῳ.
534 609 590 635 Καὶ
604 609 642 640 ὡς
655 609 705 644 γῆν
718 609 851 641 αὔξουσαν
867 609 897 635 τὸ
907 609 954 636 ἃν-

167 653 212 684 θος
227 654 322 689 αὐτῆς,
338 653 385 680 καὶ
398 653 434 685 ὡς
449 654 534 690 κῆπος
551 654 585 681 τά
598 655 741 690 σπέρματα
752 655 834 682 αὑτοῦ
849 655 956 682 ἀνατέλ-

165 697 217 730 λει,
232 698 318 730 οὕτως
334 699 455 726 ἀνατελεί
470 699 568 735 Κύριο;
591 700 691 736 Κύριος
714 699 894 736 δικαιοσύνην,
909 702 955 728 καὶ

167 744 324 780 ἀγαλλίαμα
340 745 458 772 ἐναντίον
475 746 582 772 πάντων
597 746 650 772 τῶν
665 746 758 772 ἐθνῶν.
775 757 783 772 ι
794 747 826 773 'II
841 747 888 773 τοῦ
901 748 956 773 Κυ-

168 790 226 825 ρίου
244 790 321 825 ἡμῶν
339 791 427 826 Ἰησοῦ
449 792 566 827 Χριστοῦ
587 792 669 828 ψυχὴ,
688 794 750 829 περὶ
763 791 796 829 ἧς
813 794 888 828 ἔλεγε
904 795 934 820 τό
946 802 952 809 ·

169 846 178 861 ε
194 837 346 871 Περίλυπός
359 838 432 864 ἐστιν
446 838 462 873 ἡ
474 838 545 874 ψυχή
559 848 621 875 μου,
635 849 643 864 ι
660 840 706 866 καὶ
723 841 752 866 τό
762 848 768 854 ·
788 850 796 865 ι
813 840 868 866 Νῦν
881 842 896 876 ἡ
908 841 955 875 do.

166 883 199 918 χή
215 891 265 918 μου
282 883 457 918 τετάρακται,
471 893 480 910 ι
499 885 542 910 ετξ
561 885 648 911 οὐδενὶ
664 885 717 912 τῶν
737 886 856 922 γενητῶν
871 887 954 920 ἀγαλ-

165 926 210 962 λιᾷ
225 928 272 954 καὶ
283 928 466 963 εὐφραίνεται,
482 929 497 964 ἣ
512 930 558 955 ἐπὶ
575 930 647 964 μόνῳ
667 930 706 966 τῷ
727 931 814 966 Πατρὶ
831 931 877 957 καὶ
900 932 954 957 Κυ-

168 971 216 1007 ρίῳ
225 981 232 987 ·
250 973 356 999 ἐνέδυσε
370 973 422 1009 γάρ
443 982 483 1000 τοι
506 974 587 1000 αὐτὸν
601 973 631 1000 τὸ
641 974 690 1009 τῆς
702 974 826 1010 θεότητος
837 975 953 1011 ἱμάτιον,

165 1018 213 1044 καὶ
225 1018 270 1044 τὸν
284 1019 333 1054 τῆς
349 1019 465 1054 ἀληθοῦς
477 1020 523 1045 καὶ
539 1015 644 1051 τελείας
660 1020 829 1056 εὐφροσύνης
843 1021 951 1056 χιτῶνα·

164 1062 233 1089 ἀλλὰ
252 1063 298 1090 καὶ
317 1064 334 1099 ἠ
352 1064 385 1099 (ὁ)
405 1065 454 1099 μὲν
471 1065 586 1099 νυμφίος
602 1065 707 1100 ὑπῆρχε
723 1066 770 1100 τῆς
788 1066 824 1101 μὴ
840 1066 953 1102 ἐχούσης

165 1108 259 1135 σπῖλον
280 1110 296 1145 ἢ
318 1110 409 1145 ῥυτίδα
425 1111 533 1146 νύμφης
550 1111 721 1146 Ἐκκλησίας,
738 1111 775 1142 ὡς
789 1111 896 1147 νυμφίῳ
913 1112 955 1147 μί-

164 1163 231 1190 τραν
245 1154 312 1191 αὐτῇ
330 1156 372 1190 (ᾧ)
390 1156 563 1192 περιέθηκεν,
577 1157 592 1192 ὴ
612 1157 639 1183 δὲ
654 1157 746 1192 νύμφη
760 1157 810 1192 τῆς
826 1157 955 1184 ἀνωτάτω

163 1199 211 1225 τοῦ
226 1200 309 1234 ψόγου
320 1200 454 1237 θεότητος,
465 1201 497 1237 ἣν
513 1201 550 1233 ὡς
565 1202 672 1237 νύμφην
687 1202 771 1237 αὐτὴν
782 1202 954 1238 κατεκόσμη-

165 1253 195 1272 σε
220 1245 259 1280 τῷ
276 1247 405 1281 πρέποντι
429 1246 562 1282 πνεύματι
579 1247 727 1283 Κυρίῳ(ου)
752 1247 860 1283 κόσμῳ·
888 1248 956 1274 ἀλλὰ

164 1292 211 1318 καὶ
227 1291 264 1323 ὡς
283 1291 398 1328 εῠφορον
423 1293 468 1319 καὶ
484 1292 589 1328 ἀγαθὴν
605 1294 655 1328 γῆν
669 1293 843 1328 ἐγεώργησεν
858 1293 953 1328 αὐτὴν,

163 1336 205 1364 ἔτι
220 1346 248 1363 τε
262 1337 299 1369 ὡς
313 1338 400 1373 κῆπον
415 1338 531 1370 αῦξοντα
547 1340 593 1365 καὶ
606 1338 736 1365 θάλλοντα
757 1340 812 1370 τοῖς
829 1339 857 1365 ὲν
881 1339 954 1374 αὐτῷ

164 1381 346 1418 βλαστήμασι,
361 1381 402 1415 οἷς
426 1385 473 1411 καὶ
497 1385 511 1411 ὁ
536 1385 620 1420 μέγας
636 1385 683 1412 τοῦ
705 1384 772 1411 Θεοῦ
792 1384 955 1420 παράδεισος

163 1429 421 1463 καταπεφυτεῦσθαι
443 1430 664 1464 λέγεται.Ἔσται
687 1429 714 1455 δὲ
739 1429 836 1461 ταῦτα,
861 1429 952 1464 φησὶν,

164 1474 226 1502 ἐπεὶ
239 1475 340 1507 δίκαιος
352 1475 389 1502 ὢν
403 1475 515 1512 Κύριος,
531 1477 578 1503 καὶ
589 1476 618 1503 οὐ
634 1477 711 1512 μόνον
727 1476 871 1508 Ἰουδαίων,
887 1477 954 1503 ἀλλὰ

165 1522 212 1547 καὶ
228 1521 312 1548 ἐθνῶν
324 1522 452 1558 ὑπάρχων
464 1522 539 1554 Θεὸς,
550 1522 667 1548 ἀνέτειλε
682 1523 731 1558 τὴν
745 1522 841 1550 ἑαυτοῦ
854 1522 954 1548 δικαιο-

166 1567 258 1603 σύνην,
275 1567 345 1594 τοῦτ’
361 1567 420 1594 ἐστι
438 1568 483 1594 τὸν
501 1567 615 1604 Χριστὸν
637 1569 730 1600 αὑτοῦ,
749 1569 868 1595 ἐναντίον
882 1569 952 1595 πάν-

163 1622 217 1639 των
232 1613 285 1640 τῶν
298 1613 330 1640 δι’
345 1613 426 1640 αὑτοῦ
442 1613 623 1640 πιστευόντων
636 1614 729 1640 ἐθνῶνι

418 1661 614 1687 ΚΕΦΑΛΛΙΟΝ
635 1660 695 1686 AI".

202 1706 320 1741 «Ἄρατε
337 1706 474 1741 σύσσημον
498 1707 538 1738 εἰς
559 1707 593 1732 τὰ
606 1706 754 1741 ἕονη.Ίδοὺ
770 1707 833 1741 γὰρ,
851 1706 953 1742 Κύριος

163 1752 289 1787 ἐποίησεν
306 1752 437 1778 ἀκουστὸν
459 1752 510 1784 ἕως
527 1752 640 1788 ἐσχάτου
655 1752 704 1787 τῆς
720 1753 781 1788 γῆς,
800 1752 902 1779 Εἴπατε
918 1754 949 1787 τῇ

163 1799 278 1834 θυγατρὶ
293 1798 362 1825 Σιών
374 1807 380 1814 ’
402 1798 466 1825 Ἰδού
482 1807 523 1825 σοι
539 1800 552 1826 ὁ
566 1798 660 1834 Σωτὴρ
678 1799 863 1834 παραγέγονεν
881 1799 950 1833 ἔχων

163 1845 208 1871 τὸν
232 1844 329 1871 ἑαυτοῦ
356 1845 449 1880 μισθὸν
465 1845 524 1880 μετ’
541 1845 633 1877 αὐτοῦ,
650 1845 697 1871 καὶ
722 1845 753 1871 τὸ
776 1844 856 1881 ἔργον
870 1845 950 1871 αὑτοῦ

163 1888 217 1923 πρὸ
232 1888 376 1923 προσώπου
392 1888 474 1915 αὑτοῦ
484 1897 491 1904 ’
509 1889 555 1915 καὶ
572 1889 679 1915 καλέσει
695 1889 774 1916 αὑτὸν
787 1889 850 1916 λαὸν
863 1890 949 1924 ἅγιον.

163 1933 365 1969 λελυτρωμένον
380 1934 432 1960 ὑπὸ
446 1934 547 1970 Κυρίου
558 1942 564 1949 ·
581 1935 612 1960 σὺ
624 1934 653 1960 δὲ
672 1934 794 1971 κληθήσῃ
807 1935 950 1970 ἐπιζητου-

165 1977 233 2013 μένη
243 1978 329 2010 πόλις,
345 1979 447 2005 καὶούκ
461 1979 738 2015 ὲγκαταλελειμμένη.
747 1989 808 2006 ›-‹
821 1980 868 2011 Τίς
876 1978 951 2012 οὗτος

162 2024 179 2050 ὁ
186 2024 405 2059 παραγενόμενος
414 2024 443 2056 ἐξ
451 2024 550 2060 Ὲδὼμ,
564 2025 689 2061 ἐρύθημα
705 2026 819 2060 ἱματίων
825 2026 907 2052 αὐτοῦ
919 2029 950 2053 ὲκ

163 2068 264 2104 Βοσόρς
278 2068 370 2101 Οὕτως
380 2069 480 2105 ὡραῖος
488 2071 516 2097 ὲν
525 2072 604 2105 στολῇ
614 2070 705 2102 αὑτοῦ,
714 2071 758 2107 βίᾳ
768 2072 835 2106 μετὰ
845 2071 949 2106 tax-30;;

169 2113 240 2148 Ἐγὼ
249 2114 406 2150 διαλέγομαι
413 2115 584 2150 δικαιοσύνην
596 2116 643 2142 καὶ
655 2116 742 2151 κρίσιν
752 2125 894 2152 σωτηριου.
903 2117 951 2143 Διὰ

162 2160 190 2186 τί
201 2169 246 2186 σου
261 2161 364 2196 ἐρυθρὰ
376 2161 411 2188 τὰ
426 2162 531 2197 ἱμάτια,
541 2162 588 2188 καὶ
601 2162 635 2189 τὰ
645 2162 782 2197 ἐνδύματα
793 2171 839 2188 σου
852 2163 889 2194 ὼς
898 2163 951 2189 ἀπὸ

163 2206 284 2240 πατητοῦ
300 2206 400 2240 ληνοῦ;
415 2207 524 2243 Πλήρης
539 2207 815 2242 καταπεπατημένης,
832 2207 877 2234 καὶ
897 2207 950 2233 τῶν

162 2250 247 2276 ὲθνῶν
258 2250 307 2276 οὐκ
320 2250 392 2276 ἔστιν
409 2251 478 2287 ἀνὴρ
496 2253 553 2287 μετ’
569 2251 647 2287 ἐμοῦ,
657 2253 704 2278 καὶ
719 2252 894 2288 κατεπάτησα
904 2252 952 2278 αὐ-

161 2298 225 2328 τοὺς
238 2297 267 2323 ὲν
282 2295 360 2331 θυμῷ
381 2305 442 2331 μου.
455 2307 463 2322 ι
481 2298 564 2325 Πάλιν
578 2299 695 2325 ἐνταῦθα,
706 2300 722 2333 ἡ
735 2298 885 2334 προφητεία
900 2307 952 2324 πα·-

163 2341 339 2378 ρακελεύεται
354 2341 445 2367 λαϐεῖν
463 2342 600 2378 σύσσημον
614 2345 677 2380 περὶ
691 2345 738 2379 τῆς
756 2343 785 2376 ἐξ
799 2343 952 2370 ὲθνῶνἙκ-

162 2388 288 2423 γλησίας,
306 2387 507 2423 ὑπισχνουμένη
530 2389 690 2420 ἐξάκουστόν
714 2398 740 2416 τι
764 2390 886 2426 ποιήσειν
906 2389 951 2415 τὸν

1280 422 1395 450 CAPUT
1414 421 1523 449 XXXII.

1045 479 1054 495 ε
1072 469 1194 497 Gaudeat
1206 470 1296 497 anima
1308 477 1367 496 mea
1380 469 1408 496 in
1425 469 1539 496 Domino
1553 479 1559 496 :
1574 470 1637 504 quia
1650 469 1738 498 induit
1751 479 1794 500 me

1006 515 1176 543 vestimentis
1197 516 1313 542 salutis:
1329 519 1357 542 et
1371 515 1530 542 indumento
1547 507 1662 550 justitiae
1675 516 1794 544 circum-

1006 560 1080 588 dedit
1093 569 1144 592 me,
1157 561 1235 595 quasi
1244 568 1374 595 sponsum
1384 559 1541 587 decoratum
1549 568 1661 593 corona,
1674 565 1700 588 et
1714 564 1793 596 quasi

1007 614 1134 642 sponsam
1148 611 1273 634 ornatam
1292 606 1439 634 monilibus
1456 606 1523 634 suis.
1540 606 1616 633 Sicut
1626 607 1699 634 enim
1718 611 1792 635 terra

1005 652 1109 687 profert
1124 659 1234 687 germen
1250 658 1330 678 suum
1340 670 1348 683 ,
1363 655 1390 678 et
1405 651 1477 678 sicut
1495 650 1590 678 hortus
1604 658 1697 678 semcn
1712 658 1792 679 suum

1005 698 1140 733 germinat
1150 718 1157 729 ,
1172 697 1212 725 sic
1228 697 1360 725 Dominus
1376 697 1447 725 Deus
1463 697 1626 732 germinabit
1636 697 1772 733 justitiam
1783 717 1791 730 ,

1005 748 1033 771 et
1057 743 1164 771 laudem
1192 750 1285 770 coram
1311 743 1448 770 universis
1474 743 1602 778 gentibus
1623 744 1641 770 ί.
1659 753 1668 769 ι
1684 743 1791 771 Domini

1005 789 1167 818 nostriJesu
1177 789 1280 816 Christi
1301 790 1408 821 anima.
1436 789 1468 816 de
1491 796 1544 824 qua
1567 789 1655 817 dixit:
1670 798 1679 815 ‹
1695 788 1792 817 Tristis

1005 839 1048 864 est
1070 836 1160 863 anima
1182 843 1242 863 mea
1261 837 1283 869 ¹,
1302 845 1311 861 ι
1328 840 1373 862 et:
1391 845 1399 860 ε
1415 834 1493 862 Nunc
1504 835 1594 862 anima
1614 842 1673 863 mea
1683 835 1792 862 turbata

1006 885 1047 908 est
1067 881 1089 913 ³,
1104 891 1113 906 ι
1128 881 1155 908 in
1176 881 1251 909 nulla
1271 884 1460 907 creaturarum
1484 879 1584 914 gaudet
1606 884 1633 907 et
1657 880 1791 911 exsultat,

1006 926 1058 953 nisi
1068 927 1103 957 ,in
1121 926 1181 953 solo
1196 925 1275 952 Patre
1290 929 1317 952 et
1331 925 1456 953 Domino.
1480 924 1570 952 Induit
1584 925 1658 952 enim
1672 932 1734 952 eum
1749 925 1792 952 di-

1005 971 1126 998 vinitatis
1142 971 1317 1002 vestimento,
1333 977 1458 1005 veraeque
1481 975 1508 998 et
1529 970 1657 1005 perfecta:
1678 970 1793 1005 iustitiae

1005 1017 1177 1044 indumento.
1194 1016 1248 1044 Sed
1263 1020 1290 1044 et
1306 1024 1424 1052 sponsus
1437 1017 1543 1044 exstitit
1553 1025 1641 1052 neque
1656 1017 1791 1044 maculam

1007 1071 1096 1098 neque
1115 1070 1210 1098 rugam
1225 1062 1349 1090 habentis
1364 1069 1473 1097 sponsae
1486 1061 1615 1090 Ecclesia:
1626 1083 1633 1095 ,
1649 1071 1710 1098 quae
1729 1070 1791 1090 eum

971 1102 993 1129 Β
1007 1110 1084 1144 quasi
1100 1117 1201 1136 corona
1225 1108 1422 1141 circumdedit,
1445 1116 1546 1144 sponsa
1565 1116 1631 1136 vero
1647 1109 1793 1145 integerri-

1006 1163 1057 1182 mae
1070 1156 1221 1183 divinitatis
1231 1175 1239 1188 ,
1254 1162 1337 1190 quam
1354 1154 1426 1182 velut
1441 1162 1570 1190 sponsam
1593 1155 1723 1190 praeclaro
1739 1155 1792 1182 Do-

1006 1202 1072 1228 mini
1099 1202 1198 1237 spiritu
1227 1201 1375 1229 decoravit.
1405 1202 1541 1231 Praeterea
1569 1202 1643 1230 sicut
1672 1202 1791 1229 fertilem

1005 1246 1195 1281 egregiamque
1207 1250 1309 1273 terram
1323 1246 1444 1274 excoluit
1457 1254 1516 1274 eam
1527 1267 1535 1279 ,
1548 1251 1629 1281 atque
1642 1245 1715 1273 sicut
1728 1245 1792 1271 hor-

1005 1297 1062 1318 tum
1085 1293 1283 1327 germinantem
1307 1296 1334 1320 et
1355 1292 1524 1328 germinibus
1548 1293 1606 1320 suis
1631 1291 1791 1322 ﬂorentem,

1004 1338 1104 1372 quibus
1121 1341 1148 1365 et
1163 1346 1279 1374 magnus
1294 1337 1341 1365 Dei
1357 1338 1502 1373 paradisus
1521 1342 1634 1365 ornatus
1649 1337 1733 1365 fuisse
1747 1336 1791 1363 di-

1005 1384 1087 1411 citur.
1104 1383 1166 1411 Haec
1178 1389 1271 1417 erunt,
1288 1385 1342 1416 ait,
1367 1388 1512 1419 postquam
1530 1384 1622 1419 justus
1639 1383 1768 1411 Dominus
1781 1381 1794 1417 ,’

1005 1437 1056 1457 nec
1083 1429 1164 1456 modo
1189 1428 1346 1457 Iudaeorum
1372 1429 1418 1457 sed
1443 1432 1470 1456 et
1495 1429 1614 1464 gentium
1638 1429 1792 1456 dominator

1005 1475 1088 1508 Deus,
1103 1484 1179 1504 suam
1193 1475 1539 1512 germinaveritjustitiam,
1554 1475 1581 1502 id
1595 1478 1637 1502 est
1651 1474 1791 1502 Christum

1004 1530 1102 1554 suum,
1125 1529 1218 1549 coram
1240 1522 1374 1550 universis
1399 1528 1459 1556 quae
1481 1521 1507 1547 in
1526 1527 1588 1548 cum
1613 1519 1790 1548 crediderunt

1004 1568 1141 1603 gentibus.

1270 1655 1384 1683 CAPUT
1404 1656 1522 1684 XXXIII;

1040 1711 1050 1728 σ
1069 1702 1178 1743 Elevate
1193 1701 1300 1736 signum
1317 1703 1351 1729 act
1366 1703 1492 1737 populos.
1511 1702 1580 1729 Ecce
1595 1700 1727 1730 Dominus
1742 1709 1790 1729 au-

1002 1748 1088 1775 ditum
1100 1747 1163 1775 fecit
1174 1747 1201 1774 in
1214 1747 1344 1774 extremis
1352 1751 1440 1775 term.
1452 1746 1539 1774 Dicite
1550 1746 1612 1774 ﬁlia;
1624 1747 1689 1774 Sion
1701 1756 1708 1774 :
1721 1746 1791 1775 Ecce

1004 1793 1129 1820 Salvator
1144 1797 1206 1820 tuus
1221 1794 1294 1820 venit
1310 1802 1317 1820 :
1331 1800 1395 1820 ecce
1411 1800 1517 1820 merces
1540 1792 1600 1827 ejus
1623 1800 1685 1820 cum
1701 1800 1748 1826 eo,
1764 1797 1791 1820 et

1003 1847 1071 1874 opus
1086 1839 1146 1874 ejus
1156 1846 1247 1866 coram
1258 1839 1315 1866 illo.
1331 1838 1363 1865 Et
1378 1839 1514 1866 vocabunt
1525 1846 1582 1871 eos,
1598 1839 1714 1874 populus
1724 1847 1790 1867 san-

1003 1891 1074 1916 ctus,
1092 1884 1224 1920 redempti
1254 1892 1269 1910 a
1296 1884 1420 1912 Domino.
1449 1883 1491 1912 ’I‘u
1511 1888 1601 1911 autem
1624 1885 1789 1912 vocaberis:

1002 1931 1120 1964 Qumsita
1135 1931 1231 1958 civitas
1257 1935 1283 1958 et
1299 1939 1355 1958 non
1381 1930 1540 1959 derelicta‘.
1561 1941 1569 1958 ι
1587 1947 1622 1955 —.—
1639 1941 1649 1958 (
1666 1931 1733 1965 Quis
1748 1937 1791 1960 est

1002 1979 1054 2006 iste
1066 1977 1112 2013 qui
1127 1977 1201 2005 venit
1217 1978 1251 2005 de
1268 1977 1350 2005 Edom
1361 1994 1370 2010 ,
1391 1978 1483 2005 tinctis
1500 1978 1620 2006 vestibus
1642 1979 1676 2006 de
1689 1979 1791 2007 Bosra?

1001 2022 1055 2050 Isle
1072 2022 1208 2049 formosus
1223 2022 1249 2048 in
1266 2022 1335 2050 stola
1350 2030 1410 2054 sua.
1427 2022 1554 2058 gradiens
1571 2023 1599 2050 in
1616 2023 1790 2051 multitudine

1002 2067 1168 2095 fortitudinis
1178 2059 1254 2094 suae?
1266 2067 1321 2103 Ego
1332 2067 1379 2102 qui
1393 2066 1641 2102 loquorjustltiam,
1653 2072 1679 2095 et
1687 2075 1788 2103 propu-

1001 2117 1097 2148 gnator
1112 2120 1172 2140 sum
1189 2112 1222 2139 ad
1245 2113 1414 2140 salvandum.
1429 2112 1519 2146 Quare
1539 2121 1603 2148 ergo
1617 2115 1730 2142 rubrum
1748 2120 1791 2142 est

1002 2159 1190 2186 indumentum
1205 2163 1298 2190 tuum,
1317 2164 1344 2186 et
1358 2159 1520 2186 vestimenta
1533 2164 1579 2186 tua
1594 2159 1666 2186 sicut
1679 2160 1790 2188 calcan-

1002 2205 1069 2231 tium
1087 2205 1114 2231 in
1131 2204 1276 2232 torculari?
1300 2203 1433 2232 Torcular
1457 2205 1558 2232 calcavi
1583 2206 1674 2238 solus,
1702 2211 1729 2234 et
1756 2207 1789 2235 de

1003 2251 1128 2286 gentibus
1138 2257 1194 2278 non
1209 2256 1251 2278 est
1258 2250 1300 2278 vir
1315 2258 1423 2278 mecum
1440 2260 1446 2278 ἲ
1465 2251 1568 2278 calcavi
1582 2259 1630 2279 eos
1653 2253 1680 2279 in
1699 2252 1789 2280 furore

1002 2297 1091 2324 meo“.
1110 2306 1120 2322 ι
1134 2295 1232 2323 Iterum
1249 2296 1293 2323 hic
1307 2295 1448 2332 prophetia
1460 2296 1538 2331 jubet
1550 2298 1673 2332 accipere
1681 2297 1788 2333 signum

1002 2342 1036 2369 de
1048 2342 1167 2377 gentium
1186 2341 1317 2373 Ecclesia,
1332 2343 1493 2376 promittens
1507 2343 1579 2378 quod
1592 2342 1724 2373 Dominus
1740 2353 1789 2372 au—

1002 2387 1089 2415 ditum
1104 2388 1184 2415 faciet
1200 2396 1288 2423 usque
1302 2388 1336 2415 ad
1352 2392 1472 2416 extrema
1496 2392 1592 2422 terrae;
1608 2390 1680 2425 quod
1695 2394 1722 2418 et
1738 2391 1789 2418 im-

161 2434 265 2470 Κύριον
287 2433 339 2464 ἓως
361 2433 475 2468 ἐσχάτου
498 2433 547 2468 τῆς
570 2434 619 2469 γῆς
630 2443 638 2449 ·
654 2435 668 2460 ὃ
682 2435 728 2461 καὶ
743 2434 829 2470 πέρας
844 2435 951 2470 εἴληχεν

1003 2434 1311 2470 pletumestSalvatoris
1322 2435 1409 2462 nostri
1417 2434 1623 2470 Iesujadventu,
1639 2436 1667 2464 in
1679 2444 1788 2465 omnem

163 2479 234 2516 (φεν)
249 2480 295 2506 ἐπὶ
305 2481 337 2515 τῇ
351 2479 397 2506 τοῦ
411 2479 537 2514 Σωτῆρος
550 2479 627 2514 ἡμῶν
650 2480 735 2515 Ἰησοῦ
751 2482 896 2517 παρουσίᾳ,
910 2483 950 2512 εὶς

162 2527 252 2554 πᾶσαν
267 2526 316 2562 τὴν
334 2526 386 2561 γῆν
401 2525 554 2560 ἐξελθόντος
570 2525 616 2552 τοῦ
637 2526 755 2561 φθόγγου
769 2526 823 2553 τῶν
837 2528 950 2555 ἀποστό-

160 2574 216 2600 λων
230 2572 323 2604 αὐτοῦ,
342 2573 387 2599 καὶ
410 2573 450 2604 είς
472 2571 506 2598 τὰ
529 2572 633 2608 πέρατα
650 2573 698 2608 τῆς
721 2574 882 2609 οἰκουμένης
895 2575 949 2602 τῶν

163 2618 293 2654 ῥημάτων
309 2618 407 2645 αὐτῶν.
417 2618 496 2654 Ἑξῆς
506 2619 612 2653 εἴρηται
623 2627 629 2633 ·
651 2627 661 2644 ι
674 2619 775 2645 Εἴπατε
790 2622 849 2651 ταῖς
866 2620 950 2654 θυγαη

160 2663 244 2700 τράσι
256 2663 334 2690 Σιών.
351 2674 360 2689 ι
376 2663 485 2699 (δηλαδὴ
502 2665 561 2695 ταῖς
576 2663 606 2696 ἐξ
618 2664 890 2700 ἐθνῶνῈκκλησίαις·
906 2663 952 2693 αὖ-

161 2718 208 2737 ται
226 2709 281 2744 γάρ
296 2718 336 2736 τοι
350 2710 496 2745 θυγατέρες
508 2709 541 2736 ἂν
558 2707 612 2736 εἶεν
628 2710 677 2745 τῆς
690 2711 850 2746 ἐπουρανίου
864 2712 932 2738 Σιὼν
942 2733 949 2744 ,

164 2766 175 2782 ί
189 2757 249 2792 ἥτις
272 2756 330 2782 ἐστὶ
353 2756 445 2792 μήτηρ
466 2756 544 2791 ἡμῶν
566 2766 575 2782 ι
601 2756 671 2783 κατὰ
690 2757 736 2783 τὸν
753 2757 950 2793 Ἀπόστολον·)

165 2813 175 2829 ι
187 2803 252 2830 Ἰδού
269 2811 308 2829 σοι
322 2803 335 2829 ὀ
353 2802 446 2837 Σωτὴρ
460 2802 637 2837 παραγίνεται
653 2803 723 2838 ἔχων
738 2804 784 2830 τὸν
797 2803 892 2830 ἑαυτοῦ
904 2813 950 2839 μι-

200 2862 209 2898 ξ
231 2853 281 2888 Isa.
300 2868 361 2898 ut.
378 2861 421 2893 10,
444 2861 485 2887 Η.
524 2862 533 2876 '
555 2861 649 2890 Matth.
668 2871 747 2898 xxvi,
765 2863 810 2892 38.

165 2897 175 2912 '
190 2896 250 2924 Gal.
270 2904 307 2928 iv,
325 2895 369 2923 '26.

283 2941 419 2972 Ρλτιιοι.
436 2940 494 2972 Gn.
508 2941 612 2973 XXII.

868 2864 879 2880 ³
898 2863 977 2892 Joan.
994 2871 1033 2891 xu
1042 2864 1096 2897 ,27.

1004 2485 1104 2514 terram
1122 2479 1220 2508 diil'usa
1232 2481 1416 2516 apostolorum
1437 2481 1496 2517 ejus
1515 2481 1717 2517 praedicatione,
1726 2492 1789 2511 ver-

1003 2527 1099 2562 bisque
1121 2534 1213 2554 eorum
1239 2527 1273 2554 ad
1298 2531 1418 2554 extrema
1445 2530 1535 2554 terrae.
1562 2527 1628 2555 Dein
1650 2527 1751 2556 dicitur
1781 2540 1787 2556 :

1006 2582 1015 2599 ε
1033 2573 1119 2601 Dicite
1134 2572 1240 2600 ﬁliabus
1259 2572 1324 2600 Sion
1341 2582 1350 2598 I
1368 2573 1497 2608 (gentium
1519 2573 1624 2601 scilicet
1640 2573 1785 2602 Ecclesiis:

1003 2619 1067 2654 ipsa:
1074 2619 1146 2646 enim
1160 2619 1221 2646 tiliae
1234 2622 1297 2646 sunt
1313 2618 1433 2646 cmlestis
1456 2618 1531 2651 Sion,
1549 2629 1558 2645 ι
1573 2627 1634 2655 quae
1645 2624 1688 2648 est
1702 2625 1789 2648 mater

1001 2670 1107 2698 nostra,
1127 2674 1138 2692 ›
1151 2665 1230 2701 juxta
1244 2665 1403 2701 Apostolum
1416 2665 1454 2701 '):
1471 2675 1480 2691 ι
1502 2665 1571 2694 Ecce'
1585 2666 1708 2694 Salvator
1724 2671 1788 2694 tuus

1001 2713 1086 2744 venit,
1100 2720 1163 2740 ecce
1178 2719 1282 2739 merces
1294 2712 1353 2746 ejus
1365 2719 1428 2739 cum
1444 2719 1486 2744 eo,
1505 2722 1515 2738 ›
1527 2715 1554 2739 et
1565 2713 1680 2748 reliqua,
1689 2714 1788 2749 quibus

1001 2757 1153 2786 ostenditur
1180 2757 1317 2786 secundus
1340 2756 1442 2785 Christi
1457 2757 1600 2790 adventus,
1617 2766 1680 2786 cum
1703 2759 1788 2794 judex

1001 2805 1100 2838 veniet,
1136 2803 1251 2832 reddens
1282 2804 1426 2838 unicuique
1448 2803 1530 2838 hujus
1566 2804 1628 2832 vita:
1651 2805 1787 2834 factorum

1526 2861 1536 2877 '
1555 2860 1607 2889 Isa.
1623 2871 1690 2892 uni
1702 2886 1710 2897 ,
1727 2865 1784 2893 1-3.

1565 2944 1605 2976 ιο

1147 2860 1174 2879 δ’
1189 2870 1228 2890 sa.
1254 2861 1400 2898 “11,10,
1429 2861 1471 2890 Η.
