2035 3214
267 154 338 183 ηδε)

617 150 751 180 EL'SEBII
770 150 1012 179 CESARIENSIS
1028 151 1103 180 OPP.
1123 151 1213 180 PARS
1233 151 1277 179 111.
1297 166 1333 172 -—
1350 149 1555 180 EXEGETlCA.

1831 153 1895 180 ιρις)

266 213 438 245 ιλιοιτοὰεω,
473 211 691 247 flagitiorumque
724 219 785 248 quae
814 212 878 247 quis
915 212 1044 240 admiseri

1109 214 1181 246 σθὸν,
1197 223 1206 240 ι
1224 213 1271 240 καὶ
1292 213 1326 240 τὰ
1342 213 1446 245 τούτοις
1461 212 1534 248 ἑξῆς,
1550 212 1583 239 δι’
1600 208 1637 239 ὧν
1653 212 1780 248 δηλοῦται
1804 214 1821 248 ἡ
1842 213 1896 240 δεν-

265 268 385 297 ptnnam.
399 259 466 287 Dein
480 259 652 294 interrogans
663 258 758 294 adjicit
775 266 885 287 sermo:
906 268 915 286 ι
937 260 1004 293 Quis
1015 264 1058 289 est

265 307 318 334 iste
332 305 379 341 qui
394 304 511 333 venitde
525 304 621 337 Edom,
633 305 726 332 tinctis
743 305 863 333 vestibus
887 305 921 333 de
938 305 1028 342 Bosral
1045 315 1054 332 ι

257 352 348 391 ἱ((ιιιολι
362 351 556 385 interpretatur
584 351 751 387 terrestris»
767 360 776 377 ι
796 352 847 379 iste
863 351 1001 380 formosus
1028 353 1056 380 in

266 398 336 426 stola
350 397 419 425 sua?
433 406 442 423 ι
467 396 524 424 Hoc
549 396 655 424 videtur
671 397 761 426 dicere
775 401 802 426 et
816 402 878 433 post
888 398 1056 426 incarnatio-

264 451 336 475 nem,
346 446 373 470 et
387 447 448 478 post
457 443 684 475 exinanitionem,
695 448 722 471 et
738 443 766 471 in
781 447 854 472 terra
862 445 1054 472 commoratio-

263 497 336 521 nem,
352 493 379 516 et
396 489 548 523 passionem
562 510 570 523 ,
597 494 625 517 et
642 489 676 516 ad
690 494 814 518 mortuos
836 490 1054 524 descensionem,

262 533 412 562 admiratus
439 533 669 568 pulchritudinem
696 538 723 562 et
752 535 880 563 decorem
903 534 1054 564 Salvatoris

262 581 322 608 sine
341 581 395 607 ulla
405 580 606 613 commistione,
623 588 711 618 neque
726 589 832 617 rugam,
848 589 937 617 neque
962 590 1055 609 macu-

262 625 326 658 lam,
340 635 428 662 neque
452 627 650 654 deformitatem
673 635 689 654 e
714 628 838 655 terrestri
861 628 1053 664 corporalique

261 672 428 701 habitatione
449 673 553 701 medias
570 673 639 700 inter
668 681 712 701 res
730 673 871 701 hominum
897 675 1050 703 consecuti.

261 718 317 758 Imp
334 718 519 747 fortitudinem
543 719 602 754 ejus
625 727 789 755 magnopere
815 720 986 755 admiratur,
1004 722 1050 758 qui

260 755 368 792 omnem
384 765 483 792 diaboli
499 766 648 794 exercitum
667 767 823 796 debellavit.
841 769 923 796 Addit
943 755 1026 805 igitur
1042 779 1048 797 ε

262 821 271 836 ι
287 810 354 844 Quis
367 811 419 838 iste
434 811 572 839 formosus
591 811 620 839 in
638 813 708 840 stola
719 821 779 845 sua,
795 813 924 849 gradiens
940 814 966 842 in
983 815 1051 842 mul-

260 859 374 887 titudine
385 859 554 888 fortitudinis
568 859 645 887 suae?
662 869 672 886 »
688 859 729 887 Ad
751 867 833 895 quam
856 860 1050 896 interrogatio-

1107 260 1174 295 τέρα
1186 259 1232 286 τοῦ
1248 258 1365 295 Χριστοῦ
1382 259 1526 294 παρουσία,
1546 258 1589 284 ("ne
1605 258 1701 294 κριτὴς
1719 258 1779 293 ἥξει
1793 258 1894 285 ἀποδώ-

1108 314 1161 332 σων
1177 306 1284 340 ἑκάστῳ
1297 304 1352 331 τῶν
1376 305 1422 331 ἐπὶ
1442 303 1488 330 τοῦ
1507 303 1640 339 παρόντος
1663 303 1752 330 πόνων
1777 304 1840 335 τοὺς
1855 312 1896 339 μι-

1107 351 1197 383 σθοὺς,
1212 351 1258 377 καὶ
1282 347 1319 377 ὧν
1344 350 1458 381 ἕκαστος
1474 349 1582 384 φαύλων
1605 348 1752 384 εἰργάσατο
1779 348 1827 375 νῦν
1850 349 1895 380 τὰς

1106 396 1230 431 ἀμοιϐάς.
1240 396 1317 431 Ἑξῆς
1330 395 1433 426 τούτοις
1445 395 1526 422 οἱονεὶ
1540 394 1686 430 ἐπερωτῶν
1700 395 1714 420 ὁ
1727 394 1810 428 λόγος
1823 395 1893 430 φησί-

1108 453 1117 469 ι
1132 444 1179 475 Τίς
1195 440 1294 475 οὗτοςὸ
1306 442 1522 478 παραγινόμενος
1536 441 1566 473 ἐξ
1579 440 1679 476 Ἐδὼμτ
1695 440 1824 476 ἐρύθημα
1834 443 1894 477 ίμα-

1104 490 1178 522 τὶων,
1202 500 1211 516 ›
1229 489 1264 525 (ὃ
1278 489 1458 525 ἑρμηνεύεται
1477 487 1603 523 γήϊνος.)
1621 487 1770 523 «ἐρύθημα
1785 488 1895 522 ἱματίων

1104 536 1136 562 ἐκ
1149 536 1234 571 Βοσόρ
1244 545 1250 551 ·
1268 535 1354 567 οὕτως
1369 535 1469 571 ὡραῖος
1487 535 1515 561 ἐν
1525 534 1557 570 (f.
1569 533 1604 560 60
1617 534 1659 568 νο)
1676 534 1773 569 στολῇ;
1792 544 1801 559 ι
1815 534 1896 561 Τοῦτο

1103 581 1131 609 δὲ
1149 581 1235 609 ἔοικεν
1257 581 1395 618 εἰρηκέναι
1413 580 1615 616 ἀποθαυμάζων
1638 579 1669 606 τὸ
1692 580 1739 606 καὶ
1761 580 1829 615 μετᾶ
1850 580 1894 615 τὴν

1102 628 1308 664 ὲνανθρώτιησιν
1323 627 1370 654 καὶ
1398 627 1447 663 τὴν
1462 627 1586 659 κένωσιν,
1602 627 1649 654 καὶ
1662 628 1710 662 τὴν
1722 626 1767 653 ἐπὶ
1779 626 1831 661 γῆς
1841 627 1895 653 δια-

1101 673 1207 710 τριϐὴν,
1225 674 1272 700 καὶ
1296 673 1364 708 μετὰ
1385 673 1416 699 τὸ
1437 671 1521 704 πάθος
1546 673 1592 699 καὶ
1605 672 1653 708 τὴν
1667 671 1779 698 κάθοδον
1794 671 1843 707 τὴν
1858 673 1893 703 εἰς

1101 720 1225 755 νεκροὺς,
1240 720 1340 755 ὡραῖον
1357 719 1403 746 καὶ
1419 718 1545 754 λαμπρὸν
1569 718 1616 744 τοῦ
1638 718 1753 750 κάλλους
1776 718 1823 744 τοῦ
1840 718 1893 744 Σω-

1100 766 1183 801 τῆρος
1203 766 1232 792 ἐν
1252 765 1346 801 μηδενὶ
1362 764 1553 799 συγχυθέντος,
1571 764 1639 799 μηδὲ
1653 763 1737 799 ῥύπον
1756 764 1827 799 μήτε
1845 763 1893 798 μὴν

1100 810 1196 846 κηλίδα
1210 810 1256 837 καὶ
1269 810 1361 837 σπῖλον
1375 810 1428 836 ἀπὸ
1441 810 1490 845 τῆς
1507 809 1601 844 ὑλικῆς
1614 810 1660 835 καὶ
1677 808 1836 844 σωματικῆς
1851 817 1893 834 κα-

1099 856 1255 888 ταστάσεως
1271 855 1324 882 τῶν
1340 864 1368 881 τε
1384 855 1485 890 γηΐνων
1507 855 1554 882 καὶ
1575 854 1750 890 ἀνθρωπείων
1769 853 1894 889 πραγμά-

259 913 319 932 nem
330 904 454 933 Salvator
462 904 723 940 respondet,docens
732 906 793 940 quis
802 905 1045 941 esset,diccnsque:

1103 909 1156 927 των
1167 901 1365 937 ἀναδεξαμένου
1378 909 1385 916 °
1404 901 1443 928 ἔτι
1458 901 1486 927 δὲ
1500 901 1546 927 καὶ
1559 900 1608 936 τὴν
1624 901 1700 936 ἰσχὺν
1715 900 1798 927 αὑτοῦ
1814 909 1895 926 κατα-

260 961 270 976 ι
286 951 342 986 Ego
356 950 402 986 qui
416 951 512 987 loquor
528 951 674 987 justitiam.
691 956 717 979 et
736 958 923 987 propugnator
942 960 1002 980 sum
1017 952 1051 980 ad

258 997 427 1024 salvandum.
448 1007 457 1023 ι
477 996 638 1032 Rursusque
654 997 687 1024 ad
703 1005 766 1025 eum
784 1005 874 1025 sermo
888 998 966 1033 quasi
989 1006 1050 1033 pro-

258 1047 316 1076 pter
330 1042 485 1077 passionem
500 1041 566 1069 dicit
580 1051 586 1069 :
603 1051 612 1067 ι
626 1042 716 1074 Quare
731 1049 796 1076 ergo
811 1042 924 1070 rubrum
942 1046 982 1070 est
1007 1043 1050 1069 in-

256 1086 414 1114 dumentum
431 1086 528 1113 tuum?
547 1095 556 1111 ι
570 1090 597 1113 et
611 1093 671 1120 qua:
686 1090 849 1122 sequuntur.
872 1087 957 1120 Quasi
976 1088 1049 1115 enim

256 1132 350 1166 Agnus
363 1131 420 1162 Dei.
433 1132 531 1160 tollens
556 1133 584 1160 in
599 1133 717 1167 seipsum
737 1137 848 1169 peccata
865 1133 971 1165 mundi,
986 1142 1045 1169 pec-

256 1178 324 1217 catis
339 1178 442 1205 nostris
456 1178 538 1205 rubra
561 1178 650 1206 induit
675 1179 848 1207 vestimenta.
877 1179 1049 1215 Quapropter

255 1227 282 1250 et
295 1223 322 1250 in
339 1224 472 1251 lacuaria
488 1224 619 1259 propheta
637 1225 757 1252 dicitur:
775 1235 784 1251 ι
798 1224 878 1253 Jesus
894 1230 954 1253 erat
968 1227 1049 1253 indu-

255 1272 300 1297 tus
315 1270 436 1297 vestibus
456 1270 574 1298 sordidis
589 1271 609 1297 ¹.
634 1280 643 1296 ι
662 1270 724 1298 Haec
740 1271 812 1299 enim
830 1277 907 1299 erant
921 1276 1048 1306 pem-ato-

254 1321 314 1342 rum
331 1319 486 1342 nostrorum
502 1315 672 1343 indumenta.
689 1315 751 1343 ideo
768 1317 849 1351 paulo
863 1317 990 1351 superius
1005 1317 1048 1344 di-

255 1364 328 1387 ctum
345 1365 423 1388 erat:
443 1370 452 1386 ι
469 1360 518 1388 llic
535 1361 693 1396 iniquitates
718 1366 827 1388 nostras
851 1362 928 1393 tulit,
951 1366 978 1389 et
996 1370 1046 1396 pro

255 1405 333 1432 nobis
346 1413 444 1440 passus
459 1409 510 1433 est.
535 1415 545 1432 ι
563 1406 622 1441 Ipse
636 1406 707 1433 enim
723 1416 732 1432 ι
747 1406 918 1441 iniquitatem
939 1415 993 1434 non
1006 1407 1045 1435 fe-

225 1479 228 1482 ,
254 1451 302 1481 cit.
317 1459 404 1486 neque
417 1451 544 1479 inventus
554 1456 596 1481 est
608 1452 687 1480 dolus
697 1452 725 1480 in
738 1460 786 1480 ore
795 1453 856 1487 ejus
871 1454 890 1478 ³.
915 1462 924 1478 ι
944 1453 1044 1481 lterum

254 1495 380 1524 Salvator
406 1497 613 1532 interrogationi
628 1499 806 1533 respondens,
823 1498 894 1525 unde
906 1499 989 1526 rubra
1005 1499 1044 1527 fa—

253 1547 296 1570 cta
311 1543 366 1570 sint
384 1543 543 1571 vestimenta
571 1551 621 1571 sua
642 1543 722 1571 docet
747 1544 841 1572 dicens
858 1554 865 1571 :
885 1554 894 1570 ι
920 1544 941 1571 Ε
955 1546 1044 1580 genti-

1101 947 1294 984 πληττόμενος,
1308 948 1357 983 τὴν
1370 948 1458 974 πᾶσαν
1478 947 1525 974 τοῦ
1546 947 1668 986 διάϐολον
1685 947 1817 983 στρατιὰν
1829 955 1893 973 κατ-

1101 993 1314 1028 αγωνισαμένου.
1332 993 1471 1028 Ἐπιφέρει
1489 991 1529 1024 τὺ,
1548 1002 1557 1018 ι
1573 992 1666 1024 Οὕτως
1678 992 1779 1027 ὡραῖος
1795 993 1824 1018 ἐν
1837 999 1895 1018 στο-

1099 1037 1144 1073 λῇ,
1154 1038 1200 1074 βίᾳ
1217 1038 1287 1074 μετὰ
1305 1038 1412 1074 ἰσχύος;
1427 1048 1437 1064 ι
1451 1039 1520 1074 πρὸς
1533 1039 1566 1074 ῆν
1581 1038 1677 1066 πεῦσιν
1691 1039 1704 1065 ὁ
1719 1038 1815 1074 Σωτὴρ
1829 1038 1896 1064 ἀπο-

1099 1085 1232 1120 κρίνεται,
1246 1085 1378 1112 διδάσκων
1395 1085 1469 1117 ὅστις
1484 1086 1550 1112 ποτὲ
1566 1086 1620 1121 εἴη,
1637 1085 1682 1112 καί
1698 1093 1811 1120 φησιν-ι
1824 1083 1894 1118 Ἐγὼ

1099 1130 1256 1167 διαλέγομαι
1269 1132 1452 1168 δικαιοσύνην,
1470 1133 1518 1159 καὶ
1532 1134 1618 1168 κρῖμα
1633 1132 1793 1168 σωτηρίου.»
1810 1131 1894 1157 Πάλιν

1098 1177 1127 1203 δὲ
1138 1178 1205 1213 πρὸς
1217 1179 1298 1205 αὑτὸν
1314 1179 1327 1205 6
1347 1178 1429 1212 λόγος
1439 1178 1476 1210 ὡς
1490 1179 1534 1205 διὰ
1547 1179 1578 1205 τὸ
1592 1170 1677 1209 πάθος
1690 1178 1766 1213 φησι·
1783 1187 1792 1202 ι
1809 1177 1860 1203 Διὰ
1869 1176 1895 1203 τί

1099 1224 1146 1250 σοῦ
1161 1224 1265 1260 ἐρυθρὰ
1278 1227 1312 1252 τὰ
1331 1226 1444 1260 ἰμάτια;
1462 1236 1470 1251 ι
1480 1225 1527 1252 καὶ
1539 1225 1573 1251 τὰ
1585 1225 1659 1260 ἑξῆς.
1675 1222 1726 1251 Οἷα
1733 1223 1787 1259 γὰρ
1796 1222 1894 1258 Ἀμνδς

1097 1270 1144 1296 τοῦ
1160 1270 1239 1302 Θεοῦ,
1253 1271 1322 1306 ἄρας
1337 1273 1376 1303 εἰς
1393 1271 1487 1298 ὲαιδτὸν
1499 1271 1549 1302 τὰς
1564 1271 1702 1306 ἁμαρτίας
1716 1270 1763 1296 τοῦ
1776 1269 1892 1304 κόσμου,

1097 1317 1129 1343 ὲκ
1145 1317 1197 1343 τῶν
1212 1317 1351 1353 ἡμετέρων
1368 1317 1511 1353 ἁμαρτιῶν
1537 1316 1641 1353 ἐρυθρὰ
1654 1316 1689 1342 τὰ
1706 1315 1801 1351 ἱμάτια
1813 1323 1894 1350 περι-

1097 1362 1225 1389 εεϐάλετο⁸
1248 1362 1286 1394 ὡς
1297 1362 1342 1389 διὰ
1363 1361 1442 1389 τοῦτο
1462 1363 1509 1389 καὶ
1522 1362 1551 1388 ὲν
1568 1361 1690 1397 Ζαχαρία
1708 1360 1747 1395 τῷ
1764 1360 1893 1395 προφήτῃ

1096 1408 1221 1442 λέγεσθαι
1243 1408 1292 1435 τό⁸
1314 1417 1323 1434 ι
1338 1408 1393 1435 Καὶ
1416 1408 1519 1444 Ἰησοῦς
1542 1406 1576 1444 ἦν
1599 1407 1772 1443 ἐνδεδυμένος
1797 1407 1893 1441 ἱμάτια

1096 1455 1207 1490 ῥυπαρά
1230 1464 1240 1480 ι
1260 1454 1352 1481 Ταῦτα
1364 1455 1386 1481 δ’
1398 1453 1432 1490 ἦν
1447 1454 1482 1481 τὰ
1496 1455 1527 1480 ἐκ
1539 1453 1594 1481 τῶν
1607 1453 1749 1490 ἡμετέρων
1766 1453 1894 1488 ἁμαρτη-

1097 1500 1189 1536 μάτων
1200 1500 1335 1536 ὲνδὺματα
1344 1509 1351 1516 ·
1364 1501 1398 1527 δι’
1407 1501 1424 1528 ἆ
1438 1500 1528 1536 μικρῷ
1546 1500 1663 1536 πρόσθεν
1678 1500 1789 1533 ἐλέγετο
1801 1508 1808 1514 ·
1820 1509 1830 1524 ι
1841 1496 1894 1525 υἷι-

1094 1555 1140 1578 τος
1156 1546 1204 1578 τὰς
1221 1547 1356 1582 ἁμαρτίας
1371 1547 1449 1582 ἡμῶν
1465 1547 1552 1582 φέρει,
1568 1547 1615 1573 καὶ
1627 1546 1691 1582 περὶ
1705 1545 1784 1581 ἡμῶν
1796 1545 1893 1572 66av1~

252 1589 314 1617 bus.
335 1599 344 1615 ι
362 1588 435 1622 Quas
452 1589 561 1625 quidem
576 1594 680 1625 gentes,
704 1591 779 1618 nullo
798 1591 938 1618 hominum
954 1592 978 1619 ei
996 1600 1044 1620 au-

1095 1602 1149 1619 ται.
1167 1602 1176 1618 ι
1190 1581 1341 1629 Αὑτδςγγάρ
1420 1603 1428 1619 ι
1444 1581 1580 1629 ἁμαρτίαν
1601 1593 1651 1620 οὐκ
1666 1581 1816 1628 εποίησεν,
1831 1592 1893 1628 οὐδὲ

251 1635 375 1666 ῑίιὶοηιο,
388 1635 463 1663 solus
481 1635 637 1668 constituit,
663 1636 781 1663 refracta
797 1637 980 1672 malignorum
995 1638 1044 1666 ad-

250 1681 487 1716 versariorumque
502 1681 647 1716 spirituum
662 1682 790 1710 universa
807 1687 952 1717 potestate.

1095 1639 1193 1674 εὑρέθη
1207 1639 1280 1670 δόλος
1298 1639 1326 1665 ἐν
1340 1638 1378 1673 τῷ
1394 1639 1508 1674 στόματι
1529 1638 1621 1665 αὑτοῦ.
1637 1647 1646 1664 ι
1671 1638 1757 1664 Πάλιν
1770 1638 1792 1672 δ’
1805 1638 1820 1664 6
1835 1638 1894 1664 Σω-

1092 1685 1145 1721 τὴρ
1161 1685 1340 1720 ἀμειϐόμενος
1354 1685 1403 1722 τὴν
1418 1684 1562 1720 ἐρώτησιν,
1576 1685 1637 1712 ὅθεν
1661 1684 1765 1720 ἐρυθρὰ
1785 1685 1893 1719 γένοιτο

250 1728 332 1756 αὐτοῦ
347 1729 382 1756 τὰ
407 1729 502 1764 ἱμάτια
524 1729 643 1756 διδάσκει
656 1729 753 1764 λέγων,
770 1739 779 1756 ι
799 1730 847 1757 Ἐκ
859 1730 914 1757 τῶν
929 1731 1026 1758 ἐθνῶν.
1041 1741 1051 1758 ›
1071 1731 1161 1768 "Amp
1175 1732 1250 1768 ἔθνη,
1267 1732 1381 1769 μηδενὸς
1407 1731 1558 1769 ἀνθρώπων
1576 1732 1650 1768 αὐτῷ
1681 1731 1892 1768 συνεργοῦντος,

251 1778 332 1813 μόνος
347 1777 489 1810 ὑπέταξεν,
504 1777 702 1813 καταπατήσας
719 1777 768 1813 τὴν
797 1778 988 1815 ἀντικειμένην
1015 1781 1105 1807 πᾶσαν
1131 1780 1246 1816 δύναμιν
1266 1781 1321 1808 τῶν
1345 1780 1482 1817 πολεμίων
1499 1780 1575 1816 αὑτῷ
1603 1781 1729 1816 πονηρῶν
1764 1780 1892 1816 πνευμα-

250 1835 304 1852 των
308 1848 315 1854 .

513 1882 627 1910 CAPUT
656 1882 776 1911 XXXIV.

288 1938 298 1955 ‹
317 1929 351 1956 Et
363 1929 521 1957 recordatus
536 1934 577 1957 est
589 1929 694 1957 dierum
710 1937 872 1957 saeculorum
889 1939 895 1956 ε
913 1930 959 1965 qui
975 1929 1042 1958 edu-

249 1977 289 2004 xit
303 1984 318 2004 e
332 1981 402 2004 terra
423 1979 560 2012 pastorem
577 1976 669 2003 ovium
686 1983 813 2011 magnum
827 1996 835 2009 ,
851 1977 996 2012 posuitque
1011 1977 1039 2004 in

249 2023 338 2051 medio
353 2031 446 2051 eorum
467 2023 597 2058 Spiritum
613 2026 739 2050 sanctum
760 2031 840 2051 suum
855 2023 875 2051 ⁸.
895 2033 904 2049 ι
928 2022 961 2050 Ει
975 2023 1038 2058 quis

247 2069 318 2097 alius
333 2074 404 2097 esset
415 2077 431 2095 a
446 2068 560 2096 Domino
576 2069 610 2097 de
624 2073 697 2097 terra
721 2069 837 2098 eductus
867 2073 961 2104 pastor
989 2068 1037 2097 Dei

247 2116 348 2149 ovium,
362 2116 415 2143 nisi
433 2115 556 2144 Salvator
571 2121 675 2149 noster,
695 2116 742 2151 qui
763 2115 838 2143 venit
854 2115 888 2143 ad
915 2115 1035 2151 perditas

247 2169 312 2189 oves
327 2161 423 2190 domus
436 2161 538 2190 Israel?
564 2162 613 2190 Hic
639 2166 681 2190 est
702 2162 790 2190 bonus
805 2165 910 2197 pastor,
926 2161 972 2196 qui
987 2169 1036 2196 po-

1350 1881 1549 1910 ΚΕΦΑΛΑΙΟΝ
1569 1882 1628 1910 ΛΔ¹.

1132 1939 1141 1956 ι
1157 1930 1212 1956 Καὶ
1226 1928 1349 1965 ἐμνήσθη
1369 1928 1470 1964 Κύριος
1485 1928 1596 1964 ἡμερῶν
1610 1927 1741 1954 αἰωνίων·
1757 1929 1771 1955 6
1790 1929 1887 1956 ἀναϐι-

1092 1976 1178 2008 ϐάσας
1195 1977 1227 2002 ἐκ
1237 1976 1287 2011 τῆς
1299 1975 1350 2011 γῆς
1361 1975 1406 2002 τὸν
1419 1974 1535 2010 ποιμένα
1550 1973 1605 2000 τῶν
1619 1974 1762 2010 προϐάτων
1777 1975 1824 2001 τὸν
1839 1975 1889 2010 μέ-

1090 2032 1152 2057 γαν,
1169 2024 1183 2049 6
1199 2023 1254 2054 θεὶς
1270 2023 1299 2048 ὲν
1312 2022 1403 2053 αὐτοῖς
1415 2021 1446 2047 τὸ
1466 2021 1578 2056 Πνεῦμα
1592 2020 1623 2047 τὺ
1641 2021 1726 2054 ἆγιον.
1743 2030 1753 2046 ι
1771 2022 1830 2048 Καὶ
1844 2022 1886 2054 τίς

1088 2067 1121 2095 ἂν
1135 2068 1213 2100 ἄλλος
1229 2067 1271 2103 εἴη
1285 2069 1298 2094 ὁ
1311 2066 1363 2093 ὑπὸ
1377 2066 1424 2092 τοῦ
1439 2067 1544 2101 Κυρίου
1566 2065 1762 2098 ἀναϐιϐασθεὶς
1782 2068 1816 2094 ἐκ
1835 2068 1885 2103 τῆς

1089 2114 1141 2149 γῆς
1153 2114 1254 2149 ποιμὴν
1263 2113 1317 2140 τῶν
1328 2112 1375 2139 τοῦ
1387 2112 1455 2139 Θεοῦ
1468 2112 1622 2149 προϐάτων,
1632 2112 1669 2148 ἢὸ
1683 2112 1883 2148 Σωτὴρὴμῶν,

1088 2160 1102 2186 6
1117 2159 1200 2186 ἐλθὼν
1225 2159 1271 2185 ἐπὶ
1293 2159 1326 2186 τὰ
1350 2158 1507 2185 ἀπολωλότα
1522 2158 1647 2194 πρόϐατα
1661 2159 1736 2185 οἴκου
1752 2159 1882 2196 Ἰσραήλ;

246 2208 302 2235 suit
315 2208 431 2235 animam
447 2215 524 2235 suam
539 2216 588 2243 pro
602 2208 710 2240 ovibus.
721 2216 802 2244 quem
818 2207 898 2234 Pater
909 2207 1035 2234 eductum

1095 2203 1172 2238 361:0;
1198 2205 1249 2241 γάρ
1270 2207 1343 2232 ἐστιν
1359 2205 1373 2231 6
1388 2204 1470 2236 καλὸς
1485 2204 1596 2240 ποιμὴν,
1613 2205 1628 2231 6
1643 2204 1700 2236 θεὶς
1719 2204 1770 2239 τὴν
1791 2205 1883 2240 ψυχὴν

247 2253 279 2281 de
288 2258 362 2280 terra
375 2253 513 2285 exaltavit,
529 2262 538 2279 ι
556 2257 583 2281 et
603 2252 715 2280 donavit
730 2253 769 2280 illi
790 2261 889 2280 nomen
901 2251 975 2288 quod
996 2257 1038 2281 est

246 2307 328 2333 super
339 2307 420 2327 omne
435 2306 534 2327 nomen
549 2299 570 2326 ⁸.
586 2308 596 2325 ι

516 2387 630 2416 CAPUT
646 2387 756 2416 XXXV.

283 2444 293 2460 ι
309 2434 413 2462 Civitas
427 2433 520 2462 Sancti
532 2434 572 2462 tui
587 2434 657 2462 facta
682 2438 725 2462 est
749 2434 857 2463 deserta
869 2455 877 2468 ,
904 2434 969 2462 Sion
991 2435 1037 2463 de-

246 2483 319 2508 serta
343 2479 415 2507 facta
443 2484 501 2512 est,
531 2479 682 2508 Jerusalem
708 2481 830 2508 desolata
854 2485 904 2508 est.
935 2481 1036 2509 Domus

246 2524 471 2553 sanctificationis
501 2532 621 2558 nostrae,
659 2530 686 2553 et
716 2527 809 2562 gloria:
840 2531 955 2560 nostrae,
987 2527 1033 2555 ubi

247 2569 425 2597 laudaverqu
440 2575 465 2598 te
477 2574 568 2606 patres
583 2572 686 2605 nostri,
708 2571 780 2599 facta
801 2577 843 2600 est
866 2573 894 2599 in
911 2573 1034 2600 exustio-

246 2623 308 2642 nem
328 2615 420 2651 ignis,
445 2618 481 2655 οἱ,
494 2617 584 2644 omnia
614 2617 808 2645 desiderabilia
839 2622 933 2645 nostra
954 2626 1033 2646 versa

247 2665 310 2688 sunt
325 2661 351 2688 in
367 2662 472 2689 ruinas.
488 2662 615 2690 Nunquid
641 2671 723 2699 super
745 2664 789 2692 his
809 2665 964 2693 continebis
989 2668 1032 2698 te,

247 2705 375 2734 Domine:
393 2708 495 2736 tacebis
516 2713 543 2736 et
563 2708 664 2744 aB'liges
678 2717 730 2738 nos
741 2711 955 2738 vehementer“?
974 2719 983 2736 ι
998 2725 1034 2729 -

249 2760 260 2778 ι
279 2752 438 2782 Manifestus
451 2754 540 2783 factus
554 2763 614 2783 sum
627 2756 661 2784 iis
672 2756 719 2792 qui
730 2764 785 2784 non
800 2761 863 2785 ante
879 2757 1031 2792 interroga-

245 2797 311 2826 bant
324 2807 382 2827 me:
401 2800 563 2829 invenerunt
574 2802 620 2837 qui
634 2810 688 2829 non
704 2803 871 2838 quaesierunt
885 2811 930 2830 me
942 2812 950 2830 :
960 2802 1031 2830 dixi:

1089 2252 1170 2279 αὑτοῦ
1193 2252 1262 2287 ὑπὲρ
1284 2251 1338 2278 τῶν
1363 2251 1517 2287 προϐάτων,
1533 2251 1562 2277 ὃν
1573 2252 1588 2278 6
1599 2250 1695 2286 Πατὴρ
1709 2251 1884 2282 ἀναϐιϐάσας

1087 2298 1120 2324 ἐκ
1130 2298 1179 2333 τῆς
1192 2297 1244 2333 γῆς
1255 2297 1430 2333 ὑπερύψωσε,
1442 2307 1451 2323 ι
1463 2298 1646 2333 χαρισάμενος
1658 2296 1734 2332 αὐτῷ
1753 2297 1883 2333 τδϐνομα

1087 2343 1117 2371 τδ
1130 2344 1199 2379 ὑπὲρ
1213 2345 1267 2370 πᾶν
1281 2343 1374 2379 ὄνομα.
1388 2353 1397 2369 ι

1346 2388 1545 2415 ΚΕΦΛΛΔΙΟΝ
1564 2388 1626 2415 ΔΕ’.

1125 2445 1133 2459 ι
1149 2435 1230 2466 Πόλις
1249 2435 1296 2461 τοῦ
1317 2434 1408 2469 Ἀγίου
1430 2442 1475 2460 σου
1499 2434 1615 2470 ἐγενήθη
1630 2433 1742 2469 ἔρημος,
1758 2433 1830 2460 Σιὼν
1843 2433 1884 2466 ὡς

1085 2481 1187 2517 ἕρημος
1202 2480 1511 2517 ὲγενήθη,“ιερουσαλὴμ
1526 2481 1565 2511 εις
1579 2480 1717 2515 κατάραν·
1733 2481 1747 2506 6
1762 2477 1840 2510 οἶκος
1851 2479 1883 2505 τδ

1085 2527 1163 2562 ἅγιον
1176 2527 1266 2563 ἡμῶν,
1280 2527 1328 2554 καὶ
1345 2527 1362 2561 ἡ
1383 2526 1456 2559 δόξα,
1471 2526 1505 2561 ἢν
1530 2525 1684 2561 ηὑλόγησαν
1706 2527 1730 2552 οἱ
1758 2526 1882 2560 πατέρες

1083 2573 1173 2609 ἡμῶν,
1195 2573 1309 2609 ἐγενήθη
1334 2573 1530 2609 πυρίκαυστος,
1546 2573 1593 2599 καὶ
1614 2572 1704 2599 πάντα
1717 2572 1752 2599 τὰ
1765 2571 1881 2603 ἐπίδοξα

1086 2618 1164 2654 ἡμῶν
1172 2619 1234 2645 συνέ
1239 2627 1270 2645 πε
1274 2627 1332 2645 σαν·
1341 2618 1388 2646 καὶ
1395 2618 1442 2645 ἐπὶ
1447 2619 1514 2645 πᾶσι
1522 2618 1624 2649 τούτοις
1639 2618 1767 2653 ἀνέσχου,
1778 2617 1821 2644 Κῦ
1826 2626 1867 2653 ριε
1872 2638 1880 2649 ,

1086 2664 1133 2691 καὶ
1142 2664 1311 2701 ὲσιώπησας·
1321 2664 1368 2691 καὶ
1383 2663 1569 2695 ἐταπείνωσας
1581 2663 1653 2699 ἡμᾶς
1668 2663 1722 2694 ἓως
1737 2663 1855 2698 σφόδρα.
1868 2672 1878 2688 ι

1083 2726 1119 2731 -—
1129 2719 1138 2736 ι
1150 2710 1289 2746 Ἐμφανὴς
1300 2709 1432 2746 ἐγενήθην
1442 2710 1499 2741 τοῖς
1511 2709 1561 2744 ἐμὲ
1576 2708 1612 2744 μὴ
1624 2708 1803 2744 ἐπερωτῶσιν
1813 2716 1821 2722 ·
1833 2708 1880 2733 εὑ-

1087 2756 1167 2792 ρέθην
1189 2758 1245 2788 τοῖς
1262 2756 1311 2791 ἐμὲ
1328 2755 1365 2791 μὴ
1380 2754 1521 2790 ζητοῦσιν·
1537 2752 1615 2781 εἶπα·
1636 2753 1702 2781 Ἰδού
1723 2755 1783 2790 εἰμι
1805 2753 1880 2780 ἔθνει

1083 2802 1108 2828 οἳ
1121 2802 1170 2829 οὐκ
1183 2802 1382 2829 ἐπεκαλέσαντὸ
1399 2810 1448 2837 μου
1465 2801 1496 2827 τὺ
1510 2802 1609 2836 ὄνομα·
1623 2800 1670 2827 ἐπὶ
1685 2800 1715 2827 δὲ
1736 2800 1768 2828 σὲ
1781 2799 1883 2834 ἐξετέ-

281 2876 290 2891 ¹
308 2875 391 2905 Zach.
408 2885 454 2910 Ill,
471 2878 498 2906 4.
536 2880 547 2895 ³
565 2879 575 2907 Ι
591 2878 650 2907 Peli
683 2888 720 2913 Il,
735 2880 780 2909 22.
821 2882 833 2898 ³
852 2881 904 2909 lsa.
924 2887 1007 2914 Lxul,
1026 2881 1038 2908 ’l

1111 2879 1122 2897 ⁸
1140 2879 1211 2910 Phil.
1229 2888 1266 2915 ιι,
1281 2880 1309 2909 9.
1358 2911 1360 2914 ,
1376 2888 1429 2910 ιεο.
1447 2889 1524 2915 ulv,
1541 2879 1633 2908 10-12.
