2035 3214
239 178 311 207 4265
365 203 373 215 ,

610 176 745 205 EUSEBII
764 175 1003 205 CIESA‘RlENSIS
1022 175 1098 204 OPP.
1118 175 1209 202 PARS
1230 175 1273 202 Ill.
1293 191 1328 196 -——
1346 175 1551 205 EXEGETICA.

1803 181 1873 208 ιὲιὶι

239 239 302 266 vide
328 237 437 272 quidem
464 235 584 263 Samuel.
605 234 723 266 Nathan,
741 234 818 268 Gad;
840 235 891 263 sub
910 234 1032 261 Roboam

1089 234 1130 261 τοῦ
1147 234 1238 266 Δαυῖδ,
1255 234 1380 269 Σαμουὴλ
1387 235 1433 261 καὶ
1448 234 1552 266 Νάθαν,
1572 236 1618 262 καὶ
1636 235 1690 262 Γὰδ
1702 244 1708 251 ·
1727 235 1773 263 ἐπὶ
1786 236 1815 264 δὲ
1827 235 1873 264 τοῦ

238 292 305 313 vero
326 288 352 312 et
376 283 444 311 Abia
461 287 488 310 et
511 282 575 314 Asa,
600 281 702 309 Achias
728 282 873 313 Silonites,
900 281 1036 310 Samaias.

1096 280 1212 316 Ῥοεοὰμ
1237 280 1284 307 καὶ
1301 280 1377 307 Ἀϐιὰ
1391 282 1437 307 καὶ
1471 281 1546 312 Ἀσὰ,
1572 281 1664 316 Ἀχίας
1680 282 1696 308 ό
1713 283 1873 319 Σελωνίτης,

241 331 338 363 Addo.
357 330 488 360 Azarias.
516 329 626 361 Anani;
655 329 708 356 sub
730 327 863 363 Josaphat
892 332 983 355 autem
1011 332 1036 355 et

1089 326 1135 352 καὶ
1150 326 1283 361 Σαμαῖας,
1301 327 1348 352 καὶ
1366 323 1458 358 Ἀδδὼ,
1469 326 1515 352 καὶ
1532 326 1669 362 Ἀζαρίας,
1685 328 1732 354 καὶ
1755 329 1873 356 Ἀνανει·

241 377 345 409 Achab,
363 375 448 407 Elias.
468 375 592 408 Eliszeus,
615 379 643 402 et
663 375 710 410 qui
737 375 881 402 victoriam
902 375 936 402 de
962 373 1036 410 Syris

1089 372 1133 398 ἐπὶ
1158 372 1186 398 δὲ
1212 372 1257 398 τοῦ
1289 371 1422 406 Ἰωσαφᾶιο
1447 373 1494 399 καὶ
1512 372 1559 399 τοῦ
1587 373 1698 408 Ἀχαᾶὁ,
1721 375 1814 407 Ἠλίας
1828 376 1875 403 καὶ

242 422 353 450 Achabo
380 421 516 456 praedixit,
536 422 638 457 quique
660 421 712 449 sibi
736 421 787 456 ipsi
809 421 908 448 vulnus
929 419 1036 452 inﬂixit,

241 472 269 495 et
283 468 330 502 qui
347 468 488 496 Achabum
505 467 691 503 reprehendit,
707 471 734 494 et
757 467 826 494 Jehu
849 467 920 493 ﬁlius
937 466 1036 498 Anani,

246 518 275 541 et
290 513 365 541 Oziel
383 518 410 542 ct
430 513 544 540 Eliada:
565 521 683 548 quorum
704 513 778 540 nulla
798 517 906 541 exstant
928 513 1036 548 propria

243 560 355 594 scripta,
370 559 419 586 sed
438 566 580 586 sermones
598 562 703 585 tantum
728 558 862 589 nonnulli,
880 558 967 593 quiin
983 557 1036 586 Re-

242 614 305 642 gum
330 611 356 633 et
383 605 611 640 Paralipomenon
642 605 766 632 historiis
796 605 932 639 leguntur.
963 603 1036 632 inter

242 660 290 680 eos
306 656 409 684 autem,
425 651 472 687 qui
487 652 584 679 litteris
598 651 761 678 mandarunt
775 649 889 685 aliquid,
905 657 1035 685 quorum-

242 707 294 734 que
311 698 414 734 scripta
426 702 545 730 exstant,
560 697 639 733 primi
655 701 720 724 sunt
735 695 805 724 Osce
819 701 845 724 ct
865 696 960 724 Isaias.
977 695 1034 724 Sub

243 744 339 771 iisdem
353 743 425 771 enim
440 742 517 770 Iudae
531 742 642 777 regibus
657 741 733 774 Ozia,
752 741 888 773 Joatbam,
904 741 994 768 Achas
1009 746 1034 768 ct

243 790 390 823 Ezechias;
407 789 460 818 sub
479 789 640 816 Hieroboam
657 789 738 816 etiam
762 787 826 814 Joas
848 788 913 819 lilio,
929 788 975 822 qui
991 795 1034 816 rc-

242 837 335 874 gnavit
360 837 387 864 in
413 835 506 867 lsrael.
533 835 741 871 prophetarum.
762 833 862 861 Factus
885 838 927 861 est
944 839 1032 861 autem

242 890 332 910 sermo
348 881 453 909 Domini
469 881 502 908 ad
517 889 590 912 cum,
608 885 635 907 et
649 881 813 907 vaticinatus
829 884 870 906 est
893 880 921 906 in
940 887 1033 907 sacer-

1093 418 1233 450 Ἐλισαῖος,
1251 418 1296 444 καὶ
1321 419 1335 444 ὁ
1356 419 1547 454 προφητεύσας
1564 419 1602 455 τῷ
1630 420 1733 456 Ἀχαὰὸ
1750 422 1875 458 περὶτῆς

1087 464 1195 499 Συρίας,
1211 464 1257 490 καὶ
1270 465 1284 490 ὁ
1297 463 1417 496 πατάξας
1433 465 1528 492 ἑαυτὸν
1538 466 1686 501 τραύματι,
1704 468 1752 494 καὶ
1762 468 1874 502 ἐλέγξας

1085 510 1131 536 τὸν
1148 510 1259 545 Ἀχαά6,
1276 511 1324 537 καὶ
1341 511 1391 537 Ἰοὺ
1407 512 1421 537 ὁ
1432 511 1479 537 τοῦ
1494 512 1580 546 Ἀμεὶ,
1602 512 1677 548 [nota
1698 513 1724 540 in
1740 515 1873 550 margine.

1092 555 1193 591 Ἀνανὶ]
1211 556 1258 582 καὶ
1288 556 1390 592 ¹οζιὴλ,
1412 556 1459 582 καὶ
1480 556 1602 584 Ἑλιαδά·
1628 558 1685 585 ἀλλ’
1707 560 1738 585 οὐ
1761 560 1874 595 φέρεται

1087 601 1188 627 τούτων
1216 601 1268 627 ἴδια
1296 602 1519 637 συγγράμματα’
1542 604 1566 629 εἰ
1585 604 1622 639 μὴ
1645 605 1725 639 μόνον
1753 606 1777 632 οἱ
1802 605 1874 641 λύγοι

1088 646 1188 674 αὑτῶν’
1202 648 1231 674 ὲν
1255 648 1315 678 ταῖς
1337 647 1489 679 Βασιλείαις
1513 649 1560 675 καὶ
1588 651 1647 681 ταῖς
1667 651 1875 687 Παραλειπομὲ-

1085 701 1154 724 ναις.
1176 692 1220 718 Ἐν
1235 692 1263 717 δὲ
1279 693 1337 723 τοῖς
1360 692 1560 729 συγγράψασιν,
1572 690 1609 720 ὧν
1624 694 1670 721 κσὺ⁵
1684 695 1718 721 τὰ
1733 697 1876 732 συγγράμ-

1087 747 1159 773 ματα
1183 739 1306 774 φέρεται,
1323 738 1425 774 πρῶτοι
1446 739 1589 773 γεγόνασιν
1613 737 1699 767 οὗτοι·
1727 742 1807 776 Ὠσηὲ
1828 743 1876 769 καὶ

1091 784 1216 815 Ἡσαΐας.
1249 784 1311 810 Ἐπὶ
1337 784 1390 818 γὰρ
1410 784 1464 810 τῶν
1487 784 1576 811 αὐτῶν
1603 785 1743 820 βασιλέων,
1766 787 1819 813 τῶν
1845 795 1876 814 τι

1091 830 1175 856 Ἰούδα
1189 830 1288 862 ’(λζίου,
1305 831 1352 857 καὶ
1372 830 1501 865 ἰωάθαμ,
1518 831 1663 866 καὶἋχὰς,
1678 832 1726 858 καὶ
1746 832 1875 868 Ἑζηκίου

1086 876 1217 911 βασιλέων
1248 876 1350 908 Ἰούδα,
1375 878 1422 903 καὶ
1448 878 1477 904 ὲν
1499 877 1617 914 ἡμέραις
1651 879 1792 915 Ἰεροὸοὰμ
1817 880 1877 907 υίοῦ

241 929 330 960 dotes,
356 928 383 955 in
409 926 502 959 Israel,
525 928 552 953 in
582 927 692 953 domum
714 926 797 961 regis,
812 925 900 960 deque
923 926 1033 952 interitu

1091 922 1165 954 Ἰώας
1182 922 1313 956 βασιλέως
1342 922 1448 958 Ἰσραὴλ
1471 923 1688 958 ἐπροφήτευσαν.
1709 924 1834 959 Ἐγένετο
1848 925 1878 952 δὲ

242 973 382 1001 Samarim.
415 971 563 1007 Postquam
592 972 676 999 etiam
708 971 920 1006 reprehensione
950 980 1033 1004 usus,

241 1028 388 1049 mansuros
412 1020 568 1047 incredulos
583 1026 645 1046 esse
669 1018 820 1051 conclusit;
839 1017 986 1046 Ecclesiam
1002 1017 1035 1046 de

241 1067 368 1103 gentibus
383 1075 416 1094 eo
429 1070 554 1093 coactum
572 1066 605 1092 iri
626 1064 788 1100 signiﬁcavit
801 1086 808 1097 ,
822 1064 905 1105 quod_
915 1070 1035 1092 scortum

241 1115 294 1143 sibi
311 1114 338 1141 in
360 1121 472 1141 uxorem
495 1112 654 1147 assumpsit,
671 1118 753 1146 quam
770 1111 803 1138 ad
819 1111 881 1138 vita:
903 1111 1036 1138 sobrieta-

240 1164 296 1188 tem
309 1160 516 1194 castitatemque
530 1157 676 1185 revocavit.
691 1156 862 1184 Vaticinatus
875 1164 939 1184 vero
953 1156 1034 1184 etiam

241 1211 284 1236 est
298 1207 332 1235 de
349 1205 499 1234 Salvatoris
516 1204 647 1232 adventu.

556 1339 659 1372 AMOS,
678 1339 724 1369 Ill.

279 1399 352 1426 Vixit
376 1402 404 1426 et
432 1398 478 1426 hic
501 1399 597 1426 eodem
622 1402 757 1433 tempore,
785 1397 832 1426 sed
856 1397 950 1429 initio,
973 1403 1034 1424 cum

242 1445 312 1474 Osce
335 1449 363 1472 et
394 1445 481 1478 Isaia,
505 1444 569 1472 Ozia
600 1444 676 1472 Judae
703 1449 730 1472 et
755 1444 919 1472 Hierohoam
943 1443 1034 1471 lsraeli

218 1496 226 1504 '
243 1490 457 1526 imperantibus,
478 1494 541 1517 ante
555 1490 624 1518 duos
641 1497 729 1517 annos
749 1493 828 1517 terra:
845 1494 943 1517 motus.
961 1488 1036 1516 Vidit

243 1543 333 1565 autem
350 1543 503 1569 sermones,
519 1541 546 1563 et
561 1536 727 1564 vaticinatur
751 1536 883 1564 adversus
907 1535 1035 1563 Hierusa-

243 1584 317 1615 lem,
345 1583 476 1624 adversu's
503 1583 628 1610 lsraclem
654 1587 681 1610 et
706 1581 877 1614 Samariam,
904 1582 1034 1610 adversus

243 1635 337 1664 gentes
361 1630 455 1662 etiam.
482 1630 654 1662 Damascum,
670 1628 783 1661 Gazam,
810 1628 938 1661 Ascalon,
965 1628 1035 1655 Azo-

244 1681 311 1709 tum,
336 1677 471 1708 Accaron,
494 1676 607 1712 Tyrum,
624 1676 780 1709 ldummam,
807 1675 946 1707 Thaeman,
967 1675 1037 1703 ﬁlios

241 1723 377 1754 Ammon,
400 1726 427 1751 et
451 1722 546 1756 Moab;
564 1730 632 1757 quos
656 1730 751 1749 omnes
772 1728 788 1748 a
803 1729 833 1749 se
856 1722 1037 1758 reprehensos

243 1768 367 1796 inﬁdeles
380 1776 442 1796 esse
456 1768 604 1796 concludit.
624 1767 717 1802 Neque
731 1776 807 1801 vero,
830 1775 892 1795 cum
911 1771 985 1796 esset
1003 1768 1038 1796 ab

243 1814 354 1842 Amazia
372 1814 514 1842 sacerdote
532 1814 625 1842 Bethel
647 1814 754 1842 delatus
778 1814 848 1850 apud
863 1822 953 1849 regem
973 1814 1038 1842 Hie-

244 1860 369 1892 robOam,
383 1864 513 1895 tanquam
523 1859 570 1895 qui
585 1859 719 1887 adversus
731 1858 883 1886 Samariam
897 1859 1038 1894 populum-

244 1914 298 1942 que
320 1905 434 1938 faccret,
461 1905 520 1940 ipse
544 1905 693 1941 quidquam
718 1905 752 1932 de
777 1904 886 1932 dicendi
913 1904 1037 1931 libertate

244 1952 369 1984 remisit,
392 1952 439 1980 sed
461 1951 604 1978 vaticinari
629 1959 745 1986 pergens
767 1950 801 1978 de
820 1949 971 1977 Salvatoris
986 1949 1036 1976 ad-

243 2003 326 2026 ventu
343 1999 452 2026 locutus
463 2003 515 2026 est.

516 2098 693 2130 MICHEAS,
709 2097 753 2129 Ἦ.

282 2154 426 2182 Secundus
443 2155 487 2182 hic
505 2156 615 2190 quidem
635 2163 651 2183 a
677 2156 866 2192 superioribus
887 2155 949 2189 fuit,
970 2164 1038 2191 quo-

244 2202 318 2229 niam
342 2208 403 2238 post
426 2201 499 2229 Oziae
522 2206 643 2237 tempora
662 2203 827 2231 vaticinatus
843 2207 886 2231 est
902 2211 908 2230 :
925 2203 972 2231 sed
991 2211 1038 2231 ea-

245 2248 306 2276 dem
320 2255 382 2275 cum
399 2248 454 2276 illis
468 2252 546 2276 actate
562 2249 654 2276 ﬁoruit
669 2259 675 2276 :
691 2249 756 2284 quia
767 2253 794 2276 et
807 2250 865 2284 ipse
880 2248 1035 2282 Joathamo,

246 2294 365 2327 Achazo,
393 2297 421 2321 et
445 2293 561 2321 Ezechia
591 2294 701 2329 regibus
731 2293 911 2329 prophetandi
937 2301 1037 2321 munus
1053 2287 1074 2314 Ῑ)

247 2347 392 2375 aggressus
410 2344 464 2368 est.
480 2339 580 2367 Factus
597 2345 638 2367 cst
649 2344 739 2367 autem
756 2339 790 2366 ad
805 2347 866 2366 eum
879 2346 969 2367 sermo
985 2338 1038 2365 Do-

246 2385 324 2417 mini,
342 2390 369 2412 et
385 2385 550 2412 vaticinatus
570 2389 613 2412 est
635 2385 664 2412 in
685 2385 866 2417 Hierusalem,
891 2385 918 2412 in
942 2384 1037 2412 Sama-

247 2431 326 2465 riam,
344 2432 371 2459 in
384 2433 531 2467 prophetas
546 2440 594 2460 eos
607 2432 654 2467 qui
668 2433 797 2468 populum
813 2433 841 2459 in
861 2439 980 2459 errorem
996 2432 1039 2458 in-

246 2479 400 2512 ducebant;
423 2480 451 2506 in
469 2479 608 2506 Achabum
630 2479 756 2514 denique.
778 2477 910 2505 Praedixit
930 2482 957 2505 et
976 2477 1038 2504 Sal-

246 2525 349 2552 vatoris
375 2524 538 2558 adventum,
564 2525 610 2552 ubi
639 2524 784 2559 postremis
805 2524 901 2551 diebus
924 2522 1037 2551 manife-

247 2575 320 2600 stum
333 2571 442 2598 Domini
458 2574 577 2598 montem
595 2571 654 2598 fore
667 2571 812 2606 signiﬁcat.

572 2626 665 2657 JOEL,
686 2626 720 2654 ll.

284 2672 381 2701 Sermo
398 2671 505 2700 Domini
524 2673 612 2700 factus
631 2676 674 2700 est
692 2672 725 2698 ad
744 2672 845 2708 ipsum,
859 2672 1037 2708 pmdixitque

249 2719 404 2747 senioribus
418 2719 601 2754 omnibusque
613 2720 661 2754 qui
682 2723 785 2746 terram
800 2719 964 2750 incolebant,
978 2720 1037 2753 ejus

249 2763 395 2797 excidium,
417 2769 444 2792 et
465 2765 517 2792 alia
539 2773 601 2800 quae
627 2765 679 2800 ipsi
702 2765 874 2801 contigerunt
898 2765 1037 2792 srrvitutis

250 2812 381 2843 tempore.
396 2809 567 2838 Vaticinatur
589 2818 653 2838 vero
675 2811 757 2838 etiam
779 2810 812 2838 de
836 2810 954 2846 Spiritus
973 2819 1037 2837 san-

250 2853 287 2878 cti
302 2854 388 2887 gratia
408 2854 435 2882 in
461 2863 556 2883 omnes
573 2857 618 2891 qui
635 2856 686 2884 sub
703 2857 845 2885 Salvatore
865 2857 946 2884 l'nturi
963 2862 1036 2889 sunt,

251 2897 421 2926 eﬂ‘undenda.
446 2900 631 2930 Concionatur
658 2901 774 2938 denique
798 2903 832 2930 de
861 2902 980 2938 jejunio,
1004 2902 1038 2930 de

1086 969 1162 1002 λόγος
1178 969 1245 1004 πρὸς
1260 968 1341 995 αὑτὸν
1364 969 1412 995 καὶ
1426 969 1592 1005 προφητεύει
1604 966 1680 1002 οὗτος
1699 971 1746 997 ἐπὶ
1765 972 1829 1003 τοὺς
1842 972 1879 998 ἱε-

1087 1015 1162 1049 ρέας,
1182 1014 1228 1040 καὶ
1244 1014 1289 1040 ἐπὶ
1302 1014 1347 1040 τὸν
1369 1014 1486 1051 Ἰσραὴλ,
1502 1015 1548 1041 καὶ
1560 1016 1606 1042 ἐπὶ
1620 1017 1665 1043 τὸν
1680 1014 1754 1044 οἷκον
1766 1017 1814 1044 τοῦ
1828 1017 1878 1053 βα-

1087 1061 1192 1091 σιλέως,
1211 1061 1258 1087 καὶ
1271 1061 1336 1096 περὶ
1354 1061 1403 1096 τῆς
1417 1061 1554 1093 ἀπωλείας
1574 1062 1623 1097 τῆς
1640 1063 1811 1099 Σαμαρείας·
1831 1064 1880 1091 καὶ

1086 1107 1206 1141 ἐλέγξας,
1220 1107 1266 1134 καὶ
1284 1107 1448 1141 συγκλείσας
1460 1108 1558 1140 αὐτοὺς
1569 1109 1609 1140 εἰς
1619 1109 1754 1141 ἀπειθίαν,
1783 1108 1881 1146 σημαί-

1086 1162 1125 1180 νει
1144 1154 1193 1189 τὴν
1211 1153 1240 1186 ἐξ
1259 1153 1344 1180 ὲθνῶν
1371 1154 1546 1189 Ἐκκλησίαν,
1563 1155 1597 1181 δι’
1613 1152 1650 1182 ὧν
1669 1155 1748 1183 ἔλαϐε
1775 1156 1880 1193 πόρνην

1086 1201 1213 1232 γυναῖκα,
1229 1199 1262 1235 ἥν
1279 1201 1326 1227 καὶ
1340 1200 1431 1227 λαϐὼν
1449 1201 1650 1236 ἐσωφρόνησεν,
1666 1202 1775 1237 ἀνάγων
1791 1204 1881 1240 αὐτὴν

1087 1246 1154 1282 πρὸς
1166 1246 1269 1273 ἑαυτόν.
1289 1247 1459 1282 Προφητεύει
1473 1247 1501 1273 δὲ
1519 1248 1565 1274 καὶ
1582 1249 1646 1283 περὶ
1659 1249 1708 1285 τῆς
1723 1249 1770 1276 τοῦ
1786 1250 1883 1287 Scin-ﬁo

1086 1300 1133 1327 ρος
1153 1292 1312 1327 παρουσίας.

1403 1348 1508 1381 ΑΜΩΣ,
1521 1349 1558 1376 l".

1121 1407 1177 1433 Kal.
1189 1403 1266 1438 οὗτος
1295 1408 1467 1444 συνεχρόνισε
1481 1409 1552 1436 κατὰ
1571 1409 1619 1445 τὴν
1630 1410 1717 1446 ἀρχὴν
1727 1411 1765 1446 τῷ
1788 1412 1881 1448 Ὠσηὲ,

1087 1453 1186 1488 καὶτῷ
1208 1453 1318 1489 Ἡσαΐᾳ,
1343 1454 1390 1480 ἐπὶ
1413 1453 1500 1486 Ὀζίου
1520 1455 1652 1490 βασιλέως
1675 1457 1769 1490 Ἰούδα,
1790 1460 1840 1485 καὶ
1852 1460 1883 1486 ὲν

1085 1499 1204 1535 ἡμέραις
1225 1499 1365 1535 Ὶεροϐοὰμ
1374 1501 1420 1527 τοῦ
1448 1501 1524 1533 Ἰωὰς
1540 1502 1670 1536 βασιλέως
1693 1504 1815 1539 Ἰσραὴλ,
1833 1505 1881 1539 γέ-

1087 1554 1147 1580 γονε
1168 1547 1220 1582 πρὸ
1238 1546 1285 1573 δύο
1299 1547 1367 1574 ἐτῶν
1387 1547 1433 1574 τοῦ
1451 1548 1575 1584 σεισμοῦ.
1590 1549 1692 1584 Λόγους
1706 1549 1735 1576 δὲ
1748 1548 1813 1582 εἶδε,
1835 1551 1884 1578 καὶ

1087 1593 1253 1628 προφητεύει
1275 1594 1344 1620 κατὰ
1371 1594 1420 1630 τῆς
1452 1594 1640 1631 Ἰερουσαλὴμ,
1663 1596 1710 1622 καὶ
1735 1597 1808 1623 κατᾶ
1834 1597 1883 1624 τοῦ

1095 1639 1213 1674 Ἰσραὴλ,
1237 1640 1348 1675 καὶτῆς
1364 1640 1534 1676 Σαμαρείας,
1559 1642 1604 1667 καὶ
1625 1642 1696 1668 κατὰ
1716 1642 1771 1668 τῶν
1783 1643 1882 1675 ὲθνῶν,

1088 1685 1245 1720 Δαμασκοῦ,
1261 1685 1360 1721 Γάζης,
1377 1686 1556 1718 Ἀσκάλωνος,
1578 1687 1704 1720 Ἀζώτου,
1726 1689 1882 1725 ’Δκκάρων,

1089 1729 1188 1765 Τύρου,
1214 1730 1375 1765 Ἰδουμαίας,
1401 1731 1515 1766 Θαμαᾶν
1535 1731 1661 1767 [nota‘in
1681 1734 1817 1768 margine,
1843 1735 1881 1761 ῐσ.

1087 1773 1216 1810 Θαιμὰν],
1231 1775 1295 1801 υἱῶν
1316 1776 1438 1811 Ἀμμὼν,
1451 1777 1498 1804 καὶ
1520 1777 1608 1804 Μωάδ
1620 1787 1626 1793 ’
1643 1779 1690 1805 καὶ
1701 1778 1789 1811 οὕτως
1803 1780 1883 1814 ὲλέγ-

1087 1828 1139 1855 χει,
1165 1821 1213 1846 καὶ
1241 1820 1377 1855 συγκλείει
1394 1822 1497 1854 πάντας
1519 1824 1559 1855 εἰς
1575 1824 1713 1853 ἀπειθίαν.
1737 1825 1820 1852 Ἀλλὰ
1835 1827 1883 1852 καὶ

1093 1865 1222 1901 ’Λμασίου
1238 1866 1285 1894 τοῦ
1303 1867 1399 1903 ἱερέως
1416 1868 1518 1904 Βαιθὴλ
1539 1869 1713 1902 διαϐαλόντος
1736 1872 1820 1898 αὑτὸν

1087 1909 1192 1944 βασιλεῖ
1210 1911 1350 1947 Ἰεροὸοὰμ
1371 1912 1408 1944 ὼς
1420 1912 1536 1947 λέγοντα
1552 1914 1623 1941 κατὰ
1640 1916 1689 1950 τῆς
1709 1916 1881 1952 Σαμαρείας,

1088 1957 1134 1982 καὶ
1151 1957 1221 1984 κατὰ
1235 1956 1283 1984 τοῦ
1302 1957 1378 1991 λαοῦ,
1397 1959 1478 1992 αὐτὸς
1494 1960 1570 1986 οὐδὲν
1584 1958 1664 1997 ἦττον
1675 1962 1726 1988 οὐκ
1739 1963 1881 1990 ἐπαύσατο

1087 2002 1351 2039 παρρησιαζόμενος,
1371 2005 1418 2031 καὶ
1437 2006 1524 2032 λέγων
1543 2007 1578 2034 τὰ
1593 2007 1670 2042 λόγια
1685 2008 1732 2034 καὶ
1749 2010 1816 2044 περὶ
1832 2009 1882 2044 τῆς

1088 2049 1239 2085 παρουσίας
1250 2049 1296 2076 τοῦ
1308 2051 1443 2087 Σωτῆρος.

1376 2109 1530 2142 ΜιΧΑιΑΣ,
1549 2111 1593 2143 σι.

1122 2162 1252 2198 Δεύτερος
1267 2163 1315 2198 μὲν
1333 2162 1387 2188 τῶν
1401 2164 1606 2200 προειρημένων
1619 2165 1748 2199 γέγονενι
1758 2167 1801 2192 ὅτι
1815 2165 1885 2193 αετὰ

1094 2208 1184 2240 Ὀζίαν
1198 2209 1394 2244 ὲπροφήτευσε.
1410 2210 1566 2245 Συνεχρόνει
1579 2210 1608 2239 δὲ
1620 2211 1723 2246 αὐτοῖς.
1749 2213 1827 2241 Ἐπεὶ
1837 2216 1884 2242 καὶ

1088 2253 1169 2284 αὐτὸς
1183 2253 1229 2279 ἐπὶ
1237 2253 1356 2289 Ἰωαθάμ
1366 2254 1412 2280 καὶ
1421 2254 1503 2290 ’Δχὰζ
1511 2255 1559 2282 καὶ
1574 2255 1696 2288 Ἐζεκίου
1706 2258 1811 2294 ἧρξατο
1822 2268 1886 2295 προ-

1089 2299 1226 2334 φητεύειν.
1245 2299 1369 2332 Ἐγένετο
1376 2299 1403 2326 δὲ
1411 2299 1512 2335 ὁλόγος
1526 2302 1594 2337 πρὸς
1604 2303 1686 2331 αὑτὸν
1703 2304 1750 2331 τοῦ
1766 2306 1884 2341 Κυρίου,

1088 2345 1135 2370 καὶ
1149 2343 1313 2379 προφητεύει
1328 2344 1568 2383 ὲπὶΊερουσαλὴμ,
1579 2349 1627 2375 καὶ
1639 2349 1704 2384 περὶ
1714 2350 1884 2386 Σαμαρείας,

1089 2390 1134 2416 καὶ
1145 2389 1189 2415 ὲπ⁸ι
1200 2389 1263 2421 τοὺς
1277 2391 1418 2426 προφήτας
1430 2393 1492 2424 τοὺς
1511 2393 1670 2426 πλανῶντας
1685 2395 1731 2421 τὸν
1748 2395 1825 2428 λαὸν,
1839 2398 1886 2423 καὶ

1089 2435 1160 2462 κατὰ
1167 2436 1213 2462 τοῦ
1231 2436 1344 2472 Ἀχαάϐ.
1356 2438 1542 2474 Προσημαίνει
1556 2439 1585 2466 δὲ
1602 2440 1648 2467 καὶ
1662 2441 1711 2476 τὴν
1728 2443 1886 2478 παρουσίαν

1088 2482 1134 2508 τοῦ
1143 2483 1269 2520 Σωτῆρος
1285 2484 1381 2519 λέγων·
1391 2485 1434 2512 Ἐν
1447 2487 1506 2517 ταῖς
1515 2486 1642 2521 ἐσχάταις
1658 2488 1778 2524 ἡμέραις
1792 2490 1885 2524 ἐμίξα-

1091 2528 1134 2561 νὲς
1148 2528 1225 2556 ἔσται
1241 2531 1271 2557 τὸ
1282 2530 1343 2566 ὅρος
1358 2531 1404 2558 τοῦ
1419 2531 1533 2567 Κυρίου.

1406 2634 1485 2660 ΙΩΗΛ
1497 2654 1504 2666 ,
1526 2634 1563 2661 B’.

1127 2675 1210 2709 Λόγος
1224 2677 1325 2712 Κυρίου
1344 2678 1451 2712 ἐγένετο
1466 2681 1534 2716 πρὸς
1550 2680 1630 2707 αὑτὸν
1647 2681 1694 2708 καὶ
1714 2683 1885 2718 προφητεύει

1090 2723 1144 2752 τοῖς
1157 2721 1350 2758 πρεσϐυτέροις
1376 2725 1422 2750 καὶ
1436 2726 1502 2751 πᾶσι
1516 2727 1572 2758 τοῖς
1585 2727 1743 2754 κατοικοῦσι
1758 2729 1809 2763 τὴν
1823 2728 1884 2762 γῆν,

1091 2766 1155 2801 περὶ
1170 2766 1219 2802 τῆς
1231 2766 1356 2800 ἁλώσεως
1369 2769 1419 2804 τῆς
1433 2770 1496 2805 γῆς,
1509 2771 1618 2798 καὶτῶν
1634 2772 1664 2799 ἐν
1677 2773 1760 2809 αὐτῇ·
1774 2782 1886 2809 προφη-

1091 2813 1163 2839 τεύει
1177 2812 1204 2839 δὲ
1219 2813 1266 2840 καὶ
1282 2815 1346 2850 περὶ
1363 2814 1413 2850 τῆς
1427 2816 1473 2842 τοῦ
1493 2817 1572 2850 ἁγίου
1592 2817 1756 2853 Πνεύματος
1774 2820 1887 2856 χάριτος

1091 2859 1138 2894 τῆς
1156 2859 1196 2890 εἰς
1212 2860 1316 2892 πάντας
1329 2861 1508 2897 γενησόμενος
1529 2862 1599 2898 [lege
1613 2864 1816 2900 γενησομένης]
1832 2865 1887 2891 ὑπὺ

1090 2903 1137 2930 τοῦ
1154 2904 1286 2940 Σωτῆρος.
1303 2906 1437 2941 Κηρὺττει
1450 2906 1480 2932 δὲ
1496 2908 1541 2934 καὶ
1555 2907 1618 2943 περὶ
1633 2909 1764 2943 νηστείας
1777 2912 1824 2937 καὶ
1837 2919 1887 2944 με·
