2035 3214
160 206 229 235 1265

762 204 806 230 DE
828 203 918 231 ViTlS
937 203 1209 232 PHOPilETARUM.

1669 203 1673 207 ”
1721 206 1789 233 1266

159 264 341 300 τανοίαςνκαὶ
354 264 419 300 περὶ
435 264 483 300 τῆς
503 263 549 290 τοῦ
569 264 693 299 Σωτῆρος
710 265 874 299 παρουσίας,
898 265 944 290 καὶ

1008 264 1164 295 »ωηὶῑεηιίε,
1181 264 1215 291 de
1230 263 1379 292 Salvator-is
1392 265 1526 296 adventu,
1544 268 1571 292 et
1581 264 1614 292 de
1630 265 1715 301 signis
1729 273 1790 300 quae

159 309 212 336 τῶν
230 310 277 336 uti.
294 309 339 335 τοῦ
360 308 475 345 σταυροῦ
491 309 643 344 γενομένων
659 309 789 344 σημειων.

457 366 590 398 ΔΒΔΙΟΥ,
611 366 647 393 Δ”.

196 412 310 447 Ὀρασιν
325 411 491 446 ἀπαγγέλλει
504 412 575 439 κατὰ
588 412 637 447 τῆς
659 412 820 447 Ἰδουμαίας,
838 419 885 437 και
900 411 946 438 τοῦ

160 458 253 490 τέλους
271 458 369 493 αὐτῆς·
387 457 435 484 καὶ
452 458 522 485 κατὰ
539 457 592 485 τῶν
609 458 693 484 ὲθνῶν
712 457 766 484 τῶν
782 459 948 493 ὲμπαροινη-

162 504 265 531 σάντων
285 504 322 540 τῷ
345 505 462 540 Ἰσραήλ.
493 504 726 540 Ἀναλωθήσεσθαι
747 504 801 539 γὰρ
814 504 859 530 τὸν
875 503 948 531 οἷκον

169 550 252 578 Ἡσαῦ
270 551 322 577 ὑπὸ
335 551 382 577 τοῦ
405 551 502 578 Ἰακὼϐ
518 551 708 587 προσημαίνει.

469 641 583 672 muas,
602 640 638 667 E'.

197 687 281 720 Λόγος
309 686 410 722 Κυρίου
442 686 550 720 ἐγένετο
578 686 647 722 πρὸς
665 686 746 713 αὑτὸν
764 685 890 713 ἀπελθεῖν
910 686 950 716 εἰς

161 732 260 767 Νινευὴ
275 733 323 759 καὶ
339 731 454 768 κηρῦξαι
469 733 498 760 ὲν
513 732 592 768 αὐτῇ,
606 732 646 759 ὅτι
660 732 699 758 ἔτι
712 734 786 768 τρεῖς
797 732 834 768 (1)
846 732 949 767 ἡμέραι

162 778 209 804 καὶ
220 778 476 814 καταστραφήσεται
490 778 506 814 ἡ
519 778 543 804 Ν
546 778 630 813 ινευή.
652 778 721 804 Ἀλλ’
738 778 828 809 Ἰωνᾶς
842 777 950 812 φεύγων

160 824 191 851 τὸ
209 825 350 860 κήρυγμα,
372 823 454 860 ἀνέϐη
480 825 520 856 είς
537 823 567 850 τὸ
583 824 684 851 πλοῖον.
709 823 851 858 Χειμῶνός
866 823 903 858 (2)
920 830 949 848 τε

162 871 306 907 γενομένου
320 871 461 907 ἐξεϐλήθη,
479 871 526 898 και)⁸
541 871 678 906 κατεπόθη
695 871 747 897 ὑπὸ
759 871 842 906 κήτου
855 870 951 896 θαλασ-

162 917 229 944 σίου.
248 915 313 944 Εἶτα
328 917 397 953 μετὰ
411 919 484 953 τρεῖς
512 917 618 953 ἡμέρας
635 910 744 949 ἐξέϐαλε
763 917 792 943 τὸ
809 915 890 952 κῆτος
904 916 949 942 τὸν

167 963 259 990 Ίωνὰν
272 963 370 996 ζῶντα.
386 963 442 991 Καὶ
463 964 543 991 πάλιν
565 965 597 990 ὲκ
609 963 737 999 δευτέρας
751 963 828 998 λόγος
847 962 949 998 Κυρίου

162 1011 269 1045 ἐγένετο
284 1010 352 1046 πρὸς
368 1010 458 1037 αὐτόν.
481 1011 535 1037 Καὶ
557 1010 681 1037 ἀπελθὼν
703 1011 833 1046 ἐκήρυξεν
851 1010 890 1040 εἰς
902 1009 951 1043 τὴν

162 1057 272 1093 Νινευὴ,
292 1057 390 1084 ἐκεῖνοί
403 1066 431 1083 τε
445 1057 609 1088 ἀκούσαντες
624 1055 871 1092 ὲμετανόησαναα)⁸
883 1063 954 1090 παρ-

158 1096 250 1139 ῖήγαγε
272 1103 372 1139 Κύριος
400 1103 448 1139 τὴν
471 1103 556 1139 ὀργὴν
577 1103 625 1129 ἀπ’
653 1102 752 1129 αὐτῶν.
783 1102 839 1137 Τῆς
863 1102 952 1136 μέντοι

163 1149 314 1185 παρουσίας
332 1149 379 1175 τοῦ
397 1149 524 1184 Σωτῆρος
545 1150 656 1184 σημεῖον
679 1148 758 1179 αὐτὸς
778 1148 883 1182 γέγονε,
907 1146 955 1183 καὶ

164 1195 327 1235 καταποθεὶς
342 1195 394 1222 ὑπὸ
407 1194 454 1222 τοῦ
469 1196 577 1230 κήτους,
599 1195 644 1222 καὶ
665 1193 807 1229 ὲκόληθεὶς
822 1192 955 1227 ἀϐλαϐής.

289 1251 412 1278 ΝΑΟΥΜ
435 1252 455 1279 0
478 1251 547 1277 ΤΟΥ
569 1249 775 1281 ΕΛΚΕΣΛΙΟΥ,
794 1250 830 1276 Ζ’.

197 1297 302 1332 Λῆμμα
326 1297 391 1332 περὶ
416 1296 464 1332 τῆς
487 1295 624 1327 ἀπωλείας
647 1295 746 1330 Νινευῆ
769 1294 830 1330 (sic)
855 1294 956 1329 βιϐλίον

163 1342 295 1378 ὁράσεως.
314 1342 484 1379 Προφητεύει
499 1343 546 1369 καὶ
561 1342 690 1378 κηρύττει
704 1342 752 1377 μὲν
765 1341 812 1368 καὶ
822 1341 886 1377 περὶ
898 1341 958 1376 ἑορ-

163 1390 222 1424 τῆς.
239 1389 425 1426 Προσημαίνει
441 1389 469 1415 δὲ
485 1390 513 1415 ὲν
533 1389 602 1424 αὐτῇ
619 1389 683 1424 περὶ
696 1387 743 1414 τοῦ
758 1387 894 1422 Σωτῆρος.
911 1387 957 1412 καὶ

165 1434 199 1460 τὰ
218 1434 299 1461 λοιπά
322 1435 410 1461 πάντα
434 1434 503 1461 κατὰ
525 1434 574 1469 τῆς
597 1433 717 1468 Νινευῆ,
739 1432 849 1459 καὶτοῦ
865 1431 957 1463 τέλους

166 1480 260 1517 αὐτῆς,
274 1480 321 1507 καὶ
332 1479 385 1507 τῶν
401 1480 505 1516 ἐχθρῶν
515 1479 563 1506 τοῦ
580 1479 687 1514 Ἰσραὴλ
698 1477 891 1514 παραγγέλλει.

423 1535 630 1567 ΑΜΒΑΧΟΥΜ,
658 1535 699 1562 H’.

201 1581 305 1618 Λῆμμα
311 1582 358 1609 καὶ
363 1581 443 1613 αὐτὸς
451 1578 528 1607 εἶδεν·
538 1580 702 1616 προφητεύει
707 1579 832 1614 δεόμενος
842 1578 889 1614 μὲν
896 1586 929 1604 πε
934 1577 960 1613 pi.

166 1628 215 1663 τῆς
227 1615 353 1659 άλῶσεως
363 1627 412 1662 τῆς
427 1615 612 1662 Ἰερουσαλήμ.
628 1625 826 1661 Προσημαίνων
847 1624 875 1650 δὲ
892 1624 955 1658 περὶ
968 1615 990 1644 ο

165 1672 218 1707 τῆς
230 1672 379 1708 παρουσίας
387 1671 433 1698 τοῦ
444 1671 579 1706 Σωτῆρος.
592 1671 673 1705 Λέγει
688 1670 717 1696 δὲ
731 1671 779 1696 καὶ
790 1669 955 1704 προφητεύει

166 1718 239 1745 κατὰ
249 1717 303 1744 τῶν
312 1716 534 1753 καταφρονητῶν.
548 1715 614 1744 Εἶτα
632 1716 732 1751 μεταξὺ
749 1715 885 1750 προσευχὴ
900 1716 955 1741 ἐστι

166 1763 214 1790 τοῦ
229 1764 367 1799 προφήτου
386 1764 443 1799 μετ’
461 1763 542 1798 ᾠδῆς.
557 1762 612 1789 Καὶ
625 1762 688 1798 τρία
703 1761 956 1796 διαψάλματὰὲστιν

167 1812 197 1837 ὲν
206 1811 239 1845 τῇ
247 1809 380 1846 λεγομένῃ
394 1808 448 1844 ᾠδῇ
458 1808 565 1844 ᾄδοντος
574 1807 656 1834 αὑτοῦ
671 1808 734 1843 περὶ
745 1808 793 1842 τῆς
808 1806 957 1842 παρουσίας

167 1856 215 1883 Ιιοῠ
228 1856 362 1891 Σωτῆρος,
375 1855 483 1891 καὶτῆς
494 1855 564 1882 κατὰ
573 1854 686 1882 θανάτου
697 1853 784 1890 νίκης.

312 1957 478 1984 ΣΟΦΟΝΙΑΣ
500 1957 520 1984 0
537 1957 606 1986 ΤΟΥ
625 1956 759 1988 ΧΟΥΣΕΙ,
778 1957 815 1983 Θ’.

206 2001 290 2036 Οὗτος
304 2004 351 2032 καὶ
373 2003 507 2039 Ἱερεμίας
523 2003 721 2038 συνεχρόνησαν
738 2001 870 2037 ἀλλήλοις.
893 2002 958 2037 Ἀμ-

170 2052 281 2087 φότεροι
292 2051 345 2086 γὰρ
357 2050 402 2076 ἐπὶ
416 2049 463 2076 τοῦ
483 2050 573 2076 Ὶωσία
587 2048 719 2084 βασιλέως
739 2048 822 2075 ’ἰούδα
839 2049 959 2084 ἐπροφή-

169 2106 280 2125 τευσαν.
304 2097 389 2131 Λόγος
409 2097 437 2123 δὲ
452 2096 555 2132 Κυρίου
580 2095 689 2130 ἐγένετο
712 2095 780 2130 πρὸς
803 2094 894 2126 αὑτὸν,
913 2094 960 2121 καὶ

171 2143 339 2180 προφητεύει
355 2144 383 2170 ὲν
396 2144 430 2178 τῇ
444 2142 632 2178 Ἰερουσαλὴμ,
648 2142 694 2168 καὶ
709 2141 789 2168 παντὶ
803 2141 897 2176 Ἰούδᾳ’
914 2140 960 2166 καὶ

172 2189 300 2225 ’τρολέγει
314 2189 377 2224 περὶ
393 2189 498 2224 ἡμέρας
510 2188 642 2224 ἐσομένης
655 2187 786 2223 μεγάλης,
799 2187 868 2213 ὥστε
881 2186 962 2222 ἐξαρ-

172 2235 254 2271 θῆναι
266 2236 355 2263 πάντα
369 2235 403 2262 τὰ
418 2235 524 2267 εἴδωλα,
540 2235 588 2262 καὶ
603 2234 636 2266 τὰ
650 2233 728 2267 ἄλση,
744 2232 791 2259 καὶ
804 2232 886 2258 πολὺν
900 2232 962 2268 θρῆ-

999 311 1026 337 in
1046 318 1127 337 cruce
1144 315 1207 337 sunt
1221 310 1304 337 edita.

1300 365 1431 399 ABDIAS,
1446 365 1488 392 IV.

1033 410 1174 439 Visionem
1194 411 1337 439 denuntiat
1353 411 1483 439 adversus
1498 410 1655 445 ldumaeam,
1671 416 1697 440 et
1710 421 1789 448 quem

1001 457 1080 484 ﬁnem
1109 456 1205 484 eadem
1232 457 1269 484 sit
1299 456 1436 483 habitura.
1459 455 1630 485 Vaticinatur
1653 459 1733 485 etiam
1763 459 1790 486 in

1000 508 1095 538 gentes
1119 510 1179 538 quae
1205 502 1298 531 israeli
1326 504 1503 532 insultarunt.
1527 503 1596 532 Fore
1622 505 1702 533 etiam
1723 512 1792 540 prm-

998 549 1075 581 dixit.
1092 554 1120 577 ut
1142 549 1213 578 Esau
1232 550 1340 584 domus,
1358 551 1392 579 ab
1413 559 1444 579 ea
1464 559 1524 586 qua:
1540 551 1633 579 Jacobi
1650 555 1702 585 est,
1728 552 1792 579 sub-

999 600 1131 623 vertatur.

1314 642 1431 676 JONAS,
1447 643 1479 670 V.

1036 687 1132 716 Sermo
1145 687 1252 716 Domini
1270 689 1357 716 factus
1382 695 1424 717 est
1448 690 1481 717 ad
1498 690 1596 725 ipsum.
1617 695 1646 717 ut
1666 690 1791 718 Ninit‘am

1000 733 1138 769 profectus
1159 735 1186 762 in
1210 742 1241 762 ea
1257 735 1377 768 doceret,
1399 736 1486 763 tribus
1508 740 1614 764 tantum
1637 736 1732 764 diebus
1747 744 1794 763 ur-

1000 779 1061 806 bem
1073 787 1132 806 eam
1148 780 1181 807 ab
1193 780 1304 807 interim
1319 781 1424 808 abesse.
1440 780 1493 808 Sed
1509 789 1569 808 cum
1584 781 1704 808 mandati
1723 789 1793 809 onus

1001 825 1161 858 declinaret.
1177 827 1291 862 contigit
1303 831 1332 853 ut
1345 835 1424 860 nave,
1445 827 1472 854 in
1489 835 1569 862 quam
1584 828 1792 860 conscenderat,

1001 870 1209 905 tempestatibus
1231 871 1343 906 agitata,
1361 872 1389 898 in
1416 880 1490 899 mare
1514 872 1617 906 ejeclus
1645 880 1659 898 a
1681 872 1793 907 pistrice

1001 915 1218 944 absorberetur:
1241 924 1301 952 quae
1328 918 1452 945 eumdem
1489 918 1578 945 triduo
1605 922 1667 952 post
1700 919 1791 945 vivum

1001 962 1130 988 evomuit.
1146 960 1243 990 iterato
1262 962 1360 990 deinde
1379 961 1413 989 ad
1439 970 1500 990 eum
1524 962 1631 990 Domini
1655 971 1792 994 sermone,

1001 1005 1127 1033 Ninivam
1157 1008 1297 1042 appulsus,
1325 1007 1417 1042 ibique
1445 1008 1636 1042 concionatus,
1661 1008 1735 1036 cives
1759 1009 1793 1034 ad

1003 1051 1220 1087 resipiscentiam
1245 1053 1374 1086 adduxit.
1396 1058 1423 1081 et
1448 1054 1516 1081 iram
1541 1053 1647 1081 Domini
1669 1054 1704 1082 ab
1726 1054 1793 1089 ipsis

1004 1098 1112 1125 avertit.
1130 1096 1191 1125 Fuit
1205 1099 1313 1133 quidem
1335 1103 1409 1127 certe
1426 1098 1575 1127 Salvatoris
1597 1099 1697 1136 imago,
1713 1107 1792 1134 quem

1005 1143 1102 1179 pistrix
1122 1144 1235 1172 illaesum
1251 1144 1388 1181 absorpsit
1402 1149 1429 1173 et
1443 1146 1574 1173 evomuit.

1117 1245 1259 1281 NAHUM,
1281 1247 1438 1275 ELCESIEI
1459 1247 1588 1280 FILIUS,
1609 1248 1665 1275 Vll.

1041 1292 1266 1328 Assumptionem
1282 1293 1316 1321 de
1333 1294 1446 1322 interitu
1461 1294 1566 1322 Ninivaa
1582 1295 1697 1322 visionis
1711 1295 1796 1330 hujus

1007 1338 1077 1365 liber
1087 1339 1289 1374 complectitur.
1302 1340 1475 1368 Valicinatur
1484 1345 1511 1368 et
1524 1341 1705 1368 concionatur
1712 1342 1795 1369 etiam

1007 1383 1041 1410 de
1059 1383 1139 1412 festo.
1154 1383 1284 1414 Praedicit
1308 1390 1399 1414 autem
1426 1386 1455 1414 in
1476 1394 1508 1413 ea
1530 1386 1564 1414 de
1589 1386 1741 1419 Salvatore,
1762 1387 1796 1414 de

1008 1430 1116 1458 caeteris
1133 1432 1271 1466 omnibus,
1286 1440 1348 1467 quae
1367 1432 1502 1461 adversus
1515 1432 1642 1460 Ninivam
1660 1437 1740 1465 sunt,
1762 1433 1797 1460 de

1009 1476 1069 1511 ejus
1086 1476 1140 1505 ﬁne
1154 1477 1273 1514 denique
1286 1482 1314 1506 et
1326 1478 1438 1507 lsraelis
1452 1479 1585 1506 hostium.

1264 1534 1428 1563 ABBACUM
1439 1556 1448 1568 ,
1468 1535 1538 1563 Vill.

1046 1578 1270 1614 Assumptionem
1295 1585 1323 1608 et
1346 1580 1391 1608 hic
1421 1581 1539 1609 intuitus
1555 1586 1608 1609 est.
1627 1581 1798 1609 Vaticinatur

1009 1628 1099 1652 autem
1117 1625 1186 1653 fusis
1200 1626 1309 1661 quidem
1330 1627 1457 1661 precibus
1472 1627 1727 1663 liierosolymitanm
1749 1634 1796 1653 ur-

1010 1671 1052 1698 bis
1063 1671 1174 1698 nomine
1189 1681 1196 1698 :
1212 1671 1260 1699 sed
1274 1671 1308 1699 de
1321 1671 1471 1699 Salvatoris
1488 1673 1607 1700 adventu
1626 1673 1796 1708 pronuntiat.

1010 1716 1081 1744 Dicit
1095 1724 1161 1744 vero
1174 1721 1201 1744 et
1216 1725 1277 1752 qua!
1292 1718 1486 1752 spernentibus
1494 1723 1625 1746 eventura
1634 1723 1708 1747 sunt.
1719 1718 1798 1746 Post-

1011 1771 1042 1790 ea
1065 1768 1218 1798 sequuntur
1241 1771 1336 1799 preces
1366 1771 1428 1792 eum
1444 1765 1564 1797 cantico,
1580 1765 1608 1792 in
1623 1773 1678 1801 quo
1689 1765 1799 1792 triare-

1012 1809 1102 1844 perias
1115 1809 1254 1845 prophetae
1262 1810 1456 1846 diapsalmata,
1470 1810 1622 1838 Salvatoris
1637 1811 1797 1843 adventum.

1011 1861 1038 1884 et
1052 1864 1134 1891 quam
1158 1857 1191 1884 de
1208 1862 1296 1884 morte
1319 1858 1461 1884 victoriam
1483 1857 1599 1892 adeptus
1621 1862 1674 1890 est,
1697 1859 1798 1886 decan—

1012 1902 1104 1930 tantis.

1139 1958 1333 1987 SOPHONIAS
1352 1958 1457 1987 CHUSI
1478 1958 1607 1992 FILIUS,
1629 1958 1673 1987 IX.

1048 2006 1148 2034 iisdem
1177 2007 1229 2034 iste
1246 2010 1274 2034 et
1297 2005 1448 2034 Hieremias
1465 2006 1593 2034 vixerunt
1617 2005 1798 2040 temporibus.

1013 2053 1099 2080 Ambo
1112 2052 1186 2080 enim
1201 2052 1344 2080 vaticinati
1361 2056 1435 2084 sunt,
1452 2059 1514 2079 cum
1530 2051 1608 2078 ludat
1621 2059 1735 2086 regnum
1753 2050 1801 2078 Jo-

1013 2099 1069 2126 sias
1084 2102 1198 2126 teneret.
1214 2097 1315 2134 Factus
1340 2102 1382 2125 est
1408 2101 1498 2125 autem
1523 2105 1613 2125 sermo
1636 2097 1744 2125 Domini
1765 2097 1800 2124 ad

1013 2146 1121 2180 ipsum,
1149 2153 1305 2180 munusque
1329 2152 1409 2172 suum
1432 2144 1460 2171 in
1477 2143 1660 2176 Hierusalem,
1689 2147 1802 2178 totoque

1015 2190 1083 2218 Juda
1100 2191 1178 2218 obiit.
1205 2190 1335 2217 Praedixit
1358 2191 1440 2217 etiam
1470 2189 1504 2217 de
1530 2194 1647 2217 venturo
1677 2189 1731 2222 die,
1754 2189 1801 2224 qui

1016 2245 1131 2272 magnus
1147 2237 1258 2270 dicitur,
1271 2245 1327 2272 quo
1342 2237 1413 2264 idola
1425 2237 1518 2264 omnia
1531 2236 1640 2271 lucique
1655 2235 1800 2267 tollentur;

171 2291 219 2309 vov
242 2282 290 2309 καὶ
304 2281 418 2308 κοπετὸν
434 2281 584 2315 γίγνεσθαι.
603 2279 772 2316 Προφητεύει
792 2278 820 2304 δὲ
837 2278 883 2304 καὶ
897 2278 958 2313 περὶ

1017 2284 1088 2311 unde
1106 2284 1196 2311 luctus
1210 2287 1237 2311 et
1252 2283 1387 2311 clamores
1403 2283 1481 2310 multi
1507 2282 1604 2310 futuri.
1631 2280 1803 2309 Vaticinatur

172 2328 221 2355 τοῦ
232 2327 368 2363 Σωτῆρος,
387 2327 433 2353 καὶ
448 2327 497 2361 τῆς
509 2327 690 2357 ἀναστάσεως,
706 2326 738 2360 ἢν
749 2324 781 2350 δι’
798 2325 871 2360 ἡμᾶς
882 2325 961 2352 ποιεῖ.

175 2375 231 2401 Καὶ
251 2373 324 2401 κατὰ
334 2372 423 2407 Γάζης
436 2373 484 2399 καὶ
500 2372 678 2403 Ἀσκάλωνος,
702 2371 748 2397 καὶ
764 2370 890 2402 Ἀζώτου,
917 2370 965 2397 καὶ

176 2421 226 2456 τῆς
247 2420 400 2455 Ἀκκάρων,
417 2419 464 2445 καὶ
484 2418 554 2445 κατὰ
577 2417 674 2448 Μωὰὸ,
699 2417 745 2443 καὶ
771 2416 893 2452 Ἀμμὼν,
919 2416 965 2442 καὶ

176 2465 248 2493 κατὰ
264 2464 420 2500 Δαμασκοῦ,
439 2465 486 2491 καὶ
503 2463 573 2490 κατὰ
587 2464 698 2498 Νινευῆ,
710 2463 757 2490 καὶ
773 2463 844 2490 κατὰ
855 2463 909 2489 τῶν
920 2463 967 2489 Λί-

177 2513 290 2540 Θιόπων.

471 2567 628 2599 ΛΓΓΛΙΟΣ,·
646 2567 673 2593 l'.

214 2613 298 2647 Οὗτος
316 2616 384 2652 μετὰ
398 2615 447 2651 τὴν
461 2613 649 2650 αἰχμαλωσίαν
664 2614 692 2639 ὲν
706 2614 739 2648 τῇ
755 2612 874 2648 ὲπανόδῳ
889 2614 917 2639 ὲν
933 2614 965 2648 τῇ

184 2662 371 2698 Ἰερουσαλὴμ,
385 2662 430 2688 ἐπὶ
440 2661 553 2697 Δαρείου
564 2659 695 2695 βασιλέως
704 2659 827 2694 Περσῶν,
842 2659 965 2694 δευτέρου

179 2709 258 2741 ἔτους
277 2709 369 2741 αὑτοῦ,
392 2709 430 2744 τῷ
448 2708 518 2743 ἕκτῳ
536 2707 601 2742 μηνὶ
619 2707 740 2740 γέγονεν.
758 2706 842 2740 Λόγος
865 2707 966 2742 Κυρίου

179 2755 288 2791 ἐγένετο
303 2755 331 2781 ὲν
346 2755 417 2790 χειρὶ
431 2754 522 2786 αὑτοῦ,
542 2754 588 2779 καὶ
608 2753 773 2788 προφητεύει
794 2753 832 2788 τῷ
849 2753 967 2788 Ζοροϐά-

180 2802 238 2834 ϐελ,
261 2801 308 2828 καὶ
328 2800 367 2835 τῷ
395 2800 482 2835 Ἰησοῦ
504 2800 543 2835 τῷ
562 2798 609 2825 τοῦ
637 2799 769 2831 Ἰωσεδὲκ,
791 2800 836 2826 καὶ
858 2800 896 2834 τῷ
911 2799 967 2834 λαῷ

233 2892 257 2927 l)
279 2891 409 2927 Sequitur
434 2891 566 2919 Eusebius
600 2882 862 2927 interpfetationem
879 2889 966 2923 LXX;

183 2925 288 2956 Hebraei
301 2925 365 2956 vero
377 2927 553 2963 quadraginta
567 2925 680 2956 habenti
693 2926 799 2954 \‘idesis
812 2925 839 2953 S.
850 2925 967 2959 August.

1015 2338 1080 2358 vero
1106 2331 1188 2358 etiarn
1203 2330 1236 2358 de
1252 2330 1316 2367 ipso.
1328 2328 1482 2361 Salvatore,
1500 2328 1588 2364 deque
1602 2329 1662 2363 ejus
1676 2328 1702 2354 in
1719 2328 1801 2354 vitam

1016 2377 1116 2408 reditu,
1135 2376 1183 2411 qui
1202 2376 1236 2403 ab
1251 2383 1284 2402 eo
1298 2377 1385 2404 nostri
1410 2382 1494 2402 causa
1511 2375 1599 2402 factus
1620 2378 1672 2402 est.
1691 2374 1760 2400 Sunt
1777 2377 1804 2400 ct

1015 2424 1075 2458 ejus
1090 2423 1218 2450 vaticinia
1234 2423 1262 2450 in
1277 2422 1389 2454 Gazam,
1403 2422 1430 2448 in
1444 2422 1618 2452 Ascalonem.
1633 2422 1661 2448 in
1675 2421 1801 2451 Azotum.

1015 2471 1043 2497 in
1061 2470 1197 2501 Accaron,
1215 2469 1241 2495 in
1260 2469 1349 2502 Moab,
1365 2469 1393 2496 in
1407 2469 1534 2501 Ammon,
1548 2468 1576 2495 in
1588 2468 1761 2500 Damascum,
1776 2467 1803 2493 in

1017 2514 1155 2546 Ninivam,
1172 2513 1199 2540 iu
1216 2512 1370 2548 Ethiopas.

1302 2567 1470 2600 AGG/EUS,
1487 2567 1521 2595 Χ.

1053 2614 1117 2642 Fuit
1133 2613 1185 2641 iste
1201 2619 1261 2649 post
1278 2614 1476 2649 captivitatem,
1494 2622 1556 2641 cum
1573 2613 1690 2649 populus
1706 2611 1805 2640 llieru~

1020 2660 1106 2688 salem
1120 2660 1258 2692 rediisset,
1277 2659 1351 2686 Darii
1380 2660 1453 2694 regis
1477 2667 1550 2687 anno
1565 2659 1695 2690 secundo,
1711 2666 1806 2686 mense

1019 2711 1106 2734 sexto.
1127 2705 1227 2733 Factus
1246 2712 1288 2733 est
1303 2709 1394 2733 autem
1415 2713 1507 2732 sermo
1528 2704 1635 2732 Domini
1664 2705 1692 2731 in
1722 2712 1805 2731 manu

1019 2753 1116 2788 ipsius,
1133 2752 1354 2786 vaticinatusque
1374 2755 1417 2779 est
1433 2751 1606 2782 Zorobaheli.
1626 2755 1654 2778 et
1678 2750 1742 2779 Jesu
1758 2750 1818 2779 Jo-i

1019 2798 1110 2826 sedeci
1140 2797 1206 2831 lilio,
1232 2798 1389 2833 populoque
1412 2797 1463 2832 ipsi
1491 2797 1524 2823 de
1553 2789 1818 2832 Hierosolymorumi

1019 2888 1057 2917 De
1077 2889 1182 2916 civitate
1196 2887 1255 2915 Dei.
1270 2887 1318 2915 lib.
1334 2894 1412 2919 xvm,
1427 2894 1442 2913 c
1469 2886 1513 2913 Η.

1055 2924 1092 2958 ("2)
1115 2924 1184 2952 Edit.
1199 2923 1314 2951 Curterii
1327 2921 1446 2956 χιμῶιιος
1461 2921 1551 2950 habet.
1572 2921 1650 2950 Eutr.
1666 2920 1794 2950 Ριτιιοι.-
