2035 3214
255 193 268 220 ιι
273 193 323 220 267

599 190 733 218 EUSEBII
753 187 993 219 CESARIENSIS
1012 186 1090 214 OPP.
1111 185 1203 215 PARS
1221 186 1301 215 II-I.—
1317 185 1522 214 EXEGETICA.

1809 186 1874 214 ιεθε

253 254 464 285 instauratione,
482 252 515 280 de
537 252 697 280 umbrarum
715 253 779 281 item
796 253 928 286 transitu,
952 251 1039 287 deque

1092 250 1155 285 περὶ
1167 251 1216 286 τῆς
1231 250 1375 285 οἰκοδομῆς
1389 250 1438 285 τῆς
1459 248 1645 285 Ἰερουσαλήμ.-
1666 248 1833 284 προφητεύει
1848 248 1873 274 δὲ

253 302 375 336 gentium
387 300 541 328 vocatione.

376 386 573 415 ZACIIARIAS
593 387 707 416 SADDO
726 387 855 422 FILIUS,
874 387 920 415 XI.

288 432 458 460 Vaticinatus
470 437 512 461 est
526 438 553 460 et
563 434 614 461 iste
622 441 693 461 anno
710 433 780 460 Darii
794 434 924 466 secundo,
939 442 1041 462 mense-

252 488 304 516 que
311 485 407 508 octavo
420 479 509 507 factus
522 484 562 507 est
573 487 665 507 sermo
673 479 780 507 Domini
793 480 826 507 ad
839 480 927 516 ipsum
939 490 945 508 :
957 481 984 508 in
995 489 1042 508 eo-

252 533 305 561 que
314 525 421 554 Domini
431 526 539 554 loeutus
547 530 589 554 est
603 526 727 561 angelus.
742 525 841 562 Dirigit
851 535 934 562 porro
947 527 980 554 ad
993 535 1037 562 pa-

252 576 309 600 tres
320 572 488 600 Hierusalem
499 573 620 600 visiones
636 580 702 600 suas
712 580 780 608 quas
793 573 893 600 multas
908 581 939 600 ac
950 574 1041 601 varias

251 620 337 648 videt.
353 620 466 648 Disserit
479 623 570 647 autem
583 620 688 655 prolixa
701 620 824 648 oratione
839 620 873 648 de
889 620 1040 652 Salvatore,

250 673 278 696 et
292 668 428 704 signiﬁcat
441 666 567 694 eumdem
582 667 666 694 asinae
684 666 800 701 ejusque
824 668 898 702 pullo
920 667 1041 695 insiden-

250 718 305 743 tem
323 718 467 742 venturum
486 721 557 740 esse.

497 758 697 786 MALACHIAS
707 779 714 791 ,
734 758 793 786 XII.

285 805 349 833 Fuit
365 809 392 833 et
414 804 466 833 iste
489 805 572 833 etiam
595 809 657 840 post
679 805 866 840 captivitatem
895 804 977 832 Dario
999 812 1042 831 re-

250 855 360 882 gnante.
379 850 552 877 Vaticinatur
568 855 659 877 autem
678 850 891 885 assumptionem
904 850 1041 878 sermonis

250 896 356 928 Domini
371 897 398 924 in
414 905 496 924 manu
513 897 602 931 angeli
617 897 659 924 sui
676 918 682 924 .
700 897 727 923 in
744 904 798 932 qua
813 897 902 932 arguit
913 896 1039 924 lsraelem

250 943 502 978 transgressionum
519 943 638 974 nomine,
652 946 679 970 et
693 948 815 975 accusat,
830 943 902 978 quod
919 943 1040 970 decima-

249 997 310 1018 rum
327 993 354 1017 et
368 996 520 1024 pauperum
532 997 625 1016 curam
639 989 811 1016 nonhabeat.
828 988 945 1017 Disserit
957 989 1039 1017 etiam

250 1034 284 1062 de
313 1035 357 1062 die
382 1035 500 1070 judicii,
522 1035 556 1062 de
587 1034 737 1062 Salvatoris
768 1034 923 1070 splendore,
953 1034 1040 1070 deque

250 1080 318 1111 Elia:
332 1085 395 1109 ante
410 1081 470 1116 ejus
487 1081 634 1109 adventum
649 1081 791 1108 missione.

459 1208 570 1236 ISAIAS
591 1208 705 1236 FILIUS
724 1207 828 1235 AMOS.

285 1255 338 1282 Iste
354 1258 381 1281 et
393 1254 463 1282 Osee
481 1255 564 1290 (sicut
576 1262 591 1281 a
608 1262 650 1282 me
665 1253 768 1281 dictum
781 1259 822 1281 est
835 1253 926 1288 antea)
942 1253 1038 1281 iisdem

249 1300 402 1327 ﬂoruerunt
419 1301 599 1335 temporibus.
620 1298 695 1326 Vixit
711 1299 785 1326 enim
812 1299 857 1325 hic
877 1298 953 1331 Ozia,
976 1298 1040 1325 Joa-

251 1347 354 1378 thamo,
371 1346 492 1377 Achazo,
509 1349 536 1374 et
550 1345 666 1373 Elechia
681 1345 781 1372 Iudaea:
804 1353 917 1380 regnum
942 1349 1039 1372 tenen-

251 1392 334 1418 tibus.
352 1390 492 1418 Visionem
509 1395 600 1418 autem
615 1391 742 1422 intuitus,
759 1390 924 1416 vaticinatus
939 1394 979 1417 est
991 1388 1040 1416 atl-

249 1444 348 1463 versus
378 1435 498 1463 Iudaeam
529 1441 555 1463 et
580 1435 764 1463 Hierusalem.
786 1435 886 1463 Factus
917 1440 958 1463 est
975 1443 1040 1462 vero

250 1489 343 1510 sermo
358 1482 467 1509 Domini
484 1482 518 1508 ad
537 1482 627 1517 ipsum
644 1483 770 1517 bonaque
787 1482 873 1517 ipsius
890 1482 1039 1518 prophetia:

251 1536 316 1563 pars
333 1528 446 1555 nuntius
456 1532 497 1555 est
513 1528 624 1563 quidam
641 1528 674 1556 de
689 1528 769 1556 Verbi
783 1528 828 1556 Dei
844 1529 973 1560 adventu,
992 1528 1039 1556 (Ie-

1091 296 1137 323 καὶ
1154 296 1218 332 περὶ
1232 298 1282 332 τῆς
1298 295 1487 331 παρελεύαεως
1503 294 1558 321 τῶν
1573 294 1666 327 σκιῶν,
1683 299 1731 322 καὶ
1748 295 1813 329 περὶ
1828 295 1874 328 τῆς

1090 342 1212 378 κλήσεως
1231 342 1284 368 τῶν
1299 341 1391 368 ἐθνῶν.

1243 387 1412 413 ΖΛΧΑΡῘΑΣ
1432 387 1510 414 ΥΙΟΣ
1529 386 1647 416 ΣΑΔΔΩ,
1667 387 1718 413 ΙΔ’.

1126 433 1181 460 Καὶ¹
1197 431 1272 465 οὗτος
1287 433 1326 469 τῷ
1348 433 1466 470 δευτέρῳ
1487 433 1541 460 ἓτει
1564 432 1675 468 Δαρείου
1698 431 1873 468 προψητεὺει.

1097 480 1176 507 Ἀλλὰ
1199 480 1237 516 τῷ
1258 480 1342 515 ὀγδόῳ
1366 480 1430 516 μηνὶ
1450 480 1528 514 λόγος
1553 479 1654 515 Κυρίου
1677 479 1785 513 ἐγένετο
1810 478 1876 514 πρὸς

1091 526 1182 559 αὑτὸν,
1197 526 1245 553 καὶ
1258 526 1371 560 ἄγγελος
1386 526 1488 561 Κυρίου
1500 525 1588 553 ἐλάλει
1603 526 1631 551 ὲν
1648 524 1733 560 αὐτῷ,
1746 524 1794 551 καὶ
1813 533 1876 560 προ-

1092 571 1203 606 φητεύει
1220 571 1288 607 πρὸς
1309 572 1532 607 τοὺςπατέρας,
1553 572 1598 598 καὶ¹
1619 571 1668 607 τὴν
1690 571 1874 607 Ἰερουσαλήμ.

1092 616 1196 648 Πολλὰς
1212 616 1240 643 δὲ
1254 617 1300 644 καὶ
1321 617 1445 649 ποικίλας
1465 617 1573 652 ὁράσεις
1588 617 1691 652 βλέπει,
1705 618 1752 644 καὶ
1770 626 1875 653 προφη-

1091 661 1164 688 τεύει
1180 663 1244 697 περὶ
1262 662 1308 689 τοῦ
1325 663 1451 698 Σωτῆρος
1466 663 1511 691 διὰ
1528 663 1651 695 πολλῶν,
1669 664 1716 690 καλ⁴
1738 663 1875 699 σημαίνων

1092 708 1172 736 αὑτὸν
1184 708 1311 744 ἔρχεσθαι
1327 709 1373 735 ἐπὶ
1391 709 1450 735 δνον
1465 709 1512 736 καὶ
1529 709 1620 735 πῶλον
1637 708 1798 743 ὑποζυγίου.

1353 756 1533 783 ΜΑΛΑΧΙΑΣ
1543 775 1549 787 ,
1567 756 1616 782 1Β¹.

1126 800 1181 827 Καὶ
1206 796 1283 832 οὗτος
1313 800 1382 836 μετὰ
1407 801 1456 836 τὴν
1484 801 1672 836 αἰχμαλωσίαν
1697 801 1809 836 γέγονεν
1833 802 1877 828 ἐπὶ

1091 846 1202 882 Δαρείου
1246 847 1342 883 λῆμμα
1357 847 1386 873 δὲ
1400 848 1478 882 λόγου
1500 849 1603 884 Κυρίου
1623 850 1652 876 ὲν
1667 849 1738 885 χειρὶ
1762 848 1877 883 ἀγγέλου

1092 891 1173 918 αὑτοῦ
1195 892 1242 919 ἐπὶ
1255 893 1301 919 τὸν
1320 892 1428 929 Ἰσραὴλ
1443 893 1617 929 προφητεύει.
1642 894 1780 926 Ὀνειδίζει
1793 895 1820 920 δὲ
1834 893 1878 921 τὸν

1097 938 1204 973 Ἰσραὴλ
1219 938 1264 964 ἐπὶ
1278 940 1338 971 ταῖς
1353 939 1524 974 παραϐάσεσι
1534 959 1541 971 ,
1565 940 1612 966 καὶ
1625 941 1761 975 μέμφεται
1778 941 1824 966 ἐπὶ
1845 941 1878 976 τῇ

1090 983 1205 1020 ἀμελείᾳ
1216 984 1271 1011 τῶν
1284 984 1420 1017 δεκάτων,
1439 986 1486 1012 καὶ
1509 985 1559 1020 τῆς
1575 986 1644 1021 πρὸς
1667 986 1730 1016 τοὺς
1755 987 1879 1021 πτωχοὺς

1090 1030 1241 1062 κοινωνίας·
1263 1030 1428 1067 προφητεύει
1444 1031 1472 1058 δὲ
1489 1030 1613 1067 περὶτῆς
1633 1031 1738 1067 ἡμέρας
1753 1031 1802 1066 τῆς
1817 1031 1878 1067 κρε-

1092 1085 1177 1108 σεως,
1200 1077 1246 1104 καὶ
1268 1077 1318 1112 τῆς
1344 1077 1390 1104 τοῦ
1408 1077 1533 1114 Σωτῆρος
1549 1077 1738 1113 ἐπιλάμψεως,
1758 1079 1805 1104 καὶ
1828 1079 1880 1114 πρὸ

1090 1124 1139 1158 τῆς
1151 1123 1300 1159 παρουσίας
1310 1123 1356 1150 τοῦ
1370 1124 1494 1159 Σωτῆρος
1508 1124 1717 1151 ἀποστέλλεσθαι
1729 1124 1776 1150 τὸν
1787 1124 1879 1150 Ἠλίαν

1092 1169 1230 1204 σημαίνει.

1312 1216 1436 1241 ΗΣΑΙΛΣ
1454 1215 1533 1242 ΥΙΟΣ
1553 1216 1655 1242 ΑΜΩΣ.

1128 1257 1212 1292 οὗτος
1229 1260 1276 1287 καὶ
1299 1260 1393 1295 Ὠσηὲ,
1415 1261 1487 1288 καθὰ
1512 1262 1659 1297 προεῖπον,
1680 1260 1882 1296 συνεχρόνησαν

1091 1306 1233 1342 ἀλλήλοις·
1253 1307 1299 1333 καὶ
1320 1306 1374 1341 γὰρ
1398 1306 1444 1334 καὶ
1461 1304 1538 1338 οὗτος
1558 1307 1604 1334 ἐπὶ
1622 1307 1719 1339 Ὀζίου,
1740 1307 1785 1333 καὶ
1811 1307 1882 1333 Ἰωα-

1091 1352 1156 1388 θὰμ,
1172 1353 1219 1379 καὶ
1237 1351 1335 1387 ’Λχὰζ,
1353 1352 1400 1378 καὶ
1421 1352 1539 1387 Ἐζεκίου
1563 1352 1693 1387 βασιλέων
1714 1352 1814 1384 Ἰούδα,
1834 1352 1882 1386 γέ-

1091 1406 1186 1432 γονεν·
1205 1398 1300 1433 ὅρασιν
1323 1397 1352 1424 δὲ
1378 1397 1507 1432 ἑωρακὼς
1546 1398 1711 1434 προφητεύει
1738 1398 1810 1425 κατὰ
1831 1398 1883 1433 τῆς

1096 1443 1236 1475 Ἰουδαίας,
1253 1444 1298 1471 καὶ
1317 1443 1387 1470 κατὰ
1408 1444 1592 1480 Ἰερουσαλήμ,
1616 1445 1671 1470 Καὶ
1689 1444 1767 1478 λόγος
1779 1444 1809 1471 δὲ
1827 1445 1884 1470 Κυ-

1094 1490 1149 1525 ρίου
1167 1490 1235 1525 πρὺς
1253 1490 1333 1516 αὑτὸν
1352 1490 1464 1524 γέγονε’
1485 1490 1531 1517 καὶ
1552 1490 1583 1516 τὸ
1601 1490 1724 1516 πλεῖστον
1743 1489 1793 1524 τῆς
1813 1497 1883 1525 προ-

1091 1535 1204 1570 φητείας
1221 1535 1304 1562 αὐτοῦ
1331 1536 1404 1562 ἐστιν
1421 1535 1568 1569 εὐαγγελία
1595 1536 1657 1571 περὶ
1675 1535 1724 1569 τῆς
1747 1534 1883 1569 ὲνσάρκου

250 1582 304 1609 que
322 1573 356 1600 iis
374 1582 433 1609 qua:
444 1579 540 1602 nostro
555 1575 667 1602 nomine
683 1583 780 1610 passus
797 1580 849 1603 est.
868 1575 1039 1602 Vaticinatur

1093 1582 1244 1617 παρουσίας
1258 1582 1305 1608 τοῦ
1331 1582 1417 1616 Λόγου
1435 1581 1481 1608 τοῦ
1497 1581 1579 1613 Θεοῦ,
1601 1581 1647 1608 καὶ
1664 1578 1703 1607 ὧν
1716 1581 1749 1608 ἂν
1772 1581 1884 1613 ἐδέξατο

250 1622 342 1645 autem
356 1618 390 1645 de
406 1618 534 1653 gentibus
558 1627 620 1654 quae
642 1623 795 1655 sequuntur
812 1630 818 1647 :
837 1620 969 1648 adversus
986 1621 1021 1648 Ba

249 1664 390 1699 bylonem;
402 1663 429 1691 in
441 1664 617 1700 alienigenas,
634 1669 661 1692 et
673 1665 806 1693 adversus
820 1666 996 1698 Damascum,
1011 1667 1037 1693 in

252 1708 410 1745 Egyptum,
435 1709 463 1737 in
484 1709 643 1742 ldumaeam,
667 1710 694 1737 in
713 1711 811 1738 vallem
829 1710 931 1743 Sionis,
949 1712 976 1738 in
990 1712 1040 1747 Ty-

249 1763 323 1789 rum,
341 1760 402 1791 post
423 1764 484 1791 qua:
501 1757 627 1792 sequitur
642 1757 712 1785 visio
730 1758 949 1793 quadrupedum,
979 1766 1039 1793 qua:

251 1807 315 1830 sunt
330 1803 357 1830 in
378 1810 481 1830 eremo.
502 1802 603 1830 Narrat
618 1808 644 1831 et
664 1804 860 1832 Sennacherim
886 1805 1039 1840 expeditio-

249 1857 322 1880 nem,
347 1853 372 1876 et
389 1850 521 1885 Rapsaca:
539 1850 730 1885 jactationem,
748 1851 976 1887 excidionemque
990 1860 1038 1880 eo-

250 1901 321 1924 rum,
338 1897 365 1921 et
380 1894 658 1922 interitum.Additet
670 1895 791 1923 Ezechiae
807 1897 943 1928 morbum,
955 1901 1040 1932 utque

251 1939 331 1965 morti
353 1939 504 1973 proximus,
522 1939 591 1967 fusis
608 1940 641 1967 ad
657 1939 742 1967 Deum
755 1941 895 1975 precibus,
913 1942 940 1969 in
956 1943 1038 1977 quin-

253 1985 339 2016 decim
369 1993 456 2013 annos
469 1986 529 2013 vitae
554 1986 607 2013 sibi
622 1987 844 2021 prorogationem
870 1987 1038 2022 impetravit.

254 2030 425 2058 Vaticinatur
441 2039 522 2066 porro
538 2032 684 2064 eunuchis,
699 2036 726 2060 et
747 2033 885 2068 gentibus,
901 2033 994 2061 addito
1005 2033 1038 2061 ad

253 2078 333 2105 ﬁnem
348 2077 400 2104 dici
412 2077 526 2111 judicio.

389 2122 576 2150 HIEREMIAS
595 2123 754 2151 CIIELCIIE
775 2123 900 2156 FILIUS,

525 2169 550 2195 E
563 2169 753 2197 sacerdotibus.

285 2214 349 2247 Iste,
365 2215 438 2249 quod
452 2215 527 2249 prius
545 2215 612 2249 dixi,
629 2220 656 2243 et
670 2216 837 2250 Sophonias,
852 2215 948 2244 iisdem
964 2217 1039 2244 vixe-

1093 1626 1125 1652 Bt'
1142 1628 1215 1661 ἡμᾶς
1233 1626 1337 1654 παθών.
1353 1626 1519 1662 Προιρητεύει
1533 1627 1561 1654 δὲ
1576 1627 1622 1653 καὶ
1636 1627 1681 1652 ἐπὶ
1698 1626 1761 1661 ἔθνη
1775 1626 1864 1652 ταῦτα
1875 1634 1883 1641 ·

1094 1673 1163 1699 κατὰ
1190 1673 1366 1706 Βαϐυλῶνος,
1390 1674 1436 1700 ἐπὶ
1455 1673 1519 1705 τοὺς
1539 1673 1718 1707 ἀλλοφύλους,
1741 1672 1814 1700 κατὰ
1831 1674 1884 1699 Δα-

1096 1719 1212 1753 μασκοῦ,
1230 1720 1325 1755 ὅρασιν
1347 1719 1501 1754 Αἰγύπτου,
1526 1720 1618 1755 ὅραμα
1640 1719 1689 1753 τῆς
1710 1718 1883 1754 Ἰδουμαίας,

1092 1766 1183 1802 ὅραμα
1201 1768 1250 1801 τῆς
1272 1767 1413 1801 φάραγγος
1438 1765 1524 1797 Σιὼν,
1552 1766 1644 1801 ὅραμα
1659 1765 1765 1801 Τύρου,
1788 1766 1885 1800 ὅρασιν

1093 1813 1147 1840 τῶν
1160 1813 1332 1848 τετραπόδων
1354 1813 1406 1839 τῶν
1417 1814 1445 1839 ἐν
1461 1814 1494 1848 τῇ
1513 1813 1620 1848 ἐρήμῳ.
1634 1813 1775 1847 Διηγείται
1792 1811 1821 1838 δὲ
1836 1811 1885 1838 καὶ

1092 1861 1141 1896 τὴν
1154 1859 1246 1894 ἔφοδον
1270 1859 1463 1895 Σεμναχηρεὶμ
1474 1879 1480 1891 ,
1498 1859 1546 1885 καὶ
1563 1858 1696 1892 Ῥαψάκου
1711 1858 1762 1893 τὴν
1783 1857 1884 1889 ἀλαζο-

1093 1906 1162 1937 νίαν,
1177 1906 1226 1941 τήν
1243 1914 1272 1931 τε
1296 1905 1400 1932 πτῶσιν
1422 1906 1469 1932 καὶ
1494 1905 1632 1932 ἀπώλειαν
1650 1904 1754 1931 αὐτῶν·
1775 1905 1822 1931 καὶ
1843 1904 1885 1930 ἅτε

1093 1953 1207 1988 νοσήσας
1226 1951 1364 1984 Ἐζεκίας,
1384 1952 1430 1978 καὶ
1455 1951 1559 1986 μέλλων
1583 1950 1785 1986 ἀποθνήσκειν,
1803 1950 1885 1982 εὐξά-

1094 2006 1174 2033 μενος
1189 1997 1348 2033 προσθήκην
1362 1997 1441 2032 ἔσχεν
1457 1997 1524 2023 ἐτῶν
1537 1996 1694 2024 δεκαπέντε.
1710 1997 1885 2032 Προφητεύει

1092 2044 1120 2070 δὲ
1136 2043 1183 2070 καὶ
1197 2042 1351 2078 εὐνούχοις,
1368 2043 1416 2070 καὶ
1430 2045 1485 2075 τοῖς
1498 2043 1586 2069 ἔθνεσι
1612 2043 1641 2069 ὲν
1662 2042 1702 2078 τῷ
1724 2043 1799 2069 τέλει
1819 2043 1886 2079 περὶ

1091 2090 1141 2125 τῆς
1157 2089 1262 2125 ἡμέρας
1279 2089 1329 2124 τῆς
1346 2089 1472 2125 κρίσεως.

1247 2135 1410 2162 ΙΕΡΕΜΙΑΣ
1437 2135 1458 2161 0
1479 2135 1547 2162 ΤΟΥ
1565 2135 1730 2167 ΧΕΛΧῙΟΥ,

1362 2181 1410 2207 Ἐκ
1426 2180 1485 2207 τῶν
1500 2180 1611 2214 ἱερέων.

1129 2224 1224 2259 Οὗτος,
1239 2226 1310 2254 καθὰ
1323 2228 1463 2262 προεῖπον,
1480 2227 1528 2253 καὶ
1544 2227 1675 2262 Σοφονίας
1687 2227 1886 2262 συνεχρόνισαν

250 2265 315 2288 runt
341 2261 522 2296 temporibus,
555 2262 601 2289 sed
630 2263 731 2290 mansit
756 2261 907 2290 Hieremias
928 2263 961 2290 ad
980 2262 1039 2290 Joa-

1092 2274 1215 2304 ὲαυτοῐς·
1234 2261 1382 2308 παρέμεινε
1400 2272 1428 2299 δὲ
1444 2268 1522 2304 οὗτος
1540 2273 1592 2305 ἕως
1613 2261 1815 2307 ’1ωακεὶμ,νκαὶ
1831 2273 1886 2304 ἓως

250 2308 351 2335 ciuium
371 2315 467 2342 usque,
484 2312 511 2335 et
528 2308 702 2336 undecimum
720 2308 840 2336 Sedecia:
864 2309 949 2348 Judae.
966 2311 1038 2345 regis

250 2360 364 2385 annum,
391 2353 416 2380 id
434 2357 476 2381 est
492 2353 526 2380 ad
550 2354 642 2389 populi
658 2362 746 2389 usque
762 2355 958 2390 captivitatem.
987 2355 1039 2383 Fa-

251 2403 324 2426 ctum
337 2403 379 2427 est
393 2404 483 2427 autem
507 2400 619 2427 verbum
638 2401 745 2428 Domini
767 2402 800 2429 ad
815 2410 889 2436 eum,
905 2407 932 2430 et
947 2403 1040 2431 multis

252 2444 502 2481 Hierosolymorum
515 2447 673 2482 iniquitates
690 2449 790 2483 arguit,
807 2449 895 2484 deque
918 2450 997 2485 ipsis,
1014 2454 1041 2478 et

252 2490 286 2518 de
299 2492 423 2519 siccitate
442 2493 608 2521 vaticinatus
624 2499 676 2522 est.
699 2494 829 2523 Prmdixit
849 2496 913 2524 item
928 2497 962 2524 de
978 2497 1040 2524 Ela-

253 2538 329 2566 mitis
343 2540 481 2574 gentibus,
508 2539 620 2575 fereque
637 2545 665 2567 ut
680 2541 817 2577 [Egyptus
833 2549 848 2569 a
874 2551 937 2578 rege
952 2543 1040 2579 Baby-

252 2585 326 2612 lonio
339 2586 556 2615 exsainderetur.
573 2587 685 2615 Addidit
698 2593 725 2615 et
745 2588 914 2624 prophetiam
941 2591 969 2617 in
988 2590 1040 2617 Ba-

252 2631 389 2666 bylonem,
406 2637 433 2660 et
448 2640 603 2661 sermonem
620 2642 700 2670 quem
717 2634 814 2662 habuit
825 2635 903 2670 jussu
920 2635 1038 2668 Domini,

253 2679 285 2706 ad
303 2679 426 2707 Sal-aiam
443 2680 529 2708 Neria:
555 2681 652 2712 tilium,
676 2681 709 2708 ad
732 2681 889 2715 Idumaeam,
915 2682 949 2709 ad
970 2683 1040 2710 ﬁlios

254 2724 382 2756 Ammon.
398 2729 425 2753 et
436 2725 469 2753 ad
483 2726 571 2753 Cedar
582 2727 703 2762 reginam
719 2727 788 2754 aulae
804 2735 886 2763 quam
902 2729 1040 2763 percussit

253 2769 489 2804 Nahugodonosor
504 2781 549 2800 rex
571 2772 729 2809 Babylonis.
756 2773 911 2809 Alloquitur
933 2780 960 2802 et
984 2775 1039 2802 Da-

254 2823 387 2848 mascum,
397 2822 423 2844 et
439 2818 517 2845 Moab
532 2823 559 2845 et
571 2818 751 2851 Hierusalem,
766 2824 792 2846 et
810 2819 920 2851 Judam,
935 2824 963 2847 et
974 2819 1041 2848 Rhe-

255 2861 407 2889 cabitarum
426 2864 568 2896 familiam,
585 2869 612 2892 et
635 2865 754 2895 ﬁliorum
775 2865 913 2898 Ionadab,
937 2872 964 2895 et
992 2866 1041 2894 Ju-

255 2907 340 2940 dt'eos,
365 2908 409 2943 qui
447 2913 548 2937 terram
574 2909 694 2948 Egypti,
723 2911 769 2946 qui
798 2911 961 2947 Magdalum,
993 2914 1039 2949 qui

1091 2320 1232 2347 ἑνδεκάτου
1246 2319 1322 2351 ἔτους
1332 2319 1456 2346 Σεδεκίου
1471 2319 1602 2354 βασιλέως
1610 2320 1703 2352 Ἰούδα,
1713 2320 1768 2351 ἕως
1783 2321 1887 2355 αἰχμᾶς

1090 2366 1191 2396 λωσίας
1204 2364 1251 2392 τοῦ
1266 2365 1341 2392 λαοῦ.
1363 2365 1452 2400 Ῥῆμα
1462 2365 1490 2391 δὲ
1504 2365 1571 2392 Θεοῦ
1583 2366 1691 2399 ἐγένετο
1706 2366 1776 2401 πρὸς
1788 2366 1886 2397 αὑτὸν,

1090 2411 1127 2442 ὡς
1151 2410 1280 2446 ἐγεννήθη
1304 2409 1381 2444 λόγος
1395 2409 1497 2444 Κυρίου
1514 2409 1581 2445 πρὸς
1599 2409 1697 2436 αὐτόν·
1711 2410 1758 2436 καὶ
1777 2409 1886 2444 ἐλέγχει

1091 2456 1140 2487 τὰς
1163 2455 1268 2487 ἀδικίας
1291 2455 1340 2491 τῆς
1361 2455 1537 2490 Ἰερουσαλὴμ
1559 2454 1603 2481 διὰ
1629 2455 1748 2482 πολλῶν·
1773 2464 1886 2490 προφη-

1090 2501 1163 2528 τεύει
1184 2501 1213 2527 δὲ
1233 2501 1278 2528 ἐπὶ
1295 2501 1487 2537 Ἰερουσαλὴμ,
1501 2501 1548 2527 καὶ
1570 2501 1634 2536 περὶ
1658 2501 1709 2535 τῆς
1729 2500 1884 2536 61699111.;-

1091 2548 1137 2574 καὶ
1151 2548 1196 2573 ἐπὶ
1210 2547 1245 2574 τὰ
1260 2547 1322 2582 ἔθνη
1335 2547 1426 2582 Λὶλὰμ
1445 2548 1492 2573 καὶ
1504 2545 1551 2573 τοῦ
1565 2546 1652 2572 ἐλθεῖν
1666 2545 1779 2581 βασιλέα
1794 2546 1887 2572 Βαϐυ-

1091 2593 1191 2625 λῶνος,
1215 2593 1262 2620 τοῦ
1287 2593 1400 2628 ἐκκόιξαι
1431 2593 1481 2628 τὴν
1507 2593 1559 2628 γῆν
1582 2592 1735 2626 Αἰγύπτου·
1762 2593 1810 2619 καὶ
1840 2593 1888 2618 ἐπὶ

1094 2639 1255 2667 Βαῧυλῶνα·
1284 2639 1331 2666 καὶ
1367 2639 1463 2674 λόγος,
1494 2639 1524 2666 ὃν
1540 2639 1690 2665 ἐνετείλατο
1712 2638 1819 2674 Κύριος
1849 2638 1888 2672 τῷ

1096 2687 1216 2724 Ἱερεμίᾳ
1241 2686 1326 2712 εἰπεῖν
1346 2685 1385 2721 τῷ
1408 2685 1512 2721 Σαραία
1536 2685 1587 2720 υἱῷ
1615 2685 1739 2720 Νηρίου,
1769 2686 1819 2712 καὶ
1852 2685 1885 2718 τῇ

1098 2731 1233 2767 Ἰδουμαία
1247 2751 1255 2763 ,
1275 2731 1394 2762 καὶτοῖς
1420 2731 1486 2762 υἱοῖς
1505 2729 1634 2765 Ἀμμὼν,
1655 2729 1704 2756 καὶ
1727 2731 1761 2765 τῇ
1787 2729 1888 2765 Κηδᾶρ

1094 2777 1237 2813 βασιλίσσῃ
1261 2776 1310 2811 τῆς
1329 2776 1429 2811 αὐλῆς,
1452 2777 1485 2811 ἣν
1505 2776 1621 2808 ἐπάταξε
1644 2775 1889 2815 Ναϐουχςιδονόεορ

1094 2822 1218 2859 βασιλεὺς
1228 2821 1395 2853 Βαϐυλῶνος,
1407 2821 1454 2847 καὶ
1466 2820 1498 2856 τῇ
1514 2819 1663 2856 Δαμασκῷ,
1675 2821 1723 2846 καὶ
1733 2822 1768 2854 τῇ
1783 2818 1888 2851 Ἀίωὲό,

1093 2869 1139 2894 καὶ
1155 2867 1200 2894 ἐπὶ
1218 2866 1405 2902 Ἰερουσαλὴμ,
1419 2867 1466 2893 καὶ
1482 2866 1528 2892 ἐπὶ
1556 2865 1668 2898 Ἰούδαν,
1689 2865 1737 2892 καὶ
1753 2865 1793 2897 εἰς
1809 2862 1889 2891 οἷκον

1099 2912 1256 2949 Ῥηχαὸεὶμ,
1275 2912 1321 2940 καὶ
1347 2912 1399 2939 τῶν
1421 2912 1485 2939 υἱῶν
1513 2911 1658 2943 Ἰωναόὰϐ,
1683 2912 1742 2942 τοῖς
1763 2919 1793 2937 τε
1817 2911 1888 2939 Ἰου-
