2035 3214
149 211 221 239 1269

746 212 794 240 DE
812 213 901 240 VITIS
920 213 1190 243 PROPIIETARUM.

1709 215 1775 244 127d

148 271 248 303 δαίοις,
266 272 322 303 τοῖς
345 271 518 299 κατοικοῦσιν
532 272 560 298 ὲν
579 273 614 308 γῇ
639 272 790 307 Αἰγύπτου·
809 274 855 300 καὶ
880 275 952 305 τοῖς,

1005 274 1127 310 'aphnas.
1152 276 1254 312 quique
1285 274 1420 304 Patnures
1441 275 1580 312 regionem
1603 275 1773 308 incolebant;

151 316 316 352 καθημένοις
333 318 361 343 ἐν
378 317 514 353 Μαγδάλῳ
533 318 581 344 καὶ
596 318 642 344 ἐπὶ
655 317 765 353 Ταφνᾶς
775 339 782 350 ,
797 318 842 345 καὶ
858 320 886 345 ἐν
903 321 939 355 γῇ

150 362 304 398 Παθουρῆς.
320 363 392 398 Πρός
413 372 443 389 τε
464 363 510 390 τὸν
538 364 654 400 Βαροῦχ.
683 365 727 391 ὅτε
751 365 854 400 ἔγραψε
879 366 940 397 τοὺς

150 409 246 443 λόγους
260 408 372 441 τούτους
385 411 414 436 ὲν
426 408 464 444 τῷ
480 409 573 444 βιὸλίῳ
587 410 640 437 ἀπὸ
654 411 786 446 στόματος
798 411 939 447 Ἱερεμίου.

150 453 276 489 Περιέχει
292 453 321 479 δὲ
346 453 376 479 τὸ
394 453 495 489 βιϐλίον
519 455 565 480 ἐπὶ
587 454 698 488 τέλους,
723 455 763 482 ὅτι
779 456 804 482 οἰ
821 456 941 483 Ἰουδαῖοι

151 499 372 531 ἐπιϐουλεύοντες
387 499 425 536 τῷ
442 500 578 537 προφήτῃ,
593 500 707 537 ἔρριψαν
725 501 805 529 αὑτὸν
818 503 858 534 εἰς
876 503 942 530 λάκ-

151 555 200 572 κον
215 545 353 581 βορϐόρου,
363 546 578 582 καὶἋὸδεμέλεχ
588 547 683 582 Αἰθίοψ
698 548 833 584 ἀνήγαγεν
850 548 939 576 αὐτόν.

259 616 310 643 Διὰ
323 616 352 643 τι
366 617 471 652 Βαροὺχ
485 616 639 652 ἐπι-γράφει
651 617 684 644 τὸ
698 618 840 651 ,βιϐλίον;

194 662 303 698 Ἐπειδὴ
334 660 412 694 οὗτος
436 663 545 698 γράψας
569 663 622 690 ἀπὸ
648 663 780 700 στόματος
808 664 941 700 Ἰερεμίου

151 709 215 740 τοὺς
231 710 259 735 ἐν
274 708 312 744 τῷ
329 708 422 744 βιϐλίῳ
437 709 532 743 λόγους
543 729 550 740 ,
573 709 677 744 ἀνέγνω
694 711 749 741 τοῖς
764 710 792 736 ὲν
804 711 837 745 τῇ
853 710 942 737 Βαϐυ-

151 754 218 781 λῶνι
235 755 485 790 αἰχμαλωτισθεῖσι,
505 755 750 791 παραμυθούμενος
766 756 880 788 αὐτοὺς,
897 757 944 783 καὶ

152 801 387 836 ἐπαγγελλόμενος
398 801 490 832 αὐτοῖς
502 802 551 837 τὴν
566 801 640 836 παρὰ
654 801 722 827 Θεοῦ
739 801 843 828 ἐλπίδα.

259 847 310 874 Διὰ
324 848 352 873 τί
365 847 465 882 Θρῆνοι
479 847 633 882 ἐπιπράρει
648 847 680 874 τὸ
691 848 830 879 ,βίϐλιον;

196 893 307 929 Ἐπειδὴ
320 894 382 926 τοὺς
396 894 492 928 λόγους
511 893 622 925 τούτους
642 893 791 929 ὲθρήνησεν
811 894 943 929 Ἱερεμίας

991 320 1097 348 Baruch
1109 322 1236 357 denique.
1253 330 1315 350 cum
1328 322 1380 350 ista
1395 322 1429 350 ab
1442 329 1489 350 ore
1500 321 1642 350 Hieremiae
1651 327 1774 358 excepta,

992 366 1020 393 in
1037 367 1108 394 libro
1124 367 1302 395 describeret.
1320 367 1419 395 Narrat
1437 375 1520 404 porro
1546 368 1597 396 sub
1620 368 1700 395 tinem
1722 375 1777 403 quo

992 417 1073 449 pacto
1084 418 1227 449 exceptum
1251 421 1298 449 per
1314 413 1430 441 insidias
1454 414 1614 450 prophetam
1639 414 1667 441 in
1684 421 1778 442 emno-

994 467 1054 488 sum
1074 460 1164 487 lacum
1185 459 1363 495 projecerint,
1381 461 1454 488 unde
1467 464 1509 488 est
1532 468 1579 495 per
1595 460 1778 488 Abdemelech

995 506 1151 542 [Ethiopem
1166 510 1315 535 extrarius.

1165 617 1220 646 Cur
1239 617 1346 644 Baruch
1366 616 1462 644 librum
1476 616 1617 643 inscribit?

1032 664 1100 698 Quia
1117 672 1179 700 qua:
1195 663 1349 692 Hieremias
1362 663 1490 694 dictarat,
1506 663 1535 689 in
1556 662 1626 689 libro
1643 669 1659 688 a
1681 669 1711 689 se
1736 660 1782 689 de-

995 712 1100 747 scripta
1114 710 1233 746 captivis
1249 709 1320 745 apud
1339 709 1504 744 Babylonem
1530 707 1666 740 recitavit,
1682 713 1781 735 conso-

995 758 1055 786 lans
1070 765 1119 785 eos
1132 761 1160 784 et
1173 756 1268 783 auxilii
1284 763 1359 791 spem
1373 762 1388 781 a
1402 754 1456 782 Deo
1471 754 1601 781 nuntians

1092 847 1180 879 Quare
1199 844 1421 873 Lamentationes
1440 843 1537 871 librum
1555 843 1696 870 inscribit?

1034 892 1104 927 Quia
1121 893 1216 920 verbis
1230 892 1292 919 istis
1307 890 1556 926 Hierosolymorqu
1579 894 1606 917 et
1633 889 1724 925 populi
1737 890 1782 924 qui

154 937 221 973 περὶ
233 938 281 973 τῆς
301 938 486 974 Ἰερουσαλὴμ,
507 939 551 964 ὅτε
572 938 658 970 ἑάλω,
677 939 724 965 καὶ
743 939 944 975 αἰχμαλωτίσθη

1005 940 1125 976 :aptivus
1141 944 1201 968 erat
1218 938 1345 967 miserias
1358 938 1523 966 lamentatus
1537 942 1590 966 est.

152 983 169 1010 6
180 983 254 1015 λαός.

259 1029 311 1056 Διὰ
326 1030 355 1056 τι
377 1029 519 1066 Ἐπιστολὴ
538 1029 668 1066 Ἰερεμίου
684 1031 832 1063 καλεῖται;

198 1075 308 1111 Ἐπειδὴ
335 1076 436 1111 ταύτην
466 1076 584 1112 ἔγραψεν
608 1077 742 1112 ’ῐερεμίας
772 1079 828 1109 τοῖς
859 1078 888 1104 ὲν
912 1078 945 1113 τῇ

154 1121 345 1158 αἰχμαλωσίᾳ,
364 1122 434 1149 κατὰ
450 1122 503 1149 τῶν
529 1122 645 1149 εἰδώλων
660 1123 876 1159 ἀσφαλιζόμενος
899 1124 947 1150 αὑ-

154 1168 236 1199 τοὺς,
264 1168 308 1194 ἵνα
326 1168 373 1204 μὴ,
395 1167 539 1203 βλέποντες
565 1169 651 1202 αὐτὰ,
676 1169 869 1205 συναπαχθῶσι
892 1170 948 1201 τοῖς

155 1213 315 1250 σεϐομένοις
330 1214 409 1240 αὑτά.

254 1269 424 1296 menum
439 1269 498 1305 (sic)
519 1269 597 1296 rte}:
618 1270 717 1297 Borzt
733 1267 862 1297 ιΕΡΕΩΣ.

195 1322 278 1356 Οὗτος
294 1325 322 1351 ὲν
335 1326 367 1361 τῇ
378 1325 548 1361 αἰχμαλωσίᾳ
564 1326 658 1360 γέγονε
674 1326 741 1362 μετὰ
759 1326 892 1362 Ἱερεμίαν
904 1326 950 1353 καὶ

155 1370 197 1406 τῷ
213 1370 330 1406 πέμπτῳ
348 1370 401 1397 ἔτει
422 1371 471 1406 τῆς
483 1371 672 1406 αἰχμαλωσίας
698 1372 825 1407 Ἰωακείμ
849 1371 951 1407 ἣρξατο

156 1416 350 1452 προφητεύειν.
379 1417 461 1452 Λόγος
474 1417 502 1444 δὲ
517 1418 619 1453 Κυρίου
642 1418 748 1451 ἐγένετο
766 1418 834 1454 πρὸς
850 1419 930 1445 αὐτόν
942 1427 949 1434 ·

156 1463 208 1490 καὶ
226 1463 319 1498 ὅρασιν
343 1463 390 1498 μὲν
405 1463 522 1499 ὲξαρχῆς
546 1462 615 1495 ζώου
632 1463 863 1499 τετραπροσώπου
887 1463 951 1491 θαυ-

160 1508 266 1543 μαστὴν
291 1508 337 1534 καὶ
361 1508 620 1544 ὲκπληκτικωτάτην
653 1509 700 1535 καί
736 1509 952 1544 δυσερμήνευτον

157 1554 221 1588 ὁρᾷ.
233 1553 402 1589 Προφητεύει
424 1554 452 1580 δὲ
472 1554 517 1580 ἐπὶ
538 1554 596 1586 τοὺς
610 1555 751 1590 προφήτας
766 1554 813 1581 τοῦ
834 1555 951 1591 Ἰσραὴλ,

159 1600 208 1626 καὶ
218 1600 280 1634 περί
288 1599 335 1625 τοῦ
345 1599 423 1631 ξύλου
438 1600 486 1634 τῆς
496 1600 631 1634 ἀμπέλου,
643 1600 690 1626 καὶ
697 1599 819 1635 διήγημα
833 1600 951 1636 περίτοῦ

159 1643 252 1675 ἀετοῦ,
268 1645 314 1670 καὶ
336 1643 550 1679 διαμαρτύρεται
581 1645 610 1679 τῇ
634 1644 810 1680 Ἰερουσαλὴμ
826 1644 875 1677 τὰς
889 1645 951 1671 ἀνο-

161 1690 239 1725 μίας,
256 1690 302 1716 κα¹ι
315 1690 364 1721 τὰς
381 1690 516 1724 ἁμαρτίας
547 1690 630 1726 αὐτῆς
641 1699 647 1705 -
672 1690 736 1725 περί
749 1699 778 1717 τε
798 1691 846 1726 τῆς
864 1699 954 1726 παρα-

161 1735 253 1770 ϐολῆς,
275 1734 309 1772 ἦς
330 1736 432 1770 ἔλεγον,
447 1737 471 1762 οἱ
487 1736 602 1772 πατέρες
624 1736 724 1771 ἔφαγον
734 1736 855 1773 ὄμφακα,
869 1737 915 1764 καὶ
928 1737 952 1763 οἰ

161 1782 267 1814 ὀδόντες
280 1782 333 1808 τῶν
351 1783 454 1809 τέκνων
470 1783 634 1818 ὲμωδίασαν.
657 1783 711 1809 Καὶ
725 1785 781 1815 τοῖς
803 1784 870 1816 υἱοῖς
887 1784 954 1819 Ἀμ-

163 1827 235 1864 μὼν,
251 1829 298 1855 καὶ
319 1829 383 1864 περὶ
398 1829 448 1864 τῆς
468 1829 570 1860 Ὀολᾶς,
582 1828 628 1855 xui
642 1829 690 1864 τῆς
710 1829 828 1862 Ὀλιϐᾶς.
840 1830 895 1856 Καὶ
907 1829 953 1856 ἐπὶ

163 1873 235 1910 Σοὺρ
247 1873 355 1910 θρῆνον,
371 1875 417 1900 καί
429 1875 475 1901 ὲπί
491 1874 602 1906 Σιδῶνα,
621 1875 668 1901 καὶ
682 1875 745 1910 περί
768 1875 875 1911 ἡμέρας
898 1876 953 1902 Κυ-

164 1920 234 1956 ρίου,
252 1921 299 1947 καὶ
325 1918 362 1956 τῷ
378 1920 476 1956 Φαραὼ
493 1921 597 1956 βασιλεῖ
610 1921 747 1955 Αἰγύπτου
762 1941 770 1954 ,
795 1922 841 1948 καὶ
858 1921 955 1957 θρῆνον

164 1966 211 1992 ἐπὶ
238 1965 347 2002 Φαραὼ,
367 1967 412 1993 καὶ
426 1966 475 2002 τὴν
493 1967 639 2002 Αἴγυπτον,
653 1967 700 1993 καὶ
713 1967 760 1993 ἐπὶ
777 1967 840 2003 ὄρος
855 1968 952 2004 Σηεὶρ,

165 2012 212 2040 καὶ
223 2012 348 2047 περὶτῶν
365 2012 464 2039 ὀστέων
479 2012 532 2039 τῶν
543 2013 748 2049 ἀναζησάντων,
763 2013 811 2040 καὶ
822 2013 869 2039 ἐπὶ
882 2013 953 2047 Γὼγ,

165 2058 214 2084 καὶ
238 2057 286 2093 τὴν
308 2059 360 2093 γῆν
380 2058 425 2085 τοῦ
441 2058 564 2093 Μαγώγ·
580 2058 618 2094 τῷ
631 2068 660 2085 τε
672 2059 781 2095 ἄρχοντι
800 2059 888 2095 Τύρου
907 2060 955 2086 καὶ

166 2103 265 2139 θρῆνον
293 2105 353 2131 κατ’
374 2104 468 2138 αὑτοῦ,
488 2105 534 2132 xui
558 2106 621 2136 τοῖς
638 2106 704 2137 υἱοῖς
720 2105 764 2132 τοῦ
779 2106 845 2132 λαοῦ
862 2105 954 2138 αὑτοῦ,

165 2150 215 2177 καί.
245 2151 290 2176 ἐπὶ
319 2151 381 2182 τοὺς
408 2151 540 2186 ποιμένας
556 2151 601 2178 τοῦ
621 2151 743 2187 Ἰσραήλ*
764 2152 811 2179 καὶ
823 2152 854 2179 τὺ
864 2153 956 2179 τελευ-

164 2198 240 2223 ταῖον
255 2197 305 2232 τὴν
331 2197 473 2233 οἰκοδομὴν
494 2196 541 2224 τοῦ
557 2197 632 2230 ναοῦ,
650 2197 697 2224 καὶ
711 2197 762 2233 τῆς
778 2198 956 2234 Ἰερουσαλὴμ

165 2242 325 2279 διαγράφων
337 2243 512 2278 προφητεύει.

366 2289 417 2315 Διὰ
433 2290 461 2316 τι
475 2289 574 2325 Δανιὴλ
591 2289 723 2317 καλεῖται
732 2298 741 2322 ;

210 2334 319 2370 Ἐπειδὴ
334 2334 380 2361 καὶ
395 2334 475 2365 αὐτὸς
488 2335 517 2361 ἐν
529 2337 561 2370 τῇ
575 2336 748 2371 αἰχμαλωσίᾳ
762 2335 891 2371 γεγονὼς,
905 2336 958 2369 ἕως

167 2379 215 2405 τοῦ
230 2379 360 2414 βασιλέως
386 2378 477 2413 Κύρου
492 2378 538 2404 τοῦ
555 2379 671 2414 Πέρσου,
692 2379 727 2405 τὰ
745 2380 792 2415 μὲν
809 2380 880 2406 κατὰ
894 2380 959 2406 Σου-

170 2425 268 2451 σάνναν
294 2425 381 2460 κρίνει
397 2423 502 2456 αὐτὸς(
514 2425 562 2451 καὶ
581 2425 738 2460 κατακρίνει
757 2426 821 2457 τοὺς
840 2426 959 2461 πρεσϐυ-

169 2471 265 2506 τέρους
279 2471 316 2502 ὡς
341 2471 511 2505 συκοφάντας
524 2478 531 2485 ·
548 2469 581 2496 τὰ
596 2470 624 2496 δὲ
642 2470 688 2495 τοῦ
703 2470 834 2505 βασιλέως
846 2471 959 2498 ἐνύπνια

169 2517 251 2548 αὐτὸς
277 2517 441 2551 ἀπαγγέλλει
457 2524 486 2542 τε
508 2515 555 2542 καὶ
577 2515 739 2551 ἑρμηνεύει·
758 2516 851 2551 βλέπει
869 2517 897 2542 δὲ
912 2518 960 2544 καὶ

169 2563 279 2599 ὁράσεις
294 2562 414 2594 τελείας’
431 2563 496 2599 περὶ
521 2562 569 2597 μὲν
587 2561 641 2588 τῶν
660 2561 802 2596 βασιλειῶν
823 2562 880 2593 δύο,
897 2563 960 2599 περί

169 2610 198 2636 δὲ
222 2609 272 2643 τῆς
297 2608 344 2635 τοῦ
361 2609 488 2645 Σωτῆρος
510 2607 670 2644 παρουσίας,
693 2608 740 2634 καὶ
763 2608 960 2641 καταπαύσεως

170 2656 221 2690 τῆς
248 2655 433 2692 Ἰερουσαλὴμ,
460 2656 573 2691 καὶτῆς
602 2654 786 2690 Ἀντιχρίστου
811 2655 960 2691 παρουσίας

170 2704 228 2731 δύο.
255 2704 392 2738 Διηγεῖται
418 2703 444 2730 δὲ
460 2703 524 2738 περί.
547 2703 696 2739 μαρτυρίου
716 2702 829 2738 Σεόρὰχ,
849 2703 959 2738 Μησὰχ,

177 2748 343 2783 Ἀϐδεναγώ,
368 2749 414 2776 καὶ
434 2749 488 2776 τῶν
513 2749 604 2786 ὓμνων
618 2749 724 2776 αὐτῶν·
748 2750 796 2776 καὶ
825 2750 865 2777 ὅτι
885 2750 960 2777 αὐτοί

174 2796 223 2832 μὲν
246 2795 423 2831 διεσώθησαν,
446 2796 469 2822 οἱ
492 2795 520 2822 δὲ
541 2796 714 2828 ὑποκαίοντες
729 2796 960 2832 κατεφλέχθησαν,

173 2841 222 2869 καὶ
255 2841 376 2876 μετέγνω
393 2840 516 2877 βασιλεύς
527 2849 533 2855 ·
551 2841 598 2868 xui
621 2841 662 2867 ὅτι
680 2841 762 2873 αὐτὸς
779 2841 905 2876 διεϐλήθη
921 2843 960 2873 εἰς

172 2887 219 2914 τὸν
231 2886 330 2914 λάκκον
339 2886 392 2913 τῶν
403 2886 516 2914 λεόντων
528 2895 535 2901 ·
549 2886 579 2913 τὸ
595 2887 643 2922 μὲν
663 2886 779 2923 πρῶτον,
800 2886 892 2922 ἐπειδὴ
909 2887 961 2913 τῶν

176 2932 351 2960 Βαϐυλωνίων
375 2932 598 2969 προσευχομένων
612 2931 716 2968 Δαρείῳ
732 2931 771 2967 τῷ
785 2931 900 2967 βασιλεῖ,
913 2932 961 2966 μό-

1147 1027 1202 1055 Cur
1221 1027 1342 1062 Epistola
1357 1026 1501 1054 Hieremiae
1515 1025 1637 1053 dicitur?

1035 1073 1105 1107 Quia
1126 1073 1212 1109 ipsam
1233 1072 1344 1108 scripsit
1360 1071 1512 1099 Hieremias
1527 1071 1561 1098 ad
1580 1070 1717 1105 captivum
1737 1076 1785 1104 po-

999 1120 1109 1155 pulum,
1138 1123 1168 1145 ut
1191 1117 1317 1146 eumdem
1337 1117 1468 1145 adversus
1495 1116 1568 1144 idola
1593 1116 1785 1149 continuaret,

999 1175 1034 1195 ne
1057 1166 1105 1201 qui
1127 1166 1186 1201 ipsa
1209 1165 1400 1198 intuebantur,
1419 1163 1453 1191 ad
1470 1171 1565 1192 eorum
1586 1162 1706 1194 cultum,
1722 1168 1785 1188 cum

1000 1213 1034 1241 iis
1050 1220 1066 1239 a
1083 1212 1188 1248 quibus
1206 1211 1377 1243 colebantur,
1395 1213 1559 1245 raperentur

1074 1268 1244 1298 EZECHIEL
1261 1269 1341 1298 BUSI
1359 1265 1575 1296 SACERDOTIS
1592 1265 1715 1294 FILIUS.

1038 1326 1100 1354 Fuit
1127 1327 1172 1353 hic
1196 1326 1363 1361 captivitatis
1378 1329 1500 1360 tempore
1524 1328 1586 1360 post
1610 1323 1785 1357 Hieremiam,

1003 1381 1130 1408 annoque
1150 1373 1247 1408 quinto
1265 1371 1381 1400 Joaeimi
1400 1371 1566 1407 captivitatis
1592 1370 1674 1405 cmpit
1694 1369 1788 1405 vatici-

1004 1420 1075 1447 nari.
1095 1419 1193 1446 Factus
1207 1423 1250 1447 est
1264 1422 1354 1446 autem
1375 1425 1483 1449 sermo,
1502 1417 1573 1444 facta
1595 1416 1658 1443 item
1680 1415 1787 1442 Domini

1003 1475 1101 1494 manus
1129 1466 1161 1493 ad
1185 1473 1257 1497 eum,
1283 1464 1470 1498 visionemque
1486 1463 1563 1490 initio
1595 1460 1790 1497 quadriformis

1005 1511 1133 1539 animalis
1160 1511 1227 1538 vidit
1257 1509 1408 1537 mirabilem
1437 1508 1609 1542 maximeque
1640 1506 1790 1534 formidan-

1005 1558 1067 1585 dam
1080 1577 1087 1588 ,
1103 1560 1130 1584 et
1149 1556 1333 1591 explicatione
1346 1554 1494 1582 difﬁcilem.
1511 1553 1684 1581 Vaticinatur
1700 1555 1790 1580 autem

967 1617 988 1647 ε
1007 1603 1034 1630 in
1060 1603 1209 1638 prophetas
1234 1600 1335 1632 Israel.
1358 1600 1446 1635 deque
1466 1600 1541 1635 ligno
1559 1599 1634 1627 vitis.
1656 1599 1739 1626 Addit
1764 1601 1790 1625 et

1005 1649 1192 1676 narrationem
1213 1647 1247 1674 de
1262 1647 1351 1682 aquila
1362 1666 1369 1678 ,
1385 1647 1591 1680 insectaturque
1605 1645 1682 1672 urbis
1697 1644 1791 1671 Hiero-

1007 1693 1175 1729 solymorum
1200 1692 1360 1727 iniquitates
1387 1694 1412 1718 et
1434 1694 1555 1726 peccata.
1586 1689 1704 1717 Disserit
1723 1689 1790 1716 item

1006 1738 1039 1766 de
1071 1738 1251 1766 similitudine
1277 1745 1358 1772 quam
1389 1736 1580 1771 usurpabant,
1610 1743 1672 1762 cum
1699 1738 1792 1770 patres

1006 1792 1073 1811 suos
1090 1783 1204 1811 acerbas
1222 1791 1288 1810 uvas
1305 1782 1474 1813 comedisse,
1493 1781 1541 1809 sed
1558 1781 1654 1808 dentes
1673 1779 1725 1807 sibi
1736 1776 1791 1807 ’01)-

1007 1831 1147 1866 stupuisse
1163 1831 1297 1858 dicerent.
1314 1829 1442 1865 Disputat
1455 1830 1537 1857 etiam
1553 1829 1587 1857 de
1606 1827 1672 1856 Oola
1683 1849 1690 1861 ,
1705 1827 1792 1863 deque

1007 1877 1105 1910 Oliba,
1130 1881 1158 1905 et
1181 1876 1305 1912 adjungit
1325 1876 1417 1903 ﬂetum
1441 1876 1469 1903 in
1496 1874 1560 1908 Sur,
1589 1875 1616 1902 in
1642 1873 1791 1907 Sidonem;

1007 1923 1222 1960 disputationem
1239 1923 1272 1951 de
1287 1923 1331 1950 die
1355 1921 1478 1953 Domini,
1505 1922 1539 1950 de
1564 1921 1706 1948 Pharaone
1730 1927 1793 1956 rege

1008 1968 1139 2005 Egypti,
1171 1976 1231 1996 cum
1262 1968 1349 2003 ipsius
1378 1970 1405 1995 et
1433 1966 1507 2002 regni
1536 1965 1730 1993 lamentatione
1760 1965 1793 1991 de

1008 2019 1100 2042 monte
1118 2014 1199 2048 Seir;
1228 2013 1261 2042 de
1289 2014 1399 2041 ossibus
1422 2020 1517 2041 eorum
1544 2012 1591 2048 qui
1616 2011 1792 2043 revixerunt;

1007 2061 1041 2088 de
1059 2060 1134 2096 Gug,
1155 2061 1188 2088 de
1207 2064 1281 2088 terra
1301 2060 1413 2096 Magog,
1430 2060 1464 2087 de
1479 2059 1543 2095 Tyri
1559 2058 1696 2094 principe,
1714 2065 1794 2092 quem

1008 2115 1070 2136 cum
1092 2108 1156 2135 ﬁliis
1182 2107 1275 2143 populi
1303 2106 1345 2135 sui
1375 2106 1551 2136 lamentatur,
1579 2103 1612 2132 de
1637 2103 1794 2139 pastoribus

1009 2153 1101 2182 Israel.
1118 2153 1291 2180 Vaticinatur
1304 2152 1422 2186 denique
1438 2151 1472 2178 de
1487 2150 1580 2186 templi
1602 2153 1630 2177 et
1652 2149 1729 2176 urbis
1753 2148 1795 2175 iu-

1009 2200 1178 2228 stanratione
1194 2207 1276 2234 quam
1292 2198 1424 2233 depingit.

1231 2287 1320 2321 Quare
1337 2285 1431 2325 Daniel
1445 2290 1554 2313 vocatur
1564 2286 1577 2312 ?

1048 2334 1117 2368 Quia
1134 2339 1161 2362 et
1179 2334 1237 2369 ipse
1254 2333 1281 2360 in
1297 2331 1457 2367 captivitate
1475 2331 1526 2358 fuit
1543 2330 1576 2357 ad
1593 2329 1694 2365 Cyrum
1710 2335 1797 2364 usque

1009 2380 1154 2408 Persarum
1177 2387 1277 2414 regem.
1300 2378 1434 2406 Susanna:
1452 2377 1562 2412 quidem
1578 2383 1689 2403 causam
1700 2396 1707 2408 ,
1725 2375 1798 2402 dam-

1011 2427 1084 2454 natis
1105 2426 1251 2453 calumnia:
1261 2433 1343 2461 ptena
1365 2425 1535 2456 senioribus,
1555 2423 1706 2458 judicavit:
1725 2423 1797 2457 regis

1011 2477 1103 2500 autem
1119 2474 1226 2501 somnia
1240 2472 1351 2504 retulit,
1372 2476 1399 2499 et
1424 2471 1621 2505 interpretatus
1646 2473 1698 2496 est.
1723 2467 1798 2495 Vidit

1013 2527 1095 2556 porro
1117 2519 1239 2547 visiones
1256 2519 1381 2546 eximias.
1402 2518 1440 2546 De
1462 2518 1554 2553 regnis
1574 2517 1684 2552 quidem
1708 2515 1796 2547 duas;

1012 2565 1154 2593 duasitcm
1169 2564 1200 2592 de
1210 2564 1360 2591 Salvatoris
1367 2563 1496 2595 adventu,
1507 2563 1593 2597 deque
1605 2561 1798 2597 Hierosolyma:

1012 2612 1116 2647 requie.
1142 2615 1169 2638 et
1191 2611 1358 2639 Anleehristi
1383 2618 1505 2638 accessu.
1531 2609 1630 2636 Narrat
1661 2611 1798 2643 praeterea

1013 2657 1176 2692 martyrium
1192 2656 1326 2693 Sydrach,
1345 2656 1447 2683 Misach
1473 2658 1500 2683 et
1516 2654 1673 2689 Abdenago,
1691 2660 1800 2680 eorum-

1013 2710 1066 2737 que
1079 2702 1216 2729 cantieum
1230 2711 1236 2728 :
1256 2705 1338 2736 utque
1353 2700 1467 2728 servatis
1482 2699 1559 2734 ipsis,
1577 2696 1726 2725 combustis
1749 2703 1799 2722 au-

1014 2753 1069 2775 tem
1099 2748 1145 2783 qui
1179 2748 1271 2783 ignem
1304 2745 1509 2777 sueeedebaut,
1540 2752 1631 2778 regem
1661 2741 1797 2778 pcenituit.

1013 2794 1108 2821 Narrat
1132 2795 1214 2821 etiam
1239 2797 1268 2819 ut
1281 2792 1362 2820 estin
1390 2791 1497 2818 leonum
1524 2790 1612 2816 laeum
1635 2788 1798 2823 eonjectus;

1013 2841 1129 2876 primum
1150 2839 1259 2875 quidem
1283 2839 1356 2874 quod
1371 2837 1481 2864 Darium
1505 2844 1595 2871 regem
1621 2835 1801 2863 adorantilius

1013 2886 1168 2922 Babyloniis
1194 2885 1338 2914 omnibus.
1366 2883 1442 2911 solus
1469 2882 1526 2917 ipse
1549 2881 1633 2909 Deum
1651 2881 1798 2913 adorat-et:

1014 2931 1110 2960 deinde
1127 2940 1192 2960 vero
1209 2931 1281 2967 quod
1298 2930 1343 2958 Bel
1363 2933 1389 2957 et
1410 2929 1558 2957 draconem
1577 2927 1628 2955 sub
1644 2927 1715 2963 Cyro
1738 2934 1800 2961 rev;
