2035 3214
189 191 258 215 12Ὶζ)

769 193 927 222 CANONES
946 194 1228 225 EVANGELIORUM.

1739 201 1808 228 ηπ

187 246 263 281 παρὰ
279 246 310 277 τὸ
325 247 444 283 καθῆκον
457 249 592 285 λαθραίως
604 251 743 287 ἐπιχειρῇ·
764 253 810 279 καὶ
824 253 892 289 αὕτη
911 255 940 281 δὲ
957 255 973 290 ἠ

1031 264 1078 291 Jue
1092 257 1210 290 animus,
1225 258 1271 292 qui
1287 264 1341 285 non
1353 265 1430 293 aeque
1444 263 1485 287 est
1494 259 1607 288 ali‘ectus
1620 267 1684 295 erga
1700 260 1752 287 sibi
1763 260 1810 287 be-

186 294 303 321 ἑκάστου
323 294 451 328 διάθεσις,
475 296 511 332 μὴ
535 298 635 332 ὁμοίως
657 298 827 335 διακειμένου
852 301 919 337 πρός
945 311 974 328 τε

187 340 250 372 τοὺς
275 340 484 376 εὐεργετοῦντας
506 343 553 369 καὶ
578 344 645 379 πρὸς
665 345 728 377 τοὺς
750 345 876 380 βλάπτειν
893 347 973 374 αὐτὸν

188 385 410 421 ὶπιχειροῦντας·
435 387 592 424 αὐτομαθὴς
612 389 770 423 διδάσκαλος
791 392 894 426 γίνεται
909 393 973 420 ἑκά-

190 440 246 467 στῳ
261 432 311 468 τῆς
328 432 392 468 περὶ
407 433 517 468 ἀγαθῶν
540 435 586 462 καὶ
605 435 697 463 κακῶν
713 436 877 472 ἐπιστήμης,
895 438 908 463 ὸ
923 438 972 473 τῆς

1031 303 1151 336 nevolos,
1166 308 1247 339 atque
1261 304 1394 332 adversus
1406 312 1454 332 eos
1470 306 1516 340 qui
1532 306 1584 334 sibi
1599 313 1697 333 nocere
1709 313 1810 333 conan-

1027 352 1081 376 tur.
1102 348 1186 384 Igitur
1212 355 1362 385 spontanea
1393 352 1523 387 magistra
1548 352 1694 387 unicuique
1719 356 1761 380 est
1776 353 1810 378 ad

1024 393 1088 421 boni
1104 395 1221 430 malique
1235 395 1377 422 scientiam
1391 396 1434 424 lex
1453 401 1573 430 naturae,
1587 397 1650 424 dum
1667 401 1739 424 vetat
1758 405 1809 425 nos

1024 439 1135 467 cuilibet
1150 440 1250 472 facere,
1264 441 1335 476 quod
1350 449 1401 468 nos
1414 442 1448 468 ab
1467 441 1527 470 aliis
1545 442 1599 477 pati
1611 442 1755 469 nollemus.

189 477 298 524 (pucea);
333 479 424 514 νόμος,
455 479 541 507 ταῦτά
567 490 642 514 τινας
676 482 741 518 δρᾷν
765 483 870 519 ἑτέροις
900 484 1088 521 ἀπαγορεύων,
1115 486 1187 522 ἅπερ
1209 495 1251 518 τις
1278 487 1358 518 αὐτὸς
1379 487 1443 522 παρ’
1477 487 1578 524 ἑτέρων
1604 488 1654 514 οὐκ
1670 487 1702 514 ἂν
1724 487 1811 514 ἕλοιτο

189 523 296 554 παθεῖν.

243 570 287 606 ιβ’.
305 571 453 599 Εὐσεϐιου
468 572 503 599 ἐκ
517 572 571 600 τοῦ
586 577 602 600 ι’
619 573 673 608 τῆς
689 577 715 601 α’
734 574 919 610 Εἰσαγωγῆς.

231 651 382 687 Ἐνδέχεται
406 651 464 688 μὲν,
489 649 511 678 ὦ
532 652 647 684 παιδίον,
664 652 752 686 λέγειν
777 654 824 688 μὲν
840 651 881 685 εὖ,
903 653 973 688 φαῦ-

188 696 234 723 λον
256 697 284 724 δὲ
307 697 456 733 ὑπάρχειν·
483 698 638 734 πράσσοντα
655 698 682 725 δὲ
702 696 742 731 εὖ,
773 698 872 733 φαῦλον
893 698 972 731 εἶναι,

189 742 328 770 ἀδύνατον.

226 792 269 824 ιγ’.
285 790 433 817 Εὐσεϐίου
447 791 481 817 ἐκ
496 789 548 817 τοῦ
564 794 590 818 a'
605 791 659 825 τῆς
669 790 937 826 α’Ἐπισ-τολῆςῌ).

225 834 277 862 Βία.
293 834 352 871 Θεῷ
368 836 398 862 οὐ
415 836 570 873 πρόσεστιν.

225 912 318 975 glLita
340 921 455 948 prorsus
482 915 613 943 scribitur
627 914 654 942 in
681 915 727 942 illo
740 915 833 943 codice
850 914 912 943 Vat.
934 915 972 950 (p.

273 948 292 975 l.
303 949 374 975 unde
388 957 438 975 nos
455 951 622 975 sumpsimus
636 950 740 975 Leontii
755 955 782 975 et
795 950 908 975 Joannis
922 950 972 975 Sa-

188 947 242 975 “9
254 947 292 980 h),
303 947 374 976 unde
388 957 438 977 nos
455 951 622 985 sumpsimus
636 950 741 977 Leontii
755 955 782 977 et
795 950 908 978 Joannis
922 947 973 978 SE:-

189 990 297 1020 crarum
312 992 399 1020 rerum
412 984 524 1016 librum,
540 985 638 1020 Script.
653 991 700 1012 uel.
715 989 735 1012 t.
753 984 806 1012 VII.
826 985 915 1018 Quare
931 993 974 1013 se-

189 1018 284 1052 quitur
295 1023 325 1045 ut
336 1019 525 1048 existimemus
543 1018 682 1049 exstitisse
705 1020 831 1048 volumen
845 1020 974 1055 epistola-

1025 576 1069 603 12.
1082 575 1188 602 Eusebii
1201 583 1233 602 ea:
1246 576 1345 603 decimo
1362 575 1570 637 Iligroductionis
1580 576 1673 605 crime:
1685 581 1809 612 tanquam

1339 620 1356 637 α
1407 616 1490 637 αιοιιε.

1339 620 1356 637 a
1370 616 1490 639 Platone.

1059 657 1223 693 Contingere
1239 662 1337 692 potest,
1350 665 1367 684 ο
1382 667 1458 694 puer,
1475 662 1504 685 ut
1520 658 1617 694 aliquis
1631 659 1700 686 bene
1716 659 1809 692 dicat,

1025 711 1086 730 cum
1102 703 1190 731 malus
1205 704 1258 736 sit;
1275 709 1460 731 verumtamen
1475 705 1591 739 aliquem
1609 704 1676 733 bene
1699 705 1790 734 facere
1801 724 1809 738 .

1025 748 1071 784 qui
1089 756 1189 783 pravus
1201 748 1246 780 sit,
1264 747 1441 783 impossibile.

1082 794 1122 821 13,
1134 793 1240 820 Eusebii
1250 801 1282 820 ea:
1293 793 1377 827 primo
1391 793 1504 828 capitulo
1520 792 1645 828 Epistolas
1654 793 1756 827 prima.

1062 838 1141 866 Nulla
1160 839 1243 866 Deum
1258 839 1299 866 vis
1315 839 1396 874 cogit.

1025 924 1086 944 rum
1106 917 1134 944 in
1156 917 1247 952 plures
1265 917 1349 945 libros
1373 917 1547 950 distinctum;
1574 925 1688 952 quarum
1715 918 1811 946 saltem

1027 952 1172 988 nonnullas
1189 953 1224 988 ob
1240 953 1422 988 prolixitatem
1438 953 1514 987 (puta
1534 953 1567 980 de
1582 953 1664 981 rebus
1681 953 1800 988 dogmati

1027 987 1079 1021 cis)
1091 986 1277 1022 intercapitéri
1292 995 1361 1022 opus
1375 986 1465 1016 fuerit.

189 1113 1804 1133 Ἦ

534 1203 912 1282 EUSEBII
1003 1203 1460 1283 PAMPHILI

688 1345 1028 1387 CIESABIENSIS
1063 1346 1299 1386 EPISCOPI

250 1437 550 1495 CANONES
579 1442 799 1495 DECEM
828 1440 1187 1496 HABMONUE
1216 1442 1749 1514 EVANGELIOBUM,

702 1546 870 1577 Praemisso
886 1546 927 1576 ad
944 1545 1137 1585 Carpianum
1154 1547 1300 1586 cpistola.

551 1625 694 1657 (Causam,
712 1626 828 1651 Veterum
840 1626 944 1651 Patrum
956 1625 1081 1657 Biblioth.,
1094 1627 1125 1656 Ii,
1138 1627 1192 1658 533,
1206 1629 1232 1652 et
1243 1627 1345 1659 Proleg.
1357 1635 1380 1659 p.
1393 1629 1452 1660 LIV.)

846 1744 1157 1790 MONITUM.

388 1837 442 1874 (Ex
454 1837 568 1866 Joannis
585 1838 666 1866 Millit'
680 1838 879 1874 Pralegomenis
895 1839 930 1866 ad
946 1839 1051 1868 Novum
1067 1840 1262 1867 Testamentum
1281 1839 1412 1873 Grecam,
1428 1839 1459 1875 §§
1472 1839 1614 1876 758-751.)

232 1984 242 2000 ι
256 1973 329 2002 lnter
343 1973 396 2000 alia
411 1972 521 2001 Eusebii
533 1981 616 2009 opera
631 1978 721 2002 exstat
737 1975 852 2010 epistola
867 1975 928 2011 ejus
942 1975 977 2002 ad
995 1980 1014 2008 Β
1029 1973 1236 2002 monstrandam
1269 1972 1420 2000 Diatessari
1450 1972 1533 2007 hujus
1564 1972 1758 2008 perfectionem
1787 1980 1813 2006 et

194 2020 372 2056 Carpianum,
389 2027 471 2055 quam
489 2027 556 2047 mss.
575 2020 712 2056 plerisque
728 2021 870 2049 codicibus
887 2022 978 2049 Evan-

194 2067 326 2102 geliorum
348 2065 486 2101 praetixam
507 2066 599 2093 videre
613 2070 666 2099 est,
688 2074 742 2094 una
764 2074 825 2094 cum
850 2067 909 2101 ejus
927 2066 979 2095 Ca-

195 2119 271 2144 uone,
291 2119 371 2147 quem
390 2115 498 2144 vocant,
513 2112 570 2139 sive
587 2112 673 2139 decem
690 2112 798 2144 tabulis,
813 2113 839 2139 in
852 2121 921 2148 quas
936 2121 980 2140 re-

195 2158 259 2186 tulit
282 2165 411 2186 numeros
432 2157 631 2186 Ammonianos.
656 2158 758 2186 Horum
784 2163 873 2186 alitem
893 2160 979 2186 artifi-

195 2203 280 2236 cium,
293 2211 428 2239 usumque
442 2211 523 2239 quem
539 2203 660 2238 prazbent
676 2204 821 2239 insignem,
837 2204 864 2231 in
882 2211 981 2239 reprae-

196 2250 329 2277 sentanda
359 2255 476 2285 quatuor
500 2250 705 2285 Evangeliorum
735 2250 895 2281 harmonia,
924 2250 980 2285 jam

194 2295 314 2322 breviter
331 2295 537 2329 explicabimus.
556 2295 624 2322 Ante
640 2302 727 2322 annos
742 2299 850 2322 centum
868 2295 980 2322 Ammo-

194 2341 258 2368 nius
276 2339 488 2370 Alexandrinus,
514 2340 644 2375 singulari
662 2344 721 2367 arte
736 2345 815 2375 atquc
831 2341 932 2371 studio,
948 2349 981 2367 ex

195 2389 316 2421 quatuor
331 2385 434 2413 nostris
451 2384 606 2420 Evangeliis
623 2386 695 2413 inter
709 2394 738 2413 se
757 2387 874 2418 collatis,
893 2386 982 2414 confe~

196 2437 271 2460 ccrat
301 2431 449 2467 ipsissimis
479 2431 706 2465 evangelistarum
732 2432 823 2460 verbis
848 2433 981 2468 integram

196 2478 342 2514 quamdam
362 2476 504 2504 historiam
520 2477 715 2510 evangelicum,
733 2485 781 2504 seu
797 2478 980 2506 Dialessaron.

197 2523 266 2550 Cum
278 2523 395 2557 primum
407 2528 496 2550 autem
511 2522 581 2549 hanc
595 2522 764 2557 digessisset,
778 2524 858 2550 etiam
873 2525 984 2552 univer-

197 2577 257 2596 sum
283 2568 490 2604 Evangeliorum
515 2571 618 2595 textum
643 2567 669 2594 in
696 2568 830 2596 sectiones
849 2571 980 2604 quasdam

197 2614 302 2647 divisit,
319 2618 347 2642 et
368 2614 442 2642 notis
464 2613 651 2641 numeralibus
672 2613 796 2641 distinxit
813 2614 839 2641 in
859 2617 982 2652 margine

198 2660 242 2688 sui
268 2659 442 2694 exemplaris.
473 2658 614 2686 Sectiones
638 2658 698 2686 ista:
727 2665 782 2685 non
809 2659 868 2687 aliae
893 2651 1018 2694 erant,c

198 2713 280 2741 quam
296 2713 364 2740 quas
383 2704 517 2739 hodieque
534 2704 562 2731 in
587 2705 713 2732 codicum
733 2710 889 2733 nostrorum
915 2714 985 2734 mar-

199 2751 262 2786 gine
276 2750 399 2777 interiori
413 2749 535 2784 adpictas
551 2750 675 2778 videmus
689 2759 695 2777 :
708 2750 838 2778 nimirum
850 2751 877 2779 in
893 2752 982 2780 Evan-

198 2797 269 2833 gelia
291 2795 412 2823 Muttltazi
435 2796 499 2828 555,
525 2795 615 2823 Marci
632 2795 696 2828 256,
711 2795 791 2824 Luca:
812 2797 875 2830 διο,
896 2797 982 2826 Joan-

201 2844 241 2871 nis
256 2843 319 2870 253.
338 2841 500 2870 Divisionem
514 2847 603 2870 autem
625 2842 697 2870 hanc
716 2842 788 2870 haud
805 2843 858 2871 alio
877 2844 928 2872 ﬁne
945 2844 983 2872 in-

201 2889 321 2916 stitutam
343 2888 376 2915 ab
393 2891 504 2916 auctore
527 2895 609 2934 supra
630 2888 760 2924 diximus,
783 2897 865 2924 quam
890 2889 924 2918 ad
940 2890 982 2919 de-

1030 2021 1226 2056 integritatem.
1252 2019 1343 2054 Neque
1364 2018 1411 2045 alii
1433 2018 1480 2045 ulli
1502 2018 1591 2046 adhuc
1613 2020 1674 2046 usui
1688 2020 1812 2050 inservie-

1030 2068 1076 2094 bat
1093 2077 1100 2094 :
1115 2067 1186 2094 unde
1201 2074 1251 2094 nec
1265 2065 1395 2093 credibile
1410 2068 1462 2098 est,
1481 2072 1610 2092 numeros
1630 2066 1697 2093 istos
1717 2075 1813 2104 μορε..

1031 2119 1108 2150 gatos
1123 2114 1208 2141 fuisse
1223 2113 1294 2140 ultra
1310 2113 1396 2147 ipsius
1411 2111 1547 2138 Arnmonii
1561 2113 1711 2147 exemplar.

1066 2160 1122 2187 lloc
1140 2167 1201 2186 cum
1227 2160 1255 2186 in
1277 2158 1408 2186 Caesarea:
1428 2157 1592 2184 bibliotheca
1620 2159 1706 2187 aliave
1727 2160 1814 2195 aliqua

1032 2206 1182 2240 repositum
1198 2204 1345 2240 reperissct
1360 2203 1505 2235 Eusebius,
1521 2204 1548 2231 in
1573 2209 1690 2232 mentem
1706 2206 1758 2241 ipsi
1775 2215 1812 2235 ve

1031 2252 1088 2283 nit,
1108 2251 1257 2278 harmonia
1276 2250 1374 2284 hujus,
1392 2257 1624 2284 numerorumque
1645 2251 1815 2279 Ammoniani

1033 2295 1242 2331 Evangeliorum
1260 2294 1364 2322 codicis
1378 2301 1439 2328 ope,
1455 2293 1561 2321 institui
1579 2301 1611 2321 ac
1626 2295 1814 2328 repraesentari

1035 2349 1115 2377 posse
1138 2342 1275 2375 integrum
1309 2344 1335 2367 et
1370 2340 1519 2375 perfectum
1547 2339 1739 2373 DiatessarOn,
1767 2348 1815 2367 σω-

1033 2387 1146 2422 ζομένου
1164 2387 1210 2413 καὶ
1223 2387 1268 2412 τοῦ
1284 2386 1338 2413 τῶν
1348 2385 1548 2420 εὐαγγελιστῶν
1564 2385 1596 2411 δι’
1616 2385 1676 2412 ὅλου
1693 2384 1815 2420 σώματός

1032 2441 1062 2459 τε
1077 2432 1124 2458 καὶ
1138 2431 1246 2467 εἱρμοῦ,
1263 2436 1293 2458 ιιι
1308 2431 1419 2459 Eusebii
1434 2431 1524 2458 verbis
1545 2434 1616 2457 utar.
1630 2429 1743 2466 Nempe,
1761 2438 1810 2465 per

1033 2478 1158 2506 lustratis
1185 2478 1301 2513 singulis
1329 2478 1477 2504 harmonia:
1499 2478 1578 2504 istius
1603 2477 1737 2512 partibus,
1766 2484 1816 2504 una

1034 2533 1094 2553 cum
1112 2524 1235 2552 numeris
1248 2524 1326 2558 juxta
1342 2524 1438 2558 positis
1451 2523 1478 2550 in
1491 2523 1612 2558 margine
1627 2522 1700 2558 (nam
1713 2527 1741 2550 et
1753 2522 1816 2554 illic.

1034 2571 1136 2606 pariter
1149 2578 1181 2597 ac
1194 2570 1221 2597 in
1233 2570 1328 2597 codice
1341 2572 1401 2604 cjns
1411 2570 1567 2605 evangelico
1578 2573 1723 2596 annotatos
1734 2568 1816 2596 fuisse

1035 2624 1116 2652 supra
1133 2615 1327 2651 ostendimus),
1343 2616 1488 2642 constabat
1504 2623 1599 2642 omnes
1619 2615 1732 2642 omnino
1746 2614 1817 2649 peri-

1034 2668 1118 2696 copas
1141 2660 1290 2696 evangelici
1315 2659 1419 2687 codicis
1447 2660 1482 2687 ad
1501 2660 1595 2687 decem
1623 2658 1736 2686 ordines
1762 2658 1817 2686 sive

1034 2707 1137 2735 classes
1148 2707 1242 2734 reduci
1259 2706 1391 2741 potuisse.
1407 2704 1454 2732 Vel
1466 2705 1538 2732 enim
1552 2704 1687 2739 ejusmodi
1702 2711 1775 2735 esse,
1792 2704 1816 2730 in

1035 2753 1134 2788 quibus
1161 2761 1256 2780 omnes
1283 2756 1401 2787 quatuor
1430 2751 1604 2786 evangelista;
1632 2750 1816 2777 conveniant:

1035 2800 1077 2827 vel
1097 2807 1128 2827 ex
1146 2799 1179 2826 iis
1195 2803 1252 2827 tres
1269 2802 1390 2831 tantum;
1412 2805 1509 2832 nempe
1529 2796 1598 2824 Mat.
1615 2796 1687 2823 Mar.
1705 2795 1770 2823 Luc.
1782 2809 1815 2816 ~—

1035 2845 1103 2873 Μαι.
1119 2844 1182 2872 Luc.
1196 2843 1395 2871 leam—Mat.
1411 2843 1496 2870 Marc.
1512 2842 1592 2870 Joau.
1606 2842 1668 2869 :vel
1679 2842 1734 2869 duo
1745 2841 1815 2868 dun—

1034 2895 1125 2924 taxat;
1149 2891 1215 2919 Mat.
1239 2890 1304 2918 Luc.
1321 2889 1433 2917 -Μαι,
1465 2889 1536 2918 Mar.
1549 2902 1584 2909 --—
1595 2888 1663 2916 Mat.
1685 2887 1765 2916 Joan.
1780 2894 1815 2908 -έ
