2035 3214
234 167 305 197 i275
580 165 717 195 EUSEBII
733 165 977 194 CESARIENSIS
996 164 1071 194 OPP.
1088 165 1178 193 PARS
1198 163 1241 192 lll.
1258 180 1293 185 —
1309 162 1514 191 EXEGETICA.
1799 159 1868 188 I276

234 226 300 256 an.
317 225 493 254 Man—Luc.
507 224 597 252 Joan'.
608 225 662 252 :vel
672 225 791 260 denique
804 225 939 260 cujusque
946 232 1029 253 evan-
1043 227 1065 255 Α
1081 224 1248 251 conveniunt
1265 232 1272 251 :
1285 230 1383 257 nempe
1393 221 1477 249 Marci
1491 224 1523 253 ε’,
1541 219 1622 247 Luca;
1636 222 1681 254 ιγ’,
1694 217 1809 245 Joannis
1826 221 1866 244 ιε’.

235 275 338 310 gelistm
343 280 405 301 esse
413 272 537 307 proprias
545 275 572 299 et
579 271 743 306 peculiares.
750 271 821 299 Istas
830 271 914 306 igitur
920 272 1026 299 univer-

1083 270 1129 298 Sic
1146 270 1242 297 Matth.
1265 277 1293 301 v,
1309 269 1356 300 27,
1380 269 1414 296 ad
1436 269 1499 299 ista,
1525 265 1682 298 Ἠκούσατε,
1702 265 1744 291 ὅτι
1766 264 1867 300 ὲρῤἐθη

235 328 282 348 sas
291 319 400 347 reduxit
419 319 452 345 ad
468 318 563 345 decem
581 317 862 352 tabulas:pericopas
875 317 981 345 scilicet
1002 317 1026 344 in

1079 319 1136 349 τοῖς
1152 317 1288 352 ἀρχαίοις,
1316 315 1354 342 Οὐ
1366 314 1529 351 μοιχεύσεις,
1557 315 1679 340 notatum
1697 311 1822 338 videmus
1833 310 1866 337 ad

234 366 463 402 quibusquatuor
478 363 652 398 evangelista
666 363 844 395 concordant,
862 362 895 389 ad
908 363 1029 389 tabulam
1080 372 1156 392 oram
1184 363 1290 391 codicis
1319 361 1369 394 λζ’,
1395 369 1457 388 cum
1479 369 1487 386 ι
1513 359 1630 391 sullixo;
1652 357 1724 393 quod
1747 356 1869 384 ostendit

235 408 371 448 primam;
387 410 524 445 inquibus
534 409 603 437 Mat.
622 409 693 436 Mar.
704 408 768 436 Luc.
779 408 812 436 ad
821 407 970 436 secundam
982 417 989 441 ;
1001 408 1029 435 in

235 458 335 492 quibus
347 456 443 483 Matth.
455 456 521 482 Luc.
532 455 613 482 Joan.
627 455 659 482 ad
670 455 793 487 tertiam;
808 455 835 481 in
851 454 951 489 quibus
959 453 1028 482 Mat.

238 503 308 530 Mar.
317 502 398 530 Joan.
410 502 443 529 ad
454 507 579 537 quartam
591 502 634 535 ;in
644 501 745 537 quibus
755 500 824 528 Mat.
833 500 897 527 Luc.
906 499 939 527 ad
950 500 1030 535 quin-

235 555 289 576 tam
300 549 342 582 ;iu
350 549 449 584 quibus
459 548 527 575 Mat.
545 547 616 575 Mar.
626 547 659 574 ad
669 551 772 575 sextam
784 556 790 578 ;
801 546 828 573 in
849 546 950 581 quibus
959 545 1029 574 Mat.

234 596 315 624 Joan.
324 597 358 623 ad
367 596 509 631 septimam
518 604 524 627 ;
533 597 560 623 in
571 596 672 631 quibus
683 594 831 622 Luc.1llar.
845 594 1028 628 adoctavam;

234 643 262 671 in
277 642 377 678 quibus
392 641 457 668 Luc.
471 641 552 670 Joan.
572 642 604 669 ad
620 649 737 669 nonam:
756 641 876 676 reliquas
887 648 962 672 vero,
970 647 1031 676 quae

235 688 336 723 cuique
348 688 521 724 evangelista:
537 691 601 715 sunt
616 687 779 722 peculiares,
796 685 827 713 ad
842 685 988 712 decimam.

272 733 390 769 Digestis
415 734 467 761 hoc
486 733 567 760 modo
595 733 623 759 in
647 733 742 759 decem
768 731 879 758 tabulas
905 730 1028 759 numeris

235 780 435 811 Ammonianis.
452 788 513 808 mox
529 780 625 807 iisdem
645 778 748 806 suﬁixit
763 778 790 805 in
806 778 928 813 margine
938 777 1028 805 Evan-

234 826 367 862 geliorum
382 834 463 853 unam
481 826 600 860 aliquam
619 833 634 852 e
648 824 744 860 primis
764 823 862 850 litteris
880 823 1028 858 alphabeti,

235 880 296 907 quae
318 873 486 907 signiﬁcaret
503 871 634 902 tabulam,
653 870 686 898 ad
708 878 789 905 quam
815 878 948 898 numerus
975 870 1028 898 iste

1083 410 1228 445 pericopen
1262 409 1343 436 istam
1373 407 1406 435 ad
1431 406 1551 434 tabulam
1581 404 1714 432 decimam
1746 402 1867 433 referri,

1081 456 1196 491 ideoque
1216 455 1354 490 peculiare
1370 452 1508 489 quoddam
1532 454 1721 486 argumentum
1737 451 1867 479 tractare,

1081 502 1187 530 caeteris
1204 500 1384 536 evangelistis
1398 500 1542 527 intactum.
1558 497 1651 532 Neque
1671 503 1735 523 vero
1764 495 1868 521 miran-

1081 548 1168 580 dum,
1202 547 1225 575 si
1251 550 1411 582 argumenta
1441 544 1546 580 singula
1576 543 1703 571 distincta
1736 542 1770 569 ad
1805 549 1868 569 suas

1081 594 1190 622 tabulas
1207 593 1280 620 haud
1303 593 1438 628 redegerit
1453 590 1597 618 Eusebius.
1615 588 1709 624 Neque
1726 589 1800 615 enim
1818 587 1868 615 hoc

1082 640 1142 668 sine
1170 639 1288 675 plurium
1319 638 1353 666 ad
1381 637 1528 673 marginem
1552 636 1704 664 sectionum
1731 633 1868 661 additione

1083 685 1207 722 praestari
1225 687 1342 719 poterat.
1356 682 1425 710 lllud
1444 683 1494 717 ipsi
1510 681 1616 713 datum,
1638 684 1668 707 ut
1680 679 1868 707 Ammonianis

1081 731 1215 763 numeris,
1240 730 1336 765 quales
1361 728 1462 764 adpicti
1478 727 1586 755 fuerant
1611 726 1642 753 ad
1667 733 1743 753 oram
1765 724 1869 752 codicis

1081 778 1151 813 ejus,
1180 777 1322 812 adaptaret
1345 783 1410 804 suos
1433 775 1574 807 Canones;
1594 774 1644 800 hoc
1667 777 1721 805 est,
1743 771 1773 803 in
1795 773 1868 807 ipsos

1081 826 1218 862 digereret
1231 824 1338 860 singula
1355 826 1526 859 argumenta,
1544 828 1605 857 quae
1622 820 1695 848 notis
1711 818 1866 846 Ammonia-

1082 873 1126 899 nis
1146 871 1278 900 distincta
1292 870 1403 905 reperit,
1425 876 1480 896 non
1505 867 1571 896 item
1588 872 1619 895 ut
1641 867 1708 894 alias
1722 871 1804 893 notas
1820 864 1869 892 ad‘

235 918 306 946 foret
321 918 482 946 referendus
497 927 503 945 :
517 926 534 944 α
552 917 658 945 scilicet
673 918 789 952 primam
808 916 941 947 tabulam,
954 915 969 950 β
982 923 1026 943 se-
1043 923 1064 950 Β
1079 919 1166 946 deret.
1185 929 1194 944 ι
1213 917 1352 945 Hactenus
1365 916 1476 943 Millius.
1529 926 1534 932 -

233 964 364 996 condam,
382 973 399 998 γ
420 964 540 994 tertiam.
565 968 592 991 et
619 964 660 991 sic
681 963 820 998 deinceps.
840 962 896 990 Hoc
914 962 1027 998 quidem

234 1013 315 1044 pacto
335 1009 426 1036 statim
452 1009 485 1036 ad
503 1009 612 1036 oculum
638 1009 854 1044 repraesentavit,
881 1008 909 1034 in
927 1007 1027 1042 quibus

234 1054 303 1082 locis
324 1054 389 1086 duo,
406 1058 472 1086 tres,
494 1054 536 1082 vel
563 1059 681 1089 quatuor
705 1054 879 1089 evangelista:
902 1053 974 1080 inter
998 1060 1028 1080 se

233 1100 452 1134 concordarent;
482 1101 523 1128 vel
546 1101 592 1128 ubi
621 1101 746 1136 ipsorum
775 1100 874 1135 aliquis
903 1099 1028 1134 qumdam

233 1146 357 1178 haberet,
374 1155 433 1182 qua!
447 1154 501 1174 non
514 1151 606 1174 essent
626 1147 654 1174 in
674 1146 785 1182 reliquis
801 1147 899 1174 tribus.
918 1145 967 1172 Ex.
985 1153 1026 1180 επ.

233 1192 331 1220 Matth.
350 1200 392 1224 In.
408 1191 452 1224 i6,
471 1192 505 1219 ad
525 1193 619 1224 verba,
637 1193 693 1220 Καὶ
709 1192 868 1228 βαπτισθεὶς
885 1192 900 1218 ὁ
926 1190 1029 1227 Ἰησοῦς

233 1239 318 1274 avt-561;
342 1238 422 1270 εὐθὺς
444 1239 498 1265 ἀπὸ
521 1238 568 1265 τοῦ
593 1239 698 1271 ὓδατος,
724 1239 879 1274 appositum
901 1237 977 1265 vides
1000 1237 1029 1264 in

235 1285 359 1320 margine
373 1292 517 1312 numerum
539 1285 578 1316 ιδ’,
597 1293 659 1312 cum
675 1294 693 1312 οι
707 1285 862 1319 subscriplo
877 1294 883 1311 :
898 1283 972 1319 quod
985 1284 1029 1310 in-

234 1331 309 1357 dicat
331 1331 470 1366 pertinuere
494 1339 640 1358 numerum
665 1332 747 1357 istum
772 1331 805 1358 ad
829 1330 950 1357 tabulam
974 1329 1030 1364 pri-

234 1383 318 1404 mam.
336 1376 379 1410 Εο,
389 1380 480 1404 autent
498 1377 524 1403 in
540 1377 591 1403 hac
603 1377 695 1403 tabula
716 1377 837 1407 invento,
852 1376 930 1410 juxta
947 1383 1029 1411 appa-

235 1427 298 1449 rent
311 1423 371 1450 loca
393 1422 562 1457 reliquorum
578 1422 800 1458 Evangeliorum,
819 1430 879 1458 qua:
890 1429 953 1450 cum
969 1422 1028 1457 ipso

283 1500 309 1533 η)
328 1499 409 1541 lllill.._
423 1500 492 1528 Nov.
510 1501 580 1542 Tcsl.
670 1508 731 1536 pag.
746 1500 758 1527 1
776 1508 834 1562 seq.

285 1537 310 1562 bl
332 1535 472 1562 Martiali”
498 1537 563 1562 edit.
588 1536 700 1562 llteron.
722 1540 789 1562 tom.
825 1557 832 1562 .

235 1537 310 1600 uita)
332 1535 472 1568 Martian.,
498 1537 563 1564 edit.
588 1533 789 1564 llicronftom.
812 1533 832 1567 Ι,
849 1543 928 1571 pagg.
945 1533 1030 1562 1429-

1115 966 1250 994 Caeterum
1275 968 1332 992 tum
1355 963 1487 1000 epistolae,
1511 966 1568 990 tum
1593 960 1736 988 Canonum
1764 962 1870 986 textum

1079 1011 1275 1042 Eusebianum,
1301 1018 1334 1037 ex
1351 1009 1482 1045 przeclara
1504 1007 1627 1043 ejusdem
1650 1005 1727 1033 Millii
1748 1006 1870 1033 editione

1079 1057 1148 1085 Novi
1162 1055 1329 1084 Testamenti
1349 1054 1435 1083 Grzeci
1450 1053 1653 1089 desumpsimus
1664 1052 1702 1088 (ιι)
1716 1061 1723 1079 :
1738 1051 1771 1079 ad
1788 1058 1870 1087 quem

1080 1103 1143 1131 item
1168 1102 1308 1137 exegimus
1337 1100 1496 1128 eorumdem
1526 1099 1668 1127 Canonum
1695 1097 1869 1128 versionem,

1080 1158 1162 1186 quam
1181 1150 1253 1177 inter
1276 1149 1306 1176 S.
1335 1147 1493 1183 Hieronymi
1514 1153 1597 1182 opera
1623 1145 1733 1173 edi-lere
1755 1144 1870 1171 Martia—

1080 1203 1157 1224 nteus
1168 1196 1205 1231 (ιι)
1221 1199 1249 1222 et
1264 1194 1415 1222 Vallarsius
1428 1194 1464 1229 (ε)
1481 1203 1488 1220 :
1506 1193 1553 1221 sed
1568 1200 1601 1220 ex
1616 1192 1763 1220 collatione
1783 1189 1870 1218 Graeci

1081 1245 1173 1269 textus
1190 1240 1303 1267 Milliani
1324 1239 1465 1274 complura
1490 1238 1588 1266 menda
1614 1237 1788 1269 sustulimus,
1811 1243 1872 1270 qua

1082 1287 1108 1314 in
1122 1292 1267 1321 utramque
1278 1285 1516 1320 Hieronymianam
1528 1283 1676 1311 editionem
1689 1282 1872 1316 irrepserunt,

1082 1339 1111 1358 ut.
1125 1331 1238 1358 cuilibet
1257 1330 1409 1358 attendenti
1423 1333 1592 1364 compertum
1610 1327 1664 1356 ﬁet.
1682 1326 1810 1354 Veterem
1826 1333 1872 1351 au-

1077 1369 1134 1404 tem
1162 1376 1288 1404 Latinam
1315 1375 1444 1411 Epistolas
1467 1375 1627 1403 Eusebianae
1654 1375 1812 1401 versionem
1837 1378 1872 1399 ex

1081 1422 1208 1450 Fabricio
1219 1421 1257 1458 (d)
1272 1421 1480 1456 descripsimus.

1117 1501 1152 1563 (ξ)
1173 1500 1306 1530 Vallars..
1317 1500 1383 1541 edit.
1395 1500 1508 1528 Hieron.
1521 1503 1588 1526 tom.
1601 1498 1636 1528 Χ.
1647 1505 1726 1533 pagg.
1740 1496 1873 1525 671-682.

1119 1539 1125 1562 ι
1150 1538 1157 1563 l
1178 1536 1273 1563 Fabr..
1289 1535 1361 1563 Bibl.
1377 1535 1423 1563 Gr.
1442 1539 1508 1563 tom.
1525 1533 1570 1563 Vl.
1585 1542 1646 1563 ΜΕ-
1662 1533 1708 1562 97.

1119 1533 1157 1573 td)
1178 1536 1273 1569 Fabr.,
1289 1535 1361 1563 Bibl.
1377 1535 1423 1563 Gr.
1442 1539 1508 1563 tom.
1525 1533 1570 1567 Vl,
1585 1542 1646 1570 pag.
1662 1533 1708 1562 97.

602 1721 917 1786 EUSEBII
966 1720 1503 1786 CIESARIENSIS

900 1847 1194 1894 EPISTOLA

563 1945 604 1976 IN
639 1945 944 1982 SUBSEQUENTES
988 1945 1172 1976 CANONES
1217 1944 1548 1976 EVANGELIORUM.

298 2067 484 2097 EUSEBIUS
516 2067 705 2096 CARPIANO
742 2067 879 2096 FRATRI
923 2068 968 2095 ΙΝ

527 2103 681 2131 DOMINO
707 2102 737 2130 S.

272 2150 432 2180 Ammonius
457 2149 567 2185 quidem
587 2149 800 2182 Alexandrinus,
817 2158 916 2184 magno
935 2149 1026 2177 studio

235 2201 317 2232 atque
332 2195 468 2223 industria
477 2202 561 2222 unum
578 2195 660 2222 nobis
674 2202 724 2230 pro
740 2199 860 2230 quatuor
873 2194 1025 2229 Evangeliis

235 2242 391 2277 dereliquit.
429 2240 552 2276 Namque
575 2241 658 2268 trium
692 2240 900 2276 Evangeliorum
928 2248 1026 2268 sensus

234 2293 375 2325 exceptos.
387 2296 483 2316 omnes
494 2288 598 2316 similes
611 2291 756 2315 contextus
768 2287 884 2315 Matthaei
901 2286 1024 2323 Evange-

237 2335 273 2363 lio
289 2335 369 2370 quasi
394 2335 426 2362 ad
442 2341 525 2361 unum
543 2338 700 2368 congestos,
717 2334 848 2361 annexuit
862 2344 867 2361 :
885 2334 922 2361 ita
937 2338 966 2361 ut
979 2341 1026 2362 eo-

235 2381 372 2413 rumdem,
388 2386 522 2415 quantum
539 2379 573 2406 ad
593 2383 716 2406 tenorem
737 2380 857 2415 pertinet
885 2379 1024 2413 lectionis,

235 2436 353 2463 sequens
379 2428 436 2462 jam
466 2428 554 2463 stylus
585 2427 755 2462 interruptus
795 2433 857 2454 esse
889 2426 1022 2454 videatur.

236 2474 336 2502 Verum
358 2479 388 2501 ut
416 2474 492 2502 salvo
520 2480 634 2508 corpore
665 2473 723 2500 sive
753 2475 838 2504 textu,
863 2477 1024 2499 cancrorum

234 2521 446 2556 Evangeliorum
462 2519 571 2554 propria
588 2523 615 2546 et
633 2518 779 2546 familiaria
793 2518 864 2549 loca,
878 2518 906 2545 in
923 2517 1024 2552 quibus

234 2566 329 2594 eadem
357 2566 541 2599 similiterque
563 2564 705 2596 dixerunt,
721 2565 792 2592 scire
811 2564 901 2599 possis
914 2571 946 2592 ac
961 2572 1024 2592 vere

234 2612 382 2643 disserere,
401 2615 513 2646 accepta
527 2611 673 2638 occasione
687 2618 721 2638 ex
744 2610 867 2645 praedicti
884 2609 937 2636 viri
962 2612 1022 2636 stu-

234 2656 291 2686 dio,
315 2657 368 2684 alia
401 2657 507 2684 ratione
530 2652 624 2684 decem
653 2663 831 2683 numerorum
855 2655 904 2682 tibi
930 2654 1024 2682 titulos

236 2702 387 2737 designavi.
404 2703 525 2737 Quorum
547 2705 654 2739 primus
675 2708 793 2739 quatuor
807 2703 836 2730 in
853 2711 883 2731 se
901 2703 1024 2731 continet

1040 2068 1265 2100 cenamus
1296 2067 1693 2106 ggtfggﬂguagagqm
1724 2071 1873 2106 ΑΔΕΑΦῼ

1290 2103 1341 2128 ΕΝ
1355 2102 1470 2136 ΚΥΡΙῼ
1489 2103 1654 2129 ΧΑΙΡΕΙΝ.

1119 2148 1273 2184 Ἀμμώνιος
1293 2147 1343 2183 μὲν
1368 2149 1382 2174 ὁ
1406 2146 1609 2184 Ἀλεξανδρεὺς,
1627 2149 1728 2185 πολλὴν
1743 2151 1782 2183 ὡς
1798 2152 1872 2184 εἰκὸς

1077 2194 1235 2230 φιλοπονίαν
1247 2194 1294 2220 καὶ
1307 2192 1425 2230 σπουδὴν
1437 2193 1615 2229 εἰσαγηοχὼς,
1631 2195 1661 2222 τὺ
1675 2195 1719 2222 διὰ
1729 2197 1871 2232 τεσσάρων

1078 2242 1144 2277 ἡμῖν
1167 2240 1362 2267 καταλέλοιπεν
1377 2240 1553 2274 Εὐαγγὲλιον,
1573 2241 1612 2276 τῷ
1635 2242 1706 2268 κατὰ
1730 2243 1870 2270 Ματθαίον

1076 2289 1125 2319 τὰς
1142 2286 1298 2322 ὁμοφώνους
1317 2286 1371 2313 τῶν
1386 2286 1486 2313 λοιπῶν
1499 2287 1698 2321 εὐαγγελιστῶν
1714 2290 1870 2324 περικοπὰς

1077 2333 1220 2369 παραθεὶς,
1237 2333 1274 2364 ὡς
1291 2333 1320 2366 ἐξ
1334 2332 1456 2368 ἀνάγκης
1472 2333 1607 2369 συμϐῆναι
1620 2334 1666 2361 τὸν
1684 2335 1735 2370 τῆς
1755 2336 1870 2362 ἀκολου-

1077 2379 1138 2411 θίας
1156 2379 1251 2414 εἱρμὸν
1274 2379 1328 2405 τῶν
1351 2378 1434 2415 τριῶν
1457 2379 1648 2416 δ.αιρθαρῆναι,
1675 2381 1738 2407 ὅσον
1761 2382 1809 2408 ἐπὶ
1830 2381 1868 2417 τῷ

1076 2425 1138 2460 ὕφει
1159 2425 1209 2460 τῆς
1233 2425 1423 2459 ἀναγνώσεως.
1442 2425 1500 2452 Ἵνα
1522 2425 1549 2452 δὲ
1572 2425 1725 2462 σωζομένου
1748 2428 1796 2454 καὶ
1818 2427 1866 2454 τοῦ

1074 2471 1128 2498 τῶν
1143 2470 1242 2498 λοιπῶν
1263 2471 1296 2498 δι’
1310 2471 1370 2497 ὅλου
1392 2470 1517 2506 σώματος
1534 2480 1564 2498 τε
1582 2473 1628 2498 καὶ
1642 2472 1751 2508 εἱρμοῦ,
1766 2474 1867 2500 aliive:

1075 2517 1146 2553 ἔχοις
1153 2517 1216 2546 τοὺς
1223 2516 1338 2548 οἰκείους
1344 2517 1458 2544 ἑκάστου
1468 2517 1660 2551 εὐαγγελιστοῦ
1669 2519 1777 2550 τύπους,
1789 2520 1817 2545 ἐν
1825 2517 1867 2551 οἷς

1075 2564 1144 2590 κατὰ
1157 2563 1210 2590 τῶν
1218 2562 1332 2599 [αὐτῶν]
1348 2563 1500 2599 ἠνέχθησαν
1508 2563 1662 2599 φιλαλήθως
1669 2565 1767 2597 εἰπεῖν,
1778 2565 1810 2591 ἐκ
1818 2565 1866 2592 τοῦ

1074 2610 1228 2645 πονήματος
1241 2609 1288 2635 τοῦ
1310 2609 1508 2645 προειρημένου
1530 2610 1625 2646 ἀνδρὸς
1639 2609 1759 2645 εἰληφὼς
1778 2611 1866 2646 ἀφορ-

1076 2655 1138 2692 μὰς,
1154 2654 1215 2682 καθ’
1232 2655 1329 2691 ἑτέραν
1346 2654 1454 2691 μέθοδον
1468 2655 1583 2687 κανόνας
1599 2655 1664 2683 δέκα
1680 2656 1726 2682 τὸν
1747 2657 1866 2692 ἀριθμὸν

1073 2701 1221 2737 διεχάραξὰ
1238 2711 1277 2728 σοι
1290 2702 1352 2734 τοὺς
1366 2701 1618 2736 ὑποτεταγμένους·
1637 2699 1674 2728 ὧν
1693 2703 1706 2729 ό
1724 2703 1772 2738 μὲν
1790 2703 1866 2739 πρῶ-

236 2756 374 2782 numeros,
388 2750 415 2777 in
431 2751 532 2786 quibus
547 2751 647 2778 similia
660 2751 694 2777 ab
710 2750 848 2778 universis
860 2750 932 2777 dicta
946 2753 1021 2782 sunt,

1077 2756 1119 2779 τος
1131 2748 1252 2784 περιέχει
1268 2747 1401 2783 ἀριθμοὺς
1415 2748 1444 2774 ὲν
1458 2745 1497 2779 οἷς
1507 2747 1542 2774 τὰ
1560 2748 1740 2784 παραπλήσια
1753 2750 1865 2785 εἰρήκζ‹

237 2794 373 2827 Μθιιὶιωο,
389 2795 489 2828 Marco,
507 2796 591 2829 Luca,
606 2796 722 2824 Joanne.
741 2795 896 2827 Secundus,
914 2795 942 2822 in
959 2794 1020 2830 qui-

239 2839 289 2867 bus
311 2843 378 2872 tres,
395 2840 548 2874 Mattlmus,
578 2841 698 2875 Marcus,
726 2841 824 2870 Lucas.
852 2840 973 2873 Tertius,
993 2840 1021 2868 in

238 2886 338 2924 quibus
364 2891 430 2918 tres.
451 2889 601 2920 Matthaaus.
616 2887 716 2922 Lucas,
737 2888 865 2920 Joannes.
889 2888 1020 2924 Quartus,

1074 2803 1116 2820 σιν
1132 2795 1156 2821 οἱ
1172 2794 1313 2829 τέσσαρες,
1328 2794 1477 2826 Ματοαῐος,
1492 2795 1615 2831 Μάρκος,
1634 2795 1755 2829 Λουκᾶς,
1775 2796 1864 2823 Ἰωάν-

1074 2849 1133 2876 νης.
1153 2840 1181 2867 '0
1198 2840 1332 2876 δεύτερος,
1347 2842 1375 2867 ἐν
1394 2837 1416 2874 ᾧ
1431 2841 1456 2867 οἱ
1468 2842 1551 2876 τρεῖς,
1570 2840 1721 2874 Ἀίατθαῖος,
1738 2843 1865 2878 Μάρκος.

1076 2887 1192 2918 Λουκᾶς.
1209 2886 1237 2914 ’0
1249 2886 1349 2922 τρίτος,
1364 2887 1392 2913 ἐν
1405 2882 1427 2921 ᾧ
1438 2886 1462 2912 οἱ
1478 2887 1563 2921 τρεῖς,
1576 2887 1726 2920 Ματθαῐος,
1744 2889 1864 2918 Λουκᾶς.
