2035 3214
195 160 266 189 ΩΤ]

769 156 930 184 CANONES
948 154 1232 184 EVANGELIOI’KUM.

1751 157 1822 188 I273

200 220 335 253 Ἰωάννης.
351 217 379 244 '0
390 217 529 252 τέταρτος,
543 216 572 242 ὲν
582 211 604 250 ᾧ
613 215 638 256 qi
650 216 732 251 τρεῖς,
745 214 894 246 Ματθαῖος,
906 214 979 250 Μάρ-

1034 213 1061 241 in
1072 213 1246 249 quibustres,
1255 213 1410 246 Mattbteus,
1420 213 1539 246 Marcus,
1550 212 1678 243 Joannes.
1691 214 1821 250 Quintus,

195 274 251 297 κος,
273 264 408 299 Ἰωάννης.
429 263 458 290 'U
477 263 612 297 πέμπτος,
629 263 657 289 ὲν
715 262 739 288 οἱ
756 261 811 293 δύο,
833 260 981 292 Ματθαῖος,

194 311 311 342 Λουκᾶς.
331 310 359 337 Ὀ
376 309 466 341 ἕκτος,
481 310 509 335 ὲν
533 305 555 342 ᾧ
570 309 594 335 οἱ
615 308 672 340 δύο,
689 307 837 339 Ματθαῖος,
857 306 980 342 Μάρκος.

199 357 229 383 '0
252 356 375 391 ἕϐδομος.
399 356 428 382 ὲν
494 355 518 381 οι
543 354 599 385 δύο,
624 354 772 384 Ματθαῖος,
794 352 929 388 Ἰωάννης.
954 352 982 380 '0

192 402 294 436 ὄγδοος,
308 402 336 428 ὲν
351 398 373 435 ᾧ
386 402 410 428 οἱ
427 402 483 433 δύο,
500 400 622 435 Μάρκος,
635 401 751 431 Λουκᾶς.
773 399 802 425 '0
820 398 938 430 ἔννατος,
953 399 982 425 ἐν

192 445 214 482 ᾧ
227 449 252 474 οἱ
266 448 322 480 δύο,
343 448 460 480 Λουκᾶς,
483 447 620 482 Ἰωάννης.
638 447 667 472 ’0
682 446 803 476 δέκατος.
825 445 854 471 ὲν
876 442 898 479 ᾧ
918 445 982 479 περὶ

190 493 272 519 τίνων
286 493 400 525 ἕκαστος
413 493 503 520 αὐτῶν
521 493 594 524 ἰδίως
606 492 767 528 ἀνέγραψεν.
781 491 855 526 Αὕτη
871 491 920 526 μὲν
936 488 982 517 οὖν

191 539 209 573 ἡ
222 538 277 564 τῶν
296 539 525 574 ὑποτεταγμένων
548 538 666 564 κανόνων
687 537 831 568 ὑπόθεσις·
850 537 867 572 ἡ
886 537 914 563 δὲ
934 545 982 562 σα-

191 584 245 619 φὴς
265 583 354 610 αὐτῶν
377 583 513 619 διήγησις,
535 583 608 610 ἔστιν
630 583 686 618 ἥδε.
708 583 764 617 Ἐφ’
797 583 904 617 ἑκάστῳ
928 582 981 608 τῶν

189 630 330 666 τεσσάρων
351 629 524 664 Εὑαγγελίων
545 629 660 665 ἀριθμός
684 638 726 660 τις
746 629 889 664 πρόκειται
912 628 982 654 κατὰ

191 676 285 712 μέρος,
310 676 459 712 ἀρχόμενος
484 675 537 703 ἀπὸ
558 675 606 702 τοῦ
630 674 749 710 πρώτου,
770 673 829 701 εἶτα
844 674 980 709 δευτέρου,

189 721 237 748 καὶ
258 721 360 756 τρίτου,
382 721 429 748 καὶ
446 721 562 756 καθεξῆς
583 720 684 755 προῖὼν
705 720 738 746 δι’
754 720 815 746 ὅλου
835 719 915 755 μέχρι
935 719 980 745 τοῦ

188 766 282 798 τέλους
297 767 344 793 τοῦ
359 767 472 802 βιϐλίου.
487 766 554 795 Καθ’
567 766 682 793 ἕκαστον
695 766 722 792 δὲ
740 765 857 801 ἀριθμὸν
877 766 981 799 ὑποση-

191 813 303 848 μείωσις
317 812 361 839 διὰ
372 812 557 848 κινναϐάρεως
571 812 723 848 πρόκειται,
738 811 856 846 δηλοῦσα
871 811 900 836 ὲν
913 811 981 836 ποῐω

187 858 243 885 τῶν
256 859 322 885 δέκα
338 858 457 885 κανόνων
470 866 595 894 κειμενος
609 859 623 884 ὁ
634 857 749 894 ἀριθμὸς
764 857 903 892 τυγχάνει.
918 854 981 882 Οἶον

1034 260 1061 287 ἰη
1077 260 1178 295 quibus
1191 259 1255 293 duo,
1273 259 1427 294 Mattbzeus,
1441 260 1540 288 Lucas.
1553 259 1663 293 Sextus,
1679 261 1706 288 in
1721 261 1822 297 quibus

1034 305 1099 338 duo,
1117 305 1272 339 Matthaeus,
1289 305 1407 333 Marcus.
1431 305 1581 342 Septimus,
1597 307 1624 334 in
1642 307 1741 342 quibus
1754 307 1820 340 duo.

1034 351 1189 385 lllattlneus,
1203 351 1334 379 Joannes.
1353 351 1482 385 Octavus,
1505 353 1531 380 in
1551 353 1652 386 quibus
1669 353 1733 385 duo,
1749 353 1821 380 Mar-

1034 405 1094 429 cus,
1110 397 1210 426 Lucas.
1224 397 1329 430 Nonus,
1341 398 1368 425 in
1385 398 1487 434 quibus
1501 398 1674 431 duo,anas,
1689 398 1819 427 Joannes.

1033 443 1171 477 Decimus,
1185 444 1212 472 in
1236 444 1335 479 quibus
1357 445 1457 479 singuli
1483 444 1517 472 de
1530 444 1694 480 quibusdam
1711 446 1821 480 proprie

1034 491 1215 524 scripserunt.
1233 489 1265 516 Et
1296 490 1404 525 quidem
1430 490 1617 525 subiectorum
1636 491 1776 517 titulorum
1794 491 1820 518 id

1032 542 1074 563 est
1090 541 1280 571 argumentum
1304 545 1310 564 :
1328 537 1402 563 clara
1419 544 1484 564 vero
1510 545 1604 564 eorum
1624 537 1746 564 narratio
1762 537 1821 564 haec

1033 586 1084 609 est.
1099 582 1204 610 Etenim
1223 591 1270 618 per
1282 583 1387 617 singula
1403 583 1460 609 loca
1479 582 1686 618 Evangeliorum
1706 584 1819 618 quidam

1033 638 1165 657 numerus
1183 629 1292 657 videtur
1309 630 1462 665 appositus,
1490 630 1620 664 paulatim
1650 631 1783 664 incipiens
1805 638 1821 657 ιι

1033 677 1131 710 primo,
1156 675 1255 703 deinde
1282 675 1413 708 secundo,
1443 679 1583 710 postremo
1612 676 1703 708 tertio,
1720 680 1747 703 et
1773 683 1821 711 per

1032 722 1154 748 ordinem
1166 721 1298 749 librorum
1316 721 1350 748 ad
1367 722 1446 749 linem
1464 730 1549 756 usque
1561 722 1746 757 progrediens.
1765 721 1821 749 Ita-

1033 775 1084 802 que
1100 776 1147 802 pcr
1157 767 1279 803 singulos
1288 775 1418 796 numeros
1433 768 1600 802 supputatio,
1613 776 1660 802 per
1670 769 1746 795 lineae
1761 768 1819 796 dis-

1033 814 1190 840 tinctionem
1200 814 1337 840 invenitur
1344 814 1458 845 inserta,
1469 814 1627 848 signilicans
1634 814 1676 841 cui
1684 814 1716 842 de
1723 815 1818 842 decem

1033 859 1118 886 titulis
1125 859 1266 893 appositus
1272 866 1403 886 numerus
1410 857 1665 894 assigneturl’elmi
1676 860 1699 887 si
1709 859 1818 894 quidem

187 905 214 931 εἰ
229 904 278 940 μὲν
292 907 325 935 α’,
334 905 410 940 δῆλον
428 905 465 936 ὡς
478 906 507 931 ἐν
517 904 555 940 τῷ
571 903 671 940 πρώτῳ
682 913 688 919 ·
703 905 727 931 εἰ
743 904 770 931 δὲ
784 904 815 939 β’,
828 905 856 930 ὲν
869 903 908 938 τῷ
921 903 979 929 δευ-

1035 905 1164 939 primum,
1175 908 1280 931 certum
1293 908 1336 932 est
1345 904 1372 931 in
1382 905 1481 938 primo.
1497 903 1525 931 Si
1538 912 1603 932 vero
1615 905 1776 937 secundum,
1792 906 1817 932 in

187 950 261 986 τέρῳ
270 959 276 965 ·
292 950 339 977 καὶ
352 950 422 977 οὕτω
433 949 552 985 καθεξῆς
567 951 647 985 μέχρι
660 950 714 976 τῶν
727 950 803 978 δέκα.
817 950 849 975 Εἰ
860 947 981 989 οὖν-ἁνα-

189 995 294 1028 πτύξας
306 995 335 1022 ἓν
348 1004 374 1022 τι
383 995 437 1022 τῶν
445 996 585 1031 τεσσάρων
596 995 768 1030 Εὐαγγελίων
779 994 978 1030 ὁποιονδήποτε,

188 1041 347 1077 βουληθείης
369 1041 512 1077 ὲπιστῆναί
532 1050 585 1069 τινι
607 1039 629 1075 ᾧ
648 1041 737 1077 βούλει
757 1040 909 1075 κεφαλαίῳ,
933 1040 980 1066 καὶ

187 1087 290 1122 γνῶναι
306 1087 378 1119 τίνες
395 1087 430 1114 τὰ
450 1087 630 1123 παραπλήσια
651 1088 790 1124 εἰρήκασι,
804 1087 852 1113 καὶ
865 1087 928 1118 τοὺς
941 1087 980 1112 οἱ-

188 1133 279 1164 κείους
292 1134 320 1160 ἐν
333 1133 441 1168 ἑκάστῳ
453 1134 550 1165 τόπους
561 1135 662 1169 εὑρεῖν,
681 1134 710 1159 ὲν
724 1130 764 1165 οἷς
779 1133 850 1159 κατὰ
863 1132 917 1159 τῶν
931 1132 979 1158 αὑ-

187 1177 242 1204 τῶν
256 1178 418 1214 ἠνέχθησαν,
436 1176 469 1214 ἦς
483 1179 590 1214 ἐπέχεις
610 1179 764 1214 περικοπῆς
779 1177 919 1205 ἀναλαϐὼν
932 1177 979 1204 τὸν

187 1224 368 1259 προκείμενον
383 1224 509 1260 ἀριθμὸν,
525 1224 691 1261 ἐπιζητήσας
712 1235 742 1252 τε
759 1226 840 1252 αὐτὸν
856 1225 930 1252 ἔνδον
949 1226 978 1251 ἐν

187 1269 227 1304 τῷ
244 1270 344 1299 κανόνι,
363 1270 422 1305 δνή
441 1271 485 1298 διὰ
501 1272 548 1298 τοῦ
571 1272 756 1306 κινναϐάρεως
774 1272 979 1307 ὑποημείωσις

189 1317 465 1354 ὕποδέῆληκεν,.εἵσῃ
485 1319 534 1354 μὲν
556 1319 637 1350 εὐθὺς
660 1319 692 1345 ὲκ
710 1318 764 1344 τῶν
781 1318 826 1344 ἐπὶ
851 1318 977 1353 μετώπου

187 1363 238 1390 τοῦ
254 1352 365 1396 κανόνος
382 1352 560 1401 προγραφῶν,
577 1365 670 1392 ὁπόσοι
685 1364 732 1390 καὶ
751 1364 822 1395 τίνες
840 1352 874 1390 τὰ
890 1372 978 1398 παρα-

188 1409 292 1445 πλήσια
307 1411 459 1446 εἰρήκασιν.
477 1412 644 1446 Ἐπιστήσας
667 1411 696 1438 δὲ
717 1411 764 1438 καὶ
785 1411 840 1442 τοῖς
857 1410 912 1436 τῶν
925 1410 978 1436 λοι-

187 1454 250 1481 πῶν
263 1455 436 1490 Εὑαγγελίων
453 1456 579 1492 ἀριθμοῖς
588 1458 645 1488 τοῖς
666 1457 694 1483 ἐν
712 1456 751 1492 τῷ
778 1456 870 1483 κανόνι
890 1453 913 1490 ᾧ
929 1457 978 1482 ὲπ-

189 1499 262 1534 ἐχεις
278 1500 386 1536 ἀριθμῷ
398 1502 620 1537 παρακειμένοις,
643 1502 812 1537 ἐπιζητήσας
826 1510 855 1528 τε
878 1501 977 1532 αὐτοὺς

188 1545 262 1571 ἔνδον
278 1546 306 1573 ἐν
322 1548 378 1578 τοῖς
395 1547 504 1579 οἰκείοις
519 1547 633 1574 ἑκάστου
642 1547 808 1581 Εὗαγγελιου
824 1548 928 1580 τόποις,
941 1546 976 1573 τὰ

188 1591 366 1628 παραπλήσια
383 1593 510 1627 λέγοντας
521 1594 656 1629 εὑρήσεις.

240 1699 274 1725 Δ.
294 1699 413 1725 ΚΑΝΩΝ
432 1699 564 1725 ΠΡΩΤΟΣ
584 1699 628 1726 EN
647 1700 668 1734 ῼ
688 1701 721 1726 ΟΙ
738 1699 921 1727 ΤΕΣΣΔΡΕΣ.

256 1757 317 1785 ΜΤ.
451 1757 511 1783 ΜΡ.
657 1757 692 1786 Δ.
847 1758 890 1785 ΙΩ.

257 1822 277 1849 η
458 1813 473 1848 β
651 1813 668 1846 ζ
854 1823 862 1840 ι

260 1857 289 1876 ια
456 1849 471 1875 δ
655 1857 664 1874 ι
848 1858 869 1881 ς

260 1892 288 1912 ια
455 1883 470 1910 δ
655 1892 664 1910 ι
850 1883 876 1910 t6

260 1927 288 1946 ια
455 1918 470 1944 δ
653 1927 662 1945 ι
844 1918 869 1945 ιδ

260 1962 287 1980 ια
457 1951 472 1979 δ
655 1962 664 1979 ι
841 1962 876 1989 κη

260 1997 285 2025 ιδ
453 2005 468 2024 ε
654 2007 682 2031 ιγ
849 2008 872 2025 ιε

260 2041 297 2067 κγ
453 2031 496 2069 Ικζ
652 2033 681 2069 ις
845 2043 886 2069 μς

259 2076 295 2102 κγ
455 2068 490 2112 κς
650 2068 681 2094 λδ
731 2087 735 2093 .
841 2068 882 2104 μς

259 2111 294 2164 ἔτ
453 2111 486 2163 ζ’
648 2111 685 2170 i2
844 2112 884 2172 isi

260 2185 298 2216 πζ
459 2183 505 2219 ρλο
649 2193 679 2211 ον
850 2193 908 2221 ρμα

259 2221 296 2254 ιτη
455 2221 496 2256 μς
651 2223 698 2253 ρις
845 2229 881 2256 px

258 2256 294 2291 I‘Ul
453 2255 494 2291 It?
652 2263 701 2290 ρις
845 2255 890 2291 pm

259 2290 295 2323 ιιη
454 2290 493 2321 ιις
648 2298 697 2325 ρις
845 2290 865 2325 μ

258 2324 294 2359 ιιη
455 2324 496 2356 ιτς
649 2324 700 2360 ins
844 2324 893 2362 ῥκο

258 2370 309 2438 sit
454 2369 495 2434 if
652 2378 702 2442 εξ
842 2371 896 2442 εξα

259 2447 316 2474 pp;
454 2446 468 2463 ν
654 2439 678 2465 ιθ
842 2439 872 2467 νθ

259 2473 314 2509 ρμὸ
455 2481 488 2509 να
650 2481 687 2500 κα
844 2475 873 2502 λε

260 2506 312 2544 Ρὶιι.
453 2506 482 2540 ξδ
655 2510 691 2543 ιιγ
850 2510 886 2544 μθ

258 2553 307 2588 ρξ’,
454 2553 489 2580 πδ
648 2553 681 2586 us
850 2554 875 2586 ις

258 2588 312 2623 ρξς
452 2588 490 2614 πὸ
649 2589 682 2621 τε
842 2589 871 2616 οδ

258 2623 289 2649 σθ
455 2623 498 2659 ριο
649 2624 695 2660 σλδ
849 2634 864 2660 ρ

258 2666 303 2683 om
454 2667 506 2693 ρκα
649 2659 698 2693 σλη
843 2659 879 2687 κα

259 2700 292 2718 cm
455 2693 505 2728 ρκϐ
654 2693 701 2720 σλθ
850 2695 882 2728 οξ

260 2746 294 2785 ξδξ
456 2739 508 2785 ea
650 2740 705 2785 σιιδ
847 2749 882 2768 πε

258 2781 293 2799 ax
299 2807 311 2811 _
458 2774 508 2811 ρκβ
650 2774 699 2807 σξα
848 2784 887 2811 πη

258 2807 313 2847 ore
453 2807 500 2847 ei
650 2818 681 2836 σν
853 2807 908 2847 mia

259 2842 312 2904 τίς
453 2842 499 2879 Ρλθ
649 2853 681 2871 σν
849 2842 910 2883 res

456 2887 509 2912 ρνς
650 2879 683 2914 σε
854 2889 874 2909 κ

989 1702 1010 1730 C

1032 951 1165 984 secundo,
1178 954 1205 978 et
1217 951 1312 978 eodem
1324 951 1406 978 modo
1421 959 1509 986 usque
1525 951 1558 978 ad
1570 953 1674 979 decem.
1692 951 1720 978 Si
1736 952 1817 986 igitur

1031 998 1140 1025 evoluto
1156 1005 1209 1024 uno
1224 998 1410 1032 qualicunque
1428 1005 1489 1024 cum
1517 1001 1635 1033 quatuor
1652 997 1816 1033 Evangeliis,

1031 1044 1141 1071 cuilibet
1152 1043 1272 1078 capitulo
1280 1043 1347 1070 velis
1362 1043 1500 1074 insistere.
1517 1047 1543 1071 et
1560 1043 1661 1071 rescire
1677 1043 1723 1078 qui
1739 1043 1818 1070 simi-

1030 1089 1064 1116 lia
1077 1089 1209 1122 dixerint,
1224 1093 1251 1116 et
1261 1089 1321 1116 loca
1339 1088 1449 1123 propria
1465 1096 1615 1123 agnoscere
1632 1089 1816 1124 singulorum,

1030 1135 1057 1162 in
1074 1135 1173 1170 quibus
1204 1136 1299 1162 eadem
1325 1138 1389 1162 sunt
1413 1135 1547 1170 prolocuti
1576 1135 1698 1170 ejusdem
1718 1142 1818 1164 sensus

1029 1190 1109 1216 qncm
1127 1185 1222 1214 tenes;
1238 1181 1363 1216 relegens
1380 1182 1550 1216 propositum
1569 1189 1724 1212 numerum,
1740 1189 1817 1216 qna:-

1030 1228 1165 1262 situmque
1179 1235 1240 1254 enm
1257 1227 1284 1254 in
1299 1227 1378 1254 titulo
1390 1235 1470 1262 quem
1484 1227 1653 1254 demonstrat
1664 1227 1734 1254 tituli
1752 1227 1817 1254 sub-

1028 1275 1143 1306 notatio,
1155 1274 1287 1301 continuo
1299 1274 1370 1301 scire
1379 1278 1457 1308 poles
1471 1281 1503 1300 ex
1520 1273 1814 1308 suprascriptionibns,

1028 1328 1097 1355 quas
1112 1321 1139 1347 in
1171 1320 1261 1347 fronte
1279 1324 1388 1347 notatas
1409 1320 1549 1352 invenies,
1562 1319 1608 1354 qui
1635 1324 1681 1346 aut
1699 1322 1765 1354 quot
1783 1319 1816 1346 de

1029 1367 1071 1394 his
1086 1374 1145 1402 quae
1163 1367 1290 1401 inquiris,
1307 1366 1407 1394 similia
1429 1365 1558 1393 dixerint.
1584 1364 1703 1392 Veniens
1732 1365 1815 1392 etiam

1028 1412 1061 1440 ad
1074 1413 1179 1448 reliqua
1203 1412 1348 1447 Evangelia
1367 1419 1415 1446 per
1432 1411 1556 1438 eumdem
1572 1418 1716 1437 numerum
1733 1417 1814 1445 quem

1028 1459 1179 1491 (-Ontinent,
1195 1457 1300 1485 videbis
1317 1457 1456 1491 appositos
1469 1464 1517 1491 per
1531 1456 1653 1490 singulos
1672 1463 1814 1486 numeros.

1028 1508 1110 1539 atque
1127 1511 1174 1530 eos
1198 1503 1227 1530 in
1243 1503 1301 1530 suis
1316 1501 1491 1537 propriisque
1517 1501 1584 1529 locis
1598 1501 1698 1529 similia
1713 1500 1817 1529 dixisse

1029 1548 1159 1583 reperies.

1043 1696 1170 1725 INCIPIT
1189 1695 1305 1724 CANON
1324 1694 1454 1722 PRIMUS
1473 1694 1507 1721 IN
1526 1694 1598 1727 QUO
1617 1691 1796 1726 QUATUOR.

1061 1750 1193 1778 MATTH.
1267 1748 1372 1776 MARC.
1446 1746 1569 1775 LUCAS.
1658 1745 1754 1776 JOAN.

1061 1808 1109 1835 viii
1258 1806 1277 1833 ii
1456 1806 1493 1833 vii
1655 1813 1670 1832 x

1060 1843 1087 1870 xi
1256 1841 1282 1868 iv
1456 1849 1472 1867 x
1653 1841 1682 1866 vi

1060 1878 1087 1906 xi
1256 1877 1284 1904 iv
1455 1883 1471 1902 χ
1654 1876 1691 1902 xii

1061 1913 1088 1940 xi
1257 1911 1284 1938 iv
1455 1918 1471 1937 x
1651 1910 1698 1937 xiv

1061 1948 1089 1975 xi
1256 1947 1283 1974 iv
1455 1954 1472 1972 x
1650 1946 1733 1973 xxviii

1060 1994 1106 2021 xiv
1258 2001 1274 2020 v
1457 1991 1504 2019 xiii
1651 1999 1688 2018 xv

1061 2029 1128 2056 xxiii
1257 2027 1328 2055 xxvii
1458 2026 1513 2053 xvii
1652 2026 1706 2053 xlvi

1061 2065 1127 2091 xxiii
1257 2063 1329 2090 xxvii
1458 2061 1540 2088 xxxiv
1652 2062 1706 2088 xlvi

1060 2100 1127 2127 xxiii
1256 2098 1331 2125 xxvii
1458 2097 1504 2123 xlv
1653 2097 1706 2123 xlvi

1060 2135 1106 2161 lxx
1258 2140 1293 2159 xx
1458 2132 1550 2160 xxxvii
1653 2132 1758 2165 xxxviii

1061 2181 1164 2209 Ixxxvii
1259 2179 1358 2206 cxxxix
1466 2179 1507 2206 ccl
1657 2179 1710 2205 cxli

1061 2217 1144 2244 xcviii
1258 2215 1320 2242 xcvi
1465 2215 1527 2242 cxvi
1658 2222 1711 2245 cxx

1062 2252 1143 2279 xcviii
1257 2250 1318 2276 xcvi
1465 2250 1525 2276 cxvi
1657 2249 1701 2275 cxi

1063 2287 1144 2315 xcviii
1258 2285 1319 2312 xcvi
1465 2285 1525 2312 cxvi
1658 2285 1685 2310 xl

1062 2322 1143 2350 xcviii
1256 2321 1319 2347 xcvi
1465 2320 1526 2347 cxvi
1657 2319 1738 2351 cxxix

1060 2369 1142 2397 xcviii
1261 2367 1321 2395 xcvi
1464 2367 1525 2393 cxvi
1662 2366 1740 2394 rxxxi

1059 2404 1160 2432 cxxxiii
1261 2401 1354 2430 xxxvii
1462 2401 1544 2428 Ixxvii
1658 2402 1702 2428 cix

1059 2440 1112 2467 cxli
1260 2438 1268 2465 Ι
1461 2437 1507 2463 xix
1658 2437 1694 2463 lix

1059 2474 1125 2501 (-xlii
1259 2473 1277 2500 li
1461 2471 1506 2498 xxi
1659 2478 1732 2500 xxxv

1060 2510 1140 2538 cxlvii
1259 2508 1314 2535 lxiv
1460 2507 1525 2534 xciii
1658 2507 1714 2536 xlix

1062 2555 1133 2583 clxvi
1259 2553 1352 2580 lxxxiv
1462 2553 1525 2579 xciv
1658 2553 1712 2579 xvii

1061 2590 1133 2618 clxvl
1262 2589 1348 2616 lxxxii
1461 2588 1523 2614 xciv
1657 2587 1732 2616 lxxiv

1060 2625 1122 2652 (-cix
1259 2624 1322 2651 cxix
1461 2622 1578 2649 ccxxxiv
1655 2630 1670 2649 e

1060 2661 1120 2688 ccxi
1259 2659 1322 2686 cxxi
1461 2657 1595 2685 ccxxxviii
1655 2657 1700 2684 xxi

1061 2703 1130 2723 ccxx
1258 2695 1332 2722 cxxii
1461 2693 1575 2720 ccxxxix
1655 2693 1738 2722 Ixxvii

1061 2748 1130 2768 ccxx
1259 2739 1341 2767 cxxix
1461 2739 1541 2766 ccxlii
1654 2740 1737 2766 lxxxv

1061 2783 1127 2803 ccxx
1258 2775 1330 2802 exxii
1462 2774 1533 2801 cclxi
1655 2775 1679 2801 lx
1685 2774 1770 2804 xxviii

1059 2811 1148 2838 ccxliv
1258 2812 1358 2839 cxxxix
1461 2810 1504 2837 εστι
1655 2810 1708 2836 cxti

1057 2846 1147 2873 ccxliv
1258 2847 1355 2874 cxxxix
1461 2845 1501 2872 ccl
1656 2845 1728 2875 cxlvi

1057 2882 1163 2911 cclxxiv
1257 2881 1309 2909 civi
1457 2880 1516 2911 cclx
1657 2888 1692 2908 xx
