  <div class='ocr_page' id='page_1' title='image "/cluster/home/n/w/nwhite01/storage/ocr_20150623/22/njp.32101077772497/719.png"; bbox 0 0 2035 3214; ppageno 0'>
   <div class='ocr_carea' id='block_1_1' title="bbox 259 193 326 221">
    <p class='ocr_par' dir='ltr' id='par_1_1' title="bbox 259 193 326 221">
     <span class='ocr_line' id='line_1_1' title="bbox 259 193 326 221; baseline -0.015 0"><span class='ocrx_word' id='word_1_1' title='bbox 259 194 271 221; x_wconf 83' lang='lat' dir='ltr'><strong>I</strong></span> <span class='ocrx_word' id='word_1_2' title='bbox 276 193 326 221; x_wconf 74' lang='lat'><strong>267</strong></span> 
     </span>
    </p>
   </div>
   <div class='ocr_carea' id='block_1_2' title="bbox 603 186 1525 220">
    <p class='ocr_par' dir='ltr' id='par_1_2' title="bbox 603 186 1525 220">
     <span class='ocr_line' id='line_1_2' title="bbox 603 186 1525 220; baseline -0.005 -2"><span class='ocrx_word' id='word_1_3' title='bbox 603 190 737 219; x_wconf 82' lang='lat' dir='ltr'><strong>EUSEBII</strong></span> <span class='ocrx_word' id='word_1_4' title='bbox 756 188 996 220; x_wconf 64' lang='lat' dir='ltr'><strong>CESARIENSIS</strong></span> <span class='ocrx_word' id='word_1_5' title='bbox 1015 186 1093 215; x_wconf 85' lang='lat' dir='ltr'><strong>OPP.</strong></span> <span class='ocrx_word' id='word_1_6' title='bbox 1114 186 1206 215; x_wconf 77' lang='lat' dir='ltr'><strong>PARS</strong></span> <span class='ocrx_word' id='word_1_7' title='bbox 1224 187 1304 216; x_wconf 82' lang='lat' dir='ltr'><strong>Il-l.—</strong></span> <span class='ocrx_word' id='word_1_8' title='bbox 1320 186 1525 215; x_wconf 72' lang='lat' dir='ltr'><strong>EXEGETICA.</strong></span> 
     </span>
    </p>
   </div>
   <div class='ocr_carea' id='block_1_3' title="bbox 1811 187 1874 214">
    <p class='ocr_par' dir='ltr' id='par_1_3' title="bbox 1811 187 1874 214">
     <span class='ocr_line' id='line_1_3' title="bbox 1811 187 1874 214; baseline 0 0"><span class='ocrx_word' id='word_1_9' title='bbox 1811 187 1874 214; x_wconf 68' lang='lat' dir='ltr'><strong>I208</strong></span> 
     </span>
    </p>
   </div>
   <div class='ocr_carea' id='block_1_4' title="bbox 257 248 1042 287">
    <p class='ocr_par' dir='ltr' id='par_1_4' title="bbox 257 252 1042 287">
     <span class='ocr_line' id='line_1_4' title="bbox 257 252 1042 287; baseline -0.004 -5"><span class='ocrx_word' id='word_1_10' title='bbox 257 255 468 286; x_wconf 85' lang='lat' dir='ltr'><strong>instauratione,</strong></span> <span class='ocrx_word' id='word_1_11' title='bbox 485 253 519 281; x_wconf 90' lang='lat' dir='ltr'><strong>de</strong></span> <span class='ocrx_word' id='word_1_12' title='bbox 541 253 700 281; x_wconf 88' lang='lat' dir='ltr'><strong>umbrarum</strong></span> <span class='ocrx_word' id='word_1_13' title='bbox 718 254 782 282; x_wconf 90' lang='lat' dir='ltr'><strong>item</strong></span> <span class='ocrx_word' id='word_1_14' title='bbox 800 253 931 287; x_wconf 90' lang='lat' dir='ltr'><strong>transitu,</strong></span> <span class='ocrx_word' id='word_1_15' title='bbox 955 252 1042 287; x_wconf 85' lang='lat' dir='ltr'><strong>deque</strong></span> 
     </span>
    </p>
   </div>
   <div class='ocr_carea' id='block_1_5' title="bbox 1095 248 1874 287">
    <p class='ocr_par' dir='ltr' id='par_1_5' title="bbox 1095 248 1874 286">
     <span class='ocr_line' id='line_1_5' title="bbox 1095 248 1874 286; baseline -0.003 -9"><span class='ocrx_word' id='word_1_16' title='bbox 1095 251 1158 286; x_wconf 80' lang='grc' dir='ltr'>περὶ</span> <span class='ocrx_word' id='word_1_17' title='bbox 1170 251 1219 286; x_wconf 81' lang='grc' dir='ltr'>τῆς</span> <span class='ocrx_word' id='word_1_18' title='bbox 1235 251 1378 286; x_wconf 79' lang='grc' dir='ltr'><strong>οἰκοδομῆς</strong></span> <span class='ocrx_word' id='word_1_19' title='bbox 1392 251 1441 285; x_wconf 83' lang='grc' dir='ltr'>τῆς</span> <span class='ocrx_word' id='word_1_20' title='bbox 1462 249 1649 285; x_wconf 68' lang='grc' dir='ltr'>Ἰερουσαλήμ·</span> <span class='ocrx_word' id='word_1_21' title='bbox 1670 248 1836 284; x_wconf 66' lang='grc' dir='ltr'>προφητιύει</span> <span class='ocrx_word' id='word_1_22' title='bbox 1850 249 1874 275; x_wconf 80' lang='grc' dir='ltr'>δὲ</span> 
     </span>
    </p>
   </div>
   <div class='ocr_carea' id='block_1_6' title="bbox 256 300 545 337">
    <p class='ocr_par' dir='ltr' id='par_1_6' title="bbox 256 300 545 337">
     <span class='ocr_line' id='line_1_6' title="bbox 256 300 545 337; baseline -0.01 -8"><span class='ocrx_word' id='word_1_23' title='bbox 256 302 378 337; x_wconf 74' lang='lat' dir='ltr'><strong>gentium</strong></span> <span class='ocrx_word' id='word_1_24' title='bbox 391 300 545 328; x_wconf 83' lang='lat' dir='ltr'><strong>vocatione.</strong></span> 
     </span>
    </p>
   </div>
   <div class='ocr_carea' id='block_1_7' title="bbox 379 387 923 422">
    <p class='ocr_par' dir='ltr' id='par_1_7' title="bbox 379 387 923 422">
     <span class='ocr_line' id='line_1_7' title="bbox 379 387 923 422; baseline 0 -7"><span class='ocrx_word' id='word_1_25' title='bbox 379 387 576 415; x_wconf 79' lang='lat' dir='ltr'><strong>ZACIIARIAS</strong></span> <span class='ocrx_word' id='word_1_26' title='bbox 596 387 710 416; x_wconf 81' lang='lat' dir='ltr'><strong>SADDO</strong></span> <span class='ocrx_word' id='word_1_27' title='bbox 730 388 858 422; x_wconf 83' lang='lat' dir='ltr'><strong>FILIUS,</strong></span> <span class='ocrx_word' id='word_1_28' title='bbox 878 387 923 415; x_wconf 81' lang='lat' dir='ltr'><strong>XI.</strong></span> 
     </span>
    </p>
   </div>
   <div class='ocr_carea' id='block_1_8' title="bbox 291 433 1045 466">
    <p class='ocr_par' dir='ltr' id='par_1_8' title="bbox 291 433 1045 466">
     <span class='ocr_line' id='line_1_8' title="bbox 291 433 1045 466; baseline 0.004 -6"><span class='ocrx_word' id='word_1_29' title='bbox 291 433 462 461; x_wconf 83' lang='lat' dir='ltr'><strong>Vaticinatus</strong></span> <span class='ocrx_word' id='word_1_30' title='bbox 473 438 515 461; x_wconf 87' lang='lat' dir='ltr'><strong>est</strong></span> <span class='ocrx_word' id='word_1_31' title='bbox 529 439 556 461; x_wconf 83' lang='lat' dir='ltr'><strong>et</strong></span> <span class='ocrx_word' id='word_1_32' title='bbox 567 434 617 462; x_wconf 89' lang='lat' dir='ltr'><strong>iste</strong></span> <span class='ocrx_word' id='word_1_33' title='bbox 626 442 697 461; x_wconf 91' lang='lat' dir='ltr'><strong>anno</strong></span> <span class='ocrx_word' id='word_1_34' title='bbox 713 433 783 461; x_wconf 89' lang='lat' dir='ltr'><strong>Darii</strong></span> <span class='ocrx_word' id='word_1_35' title='bbox 797 434 927 466; x_wconf 87' lang='lat' dir='ltr'><strong>secundo,</strong></span> <span class='ocrx_word' id='word_1_36' title='bbox 941 442 1045 463; x_wconf 86' lang='lat' dir='ltr'><strong>mense-</strong></span> 
     </span>
    </p>
   </div>
   <div class='ocr_carea' id='block_1_9' title="bbox 255 479 1045 516">
    <p class='ocr_par' dir='ltr' id='par_1_9' title="bbox 255 479 1045 516">
     <span class='ocr_line' id='line_1_9' title="bbox 255 479 1045 516; baseline 0.001 -9"><span class='ocrx_word' id='word_1_37' title='bbox 255 488 308 516; x_wconf 91' lang='lat' dir='ltr'><strong>que</strong></span> <span class='ocrx_word' id='word_1_38' title='bbox 314 486 411 508; x_wconf 84' lang='lat' dir='ltr'><strong>octavo</strong></span> <span class='ocrx_word' id='word_1_39' title='bbox 423 480 512 508; x_wconf 79' lang='lat' dir='ltr'><strong>factus</strong></span> <span class='ocrx_word' id='word_1_40' title='bbox 525 484 566 508; x_wconf 83' lang='lat' dir='ltr'><strong>est</strong></span> <span class='ocrx_word' id='word_1_41' title='bbox 577 488 668 508; x_wconf 88' lang='lat' dir='ltr'><strong>sermo</strong></span> <span class='ocrx_word' id='word_1_42' title='bbox 676 479 784 508; x_wconf 89' lang='lat' dir='ltr'><strong>Domini</strong></span> <span class='ocrx_word' id='word_1_43' title='bbox 796 481 829 508; x_wconf 88' lang='lat' dir='ltr'><strong>ad</strong></span> <span class='ocrx_word' id='word_1_44' title='bbox 842 481 930 516; x_wconf 89' lang='lat' dir='ltr'><strong>ipsum</strong></span> <span class='ocrx_word' id='word_1_45' title='bbox 942 490 948 508; x_wconf 92' lang='lat'>:</span> <span class='ocrx_word' id='word_1_46' title='bbox 961 482 988 508; x_wconf 94' lang='lat' dir='ltr'><strong>in</strong></span> <span class='ocrx_word' id='word_1_47' title='bbox 998 489 1045 508; x_wconf 90' lang='lat' dir='ltr'><strong>eo-</strong></span> 
     </span>
    </p>
   </div>
   <div class='ocr_carea' id='block_1_10' title="bbox 255 526 1041 563">
    <p class='ocr_par' dir='ltr' id='par_1_10' title="bbox 255 526 1041 563">
     <span class='ocr_line' id='line_1_10' title="bbox 255 526 1041 563; baseline 0.001 -10"><span class='ocrx_word' id='word_1_48' title='bbox 255 534 308 561; x_wconf 85' lang='lat' dir='ltr'><strong>que</strong></span> <span class='ocrx_word' id='word_1_49' title='bbox 317 526 425 554; x_wconf 87' lang='lat' dir='ltr'><strong>Domini</strong></span> <span class='ocrx_word' id='word_1_50' title='bbox 434 527 542 554; x_wconf 89' lang='lat' dir='ltr'><strong>Iocutus</strong></span> <span class='ocrx_word' id='word_1_51' title='bbox 550 530 592 554; x_wconf 84' lang='lat' dir='ltr'><strong>est</strong></span> <span class='ocrx_word' id='word_1_52' title='bbox 607 527 730 562; x_wconf 80' lang='lat' dir='ltr'><strong>angelus.</strong></span> <span class='ocrx_word' id='word_1_53' title='bbox 745 526 844 563; x_wconf 75' lang='lat' dir='ltr'><strong>Dirigit</strong></span> <span class='ocrx_word' id='word_1_54' title='bbox 854 535 937 562; x_wconf 90' lang='lat' dir='ltr'><strong>porro</strong></span> <span class='ocrx_word' id='word_1_55' title='bbox 950 527 983 554; x_wconf 89' lang='lat' dir='ltr'><strong>ad</strong></span> <span class='ocrx_word' id='word_1_56' title='bbox 997 535 1041 563; x_wconf 84' lang='lat' dir='ltr'><strong>pa-</strong></span> 
     </span>
    </p>
   </div>
   <div class='ocr_carea' id='block_1_11' title="bbox 255 573 1044 608">
    <p class='ocr_par' dir='ltr' id='par_1_11' title="bbox 255 573 1044 608">
     <span class='ocr_line' id='line_1_11' title="bbox 255 573 1044 608; baseline 0.001 -9"><span class='ocrx_word' id='word_1_57' title='bbox 255 576 312 601; x_wconf 91' lang='lat' dir='ltr'><strong>tres</strong></span> <span class='ocrx_word' id='word_1_58' title='bbox 323 573 492 601; x_wconf 80' lang='lat' dir='ltr'><strong>Hierusalem</strong></span> <span class='ocrx_word' id='word_1_59' title='bbox 502 573 623 601; x_wconf 87' lang='lat' dir='ltr'><strong>visiones</strong></span> <span class='ocrx_word' id='word_1_60' title='bbox 640 581 705 600; x_wconf 86' lang='lat' dir='ltr'><strong>suas</strong></span> <span class='ocrx_word' id='word_1_61' title='bbox 715 581 784 608; x_wconf 89' lang='lat' dir='ltr'><strong>quas</strong></span> <span class='ocrx_word' id='word_1_62' title='bbox 796 574 896 601; x_wconf 87' lang='lat' dir='ltr'><strong>multas</strong></span> <span class='ocrx_word' id='word_1_63' title='bbox 910 581 942 600; x_wconf 88' lang='lat' dir='ltr'><strong>ac</strong></span> <span class='ocrx_word' id='word_1_64' title='bbox 953 574 1044 601; x_wconf 82' lang='lat' dir='ltr'><strong>varias</strong></span> 
     </span>
    </p>
   </div>
   <div class='ocr_carea' id='block_1_12' title="bbox 254 620 1043 655">
    <p class='ocr_par' dir='ltr' id='par_1_12' title="bbox 254 620 1043 655">
     <span class='ocr_line' id='line_1_12' title="bbox 254 620 1043 655; baseline 0.001 -8"><span class='ocrx_word' id='word_1_65' title='bbox 254 621 340 649; x_wconf 85' lang='lat' dir='ltr'><strong>videt.</strong></span> <span class='ocrx_word' id='word_1_66' title='bbox 357 620 470 649; x_wconf 86' lang='lat' dir='ltr'><strong>Disserit</strong></span> <span class='ocrx_word' id='word_1_67' title='bbox 482 624 573 648; x_wconf 85' lang='lat' dir='ltr'><strong>autem</strong></span> <span class='ocrx_word' id='word_1_68' title='bbox 586 621 692 655; x_wconf 76' lang='lat' dir='ltr'><strong>prolixa</strong></span> <span class='ocrx_word' id='word_1_69' title='bbox 704 621 828 648; x_wconf 84' lang='lat' dir='ltr'><strong>oratione</strong></span> <span class='ocrx_word' id='word_1_70' title='bbox 843 620 876 648; x_wconf 88' lang='lat' dir='ltr'><strong>de</strong></span> <span class='ocrx_word' id='word_1_71' title='bbox 893 620 1043 653; x_wconf 85' lang='lat' dir='ltr'><strong>Salvatore,</strong></span> 
     </span>
    </p>
   </div>
   <div class='ocr_carea' id='block_1_13' title="bbox 253 667 1044 704">
    <p class='ocr_par' dir='ltr' id='par_1_13' title="bbox 253 667 1044 704">
     <span class='ocr_line' id='line_1_13' title="bbox 253 667 1044 704; baseline -0.001 -8"><span class='ocrx_word' id='word_1_72' title='bbox 253 673 281 697; x_wconf 83' lang='lat' dir='ltr'><strong>et</strong></span> <span class='ocrx_word' id='word_1_73' title='bbox 296 668 431 704; x_wconf 76' lang='lat' dir='ltr'><strong>signiﬁcat</strong></span> <span class='ocrx_word' id='word_1_74' title='bbox 444 667 570 695; x_wconf 89' lang='lat' dir='ltr'><strong>eumdem</strong></span> <span class='ocrx_word' id='word_1_75' title='bbox 585 667 669 695; x_wconf 63' lang='lat' dir='ltr'><strong>asinae</strong></span> <span class='ocrx_word' id='word_1_76' title='bbox 688 667 803 702; x_wconf 81' lang='lat' dir='ltr'><strong>ejusque</strong></span> <span class='ocrx_word' id='word_1_77' title='bbox 827 668 901 702; x_wconf 91' lang='lat' dir='ltr'><strong>pullo</strong></span> <span class='ocrx_word' id='word_1_78' title='bbox 923 668 1044 695; x_wconf 85' lang='lat' dir='ltr'><strong>insiden-</strong></span> 
     </span>
    </p>
   </div>
   <div class='ocr_carea' id='block_1_14' title="bbox 253 718 560 743">
    <p class='ocr_par' dir='ltr' id='par_1_14' title="bbox 253 718 560 743">
     <span class='ocr_line' id='line_1_14' title="bbox 253 718 560 743; baseline -0.007 0"><span class='ocrx_word' id='word_1_79' title='bbox 253 719 309 743; x_wconf 87' lang='lat' dir='ltr'><strong>tem</strong></span> <span class='ocrx_word' id='word_1_80' title='bbox 326 718 470 742; x_wconf 73' lang='lat' dir='ltr'><strong>venturum</strong></span> <span class='ocrx_word' id='word_1_81' title='bbox 489 722 560 741; x_wconf 79' lang='lat' dir='ltr'><strong>esse.</strong></span> 
     </span>
    </p>
   </div>
   <div class='ocr_carea' id='block_1_15' title="bbox 500 758 796 791">
    <p class='ocr_par' dir='ltr' id='par_1_15' title="bbox 500 758 796 791">
     <span class='ocr_line' id='line_1_15' title="bbox 500 758 796 791; baseline -0.003 -5"><span class='ocrx_word' id='word_1_82' title='bbox 500 759 700 786; x_wconf 79' lang='lat' dir='ltr'><strong>MALACIIIAS</strong></span> <span class='ocrx_word' id='word_1_83' title='bbox 710 780 717 791; x_wconf 93' lang='lat'><strong>,</strong></span> <span class='ocrx_word' id='word_1_84' title='bbox 738 758 796 786; x_wconf 79' lang='lat' dir='ltr'><strong>XII.</strong></span> 
     </span>
    </p>
   </div>
   <div class='ocr_carea' id='block_1_16' title="bbox 289 804 1045 841">
    <p class='ocr_par' dir='ltr' id='par_1_16' title="bbox 289 804 1045 841">
     <span class='ocr_line' id='line_1_16' title="bbox 289 804 1045 841; baseline -0.001 -8"><span class='ocrx_word' id='word_1_85' title='bbox 289 805 352 833; x_wconf 83' lang='lat' dir='ltr'><strong>Fuit</strong></span> <span class='ocrx_word' id='word_1_86' title='bbox 368 810 395 834; x_wconf 85' lang='lat' dir='ltr'><strong>et</strong></span> <span class='ocrx_word' id='word_1_87' title='bbox 417 804 469 833; x_wconf 87' lang='lat' dir='ltr'><strong>iste</strong></span> <span class='ocrx_word' id='word_1_88' title='bbox 492 806 575 833; x_wconf 89' lang='lat' dir='ltr'><strong>etiam</strong></span> <span class='ocrx_word' id='word_1_89' title='bbox 598 810 660 841; x_wconf 84' lang='lat' dir='ltr'><strong>post</strong></span> <span class='ocrx_word' id='word_1_90' title='bbox 682 806 869 841; x_wconf 78' lang='lat' dir='ltr'><strong>captivitatem</strong></span> <span class='ocrx_word' id='word_1_91' title='bbox 898 804 980 832; x_wconf 86' lang='lat' dir='ltr'><strong>Dario</strong></span> <span class='ocrx_word' id='word_1_92' title='bbox 1002 812 1045 832; x_wconf 92' lang='lat' dir='ltr'><strong>re-</strong></span> 
     </span>
    </p>
   </div>
   <div class='ocr_carea' id='block_1_17' title="bbox 253 850 1044 885">
    <p class='ocr_par' dir='ltr' id='par_1_17' title="bbox 253 850 1044 885">
     <span class='ocr_line' id='line_1_17' title="bbox 253 850 1044 885; baseline -0.001 -7"><span class='ocrx_word' id='word_1_93' title='bbox 253 855 363 883; x_wconf 69' lang='lat' dir='ltr'><strong>gnante.</strong></span> <span class='ocrx_word' id='word_1_94' title='bbox 382 850 555 878; x_wconf 82' lang='lat' dir='ltr'><strong>Vaticinatur</strong></span> <span class='ocrx_word' id='word_1_95' title='bbox 571 855 662 878; x_wconf 82' lang='lat' dir='ltr'><strong>autem</strong></span> <span class='ocrx_word' id='word_1_96' title='bbox 681 851 894 885; x_wconf 76' lang='lat' dir='ltr'><strong>assumptioncm</strong></span> <span class='ocrx_word' id='word_1_97' title='bbox 907 850 1044 878; x_wconf 80' lang='lat' dir='ltr'><strong>sermonis</strong></span> 
     </span>
    </p>
   </div>
   <div class='ocr_carea' id='block_1_18' title="bbox 253 896 1042 932">
    <p class='ocr_par' dir='ltr' id='par_1_18' title="bbox 253 896 1042 932">
     <span class='ocr_line' id='line_1_18' title="bbox 253 896 1042 932; baseline -0.001 -8"><span class='ocrx_word' id='word_1_98' title='bbox 253 896 359 928; x_wconf 86' lang='lat' dir='ltr'><strong>Domini</strong></span> <span class='ocrx_word' id='word_1_99' title='bbox 374 897 401 924; x_wconf 90' lang='lat' dir='ltr'><strong>in</strong></span> <span class='ocrx_word' id='word_1_100' title='bbox 417 905 499 924; x_wconf 92' lang='lat' dir='ltr'><strong>manu</strong></span> <span class='ocrx_word' id='word_1_101' title='bbox 516 897 606 932; x_wconf 80' lang='lat' dir='ltr'><strong>angeli</strong></span> <span class='ocrx_word' id='word_1_102' title='bbox 621 897 662 924; x_wconf 91' lang='lat' dir='ltr'><strong>sui</strong></span> <span class='ocrx_word' id='word_1_103' title='bbox 679 918 685 924; x_wconf 93' lang='lat'><strong>.</strong></span> <span class='ocrx_word' id='word_1_104' title='bbox 703 897 730 924; x_wconf 95' lang='lat' dir='ltr'><strong>in</strong></span> <span class='ocrx_word' id='word_1_105' title='bbox 747 904 801 932; x_wconf 85' lang='lat' dir='ltr'><strong>qua</strong></span> <span class='ocrx_word' id='word_1_106' title='bbox 816 897 905 932; x_wconf 82' lang='lat' dir='ltr'><strong>arguit</strong></span> <span class='ocrx_word' id='word_1_107' title='bbox 916 896 1042 924; x_wconf 87' lang='lat' dir='ltr'><strong>Israelcm</strong></span> 
     </span>
    </p>
   </div>
   <div class='ocr_carea' id='block_1_19' title="bbox 254 943 1043 979">
    <p class='ocr_par' dir='ltr' id='par_1_19' title="bbox 254 943 1043 979">
     <span class='ocr_line' id='line_1_19' title="bbox 254 943 1043 979; baseline -0.003 -7"><span class='ocrx_word' id='word_1_108' title='bbox 254 944 506 979; x_wconf 78' lang='lat' dir='ltr'><strong>transgressionum</strong></span> <span class='ocrx_word' id='word_1_109' title='bbox 523 943 641 974; x_wconf 84' lang='lat' dir='ltr'><strong>nomine,</strong></span> <span class='ocrx_word' id='word_1_110' title='bbox 655 947 682 970; x_wconf 89' lang='lat' dir='ltr'><strong>et</strong></span> <span class='ocrx_word' id='word_1_111' title='bbox 696 948 818 975; x_wconf 81' lang='lat' dir='ltr'><strong>accusat,</strong></span> <span class='ocrx_word' id='word_1_112' title='bbox 833 943 905 978; x_wconf 91' lang='lat' dir='ltr'><strong>quod</strong></span> <span class='ocrx_word' id='word_1_113' title='bbox 922 943 1043 970; x_wconf 86' lang='lat' dir='ltr'><strong>decima-</strong></span> 
     </span>
    </p>
   </div>
   <div class='ocr_carea' id='block_1_20' title="bbox 253 989 1043 1025">
    <p class='ocr_par' dir='ltr' id='par_1_20' title="bbox 253 989 1043 1025">
     <span class='ocr_line' id='line_1_20' title="bbox 253 989 1043 1025; baseline -0.001 -8"><span class='ocrx_word' id='word_1_114' title='bbox 253 998 314 1019; x_wconf 86' lang='lat' dir='ltr'><strong>rum</strong></span> <span class='ocrx_word' id='word_1_115' title='bbox 330 994 357 1017; x_wconf 90' lang='lat' dir='ltr'><strong>et</strong></span> <span class='ocrx_word' id='word_1_116' title='bbox 372 996 523 1025; x_wconf 80' lang='lat' dir='ltr'><strong>pauperum</strong></span> <span class='ocrx_word' id='word_1_117' title='bbox 535 997 629 1016; x_wconf 88' lang='lat' dir='ltr'><strong>curam</strong></span> <span class='ocrx_word' id='word_1_118' title='bbox 642 997 696 1016; x_wconf 90' lang='lat' dir='ltr'><strong>non</strong></span> <span class='ocrx_word' id='word_1_119' title='bbox 705 989 815 1017; x_wconf 85' lang='lat' dir='ltr'><strong>habeat.</strong></span> <span class='ocrx_word' id='word_1_120' title='bbox 832 989 949 1017; x_wconf 85' lang='lat' dir='ltr'><strong>Disserit</strong></span> <span class='ocrx_word' id='word_1_121' title='bbox 960 990 1043 1017; x_wconf 90' lang='lat' dir='ltr'><strong>etiam</strong></span> 
     </span>
    </p>
   </div>
   <div class='ocr_carea' id='block_1_21' title="bbox 253 1034 1044 1070">
    <p class='ocr_par' dir='ltr' id='par_1_21' title="bbox 253 1034 1044 1070">
     <span class='ocr_line' id='line_1_21' title="bbox 253 1034 1044 1070; baseline -0.001 -7"><span class='ocrx_word' id='word_1_122' title='bbox 253 1035 287 1063; x_wconf 88' lang='lat' dir='ltr'><strong>de</strong></span> <span class='ocrx_word' id='word_1_123' title='bbox 316 1035 360 1062; x_wconf 92' lang='lat' dir='ltr'><strong>die</strong></span> <span class='ocrx_word' id='word_1_124' title='bbox 385 1035 503 1070; x_wconf 85' lang='lat' dir='ltr'><strong>judicii,</strong></span> <span class='ocrx_word' id='word_1_125' title='bbox 525 1035 559 1063; x_wconf 90' lang='lat' dir='ltr'><strong>de</strong></span> <span class='ocrx_word' id='word_1_126' title='bbox 590 1035 740 1062; x_wconf 87' lang='lat' dir='ltr'><strong>Salvatoris</strong></span> <span class='ocrx_word' id='word_1_127' title='bbox 770 1035 926 1070; x_wconf 76' lang='lat' dir='ltr'><strong>splendore,</strong></span> <span class='ocrx_word' id='word_1_128' title='bbox 957 1034 1044 1070; x_wconf 83' lang='lat' dir='ltr'><strong>deque</strong></span> 
     </span>
    </p>
   </div>
   <div class='ocr_carea' id='block_1_22' title="bbox 253 1081 794 1117">
    <p class='ocr_par' dir='ltr' id='par_1_22' title="bbox 253 1081 794 1117">
     <span class='ocr_line' id='line_1_22' title="bbox 253 1081 794 1117; baseline 0 -9"><span class='ocrx_word' id='word_1_129' title='bbox 253 1081 320 1111; x_wconf 63' lang='lat' dir='ltr'><strong>Elite</strong></span> <span class='ocrx_word' id='word_1_130' title='bbox 336 1085 398 1109; x_wconf 87' lang='lat' dir='ltr'><strong>ante</strong></span> <span class='ocrx_word' id='word_1_131' title='bbox 413 1081 473 1117; x_wconf 84' lang='lat' dir='ltr'><strong>ejus</strong></span> <span class='ocrx_word' id='word_1_132' title='bbox 490 1081 637 1109; x_wconf 83' lang='lat' dir='ltr'><strong>adventum</strong></span> <span class='ocrx_word' id='word_1_133' title='bbox 653 1081 794 1109; x_wconf 88' lang='lat' dir='ltr'><strong>missione.</strong></span> 
     </span>
    </p>
   </div>
   <div class='ocr_carea' id='block_1_23' title="bbox 462 1208 832 1236">
    <p class='ocr_par' dir='ltr' id='par_1_23' title="bbox 462 1208 832 1236">
     <span class='ocr_line' id='line_1_23' title="bbox 462 1208 832 1236; baseline -0.003 0"><span class='ocrx_word' id='word_1_134' title='bbox 462 1208 574 1236; x_wconf 84' lang='lat' dir='ltr'><strong>ISAIAS</strong></span> <span class='ocrx_word' id='word_1_135' title='bbox 594 1208 708 1236; x_wconf 78' lang='lat' dir='ltr'><strong>FILIUS</strong></span> <span class='ocrx_word' id='word_1_136' title='bbox 728 1208 832 1235; x_wconf 80' lang='lat' dir='ltr'><strong>AMOS.</strong></span> 
     </span>
    </p>
   </div>
   <div class='ocr_carea' id='block_1_24' title="bbox 288 1253 1041 1290">
    <p class='ocr_par' dir='ltr' id='par_1_24' title="bbox 288 1253 1041 1290">
     <span class='ocr_line' id='line_1_24' title="bbox 288 1253 1041 1290; baseline -0.003 -8"><span class='ocrx_word' id='word_1_137' title='bbox 288 1255 342 1282; x_wconf 86' lang='lat' dir='ltr'><strong>Isle</strong></span> <span class='ocrx_word' id='word_1_138' title='bbox 357 1259 384 1282; x_wconf 78' lang='lat' dir='ltr'><strong>et</strong></span> <span class='ocrx_word' id='word_1_139' title='bbox 396 1254 466 1282; x_wconf 89' lang='lat' dir='ltr'><strong>Osee</strong></span> <span class='ocrx_word' id='word_1_140' title='bbox 485 1255 567 1290; x_wconf 84' lang='lat' dir='ltr'><strong>(sicut</strong></span> <span class='ocrx_word' id='word_1_141' title='bbox 579 1262 594 1282; x_wconf 87' lang='lat' dir='ltr'><strong>a</strong></span> <span class='ocrx_word' id='word_1_142' title='bbox 611 1263 654 1282; x_wconf 90' lang='lat' dir='ltr'><strong>me</strong></span> <span class='ocrx_word' id='word_1_143' title='bbox 668 1254 772 1281; x_wconf 83' lang='lat' dir='ltr'><strong>dictum</strong></span> <span class='ocrx_word' id='word_1_144' title='bbox 784 1259 825 1281; x_wconf 88' lang='lat' dir='ltr'><strong>est</strong></span> <span class='ocrx_word' id='word_1_145' title='bbox 838 1254 929 1288; x_wconf 81' lang='lat' dir='ltr'><strong>antea)</strong></span> <span class='ocrx_word' id='word_1_146' title='bbox 945 1253 1041 1281; x_wconf 84' lang='lat' dir='ltr'><strong>iisdem</strong></span> 
     </span>
    </p>
   </div>
   <div class='ocr_carea' id='block_1_25' title="bbox 253 1298 1043 1335">
    <p class='ocr_par' dir='ltr' id='par_1_25' title="bbox 253 1298 1043 1335">
     <span class='ocr_line' id='line_1_25' title="bbox 253 1298 1043 1335; baseline -0.003 -8"><span class='ocrx_word' id='word_1_147' title='bbox 253 1300 406 1328; x_wconf 84' lang='lat' dir='ltr'><strong>ﬂoruerunt</strong></span> <span class='ocrx_word' id='word_1_148' title='bbox 423 1301 603 1335; x_wconf 87' lang='lat' dir='ltr'><strong>temporibus.</strong></span> <span class='ocrx_word' id='word_1_149' title='bbox 624 1299 698 1326; x_wconf 79' lang='lat' dir='ltr'><strong>Vixit</strong></span> <span class='ocrx_word' id='word_1_150' title='bbox 715 1299 788 1326; x_wconf 91' lang='lat' dir='ltr'><strong>enim</strong></span> <span class='ocrx_word' id='word_1_151' title='bbox 815 1299 860 1326; x_wconf 91' lang='lat' dir='ltr'><strong>hic</strong></span> <span class='ocrx_word' id='word_1_152' title='bbox 881 1298 956 1331; x_wconf 89' lang='lat' dir='ltr'><strong>Ozia,</strong></span> <span class='ocrx_word' id='word_1_153' title='bbox 979 1299 1043 1326; x_wconf 79' lang='lat' dir='ltr'><strong>Joa-</strong></span> 
     </span>
    </p>
   </div>
   <div class='ocr_carea' id='block_1_26' title="bbox 255 1345 1042 1380">
    <p class='ocr_par' dir='ltr' id='par_1_26' title="bbox 255 1345 1042 1380">
     <span class='ocr_line' id='line_1_26' title="bbox 255 1345 1042 1380; baseline -0.003 -7"><span class='ocrx_word' id='word_1_154' title='bbox 255 1347 358 1378; x_wconf 88' lang='lat' dir='ltr'><strong>thamo,</strong></span> <span class='ocrx_word' id='word_1_155' title='bbox 375 1346 496 1378; x_wconf 85' lang='lat' dir='ltr'><strong>Achazo,</strong></span> <span class='ocrx_word' id='word_1_156' title='bbox 513 1350 540 1373; x_wconf 88' lang='lat' dir='ltr'><strong>et</strong></span> <span class='ocrx_word' id='word_1_157' title='bbox 553 1346 670 1373; x_wconf 79' lang='lat' dir='ltr'><strong>Ezechia</strong></span> <span class='ocrx_word' id='word_1_158' title='bbox 684 1345 784 1373; x_wconf 65' lang='lat' dir='ltr'><strong>Iudaea:</strong></span> <span class='ocrx_word' id='word_1_159' title='bbox 808 1353 920 1380; x_wconf 80' lang='lat' dir='ltr'><strong>regnum</strong></span> <span class='ocrx_word' id='word_1_160' title='bbox 945 1349 1042 1372; x_wconf 86' lang='lat' dir='ltr'><strong>tenen-</strong></span> 
     </span>
    </p>
   </div>
   <div class='ocr_carea' id='block_1_27' title="bbox 254 1389 1043 1422">
    <p class='ocr_par' dir='ltr' id='par_1_27' title="bbox 254 1389 1043 1422">
     <span class='ocr_line' id='line_1_27' title="bbox 254 1389 1043 1422; baseline -0.004 -3"><span class='ocrx_word' id='word_1_161' title='bbox 254 1392 337 1419; x_wconf 84' lang='lat' dir='ltr'><strong>lihus.</strong></span> <span class='ocrx_word' id='word_1_162' title='bbox 355 1390 495 1418; x_wconf 82' lang='lat' dir='ltr'><strong>Visioncm</strong></span> <span class='ocrx_word' id='word_1_163' title='bbox 512 1395 603 1418; x_wconf 79' lang='lat' dir='ltr'><strong>alitem</strong></span> <span class='ocrx_word' id='word_1_164' title='bbox 618 1391 745 1422; x_wconf 82' lang='lat' dir='ltr'><strong>intuitus,</strong></span> <span class='ocrx_word' id='word_1_165' title='bbox 762 1390 927 1417; x_wconf 85' lang='lat' dir='ltr'><strong>vaticinatus</strong></span> <span class='ocrx_word' id='word_1_166' title='bbox 942 1395 982 1417; x_wconf 85' lang='lat' dir='ltr'><strong>est</strong></span> <span class='ocrx_word' id='word_1_167' title='bbox 994 1389 1043 1415; x_wconf 82' lang='lat' dir='ltr'><strong>ad-</strong></span> 
     </span>
    </p>
   </div>
   <div class='ocr_carea' id='block_1_28' title="bbox 253 1435 1043 1464">
    <p class='ocr_par' dir='ltr' id='par_1_28' title="bbox 253 1435 1043 1464">
     <span class='ocr_line' id='line_1_28' title="bbox 253 1435 1043 1464; baseline -0.001 -1"><span class='ocrx_word' id='word_1_168' title='bbox 253 1444 351 1464; x_wconf 84' lang='lat' dir='ltr'><strong>versus</strong></span> <span class='ocrx_word' id='word_1_169' title='bbox 381 1436 502 1463; x_wconf 72' lang='lat' dir='ltr'><strong>Judteam</strong></span> <span class='ocrx_word' id='word_1_170' title='bbox 532 1441 558 1463; x_wconf 91' lang='lat' dir='ltr'><strong>et</strong></span> <span class='ocrx_word' id='word_1_171' title='bbox 584 1435 767 1463; x_wconf 85' lang='lat' dir='ltr'><strong>Hierusalem.</strong></span> <span class='ocrx_word' id='word_1_172' title='bbox 789 1435 889 1463; x_wconf 87' lang='lat' dir='ltr'><strong>Factus</strong></span> <span class='ocrx_word' id='word_1_173' title='bbox 919 1440 962 1463; x_wconf 82' lang='lat' dir='ltr'><strong>est</strong></span> <span class='ocrx_word' id='word_1_174' title='bbox 978 1443 1043 1463; x_wconf 80' lang='lat' dir='ltr'><strong>vero</strong></span> 
     </span>
    </p>
   </div>
   <div class='ocr_carea' id='block_1_29' title="bbox 253 1482 1042 1518">
    <p class='ocr_par' dir='ltr' id='par_1_29' title="bbox 253 1482 1042 1518">
     <span class='ocr_line' id='line_1_29' title="bbox 253 1482 1042 1518; baseline -0.001 -8"><span class='ocrx_word' id='word_1_175' title='bbox 253 1490 346 1510; x_wconf 86' lang='lat' dir='ltr'><strong>sermo</strong></span> <span class='ocrx_word' id='word_1_176' title='bbox 361 1482 470 1510; x_wconf 91' lang='lat' dir='ltr'><strong>Domini</strong></span> <span class='ocrx_word' id='word_1_177' title='bbox 487 1482 521 1509; x_wconf 90' lang='lat' dir='ltr'><strong>ad</strong></span> <span class='ocrx_word' id='word_1_178' title='bbox 541 1483 630 1517; x_wconf 90' lang='lat' dir='ltr'><strong>ipsum</strong></span> <span class='ocrx_word' id='word_1_179' title='bbox 647 1483 774 1517; x_wconf 87' lang='lat' dir='ltr'><strong>bonaque</strong></span> <span class='ocrx_word' id='word_1_180' title='bbox 790 1483 876 1517; x_wconf 77' lang='lat' dir='ltr'><strong>ipsius</strong></span> <span class='ocrx_word' id='word_1_181' title='bbox 893 1483 1042 1518; x_wconf 64' lang='lat' dir='ltr'><strong>prophetixe</strong></span> 
     </span>
    </p>
   </div>
   <div class='ocr_carea' id='block_1_30' title="bbox 255 1528 1042 1564">
    <p class='ocr_par' dir='ltr' id='par_1_30' title="bbox 255 1528 1042 1564">
     <span class='ocr_line' id='line_1_30' title="bbox 255 1528 1042 1564; baseline 0.003 -10"><span class='ocrx_word' id='word_1_182' title='bbox 255 1536 319 1564; x_wconf 83' lang='lat' dir='ltr'><strong>pars</strong></span> <span class='ocrx_word' id='word_1_183' title='bbox 336 1528 450 1555; x_wconf 86' lang='lat' dir='ltr'><strong>nuntius</strong></span> <span class='ocrx_word' id='word_1_184' title='bbox 459 1532 500 1556; x_wconf 80' lang='lat' dir='ltr'><strong>est</strong></span> <span class='ocrx_word' id='word_1_185' title='bbox 516 1528 628 1563; x_wconf 90' lang='lat' dir='ltr'><strong>quidam</strong></span> <span class='ocrx_word' id='word_1_186' title='bbox 644 1528 677 1556; x_wconf 90' lang='lat' dir='ltr'><strong>de</strong></span> <span class='ocrx_word' id='word_1_187' title='bbox 692 1528 772 1556; x_wconf 84' lang='lat' dir='ltr'><strong>Verbi</strong></span> <span class='ocrx_word' id='word_1_188' title='bbox 786 1529 832 1556; x_wconf 88' lang='lat' dir='ltr'><strong>Dei</strong></span> <span class='ocrx_word' id='word_1_189' title='bbox 846 1529 976 1560; x_wconf 78' lang='lat' dir='ltr'><strong>adventu,</strong></span> <span class='ocrx_word' id='word_1_190' title='bbox 995 1529 1042 1556; x_wconf 88' lang='lat' dir='ltr'><strong>de-</strong></span> 
     </span>
    </p>
   </div>
   <div class='ocr_carea' id='block_1_31' title="bbox 1094 295 1874 332">
    <p class='ocr_par' dir='ltr' id='par_1_31' title="bbox 1094 295 1874 332">
     <span class='ocr_line' id='line_1_31' title="bbox 1094 295 1874 332; baseline -0.004 -9"><span class='ocrx_word' id='word_1_191' title='bbox 1094 297 1140 323; x_wconf 71' lang='grc' dir='ltr'><strong>καὶ</strong></span> <span class='ocrx_word' id='word_1_192' title='bbox 1157 297 1221 332; x_wconf 76' lang='grc' dir='ltr'>περὶ</span> <span class='ocrx_word' id='word_1_193' title='bbox 1236 298 1285 332; x_wconf 80' lang='grc' dir='ltr'>τῆς</span> <span class='ocrx_word' id='word_1_194' title='bbox 1301 295 1490 332; x_wconf 79' lang='grc' dir='ltr'>παρελεύσεως</span> <span class='ocrx_word' id='word_1_195' title='bbox 1506 295 1561 321; x_wconf 83' lang='grc' dir='ltr'><strong>τῶν</strong></span> <span class='ocrx_word' id='word_1_196' title='bbox 1576 295 1670 327; x_wconf 83' lang='grc' dir='ltr'><strong>σκιῶν,</strong></span> <span class='ocrx_word' id='word_1_197' title='bbox 1687 299 1735 322; x_wconf 74' lang='grc' dir='ltr'>καὶ</span> <span class='ocrx_word' id='word_1_198' title='bbox 1751 295 1815 329; x_wconf 73' lang='grc' dir='ltr'>περὶ</span> <span class='ocrx_word' id='word_1_199' title='bbox 1831 295 1874 329; x_wconf 76' lang='grc' dir='ltr'>τῆς</span> 
     </span>
    </p>
   </div>
   <div class='ocr_carea' id='block_1_32' title="bbox 1093 342 1394 378">
    <p class='ocr_par' dir='ltr' id='par_1_32' title="bbox 1093 342 1394 378">
     <span class='ocr_line' id='line_1_32' title="bbox 1093 342 1394 378; baseline -0.003 -9"><span class='ocrx_word' id='word_1_200' title='bbox 1093 343 1215 378; x_wconf 82' lang='grc' dir='ltr'><strong>κλήσεως</strong></span> <span class='ocrx_word' id='word_1_201' title='bbox 1234 342 1287 369; x_wconf 85' lang='grc' dir='ltr'><strong>τῶν</strong></span> <span class='ocrx_word' id='word_1_202' title='bbox 1302 342 1394 369; x_wconf 84' lang='grc' dir='ltr'><strong>ἐθνῶν.</strong></span> 
     </span>
    </p>
   </div>
   <div class='ocr_carea' id='block_1_33' title="bbox 1246 386 1722 417">
    <p class='ocr_par' dir='ltr' id='par_1_33' title="bbox 1246 386 1722 417">
     <span class='ocr_line' id='line_1_33' title="bbox 1246 386 1722 417; baseline 0.002 -4"><span class='ocrx_word' id='word_1_203' title='bbox 1246 387 1415 414; x_wconf 72' lang='grc' dir='ltr'><strong>ΖΑΧΑΡῙΑΣ</strong></span> <span class='ocrx_word' id='word_1_204' title='bbox 1435 387 1514 414; x_wconf 82' lang='grc' dir='ltr'><strong>ΥΙΟΣ</strong></span> <span class='ocrx_word' id='word_1_205' title='bbox 1532 386 1651 417; x_wconf 77' lang='grc' dir='ltr'><strong>ΣΑΔΔΩ.</strong></span> <span class='ocrx_word' id='word_1_206' title='bbox 1671 387 1722 414; x_wconf 79' lang='lat' dir='ltr'><strong>IA’.</strong></span> 
     </span>
    </p>
   </div>
   <div class='ocr_carea' id='block_1_34' title="bbox 1129 431 1873 470">
    <p class='ocr_par' dir='ltr' id='par_1_34' title="bbox 1129 431 1873 470">
     <span class='ocr_line' id='line_1_34' title="bbox 1129 431 1873 470; baseline 0 -10"><span class='ocrx_word' id='word_1_207' title='bbox 1129 434 1184 461; x_wconf 69' lang='grc' dir='ltr'>Καὶ</span> <span class='ocrx_word' id='word_1_208' title='bbox 1200 431 1275 465; x_wconf 70' lang='grc' dir='ltr'>οὗτος</span> <span class='ocrx_word' id='word_1_209' title='bbox 1291 433 1329 469; x_wconf 83' lang='grc' dir='ltr'>τῷ</span> <span class='ocrx_word' id='word_1_210' title='bbox 1351 434 1469 470; x_wconf 82' lang='grc' dir='ltr'><strong>δευτέρῳ</strong></span> <span class='ocrx_word' id='word_1_211' title='bbox 1491 433 1545 460; x_wconf 76' lang='grc' dir='ltr'>ἔτει</span> <span class='ocrx_word' id='word_1_212' title='bbox 1567 433 1679 469; x_wconf 77' lang='grc' dir='ltr'><strong>Δαρείου</strong></span> <span class='ocrx_word' id='word_1_213' title='bbox 1701 432 1873 469; x_wconf 70' lang='grc' dir='ltr'><strong>προφητεύει.</strong></span> 
     </span>
    </p>
   </div>
   <div class='ocr_carea' id='block_1_35' title="bbox 1101 479 1875 516">
    <p class='ocr_par' dir='ltr' id='par_1_35' title="bbox 1101 479 1875 516">
     <span class='ocr_line' id='line_1_35' title="bbox 1101 479 1875 516; baseline -0.003 -9"><span class='ocrx_word' id='word_1_214' title='bbox 1101 480 1180 507; x_wconf 83' lang='grc' dir='ltr'>Ἀλλὰ</span> <span class='ocrx_word' id='word_1_215' title='bbox 1202 480 1240 516; x_wconf 84' lang='grc' dir='ltr'>τῷ</span> <span class='ocrx_word' id='word_1_216' title='bbox 1261 481 1345 516; x_wconf 80' lang='grc' dir='ltr'>ὀγδόῳ</span> <span class='ocrx_word' id='word_1_217' title='bbox 1368 481 1433 516; x_wconf 74' lang='grc' dir='ltr'><strong>μηνὶ</strong></span> <span class='ocrx_word' id='word_1_218' title='bbox 1454 480 1531 514; x_wconf 79' lang='grc' dir='ltr'>λόγος</span> <span class='ocrx_word' id='word_1_219' title='bbox 1556 479 1658 516; x_wconf 79' lang='grc' dir='ltr'>Κυρίου</span> <span class='ocrx_word' id='word_1_220' title='bbox 1681 479 1788 513; x_wconf 77' lang='grc' dir='ltr'>ἐγένετο</span> <span class='ocrx_word' id='word_1_221' title='bbox 1813 479 1875 515; x_wconf 73' lang='grc' dir='ltr'>πρὸς</span> 
     </span>
    </p>
   </div>
   <div class='ocr_carea' id='block_1_36' title="bbox 1095 525 1876 562">
    <p class='ocr_par' dir='ltr' id='par_1_36' title="bbox 1095 525 1876 562">
     <span class='ocr_line' id='line_1_36' title="bbox 1095 525 1876 562; baseline -0.005 -8"><span class='ocrx_word' id='word_1_222' title='bbox 1095 527 1185 559; x_wconf 78' lang='grc' dir='ltr'>αὑτὸν,</span> <span class='ocrx_word' id='word_1_223' title='bbox 1201 527 1248 553; x_wconf 77' lang='grc' dir='ltr'><strong>καὶ</strong></span> <span class='ocrx_word' id='word_1_224' title='bbox 1261 526 1374 561; x_wconf 76' lang='grc' dir='ltr'>ἄγγελος</span> <span class='ocrx_word' id='word_1_225' title='bbox 1389 526 1491 562; x_wconf 80' lang='grc' dir='ltr'><strong>Κυρίου</strong></span> <span class='ocrx_word' id='word_1_226' title='bbox 1503 526 1591 554; x_wconf 81' lang='grc' dir='ltr'>ἐλάλει</span> <span class='ocrx_word' id='word_1_227' title='bbox 1607 526 1635 552; x_wconf 83' lang='grc' dir='ltr'>ὲν</span> <span class='ocrx_word' id='word_1_228' title='bbox 1652 525 1736 560; x_wconf 78' lang='grc' dir='ltr'>αὐτῷ,</span> <span class='ocrx_word' id='word_1_229' title='bbox 1750 525 1797 552; x_wconf 72' lang='grc' dir='ltr'>καὶ</span> <span class='ocrx_word' id='word_1_230' title='bbox 1816 533 1876 560; x_wconf 84' lang='grc' dir='ltr'>προ-</span> 
     </span>
    </p>
   </div>
   <div class='ocr_carea' id='block_1_37' title="bbox 1095 571 1874 608">
    <p class='ocr_par' dir='ltr' id='par_1_37' title="bbox 1095 571 1874 608">
     <span class='ocr_line' id='line_1_37' title="bbox 1095 571 1874 608; baseline 0 -10"><span class='ocrx_word' id='word_1_231' title='bbox 1095 571 1206 607; x_wconf 77' lang='grc' dir='ltr'>φητεύει</span> <span class='ocrx_word' id='word_1_232' title='bbox 1223 572 1291 607; x_wconf 79' lang='grc' dir='ltr'>πρὸς</span> <span class='ocrx_word' id='word_1_233' title='bbox 1312 572 1535 608; x_wconf 69' lang='grc' dir='ltr'>τοὺςπατέρας,</span> <span class='ocrx_word' id='word_1_234' title='bbox 1556 572 1602 598; x_wconf 77' lang='grc' dir='ltr'>καὶ</span> <span class='ocrx_word' id='word_1_235' title='bbox 1622 572 1672 607; x_wconf 86' lang='grc' dir='ltr'>τὴν</span> <span class='ocrx_word' id='word_1_236' title='bbox 1694 571 1874 607; x_wconf 79' lang='grc' dir='ltr'>Ἰερουσαλήμ.</span> 
     </span>
    </p>
   </div>
   <div class='ocr_carea' id='block_1_38' title="bbox 1095 617 1876 653">
    <p class='ocr_par' dir='ltr' id='par_1_38' title="bbox 1095 617 1876 653">
     <span class='ocr_line' id='line_1_38' title="bbox 1095 617 1876 653; baseline 0.001 -10"><span class='ocrx_word' id='word_1_237' title='bbox 1095 617 1199 649; x_wconf 78' lang='grc' dir='ltr'>Πολλὰς</span> <span class='ocrx_word' id='word_1_238' title='bbox 1215 617 1243 644; x_wconf 80' lang='grc' dir='ltr'>δὲ</span> <span class='ocrx_word' id='word_1_239' title='bbox 1257 618 1303 644; x_wconf 76' lang='grc' dir='ltr'><strong>καὶ</strong></span> <span class='ocrx_word' id='word_1_240' title='bbox 1324 617 1448 649; x_wconf 79' lang='grc' dir='ltr'>ποικίλας</span> <span class='ocrx_word' id='word_1_241' title='bbox 1468 617 1577 653; x_wconf 77' lang='grc' dir='ltr'><strong>ὁράσεις</strong></span> <span class='ocrx_word' id='word_1_242' title='bbox 1591 617 1695 653; x_wconf 81' lang='grc' dir='ltr'>βλέπει,</span> <span class='ocrx_word' id='word_1_243' title='bbox 1710 619 1756 644; x_wconf 77' lang='grc' dir='ltr'>καὶ</span> <span class='ocrx_word' id='word_1_244' title='bbox 1773 626 1876 653; x_wconf 67' lang='grc' dir='ltr'>προφη-</span> 
     </span>
    </p>
   </div>
   <div class='ocr_carea' id='block_1_39' title="bbox 1095 662 1877 699">
    <p class='ocr_par' dir='ltr' id='par_1_39' title="bbox 1095 662 1877 699">
     <span class='ocr_line' id='line_1_39' title="bbox 1095 662 1877 699; baseline 0.001 -10"><span class='ocrx_word' id='word_1_245' title='bbox 1095 662 1167 689; x_wconf 76' lang='grc' dir='ltr'>τεύει</span> <span class='ocrx_word' id='word_1_246' title='bbox 1183 662 1247 698; x_wconf 77' lang='grc' dir='ltr'>περὶ</span> <span class='ocrx_word' id='word_1_247' title='bbox 1266 663 1311 690; x_wconf 83' lang='grc' dir='ltr'>τοῦ</span> <span class='ocrx_word' id='word_1_248' title='bbox 1329 663 1454 699; x_wconf 82' lang='grc' dir='ltr'><strong>Σωτῆρος</strong></span> <span class='ocrx_word' id='word_1_249' title='bbox 1470 663 1515 692; x_wconf 81' lang='grc' dir='ltr'><strong>διὰ</strong></span> <span class='ocrx_word' id='word_1_250' title='bbox 1532 663 1655 694; x_wconf 84' lang='grc' dir='ltr'>πολλῶν,</span> <span class='ocrx_word' id='word_1_251' title='bbox 1673 664 1720 690; x_wconf 74' lang='grc' dir='ltr'><strong>καὶ</strong></span> <span class='ocrx_word' id='word_1_252' title='bbox 1742 664 1877 699; x_wconf 72' lang='grc' dir='ltr'><strong>σημαίνων</strong></span> 
     </span>
    </p>
   </div>
   <div class='ocr_carea' id='block_1_40' title="bbox 1095 708 1801 744">
    <p class='ocr_par' dir='ltr' id='par_1_40' title="bbox 1095 708 1801 744">
     <span class='ocr_line' id='line_1_40' title="bbox 1095 708 1801 744; baseline 0.003 -9"><span class='ocrx_word' id='word_1_253' title='bbox 1095 709 1175 736; x_wconf 73' lang='grc' dir='ltr'>αὐτὸν</span> <span class='ocrx_word' id='word_1_254' title='bbox 1187 708 1315 744; x_wconf 78' lang='grc' dir='ltr'>ἔρχεσθαι</span> <span class='ocrx_word' id='word_1_255' title='bbox 1331 709 1376 736; x_wconf 78' lang='grc' dir='ltr'><strong>ἐπὶ</strong></span> <span class='ocrx_word' id='word_1_256' title='bbox 1394 709 1452 736; x_wconf 80' lang='grc' dir='ltr'>ὕνον</span> <span class='ocrx_word' id='word_1_257' title='bbox 1468 710 1515 736; x_wconf 79' lang='grc' dir='ltr'>καὶ</span> <span class='ocrx_word' id='word_1_258' title='bbox 1532 709 1624 736; x_wconf 85' lang='grc' dir='ltr'>πῶλον</span> <span class='ocrx_word' id='word_1_259' title='bbox 1640 709 1801 744; x_wconf 74' lang='grc' dir='ltr'>ὑποζυγίου.</span> 
     </span>
    </p>
   </div>
   <div class='ocr_carea' id='block_1_41' title="bbox 1356 756 1620 788">
    <p class='ocr_par' dir='ltr' id='par_1_41' title="bbox 1356 756 1620 788">
     <span class='ocr_line' id='line_1_41' title="bbox 1356 756 1620 788; baseline 0.004 -6"><span class='ocrx_word' id='word_1_260' title='bbox 1356 756 1536 783; x_wconf 79' lang='grc' dir='ltr'><strong>ΜΑΛΑΧΙΔΣ</strong></span> <span class='ocrx_word' id='word_1_261' title='bbox 1546 776 1553 788; x_wconf 92' lang='grc'><strong>,</strong></span> <span class='ocrx_word' id='word_1_262' title='bbox 1571 756 1620 783; x_wconf 84' lang='lat' dir='ltr'><strong>lB’.</strong></span> 
     </span>
    </p>
   </div>
   <div class='ocr_carea' id='block_1_42' title="bbox 1129 796 1879 837">
    <p class='ocr_par' dir='ltr' id='par_1_42' title="bbox 1129 796 1879 837">
     <span class='ocr_line' id='line_1_42' title="bbox 1129 796 1879 837; baseline 0 -9"><span class='ocrx_word' id='word_1_263' title='bbox 1129 801 1184 828; x_wconf 80' lang='grc' dir='ltr'><strong>Καὶ</strong></span> <span class='ocrx_word' id='word_1_264' title='bbox 1209 796 1286 832; x_wconf 64' lang='grc' dir='ltr'>οὗτος</span> <span class='ocrx_word' id='word_1_265' title='bbox 1315 801 1384 836; x_wconf 81' lang='grc' dir='ltr'>μετὰ</span> <span class='ocrx_word' id='word_1_266' title='bbox 1410 801 1459 837; x_wconf 82' lang='grc' dir='ltr'>τὴν</span> <span class='ocrx_word' id='word_1_267' title='bbox 1487 802 1676 837; x_wconf 79' lang='grc' dir='ltr'><strong>αἰχμαλωσίαν</strong></span> <span class='ocrx_word' id='word_1_268' title='bbox 1701 801 1813 836; x_wconf 84' lang='grc' dir='ltr'>γέγονεν</span> <span class='ocrx_word' id='word_1_269' title='bbox 1837 801 1879 828; x_wconf 76' lang='grc' dir='ltr'><strong>ἐπὶ</strong></span> 
     </span>
    </p>
   </div>
   <div class='ocr_carea' id='block_1_43' title="bbox 1094 846 1878 885">
    <p class='ocr_par' dir='ltr' id='par_1_43' title="bbox 1094 846 1878 885">
     <span class='ocr_line' id='line_1_43' title="bbox 1094 846 1878 885; baseline 0.003 -12"><span class='ocrx_word' id='word_1_270' title='bbox 1094 846 1205 883; x_wconf 80' lang='grc' dir='ltr'><strong>Δαρείου</strong></span> <span class='ocrx_word' id='word_1_271' title='bbox 1249 847 1346 883; x_wconf 80' lang='grc' dir='ltr'>λῆμμα</span> <span class='ocrx_word' id='word_1_272' title='bbox 1361 848 1389 874; x_wconf 75' lang='grc' dir='ltr'>δὲ</span> <span class='ocrx_word' id='word_1_273' title='bbox 1403 848 1482 882; x_wconf 76' lang='grc' dir='ltr'>λόγου</span> <span class='ocrx_word' id='word_1_274' title='bbox 1504 849 1606 884; x_wconf 78' lang='grc' dir='ltr'>Κυρίου</span> <span class='ocrx_word' id='word_1_275' title='bbox 1627 851 1656 876; x_wconf 84' lang='grc' dir='ltr'><strong>ὲν</strong></span> <span class='ocrx_word' id='word_1_276' title='bbox 1670 850 1742 885; x_wconf 79' lang='grc' dir='ltr'>χειρὶ</span> <span class='ocrx_word' id='word_1_277' title='bbox 1766 849 1878 883; x_wconf 80' lang='grc' dir='ltr'>ἀγγέλου</span> 
     </span>
    </p>
   </div>
   <div class='ocr_carea' id='block_1_44' title="bbox 1096 892 1880 929">
    <p class='ocr_par' dir='ltr' id='par_1_44' title="bbox 1096 892 1880 929">
     <span class='ocr_line' id='line_1_44' title="bbox 1096 892 1880 929; baseline 0.004 -11"><span class='ocrx_word' id='word_1_278' title='bbox 1096 892 1176 918; x_wconf 78' lang='grc' dir='ltr'>αὐτοῦ</span> <span class='ocrx_word' id='word_1_279' title='bbox 1198 892 1245 919; x_wconf 78' lang='grc' dir='ltr'><strong>ἐπὶ</strong></span> <span class='ocrx_word' id='word_1_280' title='bbox 1258 893 1304 919; x_wconf 81' lang='grc' dir='ltr'>τὸν</span> <span class='ocrx_word' id='word_1_281' title='bbox 1323 893 1431 929; x_wconf 80' lang='grc' dir='ltr'>Ἰσραὴλ</span> <span class='ocrx_word' id='word_1_282' title='bbox 1446 894 1621 929; x_wconf 79' lang='grc' dir='ltr'>προφητεύει.</span> <span class='ocrx_word' id='word_1_283' title='bbox 1645 894 1784 926; x_wconf 81' lang='grc' dir='ltr'>Ὀνειδίζει</span> <span class='ocrx_word' id='word_1_284' title='bbox 1797 895 1824 921; x_wconf 79' lang='grc' dir='ltr'>δὲ</span> <span class='ocrx_word' id='word_1_285' title='bbox 1837 893 1880 921; x_wconf 79' lang='grc' dir='ltr'><strong>τὸν</strong></span> 
     </span>
    </p>
   </div>
   <div class='ocr_carea' id='block_1_45' title="bbox 1100 938 1880 977">
    <p class='ocr_par' dir='ltr' id='par_1_45' title="bbox 1100 938 1880 977">
     <span class='ocr_line' id='line_1_45' title="bbox 1100 938 1880 977; baseline 0.003 -13"><span class='ocrx_word' id='word_1_286' title='bbox 1100 938 1207 973; x_wconf 75' lang='grc' dir='ltr'>Ἰσραὴλ</span> <span class='ocrx_word' id='word_1_287' title='bbox 1222 939 1267 965; x_wconf 73' lang='grc' dir='ltr'>ἐπὶ</span> <span class='ocrx_word' id='word_1_288' title='bbox 1281 940 1340 971; x_wconf 82' lang='grc' dir='ltr'>ταῖς</span> <span class='ocrx_word' id='word_1_289' title='bbox 1356 939 1527 975; x_wconf 76' lang='grc' dir='ltr'>παραϐάσεσι</span> <span class='ocrx_word' id='word_1_290' title='bbox 1537 960 1545 972; x_wconf 90' lang='grc'><strong>,</strong></span> <span class='ocrx_word' id='word_1_291' title='bbox 1568 940 1616 966; x_wconf 80' lang='grc' dir='ltr'><strong>καὶ</strong></span> <span class='ocrx_word' id='word_1_292' title='bbox 1628 941 1765 976; x_wconf 66' lang='grc' dir='ltr'>μέμφεται</span> <span class='ocrx_word' id='word_1_293' title='bbox 1782 941 1828 967; x_wconf 76' lang='grc' dir='ltr'><strong>ἐπὶ</strong></span> <span class='ocrx_word' id='word_1_294' title='bbox 1848 942 1880 977; x_wconf 76' lang='grc' dir='ltr'>τῇ</span> 
     </span>
    </p>
   </div>
   <div class='ocr_carea' id='block_1_46' title="bbox 1094 984 1880 1022">
    <p class='ocr_par' dir='ltr' id='par_1_46' title="bbox 1094 984 1880 1022">
     <span class='ocr_line' id='line_1_46' title="bbox 1094 984 1880 1022; baseline 0.001 -11"><span class='ocrx_word' id='word_1_295' title='bbox 1094 984 1208 1021; x_wconf 80' lang='grc' dir='ltr'>ἀμελείᾳ</span> <span class='ocrx_word' id='word_1_296' title='bbox 1219 984 1274 1011; x_wconf 82' lang='grc' dir='ltr'><strong>τῶν</strong></span> <span class='ocrx_word' id='word_1_297' title='bbox 1287 985 1407 1012; x_wconf 83' lang='grc' dir='ltr'>δεκάτων</span> <span class='ocrx_word' id='word_1_298' title='bbox 1417 1006 1424 1017; x_wconf 89' lang='grc'><strong>,</strong></span> <span class='ocrx_word' id='word_1_299' title='bbox 1442 987 1489 1013; x_wconf 52' lang='grc' dir='ltr'><strong>καί¹</strong></span> <span class='ocrx_word' id='word_1_300' title='bbox 1513 986 1563 1021; x_wconf 79' lang='grc' dir='ltr'>τῆς</span> <span class='ocrx_word' id='word_1_301' title='bbox 1579 986 1648 1022; x_wconf 77' lang='grc' dir='ltr'>πρὸς</span> <span class='ocrx_word' id='word_1_302' title='bbox 1670 986 1733 1016; x_wconf 75' lang='grc' dir='ltr'>τοὺς</span> <span class='ocrx_word' id='word_1_303' title='bbox 1759 987 1880 1021; x_wconf 74' lang='grc' dir='ltr'>πτωχοὺς</span> 
     </span>
    </p>
   </div>
   <div class='ocr_carea' id='block_1_47' title="bbox 1093 1030 1879 1068">
    <p class='ocr_par' dir='ltr' id='par_1_47' title="bbox 1093 1030 1879 1068">
     <span class='ocr_line' id='line_1_47' title="bbox 1093 1030 1879 1068; baseline 0.001 -11"><span class='ocrx_word' id='word_1_304' title='bbox 1093 1030 1244 1062; x_wconf 74' lang='grc' dir='ltr'><strong>κοινωνίας·</strong></span> <span class='ocrx_word' id='word_1_305' title='bbox 1266 1031 1431 1067; x_wconf 80' lang='grc' dir='ltr'><strong>προφητεύει</strong></span> <span class='ocrx_word' id='word_1_306' title='bbox 1447 1031 1475 1058; x_wconf 83' lang='grc' dir='ltr'>δὲ</span> <span class='ocrx_word' id='word_1_307' title='bbox 1493 1032 1556 1067; x_wconf 70' lang='grc' dir='ltr'>περὶ</span> <span class='ocrx_word' id='word_1_308' title='bbox 1567 1031 1616 1066; x_wconf 82' lang='grc' dir='ltr'>τῆς</span> <span class='ocrx_word' id='word_1_309' title='bbox 1637 1031 1742 1068; x_wconf 80' lang='grc' dir='ltr'>ἡμέρας</span> <span class='ocrx_word' id='word_1_310' title='bbox 1757 1032 1806 1066; x_wconf 81' lang='grc' dir='ltr'>τῆς</span> <span class='ocrx_word' id='word_1_311' title='bbox 1821 1031 1879 1067; x_wconf 87' lang='grc' dir='ltr'>κρί-</span> 
     </span>
    </p>
   </div>
   <div class='ocr_carea' id='block_1_48' title="bbox 1095 1077 1882 1114">
    <p class='ocr_par' dir='ltr' id='par_1_48' title="bbox 1095 1077 1882 1114">
     <span class='ocr_line' id='line_1_48' title="bbox 1095 1077 1882 1114; baseline 0 -10"><span class='ocrx_word' id='word_1_312' title='bbox 1095 1086 1180 1109; x_wconf 85' lang='grc' dir='ltr'>σεως,</span> <span class='ocrx_word' id='word_1_313' title='bbox 1203 1078 1250 1105; x_wconf 70' lang='grc' dir='ltr'>καὶ</span> <span class='ocrx_word' id='word_1_314' title='bbox 1272 1077 1322 1113; x_wconf 81' lang='grc' dir='ltr'>τῆς</span> <span class='ocrx_word' id='word_1_315' title='bbox 1347 1078 1394 1104; x_wconf 82' lang='grc' dir='ltr'><strong>τοῦ</strong></span> <span class='ocrx_word' id='word_1_316' title='bbox 1411 1078 1536 1114; x_wconf 77' lang='grc' dir='ltr'><strong>Σωτῆρος</strong></span> <span class='ocrx_word' id='word_1_317' title='bbox 1553 1078 1742 1114; x_wconf 56' lang='grc' dir='ltr'>ὲπιλάμψεως,</span> <span class='ocrx_word' id='word_1_318' title='bbox 1762 1079 1809 1105; x_wconf 68' lang='grc' dir='ltr'><strong>καὶ</strong></span> <span class='ocrx_word' id='word_1_319' title='bbox 1832 1078 1882 1114; x_wconf 73' lang='grc' dir='ltr'>πρὸ</span> 
     </span>
    </p>
   </div>
   <div class='ocr_carea' id='block_1_49' title="bbox 1093 1124 1880 1160">
    <p class='ocr_par' dir='ltr' id='par_1_49' title="bbox 1093 1124 1880 1160">
     <span class='ocr_line' id='line_1_49' title="bbox 1093 1124 1880 1160; baseline 0.001 -10"><span class='ocrx_word' id='word_1_320' title='bbox 1093 1125 1142 1159; x_wconf 80' lang='grc' dir='ltr'>τῆς</span> <span class='ocrx_word' id='word_1_321' title='bbox 1155 1124 1304 1159; x_wconf 79' lang='grc' dir='ltr'>παρουσίας</span> <span class='ocrx_word' id='word_1_322' title='bbox 1313 1124 1359 1151; x_wconf 79' lang='grc' dir='ltr'>τοῦ</span> <span class='ocrx_word' id='word_1_323' title='bbox 1373 1125 1497 1160; x_wconf 79' lang='grc' dir='ltr'>Σωτῆρος</span> <span class='ocrx_word' id='word_1_324' title='bbox 1511 1125 1721 1151; x_wconf 71' lang='grc' dir='ltr'>ἀποστέλλεσθαι</span> <span class='ocrx_word' id='word_1_325' title='bbox 1734 1125 1779 1150; x_wconf 83' lang='grc' dir='ltr'>τὸν</span> <span class='ocrx_word' id='word_1_326' title='bbox 1792 1124 1880 1151; x_wconf 81' lang='grc' dir='ltr'>Ἠλίαν</span> 
     </span>
    </p>
   </div>
   <div class='ocr_carea' id='block_1_50' title="bbox 1095 1170 1233 1204">
    <p class='ocr_par' dir='ltr' id='par_1_50' title="bbox 1095 1170 1233 1204">
     <span class='ocr_line' id='line_1_50' title="bbox 1095 1170 1233 1204; baseline 0 -8"><span class='ocrx_word' id='word_1_327' title='bbox 1095 1170 1233 1204; x_wconf 71' lang='grc' dir='ltr'>σημαίνει.</span> 
     </span>
    </p>
   </div>
   <div class='ocr_carea' id='block_1_51' title="bbox 1315 1216 1659 1242">
    <p class='ocr_par' dir='ltr' id='par_1_51' title="bbox 1315 1216 1659 1242">
     <span class='ocr_line' id='line_1_51' title="bbox 1315 1216 1659 1242; baseline 0.003 -1"><span class='ocrx_word' id='word_1_328' title='bbox 1315 1216 1439 1242; x_wconf 71' lang='grc' dir='ltr'><strong>ΗΣΑΙΑΣ</strong></span> <span class='ocrx_word' id='word_1_329' title='bbox 1458 1216 1536 1242; x_wconf 82' lang='grc' dir='ltr'><strong>ΥῐΟΣ</strong></span> <span class='ocrx_word' id='word_1_330' title='bbox 1555 1216 1659 1242; x_wconf 82' lang='grc' dir='ltr'><strong>ΑΜΩΣ.</strong></span> 
     </span>
    </p>
   </div>
   <div class='ocr_carea' id='block_1_52' title="bbox 1131 1257 1883 1297">
    <p class='ocr_par' dir='ltr' id='par_1_52' title="bbox 1131 1257 1883 1297">
     <span class='ocr_line' id='line_1_52' title="bbox 1131 1257 1883 1297; baseline 0 -10"><span class='ocrx_word' id='word_1_331' title='bbox 1131 1257 1214 1292; x_wconf 69' lang='grc' dir='ltr'>Οὗτος</span> <span class='ocrx_word' id='word_1_332' title='bbox 1231 1260 1279 1287; x_wconf 74' lang='grc' dir='ltr'>καὶ</span> <span class='ocrx_word' id='word_1_333' title='bbox 1302 1261 1397 1296; x_wconf 80' lang='grc' dir='ltr'>Ὠσηὲ,</span> <span class='ocrx_word' id='word_1_334' title='bbox 1419 1260 1490 1288; x_wconf 81' lang='grc' dir='ltr'>καθὰ</span> <span class='ocrx_word' id='word_1_335' title='bbox 1515 1263 1662 1297; x_wconf 80' lang='grc' dir='ltr'>προεῖπον,</span> <span class='ocrx_word' id='word_1_336' title='bbox 1684 1261 1883 1296; x_wconf 83' lang='grc' dir='ltr'>συνεχρόνησαν</span> 
     </span>
    </p>
   </div>
   <div class='ocr_carea' id='block_1_53' title="bbox 1094 1304 1883 1342">
    <p class='ocr_par' dir='ltr' id='par_1_53' title="bbox 1094 1304 1883 1342">
     <span class='ocr_line' id='line_1_53' title="bbox 1094 1304 1883 1342; baseline 0 -9"><span class='ocrx_word' id='word_1_337' title='bbox 1094 1307 1236 1342; x_wconf 74' lang='grc' dir='ltr'>ἀλλήλοιςν</span> <span class='ocrx_word' id='word_1_338' title='bbox 1256 1307 1303 1333; x_wconf 73' lang='grc' dir='ltr'>καὶ</span> <span class='ocrx_word' id='word_1_339' title='bbox 1323 1307 1377 1342; x_wconf 86' lang='grc' dir='ltr'><strong>γὰρ</strong></span> <span class='ocrx_word' id='word_1_340' title='bbox 1402 1307 1448 1334; x_wconf 77' lang='grc' dir='ltr'>καὶ</span> <span class='ocrx_word' id='word_1_341' title='bbox 1465 1304 1541 1339; x_wconf 74' lang='grc' dir='ltr'>οὗτος</span> <span class='ocrx_word' id='word_1_342' title='bbox 1561 1307 1607 1334; x_wconf 67' lang='grc' dir='ltr'><strong>ἐπὶ</strong></span> <span class='ocrx_word' id='word_1_343' title='bbox 1625 1307 1723 1340; x_wconf 76' lang='grc' dir='ltr'>Ὀζίου,</span> <span class='ocrx_word' id='word_1_344' title='bbox 1744 1307 1789 1333; x_wconf 75' lang='grc' dir='ltr'><strong>καὶ</strong></span> <span class='ocrx_word' id='word_1_345' title='bbox 1813 1307 1883 1333; x_wconf 83' lang='grc' dir='ltr'>Ἰωα-</span> 
     </span>
    </p>
   </div>
   <div class='ocr_carea' id='block_1_54' title="bbox 1095 1352 1882 1388">
    <p class='ocr_par' dir='ltr' id='par_1_54' title="bbox 1095 1352 1882 1388">
     <span class='ocr_line' id='line_1_54' title="bbox 1095 1352 1882 1388; baseline 0 -9"><span class='ocrx_word' id='word_1_346' title='bbox 1095 1352 1160 1388; x_wconf 73' lang='grc' dir='ltr'>Οὰμ,</span> <span class='ocrx_word' id='word_1_347' title='bbox 1175 1353 1223 1379; x_wconf 73' lang='grc' dir='ltr'>καὶ</span> <span class='ocrx_word' id='word_1_348' title='bbox 1240 1352 1322 1387; x_wconf 79' lang='grc' dir='ltr'><strong>’Λχὰζ</strong></span> <span class='ocrx_word' id='word_1_349' title='bbox 1332 1373 1338 1385; x_wconf 87' lang='grc'><strong>,</strong></span> <span class='ocrx_word' id='word_1_350' title='bbox 1356 1353 1404 1379; x_wconf 77' lang='grc' dir='ltr'>καὶ</span> <span class='ocrx_word' id='word_1_351' title='bbox 1424 1353 1543 1388; x_wconf 78' lang='grc' dir='ltr'>Ἐζεχίου</span> <span class='ocrx_word' id='word_1_352' title='bbox 1567 1353 1697 1388; x_wconf 83' lang='grc' dir='ltr'>βασιλέων</span> <span class='ocrx_word' id='word_1_353' title='bbox 1717 1353 1817 1385; x_wconf 79' lang='grc' dir='ltr'>Ἰούδα,</span> <span class='ocrx_word' id='word_1_354' title='bbox 1837 1352 1882 1386; x_wconf 81' lang='grc' dir='ltr'><strong>γέ-</strong></span> 
     </span>
    </p>
   </div>
   <div class='ocr_carea' id='block_1_55' title="bbox 1094 1397 1883 1434">
    <p class='ocr_par' dir='ltr' id='par_1_55' title="bbox 1094 1397 1883 1434">
     <span class='ocr_line' id='line_1_55' title="bbox 1094 1397 1883 1434; baseline 0.001 -10"><span class='ocrx_word' id='word_1_355' title='bbox 1094 1407 1189 1432; x_wconf 88' lang='grc' dir='ltr'>γονεν·</span> <span class='ocrx_word' id='word_1_356' title='bbox 1208 1398 1303 1433; x_wconf 80' lang='grc' dir='ltr'>ὅρασιν</span> <span class='ocrx_word' id='word_1_357' title='bbox 1327 1398 1355 1425; x_wconf 84' lang='grc' dir='ltr'>δὲ</span> <span class='ocrx_word' id='word_1_358' title='bbox 1381 1397 1510 1433; x_wconf 81' lang='grc' dir='ltr'>ἑωρακὼς</span> <span class='ocrx_word' id='word_1_359' title='bbox 1550 1398 1715 1434; x_wconf 70' lang='grc' dir='ltr'>προφητεύει</span> <span class='ocrx_word' id='word_1_360' title='bbox 1741 1399 1813 1425; x_wconf 77' lang='grc' dir='ltr'>κατὰ</span> <span class='ocrx_word' id='word_1_361' title='bbox 1834 1399 1883 1433; x_wconf 73' lang='grc' dir='ltr'>τῆς</span> 
     </span>
    </p>
   </div>
   <div class='ocr_carea' id='block_1_56' title="bbox 1100 1443 1884 1480">
    <p class='ocr_par' dir='ltr' id='par_1_56' title="bbox 1100 1443 1884 1480">
     <span class='ocr_line' id='line_1_56' title="bbox 1100 1443 1884 1480; baseline 0 -10"><span class='ocrx_word' id='word_1_362' title='bbox 1100 1444 1239 1475; x_wconf 84' lang='grc' dir='ltr'>Ἰουδαίας,</span> <span class='ocrx_word' id='word_1_363' title='bbox 1256 1444 1302 1471; x_wconf 76' lang='grc' dir='ltr'>καὶ</span> <span class='ocrx_word' id='word_1_364' title='bbox 1320 1443 1390 1471; x_wconf 82' lang='grc' dir='ltr'>κατὰ</span> <span class='ocrx_word' id='word_1_365' title='bbox 1411 1444 1596 1480; x_wconf 81' lang='grc' dir='ltr'>Ἰερουσαλήμ.</span> <span class='ocrx_word' id='word_1_366' title='bbox 1620 1445 1674 1471; x_wconf 81' lang='grc' dir='ltr'><strong>Καὶ</strong></span> <span class='ocrx_word' id='word_1_367' title='bbox 1693 1444 1772 1478; x_wconf 82' lang='grc' dir='ltr'>λόγος</span> <span class='ocrx_word' id='word_1_368' title='bbox 1783 1444 1812 1471; x_wconf 82' lang='grc' dir='ltr'>δὲ</span> <span class='ocrx_word' id='word_1_369' title='bbox 1830 1445 1884 1470; x_wconf 87' lang='grc' dir='ltr'>Κυ-</span> 
     </span>
    </p>
   </div>
   <div class='ocr_carea' id='block_1_57' title="bbox 1097 1490 1883 1526">
    <p class='ocr_par' dir='ltr' id='par_1_57' title="bbox 1097 1490 1883 1526">
     <span class='ocr_line' id='line_1_57' title="bbox 1097 1490 1883 1526; baseline 0 -10"><span class='ocrx_word' id='word_1_370' title='bbox 1097 1490 1152 1526; x_wconf 86' lang='grc' dir='ltr'>ρίου</span> <span class='ocrx_word' id='word_1_371' title='bbox 1170 1490 1238 1526; x_wconf 83' lang='grc' dir='ltr'>πρὺς</span> <span class='ocrx_word' id='word_1_372' title='bbox 1256 1490 1337 1516; x_wconf 78' lang='grc' dir='ltr'>αὐτὸν</span> <span class='ocrx_word' id='word_1_373' title='bbox 1355 1490 1468 1524; x_wconf 77' lang='grc' dir='ltr'>γέγονε·</span> <span class='ocrx_word' id='word_1_374' title='bbox 1489 1490 1535 1517; x_wconf 77' lang='grc' dir='ltr'><strong>καὶ</strong></span> <span class='ocrx_word' id='word_1_375' title='bbox 1556 1490 1586 1516; x_wconf 82' lang='grc' dir='ltr'>τὸ</span> <span class='ocrx_word' id='word_1_376' title='bbox 1604 1490 1728 1517; x_wconf 84' lang='grc' dir='ltr'>πλεῖστον</span> <span class='ocrx_word' id='word_1_377' title='bbox 1747 1490 1796 1525; x_wconf 82' lang='grc' dir='ltr'>τῆς</span> <span class='ocrx_word' id='word_1_378' title='bbox 1816 1497 1883 1526; x_wconf 85' lang='grc' dir='ltr'>προ-</span> 
     </span>
    </p>
   </div>
   <div class='ocr_carea' id='block_1_58' title="bbox 1095 1535 1883 1572">
    <p class='ocr_par' dir='ltr' id='par_1_58' title="bbox 1095 1535 1883 1572">
     <span class='ocr_line' id='line_1_58' title="bbox 1095 1535 1883 1572; baseline -0.003 -10"><span class='ocrx_word' id='word_1_379' title='bbox 1095 1535 1208 1571; x_wconf 77' lang='grc' dir='ltr'>φητείας</span> <span class='ocrx_word' id='word_1_380' title='bbox 1225 1536 1307 1562; x_wconf 84' lang='grc' dir='ltr'>αὐτοῦ</span> <span class='ocrx_word' id='word_1_381' title='bbox 1334 1537 1408 1562; x_wconf 76' lang='grc' dir='ltr'>ἐστιν</span> <span class='ocrx_word' id='word_1_382' title='bbox 1425 1535 1571 1570; x_wconf 83' lang='grc' dir='ltr'>εὐαγγελία</span> <span class='ocrx_word' id='word_1_383' title='bbox 1598 1537 1660 1572; x_wconf 76' lang='grc' dir='ltr'>περὶ</span> <span class='ocrx_word' id='word_1_384' title='bbox 1678 1536 1728 1570; x_wconf 75' lang='grc' dir='ltr'>τῆς</span> <span class='ocrx_word' id='word_1_385' title='bbox 1750 1535 1883 1570; x_wconf 81' lang='grc' dir='ltr'>ὲνσάρκου</span> 
     </span>
    </p>
   </div>
   <div class='ocr_carea' id='block_1_59' title="bbox 253 1574 1042 1618">
    <p class='ocr_par' dir='ltr' id='par_1_59' title="bbox 253 1574 1042 1610">
     <span class='ocr_line' id='line_1_59' title="bbox 253 1574 1042 1610; baseline 0.001 -9"><span class='ocrx_word' id='word_1_386' title='bbox 253 1582 308 1609; x_wconf 83' lang='lat' dir='ltr'><strong>que</strong></span> <span class='ocrx_word' id='word_1_387' title='bbox 326 1574 359 1600; x_wconf 89' lang='lat' dir='ltr'><strong>iis</strong></span> <span class='ocrx_word' id='word_1_388' title='bbox 377 1582 437 1609; x_wconf 66' lang='lat' dir='ltr'><strong>quae</strong></span> <span class='ocrx_word' id='word_1_389' title='bbox 447 1579 543 1602; x_wconf 91' lang='lat' dir='ltr'><strong>nostro</strong></span> <span class='ocrx_word' id='word_1_390' title='bbox 559 1575 670 1602; x_wconf 89' lang='lat' dir='ltr'><strong>nomine</strong></span> <span class='ocrx_word' id='word_1_391' title='bbox 686 1583 784 1610; x_wconf 77' lang='lat' dir='ltr'><strong>passus</strong></span> <span class='ocrx_word' id='word_1_392' title='bbox 800 1580 852 1603; x_wconf 89' lang='lat' dir='ltr'><strong>est.</strong></span> <span class='ocrx_word' id='word_1_393' title='bbox 871 1574 1042 1603; x_wconf 80' lang='lat' dir='ltr'><strong>V&#39;aticiuatur</strong></span> 
     </span>
    </p>
   </div>
   <div class='ocr_carea' id='block_1_60' title="bbox 1095 1574 1884 1618">
    <p class='ocr_par' dir='ltr' id='par_1_60' title="bbox 1097 1578 1884 1617">
     <span class='ocr_line' id='line_1_60' title="bbox 1097 1578 1884 1617; baseline -0.001 -9"><span class='ocrx_word' id='word_1_394' title='bbox 1097 1582 1246 1617; x_wconf 81' lang='grc' dir='ltr'>παρουσίας</span> <span class='ocrx_word' id='word_1_395' title='bbox 1261 1581 1308 1608; x_wconf 80' lang='grc' dir='ltr'>τοῦ</span> <span class='ocrx_word' id='word_1_396' title='bbox 1334 1582 1420 1616; x_wconf 83' lang='grc' dir='ltr'>Λόγου</span> <span class='ocrx_word' id='word_1_397' title='bbox 1438 1581 1485 1608; x_wconf 72' lang='grc' dir='ltr'><strong>τοῦ</strong></span> <span class='ocrx_word' id='word_1_398' title='bbox 1501 1582 1582 1613; x_wconf 79' lang='grc' dir='ltr'>Θεοῦ,</span> <span class='ocrx_word' id='word_1_399' title='bbox 1604 1582 1650 1608; x_wconf 76' lang='grc' dir='ltr'>καὶ</span> <span class='ocrx_word' id='word_1_400' title='bbox 1668 1578 1706 1608; x_wconf 86' lang='grc' dir='ltr'>ὧν</span> <span class='ocrx_word' id='word_1_401' title='bbox 1720 1581 1753 1609; x_wconf 84' lang='grc' dir='ltr'><strong>ἂν</strong></span> <span class='ocrx_word' id='word_1_402' title='bbox 1776 1580 1884 1614; x_wconf 77' lang='grc' dir='ltr'>ἐδέξατο</span> 
     </span>
    </p>
   </div>
   <div class='ocr_carea' id='block_1_61' title="bbox 254 1618 1024 1656">
    <p class='ocr_par' dir='ltr' id='par_1_61' title="bbox 254 1618 1024 1656">
     <span class='ocr_line' id='line_1_61' title="bbox 254 1618 1024 1656; baseline 0.004 -11"><span class='ocrx_word' id='word_1_403' title='bbox 254 1623 345 1646; x_wconf 87' lang='lat' dir='ltr'><strong>autem</strong></span> <span class='ocrx_word' id='word_1_404' title='bbox 359 1618 394 1646; x_wconf 87' lang='lat' dir='ltr'><strong>de</strong></span> <span class='ocrx_word' id='word_1_405' title='bbox 409 1619 538 1653; x_wconf 77' lang='lat' dir='ltr'><strong>gentibus</strong></span> <span class='ocrx_word' id='word_1_406' title='bbox 561 1627 623 1654; x_wconf 66' lang='lat' dir='ltr'><strong>quae</strong></span> <span class='ocrx_word' id='word_1_407' title='bbox 645 1623 798 1656; x_wconf 80' lang='lat' dir='ltr'><strong>sequuntur</strong></span> <span class='ocrx_word' id='word_1_408' title='bbox 815 1630 821 1647; x_wconf 70' lang='grc' dir='ltr'>ς</span> <span class='ocrx_word' id='word_1_409' title='bbox 840 1620 972 1648; x_wconf 87' lang='lat' dir='ltr'><strong>adversus</strong></span> <span class='ocrx_word' id='word_1_410' title='bbox 989 1621 1024 1648; x_wconf 83' lang='lat' dir='ltr'><strong>Da</strong></span> 
     </span>
    </p>
   </div>
   <div class='ocr_carea' id='block_1_62' title="bbox 252 1664 1040 1700">
    <p class='ocr_par' dir='ltr' id='par_1_62' title="bbox 252 1664 1040 1700">
     <span class='ocr_line' id='line_1_62' title="bbox 252 1664 1040 1700; baseline 0.001 -8"><span class='ocrx_word' id='word_1_411' title='bbox 252 1664 393 1699; x_wconf 79' lang='lat' dir='ltr'><strong>hylonem;</strong></span> <span class='ocrx_word' id='word_1_412' title='bbox 405 1664 432 1692; x_wconf 86' lang='lat' dir='ltr'><strong>in</strong></span> <span class='ocrx_word' id='word_1_413' title='bbox 444 1664 620 1700; x_wconf 77' lang='lat' dir='ltr'><strong>alienigenas,</strong></span> <span class='ocrx_word' id='word_1_414' title='bbox 637 1669 664 1693; x_wconf 86' lang='lat' dir='ltr'><strong>et</strong></span> <span class='ocrx_word' id='word_1_415' title='bbox 676 1665 809 1694; x_wconf 69' lang='lat' dir='ltr'><strong>advErsus</strong></span> <span class='ocrx_word' id='word_1_416' title='bbox 824 1666 999 1698; x_wconf 81' lang='lat' dir='ltr'><strong>Damascum,</strong></span> <span class='ocrx_word' id='word_1_417' title='bbox 1014 1667 1040 1693; x_wconf 90' lang='lat' dir='ltr'><strong>in</strong></span> 
     </span>
    </p>
   </div>
   <div class='ocr_carea' id='block_1_63' title="bbox 255 1709 1042 1747">
    <p class='ocr_par' dir='ltr' id='par_1_63' title="bbox 255 1709 1042 1747">
     <span class='ocr_line' id='line_1_63' title="bbox 255 1709 1042 1747; baseline 0.003 -11"><span class='ocrx_word' id='word_1_418' title='bbox 255 1709 414 1745; x_wconf 63' lang='lat' dir='ltr'><strong>Egyptum,</strong></span> <span class='ocrx_word' id='word_1_419' title='bbox 438 1710 466 1737; x_wconf 93' lang='lat' dir='ltr'><strong>in</strong></span> <span class='ocrx_word' id='word_1_420' title='bbox 487 1709 646 1742; x_wconf 66' lang='lat' dir='ltr'><strong>ldummam,</strong></span> <span class='ocrx_word' id='word_1_421' title='bbox 670 1710 697 1737; x_wconf 91' lang='lat' dir='ltr'><strong>in</strong></span> <span class='ocrx_word' id='word_1_422' title='bbox 717 1711 814 1738; x_wconf 86' lang='lat' dir='ltr'><strong>vallem</strong></span> <span class='ocrx_word' id='word_1_423' title='bbox 832 1711 934 1743; x_wconf 89' lang='lat' dir='ltr'><strong>Sionis,</strong></span> <span class='ocrx_word' id='word_1_424' title='bbox 952 1712 979 1738; x_wconf 92' lang='lat' dir='ltr'><strong>in</strong></span> <span class='ocrx_word' id='word_1_425' title='bbox 993 1712 1042 1747; x_wconf 88' lang='lat' dir='ltr'><strong>Ty-</strong></span> 
     </span>
    </p>
   </div>
   <div class='ocr_carea' id='block_1_64' title="bbox 252 1757 1042 1794">
    <p class='ocr_par' dir='ltr' id='par_1_64' title="bbox 252 1757 1042 1794">
     <span class='ocr_line' id='line_1_64' title="bbox 252 1757 1042 1794; baseline 0.003 -11"><span class='ocrx_word' id='word_1_426' title='bbox 252 1764 326 1789; x_wconf 89' lang='lat' dir='ltr'><strong>rum,</strong></span> <span class='ocrx_word' id='word_1_427' title='bbox 344 1760 406 1791; x_wconf 87' lang='lat' dir='ltr'><strong>post</strong></span> <span class='ocrx_word' id='word_1_428' title='bbox 426 1764 488 1791; x_wconf 70' lang='lat' dir='ltr'><strong>quae</strong></span> <span class='ocrx_word' id='word_1_429' title='bbox 504 1757 631 1792; x_wconf 86' lang='lat' dir='ltr'><strong>sequitur</strong></span> <span class='ocrx_word' id='word_1_430' title='bbox 645 1757 716 1785; x_wconf 76' lang='lat' dir='ltr'><strong>visio</strong></span> <span class='ocrx_word' id='word_1_431' title='bbox 733 1758 952 1794; x_wconf 84' lang='lat' dir='ltr'><strong>quadrupedum,</strong></span> <span class='ocrx_word' id='word_1_432' title='bbox 982 1766 1042 1793; x_wconf 65' lang='lat' dir='ltr'><strong>quae</strong></span> 
     </span>
    </p>
   </div>
   <div class='ocr_carea' id='block_1_65' title="bbox 254 1803 1042 1840">
    <p class='ocr_par' dir='ltr' id='par_1_65' title="bbox 254 1803 1042 1840">
     <span class='ocr_line' id='line_1_65' title="bbox 254 1803 1042 1840; baseline 0.004 -11"><span class='ocrx_word' id='word_1_433' title='bbox 254 1807 319 1830; x_wconf 90' lang='lat' dir='ltr'><strong>sunt</strong></span> <span class='ocrx_word' id='word_1_434' title='bbox 334 1803 360 1830; x_wconf 91' lang='lat' dir='ltr'><strong>in</strong></span> <span class='ocrx_word' id='word_1_435' title='bbox 381 1811 484 1831; x_wconf 89' lang='lat' dir='ltr'><strong>eremo.</strong></span> <span class='ocrx_word' id='word_1_436' title='bbox 506 1803 606 1830; x_wconf 80' lang='lat' dir='ltr'><strong>Narrat</strong></span> <span class='ocrx_word' id='word_1_437' title='bbox 621 1808 647 1832; x_wconf 91' lang='lat' dir='ltr'><strong>et</strong></span> <span class='ocrx_word' id='word_1_438' title='bbox 667 1804 864 1832; x_wconf 85' lang='lat' dir='ltr'><strong>Sennacherim</strong></span> <span class='ocrx_word' id='word_1_439' title='bbox 889 1805 1042 1840; x_wconf 81' lang='lat' dir='ltr'><strong>expeditio-</strong></span> 
     </span>
    </p>
   </div>
   <div class='ocr_carea' id='block_1_66' title="bbox 253 1850 1041 1887">
    <p class='ocr_par' dir='ltr' id='par_1_66' title="bbox 253 1850 1041 1887">
     <span class='ocr_line' id='line_1_66' title="bbox 253 1850 1041 1887; baseline 0.004 -11"><span class='ocrx_word' id='word_1_440' title='bbox 253 1857 326 1881; x_wconf 86' lang='lat' dir='ltr'><strong>nem,</strong></span> <span class='ocrx_word' id='word_1_441' title='bbox 349 1853 376 1876; x_wconf 86' lang='lat' dir='ltr'><strong>et</strong></span> <span class='ocrx_word' id='word_1_442' title='bbox 394 1851 524 1885; x_wconf 70' lang='lat' dir='ltr'><strong>Rapsacae</strong></span> <span class='ocrx_word' id='word_1_443' title='bbox 543 1850 734 1885; x_wconf 84' lang='lat' dir='ltr'><strong>jactationem,</strong></span> <span class='ocrx_word' id='word_1_444' title='bbox 751 1851 979 1887; x_wconf 82' lang='lat' dir='ltr'><strong>excidionemque</strong></span> <span class='ocrx_word' id='word_1_445' title='bbox 993 1860 1041 1880; x_wconf 84' lang='lat' dir='ltr'><strong>eo—</strong></span> 
     </span>
    </p>
   </div>
   <div class='ocr_carea' id='block_1_67' title="bbox 253 1894 1043 1932">
    <p class='ocr_par' dir='ltr' id='par_1_67' title="bbox 253 1894 1043 1932">
     <span class='ocr_line' id='line_1_67' title="bbox 253 1894 1043 1932; baseline 0.003 -10"><span class='ocrx_word' id='word_1_446' title='bbox 253 1902 324 1924; x_wconf 83' lang='lat' dir='ltr'><strong>rum,</strong></span> <span class='ocrx_word' id='word_1_447' title='bbox 341 1898 368 1922; x_wconf 89' lang='lat' dir='ltr'><strong>et</strong></span> <span class='ocrx_word' id='word_1_448' title='bbox 383 1894 534 1922; x_wconf 87' lang='lat' dir='ltr'><strong>interitum.</strong></span> <span class='ocrx_word' id='word_1_449' title='bbox 544 1895 661 1922; x_wconf 81' lang='lat' dir='ltr'><strong>Additet</strong></span> <span class='ocrx_word' id='word_1_450' title='bbox 673 1895 794 1923; x_wconf 72' lang='lat' dir='ltr'><strong>Ezechia:</strong></span> <span class='ocrx_word' id='word_1_451' title='bbox 811 1897 946 1929; x_wconf 89' lang='lat' dir='ltr'><strong>morbum,</strong></span> <span class='ocrx_word' id='word_1_452' title='bbox 958 1901 1043 1932; x_wconf 86' lang='lat' dir='ltr'><strong>utque</strong></span> 
     </span>
    </p>
   </div>
   <div class='ocr_carea' id='block_1_68' title="bbox 254 1939 1041 1977">
    <p class='ocr_par' dir='ltr' id='par_1_68' title="bbox 254 1939 1041 1977">
     <span class='ocr_line' id='line_1_68' title="bbox 254 1939 1041 1977; baseline 0.006 -13"><span class='ocrx_word' id='word_1_453' title='bbox 254 1939 335 1965; x_wconf 87' lang='lat' dir='ltr'><strong>morti</strong></span> <span class='ocrx_word' id='word_1_454' title='bbox 356 1939 508 1973; x_wconf 75' lang='lat' dir='ltr'><strong>proximus,</strong></span> <span class='ocrx_word' id='word_1_455' title='bbox 525 1939 594 1967; x_wconf 84' lang='lat' dir='ltr'><strong>fusis</strong></span> <span class='ocrx_word' id='word_1_456' title='bbox 611 1940 645 1967; x_wconf 90' lang='lat' dir='ltr'><strong>ad</strong></span> <span class='ocrx_word' id='word_1_457' title='bbox 661 1939 746 1968; x_wconf 88' lang='lat' dir='ltr'><strong>Deum</strong></span> <span class='ocrx_word' id='word_1_458' title='bbox 758 1941 898 1976; x_wconf 83' lang='lat' dir='ltr'><strong>precibus,</strong></span> <span class='ocrx_word' id='word_1_459' title='bbox 916 1942 943 1969; x_wconf 93' lang='lat' dir='ltr'><strong>in</strong></span> <span class='ocrx_word' id='word_1_460' title='bbox 959 1943 1041 1977; x_wconf 86' lang='lat' dir='ltr'><strong>quin-</strong></span> 
     </span>
    </p>
   </div>
   <div class='ocr_carea' id='block_1_69' title="bbox 256 1986 1041 2023">
    <p class='ocr_par' dir='ltr' id='par_1_69' title="bbox 256 1986 1041 2023">
     <span class='ocr_line' id='line_1_69' title="bbox 256 1986 1041 2023; baseline 0.003 -12"><span class='ocrx_word' id='word_1_461' title='bbox 256 1986 343 2016; x_wconf 68' lang='lat' dir='ltr'><strong>decim</strong></span> <span class='ocrx_word' id='word_1_462' title='bbox 372 1993 460 2013; x_wconf 90' lang='lat' dir='ltr'><strong>annos</strong></span> <span class='ocrx_word' id='word_1_463' title='bbox 471 1986 533 2013; x_wconf 79' lang='lat' dir='ltr'><strong>viwe</strong></span> <span class='ocrx_word' id='word_1_464' title='bbox 557 1986 610 2013; x_wconf 90' lang='lat' dir='ltr'><strong>sibi</strong></span> <span class='ocrx_word' id='word_1_465' title='bbox 625 1987 847 2021; x_wconf 81' lang='lat' dir='ltr'><strong>prorogationem</strong></span> <span class='ocrx_word' id='word_1_466' title='bbox 874 1987 1041 2023; x_wconf 80' lang='lat' dir='ltr'><strong>impetravit.</strong></span> 
     </span>
    </p>
   </div>
   <div class='ocr_carea' id='block_1_70' title="bbox 257 2031 1041 2068">
    <p class='ocr_par' dir='ltr' id='par_1_70' title="bbox 257 2031 1041 2068">
     <span class='ocr_line' id='line_1_70' title="bbox 257 2031 1041 2068; baseline 0.004 -10"><span class='ocrx_word' id='word_1_467' title='bbox 257 2031 428 2059; x_wconf 71' lang='lat' dir='ltr'><strong>Vaticinatur</strong></span> <span class='ocrx_word' id='word_1_468' title='bbox 444 2039 526 2067; x_wconf 82' lang='lat' dir='ltr'><strong>porro</strong></span> <span class='ocrx_word' id='word_1_469' title='bbox 541 2032 688 2065; x_wconf 85' lang='lat' dir='ltr'><strong>eunuchis,</strong></span> <span class='ocrx_word' id='word_1_470' title='bbox 702 2036 729 2060; x_wconf 89' lang='lat' dir='ltr'><strong>et</strong></span> <span class='ocrx_word' id='word_1_471' title='bbox 750 2033 888 2068; x_wconf 76' lang='lat' dir='ltr'><strong>gentibus,</strong></span> <span class='ocrx_word' id='word_1_472' title='bbox 905 2033 997 2061; x_wconf 86' lang='lat' dir='ltr'><strong>addito</strong></span> <span class='ocrx_word' id='word_1_473' title='bbox 1008 2034 1041 2061; x_wconf 90' lang='lat' dir='ltr'><strong>ad</strong></span> 
     </span>
    </p>
   </div>
   <div class='ocr_carea' id='block_1_71' title="bbox 256 2077 529 2111">
    <p class='ocr_par' dir='ltr' id='par_1_71' title="bbox 256 2077 529 2111">
     <span class='ocr_line' id='line_1_71' title="bbox 256 2077 529 2111; baseline 0 -6"><span class='ocrx_word' id='word_1_474' title='bbox 256 2078 336 2106; x_wconf 77' lang='lat' dir='ltr'><strong>tinem</strong></span> <span class='ocrx_word' id='word_1_475' title='bbox 351 2077 403 2105; x_wconf 92' lang='lat' dir='ltr'><strong>diei</strong></span> <span class='ocrx_word' id='word_1_476' title='bbox 415 2077 529 2111; x_wconf 87' lang='lat' dir='ltr'><strong>judicio.</strong></span> 
     </span>
    </p>
   </div>
   <div class='ocr_carea' id='block_1_72' title="bbox 393 2123 903 2156">
    <p class='ocr_par' dir='ltr' id='par_1_72' title="bbox 393 2123 903 2156">
     <span class='ocr_line' id='line_1_72' title="bbox 393 2123 903 2156; baseline 0.006 -7"><span class='ocrx_word' id='word_1_477' title='bbox 393 2123 580 2151; x_wconf 69' lang='lat' dir='ltr'><strong>HIEIIEMIAS</strong></span> <span class='ocrx_word' id='word_1_478' title='bbox 598 2123 758 2151; x_wconf 76' lang='lat' dir='ltr'><strong>CHELCI/E</strong></span> <span class='ocrx_word' id='word_1_479' title='bbox 778 2123 903 2156; x_wconf 86' lang='lat' dir='ltr'><strong>FILIUS,</strong></span> 
     </span>
    </p>
   </div>
   <div class='ocr_carea' id='block_1_73' title="bbox 529 2169 756 2197">
    <p class='ocr_par' dir='ltr' id='par_1_73' title="bbox 529 2169 756 2197">
     <span class='ocr_line' id='line_1_73' title="bbox 529 2169 756 2197; baseline 0 -1"><span class='ocrx_word' id='word_1_480' title='bbox 529 2169 553 2196; x_wconf 85' lang='lat' dir='ltr'><em>E</em></span> <span class='ocrx_word' id='word_1_481' title='bbox 567 2170 756 2197; x_wconf 71' lang='lat' dir='ltr'><strong>sacerdotibus.</strong></span> 
     </span>
    </p>
   </div>
   <div class='ocr_carea' id='block_1_74' title="bbox 289 2215 1042 2251">
    <p class='ocr_par' dir='ltr' id='par_1_74' title="bbox 289 2215 1042 2251">
     <span class='ocr_line' id='line_1_74' title="bbox 289 2215 1042 2251; baseline 0.003 -9"><span class='ocrx_word' id='word_1_482' title='bbox 289 2215 353 2248; x_wconf 90' lang='lat' dir='ltr'><strong>lste,</strong></span> <span class='ocrx_word' id='word_1_483' title='bbox 368 2215 441 2250; x_wconf 90' lang='lat' dir='ltr'><strong>quod</strong></span> <span class='ocrx_word' id='word_1_484' title='bbox 455 2215 530 2250; x_wconf 91' lang='lat' dir='ltr'><strong>prius</strong></span> <span class='ocrx_word' id='word_1_485' title='bbox 548 2215 615 2249; x_wconf 80' lang='lat' dir='ltr'><strong>dixi,</strong></span> <span class='ocrx_word' id='word_1_486' title='bbox 632 2220 659 2243; x_wconf 85' lang='lat' dir='ltr'><strong>et</strong></span> <span class='ocrx_word' id='word_1_487' title='bbox 674 2215 841 2251; x_wconf 88' lang='lat' dir='ltr'><strong>Sophonias,</strong></span> <span class='ocrx_word' id='word_1_488' title='bbox 855 2216 951 2244; x_wconf 76' lang='lat' dir='ltr'><strong>iisdem</strong></span> <span class='ocrx_word' id='word_1_489' title='bbox 967 2217 1042 2244; x_wconf 82' lang='lat' dir='ltr'><strong>vixe-</strong></span> 
     </span>
    </p>
   </div>
   <div class='ocr_carea' id='block_1_75' title="bbox 1096 1625 1882 1662">
    <p class='ocr_par' dir='ltr' id='par_1_75' title="bbox 1096 1625 1882 1662">
     <span class='ocr_line' id='line_1_75' title="bbox 1096 1625 1882 1662; baseline -0.001 -9"><span class='ocrx_word' id='word_1_490' title='bbox 1096 1626 1128 1653; x_wconf 59' lang='lat' dir='ltr'><strong>av</strong></span> <span class='ocrx_word' id='word_1_491' title='bbox 1145 1627 1218 1662; x_wconf 80' lang='grc' dir='ltr'><strong>ἡμᾶς</strong></span> <span class='ocrx_word' id='word_1_492' title='bbox 1237 1626 1340 1653; x_wconf 60' lang='grc' dir='ltr'>παθεῖν.</span> <span class='ocrx_word' id='word_1_493' title='bbox 1356 1626 1523 1662; x_wconf 68' lang='grc' dir='ltr'>[Ιροιξητεύει</span> <span class='ocrx_word' id='word_1_494' title='bbox 1536 1627 1564 1654; x_wconf 82' lang='grc' dir='ltr'>δὲ</span> <span class='ocrx_word' id='word_1_495' title='bbox 1580 1628 1625 1653; x_wconf 71' lang='grc' dir='ltr'>καὶ</span> <span class='ocrx_word' id='word_1_496' title='bbox 1639 1628 1685 1653; x_wconf 71' lang='grc' dir='ltr'><strong>ἐπὶ</strong></span> <span class='ocrx_word' id='word_1_497' title='bbox 1701 1626 1765 1661; x_wconf 76' lang='grc' dir='ltr'><strong>ἔθνη</strong></span> <span class='ocrx_word' id='word_1_498' title='bbox 1778 1625 1865 1652; x_wconf 78' lang='grc' dir='ltr'>ταῦτα</span> <span class='ocrx_word' id='word_1_499' title='bbox 1875 1634 1882 1641; x_wconf 91' lang='grc'><strong>·</strong></span> 
     </span>
    </p>
   </div>
   <div class='ocr_carea' id='block_1_76' title="bbox 1097 1672 1884 1707">
    <p class='ocr_par' dir='ltr' id='par_1_76' title="bbox 1097 1672 1884 1707">
     <span class='ocr_line' id='line_1_76' title="bbox 1097 1672 1884 1707; baseline -0.001 -7"><span class='ocrx_word' id='word_1_500' title='bbox 1097 1674 1166 1700; x_wconf 67' lang='grc' dir='ltr'>κατὰ</span> <span class='ocrx_word' id='word_1_501' title='bbox 1192 1673 1351 1705; x_wconf 78' lang='grc' dir='ltr'>Βαϐυλῶνος</span> <span class='ocrx_word' id='word_1_502' title='bbox 1363 1694 1370 1706; x_wconf 87' lang='grc'><strong>,</strong></span> <span class='ocrx_word' id='word_1_503' title='bbox 1393 1674 1439 1700; x_wconf 64' lang='grc' dir='ltr'><strong>ἐπὶ</strong></span> <span class='ocrx_word' id='word_1_504' title='bbox 1459 1674 1523 1705; x_wconf 77' lang='grc' dir='ltr'>τοὺς</span> <span class='ocrx_word' id='word_1_505' title='bbox 1542 1673 1722 1707; x_wconf 82' lang='grc' dir='ltr'>ἀλλοφύλους,</span> <span class='ocrx_word' id='word_1_506' title='bbox 1744 1672 1816 1700; x_wconf 78' lang='grc' dir='ltr'>κατὰ</span> <span class='ocrx_word' id='word_1_507' title='bbox 1833 1675 1884 1699; x_wconf 81' lang='grc' dir='ltr'>Δα-</span> 
     </span>
    </p>
   </div>
   <div class='ocr_carea' id='block_1_77' title="bbox 1099 1719 1882 1755">
    <p class='ocr_par' dir='ltr' id='par_1_77' title="bbox 1099 1719 1882 1755">
     <span class='ocr_line' id='line_1_77' title="bbox 1099 1719 1882 1755; baseline -0.001 -10"><span class='ocrx_word' id='word_1_508' title='bbox 1099 1719 1215 1754; x_wconf 77' lang='grc' dir='ltr'>μασκοῦ,</span> <span class='ocrx_word' id='word_1_509' title='bbox 1233 1720 1328 1755; x_wconf 82' lang='grc' dir='ltr'>ὅρασιν</span> <span class='ocrx_word' id='word_1_510' title='bbox 1350 1719 1505 1755; x_wconf 76' lang='grc' dir='ltr'>Αἰγύπτου,</span> <span class='ocrx_word' id='word_1_511' title='bbox 1530 1721 1622 1755; x_wconf 82' lang='grc' dir='ltr'>ὅραμα</span> <span class='ocrx_word' id='word_1_512' title='bbox 1643 1719 1693 1754; x_wconf 75' lang='grc' dir='ltr'>τῆς</span> <span class='ocrx_word' id='word_1_513' title='bbox 1714 1719 1882 1754; x_wconf 78' lang='grc' dir='ltr'>Ἰδουμαίας,</span> 
     </span>
    </p>
   </div>
   <div class='ocr_carea' id='block_1_78' title="bbox 1095 1765 1884 1802">
    <p class='ocr_par' dir='ltr' id='par_1_78' title="bbox 1095 1765 1884 1802">
     <span class='ocr_line' id='line_1_78' title="bbox 1095 1765 1884 1802; baseline -0.003 -9"><span class='ocrx_word' id='word_1_514' title='bbox 1095 1766 1186 1802; x_wconf 82' lang='grc' dir='ltr'>ὅραμα</span> <span class='ocrx_word' id='word_1_515' title='bbox 1204 1767 1254 1802; x_wconf 81' lang='grc' dir='ltr'>τῆς</span> <span class='ocrx_word' id='word_1_516' title='bbox 1275 1767 1416 1801; x_wconf 85' lang='grc' dir='ltr'>φάραγγος</span> <span class='ocrx_word' id='word_1_517' title='bbox 1441 1765 1527 1798; x_wconf 87' lang='grc' dir='ltr'>Σιὼν,</span> <span class='ocrx_word' id='word_1_518' title='bbox 1556 1767 1647 1802; x_wconf 80' lang='grc' dir='ltr'>ὅραμα</span> <span class='ocrx_word' id='word_1_519' title='bbox 1662 1765 1769 1801; x_wconf 80' lang='grc' dir='ltr'>Τύρου,</span> <span class='ocrx_word' id='word_1_520' title='bbox 1791 1766 1884 1800; x_wconf 78' lang='grc' dir='ltr'>ὅρασιν</span> 
     </span>
    </p>
   </div>
   <div class='ocr_carea' id='block_1_79' title="bbox 1096 1811 1885 1849">
    <p class='ocr_par' dir='ltr' id='par_1_79' title="bbox 1096 1811 1885 1849">
     <span class='ocr_line' id='line_1_79' title="bbox 1096 1811 1885 1849; baseline -0.004 -9"><span class='ocrx_word' id='word_1_521' title='bbox 1096 1813 1150 1840; x_wconf 81' lang='grc' dir='ltr'><strong>τῶν</strong></span> <span class='ocrx_word' id='word_1_522' title='bbox 1163 1813 1335 1849; x_wconf 79' lang='grc' dir='ltr'>τετραπόδων</span> <span class='ocrx_word' id='word_1_523' title='bbox 1357 1813 1410 1840; x_wconf 88' lang='grc' dir='ltr'><strong>τῶν</strong></span> <span class='ocrx_word' id='word_1_524' title='bbox 1421 1814 1449 1839; x_wconf 81' lang='grc' dir='ltr'>ὲν</span> <span class='ocrx_word' id='word_1_525' title='bbox 1464 1814 1498 1849; x_wconf 80' lang='grc' dir='ltr'>τῇ</span> <span class='ocrx_word' id='word_1_526' title='bbox 1517 1813 1624 1848; x_wconf 73' lang='grc' dir='ltr'><strong>ἐρήμῳ.</strong></span> <span class='ocrx_word' id='word_1_527' title='bbox 1638 1813 1778 1847; x_wconf 80' lang='grc' dir='ltr'>Διηγεῖται</span> <span class='ocrx_word' id='word_1_528' title='bbox 1795 1812 1824 1838; x_wconf 80' lang='grc' dir='ltr'>δὲ</span> <span class='ocrx_word' id='word_1_529' title='bbox 1838 1811 1885 1837; x_wconf 73' lang='grc' dir='ltr'><strong>καὶ</strong></span> 
     </span>
    </p>
   </div>
   <div class='ocr_carea' id='block_1_80' title="bbox 1095 1857 1883 1896">
    <p class='ocr_par' dir='ltr' id='par_1_80' title="bbox 1095 1857 1883 1896">
     <span class='ocr_line' id='line_1_80' title="bbox 1095 1857 1883 1896; baseline -0.004 -10"><span class='ocrx_word' id='word_1_530' title='bbox 1095 1860 1145 1896; x_wconf 81' lang='grc' dir='ltr'><strong>τὴν</strong></span> <span class='ocrx_word' id='word_1_531' title='bbox 1157 1859 1250 1894; x_wconf 72' lang='grc' dir='ltr'>ἔφοδον</span> <span class='ocrx_word' id='word_1_532' title='bbox 1273 1859 1466 1895; x_wconf 71' lang='grc' dir='ltr'>Σεμναχηρεὶμ</span> <span class='ocrx_word' id='word_1_533' title='bbox 1477 1879 1484 1891; x_wconf 82' lang='grc'><strong>,</strong></span> <span class='ocrx_word' id='word_1_534' title='bbox 1501 1859 1549 1886; x_wconf 77' lang='grc' dir='ltr'>καὶ</span> <span class='ocrx_word' id='word_1_535' title='bbox 1566 1858 1700 1892; x_wconf 68' lang='grc' dir='ltr'>Ῥαψάκου</span> <span class='ocrx_word' id='word_1_536' title='bbox 1714 1858 1765 1893; x_wconf 83' lang='grc' dir='ltr'>τὴν</span> <span class='ocrx_word' id='word_1_537' title='bbox 1786 1857 1883 1889; x_wconf 78' lang='grc' dir='ltr'>ἀλαζο-</span> 
     </span>
    </p>
   </div>
   <div class='ocr_carea' id='block_1_81' title="bbox 1096 1904 1885 1941">
    <p class='ocr_par' dir='ltr' id='par_1_81' title="bbox 1096 1904 1885 1941">
     <span class='ocr_line' id='line_1_81' title="bbox 1096 1904 1885 1941; baseline -0.003 -9"><span class='ocrx_word' id='word_1_538' title='bbox 1096 1906 1164 1937; x_wconf 89' lang='grc' dir='ltr'><strong>νίαν⁷</strong></span> <span class='ocrx_word' id='word_1_539' title='bbox 1180 1907 1229 1941; x_wconf 88' lang='grc' dir='ltr'>τήν</span> <span class='ocrx_word' id='word_1_540' title='bbox 1246 1914 1276 1932; x_wconf 88' lang='grc' dir='ltr'><strong>τε</strong></span> <span class='ocrx_word' id='word_1_541' title='bbox 1300 1905 1404 1932; x_wconf 85' lang='grc' dir='ltr'>πτῶσιν</span> <span class='ocrx_word' id='word_1_542' title='bbox 1426 1906 1473 1932; x_wconf 84' lang='grc' dir='ltr'>καὶ</span> <span class='ocrx_word' id='word_1_543' title='bbox 1498 1905 1635 1932; x_wconf 84' lang='grc' dir='ltr'>ἀπώλειαν</span> <span class='ocrx_word' id='word_1_544' title='bbox 1653 1904 1758 1931; x_wconf 65' lang='grc' dir='ltr'>αὐτῶνθ</span> <span class='ocrx_word' id='word_1_545' title='bbox 1777 1905 1825 1931; x_wconf 70' lang='grc' dir='ltr'>καὶ</span> <span class='ocrx_word' id='word_1_546' title='bbox 1845 1905 1885 1930; x_wconf 60' lang='grc' dir='ltr'>ἂι</span> 
     </span>
    </p>
   </div>
   <div class='ocr_carea' id='block_1_82' title="bbox 1096 1950 1885 1988">
    <p class='ocr_par' dir='ltr' id='par_1_82' title="bbox 1096 1950 1885 1988">
     <span class='ocr_line' id='line_1_82' title="bbox 1096 1950 1885 1988; baseline -0.003 -10"><span class='ocrx_word' id='word_1_547' title='bbox 1096 1953 1210 1988; x_wconf 75' lang='grc' dir='ltr'>νοσήσας</span> <span class='ocrx_word' id='word_1_548' title='bbox 1229 1951 1368 1984; x_wconf 82' lang='grc' dir='ltr'>Ἐζεκίας,</span> <span class='ocrx_word' id='word_1_549' title='bbox 1387 1952 1434 1978; x_wconf 80' lang='grc' dir='ltr'>καὶ</span> <span class='ocrx_word' id='word_1_550' title='bbox 1459 1951 1562 1986; x_wconf 81' lang='grc' dir='ltr'>μέλλων</span> <span class='ocrx_word' id='word_1_551' title='bbox 1586 1950 1788 1986; x_wconf 79' lang='grc' dir='ltr'>ἀποθνήσκειν,</span> <span class='ocrx_word' id='word_1_552' title='bbox 1805 1950 1885 1982; x_wconf 73' lang='grc' dir='ltr'><strong>εὑξά-</strong></span> 
     </span>
    </p>
   </div>
   <div class='ocr_carea' id='block_1_83' title="bbox 1097 1996 1885 2033">
    <p class='ocr_par' dir='ltr' id='par_1_83' title="bbox 1097 1996 1885 2033">
     <span class='ocr_line' id='line_1_83' title="bbox 1097 1996 1885 2033; baseline -0.003 -9"><span class='ocrx_word' id='word_1_553' title='bbox 1097 2006 1177 2033; x_wconf 86' lang='grc' dir='ltr'>μενος</span> <span class='ocrx_word' id='word_1_554' title='bbox 1192 1997 1351 2033; x_wconf 82' lang='grc' dir='ltr'>προσθήκην</span> <span class='ocrx_word' id='word_1_555' title='bbox 1365 1997 1444 2032; x_wconf 75' lang='grc' dir='ltr'>ἔσχεν</span> <span class='ocrx_word' id='word_1_556' title='bbox 1460 1997 1528 2023; x_wconf 80' lang='grc' dir='ltr'>ἐτῶν</span> <span class='ocrx_word' id='word_1_557' title='bbox 1540 1997 1697 2024; x_wconf 82' lang='grc' dir='ltr'>δεκαπέντε.</span> <span class='ocrx_word' id='word_1_558' title='bbox 1713 1996 1885 2032; x_wconf 74' lang='grc' dir='ltr'>Προφητεύει</span> 
     </span>
    </p>
   </div>
   <div class='ocr_carea' id='block_1_84' title="bbox 1095 2042 1886 2079">
    <p class='ocr_par' dir='ltr' id='par_1_84' title="bbox 1095 2042 1886 2079">
     <span class='ocr_line' id='line_1_84' title="bbox 1095 2042 1886 2079; baseline -0.003 -9"><span class='ocrx_word' id='word_1_559' title='bbox 1095 2044 1123 2070; x_wconf 78' lang='grc' dir='ltr'>δὲ</span> <span class='ocrx_word' id='word_1_560' title='bbox 1139 2043 1186 2070; x_wconf 72' lang='grc' dir='ltr'>καὶ</span> <span class='ocrx_word' id='word_1_561' title='bbox 1200 2042 1354 2078; x_wconf 79' lang='grc' dir='ltr'>εὐνούχοις,</span> <span class='ocrx_word' id='word_1_562' title='bbox 1372 2044 1420 2070; x_wconf 79' lang='grc' dir='ltr'>καὶ</span> <span class='ocrx_word' id='word_1_563' title='bbox 1433 2045 1488 2075; x_wconf 87' lang='grc' dir='ltr'>τοῖς</span> <span class='ocrx_word' id='word_1_564' title='bbox 1501 2043 1589 2070; x_wconf 77' lang='grc' dir='ltr'>ἔθνεσι</span> <span class='ocrx_word' id='word_1_565' title='bbox 1615 2044 1644 2070; x_wconf 80' lang='grc' dir='ltr'>ἐν</span> <span class='ocrx_word' id='word_1_566' title='bbox 1666 2042 1705 2079; x_wconf 82' lang='grc' dir='ltr'>τῷ</span> <span class='ocrx_word' id='word_1_567' title='bbox 1727 2043 1801 2070; x_wconf 80' lang='grc' dir='ltr'>τέλει</span> <span class='ocrx_word' id='word_1_568' title='bbox 1822 2043 1886 2079; x_wconf 76' lang='grc' dir='ltr'>περὶ</span> 
     </span>
    </p>
   </div>
   <div class='ocr_carea' id='block_1_85' title="bbox 1094 2089 1476 2126">
    <p class='ocr_par' dir='ltr' id='par_1_85' title="bbox 1094 2089 1476 2126">
     <span class='ocr_line' id='line_1_85' title="bbox 1094 2089 1476 2126; baseline 0 -11"><span class='ocrx_word' id='word_1_569' title='bbox 1094 2090 1144 2126; x_wconf 78' lang='grc' dir='ltr'>τῆς</span> <span class='ocrx_word' id='word_1_570' title='bbox 1159 2089 1265 2125; x_wconf 82' lang='grc' dir='ltr'>ἡμέρας</span> <span class='ocrx_word' id='word_1_571' title='bbox 1283 2089 1333 2124; x_wconf 84' lang='grc' dir='ltr'>τῆς</span> <span class='ocrx_word' id='word_1_572' title='bbox 1350 2089 1476 2125; x_wconf 81' lang='grc' dir='ltr'>κρίσεως.</span> 
     </span>
    </p>
   </div>
   <div class='ocr_carea' id='block_1_86' title="bbox 1250 2135 1734 2167">
    <p class='ocr_par' dir='ltr' id='par_1_86' title="bbox 1250 2135 1734 2167">
     <span class='ocr_line' id='line_1_86' title="bbox 1250 2135 1734 2167; baseline 0.002 -6"><span class='ocrx_word' id='word_1_573' title='bbox 1250 2135 1414 2162; x_wconf 80' lang='grc' dir='ltr'><strong>ΙΕΡΕΜΙΑΣ</strong></span> <span class='ocrx_word' id='word_1_574' title='bbox 1441 2135 1461 2162; x_wconf 92' lang='lat'><strong>0</strong></span> <span class='ocrx_word' id='word_1_575' title='bbox 1482 2135 1551 2162; x_wconf 86' lang='grc' dir='ltr'><strong>ΤΟΥ</strong></span> <span class='ocrx_word' id='word_1_576' title='bbox 1568 2135 1734 2167; x_wconf 72' lang='grc' dir='ltr'><strong>ΧΕΛΧΙΟΥ,</strong></span> 
     </span>
    </p>
   </div>
   <div class='ocr_carea' id='block_1_87' title="bbox 1366 2180 1614 2214">
    <p class='ocr_par' dir='ltr' id='par_1_87' title="bbox 1366 2180 1614 2214">
     <span class='ocr_line' id='line_1_87' title="bbox 1366 2180 1614 2214; baseline 0 -7"><span class='ocrx_word' id='word_1_577' title='bbox 1366 2181 1413 2207; x_wconf 81' lang='grc' dir='ltr'>Ἐκ</span> <span class='ocrx_word' id='word_1_578' title='bbox 1429 2180 1489 2207; x_wconf 64' lang='grc' dir='ltr'><strong>-ινῶιν¹</strong></span> <span class='ocrx_word' id='word_1_579' title='bbox 1504 2180 1614 2214; x_wconf 83' lang='grc' dir='ltr'>ἱερέων.</span> 
     </span>
    </p>
   </div>
   <div class='ocr_carea' id='block_1_88' title="bbox 1132 2224 1887 2262">
    <p class='ocr_par' dir='ltr' id='par_1_88' title="bbox 1132 2224 1887 2262">
     <span class='ocr_line' id='line_1_88' title="bbox 1132 2224 1887 2262; baseline 0 -8"><span class='ocrx_word' id='word_1_580' title='bbox 1132 2224 1227 2260; x_wconf 77' lang='grc' dir='ltr'>Οὗτος,</span> <span class='ocrx_word' id='word_1_581' title='bbox 1242 2227 1314 2254; x_wconf 83' lang='grc' dir='ltr'>καθὰ</span> <span class='ocrx_word' id='word_1_582' title='bbox 1327 2228 1466 2262; x_wconf 78' lang='grc' dir='ltr'>προεῖπον,</span> <span class='ocrx_word' id='word_1_583' title='bbox 1484 2227 1531 2253; x_wconf 71' lang='grc' dir='ltr'><strong>καὶ</strong></span> <span class='ocrx_word' id='word_1_584' title='bbox 1548 2227 1678 2261; x_wconf 87' lang='grc' dir='ltr'>Σοφονίας</span> <span class='ocrx_word' id='word_1_585' title='bbox 1691 2227 1887 2262; x_wconf 79' lang='grc' dir='ltr'>συνεχρόνισαν</span> 
     </span>
    </p>
   </div>
   <div class='ocr_carea' id='block_1_89' title="bbox 253 2261 1042 2308">
    <p class='ocr_par' dir='ltr' id='par_1_89' title="bbox 253 2261 1042 2296">
     <span class='ocr_line' id='line_1_89' title="bbox 253 2261 1042 2296; baseline 0.001 -7"><span class='ocrx_word' id='word_1_586' title='bbox 253 2266 318 2289; x_wconf 84' lang='lat' dir='ltr'><strong>runt</strong></span> <span class='ocrx_word' id='word_1_587' title='bbox 344 2261 525 2296; x_wconf 85' lang='lat' dir='ltr'><strong>temporibus,</strong></span> <span class='ocrx_word' id='word_1_588' title='bbox 558 2262 604 2289; x_wconf 88' lang='lat' dir='ltr'><strong>scd</strong></span> <span class='ocrx_word' id='word_1_589' title='bbox 634 2263 734 2290; x_wconf 82' lang='lat' dir='ltr'><strong>mansit</strong></span> <span class='ocrx_word' id='word_1_590' title='bbox 759 2262 910 2290; x_wconf 81' lang='lat' dir='ltr'><strong>Hieremias</strong></span> <span class='ocrx_word' id='word_1_591' title='bbox 931 2263 964 2290; x_wconf 95' lang='lat' dir='ltr'><strong>ad</strong></span> <span class='ocrx_word' id='word_1_592' title='bbox 983 2262 1042 2290; x_wconf 88' lang='lat' dir='ltr'><strong>Joa-</strong></span> 
     </span>
    </p>
   </div>
   <div class='ocr_carea' id='block_1_90' title="bbox 1095 2261 1886 2308">
    <p class='ocr_par' dir='ltr' id='par_1_90' title="bbox 1095 2261 1886 2308">
     <span class='ocr_line' id='line_1_90' title="bbox 1095 2261 1886 2308; baseline 0 -8"><span class='ocrx_word' id='word_1_593' title='bbox 1095 2274 1218 2304; x_wconf 78' lang='grc' dir='ltr'>ὲαυτοῖς”</span> <span class='ocrx_word' id='word_1_594' title='bbox 1237 2261 1385 2308; x_wconf 77' lang='grc' dir='ltr'>παρέμεινε</span> <span class='ocrx_word' id='word_1_595' title='bbox 1403 2272 1432 2299; x_wconf 81' lang='grc' dir='ltr'>δὲ</span> <span class='ocrx_word' id='word_1_596' title='bbox 1447 2269 1525 2304; x_wconf 75' lang='grc' dir='ltr'>οὗτος</span> <span class='ocrx_word' id='word_1_597' title='bbox 1543 2273 1595 2305; x_wconf 76' lang='grc' dir='ltr'>ἓως</span> <span class='ocrx_word' id='word_1_598' title='bbox 1616 2261 1817 2307; x_wconf 45' lang='grc' dir='ltr'>Ἰωακεὶμίκαὶ</span> <span class='ocrx_word' id='word_1_599' title='bbox 1832 2273 1886 2304; x_wconf 67' lang='grc' dir='ltr'>ἕως</span> 
     </span>
    </p>
   </div>
   <div class='ocr_carea' id='block_1_91' title="bbox 253 2308 1041 2348">
    <p class='ocr_par' dir='ltr' id='par_1_91' title="bbox 253 2308 1041 2348">
     <span class='ocr_line' id='line_1_91' title="bbox 253 2308 1041 2348; baseline 0.003 -13"><span class='ocrx_word' id='word_1_600' title='bbox 253 2308 354 2335; x_wconf 78' lang='lat' dir='ltr'><strong>ciuium</strong></span> <span class='ocrx_word' id='word_1_601' title='bbox 375 2315 470 2342; x_wconf 87' lang='lat' dir='ltr'><strong>usque,</strong></span> <span class='ocrx_word' id='word_1_602' title='bbox 487 2312 514 2335; x_wconf 86' lang='lat' dir='ltr'><strong>et</strong></span> <span class='ocrx_word' id='word_1_603' title='bbox 531 2308 706 2336; x_wconf 84' lang='lat' dir='ltr'><strong>undecimum</strong></span> <span class='ocrx_word' id='word_1_604' title='bbox 723 2308 843 2336; x_wconf 70' lang='lat' dir='ltr'><strong>Sede-cia:</strong></span> <span class='ocrx_word' id='word_1_605' title='bbox 867 2309 952 2348; x_wconf 40' lang='lat' dir='ltr'><strong>Judte.</strong></span> <span class='ocrx_word' id='word_1_606' title='bbox 969 2311 1041 2345; x_wconf 79' lang='lat' dir='ltr'><strong>regis</strong></span> 
     </span>
    </p>
   </div>
   <div class='ocr_carea' id='block_1_92' title="bbox 254 2353 1042 2390">
    <p class='ocr_par' dir='ltr' id='par_1_92' title="bbox 254 2353 1042 2390">
     <span class='ocr_line' id='line_1_92' title="bbox 254 2353 1042 2390; baseline 0.001 -8"><span class='ocrx_word' id='word_1_607' title='bbox 254 2361 366 2384; x_wconf 82' lang='lat' dir='ltr'><strong>annum,</strong></span> <span class='ocrx_word' id='word_1_608' title='bbox 394 2353 420 2380; x_wconf 93' lang='lat' dir='ltr'><strong>id</strong></span> <span class='ocrx_word' id='word_1_609' title='bbox 438 2357 479 2381; x_wconf 88' lang='lat' dir='ltr'><strong>est</strong></span> <span class='ocrx_word' id='word_1_610' title='bbox 495 2353 529 2380; x_wconf 86' lang='lat' dir='ltr'><strong>ad</strong></span> <span class='ocrx_word' id='word_1_611' title='bbox 553 2354 645 2389; x_wconf 88' lang='lat' dir='ltr'><strong>populi</strong></span> <span class='ocrx_word' id='word_1_612' title='bbox 661 2362 749 2390; x_wconf 88' lang='lat' dir='ltr'><strong>usque</strong></span> <span class='ocrx_word' id='word_1_613' title='bbox 765 2355 961 2390; x_wconf 86' lang='lat' dir='ltr'><strong>captivitatem.</strong></span> <span class='ocrx_word' id='word_1_614' title='bbox 990 2355 1042 2383; x_wconf 86' lang='lat' dir='ltr'><strong>Fa-</strong></span> 
     </span>
    </p>
   </div>
   <div class='ocr_carea' id='block_1_93' title="bbox 254 2401 1043 2436">
    <p class='ocr_par' dir='ltr' id='par_1_93' title="bbox 254 2401 1043 2436">
     <span class='ocr_line' id='line_1_93' title="bbox 254 2401 1043 2436; baseline 0.005 -10"><span class='ocrx_word' id='word_1_615' title='bbox 254 2404 327 2426; x_wconf 88' lang='lat' dir='ltr'><strong>ctum</strong></span> <span class='ocrx_word' id='word_1_616' title='bbox 340 2403 383 2428; x_wconf 89' lang='lat' dir='ltr'><strong>est</strong></span> <span class='ocrx_word' id='word_1_617' title='bbox 396 2403 486 2427; x_wconf 87' lang='lat' dir='ltr'><strong>autem</strong></span> <span class='ocrx_word' id='word_1_618' title='bbox 511 2401 623 2428; x_wconf 75' lang='lat' dir='ltr'><strong>verbum</strong></span> <span class='ocrx_word' id='word_1_619' title='bbox 641 2401 749 2428; x_wconf 87' lang='lat' dir='ltr'><strong>Domini</strong></span> <span class='ocrx_word' id='word_1_620' title='bbox 770 2402 804 2429; x_wconf 89' lang='lat' dir='ltr'><strong>ad</strong></span> <span class='ocrx_word' id='word_1_621' title='bbox 818 2410 892 2436; x_wconf 90' lang='lat' dir='ltr'><strong>cum,</strong></span> <span class='ocrx_word' id='word_1_622' title='bbox 908 2407 935 2430; x_wconf 79' lang='lat' dir='ltr'><strong>et</strong></span> <span class='ocrx_word' id='word_1_623' title='bbox 949 2403 1043 2431; x_wconf 88' lang='lat' dir='ltr'><strong>multis</strong></span> 
     </span>
    </p>
   </div>
   <div class='ocr_carea' id='block_1_94' title="bbox 255 2444 1044 2484">
    <p class='ocr_par' dir='ltr' id='par_1_94' title="bbox 255 2444 1044 2484">
     <span class='ocr_line' id='line_1_94' title="bbox 255 2444 1044 2484; baseline 0.008 -13"><span class='ocrx_word' id='word_1_624' title='bbox 255 2444 506 2482; x_wconf 86' lang='lat' dir='ltr'><strong>Hierosolymorum</strong></span> <span class='ocrx_word' id='word_1_625' title='bbox 518 2447 677 2482; x_wconf 85' lang='lat' dir='ltr'><strong>iniquitates</strong></span> <span class='ocrx_word' id='word_1_626' title='bbox 694 2449 794 2483; x_wconf 84' lang='lat' dir='ltr'><strong>arguit,</strong></span> <span class='ocrx_word' id='word_1_627' title='bbox 811 2449 898 2484; x_wconf 87' lang='lat' dir='ltr'><strong>deque</strong></span> <span class='ocrx_word' id='word_1_628' title='bbox 921 2450 1000 2484; x_wconf 85' lang='lat' dir='ltr'><strong>ipsis,</strong></span> <span class='ocrx_word' id='word_1_629' title='bbox 1017 2454 1044 2477; x_wconf 79' lang='lat' dir='ltr'><strong>et</strong></span> 
     </span>
    </p>
   </div>
   <div class='ocr_carea' id='block_1_95' title="bbox 255 2491 1043 2524">
    <p class='ocr_par' dir='ltr' id='par_1_95' title="bbox 255 2491 1043 2524">
     <span class='ocr_line' id='line_1_95' title="bbox 255 2491 1043 2524; baseline 0.008 -6"><span class='ocrx_word' id='word_1_630' title='bbox 255 2491 289 2519; x_wconf 89' lang='lat' dir='ltr'><strong>dc</strong></span> <span class='ocrx_word' id='word_1_631' title='bbox 303 2492 426 2520; x_wconf 87' lang='lat' dir='ltr'><strong>siccitate</strong></span> <span class='ocrx_word' id='word_1_632' title='bbox 445 2493 612 2522; x_wconf 86' lang='lat' dir='ltr'><strong>vaticinatus</strong></span> <span class='ocrx_word' id='word_1_633' title='bbox 627 2499 679 2522; x_wconf 86' lang='lat' dir='ltr'><strong>est.</strong></span> <span class='ocrx_word' id='word_1_634' title='bbox 702 2494 832 2522; x_wconf 73' lang='lat' dir='ltr'><strong>Prmdixit</strong></span> <span class='ocrx_word' id='word_1_635' title='bbox 852 2496 916 2523; x_wconf 91' lang='lat' dir='ltr'><strong>item</strong></span> <span class='ocrx_word' id='word_1_636' title='bbox 931 2496 965 2524; x_wconf 90' lang='lat' dir='ltr'><strong>de</strong></span> <span class='ocrx_word' id='word_1_637' title='bbox 981 2496 1043 2524; x_wconf 87' lang='lat' dir='ltr'><strong>Ela-</strong></span> 
     </span>
    </p>
   </div>
   <div class='ocr_carea' id='block_1_96' title="bbox 257 2539 1043 2578">
    <p class='ocr_par' dir='ltr' id='par_1_96' title="bbox 257 2539 1043 2578">
     <span class='ocr_line' id='line_1_96' title="bbox 257 2539 1043 2578; baseline 0.006 -13"><span class='ocrx_word' id='word_1_638' title='bbox 257 2539 333 2567; x_wconf 87' lang='lat' dir='ltr'><strong>mitis</strong></span> <span class='ocrx_word' id='word_1_639' title='bbox 346 2540 484 2574; x_wconf 84' lang='lat' dir='ltr'><strong>gentibus,</strong></span> <span class='ocrx_word' id='word_1_640' title='bbox 512 2539 624 2575; x_wconf 82' lang='lat' dir='ltr'><strong>foreque</strong></span> <span class='ocrx_word' id='word_1_641' title='bbox 640 2545 668 2568; x_wconf 90' lang='lat' dir='ltr'><strong>ut</strong></span> <span class='ocrx_word' id='word_1_642' title='bbox 684 2541 820 2577; x_wconf 67' lang='lat' dir='ltr'><strong>Aigyptus</strong></span> <span class='ocrx_word' id='word_1_643' title='bbox 837 2550 851 2569; x_wconf 85' lang='lat' dir='ltr'><strong>a</strong></span> <span class='ocrx_word' id='word_1_644' title='bbox 877 2551 940 2578; x_wconf 81' lang='lat' dir='ltr'><strong>rege</strong></span> <span class='ocrx_word' id='word_1_645' title='bbox 956 2543 1043 2578; x_wconf 83' lang='lat' dir='ltr'><strong>Baby-</strong></span> 
     </span>
    </p>
   </div>
   <div class='ocr_carea' id='block_1_97' title="bbox 255 2586 1043 2624">
    <p class='ocr_par' dir='ltr' id='par_1_97' title="bbox 255 2586 1043 2624">
     <span class='ocr_line' id='line_1_97' title="bbox 255 2586 1043 2624; baseline 0.008 -12"><span class='ocrx_word' id='word_1_646' title='bbox 255 2586 329 2613; x_wconf 87' lang='lat' dir='ltr'><strong>lonio</strong></span> <span class='ocrx_word' id='word_1_647' title='bbox 343 2587 560 2615; x_wconf 75' lang='lat' dir='ltr'><strong>exseinderetur.</strong></span> <span class='ocrx_word' id='word_1_648' title='bbox 576 2588 688 2615; x_wconf 83' lang='lat' dir='ltr'><strong>Addidit</strong></span> <span class='ocrx_word' id='word_1_649' title='bbox 701 2593 728 2616; x_wconf 86' lang='lat' dir='ltr'><strong>et</strong></span> <span class='ocrx_word' id='word_1_650' title='bbox 748 2588 918 2624; x_wconf 76' lang='lat' dir='ltr'><strong>prophetiam</strong></span> <span class='ocrx_word' id='word_1_651' title='bbox 945 2591 972 2618; x_wconf 91' lang='lat' dir='ltr'><strong>in</strong></span> <span class='ocrx_word' id='word_1_652' title='bbox 992 2590 1043 2618; x_wconf 87' lang='lat' dir='ltr'><strong>Ba-</strong></span> 
     </span>
    </p>
   </div>
   <div class='ocr_carea' id='block_1_98' title="bbox 255 2632 1041 2671">
    <p class='ocr_par' dir='ltr' id='par_1_98' title="bbox 255 2632 1041 2671">
     <span class='ocr_line' id='line_1_98' title="bbox 255 2632 1041 2671; baseline 0.004 -11"><span class='ocrx_word' id='word_1_653' title='bbox 255 2632 393 2666; x_wconf 79' lang='lat' dir='ltr'><strong>bylonem,</strong></span> <span class='ocrx_word' id='word_1_654' title='bbox 410 2638 436 2661; x_wconf 85' lang='lat' dir='ltr'><strong>et</strong></span> <span class='ocrx_word' id='word_1_655' title='bbox 452 2641 606 2661; x_wconf 88' lang='lat' dir='ltr'><strong>sermonem</strong></span> <span class='ocrx_word' id='word_1_656' title='bbox 623 2642 703 2671; x_wconf 89' lang='lat' dir='ltr'><strong>quem</strong></span> <span class='ocrx_word' id='word_1_657' title='bbox 721 2634 817 2662; x_wconf 88' lang='lat' dir='ltr'><strong>habuit</strong></span> <span class='ocrx_word' id='word_1_658' title='bbox 828 2635 907 2670; x_wconf 90' lang='lat' dir='ltr'><strong>jussu</strong></span> <span class='ocrx_word' id='word_1_659' title='bbox 923 2635 1041 2669; x_wconf 89' lang='lat' dir='ltr'><strong>Domini,</strong></span> 
     </span>
    </p>
   </div>
   <div class='ocr_carea' id='block_1_99' title="bbox 255 2679 1042 2715">
    <p class='ocr_par' dir='ltr' id='par_1_99' title="bbox 255 2679 1042 2715">
     <span class='ocr_line' id='line_1_99' title="bbox 255 2679 1042 2715; baseline 0.005 -9"><span class='ocrx_word' id='word_1_660' title='bbox 255 2680 289 2706; x_wconf 90' lang='lat' dir='ltr'><strong>ad</strong></span> <span class='ocrx_word' id='word_1_661' title='bbox 306 2679 429 2707; x_wconf 72' lang='lat' dir='ltr'><strong>Sat-aiam</strong></span> <span class='ocrx_word' id='word_1_662' title='bbox 446 2680 533 2708; x_wconf 67' lang='lat' dir='ltr'><strong>Neria:</strong></span> <span class='ocrx_word' id='word_1_663' title='bbox 559 2681 655 2713; x_wconf 84' lang='lat' dir='ltr'><strong>ﬁlium,</strong></span> <span class='ocrx_word' id='word_1_664' title='bbox 679 2682 713 2709; x_wconf 85' lang='lat' dir='ltr'><strong>ad</strong></span> <span class='ocrx_word' id='word_1_665' title='bbox 735 2682 892 2715; x_wconf 75' lang='lat' dir='ltr'><strong>ldummam,</strong></span> <span class='ocrx_word' id='word_1_666' title='bbox 919 2683 953 2709; x_wconf 89' lang='lat' dir='ltr'><strong>ad</strong></span> <span class='ocrx_word' id='word_1_667' title='bbox 974 2683 1042 2710; x_wconf 81' lang='lat' dir='ltr'><strong>[ilius</strong></span> 
     </span>
    </p>
   </div>
   <div class='ocr_carea' id='block_1_100' title="bbox 257 2725 1043 2763">
    <p class='ocr_par' dir='ltr' id='par_1_100' title="bbox 257 2725 1043 2763">
     <span class='ocr_line' id='line_1_100' title="bbox 257 2725 1043 2763; baseline 0.004 -11"><span class='ocrx_word' id='word_1_668' title='bbox 257 2725 385 2757; x_wconf 86' lang='lat' dir='ltr'><strong>Ammon.</strong></span> <span class='ocrx_word' id='word_1_669' title='bbox 401 2730 428 2754; x_wconf 88' lang='lat' dir='ltr'><strong>et</strong></span> <span class='ocrx_word' id='word_1_670' title='bbox 440 2726 472 2753; x_wconf 85' lang='lat' dir='ltr'><strong>ad</strong></span> <span class='ocrx_word' id='word_1_671' title='bbox 486 2726 575 2754; x_wconf 86' lang='lat' dir='ltr'><strong>Cedar</strong></span> <span class='ocrx_word' id='word_1_672' title='bbox 586 2728 707 2763; x_wconf 83' lang='lat' dir='ltr'><strong>reginam</strong></span> <span class='ocrx_word' id='word_1_673' title='bbox 722 2728 792 2755; x_wconf 62' lang='lat' dir='ltr'><strong>aula:</strong></span> <span class='ocrx_word' id='word_1_674' title='bbox 807 2736 889 2763; x_wconf 83' lang='lat' dir='ltr'><strong>quam</strong></span> <span class='ocrx_word' id='word_1_675' title='bbox 906 2729 1043 2763; x_wconf 90' lang='lat' dir='ltr'><strong>percussit</strong></span> 
     </span>
    </p>
   </div>
   <div class='ocr_carea' id='block_1_101' title="bbox 256 2770 1042 2810">
    <p class='ocr_par' dir='ltr' id='par_1_101' title="bbox 256 2770 1042 2810">
     <span class='ocr_line' id='line_1_101' title="bbox 256 2770 1042 2810; baseline 0.006 -13"><span class='ocrx_word' id='word_1_676' title='bbox 256 2770 492 2805; x_wconf 75' lang='lat' dir='ltr'><strong>Nabugodonosor</strong></span> <span class='ocrx_word' id='word_1_677' title='bbox 507 2781 553 2800; x_wconf 86' lang='lat' dir='ltr'><strong>rex</strong></span> <span class='ocrx_word' id='word_1_678' title='bbox 575 2773 733 2810; x_wconf 81' lang='lat' dir='ltr'><strong>Babylonis.</strong></span> <span class='ocrx_word' id='word_1_679' title='bbox 759 2774 915 2809; x_wconf 81' lang='lat' dir='ltr'><strong>AIIOquitur</strong></span> <span class='ocrx_word' id='word_1_680' title='bbox 936 2779 963 2802; x_wconf 90' lang='lat' dir='ltr'><strong>et</strong></span> <span class='ocrx_word' id='word_1_681' title='bbox 988 2775 1042 2802; x_wconf 85' lang='lat' dir='ltr'><strong>Da-</strong></span> 
     </span>
    </p>
   </div>
   <div class='ocr_carea' id='block_1_102' title="bbox 257 2818 1044 2852">
    <p class='ocr_par' dir='ltr' id='par_1_102' title="bbox 257 2818 1044 2852">
     <span class='ocr_line' id='line_1_102' title="bbox 257 2818 1044 2852; baseline 0.005 -9"><span class='ocrx_word' id='word_1_682' title='bbox 257 2824 390 2849; x_wconf 83' lang='lat' dir='ltr'><strong>mascum,</strong></span> <span class='ocrx_word' id='word_1_683' title='bbox 400 2823 426 2845; x_wconf 88' lang='lat' dir='ltr'><strong>et</strong></span> <span class='ocrx_word' id='word_1_684' title='bbox 442 2818 521 2845; x_wconf 81' lang='lat' dir='ltr'><strong>Moab</strong></span> <span class='ocrx_word' id='word_1_685' title='bbox 535 2824 562 2846; x_wconf 86' lang='lat' dir='ltr'><strong>et</strong></span> <span class='ocrx_word' id='word_1_686' title='bbox 575 2818 754 2851; x_wconf 84' lang='lat' dir='ltr'><strong>Hierusalem,</strong></span> <span class='ocrx_word' id='word_1_687' title='bbox 769 2825 796 2846; x_wconf 88' lang='lat' dir='ltr'><strong>et</strong></span> <span class='ocrx_word' id='word_1_688' title='bbox 813 2819 923 2852; x_wconf 82' lang='lat' dir='ltr'><strong>Judam,</strong></span> <span class='ocrx_word' id='word_1_689' title='bbox 939 2824 966 2847; x_wconf 91' lang='lat' dir='ltr'><strong>et</strong></span> <span class='ocrx_word' id='word_1_690' title='bbox 977 2819 1044 2848; x_wconf 80' lang='lat' dir='ltr'><strong>Rhe-</strong></span> 
     </span>
    </p>
   </div>
   <div class='ocr_carea' id='block_1_103' title="bbox 257 2862 1044 2899">
    <p class='ocr_par' dir='ltr' id='par_1_103' title="bbox 257 2862 1044 2899">
     <span class='ocr_line' id='line_1_103' title="bbox 257 2862 1044 2899; baseline 0.008 -11"><span class='ocrx_word' id='word_1_691' title='bbox 257 2862 410 2890; x_wconf 82' lang='lat' dir='ltr'><strong>cabitarum</strong></span> <span class='ocrx_word' id='word_1_692' title='bbox 430 2864 572 2896; x_wconf 76' lang='lat' dir='ltr'><strong>familiam.</strong></span> <span class='ocrx_word' id='word_1_693' title='bbox 589 2870 616 2893; x_wconf 87' lang='lat' dir='ltr'><strong>et</strong></span> <span class='ocrx_word' id='word_1_694' title='bbox 638 2866 757 2895; x_wconf 71' lang='lat' dir='ltr'><strong>filiorum</strong></span> <span class='ocrx_word' id='word_1_695' title='bbox 780 2865 916 2899; x_wconf 86' lang='lat' dir='ltr'><strong>Jonadab,</strong></span> <span class='ocrx_word' id='word_1_696' title='bbox 940 2872 967 2895; x_wconf 86' lang='lat' dir='ltr'><strong>et</strong></span> <span class='ocrx_word' id='word_1_697' title='bbox 995 2866 1044 2894; x_wconf 75' lang='grc' dir='ltr'><strong>ιυ-</strong></span> 
     </span>
    </p>
   </div>
   <div class='ocr_carea' id='block_1_104' title="bbox 258 2908 1043 2949">
    <p class='ocr_par' dir='ltr' id='par_1_104' title="bbox 258 2908 1043 2949">
     <span class='ocr_line' id='line_1_104' title="bbox 258 2908 1043 2949; baseline 0.003 -11"><span class='ocrx_word' id='word_1_698' title='bbox 258 2908 342 2940; x_wconf 65' lang='lat' dir='ltr'><strong>dmos.</strong></span> <span class='ocrx_word' id='word_1_699' title='bbox 367 2909 413 2944; x_wconf 89' lang='lat' dir='ltr'><strong>qui</strong></span> <span class='ocrx_word' id='word_1_700' title='bbox 451 2913 551 2938; x_wconf 88' lang='lat' dir='ltr'><strong>terram</strong></span> <span class='ocrx_word' id='word_1_701' title='bbox 578 2910 698 2948; x_wconf 70' lang='lat' dir='ltr'><strong>IEgypti,</strong></span> <span class='ocrx_word' id='word_1_702' title='bbox 726 2911 773 2947; x_wconf 86' lang='lat' dir='ltr'><strong>qui</strong></span> <span class='ocrx_word' id='word_1_703' title='bbox 801 2911 964 2947; x_wconf 77' lang='lat' dir='ltr'><strong>Magdalum,</strong></span> <span class='ocrx_word' id='word_1_704' title='bbox 996 2914 1043 2949; x_wconf 87' lang='lat' dir='ltr'><strong>qui</strong></span> 
     </span>
    </p>
   </div>
   <div class='ocr_carea' id='block_1_105' title="bbox 1094 2319 1887 2355">
    <p class='ocr_par' dir='ltr' id='par_1_105' title="bbox 1094 2319 1887 2355">
     <span class='ocr_line' id='line_1_105' title="bbox 1094 2319 1887 2355; baseline -0.001 -8"><span class='ocrx_word' id='word_1_705' title='bbox 1094 2320 1235 2347; x_wconf 84' lang='grc' dir='ltr'>ἑνδεκάτου</span> <span class='ocrx_word' id='word_1_706' title='bbox 1250 2319 1326 2351; x_wconf 75' lang='grc' dir='ltr'>ἔτους</span> <span class='ocrx_word' id='word_1_707' title='bbox 1336 2319 1459 2346; x_wconf 86' lang='grc' dir='ltr'>Σεδεκίου</span> <span class='ocrx_word' id='word_1_708' title='bbox 1474 2319 1707 2354; x_wconf 77' lang='grc' dir='ltr'>βασιλέωςίούδα,</span> <span class='ocrx_word' id='word_1_709' title='bbox 1717 2320 1771 2351; x_wconf 72' lang='grc' dir='ltr'>ἕως</span> <span class='ocrx_word' id='word_1_710' title='bbox 1785 2321 1887 2355; x_wconf 74' lang='grc' dir='ltr'>αἰχμα-</span> 
     </span>
    </p>
   </div>
   <div class='ocr_carea' id='block_1_106' title="bbox 1094 2365 1885 2401">
    <p class='ocr_par' dir='ltr' id='par_1_106' title="bbox 1094 2365 1885 2401">
     <span class='ocr_line' id='line_1_106' title="bbox 1094 2365 1885 2401; baseline 0 -9"><span class='ocrx_word' id='word_1_711' title='bbox 1094 2366 1194 2397; x_wconf 82' lang='grc' dir='ltr'>λωσίας</span> <span class='ocrx_word' id='word_1_712' title='bbox 1207 2365 1254 2392; x_wconf 81' lang='grc' dir='ltr'><strong>τοῦ</strong></span> <span class='ocrx_word' id='word_1_713' title='bbox 1270 2365 1345 2392; x_wconf 81' lang='grc' dir='ltr'>λαοῦ.</span> <span class='ocrx_word' id='word_1_714' title='bbox 1367 2365 1455 2400; x_wconf 83' lang='grc' dir='ltr'><strong>Ῥῆμα</strong></span> <span class='ocrx_word' id='word_1_715' title='bbox 1465 2365 1494 2392; x_wconf 80' lang='grc' dir='ltr'>δὲ</span> <span class='ocrx_word' id='word_1_716' title='bbox 1507 2365 1574 2392; x_wconf 88' lang='grc' dir='ltr'>Θεοῦ</span> <span class='ocrx_word' id='word_1_717' title='bbox 1587 2366 1695 2399; x_wconf 76' lang='grc' dir='ltr'>ἐγένετο</span> <span class='ocrx_word' id='word_1_718' title='bbox 1709 2366 1778 2401; x_wconf 72' lang='grc' dir='ltr'>πρὸς</span> <span class='ocrx_word' id='word_1_719' title='bbox 1790 2366 1885 2397; x_wconf 69' lang='grc' dir='ltr'>αὑτὸν,</span> 
     </span>
    </p>
   </div>
   <div class='ocr_carea' id='block_1_107' title="bbox 1093 2409 1886 2446">
    <p class='ocr_par' dir='ltr' id='par_1_107' title="bbox 1093 2409 1886 2446">
     <span class='ocr_line' id='line_1_107' title="bbox 1093 2409 1886 2446; baseline 0 -10"><span class='ocrx_word' id='word_1_720' title='bbox 1093 2411 1130 2442; x_wconf 80' lang='grc' dir='ltr'>ὡς</span> <span class='ocrx_word' id='word_1_721' title='bbox 1154 2410 1283 2446; x_wconf 76' lang='grc' dir='ltr'>ἐγεννήθη</span> <span class='ocrx_word' id='word_1_722' title='bbox 1308 2409 1385 2444; x_wconf 82' lang='grc' dir='ltr'>λόγος</span> <span class='ocrx_word' id='word_1_723' title='bbox 1399 2409 1500 2444; x_wconf 81' lang='grc' dir='ltr'>Κυρίου</span> <span class='ocrx_word' id='word_1_724' title='bbox 1517 2410 1585 2445; x_wconf 82' lang='grc' dir='ltr'>πρὸς</span> <span class='ocrx_word' id='word_1_725' title='bbox 1603 2409 1683 2436; x_wconf 73' lang='grc' dir='ltr'>αὐτόν</span> <span class='ocrx_word' id='word_1_726' title='bbox 1694 2418 1700 2424; x_wconf 91' lang='grc'><strong>·</strong></span> <span class='ocrx_word' id='word_1_727' title='bbox 1714 2410 1761 2436; x_wconf 74' lang='grc' dir='ltr'>καὶ</span> <span class='ocrx_word' id='word_1_728' title='bbox 1779 2410 1886 2444; x_wconf 69' lang='grc' dir='ltr'>ἐλέγχει</span> 
     </span>
    </p>
   </div>
   <div class='ocr_carea' id='block_1_108' title="bbox 1093 2455 1886 2491">
    <p class='ocr_par' dir='ltr' id='par_1_108' title="bbox 1093 2455 1886 2491">
     <span class='ocr_line' id='line_1_108' title="bbox 1093 2455 1886 2491; baseline -0.001 -9"><span class='ocrx_word' id='word_1_729' title='bbox 1093 2456 1143 2487; x_wconf 73' lang='grc' dir='ltr'><strong>τὰς</strong></span> <span class='ocrx_word' id='word_1_730' title='bbox 1167 2456 1272 2488; x_wconf 80' lang='grc' dir='ltr'>ἀδικίας</span> <span class='ocrx_word' id='word_1_731' title='bbox 1295 2456 1344 2491; x_wconf 82' lang='grc' dir='ltr'><strong>τῆς</strong></span> <span class='ocrx_word' id='word_1_732' title='bbox 1364 2455 1540 2491; x_wconf 78' lang='grc' dir='ltr'>Ἰερουσαλὴμ</span> <span class='ocrx_word' id='word_1_733' title='bbox 1562 2455 1606 2482; x_wconf 75' lang='grc' dir='ltr'><strong>διὰ</strong></span> <span class='ocrx_word' id='word_1_734' title='bbox 1633 2455 1750 2482; x_wconf 81' lang='grc' dir='ltr'>πολλῶν·</span> <span class='ocrx_word' id='word_1_735' title='bbox 1775 2464 1886 2491; x_wconf 61' lang='grc' dir='ltr'>προφη-</span> 
     </span>
    </p>
   </div>
   <div class='ocr_carea' id='block_1_109' title="bbox 1093 2501 1884 2537">
    <p class='ocr_par' dir='ltr' id='par_1_109' title="bbox 1093 2501 1884 2537">
     <span class='ocr_line' id='line_1_109' title="bbox 1093 2501 1884 2537; baseline -0.004 -9"><span class='ocrx_word' id='word_1_736' title='bbox 1093 2502 1167 2528; x_wconf 82' lang='grc' dir='ltr'>τεύει</span> <span class='ocrx_word' id='word_1_737' title='bbox 1188 2501 1216 2528; x_wconf 77' lang='grc' dir='ltr'>δὲ</span> <span class='ocrx_word' id='word_1_738' title='bbox 1236 2502 1282 2528; x_wconf 79' lang='grc' dir='ltr'><strong>ἐπὶ</strong></span> <span class='ocrx_word' id='word_1_739' title='bbox 1298 2501 1490 2537; x_wconf 79' lang='grc' dir='ltr'>Ἰερουσαλὴμ,</span> <span class='ocrx_word' id='word_1_740' title='bbox 1505 2501 1551 2528; x_wconf 78' lang='grc' dir='ltr'>καὶ</span> <span class='ocrx_word' id='word_1_741' title='bbox 1573 2501 1637 2536; x_wconf 74' lang='grc' dir='ltr'>περὶ</span> <span class='ocrx_word' id='word_1_742' title='bbox 1661 2501 1712 2535; x_wconf 75' lang='grc' dir='ltr'>τῆς</span> <span class='ocrx_word' id='word_1_743' title='bbox 1732 2501 1884 2535; x_wconf 44' lang='lat'><strong>{16901:};-</strong></span> 
     </span>
    </p>
   </div>
   <div class='ocr_carea' id='block_1_110' title="bbox 1095 2546 1887 2583">
    <p class='ocr_par' dir='ltr' id='par_1_110' title="bbox 1095 2546 1887 2583">
     <span class='ocr_line' id='line_1_110' title="bbox 1095 2546 1887 2583; baseline -0.003 -9"><span class='ocrx_word' id='word_1_744' title='bbox 1095 2548 1140 2574; x_wconf 68' lang='grc' dir='ltr'>καὶ</span> <span class='ocrx_word' id='word_1_745' title='bbox 1154 2548 1199 2573; x_wconf 75' lang='grc' dir='ltr'>ἐπὶ</span> <span class='ocrx_word' id='word_1_746' title='bbox 1214 2547 1248 2574; x_wconf 73' lang='grc' dir='ltr'>τὰ</span> <span class='ocrx_word' id='word_1_747' title='bbox 1264 2547 1326 2583; x_wconf 77' lang='grc' dir='ltr'>ἔθνη</span> <span class='ocrx_word' id='word_1_748' title='bbox 1339 2547 1429 2583; x_wconf 74' lang='grc' dir='ltr'>Λίλὰμ</span> <span class='ocrx_word' id='word_1_749' title='bbox 1449 2548 1495 2574; x_wconf 81' lang='grc' dir='ltr'>καὶ</span> <span class='ocrx_word' id='word_1_750' title='bbox 1507 2546 1554 2573; x_wconf 75' lang='grc' dir='ltr'>τοῦ</span> <span class='ocrx_word' id='word_1_751' title='bbox 1568 2546 1655 2573; x_wconf 76' lang='grc' dir='ltr'>ἐλθεῖν</span> <span class='ocrx_word' id='word_1_752' title='bbox 1669 2546 1781 2581; x_wconf 81' lang='grc' dir='ltr'>βασιλέα</span> <span class='ocrx_word' id='word_1_753' title='bbox 1796 2546 1887 2572; x_wconf 63' lang='lat'><strong>8160-</strong></span> 
     </span>
    </p>
   </div>
   <div class='ocr_carea' id='block_1_111' title="bbox 1094 2592 1888 2629">
    <p class='ocr_par' dir='ltr' id='par_1_111' title="bbox 1094 2592 1888 2629">
     <span class='ocr_line' id='line_1_111' title="bbox 1094 2592 1888 2629; baseline -0.004 -9"><span class='ocrx_word' id='word_1_754' title='bbox 1094 2594 1195 2625; x_wconf 85' lang='grc' dir='ltr'>λῶνος,</span> <span class='ocrx_word' id='word_1_755' title='bbox 1218 2593 1265 2620; x_wconf 82' lang='grc' dir='ltr'><strong>τοῦ</strong></span> <span class='ocrx_word' id='word_1_756' title='bbox 1290 2593 1403 2628; x_wconf 62' lang='grc' dir='ltr'>ἐκκόψαι</span> <span class='ocrx_word' id='word_1_757' title='bbox 1435 2593 1484 2629; x_wconf 82' lang='grc' dir='ltr'>τὴν</span> <span class='ocrx_word' id='word_1_758' title='bbox 1510 2593 1562 2628; x_wconf 76' lang='grc' dir='ltr'>γῆν</span> <span class='ocrx_word' id='word_1_759' title='bbox 1585 2593 1739 2626; x_wconf 79' lang='grc' dir='ltr'>Αἰγύπτου·</span> <span class='ocrx_word' id='word_1_760' title='bbox 1764 2592 1811 2618; x_wconf 74' lang='grc' dir='ltr'>καὶ</span> <span class='ocrx_word' id='word_1_761' title='bbox 1840 2592 1888 2617; x_wconf 76' lang='grc' dir='ltr'><strong>ἐπὶ</strong></span> 
     </span>
    </p>
   </div>
   <div class='ocr_carea' id='block_1_112' title="bbox 1097 2637 1888 2675">
    <p class='ocr_par' dir='ltr' id='par_1_112' title="bbox 1097 2637 1888 2675">
     <span class='ocr_line' id='line_1_112' title="bbox 1097 2637 1888 2675; baseline -0.004 -9"><span class='ocrx_word' id='word_1_762' title='bbox 1097 2640 1258 2668; x_wconf 73' lang='grc' dir='ltr'>Βαϐυλῶνα·</span> <span class='ocrx_word' id='word_1_763' title='bbox 1287 2640 1334 2667; x_wconf 81' lang='grc' dir='ltr'>καὶ</span> <span class='ocrx_word' id='word_1_764' title='bbox 1371 2640 1467 2674; x_wconf 83' lang='grc' dir='ltr'>λόγος,</span> <span class='ocrx_word' id='word_1_765' title='bbox 1498 2639 1526 2666; x_wconf 71' lang='grc' dir='ltr'>ὃν</span> <span class='ocrx_word' id='word_1_766' title='bbox 1543 2639 1694 2666; x_wconf 77' lang='grc' dir='ltr'>ἐνετείλατο</span> <span class='ocrx_word' id='word_1_767' title='bbox 1715 2638 1820 2675; x_wconf 81' lang='grc' dir='ltr'>Κύριος</span> <span class='ocrx_word' id='word_1_768' title='bbox 1850 2637 1888 2671; x_wconf 76' lang='grc' dir='ltr'><strong>τῷ</strong></span> 
     </span>
    </p>
   </div>
   <div class='ocr_carea' id='block_1_113' title="bbox 1099 2684 1885 2724">
    <p class='ocr_par' dir='ltr' id='par_1_113' title="bbox 1099 2684 1885 2724">
     <span class='ocr_line' id='line_1_113' title="bbox 1099 2684 1885 2724; baseline -0.005 -10"><span class='ocrx_word' id='word_1_769' title='bbox 1099 2687 1219 2724; x_wconf 78' lang='grc' dir='ltr'>Ἱερεμίᾳ</span> <span class='ocrx_word' id='word_1_770' title='bbox 1244 2687 1330 2713; x_wconf 76' lang='grc' dir='ltr'>εἰπεῖν</span> <span class='ocrx_word' id='word_1_771' title='bbox 1349 2686 1388 2721; x_wconf 85' lang='grc' dir='ltr'>τῷ</span> <span class='ocrx_word' id='word_1_772' title='bbox 1411 2685 1516 2721; x_wconf 81' lang='grc' dir='ltr'>Σαραία</span> <span class='ocrx_word' id='word_1_773' title='bbox 1539 2684 1590 2720; x_wconf 85' lang='grc' dir='ltr'>υίῷ</span> <span class='ocrx_word' id='word_1_774' title='bbox 1619 2685 1742 2720; x_wconf 79' lang='grc' dir='ltr'>Νηρίου,</span> <span class='ocrx_word' id='word_1_775' title='bbox 1772 2686 1821 2712; x_wconf 73' lang='grc' dir='ltr'><strong>καὶ</strong></span> <span class='ocrx_word' id='word_1_776' title='bbox 1853 2685 1885 2718; x_wconf 81' lang='grc' dir='ltr'>τῇ</span> 
     </span>
    </p>
   </div>
   <div class='ocr_carea' id='block_1_114' title="bbox 1101 2729 1888 2767">
    <p class='ocr_par' dir='ltr' id='par_1_114' title="bbox 1101 2729 1888 2767">
     <span class='ocr_line' id='line_1_114' title="bbox 1101 2729 1888 2767; baseline -0.004 -9"><span class='ocrx_word' id='word_1_777' title='bbox 1101 2731 1237 2767; x_wconf 76' lang='grc' dir='ltr'>Ἰδουμαίᾳ</span> <span class='ocrx_word' id='word_1_778' title='bbox 1251 2752 1258 2764; x_wconf 91' lang='grc'><strong>,</strong></span> <span class='ocrx_word' id='word_1_779' title='bbox 1279 2731 1397 2762; x_wconf 78' lang='grc' dir='ltr'>καὶτοῖς</span> <span class='ocrx_word' id='word_1_780' title='bbox 1423 2731 1490 2762; x_wconf 83' lang='grc' dir='ltr'>υἱοῖς</span> <span class='ocrx_word' id='word_1_781' title='bbox 1509 2729 1637 2765; x_wconf 74' lang='grc' dir='ltr'>Ἀμμῶν,</span> <span class='ocrx_word' id='word_1_782' title='bbox 1658 2730 1707 2756; x_wconf 73' lang='grc' dir='ltr'>καὶ</span> <span class='ocrx_word' id='word_1_783' title='bbox 1729 2731 1763 2765; x_wconf 82' lang='grc' dir='ltr'>τῇ</span> <span class='ocrx_word' id='word_1_784' title='bbox 1789 2729 1888 2765; x_wconf 67' lang='grc' dir='ltr'>Κηδὶρ</span> 
     </span>
    </p>
   </div>
   <div class='ocr_carea' id='block_1_115' title="bbox 1097 2775 1888 2815">
    <p class='ocr_par' dir='ltr' id='par_1_115' title="bbox 1097 2775 1888 2815">
     <span class='ocr_line' id='line_1_115' title="bbox 1097 2775 1888 2815; baseline -0.004 -11"><span class='ocrx_word' id='word_1_785' title='bbox 1097 2778 1240 2813; x_wconf 84' lang='grc' dir='ltr'>βασιλίσσῃ</span> <span class='ocrx_word' id='word_1_786' title='bbox 1265 2776 1313 2812; x_wconf 81' lang='grc' dir='ltr'><strong>τῆς</strong></span> <span class='ocrx_word' id='word_1_787' title='bbox 1332 2776 1433 2812; x_wconf 77' lang='grc' dir='ltr'>αὐλῆς,</span> <span class='ocrx_word' id='word_1_788' title='bbox 1455 2777 1488 2812; x_wconf 79' lang='grc' dir='ltr'><strong>ἢν</strong></span> <span class='ocrx_word' id='word_1_789' title='bbox 1508 2776 1624 2808; x_wconf 76' lang='grc' dir='ltr'>ἐπάταξε</span> <span class='ocrx_word' id='word_1_790' title='bbox 1647 2775 1888 2815; x_wconf 59' lang='grc' dir='ltr'>Ναϐουχρδονότηρ</span> 
     </span>
    </p>
   </div>
   <div class='ocr_carea' id='block_1_116' title="bbox 1098 2818 1888 2859">
    <p class='ocr_par' dir='ltr' id='par_1_116' title="bbox 1098 2818 1888 2859">
     <span class='ocr_line' id='line_1_116' title="bbox 1098 2818 1888 2859; baseline -0.006 -9"><span class='ocrx_word' id='word_1_791' title='bbox 1098 2823 1221 2859; x_wconf 81' lang='grc' dir='ltr'>βασιλεὺς</span> <span class='ocrx_word' id='word_1_792' title='bbox 1232 2821 1399 2853; x_wconf 80' lang='grc' dir='ltr'>Βαϐυλῶνος,</span> <span class='ocrx_word' id='word_1_793' title='bbox 1411 2821 1457 2848; x_wconf 71' lang='grc' dir='ltr'>καὶ</span> <span class='ocrx_word' id='word_1_794' title='bbox 1469 2822 1501 2857; x_wconf 85' lang='grc' dir='ltr'><strong>τῇ</strong></span> <span class='ocrx_word' id='word_1_795' title='bbox 1517 2819 1665 2856; x_wconf 79' lang='grc' dir='ltr'>Δαμασκῷ,</span> <span class='ocrx_word' id='word_1_796' title='bbox 1677 2821 1725 2846; x_wconf 70' lang='grc' dir='ltr'>καὶ</span> <span class='ocrx_word' id='word_1_797' title='bbox 1736 2822 1770 2855; x_wconf 84' lang='grc' dir='ltr'>τῇ</span> <span class='ocrx_word' id='word_1_798' title='bbox 1785 2818 1888 2850; x_wconf 75' lang='grc' dir='ltr'>Μωέιϐ.</span> 
     </span>
    </p>
   </div>
   <div class='ocr_carea' id='block_1_117' title="bbox 1097 2862 1889 2902">
    <p class='ocr_par' dir='ltr' id='par_1_117' title="bbox 1097 2862 1889 2902">
     <span class='ocr_line' id='line_1_117' title="bbox 1097 2862 1889 2902; baseline -0.006 -7"><span class='ocrx_word' id='word_1_799' title='bbox 1097 2868 1142 2895; x_wconf 71' lang='grc' dir='ltr'>καὶ</span> <span class='ocrx_word' id='word_1_800' title='bbox 1158 2867 1204 2894; x_wconf 80' lang='grc' dir='ltr'><strong>ἐπὶ</strong></span> <span class='ocrx_word' id='word_1_801' title='bbox 1222 2866 1408 2902; x_wconf 79' lang='grc' dir='ltr'>Ἰερουσαλὴμ,</span> <span class='ocrx_word' id='word_1_802' title='bbox 1422 2867 1469 2893; x_wconf 74' lang='grc' dir='ltr'>καὶ</span> <span class='ocrx_word' id='word_1_803' title='bbox 1486 2867 1531 2893; x_wconf 74' lang='grc' dir='ltr'>ἐπὶ</span> <span class='ocrx_word' id='word_1_804' title='bbox 1559 2865 1671 2897; x_wconf 81' lang='grc' dir='ltr'>Ἰούδαν,</span> <span class='ocrx_word' id='word_1_805' title='bbox 1691 2865 1739 2892; x_wconf 70' lang='grc' dir='ltr'><strong>καὶ</strong></span> <span class='ocrx_word' id='word_1_806' title='bbox 1756 2865 1796 2897; x_wconf 77' lang='grc' dir='ltr'><strong>εἰς</strong></span> <span class='ocrx_word' id='word_1_807' title='bbox 1811 2862 1889 2891; x_wconf 74' lang='grc' dir='ltr'>οἷκον</span> 
     </span>
    </p>
   </div>
   <div class='ocr_carea' id='block_1_118' title="bbox 1103 2910 1888 2950">
    <p class='ocr_par' dir='ltr' id='par_1_118' title="bbox 1103 2910 1888 2950">
     <span class='ocr_line' id='line_1_118' title="bbox 1103 2910 1888 2950; baseline -0.004 -10"><span class='ocrx_word' id='word_1_808' title='bbox 1103 2913 1260 2950; x_wconf 63' lang='grc' dir='ltr'><strong>Ῥηκαῆεὶμ,</strong></span> <span class='ocrx_word' id='word_1_809' title='bbox 1278 2913 1325 2941; x_wconf 72' lang='grc' dir='ltr'>καὶ</span> <span class='ocrx_word' id='word_1_810' title='bbox 1351 2912 1403 2940; x_wconf 82' lang='grc' dir='ltr'><strong>τῶν</strong></span> <span class='ocrx_word' id='word_1_811' title='bbox 1425 2912 1489 2939; x_wconf 82' lang='grc' dir='ltr'>υἱῶν</span> <span class='ocrx_word' id='word_1_812' title='bbox 1516 2910 1661 2943; x_wconf 79' lang='grc' dir='ltr'>Ἰωναδὰὸ,</span> <span class='ocrx_word' id='word_1_813' title='bbox 1686 2912 1744 2942; x_wconf 70' lang='grc' dir='ltr'>τοῖς</span> <span class='ocrx_word' id='word_1_814' title='bbox 1765 2919 1795 2938; x_wconf 78' lang='grc' dir='ltr'><strong>τε</strong></span> <span class='ocrx_word' id='word_1_815' title='bbox 1819 2911 1888 2939; x_wconf 77' lang='grc' dir='ltr'>Ἰου-</span> 
     </span>
    </p>
   </div>
  </div>
