2035 3214
167 191 239 220 1269

165 251 265 284 δαίοις,
283 254 339 285 τοῖς
362 257 535 284 κατοικοῦσιν
548 258 577 285 ἐν
595 261 630 295 γῇ
656 261 807 295 Αἰγύπτου·
826 265 872 292 καὶ

168 296 332 332 καθημένοις
349 300 377 326 ὲν
394 301 530 339 Μαγδάλῳ
549 304 596 331 καὶ
612 306 657 332 ἐπὶ
671 306 781 342 Ταφνᾶς
791 329 797 341 ,
813 310 858 336 καὶ
874 311 902 338 ἐν

166 343 319 391 ξῐαθουρῆς.
336 345 406 381 Πρός
428 356 458 374 τε
479 348 524 375 τὸν
552 350 669 387 Βαροὺχ,
698 354 742 380 ὅτε
766 355 869 391 ἔγραψε

165 388 260 423 λόγους
274 390 386 424 τούτους
399 394 428 420 έν
440 393 479 428 τῷ
494 395 588 431 βιϐλίῳ
601 398 655 424 ἀπὸ
668 388 954 440 στόματος-Ἰερεμίουί

165 433 290 470 Περιέχει
306 435 335 461 δὲ
360 437 389 463 τὸ
407 437 509 472 βιϐλίον
532 441 579 467 ἐπὶ
601 442 694 475 τέλους
706 433 723 477 ,ν
736 445 777 472 ὅτι
793 447 818 473 οἱ
835 433 954 476 ’ίουδαῖοι

165 479 385 514 ἐπιϐουλεύοντες
400 483 438 519 τῷ
455 487 591 523 προφήτῃ,
605 488 720 524 ἔρριψαν
738 493 818 519 αὑτὸν
831 495 871 526 είς
890 495 955 523 λάκ-

164 535 212 552 κον
227 526 365 563 βορϐόρου,
375 530 590 569 καὶἊϐδεμέλεχ
600 535 695 571 Αἰθίοψ
710 538 845 574 ἀνήγαγεν
862 541 952 569 αὐτόν.

269 598 321 625 Διὰ
334 599 363 626 τί
377 600 481 637 Βαροὺχ
496 603 650 639 ἐπιγράφει
663 606 695 632 τὸ
709 607 851 642 ,βιϐλίον;

204 642 312 680 Ἐπειδὴ
345 643 422 678 οὗτος
446 648 555 684 γράψας
579 650 632 677 ἀπὸ
658 652 791 688 στόματος
818 656 951 692 Ἰερεμίου

161 689 225 721 τοὺς
240 690 268 716 ἐν
283 690 321 726 τῷ
338 691 431 728 βιϐλίῳ
447 693 542 729 λόγους
552 715 560 726 ,
582 696 686 732 ἀνέγνω
703 701 758 731 τοῖς
773 700 801 727 ὲν
813 703 845 737 τῇ
855 689 951 729 ’Βάθυ-

161 733 226 762 λώνι
243 737 493 771 αῑχμαλωτισϐεῖσι,
513 742 758 779 παραμυθούμενος
774 747 888 781 αὐτοὺς,
905 750 952 776 καὶ

160 781 394 818 ἐπαγγελλόμενος
406 785 497 817 αὐτοῖς
509 787 558 823 τὴν
573 789 648 824 παρὰ
662 790 729 817 Θεοῦ
747 792 850 820 ἐλπίδα.

266 829 316 856 Διὰ
330 831 358 856 τί
372 830 471 866 Θρῆνοι
485 833 639 868 ἐπιπράρει
655 836 687 862 τὸ
698 838 836 871 ,ϐίϐλιοιτ

203 873 312 911 Ἐπειδὴ
326 877 388 908 τοὺς
402 877 497 912 λόγους
516 880 627 912 τούτους
648 881 797 918 ὲθρήνησεν
817 885 948 921 Ἱερεμίας

764 202 813 230 DE
830 204 919 233 vms
938 202 1208 241 PROPllETARUM.

1728 223 1793 252 £270

897 268 952 299 τοῖς
967 271 989 299 Α
1004 269 1144 305 Taphnas,
1169 274 1271 310 quique
1302 274 1437 306 Patnures
1458 279 1597 315 regionem
1620 281 1791 316 incolebant;

1007 314 1113 344 Baruch
1125 319 1252 355 denique,
1269 329 1331 349 cum
1344 323 1396 351 ista
1411 324 1445 351 ab
1458 314 1505 353 ore
1516 325 1658 356 Ilieremite
1668 334 1791 365 excepta,

1007 361 1035 388 in
1053 362 1123 391 libro
1140 365 1318 394 describeret.
1336 367 1435 396 Narrat
1452 378 1535 406 porro
1562 373 1613 401 sub
1635 373 1716 402 tinem
1735 361 1793 411 quo

1007 412 1087 443 pacto
1098 416 1242 446 exceptum
1265 420 1313 448 per
1329 414 1444 444 insidias
1469 418 1628 453 prophetam
1653 420 1681 448 in
1699 429 1794 450 coeno.

1008 462 1068 482 sum
1088 456 1178 484 lacum
1199 459 1376 494 projecerint,
1395 463 1468 491 unde
1481 468 1523 492 est
1546 473 1593 500 per
1608 466 1791 496 Abdemelech

1007 501 1163 539 Ethiopem
1179 509 1327 535 extractus.

1176 614 1231 644 Cur
1250 617 1357 645 Barucb
1377 618 1473 646 librum
1486 620 1627 649 inscribit?

1042 660 1110 694 Quia
1127 669 1189 697 quin
1205 662 1359 691 Hieremias
1372 665 1500 698 dictarat,
1516 667 1544 693 in
1565 667 1636 694 libro
1653 675 1668 695 a
1691 676 1720 696 se
1746 669 1791 697 de-

1004 707 1109 743 scripta
1123 708 1242 744 captivis
1258 710 1329 745 apud
1349 709 1513 746 Babylonem
1539 713 1675 747 recitavit,
1691 722 1791 744 conso-

1004 753 1063 781 lans
1079 761 1127 782 eos
1140 758 1168 781 et
1181 755 1276 782 auxilii
1292 763 1367 791 spem
1381 763 1396 782 a
1410 756 1465 784 Deo
1479 758 1609 786 nuntians

1098 843 1186 876 Quare
1206 843 1428 873 Lamentationes
1447 846 1543 874 librum
1562 848 1702 877 inscribit?

1040 888 1109 922 Quia
1126 890 1221 918 verbis
1236 891 1298 919 istis
1313 891 1562 928 Hierosolymorum
1585 900 1611 922 et
1638 897 1729 931 populi
1743 899 1787 932 qui

161 917 226 971 περὶ
238 919 286 954 τῆς
306 920 491 959 Ἰερουσαλὴμ,
511 924 556 951 ὅτε
577 925 663 959 ἑάλω,
682 917 728 954 καὶ
743 917 942 966 αἰχμαλωτίσθτ

1044 917 1062 922 η
1248 917 1256 918 ,
1275 917 1295 919 η
1313 917 1317 918 ν
1338 917 1562 928 α----.;...-.η...
1586 917 1594 922 ς

1003 936 1130 971 captivus
1145 942 1205 964 erat
1222 938 1350 967 miserias
1363 939 1527 970 lamentatus
1542 947 1594 971 est.

159 963 175 990 ὀ
185 962 258 996 λαός.

262 1011 314 1038 Διὰ
329 1013 359 1039 τι
380 1013 522 1051 Ἐπιστολὴ
541 1015 671 1053 Ἰερεμίου
687 1022 836 1054 καλεῖται;

202 1055 310 1093 Ἐπειδὴ
338 1059 439 1096 ταύτην
469 1061 587 1098 ἔγραψεν
611 1065 744 1100 Ἱερεμίας
775 1069 830 1100 τοῖς
862 1070 890 1096 ὲν
915 1071 948 1106 τῇ

157 1103 347 1140 αἰχμαλωσίᾳ,
366 1106 436 1133 κατὰ
452 1107 505 1134 τῶν
531 1109 647 1137 εἰδώλων
662 1112 878 1150 ἀσφαλιζόμενος
901 1103 949 1142 αὑΙ

157 1148 237 1180 τοὺς,
265 1150 308 1176 ἵνα
326 1151 373 1187 μὴ,
395 1151 541 1186 βλέποντες
566 1155 652 1189 αὐτὰ,
677 1160 870 1195 συναπαχθῶσι
893 1163 949 1194 τοῖς

158 1193 315 1230 σεϐομένοις
331 1197 409 1224 αὐτά.

253 1250 423 1279 ἸΕΣΕΚΠΙᾹ
438 1253 498 1290 (sic)
519 1255 596 1282 ΥΙΟΣ
617 1258 716 1286 ΒΟΥΖΙ
732 1260 861 1289 ΙΕΡΕΩΣ.

193 1303 276 1338 Οὗτος
292 1307 320 1333 ὲν
333 1309 365 1344 τῇ
376 1310 546 1347 αἰχμαλωσίᾳ
562 1313 656 1347 γέγονε
672 1315 740 1350 μετὰ
757 1316 890 1352 Ἰερεμίαν
903 1320 948 1346 καὶ

155 1350 194 1386 τῷ
210 1351 327 1388 πέμπτῳ
345 1353 399 1380 ἔτει
419 1356 468 1391 τῆς
480 1357 670 1393 αἰχμαλωσίας
695 1350 832 1398 Ἰωακείμ-
847 1363 948 1399 ἤρξατο

155 1397 347 1432 προφητεύειν.
376 1400 458 1435 Λόγος
471 1402 498 1429 δὲ
513 1404 615 1439 Κυρίου
638 1406 745 1440 ἐγένετο
762 1409 830 1444 πρὸς
846 1397 926 1437 αυτόν
939 1420 946 1427 ”

155 1443 203 1469 καὶ
221 1443 315 1478 ὅρασιν
339 1446 386 1480 μὲν
401 1447 517 1484 ἐξαρχῆς
541 1449 610 1482 ζώου
628 1453 858 1489 τετραπροσώπου
882 1456 946 1484 θαυ-

156 1489 261 1523 μαστὴν
286 1490 332 1516 καὶ
356 1492 615 1531 ὲκπληκτικιιιτεὶτην
647 1498 695 1524 κα)⁸
730 1499 947 1536 δυσερμήνευτον

153 1534 214 1568 ὁρᾷ.
227 1534 396 1570 Προφητεύει
418 1538 446 1564 δὲ
466 1539 511 1565 ἐπὶ
532 1541 590 1572 τοὺς
604 1543 745 1578 προφήτας
760 1534 945 1584 τοῧἺἸ-σραὴλ,

153 1580 201 1605 καὶ
211 1581 328 1614 περὶτοῦ
338 1581 416 1614 Ξὺλου
431 1585 479 1619 τῆς
490 1585 624 1620 ἀμπέλου,
637 1589 683 1614 καὶ
690 1589 812 1626 διήγημα
826 1580 943 1629 περὶτοῦ

153 1623 243 1656 ἀετοῦ,
261 1627 306 1652 καὶ
329 1626 542 1664 διαμαρτύρεται
574 1632 602 1667 τῇ
626 1633 802 1671 Ἰερουσαλὴμ
818 1636 867 1668 τὰς
881 1639 943 1665 ἀνο-

153 1669 230 1704 μίας,
248 1672 356 1704 καὶτὰς
372 1674 508 1709 ἁμαρτίας
538 1677 639 1713 αὐτῆς·
664 1680 727 1714 περί
740 1669 837 1718 τεντῆς
856 1692 945 1719 παρα-

153 1715 244 1750 ϐολῆς,
266 1716 300 1753 ἦς
320 1718 422 1753 ἔλεγον,
438 1721 462 1747 οἱ
478 1722 594 1758 πατέρες
615 1724 714 1759 ἔφαγον
725 1715 846 1763 ὗμφακα,
860 1715 905 1757 καί
918 1731 943 1757 οἱ

152 1761 258 1795 ὀδόντες
270 1764 324 1790 τῶν
341 1766 444 1793 τέκνων
460 1769 624 1803 ἑμωδίασαν.
647 1773 701 1798 Καὶ
715 1775 771 1806 τοῖς
793 1776 860 1808 υἱοῖς
878 1777 943 1812 Ἀμ-

153 1807 224 1843 μὼν,
241 1810 287 1836 καὶ
308 1812 372 1847 περὶ
387 1813 437 1848 τῆς
457 1814 559 1847 Ὀολᾶς,
571 1816 617 1842 καὶ
631 1817 680 1852 τῆς
699 1819 817 1853 Ὀλιϐᾶς.
829 1807 883 1848 Καὶ
895 1807 942 1850 ἐπὶ

152 1853 223 1890 Σοὺρ
236 1854 343 1891 θρῆνον,
359 1858 406 1884 καὶ
417 1859 463 1885 ἐπὶ
479 1860 590 1894 Σιδῶνα,
610 1863 657 1889 καὶ
670 1864 734 1899 περὶ
757 1866 864 1902 ἡμέρας
885 1869 942 1895 Κυ-

152 1900 222 1936 ρίου,
240 1903 286 1928 καὶ
312 1903 350 1938 τῷ
365 1905 463 1940 Φαραὼ
480 1906 585 1942 βασιλεί
598 1909 735 1943 Αἰγύπτου
749 1931 757 1944 ,
782 1914 828 1939 καὶ
845 1913 942 1950 Θρῆνον

151 1946 198 1972 ἐπὶ
225 1947 333 1983 Φαραὼ,
353 1950 399 1976 καὶ
412 1951 461 1987 τὴν
480 1953 625 1988 Αἴγυπτον,
640 1956 687 1982 καὶ
700 1957 746 1983 ἐπὶ
764 1958 827 1994 ὅρος
842 1946 939 1997 Σῇεὶρ,

150 1992 199 2019 καὶ
209 1994 272 2028 περὶ
281 1995 334 2020 τῶν
351 1995 450 2024 ὀστέων
465 1998 518 2025 τῶν
529 1999 733 2037 ἀναζησάντων,
750 2004 796 2030 καὶ
808 2005 855 2031 ἐπὶ
867 2006 886 2031 Γ
887 1992 939 2040 ὼΙγ,

149 2037 199 2087 ἶιαὶ
223 2038 271 2074 τὴν
293 2041 345 2075 γῆν
365 2041 410 2069 τοῦ
426 2043 549 2079 Μαγώγ·
565 2045 603 2081 τῷ
616 2056 645 2073 τε
657 2048 766 2084 ἄρχοντι
785 2050 873 2087 Τύρου
892 2037 940 2080 καί

149 2082 249 2119 θρῆνον
277 2087 338 2113 κατ’
359 2088 452 2122 αὐτοῦ,
472 2092 518 2117 καὶ
542 2094 605 2124 τοῖς
622 2095 688 2126 υἱοῖς
704 2095 749 2122 τοῦ
764 2096 829 2123 λαοῦ
846 2098 937 2132 αὐτοῦ,

147 2129 198 2157 καὶ
227 2131 274 2158 ἐπὶ
302 2134 365 2165 τοὺς
391 2136 524 2170 ποιμένας
539 2138 585 2164 τοῦ
604 2140 726 2176 Ἰσραήλ*
747 2143 794 2170 καὶ
807 2144 837 2170 τὸ
848 2129 939 2172 τελευξ

146 2177 223 2203 ταίον
238 2178 288 2213 τὴν
314 2180 456 2217 οίκοδομὴν
477 2182 524 2209 τοῦ
539 2184 615 2218 ναοῦ,
632 2186 679 2213 καὶ
694 2187 744 2222 τῆς
761 2189 938 2228 Ἰερουσαλὴμ

145 2221 307 2259 διαγράφων
319 2228 494 2262 προφητεύει.

346 2272 397 2300 Διὰ
414 2274 442 2300 τι
456 2275 554 2311 Δανιὴλ
572 2278 722 2311 ualebat;

190 2315 298 2352 Ἐπειδὴ
313 2318 360 2344 καὶ
374 2319 455 2351 αὐτὸς
468 2321 497 2346 ὲν
509 2323 540 2357 τῇ
555 2324 728 2361 αἰχμαλωσίᾳ
742 2327 870 2362 γεγονὼς,
885 2329 937 2362 ἕως

145 2359 194 2385 τοῦ
209 2359 339 2394 βασιλέως
364 2363 456 2398 Κύρου
471 2364 518 2390 τοῦ
534 2366 650 2402 Πέρσου,
671 2368 706 2394 τὰ
717 2359 859 2404 μέν-κατὰ
873 2373 938 2399 Σου-

147 2403 247 2431 σάνναν
272 2407 359 2442 κρίνει
375 2408 480 2441 atii-.qu
493 2411 540 2437 καὶ
559 2414 716 2448 κατακρίνει
735 2417 799 2448 τοὺς
818 2419 937 2453 πρεσϐυ-

145 2450 242 2486 τέρους
256 2453 293 2484 ὡς
318 2455 489 2489 συκοφάντας
501 2465 508 2472 ·
525 2456 559 2483 τὰ
573 2457 601 2484 δὲ
620 2459 666 2484 τοῦ
681 2460 812 2494 βασιλέως
824 2464 936 2491 ἐνύπνια

145 2496 227 2528 αὐτὸς
253 2499 417 2534 ἀπαγγέλλει
433 2510 462 2528 τε
485 2502 531 2529 καὶ
554 2503 697 2539 ἑρμηνεύει
710 2515 716 2520 ·
735 2506 827 2541 βλέπει
845 2509 873 2535 δὲ
889 2511 935 2537 καὶ

144 2543 254 2578 ὁράσεις
269 2545 390 2578 τελείας·
407 2549 472 2584 περὶ
496 2549 544 2584 μὲν
563 2550 617 2576 τῶν
635 2550 778 2585 βασιλειῶν
799 2554 855 2586 δύο,
872 2557 935 2592 περὶ

142 2589 173 2615 δὲ
197 2589 246 2624 τῆς
271 2591 318 2618 τοῦ
336 2593 463 2630 Σωτῆρος
484 2595 644 2631 παρουσίας,
668 2598 714 2624 καὶ
738 2601 934 2634 καταπαύσεως

143 2635 195 2670 τῆς
222 2636 407 2675 Ἰερουσαλὴμ,
434 2642 547 2678 καὶτῆς
577 2643 759 2679 Ἀντιχρίστου
785 2648 935 2683 παρουσίας

142 2683 200 2711 δύο.
228 2685 364 2721 Διηγείται
390 2688 417 2714 δὲ
433 2690 496 2724 περὶ
519 2692 669 2728 μαρτυρίου
689 2693 802 2730 Σεδρὰχ,
822 2696 932 2731 Μησὰχ,

150 2730 315 2766 Ἀϐδεναγὼ,
340 2734 386 2760 καὶ
406 2734 461 2761 τῶν
485 2736 576 2772 ὕμνων
591 2738 697 2765 αὐτῶν·
721 2741 768 2767 καὶ
797 2742 837 2769 ὄτι
857 2743 933 2770 αὐτοὶ

145 2775 194 2811 μὲν
217 2777 394 2814 διεσώθησαν,
417 2782 440 2807 οἱ
463 2782 490 2808 δὲ
512 2783 686 2817 ὑποκαίοντες
701 2788 932 2825 κατεφλέχθησαν,

143 2821 191 2848 καὶ
224 2823 346 2858 μετέγνω
363 2825 504 2862 βασιλεύςο
522 2829 568 2855 καὶ
592 2830 632 2856 ὅτι
651 2831 733 2863 αὐτὸς
750 2821 875 2869 διεῧλῆοῆ
892 2821 932 2867 εἰς

142 2867 188 2893 τὸν
201 2867 300 2896 λάκκον
308 2870 362 2897 τῶν
373 2871 486 2899 λεόντων
498 2882 504 2888 ·
519 2874 550 2900 τὺ
565 2875 613 2910 μὲν
632 2876 749 2912 πρῶτον,
771 2879 862 2915 ἐπειδὴ
879 2880 932 2907 τῶν

144 2912 320 2942 Βαϐυλωνίων
345 2919 568 2953 προσευχομένων
582 2921 686 2956 Δαρείῳ
702 2922 741 2957 τῷ
755 2912 869 2957 βασιλεέ,
883 2926 930 2959 μό-

1151 1024 1206 1052 Cur
1225 1025 1345 1061 Epistola
1360 1027 1505 1057 Hieremiae
1519 1029 1640 1058 dicitur?

1038 1069 1108 1102 Quia
1128 1070 1215 1105 ipsam
1236 1072 1347 1107 scripsit
1363 1072 1514 1102 Hieremias
1529 1076 1564 1103 ad
1582 1076 1720 1111 captivum
1738 1084 1787 1112 po-

1001 1115 1111 1149 pulum,
1140 1120 1170 1142 ut
1194 1116 1319 1144 eumdem
1338 1118 1470 1147 adversus
1497 1120 1570 1148 idola
1595 1122 1786 1158 conﬁrmaret,

1000 1169 1035 1189 ne
1058 1162 1106 1197 qui
1128 1163 1187 1198 ipsa
1211 1163 1400 1199 intuebantur,
1420 1166 1453 1193 ad
1471 1174 1566 1195 eorum
1587 1169 1708 1202 cultum,
1723 1175 1786 1197 cum

1000 1207 1034 1236 iis
1050 1215 1066 1234 a
1083 1208 1189 1243 quibus
1206 1211 1377 1244 colebantur,
1396 1217 1559 1247 raperentur

1074 1265 1243 1295 EZECHIEL
1261 1268 1340 1315 BUSI
1358 1269 1574 1299 SACERDOTIS
1592 1271 1714 1301 FILIUS.

1037 1321 1098 1350 Fuit
1126 1323 1170 1350 hic
1195 1325 1361 1360 captivitatis
1377 1330 1498 1363 tempore
1523 1333 1584 1364 post
1608 1329 1783 1366 Hieremiam,

999 1375 1127 1404 annoque
1147 1371 1244 1405 quinto
1262 1371 1377 1400 Joacimi
1397 1375 1563 1409 captivitatis
1589 1377 1671 1412 cmpit
1691 1377 1785 1405 vatici-

1000 1416 1071 1442 nari.
1090 1415 1189 1444 Factus
1203 1422 1246 1446 est
1260 1423 1350 1446 autem
1372 1428 1479 1453 sermo,
1499 1420 1569 1448 facta
1591 1422 1654 1449 item
1676 1422 1783 1451 Domini

998 1470 1096 1489 manus
1123 1463 1156 1490 ad
1180 1471 1252 1496 eum,
1278 1464 1465 1501 visionemquc
1481 1467 1558 1494 initio
1589 1468 1785 1503 quadriformis

999 1507 1127 1535 animalis
1155 1509 1222 1535 vidit
1251 1509 1402 1538 mirabilem
1431 1512 1603 1548 maximeque
1634 1513 1784 1542 formidan-

999 1553 1060 1580 dam
1073 1573 1080 1585 ,
1097 1557 1124 1581 et
1142 1554 1326 1589 explicatione
1340 1556 1486 1584 diilicilem.
1505 1558 1677 1587 Vaticinatur
1693 1564 1783 1588 autem

1000 1599 1027 1626 in
1054 1600 1201 1634 prophetas
1227 1599 1327 1633 Israel.
1350 1602 1438 1637 deque
1459 1603 1533 1638 ligno
1551 1605 1626 1632 vitis.
1648 1606 1730 1633 Addit
1756 1611 1782 1634 et

997 1647 1184 1673 narrationem
1205 1646 1239 1674 de
1254 1648 1343 1682 aquila
1353 1667 1361 1680 ,
1376 1649 1582 1685 insectaturque
1597 1652 1673 1678 urbis
1688 1652 1782 1679 Hiero-

998 1689 1166 1725 solymorum
1192 1691 1351 1727 iniquitates
1378 1697 1402 1720 et
1425 1698 1546 1729 peccata.
1577 1695 1694 1723 Disserit
1714 1697 1781 1724 item

996 1734 1030 1762 dc
1061 1736 1241 1765 similitudine
1267 1747 1348 1773 quam
1380 1740 1569 1775 usurpabant,
1599 1749 1662 1769 cum
1689 1746 1782 1778 patres

996 1788 1062 1808 suos
1079 1782 1194 1810 acerbas
1212 1791 1278 1811 uvas
1295 1784 1463 1818 comedisse,
1483 1786 1530 1813 sed
1547 1786 1643 1815 dentes
1662 1787 1714 1815 sibi
1725 1784 1780 1815 ’01)-

996 1828 1136 1862 stupuisse
1152 1830 1286 1858 dicerent.
1303 1831 1430 1868 Disputat
1444 1834 1525 1861 etiam
1541 1835 1575 1862 de
1594 1834 1677 1869 Oola,
1693 1835 1780 1872 deque

996 1872 1093 1907 0liba,
1118 1879 1146 1903 et
1169 1876 1292 1913 adjungit
1313 1878 1404 1906 [letum
1429 1880 1456 1907 in
1484 1879 1548 1913 Sur,
1577 1881 1603 1908 in
1629 1881 1778 1917 Sidonem;

994 1919 1209 1955 disputationem
1225 1923 1259 1952 de
1274 1924 1318 1951 die
1342 1924 1464 1957 Domini.
1492 1927 1526 1954 de
1551 1927 1693 1957 Pharaone
1717 1936 1780 1965 rege

994 1963 1125 2000 Egypti,
1157 1975 1217 1994 cum
1248 1969 1335 2003 ipsius
1364 1973 1391 1997 et
1420 1971 1493 2006 regni
1522 1972 1716 2001 lamentatione
1746 1963 1779 2001 de

994 2015 1085 2039 monte
1104 2011 1184 2046 Seir;
1213 2013 1247 2041 de
1274 2015 1385 2044 ossibus
1407 2025 1503 2044 eorum
1530 2019 1576 2053 qui
1601 2019 1777 2053 revixerunt;

992 2056 1026 2083 de
1044 2056 1100 2092 Gug
1112 2077 1119 2090 ,
1140 2058 1173 2086 de
1192 2063 1265 2086 terra
1286 2060 1397 2097 Magog,
1415 2063 1448 2091 de
1464 2063 1527 2100 Tyri
1544 2065 1681 2101 principe,
1699 2074 1778 2101 quem

991 2111 1053 2130 cum
1076 2104 1140 2132 ﬁliis
1166 2107 1258 2141 populi
1287 2107 1328 2135 sui
1359 2108 1535 2141 lamentatur.
1562 2110 1596 2138 de
1620 2112 1777 2147 pastoribus

992 2148 1084 2177 lsrael.
1103 2150 1274 2179 Vaticinatur
1287 2152 1405 2188 denique
1421 2154 1454 2182 de
1470 2155 1563 2191 templi
1585 2160 1613 2184 et
1635 2158 1712 2185 urbis
1736 2158 1778 2185 iu-
1824 2191 1826 2194 ν

992 2196 1160 2224 stauratione
1175 2205 1258 2232 quam
1274 2198 1406 2234 depingit.

1211 2286 1300 2320 Quare
1317 2286 1411 2327 Daniel
1426 2294 1534 2316 uocatur
1544 2292 1557 2317 ?

1027 2330 1097 2364 Quia
1114 2336 1140 2359 et
1158 2332 1217 2366 ipse
1233 2333 1260 2360 in
1276 2333 1436 2368 captivitate
1455 2334 1505 2361 fuit
1522 2335 1555 2362 ad
1573 2335 1672 2371 Cyrum
1689 2345 1776 2373 usque

987 2375 1132 2404 Persarum
1155 2385 1255 2413 regem.
1279 2379 1413 2408 Susanna
1431 2381 1540 2415 quidem
1556 2389 1685 2415 causam,
1703 2384 1776 2412 dam-

989 2423 1062 2450 natis
1083 2423 1228 2452 calumnia:
1239 2433 1320 2460 paena
1342 2427 1512 2459 senioribus,
1532 2428 1683 2462 judicavit:
1702 2432 1774 2466 regis

988 2473 1080 2496 autem
1097 2472 1202 2498 somnia
1217 2472 1327 2504 retulit,
1348 2477 1376 2500 et
1400 2473 1597 2508 interpretatus
1622 2480 1674 2502 est.
1700 2475 1774 2503 Vidit

989 2524 1072 2551 perro
1094 2517 1215 2546 visiones
1232 2519 1357 2547 eximias.
1378 2519 1415 2547 De
1438 2522 1529 2556 regnis
1550 2523 1660 2557 quidem
1683 2523 1771 2555 duas;

987 2562 1057 2589 duas
1065 2562 1130 2590 item
1145 2563 1176 2591 de
1186 2563 1336 2592 Salvatoris
1342 2564 1470 2598 adventu,
1482 2566 1569 2601 deque
1580 2567 1773 2605 Hierosolymae

987 2609 1090 2643 requie.
1117 2613 1143 2637 et
1166 2611 1332 2639 Antcchristi
1357 2620 1479 2640 accessu.
1507 2613 1604 2640 Narrat
1636 2619 1772 2650 praetcrea

987 2655 1150 2689 martyrium
1166 2655 1300 2692 Sydrach,
1319 2657 1421 2686 Misach
1447 2661 1474 2686 et
1490 2658 1647 2695 Abdenago,
1665 2668 1773 2688 eorum-

986 2705 1038 2731 que
1053 2700 1188 2727 canticum
1204 2710 1209 2727 :
1229 2705 1311 2736 utque
1326 2703 1440 2731 servatis
1455 2703 1532 2737 ipsis.
1549 2703 1699 2731 combustis
1722 2712 1772 2730 au-

987 2748 1042 2770 tem
1072 2746 1118 2780 qui
1152 2746 1243 2781 ignem
1277 2748 1482 2781 succedebant,
1513 2757 1603 2784 regem
1633 2750 1769 2785 pmnituil.

984 2789 1079 2816 Narral
1103 2792 1186 2818 etiam
1210 2796 1240 2818 ut
1252 2797 1294 2820 est
1307 2793 1333 2820 in
1363 2794 1470 2821 leonum
1497 2795 1583 2822 lacum
1607 2795 1769 2830 coujectus;

985 2836 1100 2870 primum
1121 2836 1229 2871 quidem
1254 2840 1326 2873 quod
1342 2839 1452 2867 Darium
1477 2850 1566 2876 regem
1592 2843 1771 2872 adorantihus

983 2881 1138 2917 Babyloniis
1163 2883 1308 2914 omnibus.
1336 2885 1412 2912 solus
1439 2886 1497 2920 ipse
1520 2886 1603 2914 Deum
1621 2888 1767 2922 adorarctj

984 2927 1080 2955 deinde
1097 2936 1161 2957 vero
1178 2929 1250 2964 quod
1267 2929 1312 2956 Bel
1332 2934 1359 2958 et
1380 2931 1527 2960 draconem
1546 2934 1597 2962 sub
1614 2934 1685 2970 Cyro
1707 2943 1768 2970 rege
