2035 3214
188 179 258 203 ηἰὶ)
769 179 927 208 CANONES
945 180 1187 211 ΕνΑΝοΕιιοιιι]
1193 183 1227 210 Μ.
1739 186 1808 213 ηπ

188 233 263 269 παρὰ
279 233 310 264 τὸ
325 234 443 271 καθῆκον
456 236 592 271 λαθραίως
604 237 742 273 ἐπιχειρῇ·
763 239 809 265 καὶ
823 239 892 275 αὕτη
911 241 940 266 δὲ
957 241 973 276 ἡ

1034 250 1077 277 [ue
1091 242 1210 275 animus,
1225 243 1271 278 qui
1287 249 1341 270 non
1353 251 1430 278 mque
1443 248 1485 272 est
1494 244 1606 272 aﬂ‘ectus
1620 251 1684 278 erga
1700 244 1752 272 sibi
1762 245 1810 272 be-

187 281 303 308 ἑκάστου
323 282 450 315 διάθεσις,
474 283 511 319 μὴ
535 284 634 318 ὁμοίως
657 284 826 321 διακειμένου
851 287 918 324 πρός
944 296 974 314 τε

1034 288 1151 321 nevolos,
1165 293 1247 324 atque
1261 288 1394 317 adversus
1406 298 1453 317 eos
1470 291 1517 325 qui
1532 291 1584 318 sibi
1599 297 1697 317 nocere
1709 297 1811 317 conan-

187 327 250 360 τοὺς
275 328 484 363 εὐεργετοῦντας
505 329 552 356 καὶ
577 330 645 365 πρὸς
664 332 728 363 τοὺς
750 331 876 366 βλάπτειν
893 333 973 360 αὑτὸν

1034 342 1081 361 ηπ.
1101 333 1185 369 Igitur
1212 339 1362 370 spontanee
1393 337 1523 371 magistra
1548 337 1694 371 unicuique
1720 340 1762 363 est
1777 337 1810 362 ad

188 373 410 408 ὲπιχειροῦντας-
435 374 591 411 αὐτομαθὴς
612 375 770 409 διδάσκαλος
791 377 893 412 γίνεται
909 379 973 405 ἐκά-

1034 379 1088 406 )oni
1104 380 1221 415 malique
1235 380 1377 408 scientiam
1391 381 1434 408 lex
1453 386 1573 415 natura,
1587 382 1650 409 dum
1667 385 1739 409 vetat
1758 389 1809 409 nos

190 427 246 454 στῳ
261 420 311 455 τῆς
327 419 392 455 περὶ
408 420 517 454 ἀγαθῶν
540 421 586 448 καὶ
605 421 697 449 κακῶν
713 423 876 458 ἐπιστήμης,
894 424 908 450 ὁ
923 424 972 459 τῆς

1034 424 1135 452 :uilibet
1150 425 1250 457 facere,
1264 425 1336 460 quod
1350 433 1401 453 nos
1414 426 1448 453 ab
1467 426 1527 454 aliis
1545 427 1599 462 pati
1611 427 1755 454 nollemus.

189 465 298 500 φύσεως
333 466 424 501 νόμος,
455 466 541 494 ταῦτά
567 476 642 500 τινας
676 468 741 503 δρᾷν
765 469 869 504 ἑτέροις
900 470 1088 507 ἀπαγορεύων,
1115 471 1187 507 ἅπερ
1209 480 1251 502 τις
1278 471 1358 503 αὐτὸς
1380 472 1444 507 παρ’
1478 471 1578 508 ἐτέρων
1604 472 1653 499 οὐκ
1669 471 1702 499 ἃν
1724 471 1811 498 ἕλοιτο

190 511 296 541 παθεῖν.

243 557 288 593 ιβ’.
305 558 453 586 Εὐσεϐίου
468 559 503 586 ἐκ
517 559 571 586 τοῦ
587 563 602 586 ι’
619 559 674 594 τῆς
689 563 715 587 α’
734 560 919 595 ΕΙσατ-ωγῆς.

231 638 383 674 Ἐνδέχεται
407 639 465 675 μὲν,
489 636 511 665 ὧ
532 638 647 670 παιδίον,
664 638 753 673 λέγειν
777 639 825 674 μὲν
841 636 882 670 εὖ,
903 639 973 674 φαῦ-

190 683 235 710 λον
257 684 285 710 δὲ
308 684 456 720 ὑπάρχειν·
484 684 638 720 πράσσοντα
655 684 682 711 δὲ
702 682 743 717 εὖ,
773 684 873 719 φαῦλον
893 683 972 716 εῖναι,

190 729 328 758 ἀδύνατον.

227 779 270 810 ιγ’.
286 776 434 804 Εὐσεϐίου
447 777 482 804 ἐκ
496 776 549 804 τοῦ
565 780 590 804 α’
605 777 659 812 τῆς
670 781 695 804 α’
703 776 937 812 Ἐπιστολῆςυ).

226 821 277 849 Βία
294 821 353 857 Θεῷ
369 823 398 848 οὐ
416 823 570 858 πρόσεστιν.

226 899 319 935 (1)113
341 907 456 934 prorsus
483 901 613 929 scribitur
628 901 655 928 in
682 901 728 928 illo
741 901 834 928 codice
851 900 912 928 Vat.
934 900 973 935 (p.

190 933 242 962 “9
255 933 293 967 b),
303 933 375 962 unde
388 943 438 972 nos
455 937 622 972 sumpsimus
637 936 741 963 Leontii
754 936 909 972 etrJoannis
923 933 974 963 sa-

190 977 298 997 crarum
313 978 400 997 rerum
412 970 525 1003 librum;
541 971 638 1005 Script.
653 977 702 998 vet.
716 975 736 998 t.
754 970 808 998 Vll.
828 971 916 1004 Quare
932 979 975 998 se-

190 1005 285 1039 quitur
296 1009 326 1032 ut
337 1006 526 1034 existimemus
544 1007 683 1035 exstitisse
707 1006 832 1034 volumen
847 1006 975 1041 epistola-

1025 561 1069 588 l2.
1082 560 1188 587 Eusebii
1201 568 1234 587 ex
1246 561 1346 588 decimo
1363 560 1570 622 lqurodnctionis
1580 561 1673 589 srimw
1685 566 1809 597 tanquam

1340 605 1356 622 a
1407 601 1491 622 atoue.

1340 605 1356 622 ιι
1371 601 1491 623 ΙἺαιοιιε.

1059 641 1223 677 Contingere
1240 647 1337 677 potest,
1351 650 1367 669 ο
1382 652 1459 678 puer,
1476 647 1504 670 ut
1520 643 1618 678 aliquis
1632 644 1700 671 bene
1716 644 1789 672 dicat
1801 665 1809 677 ,

1025 696 1087 715 cum
1102 688 1190 715 malus
1205 688 1258 721 sit;
1275 694 1460 716 verumtamen
1476 689 1592 724 aliquem
1609 689 1677 717 bene
1700 689 1810 722 facere,

1025 733 1072 769 qui
1089 741 1190 768 pravus
1202 733 1247 765 sit,
1265 732 1442 768 impossibile.

1083 778 1123 806 15.
1134 778 1241 805 Eusebii
1251 786 1283 804 επ
1294 778 1378 812 primo
1392 778 1505 812 capitula
1520 777 1646 813 Epistolas
1655 779 1757 812 prima.

1062 823 1142 851 Nulla
1161 823 1244 851 Deum
1258 824 1300 851 vis
1316 824 1397 859 cogit.

1026 910 1087 929 rum
1107 902 1135 929 in
1157 902 1247 937 plures
1265 902 1350 929 libros
1375 902 1548 935 distinctum;
1575 910 1689 937 quarum
1716 903 1812 930 saltem

1027 937 1173 973 nonnullas
1190 937 1225 964 ob
1241 937 1423 973 prolixitatem
1439 938 1515 971 (puta
1535 938 1568 965 de
1583 938 1665 966 rebus
1682 937 1801 973 dogmati

1028 972 1080 1007 cis)
1092 971 1278 1007 intercapitari
1293 979 1362 1007 opus
1376 971 1467 1001 fuerit.

190 1098 1805 1117 ww

535 1189 913 1268 EUSEBII
1004 1189 1461 1268 PAMPHILI

689 1331 1029 1372 CESABIENSIS
1064 1331 1300 1371 EPISCOPI

252 1424 551 1482 CANONES
581 1428 801 1481 DECEM
830 1426 1188 1481 ΗΑΒΜΟΝΙλΈ
1218 1426 1750 1498 EVANGELIOBUM,

704 1532 872 1562 Prwmissa
888 1531 929 1562 ad
946 1531 1139 1571 Carpianum
1156 1532 1302 1571 epistola.

554 1611 696 1644 (tinuum,
714 1612 830 1637 Veterum
842 1612 946 1637 Patrum
958 1610 1084 1643 Biblioth.,
1096 1612 1127 1642 II,
1140 1613 1195 1644 555,
1208 1614 1234 1638 et
1245 1612 1347 1644 Proleg.
1358 1620 1382 1644 p.
1395 1614 1454 1645 LIV.)

849 1729 1160 1777 MONITUM.

391 1824 445 1860 (Ea;
457 1825 570 1853 Joannis
587 1824 668 1852 Miltii
683 1825 882 1860 Prolegomenis
898 1825 932 1852 ad
949 1825 1053 1854 Novum
1069 1825 1265 1853 Testamentum
1283 1825 1414 1858 Grecam,
1430 1824 1461 1860 §§
1475 1824 1617 1861 738~74l.)

234 1971 245 1987 ι
259 1960 332 1988 inter
346 1959 399 1987 alia
414 1959 524 1988 Eusebii
536 1967 619 1996 opera
633 1964 725 1988 exstat
740 1961 855 1997 epistola
870 1961 930 1996 ejus
945 1961 980 1988 ad
997 1965 1017 1993 Β
1032 1959 1239 1988 monstrandam
1272 1957 1423 1985 Diatessari
1453 1957 1535 1992 hujus
1567 1957 1760 1992 perfectionem
1790 1964 1816 1990 et

197 2007 375 2042 Carpianum,
392 2014 474 2041 quam
492 2014 559 2034 mss.
579 2006 716 2042 plerisque
731 2007 873 2035 codicibus
891 2008 981 2035 Evan-

198 2054 330 2089 geliortlm
352 2052 488 2088 praeﬁxam
510 2052 602 2080 videre
617 2056 670 2085 est,
691 2061 745 2080 una
767 2060 828 2080 cum
853 2053 912 2087 ejus
930 2052 982 2081 Ca-

198 2106 274 2131 none,
294 2106 374 2133 quem
392 2101 502 2130 vocant,
515 2099 574 2126 sive
590 2098 677 2125 decem
693 2098 801 2131 tabulis,
816 2099 842 2126 in
856 2107 924 2134 quas
939 2107 983 2126 re-

199 2145 262 2173 tulit
285 2152 414 2172 numcros
435 2144 635 2171 Ammonianos.
659 2144 762 2172 Horum
787 2149 876 2172 autem
897 2146 982 2172 artiﬁ-

199 2191 284 2223 cium,
296 2198 431 2226 usumque
446 2197 526 2226 quem
542 2190 663 2224 prmbent
680 2190 825 2225 insignem,
841 2190 867 2217 in
885 2197 984 2225 Γοργιε-

199 2237 332 2264 sentanda
363 2241 480 2272 quatuor
503 2236 709 2271 Evangeliorum
738 2236 898 2267 harmonia,
927 2236 983 2270 jam

198 2282 318 2310 breviter
334 2282 541 2316 explicabimus.
559 2281 628 2309 Ante
644 2288 731 2308 annos
745 2286 853 2308 centum
871 2280 983 2308 Ammo-

199 2328 262 2355 nius
280 2327 491 2357 Alexandrinus.
518 2326 647 2362 singulari
666 2330 724 2353 arte
739 2331 819 2361 atquc
835 2327 935 2357 studio.
952 2335 984 2353 ex

199 2377 319 2409 quatuor
334 2372 438 2400 nostris
454 2371 610 2407 Evangeliis
627 2373 698 2399 inter
712 2380 741 2400 se
761 2373 878 2404 collatis,
897 2372 986 2400 confe-

200 2423 275 2447 cerat
304 2418 452 2454 ipsissimis
483 2418 709 2452 evangelistarum
736 2419 827 2445 verbis
852 2419 984 2453 integram

200 2464 345 2501 quamdam
365 2463 508 2491 historiam
524 2464 719 2497 evangelicam,
737 2471 784 2491 seu
800 2464 984 2492 Dialessaron.

201 2510 270 2537 Cum
282 2510 398 2544 primum
411 2515 500 2537 autem
515 2509 585 2536 hanc
599 2508 768 2543 digessisset,
782 2510 862 2536 etiam
877 2511 988 2538 univer-

201 2564 261 2583 sum
287 2555 494 2591 Evangeliorum
519 2558 623 2582 textum
647 2554 674 2580 in
700 2555 834 2582 sectiones
853 2557 984 2590 quasdam

201 2601 306 2633 divisit,
323 2606 351 2630 et
372 2601 446 2628 notis
468 2599 654 2628 numeralibus
676 2599 799 2627 distinxit
816 2601 843 2628 in
863 2603 986 2638 margine

201 2647 246 2675 sui
272 2646 447 2681 exemplaris.
477 2645 618 2673 Sectiones
642 2644 702 2672 istae
731 2651 786 2671 non
813 2646 872 2673 aliae
896 2637 1021 2679 erant.C

202 2700 284 2729 quam
300 2699 368 2727 quas
387 2691 521 2726 hodieque
538 2691 566 2718 in
591 2691 717 2718 codicum
737 2696 894 2719 nostrorum
919 2700 989 2720 mar-

203 2738 265 2773 gine
280 2737 404 2764 interiori
417 2736 539 2771 adpictas
556 2736 680 2764 videmus
693 2745 699 2764 :
712 2736 842 2764 nimirum
854 2737 881 2765 in
897 2737 986 2766 Evan-

202 2784 273 2820 gelio
295 2782 416 2810 Matthwi
439 2782 503 2814 555,
530 2781 619 2809 Μανεὶ
637 2782 700 2814 256,
715 2781 795 2810 Luca
817 2783 880 2816 540,
901 2783 987 2812 Joan-

205 2831 246 2858 nis
260 2830 324 2857 252.
343 2828 505 2856 Divisionem
518 2833 607 2857 autem
630 2828 701 2856 hanc
721 2828 792 2856 haud
809 2829 862 2857 alio
881 2830 932 2858 fine
949 2830 987 2858 in-

205 2876 326 2903 stitutam
348 2875 381 2902 ab
398 2878 508 2902 auctore
531 2882 614 2910 supra
635 2874 765 2909 diximus,
788 2883 869 2910 quam
894 2875 928 2903 ad
944 2876 986 2905 de-

1033 2006 1229 2042 integritatem.
1255 2004 1346 2039 Neque
1367 2004 1413 2030 alii
1435 2003 1483 2030 ulli
1505 2003 1594 2030 adhuc
1616 2004 1677 2030 usui
1691 2004 1815 2035 inservio

1033 2054 1079 2080 bat
1096 2063 1103 2080 :
1118 2052 1190 2080 unde
1204 2059 1254 2079 nec
1268 2050 1398 2078 credibile
1413 2053 1464 2082 est,
1483 2057 1613 2077 numeros
1633 2050 1700 2078 istos
1720 2059 1816 2088 propa.

1033 2104 1111 2136 gatos
1126 2099 1211 2127 fuisse
1226 2099 1297 2125 ultra
1314 2098 1399 2132 ipsius
1414 2096 1550 2123 Ammonii
1564 2097 1714 2132 exemplar.

1069 2145 1125 2172 lloc
1143 2152 1204 2172 cum
1230 2145 1258 2171 in
1280 2143 1411 2171 Caesarea:
1431 2142 1594 2170 bibliotheca
1622 2143 1709 2171 aliave
1730 2144 1817 2180 aliqua

1035 2191 1185 2226 repositum
1200 2190 1348 2225 reperissct
1364 2188 1508 2220 Eusebius,
1523 2189 1551 2216 in
1576 2193 1693 2217 mentem
1709 2191 1761 2225 ipsi
1778 2199 1815 2219 ve

1034 2238 1091 2268 nit,
1111 2236 1260 2263 harmoniae
1280 2235 1377 2269 hujus,
1395 2242 1627 2269 numerorumque
1647 2235 1818 2264 Ammoniani

1037 2281 1245 2316 Evangeliorum
1263 2279 1367 2307 codicis
1382 2286 1443 2313 ope,
1458 2278 1564 2306 institui
1582 2286 1613 2305 ac
1629 2279 1818 2313 repraesentari

1038 2335 1118 2363 posse
1142 2327 1279 2361 integrum
1312 2329 1339 2352 et
1373 2325 1523 2360 perfectum
1550 2323 1742 2357 Diatessaron,
1770 2332 1819 2351 σωη

1036 2373 1149 2408 ζομένου
1167 2372 1213 2398 καὶ
1227 2371 1272 2398 τοῦ
1288 2371 1341 2398 τῶν
1351 2369 1551 2405 εὐαγγελιστῶν
1567 2370 1600 2395 δι’
1619 2369 1679 2396 ὅλου
1697 2369 1818 2405 σώματός

1035 2427 1065 2445 τε
1081 2418 1127 2444 καὶ
1142 2417 1249 2453 εἱρμοῦ,
1267 2421 1297 2444 ut
1312 2416 1422 2444 Eusebii
1438 2415 1528 2442 verbis
1549 2419 1619 2441 utar.
1634 2414 1747 2450 Nempe,
1764 2423 1813 2450 per

1037 2464 1162 2492 lustratis
1189 2464 1305 2499 singulis
1332 2463 1480 2490 harmonia:
1502 2462 1581 2489 istius
1606 2462 1741 2496 partibus,
1770 2469 1820 2488 una

1038 2519 1098 2538 cum
1116 2510 1238 2538 numeris
1252 2510 1330 2544 juxta
1346 2509 1442 2544 positis
1455 2509 1482 2535 in
1495 2507 1616 2542 margine
1630 2507 1704 2542 (nam
1717 2511 1745 2534 et
1756 2506 1820 2538 illic.

1038 2557 1140 2592 pariter
1153 2563 1185 2582 ac
1198 2556 1225 2582 in
1237 2556 1332 2582 codice
1345 2557 1405 2590 ejus
1415 2554 1571 2590 evangelica
1581 2557 1727 2581 annotatos
1738 2552 1820 2580 fuisse

1039 2609 1120 2638 supra
1137 2601 1331 2636 ostendimus),
1347 2601 1492 2628 constabat
1508 2607 1603 2627 omnes
1622 2599 1735 2626 omnino
1750 2598 1820 2633 peri-

1038 2654 1121 2681 copas
1145 2646 1294 2681 evangelici
1319 2645 1423 2673 codicis
1452 2645 1486 2672 ad
1505 2645 1599 2671 decem
1627 2642 1739 2671 ordines
1766 2642 1821 2670 sive

1038 2693 1141 2720 classes
1152 2692 1246 2720 reduci
1264 2692 1395 2727 potuisse.
1411 2690 1458 2717 Vel
1471 2690 1543 2718 enim
1556 2689 1691 2724 ejusmodi
1706 2695 1778 2719 esse,
1795 2688 1820 2714 in

1039 2739 1138 2774 quibus
1165 2746 1260 2765 omnes
1287 2742 1406 2772 quatuor
1435 2736 1608 2771 evangelista
1636 2734 1820 2761 conveniant:

1039 2786 1081 2813 vel
1101 2793 1132 2812 cx
1149 2784 1183 2812 iis
1199 2788 1256 2812 tres
1273 2788 1394 2816 tantum;
1416 2790 1513 2817 nempe
1533 2781 1602 2809 Mat.
1619 2781 1691 2808 Mar.
1709 2779 1774 2807 Luc.
1786 2793 1820 2800 -

1039 2830 1107 2858 Mat.
1123 2830 1186 2857 Luc.
1200 2828 1400 2857 ham—Mat.
1415 2828 1501 2855 Marc.
1516 2826 1596 2854 Joan.
1610 2835 1619 2854 :
1631 2827 1672 2854 vel
1683 2826 1738 2853 duo
1749 2826 1820 2852 dun-

1038 2880 1129 2910 taxat;
1153 2876 1220 2904 Μαι.
1244 2876 1308 2904 Luc.
1325 2891 1359 2898 —
1371 2874 1438 2903 Mat.
1470 2873 1540 2902 Mar.
1554 2887 1589 2894 --—
1600 2873 1667 2901 Mat.
1689 2871 1770 2901 Jun.
1785 2879 1820 2893 -έ
