2035 3214
235 175 306 206 £275

580 174 718 203 EUSEBII
733 173 978 202 CAESARIENSIS
996 173 1072 202 OPP.
1089 173 1178 202 PARS
1199 173 1241 201 Ill.
1259 189 1294 194 —
1309 171 1514 200 EXEGETICA.

1799 169 1867 197 H78

235 234 300 264 Luc.
317 234 493 263 Man—Luc.
507 233 597 260 Joan'.
609 233 662 261 :vel
673 233 791 268 denique
805 233 939 268 cujusque
947 241 1029 261 evan-
1043 236 1066 264 Α
1081 233 1248 260 conveniunt
1266 241 1273 260 :
1286 239 1383 266 nempe
1393 230 1477 258 Marci
1491 233 1523 262 ε’,
1541 228 1622 256 Lucae
1637 231 1681 263 ιγ’,
1694 227 1808 255 Joannis
1825 231 1865 254 ιε’.

235 283 275 317 gel
281 284 338 309 istae
344 289 405 309 esse
413 280 538 316 proprias
546 283 572 307 et
580 279 743 314 peculiares.
750 279 822 307 Istas
830 280 914 315 igitur
920 280 1030 307 univer-

236 337 282 356 sas
291 327 400 356 reduxit
419 327 453 353 ad
469 327 563 353 decem
582 325 863 361 tabulas:pericopas
875 325 982 353 scilicet
1002 326 1030 353 in

235 374 463 410 quibusquatuor
478 372 652 406 evangelistaa
666 372 844 403 concordant,
862 371 895 398 ad
908 371 1030 398 tabulam

235 418 350 456 primam
364 428 371 452 ;
388 420 414 445 in
425 418 524 453 quibus
535 417 604 445 Mat.
623 417 693 445 Mar.
704 417 769 444 Luc.
779 417 812 444 ad
822 416 971 444 secundam
983 426 990 450 ;
1001 416 1029 444 in

235 466 336 500 quibus
347 464 444 491 Matth.
455 465 521 490 Luc.
533 463 614 491 Joan.
627 464 660 491 ad
670 464 794 496 tertiam;
809 463 835 490 in
852 463 952 498 quibus
960 462 1028 490 Mat.

238 511 307 539 Mur.
317 510 398 538 Joan.
410 511 443 538 ad
454 515 580 545 quartam
592 510 634 543 ;in
644 510 745 545 quibus
755 508 824 536 Mat.
833 509 897 536 Luc.
906 508 939 535 ad
950 509 1030 544 quin-

234 563 289 585 tam
301 558 342 590 ;in
350 557 450 592 quibus
460 556 527 584 Μαι.
545 556 616 584 Mar.
626 556 659 583 ad
669 559 772 583 sextam
784 564 790 587 ;
801 555 829 582 in
849 555 950 590 quibus
959 554 1028 583 Mat.

234 604 315 632 Joan.
324 605 358 632 ad
367 605 509 640 septimam
518 613 525 635 ;
534 606 559 631 in
572 604 672 639 quibus
682 603 749 630 Luc.
759 603 831 630 Mar.
846 603 1028 636 adoctavam;

234 651 262 679 in
277 651 377 686 quibus
392 649 457 677 Luc.
471 649 552 678 Joan.
571 650 604 677 ad
620 657 737 677 nonam:
756 649 876 684 reliquas
887 656 1031 684 vero,quze

236 696 336 732 cuique
348 697 521 732 evangelista:
537 699 601 723 sunt
616 695 779 730 peculiares.
795 694 827 722 ad
842 693 988 721 decimam.

272 741 390 777 Digestis
415 742 467 770 hoc
486 741 567 768 modo
595 741 623 768 in
647 741 742 768 decem
768 739 880 767 tabulas
905 740 1028 767 numeris

235 788 435 820 Ammonianis.
451 796 513 816 mox
528 788 624 815 iisdem
645 786 747 815 sufﬁxit
763 786 790 814 in
805 787 928 821 margine
938 786 1028 814 Evan-

234 834 367 870 geliorum
383 842 464 861 unam
481 835 600 869 aliquam
618 841 633 860 e
648 833 744 868 primis
764 832 862 859 litteris
880 832 1028 867 alphabeti,

235 888 296 915 quae
318 880 486 916 signiﬁcaret
503 880 634 911 tabulam,
653 879 686 906 ad
708 887 789 914 quam
815 886 948 906 numerus
975 879 1029 906 iste

1083 279 1129 307 Sic
1146 279 1242 306 Matth.
1265 287 1293 310 ν,
1310 278 1356 309 27.
1380 278 1414 305 ad
1437 278 1500 308 ista,
1525 275 1683 306 Ἠκούσατε,
1702 275 1745 300 ὅτι
1765 273 1866 310 ἐρρέθη

1080 328 1137 358 τοῖς
1153 325 1288 361 ἀρχαίοις,
1316 324 1354 352 Οὐ
1367 323 1530 360 μοιχεύσεις,
1557 325 1679 349 notatum
1697 320 1821 347 videmus
1832 319 1866 346 ad

1081 381 1156 401 oram
1185 371 1290 400 codicis
1320 370 1370 404 λζ’,
1395 378 1457 398 cum
1479 378 1487 396 ι
1513 367 1630 400 suffixo;
1653 366 1725 402 quod
1747 365 1868 393 ostendit

1083 419 1228 454 pericopen
1262 418 1344 445 istam
1373 417 1406 444 ad
1431 415 1552 443 tabulam
1581 413 1714 441 decimam
1746 411 1867 442 referri.

1081 464 1196 499 ideoque
1216 464 1354 499 peculiare
1371 461 1508 498 quoddam
1532 463 1721 495 argumentum
1738 461 1868 488 tractare,

1081 511 1187 538 cmleris
1204 509 1384 545 evangelistis
1398 509 1542 536 intactum.
1558 506 1651 541 Neque
1670 512 1735 532 vero
1763 504 1868 531 miran-

1081 557 1145 584 dum
1162 577 1168 589 ,
1202 557 1225 584 si
1251 559 1412 591 argumenta
1441 554 1547 589 singula
1576 552 1703 580 distincta
1736 551 1770 578 ad
1804 558 1868 578 suas

1081 603 1190 631 tabulas
1208 602 1280 630 haud
1303 601 1438 637 redegerit
1453 600 1598 627 Eusebius.
1614 597 1708 633 Neque
1725 598 1799 625 enim
1817 597 1869 624 hoc

1082 649 1141 677 sine
1169 648 1289 684 plurium
1319 647 1353 675 ad
1381 647 1528 682 marginem
1552 645 1704 673 sectionqu
1731 643 1868 670 additione

1083 694 1207 730 praestari
1225 696 1341 729 poterat.
1357 691 1424 719 Illud
1444 692 1494 727 ipsi
1510 691 1615 722 datum,
1638 693 1668 716 ut
1680 688 1868 717 Ammonianis

1081 740 1215 772 numeris,
1240 739 1336 774 quales
1361 738 1462 773 adpicti
1479 736 1586 764 fuerant
1610 735 1643 763 ad
1667 742 1743 762 oram
1765 734 1870 762 codicis

1081 787 1151 822 ejus,
1180 785 1322 820 adaptaret
1344 793 1410 813 suos
1433 784 1574 816 Canoncs;
1593 782 1644 810 hoe
1667 787 1720 813 est.
1744 781 1773 812 in
1795 783 1868 816 ipsos

1081 835 1218 870 digereret
1231 833 1338 868 singula
1355 835 1526 868 argumenta,
1544 837 1605 866 quae
1623 829 1695 857 notis
1711 828 1867 856 Ammonia-

1082 881 1126 908 nis
1145 880 1277 908 distincta
1292 879 1403 914 reperit,
1425 886 1480 906 non
1504 876 1570 905 item
1588 881 1619 904 ut
1641 876 1708 903 alias
1723 879 1804 902 notas
1821 873 1869 901 ad-

235 925 306 954 foret
321 927 482 954 referendus
497 936 503 953 :
517 935 534 952 α
552 926 658 954 scilicet
673 926 789 960 primam
808 925 940 956 tabulam,
954 924 969 959 β
982 932 1026 952 se-
1042 932 1064 959 Β
1078 927 1166 955 deret.
1185 937 1194 953 ι
1213 926 1352 954 Hactenus
1365 926 1476 952 Millius.
1528 935 1534 941 -

233 972 364 1004 cundam.
381 981 400 1006 γ
420 973 539 1003 tertiam.
565 976 592 1000 et
619 972 660 1000 sic
681 971 820 1007 deinceps.
840 971 896 999 Hoc
914 971 1027 1006 quidem

234 1021 315 1052 pacto
334 1017 426 1044 statim
452 1017 485 1044 ad
502 1017 612 1044 oculum
638 1017 853 1052 repraesentavit,
881 1017 907 1043 in
926 1016 1027 1051 quibus

234 1062 302 1090 locis
324 1062 388 1095 duo,
406 1066 472 1094 tres,
494 1063 536 1090 vel
563 1067 680 1097 quatuor
705 1063 879 1097 evangelista:
901 1062 974 1089 inter
998 1069 1028 1089 se

233 1108 451 1142 concordarent;
482 1109 523 1136 vel
546 1110 592 1137 ubi
622 1110 746 1144 ipsorum
775 1109 874 1143 aliquis
903 1108 1028 1143 qumdam

233 1154 357 1187 haberet,
374 1163 432 1190 quae
446 1162 500 1182 non
513 1160 606 1183 essent
626 1156 654 1182 in
674 1155 785 1190 reliquis
801 1155 899 1182 tribus.
918 1154 967 1181 Ex.
985 1161 1026 1189 ᾳ.

233 1200 330 1228 Matth.
350 1209 392 1232 Ill,
408 1200 452 1232 16,
471 1201 504 1228 ad
525 1201 618 1233 verba,
637 1201 692 1228 Καὶ
709 1201 868 1236 βαπτισθεὶς
885 1201 899 1226 ὁ
926 1199 1029 1236 Ἰησοῦς

233 1247 317 1282 ἀνέϐη
342 1246 422 1278 εὐθὺς
444 1247 498 1273 ἀπὸ
520 1247 568 1274 τοῦ
593 1247 698 1280 ὓδατος,
724 1247 878 1282 appositum
900 1246 977 1274 vides
999 1246 1028 1273 in

234 1293 358 1328 margine
372 1300 517 1320 numerum
538 1293 578 1325 ιδ’,
596 1301 658 1320 cum
674 1302 692 1320 α
706 1294 862 1328 subscripta
876 1302 882 1320 :
898 1292 971 1327 quod
985 1292 1028 1318 in-

234 1339 308 1366 dicat
330 1339 469 1374 pertinere
494 1347 640 1366 numerum
665 1340 746 1366 istum
771 1339 804 1366 ad
828 1339 949 1365 tabulam
974 1337 1030 1373 pri-

234 1391 318 1412 mam.
335 1384 378 1418 Eo‘
388 1388 479 1411 autem
497 1385 524 1411 in
539 1385 591 1411 hac
603 1385 694 1412 tabula
716 1385 837 1415 invento,
851 1384 930 1419 juxta
946 1391 1029 1419 appa-

235 1434 297 1457 rcnt
311 1431 370 1458 loca
393 1430 561 1465 reliquorum
577 1430 800 1467 Evangeliorum,
818 1439 879 1466 quae
889 1438 952 1458 cum
969 1431 1028 1466 ipso

281 1508 308 1541 α)
328 1507 406 1538 Mill..
423 1508 492 1537 Nov.
509 1509 579 1537 Tesl.
595 1509 653 1538 Gr..
669 1517 731 1544 pag.
745 1509 758 1536 1
775 1517 833 1544 seq.

235 1544 309 1608 “216)
331 1544 472 1576 lllartian.,
497 1545 562 1572 edit.
587 1542 788 1572 Iliero'nftom.
811 1542 832 1576 ἰ,
848 1551 928 1580 pagg.
945 1542 1029 1571 M29-

247 1648 274 1660 ε-

1115 975 1250 1002 Caeterum
1275 977 1332 1001 tum
1355 972 1486 1009 epistolae,
1510 975 1568 998 tum
1593 969 1736 998 Canonum
1763 971 1870 996 textum

1078 1020 1275 1052 Eu5ebianum,
1301 1027 1333 1046 ex
1350 1018 1481 1054 prazclara
1504 1016 1626 1052 ejusdem
1650 1015 1727 1042 Millii
1747 1015 1870 1042 editione

1079 1066 1147 1094 Novi
1161 1064 1329 1093 Testamenti
1348 1063 1435 1091 Grmci
1450 1061 1652 1098 desumpsimus
1664 1061 1702 1097 (ιι)
1716 1070 1723 1088 :
1737 1061 1772 1088 ad
1787 1067 1870 1096 quem

1079 1112 1143 1139 item
1167 1111 1308 1146 exegimus
1336 1109 1495 1137 eorumdcm
1526 1108 1668 1136 Canonum
1695 1107 1869 1137 versionem,

1079 1166 1161 1194 quam
1181 1158 1252 1185 inter
1276 1157 1306 1185 S.
1334 1157 1492 1192 Hieronymi
1514 1163 1597 1190 opera
1623 1154 1733 1182 edidere
1755 1153 1869 1180 Martia-

1080 1212 1156 1233 nteus
1168 1205 1204 1240 (ὑ)
1221 1208 1249 1231 et
1263 1202 1415 1231 Vallarsius
1428 1203 1463 1238 (ε)
1481 1212 1487 1229 :
1506 1202 1553 1230 sed
1567 1209 1601 1229 ex
1616 1201 1763 1228 collatione
1782 1199 1870 1227 Graeci

1080 1253 1172 1278 textus
1190 1249 1303 1276 Milliani
1323 1249 1465 1283 complura
1490 1247 1588 1275 menda
1614 1246 1788 1278 sustulimus,
1810 1252 1872 1280 qua

1081 1296 1108 1322 in
1122 1300 1266 1330 utramque
1277 1294 1515 1329 Hieronymianam
1528 1293 1675 1320 editionem
1688 1291 1871 1325 irrepserunt.

1081 1347 1110 1367 ut
1125 1340 1238 1367 cuilibet
1256 1339 1408 1367 attendenti
1422 1341 1592 1373 compertum
1609 1337 1664 1365 (iet.
1682 1335 1810 1363 Veterem
1825 1342 1871 1360 au-

1076 1378 1134 1413 tem
1161 1385 1287 1412 Latinam
1314 1384 1443 1420 Epistolas
1467 1384 1627 1412 Eusebianae
1653 1384 1812 1411 versionem
1837 1387 1872 1408 cx

1080 1431 1207 1459 Fabricio
1219 1430 1256 1467 (d)
1272 1430 1480 1465 descripsimus.

1117 1510 1151 1543 (ο)
1172 1509 1304 1539 Vallars..
1317 1509 1382 1536 edit.
1395 1508 1507 1536 Hieron.
1520 1512 1587 1535 tom.
1600 1507 1635 1537 Χ.
1646 1515 1725 1542 pagg.
1739 1505 1872 1534 671-682.

1118 1545 1156 1581 (τι)
1177 1544 1272 1577 Fabr.,
1288 1544 1360 1572 Bibl.
1376 1543 1422 1572 Gr.
1441 1548 1508 1571 tom.
1523 1543 1568 1576 Vl,
1584 1551 1645 1579 pag.
1661 1543 1707 1571 9'1.

601 1729 916 1794 EUSEBII
965 1729 1502 1795 CAESARIENSIS

899 1856 1193 1902 EPISTOLA

561 1954 602 1984 IN
638 1953 943 1991 SUBSEQUENTES
987 1953 1171 1985 CANONES
1216 1953 1547 1985 EVANGELIORUM.

297 2076 483 2105 EUSEBIUS
515 2075 704 2104 CARPIANO
740 2075 878 2104 FRATRI
922 2076 966 2104 IN

527 2111 680 2139 DOMINO
705 2110 735 2139 S.

271 2157 431 2188 Ammonius
456 2158 565 2193 quidem
586 2157 799 2190 Alexandrinus.
816 2166 914 2193 magno
933 2157 1025 2186 studio

234 2209 316 2239 atque
331 2203 466 2230 industria
476 2210 560 2230 unum
577 2203 658 2230 nobis
673 2210 723 2238 pro
739 2207 859 2238 quatuor
872 2203 1024 2238 Evangeliis

233 2250 390 2285 dereliquit.
428 2248 550 2284 Namque
573 2249 657 2276 trium
690 2249 898 2285 Evangeliorum
927 2256 1024 2277 sensus

233 2301 374 2332 exceptos,
386 2303 482 2324 omnes
493 2296 596 2324 similes
609 2299 754 2323 contextus
767 2295 883 2323 Mattlnei
900 2295 1023 2331 Evange-

236 2343 272 2371 lio
288 2343 367 2378 quasi
392 2343 425 2369 ad
440 2349 524 2369 unum
541 2346 698 2376 congestos.
715 2343 846 2369 annexuit
860 2352 866 2370 :
884 2343 920 2369 ita
936 2346 965 2369 ut
978 2350 1024 2370 eo-

234 2388 370 2421 rumdem,
387 2393 520 2424 quantum
537 2387 572 2414 ad
591 2391 715 2415 tenorem
737 2388 856 2423 pertinet
883 2388 1023 2421 lectionis,

233 2443 351 2471 sequens
378 2435 435 2470 jam
464 2436 553 2471 stylus
583 2435 753 2470 interruptus
794 2442 855 2462 esse
887 2435 1021 2462 videatur.

235 2482 334 2510 Verum
357 2486 387 2509 ut
414 2482 490 2509 salvo
518 2489 633 2516 corpore
663 2481 721 2508 sive
751 2484 837 2512 textu,
861 2485 1023 2508 czcterorum

233 2528 445 2564 Evangeliorum
460 2527 570 2562 propria
587 2531 613 2554 et
631 2526 778 2554 familiaria
791 2527 863 2558 loca,
876 2526 905 2553 in
921 2525 1022 2561 quibus

232 2574 328 2602 eadem
355 2574 540 2607 similiterque
561 2573 703 2604 dixerunt.
719 2573 790 2600 scire
809 2573 900 2608 possis
912 2579 945 2600 ac
959 2581 1023 2600 vere

233 2619 380 2651 disserere,
399 2623 511 2654 accepta
525 2619 671 2647 occasione
685 2627 719 2646 ex
743 2618 866 2654 praedicti
883 2617 935 2645 viri
961 2621 1021 2645 stu-

233 2664 289 2694 dio,
313 2665 366 2692 alia
399 2665 506 2692 ratione
529 2660 622 2692 decem
652 2671 830 2692 numerorum
854 2663 902 2691 tibi
928 2663 1022 2690 titulos

234 2710 384 2746 designavi.
403 2711 524 2745 Quorum
546 2713 652 2748 primus
673 2717 792 2748 quatuor
805 2712 834 2739 in
852 2719 882 2740 se
900 2712 1022 2739 continet

1039 2076 1264 2108 οΕΥΣΕΒΙΟΣ
1297 2076 1487 2110 ΚΑΡΠΙΑΝῼ
1517 2075 1691 2112 ΑΓΑΠΗΤῼ

1297 2080 1487 2117 «aptium;
1517 2080 1691 2112 ΑΓΑΠΗΤῼ
1722 2080 1870 2115 ΑΔΕΛΦῼ

1289 2112 1337 2137 ΕΝ
1354 2111 1469 2145 ΚΥΡΙῼ
1487 2111 1653 2138 ΧΑΙΡΕΙΝ.

1118 2156 1271 2193 Ἀμμώνιος
1292 2156 1342 2192 μὲν
1367 2158 1381 2183 ὁ
1405 2155 1608 2193 ’Λλεξανδρεὺς,
1625 2158 1725 2195 πολλὴν
1740 2159 1779 2192 ὠς
1796 2160 1869 2193 elato;

1076 2203 1233 2238 φιλοπονίαν
1245 2203 1293 2229 καὶ
1306 2201 1423 2239 σπουδὴν
1436 2202 1614 2238 εἰσαγηοχὼς,
1630 2204 1660 2231 τὸ
1673 2204 1717 2231 διὰ
1727 2206 1868 2241 τεσσάρων

1077 2251 1142 2286 ἡμῖν
1166 2248 1361 2276 καταλέλοιπεν
1376 2249 1552 2283 Εὑαγγέλιον,
1571 2250 1610 2286 τῷ
1633 2251 1704 2278 κατὰ
1728 2252 1868 2279 Ματθειῖον

1075 2297 1124 2327 τὰς
1141 2295 1297 2331 ὁμοφώνους
1315 2295 1370 2322 τῶν
1384 2295 1485 2322 λοιπῶν
1498 2296 1697 2330 εὐαγγελιστῶν
1713 2299 1867 2334 περικοπὰς

1075 2341 1219 2378 παραθεὶς,
1236 2341 1273 2373 ὡς
1290 2342 1319 2374 ἐξ
1332 2341 1455 2377 ἀνάγκης
1471 2342 1605 2378 συμϐῆναι
1619 2343 1665 2370 τὸν
1682 2344 1732 2379 τῆς
1753 2345 1867 2371 ἀκολου-

1075 2387 1136 2419 θίας
1155 2387 1249 2423 εἱρμὸν
1273 2388 1327 2414 τῶν
1350 2387 1433 2424 τριῶν
1456 2388 1647 2424 δ.αερθαρῆναι,
1673 2390 1736 2416 ὅσον
1760 2391 1806 2417 ἐπὶ
1827 2391 1864 2426 τῷ

1075 2433 1137 2468 ὕφει
1158 2433 1207 2468 τῆς
1231 2433 1422 2468 ἀναγνώσεως.
1441 2434 1500 2461 Ἵνα
1521 2434 1548 2460 δὲ
1570 2434 1723 2470 σωζομένου
1746 2437 1793 2463 καὶ
1816 2437 1863 2463 τοῦ

1073 2480 1127 2507 τῶν
1141 2479 1241 2507 λοιπῶν
1262 2479 1295 2506 δι’
1309 2480 1369 2506 ὅλου
1391 2479 1516 2515 σώματός
1532 2489 1562 2507 τε
1580 2481 1627 2507 καὶ
1640 2481 1749 2517 εἱρμοῦ,
1764 2483 1864 2509 εἰδέναι

1074 2526 1145 2562 ἔχοις
1152 2526 1214 2555 τοὺς
1222 2525 1337 2557 οἰκείους
1343 2525 1457 2552 ἑκάστου
1467 2526 1659 2560 εὐαγγελιποῦ
1667 2528 1775 2559 τόπους,
1787 2529 1815 2554 ὲν
1822 2526 1864 2560 οἷς

1073 2572 1143 2599 κατὰ
1155 2571 1209 2599 τῶν
1217 2571 1330 2608 [αὐτῶν]
1346 2571 1499 2608 ἠνέχθησαν
1507 2572 1660 2608 φιλαλήθως
1668 2574 1765 2605 εἰπεῖν,
1776 2575 1807 2600 ἐκ
1815 2574 1862 2600 τοῦ

1073 2619 1227 2653 πονήματος
1239 2618 1286 2645 τοῦ
1308 2617 1507 2654 προειρημένου
1529 2619 1623 2654 ἀνδρὸς
1637 2619 1758 2655 εἰληφὼς
1775 2620 1862 2655 dmp-

1074 2665 1137 2700 μὰς,
1152 2663 1213 2691 καθ’
1230 2664 1327 2700 ἑτέραν
1345 2663 1453 2699 μέθοδον
1466 2664 1581 2696 κανόνας
1597 2664 1662 2691 δέκα
1677 2665 1724 2692 τὸν
1745 2665 1861 2700 ἀριθμὸν

1072 2710 1219 2746 διεχάραξὰ
1236 2720 1276 2737 σοι
1288 2711 1351 2743 τοὺς
1365 2710 1616 2745 ὑποτεταγμένους*
1635 2707 1672 2737 ὧν
1690 2713 1704 2739 ὀ
1721 2712 1770 2748 μὲν
1787 2712 1862 2748 πρῶ-

235 2765 373 2790 numeros,
387 2759 414 2786 in
429 2759 530 2794 quibus
546 2760 645 2787 similia
658 2759 692 2786 ab
708 2759 846 2787 universis
859 2758 931 2785 dicta
945 2762 1019 2792 sunt,

1078 2765 1116 2788 τος
1129 2757 1251 2792 περιέχει
1266 2756 1399 2792 ἀριθμοὺς
1413 2757 1442 2782 ἐν
1456 2754 1495 2788 οἷς
1506 2756 1540 2783 τὰ
1558 2757 1737 2793 παραπλήσια
1751 2759 1861 2794 εἰρήκει·

235 2802 371 2836 Μοιιιιωο,
387 2804 488 2836 Marco,
505 2804 590 2837 Luca,
604 2804 721 2833 Joanne.
739 2804 894 2836 Secundus,
912 2804 940 2830 in
957 2803 1019 2839 qui-

237 2848 287 2876 bus
310 2852 376 2881 tres,
393 2849 546 2882 Matthaeus,
577 2850 695 2884 Marcus,
724 2849 822 2878 Lucas.
850 2849 971 2881 Tertius.
991 2849 1019 2876 in

236 2895 335 2933 quibus
362 2900 429 2926 tres.
448 2897 599 2928 alattlueus,
614 2896 714 2930 Lucas,
735 2897 863 2929 Joannes.
887 2896 1018 2932 Quartus,

1072 2811 1115 2829 σιν
1129 2804 1154 2830 οἰ
1170 2804 1311 2838 τέσσαρες,
1327 2803 1475 2835 Ματοαῖος,
1490 2804 1612 2840 Μάρκος,
1632 2804 1753 2837 Λουκᾶς,
1773 2805 1859 2832 Ἰωάν-

1073 2858 1131 2885 νης.
1151 2850 1179 2875 Ὀ
1196 2849 1330 2885 δεύτερος,
1345 2850 1373 2876 ὲν
1393 2846 1414 2883 ᾧ
1430 2850 1454 2876 οἱ
1467 2851 1549 2886 τρεῖς,
1567 2849 1718 2883 Μειτθαῖος,
1736 2852 1859 2887 Μάρκος.

1075 2895 1190 2927 Λουκᾶς.
1207 2894 1236 2922 '0
1247 2895 1347 2930 τρίτος,
1362 2896 1390 2922 ὲν
1403 2891 1425 2930 ᾧ
1436 2895 1460 2922 οἱ
1477 2896 1561 2930 τρεῖς,
1573 2896 1723 2928 Meritoria;
1741 2898 1858 2927 Λουκᾶς.
