2035 3214
195 153 266 182 ηπ

768 149 930 178 CANO‘NES
948 147 1232 178 EVANGELIORUM.

1751 151 1823 181 1273

200 213 336 246 Ἰωάννης.
351 210 379 238 '0
390 210 529 245 τέταρτος,
543 209 572 234 ὲν
582 204 604 243 ᾦ
613 209 638 249 qi
650 209 732 244 τρεῖς,
745 207 894 240 Ματθαῖος,
906 208 979 243 Μάρ-

1034 207 1061 234 in
1073 207 1172 242 quibus
1178 211 1246 240 tres,
1256 206 1411 239 Mattheus,
1420 207 1539 240 Marcus,
1551 206 1679 237 Joannes.
1691 208 1821 244 Quintus,

195 268 251 290 κος,
272 257 408 292 Ἰωάννης.
429 256 458 283 '0
477 256 611 291 πέμπτος,
629 256 657 282 ἐν
715 255 739 282 οἱ
756 254 811 286 δύο,
833 253 981 286 Ματθαῖος,

193 304 312 335 Λουκᾶς.
332 304 360 329 '0
376 303 465 334 ἕκτος,
481 302 509 328 ὲν
533 298 555 335 ᾧ
570 303 594 328 οἱ
615 301 671 333 δύο,
689 300 836 332 Ματθαῒος,
857 300 980 336 Μάρκος.

199 349 228 376 '0
251 349 374 384 ἕϐδομος,
399 349 428 374 ἐν
494 348 518 373 οἱ
543 347 600 378 δύο,
624 347 772 378 Ματθαῖος.
794 346 929 380 Ἰωάννης.
954 346 983 372 '0

192 395 294 428 ὃγδοος,
308 395 337 421 ὲν
351 391 373 428 ᾧ
386 395 410 421 οἱ
426 394 483 426 δύο,
500 393 622 429 Μάρκος,
635 393 751 423 Λουκᾶς.
773 392 802 418 '0
819 391 938 424 ἔννατος,
954 393 982 418 ὲν

192 437 214 474 ᾧ
228 441 252 467 οε
266 441 321 473 δύο,
343 441 460 473 Λουκᾶς,
483 440 619 475 Ἰωάννης.
638 440 667 465 '0
682 439 803 470 δέκατος.
825 438 854 465 ὲν
876 435 897 472 ᾧ
918 438 982 472 περὶ

190 486 272 512 τίνων
286 485 400 517 ἕκαστος
413 485 502 513 αὐτῶν
521 486 594 517 ἰδίως
606 485 767 521 ἀνέγραψεν.
781 484 854 519 Αὕτη
871 484 920 519 μὲν
935 481 982 510 οὖν

192 532 209 566 ἠ
223 531 277 557 τῶν
296 531 525 566 ὑποτεταγμένων
547 531 666 557 κανόνων
688 530 832 562 ὑπόθεσις’
851 531 867 565 ἡ
886 529 914 556 δὲ
934 538 983 556 σα-

191 577 245 612 φὴς
265 576 354 603 αὐτῶν
376 577 513 612 διήγησις,
535 576 608 603 ἔστιν
630 576 686 611 ἥδε.
708 576 764 610 Ἐφ’
797 576 904 611 ἑκάστῳ
928 575 982 601 τῶν

190 623 330 660 τεσσάρων
351 623 524 657 Εὑαγγελίων
545 623 660 658 ἀριθμός
684 631 726 653 τις
746 622 888 658 πρόκειται
912 621 982 648 κατὰ

192 669 285 705 μέρος,
310 669 460 705 ἀρχόμενος
484 669 537 696 ἀπὸ
558 668 606 695 τοῦ
630 667 748 703 πρώτου,
769 666 829 694 εἶτα
844 668 980 703 δευτέρου,

190 715 238 742 καὶ
258 715 360 750 τρίτου,
382 715 429 741 καὶ
446 714 562 750 καθεξῆς
583 713 684 748 προῖὼν
704 714 738 740 δι’
754 713 815 740 ὅλου
835 713 915 749 μέχρι
934 712 980 738 τοῦ

188 760 282 792 τέλους
297 760 344 786 τοῦ
359 760 472 796 βιϐλίου.
487 760 554 789 Καθ’
567 759 682 786 ἕκαστον
694 759 722 785 δὲ
740 759 856 795 ἀριθμὸν
877 759 981 792 ὑποση-

191 805 303 841 μείωσις
317 805 360 833 διὰ
372 805 557 841 κινναϐάρεως
570 806 723 841 πρόκειται,
738 804 855 840 δηλοῦσα
871 804 900 830 ὲν
912 804 981 830 ποίω

188 851 243 878 τῶν
256 851 322 878 δέκα
338 852 456 878 κανόνων
470 859 595 886 κειμενος
609 852 622 877 ὁ
634 851 749 886 ἀριθμὸς
764 850 902 885 τυγχάνει.
918 847 980 876 Οἷον

1035 254 1062 281 in
1077 253 1178 288 quibus
1191 253 1256 286 duo,
1273 252 1428 288 Matlhzeus,
1441 253 1541 282 Lucas.
1553 253 1663 287 Sextus,
1679 255 1706 282 in
1722 256 1822 291 quibus

1034 299 1099 331 duo,
1118 298 1272 333 Hatthzcus,
1289 299 1407 327 Marcus.
1432 298 1582 335 Septimus,
1598 301 1625 327 in
1642 301 1741 336 quibus
1754 302 1820 334 duo,

1034 344 1189 378 Mattliaeus,
1203 344 1334 372 Joannes.
1353 344 1483 379 Octavus,
1505 346 1531 373 in
1552 346 1652 380 quibus
1669 347 1734 379 duo,
1750 347 1821 374 Mar-

1034 398 1094 423 cus,
1111 390 1211 419 Lucas.
1224 391 1329 423 Nonus,
1341 391 1368 418 in
1386 392 1487 427 quibus
1502 392 1566 425 duo,
1576 391 1674 424 Lucas,
1690 392 1819 421 Joannes.

1033 437 1171 471 Decimus,
1185 438 1212 464 in
1236 438 1335 472 quibus
1357 438 1457 472 singuli
1483 438 1517 466 de
1531 438 1695 473 quibusdam
1712 439 1821 474 proprie

1034 484 1215 518 scripserunt.
1233 483 1266 510 Et
1296 484 1404 518 quidem
1431 484 1618 519 subjectorum
1636 484 1776 511 titulorum
1794 485 1820 512 id

1032 536 1074 557 est
1090 534 1280 565 argumentum
1303 539 1310 558 :
1329 531 1402 557 clara
1419 538 1484 558 vero
1510 538 1604 558 eorum
1625 531 1746 558 narratio
1762 531 1821 558 haec

1033 579 1084 603 est.
1098 575 1204 603 Etenim
1224 584 1270 611 per
1282 576 1387 611 singula
1403 577 1461 603 loca
1479 576 1686 612 Evangeliorum
1707 578 1819 612 quidam

1033 631 1165 651 numerus
1183 623 1292 651 videtur
1308 624 1462 658 appositus,
1490 623 1620 657 paulatim
1650 624 1784 658 incipiens
1805 632 1820 651 τι

1033 670 1131 703 primo,
1156 669 1255 696 deinde
1282 668 1413 702 secundo,
1442 673 1583 704 postremo
1612 669 1704 701 tertio,
1721 674 1747 696 et
1773 677 1821 704 per

1032 715 1154 742 ordinem
1166 715 1298 742 librorum
1316 714 1350 742 ad
1367 715 1446 742 linem
1463 724 1549 750 usque
1561 716 1746 750 progrediens.
1765 715 1820 743 Ita-

1033 769 1084 795 que
1099 769 1147 796 per
1157 761 1279 796 singulos
1288 769 1418 789 numeros
1432 762 1600 796 supputatio.
1613 762 1746 796 perlincae
1760 762 1819 790 dis-

1033 808 1190 834 tinctionem
1200 807 1337 834 invenitur
1345 807 1458 838 inserta,
1469 807 1627 842 significans
1634 808 1676 835 cui
1684 808 1716 836 de
1723 809 1817 836 decen:

1033 852 1118 879 titulis
1125 852 1266 887 appositus
1273 860 1403 879 numerus
1410 852 1665 887 assignetur."eluti
1677 854 1699 881 si
1709 853 1818 888 quidem

187 898 214 924 εἰ
229 897 278 933 μὲν
292 901 325 928 α’,
334 898 410 934 δῆλον
428 898 465 929 ὡς
478 900 506 924 ὲν
517 898 555 933 τῷ
571 897 671 933 πρώτῳ
681 906 687 913 ·
703 898 727 925 εί
743 898 770 923 δὲ
783 897 815 932 β’,
827 898 856 923 ὲν
869 896 907 932 τῷ
921 896 979 922 δευ-

1035 899 1163 932 primum.
1175 902 1280 925 certum
1293 901 1336 925 est
1345 898 1371 924 in
1382 898 1480 931 primo.
1497 897 1525 924 Si
1538 906 1603 925 vero
1615 899 1777 930 secundum,
1791 899 1817 926 in

188 943 276 979 τέρῳ·
292 943 339 970 καὶ
351 943 422 970 οὕτω
433 943 551 978 καθεξῆς
567 944 646 979 μέχρι
660 943 714 969 τῶν
727 943 802 973 δέκα.
817 943 849 969 Et
860 940 905 969 οὖν
919 942 981 968 ἁνα-

189 989 294 1021 πτύξας
306 988 335 1015 ἐν
347 997 373 1015 τι
383 988 437 1015 τῶν
445 989 584 1024 τεσσάρων
595 989 767 1022 Εὐαγγελίων
778 979 978 1023 ὁποιονδήἆτοτε,

188 1034 346 1070 βουληθείης
369 1034 512 1069 ἐπιστῆναι
532 1043 584 1062 τινι
648 1034 736 1070 βούλει
756 1034 909 1068 κεφαλαίῳ,
933 1033 980 1059 καὶ

187 1080 290 1115 γνῶναι
306 1081 378 1112 τίνες
395 1080 429 1107 τὰ
450 1081 629 1117 παραπλήσια
651 1081 789 1117 εἰρήκασι,
804 1080 927 1111 καὶτοὺς
941 1080 980 1106 οὶ-

187 1126 278 1158 κείους
292 1127 320 1152 ὲν
332 1127 441 1161 ἑκάστῳ
452 1127 550 1158 τόπους
561 1128 661 1162 εὑρεῖν,
681 1127 709 1153 ὲν
723 1123 764 1158 οἷς
779 1126 850 1152 κατὰ
863 1125 916 1152 τῶν
931 1125 979 1151 αὑ-

186 1170 241 1197 τῶν
256 1171 418 1207 ἠνέχθησαν,
435 1169 468 1208 ἦς
483 1172 590 1207 ἐπέχεις
610 1172 764 1207 περικοπῆς
779 1170 919 1198 ἀναλαϐὼν
932 1171 978 1197 τὸν

187 1217 367 1252 ’προκείμενον
383 1217 508 1253 ἀριθμὸν,
524 1217 691 1254 ἐπιζητήσας
712 1228 742 1245 τε
759 1219 840 1245 αὐτὸν
856 1218 929 1245 ἔνδον
949 1219 979 1245 ἐν

186 1262 227 1297 τῷ
244 1263 344 1292 κανόνι.
362 1263 391 1290 ὃν
406 1264 422 1299 ἡ
440 1264 485 1291 διὰ
501 1265 548 1291 τοῦ
570 1265 755 1299 κινναϐάρεως
774 1265 978 1300 ὑποσημείωσις

188 1311 465 1348 ὑποδέδληκεν,.εῐσῃ
485 1312 534 1347 μὲν
555 1312 636 1343 εὐθὺς
659 1312 691 1338 ἐκ
709 1311 763 1338 τῶν
780 1312 826 1337 ἐπὶ
851 1311 976 1346 μετώπου

186 1356 238 1383 τοῦ
254 1357 364 1389 κανόνος
382 1346 560 1394 προγραφῶν,
577 1358 670 1385 ὁπόσοι
685 1358 732 1384 καὶ
750 1357 821 1388 τίνες
839 1356 874 1383 τὰ
890 1365 978 1392 παρα-

187 1402 291 1438 πλήσια
307 1405 458 1439 εἰρήκασιν.
477 1405 643 1440 Ἐπιστήσας
667 1404 695 1431 δὲ
716 1405 763 1431 καὶ
784 1404 840 1435 τοῖς
857 1403 911 1430 τῶν
924 1403 978 1430 λοι-

186 1447 249 1474 πῶν
263 1448 436 1483 Εὐαγγελίων
452 1450 578 1486 ἀριθμοῖς
588 1451 645 1481 τοῖς
665 1451 693 1477 ὲν
712 1449 750 1485 τῷ
777 1450 870 1476 κανόνι
890 1446 912 1483 ᾧ
929 1450 977 1476 ὲπ-

189 1492 261 1527 έχεις
277 1493 386 1529 ἀριθμῷ
398 1495 620 1530 παρακειμένοις,
643 1495 812 1530 ἐπιζητήσας
825 1504 855 1521 τε
878 1495 976 1526 αὐτοὺς

187 1537 261 1565 ἔνδον
277 1540 306 1566 ἐν
322 1541 378 1572 τοῖς
393 1540 504 1572 οίκείοις
519 1540 633 1567 ἑκάστου
641 1540 808 1575 Εὑαγγελίου
824 1541 927 1574 τόποις,
941 1539 976 1566 τὰ

187 1585 366 1621 παραπλήσια
382 1586 509 1620 λέγοντας
521 1587 656 1622 εὑρήσεις.

240 1692 274 1718 Δ.
293 1692 413 1718 ΚΑΝΩΝ
431 1691 564 1719 ΠΡΩΤΟΣ
583 1692 627 1719 ΕΝ
647 1693 668 1728 ῼ
687 1693 720 1720 01
737 1693 920 1720 ΤΕΣΣΑΡΕΣ.

255 1750 317 1778 ΜΤ.
451 1750 511 1776 ΜΡ.
657 1751 691 1779 Λ.
846 1751 890 1778 In.

257 1815 276 1842 η
457 1807 472 1841 β
651 1806 667 1838 ζ
854 1815 862 1833 ι

260 1850 288 1869 ια
455 1842 470 1868 δ
655 1851 663 1868 ι
848 1851 868 1874 ς

259 1885 287 1905 ια
454 1876 469 1903 δ
655 1886 664 1903 ι
849 1877 875 1903 ι6

260 1919 287 1938 ια
454 1911 470 1937 δ
653 1921 661 1938 ι
844 1911 868 1938 ιδ

259 1955 286 1973 ια
456 1945 472 1972 δ
655 1955 664 1972 ι
839 1955 876 1982 κη

260 1991 284 2017 ιδ
453 1998 467 2017 ι
653 2000 681 2024 ιγ
849 2001 872 2018 ιε

259 2034 296 2060 κγ
453 2025 495 2062 lx;
650 2026 680 2062 ξς
844 2035 884 2062 μς

258 2069 294 2095 κγ
455 2061 490 2097 κζ
650 2061 680 2087 λδ
730 2080 734 2086 .
841 2061 882 2097 μς

258 2104 294 2157 ἔτ
453 2095 488 2156 ἔξ
648 2104 685 2163 ἐξ
842 2095 883 2165 ἐξ

259 2177 297 2214 fit;
458 2176 504 2212 ρλο
647 2185 678 2203 αν
849 2186 906 2214 ρμα

258 2213 295 2249 τπη
455 2215 496 2249 μς
650 2216 698 2246 ρις
844 2222 880 2249 ρκ

257 2248 293 2284 Ηη
453 2248 494 2284 μς
651 2255 700 2282 ρις
844 2256 889 2284 ρια

258 2283 294 2316 Lm
453 2283 493 2314 ιις
647 2291 696 2318 ρις·
843 2292 864 2318 μ

257 2317 293 2352 tm
455 2318 495 2348 L3
651 2326 699 2354 ρις
843 2317 892 2354 ρκθ

257 2363 294 2399 tm
453 2363 494 2399 hs
653 2371 700 2399 ρες
844 2363 895 2399 ρλα

258 2395 308 2431 ρλγ
453 2395 486 2427 λζ
651 2395 682 2435 ὃς
841 2395 873 2435 ῥθ

258 2439 315 2466 ρμα
453 2439 467 2456 ν
653 2432 678 2458 ιθ
841 2432 872 2459 ve

258 2466 313 2502 ρμΰ
453 2474 487 2502 να
649 2475 686 2493 κα
843 2468 872 2494 λε

259 2500 311 2536 Pin.
452 2500 481 2533 εδ
653 2503 690 2536 id
849 2502 884 2538 μθ

258 2546 306 2581 ρξι
453 2546 488 2573 πδ
647 2546 680 2579 Lis
848 2547 874 2579 ιζ

257 2581 310 2641 Si?
451 2581 497 2643 ἒῗθ
648 2581 694 2643 bis
841 2582 870 2643 ‘2?

257 2624 288 2641 συ
454 2624 497 2652 pm
649 2624 694 2643 σιο
847 2627 863 2653 ρ

257 2659 302 2677 σια
453 2660 505 2686 px:
648 2652 697 2686 σλη
842 2662 878 2680 κα

258 2693 291 2711 ax
453 2686 504 2721 ρκϐ
653 2686 700 2713 σλθ
849 2688 881 2721 οξ

259 2739 292 2778 ‘35
455 2732 507 2778 8???
649 2733 704 2778 se?
846 2742 881 2760 πε

257 2773 292 2792 σκ
299 2800 310 2804 _
457 2767 507 2804 025
649 2767 698 2800 σξα
847 2777 886 2804 πη

257 2800 311 2840 σμδ
649 2812 680 2830 σν
852 2800 907 2840 ptiar.

452 2835 508 2906 ii:
648 2846 682 2907 εξ
848 2835 908 2902 iis

989 1695 1010 1723 C

1032 945 1165 977 secundo,
1178 948 1205 971 et
1217 945 1311 971 eodem
1325 944 1406 971 modo
1421 952 1509 979 usque
1525 944 1557 971 ad
1570 947 1674 972 decem.
1692 945 1720 972 Si
1736 946 1817 980 igitur

1031 992 1140 1018 evoluto
1156 998 1209 1018 uno
1224 991 1410 1026 qualicunque
1427 998 1489 1018 cum
1517 995 1635 1026 quatuor
1652 991 1816 1026 Evangeliis,

1031 1037 1141 1064 cuilibet
1152 1037 1272 1072 capitulo
1280 1037 1347 1064 velis
1362 1037 1500 1068 insistere.
1517 1040 1543 1064 et
1560 1037 1661 1064 rescire
1677 1037 1722 1072 qui
1739 1037 1817 1064 simi-

1030 1082 1064 1109 li:i
1076 1083 1209 1116 dixerint,
1224 1087 1251 1109 et
1261 1083 1320 1109 loca
1339 1082 1449 1117 propria
1465 1090 1615 1117 agnoscere
1632 1082 1816 1117 singulorum,

1030 1128 1173 1164 inquibus
1203 1129 1299 1156 eadem
1324 1132 1388 1155 sunt
1413 1129 1547 1164 prolocuti
1576 1129 1698 1163 ejusdem
1718 1136 1818 1157 sensus

1029 1183 1108 1210 quem
1127 1178 1222 1207 tenes;
1238 1175 1363 1209 relegens
1380 1175 1550 1210 propositum
1569 1183 1723 1206 numerum,
1739 1183 1817 1210 qua:-

1029 1221 1165 1256 silumque.
1179 1229 1240 1248 eum
1257 1221 1283 1248 in
1298 1221 1377 1248 titulo
1390 1229 1470 1255 quem
1484 1221 1652 1248 demonstrat
1663 1221 1733 1247 tituli
1751 1221 1817 1248 sub-

1028 1268 1143 1299 nolalio.
1155 1267 1287 1294 continuo
1299 1267 1370 1294 scire
1379 1271 1457 1301 potes
1471 1275 1503 1294 ex
1520 1267 1814 1302 snprascriptionibus.

1028 1322 1096 1348 quas
1112 1314 1139 1341 in
1171 1313 1260 1340 l'ronte
1279 1317 1388 1340 notatas
1408 1314 1548 1345 invenies,
1562 1313 1608 1348 qui
1634 1317 1680 1340 aut
1698 1316 1765 1348 quot
1782 1313 1816 1339 de

1028 1360 1071 1388 his
1085 1368 1145 1395 qum
1163 1360 1289 1395 inquiris,
1307 1359 1406 1387 similia
1428 1359 1558 1386 dixerint.
1584 1358 1702 1386 Veniens
1731 1359 1815 1386 etiam

1028 1406 1061 1433 ad
1074 1407 1178 1441 reliqua
1203 1405 1347 1440 Evangelia
1367 1413 1415 1440 per
1431 1405 1555 1432 eumdem
1571 1411 1716 1431 numerum
1732 1408 1814 1439 quem

1028 1452 1178 1484 cont-luent,
1195 1451 1300 1478 videbis
1317 1450 1456 1485 oppositos
1469 1457 1516 1485 per
1531 1450 1652 1484 singulos
1671 1456 1814 1480 numeros,

1027 1501 1109 1532 atque
1126 1504 1174 1524 eos
1197 1497 1226 1524 in
1242 1496 1300 1524 suis
1316 1495 1490 1531 propriisque
1515 1495 1583 1522 lo'cis
1598 1494 1697 1523 similia
1711 1494 1817 1523 dixisse

1029 1542 1159 1576 reperies.

1043 1689 1170 1719 INCIPIT
1189 1689 1305 1718 CANON
1323 1687 1454 1716 PRIMUS
1473 1688 1506 1715 IN
1525 1688 1598 1721 QUO
1616 1686 1796 1720 QUATUOR.

1061 1744 1193 1772 MATTH.
1266 1742 1371 1770 MARC.
1446 1740 1568 1769 LUCAS.
1658 1739 1754 1769 .IOAN.

1061 1802 1108 1829 viii
1258 1800 1276 1826 ii
1455 1799 1492 1827 vii
1654 1807 1669 1826 x

1059 1837 1086 1864 xi
1256 1835 1282 1862 iv
1455 1842 1472 1861 x
1653 1834 1681 1860 vi

1059 1872 1086 1899 xi
1256 1871 1283 1897 iv
1454 1877 1470 1895 x
1653 1869 1690 1895 xii

1060 1907 1087 1933 xi
1255 1905 1283 1932 iv
1454 1912 1470 1931 x
1650 1903 1697 1931 xiv

1060 1941 1088 1968 xi
1255 1941 1282 1968 iv
1454 1947 1471 1966 x
1649 1940 1732 1967 xxviii

1059 1987 1106 2015 xiv
1257 1995 1273 2013 v
1455 1985 1503 2012 xiii
1651 1993 1686 2012 xv

1061 2023 1128 2050 xxiii
1255 2021 1327 2049 xxvii
1457 2020 1511 2047 xvii
1651 2019 1705 2047 xlvi

1060 2058 1126 2085 xxiii
1256 2057 1328 2083 xxvii
1457 2055 1539 2082 xxxiv
1651 2055 1705 2082 xlvi

1060 2093 1127 2120 xxiii
1256 2092 1330 2118 xxvii
1457 2091 1502 2117 xlv
1651 2090 1705 2117 xlvi

1059 2128 1105 2155 lxx
1257 2133 1292 2152 xx
1456 2126 1548 2153 xxxvii
1652 2126 1757 2157 xxxvii!

1059 2175 1162 2202 Ixxxvii
1258 2173 1357 2200 cxxxix
1464 2172 1506 2199 ecl
1656 2173 1708 2199 exii

1059 2210 1143 2238 xcviii
1257 2208 1318 2235 xcvi
1464 2209 1526 2235 cxvi
1656 2215 1709 2238 cxx

1061 2245 1142 2273 xcviii
1255 2243 1317 2270 xcvi
1464 2244 1523 2270 cxvi
1656 2243 1700 2269 cxi

1061 2281 1142 2308 xcviii
1256 2279 1318 2306 xcvi
1464 2279 1524 2305 cxvi
1657 2279 1683 2304 xl

1060 2315 1142 2343 xcviii
1255 2314 1317 2341 xcvi
1463 2313 1524 2340 cxvi
1655 2313 1737 2345 cxxix

1059 2362 1140 2390 xCViii
1259 2360 1320 2388 vai
1463 2360 1524 2387 exvi
1661 2360 1739 2388 rxxxi

1058 2397 1159 2424 cxxxiii
1259 2395 1352 2423 xxxvii
1461 2395 1543 2422 lxxvii
1656 2396 1700 2422 cix

1058 2433 1110 2460 cxli
1259 2432 1266 2457 l
1460 2430 1506 2457 xix
1574 2454 1579 2460 ,
1657 2431 1693 2458 lix

1058 2467 1123 2494 cxiii
1258 2466 1276 2492 li
1459 2465 1504 2492 xxi
1658 2473 1731 2494 xxxv

1059 2503 1139 2531 cxlvii
1258 2501 1313 2528 lxiv
1459 2501 1524 2527 xciii
1657 2501 1713 2531 xlix

1060 2548 1132 2576 clxvi
1259 2546 1350 2574 lxxxiv
1461 2546 1524 2573 xciv
1657 2547 1711 2574 xvii

1059 2584 1132 2611 clxvl
1261 2582 1347 2609 lxxxii
1460 2581 1522 2608 xciv
1655 2581 1730 2610 lxxiv

1059 2618 1120 2645 ceix
1258 2617 1320 2644 cxix
1460 2616 1576 2643 ccxxxiv
1654 2623 1668 2642 c

1059 2654 1119 2681 ccxi
1258 2652 1320 2680 cxxi
1460 2651 1594 2679 ccxxxviii
1653 2651 1699 2678 xxi

1060 2696 1128 2716 ccxx
1257 2687 1331 2714 cxxii
1459 2687 1574 2714 ccxxxix
1654 2687 1737 2715 lxxvil

1059 2741 1129 2761 ccxx
1257 2732 1340 2760 cxxix
1459 2732 1539 2759 ccxlii
1653 2733 1736 2760 lxxxv

1059 2776 1126 2796 ccxx
1257 2768 1329 2796 cxxii
1460 2767 1531 2794 cclxi
1653 2768 1677 2794 lx
1684 2768 1768 2798 xxviii

1057 2804 1146 2831 ccxliv
1256 2805 1356 2832 cxxxix
1459 2803 1502 2830 ccl
1654 2803 1706 2830 cxii

1056 2839 1145 2866 ecxliv
1255 2841 1353 2868 cxxxix
1458 2838 1499 2865 ecl
1653 2838 1726 2868 cxlvi

1056 2875 1162 2904 cclxxiv
1255 2874 1307 2903 clvi
1455 2874 1514 2904 cclx
1655 2881 1690 2901 xx
