4018 6502
1492 917 1717 1003 ΤΟΥ
1787 920 2384 1010 ΠΑΜΦΙΛΟΥ

774 1098 1942 1242 ΕΥΑΓΓΕΛΙΚΗΣ
2026 1110 3103 1258 ΑΠΟΔΕΙΞΕΩΣ

1444 1347 1951 1467 ΒΙΒΛΙΑ
2023 1358 2427 1473 ΔΕΚΑ

926 1735 1774 1920 EUSEBII
1882 1593 2938 1928 PAMPHILI

517 2052 714 2180 DE
813 2056 2235 2195 DEMONSTRATIONE
2337 2067 3382 2267 EVANGELICA.

1458 2318 1841 2437 LIBRI
1922 2324 2399 2439 DECEM

1088 2535 1523 2595 INTERPRETE
1558 2538 1998 2597 BERNARDINO
2031 2540 2333 2610 DONATO,
2362 2544 2768 2602 VERONENSI.

380 2695 478 2763 (Ex
510 2698 636 2748 edit.
658 2696 812 2747 Paris.
837 2695 974 2754 1628,
1006 2694 1174 2768 Colon.
1202 2695 1380 2770 (Lips).
1400 2694 1549 2770 17688;
1578 2695 1736 2770 Oxon.
1774 2694 1911 2770 [832.
1940 2722 2001 2766 —.-
2021 2696 2223 2747 Accedit
2245 2698 2643 2770 supplementum
2666 2714 2691 2750 a
2716 2701 2772 2770 J._
2804 2700 2862 2752 Ᾱ.
2892 2701 3115 2770 Fabricio
3152 2707 3430 2770 evulgatum

944 2756 1232 2820 prommium
1276 2756 1466 2808 scilicet
1504 2766 1559 2807 et
1598 2760 1751 2820 capita
1794 2756 1862 2806 ΙΙΙ
1906 2756 2084 2820 priora,
2120 2773 2228 2808 cum
2273 2756 2427 2823 ipsius
2467 2765 2634 2825 operis
2675 2765 2917 2828 epilogo.)

1087 2991 1669 3085 EPISTOLA
1759 2996 1826 3084 N
1854 2998 1918 3087 U
1943 2995 2751 3091 NCUPATORIA.

1664 3185 1778 3248 (Ed.
1817 3186 1972 3237 Paris.
2006 3186 2168 3249 1628.)

356 3362 739 3420 Illustrissimo
760 3381 822 3418 ac
849 3364 1174 3435 integerrimo
1198 3364 1306 3416 viro
1330 3362 1541 3416 domino
1573 3359 1641 3415 Β.
1668 3360 2057 3433 Hacquevilleo,
2082 3366 2441 3436 augustissimi
2459 3363 2755 3419 Galliarum
2782 3376 2992 3419 senatus
3015 3366 3185 3435 primo
3215 3365 3442 3419 I’razsidi
3468 3365 3528 3419 S.

352 3456 506 3511 Bene
535 3472 598 3510 ac
626 3456 850 3511 feliciter
878 3458 1031 3511 nobis
1061 3456 1432 3525 universasque
1457 3453 1641 3511 Galliae
1670 3456 1901 3512 cessisse
1937 3472 2127 3513 onmcs
2155 3459 2622 3524 existimaverunt,
2654 3458 3019 3514 illustrissime
3052 3458 3278 3523 Praeses,
3314 3474 3435 3513 cum
3457 3459 3521 3516 al'

278 3565 519 3607 excessu
554 3548 874 3618 amplissimi
905 3560 1127 3604 senatus
1147 3548 1434 3619 principis,
1469 3547 1641 3618 patria
1667 3546 2027 3612 diuturniore,
2064 3563 2222 3618 quam
2256 3556 2632 3611 consueverat,
2667 3558 2905 3618 tempore
2937 3558 3304 3613 consternata,
3338 3548 3520 3603 subiti

281 3640 495 3695 luctum
542 3655 606 3694 ac
648 3639 975 3695 desiderium
1009 3640 1143 3693 tanti
1170 3638 1425 3694 Praesidis
1450 3645 1542 3691 tua
1597 3638 1653 3692 in
1690 3637 1860 3708 ipsius
1891 3637 2070 3691 locum
2128 3642 2467 3709 promotione
2513 3640 2782 3709 deposuit.
2821 3638 2898 3693 Ex
2925 3655 3033 3710 quo
3060 3655 3237 3694 rerum
3272 3638 3517 3693 omnium

283 3735 620 3803 agendarum
653 3741 896 3801 tempora
934 3731 1014 3785 sic
1049 3730 1363 3793 illuxerunt,
1397 3738 1542 3783 tanta
1595 3730 1648 3783 in
1694 3731 1903 3785 animos
1931 3730 2175 3786 omnium
2207 3730 2425 3800 irrepsit
2452 3731 2656 3793 laetitia,
2707 3739 2765 3785 ut
2793 3732 2881 3785 vix
2934 3731 3076 3786 aliud
3105 3732 3341 3802 optatius
3367 3732 3513 3801 quod

281 3828 512 3885 vellent,
551 3830 643 3876 aut
675 3823 821 3893 quod
865 3820 1125 3891 pristinas
1168 3817 1517 3889 aegritudines
1559 3835 1625 3874 ex
1657 3821 1863 3873 recenti
1893 3820 2106 3889 jactura
2145 3829 2438 3892 conceptas
2468 3822 2838 3876 vehementius
2871 3822 3145 3887 allevaret,
3206 3822 3519 3891 continget:

280 3920 530 3986 potuisse
552 3918 855 3972 crederent.
883 3914 1058 3986 thue
1091 3915 1398 3984 reipublicae
1422 3915 1583 3969 rebus
1606 3914 1876 3984 quondam
1899 3917 2226 3985 perturbatis
2245 3916 2677 3971 animadversum
2708 3925 2813 3983 est,
2843 3926 2964 3987 post
2981 3916 3319 3973 Cannensem
3359 3916 3509 3971 illam

281 4012 495 4066 cladem
522 4011 765 4067 secundo
786 4010 1021 4066 Marcelli
1053 4010 1119 4065 ad
1143 4008 1331 4063 Nolam
1358 4010 1563 4080 praalio,
1588 4020 1845 4079 populum
1875 4009 2175 4065 Romanum
2200 4013 2435 4082 primum
2455 4012 2609 4083 erigi,
2644 4027 2706 4066 ac
2728 4013 2984 4082 deinceps
3011 4011 3078 4065 ad
3107 4020 3322 4083 optatos
3343 4013 3518 4067 exitus

276 4107 492 4161 aﬂlante
517 4106 735 4160 fortuna
761 4105 977 4175 provehi
1008 4106 1239 4175 cmpisse
1266 4126 1280 4158 :
1306 4104 1386 4159 sic
1417 4113 1539 4174 post
1564 4104 1724 4159 unius
1749 4104 1844 4157 viri
1875 4105 2063 4159 amissi
2084 4105 2468 4169 calamitatem,
2499 4106 2656 4161 simul
2688 4113 2850 4177 atque
2872 4107 2939 4161 ad
2973 4108 3336 4176 augustiorem
3372 4107 3517 4159 illam

278 4198 693 4266 principemque
719 4202 940 4249 senatus
969 4194 1307 4264 dignitatern,
1335 4208 1441 4247 non
1481 4193 1822 4259 favitoribus,
1857 4201 1915 4246 ut
1941 4196 2017 4248 ait
2041 4195 2316 4261 Comicus,
2349 4195 2444 4250 sed
2472 4197 2672 4251 virtute
2700 4182 2988 4252 ambiendo
3018 4198 3333 4267 pervenisti,
3358 4200 3519 4269 lugu-

274 4289 391 4346 bria
414 4290 600 4345 omnia
626 4290 811 4360 procul
839 4289 1135 4351 eliminata,
1171 4298 1223 4342 et
1255 4303 1526 4358 prosperae
1558 4302 1647 4342 res
1676 4286 1870 4343 deinde
1893 4290 2174 4359 permulta:
2203 4297 2510 4345 consecuta:
2537 4290 2664 4345 sint.
2708 4290 2837 4357 Qua:
2874 4293 2998 4347 aliis
3028 4291 3151 4347 inde
3187 4295 3515 4349 accesserint

272 4386 583 4448 commoda,
614 4383 787 4454 magis
812 4384 946 4454 ipsis
969 4382 1167 4453 quibus
1190 4384 1281 4437 illa
1314 4386 1655 4454 contigerunt
1676 4383 1922 4450 fruenda,
1945 4401 2105 4456 quam
2131 4386 2376 4456 pluribus
2398 4386 2741 4456 praedicanda
2770 4385 3145 4456 relinquimus.
3173 4385 3369 4443 Noster
3392 4401 3515 4443 vero

278 4478 436 4542 ordo,
472 4488 662 4534 nostra
709 4479 964 4543 societas,
996 4484 1049 4530 et
1079 4475 1244 4530 veluti
1289 4476 1549 4531 litteraria
1581 4477 1825 4547 quaedam
1869 4478 2151 4541 sodalitas,
2186 4478 2344 4548 quasi
2377 4494 2441 4534 ex
2485 4479 2728 4551 longiore
2758 4486 2981 4534 veterno
3008 4488 3283 4543 revocata,
3312 4482 3366 4533 in
3394 4494 3512 4534 eam

274 4586 430 4642 spem
464 4579 646 4626 erecta
677 4576 781 4634 est,
809 4578 868 4623 ut
892 4581 942 4624 te
976 4584 1190 4623 sacrum
1222 4566 1514 4623 Themidos
1547 4570 1759 4623 clavum
1802 4577 2037 4633 tenente,
2071 4571 2444 4641 bonarumque
2473 4571 2773 4625 litterarum
2811 4570 3057 4635 custode,
3081 4570 3367 4625 doctorum
3397 4586 3514 4624 om-

272 4665 425 4718 nium
463 4662 696 4727 fautore,
726 4662 1006 4732 ipsiusque
1035 4660 1388 4717 humanitatis
1431 4662 1651 4717 assiduo
1694 4661 1926 4725 vindice,
1958 4664 2246 4733 pristinum
2292 4663 2549 4735 vigorem,
2577 4662 2744 4718 decus
2775 4677 2839 4716 ac
2871 4662 3240 4717 celebritatem
3275 4660 3425 4717 brevi
3456 4676 3514 4715 se

268 4762 613 4825 recepturam
643 4761 958 4824 auguretur.
992 4751 1121 4820 Qua;
1151 4768 1251 4809 nos
1269 4768 1334 4808 eo
1362 4769 1450 4809 res
1493 4753 1738 4817 adduxit,
1775 4762 1835 4808 ut
1863 4771 2020 4825 quem
2054 4771 2163 4826 pra:
2215 4757 2466 4811 manibus
2501 4756 2764 4810 habemus
2793 4765 3070 4809 auctorem
3100 4755 3239 4808 diem
3269 4755 3513 4815 aspicere

268 4848 590 4919 gestienlem
623 4846 915 4901 Eusebium
939 4844 1203 4916 Pamphili
1237 4844 1313 4899 De
1338 4845 1781 4901 demonstratione
1808 4848 2124 4917 evangelica,
2158 4849 2259 4903 hoc
2306 4857 2389 4904 est
2418 4849 2485 4903 de
2518 4847 2642 4903 fidei
2665 4847 2992 4903 Christiana:
3016 4849 3242 4903 veritate
3274 4848 3511 4918 graviter

267 4938 649 5005 disSerentem,
680 4948 774 4995 tuo
802 4940 1145 5010 potissimum
1183 4939 1385 4993 nomini
1412 4954 1755 5001 consecrare,
1780 4955 1886 4994 non
1913 4947 2021 4994 tam
2054 4955 2084 4994 e
2106 4955 2164 4994 re
2191 4948 2375 4994 nostra
2408 4956 2553 5004 esse,
2582 4954 2743 5010 quam
2769 4939 2997 5009 publica:
3026 4939 3511 5009 congratulationis

264 5029 536 5089 interesse
566 5041 900 5103 putaremus.
928 5030 1058 5085 Nam
1092 5049 1213 5087 cum
1246 5033 1468 5086 humani
1498 5040 1551 5087 te
1575 5032 1717 5102 juris
1747 5042 2072 5087 assertorem
2095 5034 2421 5088 acerrimum
2461 5044 2515 5089 et
2540 5034 2695 5100 alias,
2722 5048 2869 5087 nunc.
2897 5049 3028 5088 vero
3054 5033 3286 5086 maxime
3315 5031 3382 5085 ad
3410 5046 3506 5085 su-

266 5141 512 5197 premum
539 5128 705 5182 curiae
747 5127 897 5197 regni
921 5126 1193 5197 fastigium
1222 5143 1319 5197 per
1339 5141 1529 5181 omnes
1569 5127 1836 5181 bonorum
1867 5127 2068 5198 gradus
2090 5137 2310 5183 evectus
2342 5130 2605 5199 praebeas,
2632 5129 2720 5197 cui
2764 5128 2983 5198 pietatis
3022 5133 3077 5181 et
3122 5127 3348 5179 sincera:
3379 5125 3509 5180 reli-

264 5223 442 5292 gionis
463 5237 597 5278 cura
626 5224 800 5294 magis
824 5223 1124 5286 incumbat,
1154 5223 1200 5278 si
1227 5238 1257 5277 a
1283 5232 1333 5278 te
1354 5222 1649 5277 abierimus
1680 5221 1910 5278 fortasse
1930 5224 2262 5293 reperiemus
2284 5225 2576 5281 neminem.
2604 5224 2695 5279 Sic
2720 5224 2987 5279 Eusebius
3008 5230 3198 5277 noster
3219 5221 3508 5291 Pamphilo

265 5336 363 5376 suo
393 5321 449 5375 in
491 5319 595 5373 ﬁde
630 5320 827 5374 tuenda
867 5319 1005 5375 [idus
1033 5319 1260 5374 adhaesit
1302 5334 1507 5385 comes,
1544 5327 1603 5372 ut
1635 5317 1900 5389 Pamphili
1931 5320 2093 5373 etiam
2138 5335 2438 5391 cognomen
2468 5321 2568 5375 sibi
2594 5320 2811 5388 adjungi
2835 5318 3085 5373 voluerit.
3109 5315 3219 5372 Nec
3242 5312 3388 5370 aliud
3426 5316 3512 5368 di-

261 5413 451 5482 gnitati
475 5421 583 5466 ture
603 5426 922 5483 morumque
944 5412 1197 5467 suavitati
1224 5428 1415 5467 nomen
1441 5413 1620 5483 aptius
1647 5413 1825 5483 potuit
1837 5428 2145 5475 occurrere,
2165 5429 2327 5483 quam
2356 5415 2534 5478 istius,
2558 5414 2701 5484 quod
2725 5412 2963 5466 omnium
2993 5425 3336 5466 communem
3358 5424 3515 5463 δοιο-

262 5520 372 5561 rem
395 5519 460 5559 ac
484 5504 916 5560 benevolentiam
945 5505 1229 5559 l'ndicaret.
1258 5504 1435 5571 Quare
1473 5504 1517 5559 si
1546 5504 1598 5558 in
1634 5511 1744 5558 tam
1775 5505 2029 5575 propensi
2063 5504 2308 5560 omnium
2339 5504 2393 5558 in
2426 5510 2479 5559 te
2508 5503 2732 5566 amoris,
2768 5510 2984 5573 tumque
3014 5502 3068 5556 in
3102 5515 3292 5555 omnes
3328 5499 3499 5554 chari‘

261 5595 390 5650 tatis
420 5594 698 5665 publicum
724 5595 1118 5659 testimonium,
1143 5595 1480 5665 singulorum
1513 5595 1766 5649 ordinum
1794 5608 1857 5649 ac
1887 5593 2209 5650 societatum
2240 5593 2734 5664 congratulationes
2758 5594 3006 5648 certatim
3039 5592 3092 5645 in
3116 5600 3177 5645 te
3192 5590 3307 5645 fieri
3335 5603 3510 5645 nuner

260 5689 509 5753 vidimus,
534 5699 820 5760 postquam
850 5690 904 5744 in
936 5690 1310 5749 excelsissimo
1340 5692 1431 5747 illo
1458 5699 1880 5762 purpuratorum
1919 5690 2139 5745 Patrum
2180 5691 2415 5746 culmine
2454 5691 2771 5757 consed‘rsti,
2808 5689 2937 5763 quid
2966 5687 3182 5743 tandem
3206 5686 3363 5742 nobis
3386 5685 3506 5738 aui-

261 5780 329 5833 mi
360 5781 428 5838 ad
466 5779 787 5835 munuscula
820 5779 1057 5848 undique
1106 5780 1489 5848 comparanda,
1526 5780 1889 5851 ﬂosculosque
1919 5788 1972 5837 et
2016 5788 2163 5839 serta
2210 5796 2489 5836 musarum
2536 5797 2601 5837 ex
2646 5781 2877 5836 hortulis
2925 5779 3247 5851 colligenda,
3289 5783 3505 5846 tuaeque

536 5872 812 5931 ΡΑτιιοι.
860 5871 979 5931 Gn.
1027 5871 1233 5931 ΧΧΙΙ.
2469 5871 2479 5885 ’
3188 5878 3217 5932 1
