4018 6556
509 380 564 434 Η
1165 380 1438 439 EUSEBII
1476 379 1952 437 CESARIENSIS
1990 381 2138 437 OPP.
2179 382 2360 439 PARS
2397 383 2461 440 ιι.
2502 417 2570 428 —-
2610 386 3106 448 APOLOGETICA.
3664 399 3733 451 η

503 499 841 568 celsitudinis
868 500 1094 571 pedibus
1117 499 1448 555 admovenda
1477 515 1598 554 esse
1628 497 1834 561 debuit,
1865 513 2096 568 quorum
2131 515 2256 570 spes
2289 501 2466 558 omnis
2496 517 2663 575 prope
2690 512 2743 560 et
2766 507 2924 571 ratio,
2956 508 3064 562 imo
3096 509 3404 579 praesidium
3440 521 3736 585 portusque

468 650 469 653 η
503 592 809 648 tutissimus
840 593 893 647 in
942 595 1018 648 tui
1059 595 1304 648 muneris
1335 591 1688 662 amplitudine
1719 603 1878 661 atque
1912 593 2275 650 sollicitudine
2310 594 2523 650 videtur
2551 613 2674 654 esse
2716 601 3066 657 constitutus.
3099 602 3354 675 Accipies
3389 607 3572 676 igitur.
3605 608 3730 663 illu-

478 688 770 773 Z'Strtssime
818 687 1048 752 Przeses,
1083 705 1190 760 quo
1234 689 1433 752 studio,
1477 704 1692 758 quaque
1731 690 2058 744 consuevisti
2102 690 2458 756 humanitate,
2506 709 2662 750 sacra
2706 695 2970 753 doctrinae
3013 715 3260 771 veraeque
3295 687 3512 773 pietatis
3541 720 3734 760 monu-

468 762 700 864 imenta,
729 779 779 833 id
828 779 970 850 quod
1012 797 1154 834 nunc
1188 782 1303 850 ipsa
1336 780 1499 834 nobis
1551 779 1750 848 objecit
1775 781 2012 841 occasio,
2044 778 2262 836 Eusebii
2305 783 2515 838 scilicet
2541 782 2805 855 Pamphili
2839 762 3191 847 Caesariensis
3225 762 3313 847 De.
3327 795 3620 866 evangelica
3647 796 3736 849 de-

497 872 880 926 moustratione
910 873 1228 927 utilissimas
1257 873 1777 939 Commentationes,
1802 887 1922 942 quae
1952 873 2228 928 honorarii
2259 877 2541 946 cujusdam
2565 879 2805 936 muneris
2827 881 2999 936 instar
3026 899 3146 940 esse
3166 889 3392 956 possint,
3433 889 3593 958 quale
3624 901 3734 943 ma-

497 959 815 1030 gistratibus
866 967 1160 1022 novissime
1187 969 1241 1024 in
1291 972 1600 1040 provincias
1642 988 1671 1026 a
1701 974 1948 1044 principe
1995 973 2197 1036 missis,
2229 975 2394 1030 animi
2427 976 2671 1032 benevoli
2699 979 2931 1034 testandi
2974 995 3140 1037 causa
3169 983 3350 1038 oll'erri
3401 985 3631 1050 solebat,
3668 993 3730 1041 ut

495 1056 648 1105 tanto
679 1054 976 1111 studiosius
999 1065 1050 1110 et
1079 1056 1394 1129 diligentius
1423 1062 1733 1132 reipublicae
1753 1063 2120 1129 consulerent,
2147 1071 2351 1134 quanto
2375 1065 2580 1137 majore
2603 1077 2654 1123 et
2687 1067 2921 1138 publicis
2942 1072 3181 1128 omnium
3214 1075 3352 1130 votis
3383 1075 3529 1132 illius
3557 1076 3730 1132 admi-

494 1146 789 1203 nistrandae
810 1164 994 1203 curam
1021 1161 1394 1222 susceperant.
1431 1153 1582 1210 Vale.
3067 1161 3069 1163 1

561 1239 719 1291 Anno
757 1241 948 1297 salutis
981 1241 1135 1296 1698.

841 1439 1153 1498 Celsitudini
1181 1454 1286 1500 tua:
1313 1445 1690 1513 addictissimi,

491 1998 3508 2030 ___________._____________.___________________

2549 1637 2774 1696 Michael
2806 1639 3055 1698 Somnus.

2554 1729 2908 1788 Sebastianus
2937 1731 3229 1790 Cusuonsr.
3273 1783 3276 1787 ,

2533 1825 2766 1885 Carolus
2800 1828 3142 1886 Ioannes.

1406 2149 2153 2241 GALLANDIUS
2223 2150 2783 2246 LECTORI.

1274 2335 1592 2399 (Bibliotheca
1614 2344 1703 2389 vet.
1731 2339 1894 2400 Patr.,
1917 2344 2037 2390 tom.
2060 2337 2145 2400 IV,
2169 2338 2389 2401 Proleg.,
2413 2353 2462 2402 p.
2490 2352 2607 2401 nn,
2632 2346 2757 2405 etp.
2785 2341 2918 2405 461.)

477 2599 518 2664 Ι.
580 2609 792 2665 Eusebii
858 2609 1200 2664 Ctesariensis
1259 2605 1664 2682 Demonstratio
1731 2611 2041 2682 evangelica
2073 2619 2120 2676 Α
2148 2612 2278 2666 illud
2310 2611 2602 2682 Sapientia:
2625 2627 2723 2674 vn,
2751 2610 2822 2666 26
2855 2627 2870 2666 :
2899 2609 3158 2682 Splendor
3193 2623 3270 2668 est
3314 2615 3527 2671 luminis
3573 2633 3712 2672 sent-

1131 2677 1386 2746 suppleta.

545 2793 993 2864 Quandoquidem
1057 2803 1364 2860 temporum
1430 2790 1567 2846 ordo
1626 2793 1693 2848 ad
1750 2792 2045 2850 Eusebium

473 2886 864 2943 Caesariensem
895 2901 995 2941 nos
1026 2886 1342 2950 deduxerat,
1369 2897 1560 2941 nostra
1598 2884 1868 2941 interesse
1919 2902 2048 2940 cen-

473 2980 704 3043 suimus,
738 2988 795 3034 ut
829 2979 1153 3048 prommium
1194 2984 1247 3032 et
1287 2979 1464 3051 capita
1516 2975 1582 3032 Ill
1643 2978 1826 3047 priora
1871 2977 1995 3032 libri
2027 2979 2043 3031 Ι

473 3069 791 3126 Eusebianze
851 3068 1329 3124 Demonstrationis
1394 3071 1704 3140 evangelica:
1755 3085 1863 3123 una
1919 3085 2042 3124 cum

472 3164 648 3234 ipsius
679 3167 860 3234 operis
886 3163 1120 3234 epilogo.
1157 3179 1278 3234 quae
1303 3164 1356 3218 in
1381 3164 1645 3218 hactenus
1674 3161 1905 3233 vulgatis
1938 3161 2047 3216 edi—

471 3259 711 3314 tionibus
740 3257 1214 3321 desiderabantur,
1246 3257 1389 3328 typis
1437 3256 1752 3312 excudenda
1803 3257 2045 3311 tradere-

471 3366 611 3407 mus.
638 3350 714 3406 Ea
735 3367 865 3406 vero
891 3359 1112 3416 accepta
1140 3352 1427 3407 referimus
1457 3351 1832 3405 eruditissimo
1845 3349 2044 3404 Joanni

469 3443 691 3499 Alberto
721 3442 1012 3510 Fabricio;
1040 3443 1132 3514 qui
1168 3443 1313 3500 haud
1348 3444 1419 3498 ita
1445 3442 1656 3514 pridem
1687 3444 1873 3497 isthiec
1904 3457 2043 3512 prae-

469 3535 601 3589 clari
630 3536 811 3606 operis
845 3536 1216 3606 supplementa
1246 3550 1311 3589 ex
1343 3550 1444 3590 ms.
1474 3535 1664 3589 codice
1701 3534 2042 3588 bibliothecae

467 3626 761 3682 celsissimi
791 3625 1086 3682 Walachiaa
1114 3627 1378 3698 principis
1408 3625 1636 3682 Joannis
1665 3625 1869 3680 Nieolai
1892 3625 2043 3680 Mau-

466 3713 741 3769 rocordati
796 3715 1102 3786 desumpta,
1156 3717 1314 3770 bonis
1363 3717 1561 3771 litteris
1611 3717 1750 3771 bene
1790 3717 2038 3786 cupiens,

466 3819 592 3858 cum
623 3821 722 3860 sua
752 3807 1200 3878 interpretatione
1222 3807 1494 3876 evnlgavit
1519 3809 1616 3878 (α).

466 3893 530 3951 ll.
575 3896 858 3952 Permultis
911 3901 964 3952 in
1011 3900 1137 3952 locis
1181 3898 1673 3955 Demonstrationis
1717 3899 2042 3968 evangelicae

2146 2703 2357 2770 piterni,
2380 2702 2746 2772 speculumque
2763 2703 3164 2756 immaculatum
3191 2703 3380 2759 divina:
3407 2707 3711 2775 eﬂicientiv,

2146 2805 2195 2847 et
2228 2795 2402 2863 imago
2439 2793 2688 2847 bonitatis
2743 2794 2920 2856 illius;
2975 2793 3217 2865 illudque
3249 2804 3506 2866 praeterea
3562 2796 3713 2852 Pauli

2147 2885 2213 2940 ad
2249 2883 2500 2939 llebrmos
2534 2901 2570 2948 ι,
2603 2885 2635 2938 5
2671 2903 2684 2939 :
2720 2884 2963 2949 Quicum
3022 2889 3090 2941 sit
3145 2887 3391 2957 splendor
3430 2888 3613 2959 gloria
3661 2898 3715 2945 et

2146 2978 2317 3048 ﬁgura
2349 2977 2662 3033 substantia?
2689 2980 2801 3048 ejus
2834 2995 2851 3032 :
2881 2979 2991 3045 his,
3039 2980 3291 3050 inquam,
3336 2984 3523 3038 relatis
3555 2982 3714 3038 docet

2145 3069 2413 3126 Eusebius
2463 3083 2622 3141 atque
2673 3074 2924 3128 evincere
2976 3073 3187 3138 nititur,
3238 3074 3600 3129 substantiam
3659 3083 3715 3131 et

2145 3163 2396 3218 deitatem
2416 3162 2535 3218 Filii
2555 3165 2715 3218 aliam
2738 3180 2859 3219 esse
2879 3181 2906 3217 a
2927 3173 3151 3236 paterna
3179 3177 3232 3220 et
3258 3166 3526 3221 diversam
3557 3180 3618 3220 ac
3635 3181 3717 3222 se-

2145 3258 2643 3328 paratam,ipsique
2671 3258 2841 3312 multo
2866 3257 3196 3313 inferiorem.
3215 3258 3305 3313 Sic
3328 3260 3470 3314 enim
3499 3260 3711 3329 illelb):

2149 3367 2170 3400 ς
2208 3348 2312 3404 Sed
2343 3365 2372 3402 a
2407 3349 2647 3404 sensibili
2689 3349 2907 3419 quidem
2954 3350 3158 3406 lumine
3188 3350 3442 3421 splendor
3469 3353 3712 3422 separari

2144 3456 2254 3495 non
2293 3450 2470 3511 potest
2507 3461 2518 3495 :
2563 3439 2736 3496 Filius
2789 3460 2904 3497 vero
2956 3461 3191 3498 seorsum
3235 3462 3268 3496 a
3318 3445 3478 3498 Patre
3536 3460 3628 3515 per
3658 3461 3716 3500 se

2143 3532 2312 3600 ipsum
2341 3531 2597 3596 subsistit,
2625 3553 2642 3585 ι
2689 3534 2746 3586 Ὀ
2774 3535 2829 3587 δὲ
2862 3535 2988 3599 Υἱὸς
3024 3535 3166 3598 ἰδίως
3201 3537 3347 3608 παρὰ
3375 3537 3464 3590 τὸν
3497 3537 3715 3610 Πατέρα

2143 3621 2264 3674 καθ’
2295 3621 2484 3674 ἑαυτὸν
2525 3623 2791 3692 ἐφέστηκε
2822 3625 2945 3694 (leg.
2993 3624 3310 3697 ὑφέστηκε).
3360 3625 3436 3680 Ac
3490 3626 3713 3682 luminis

2143 3713 2358 3784 quidem
2389 3716 2644 3785 splendor
2674 3717 2850 3770 locum
2890 3717 3193 3772 ellicientiae
3236 3717 3447 3772 obtinet
3484 3737 3497 3772 :
3534 3715 3709 3773 Filius

2143 3818 2318 3861 autem
2351 3807 2498 3860 aliud
2541 3807 2808 3877 quidpiam
2839 3825 2997 3878 quant
3045 3808 3329 3863 secundum
3387 3809 3711 3878 efﬁcientiam

2140 3909 2238 3962 est,
2285 3915 2374 3968 per
2417 3917 2472 3953 se
2506 3901 2677 3967 ipsum
2732 3899 3031 3954 substantia
3085 3901 3356 3969 pra’ditus,
3399 3901 3458 3953 ’0
3489 3901 3546 3954 δὲ
3583 3900 3712 3964 Υἱὸς

537 3967 795 4065 Arignum
822 3986 876 4022 se
905 3968 1080 4051 prodit
1113 3968 1391 4065 Eusebius.
1428 3968 1543 4050 {Iac
1575 3970 1650 4065 ge
1700 3971 2040 4065 teunonluulla

2142 3991 2324 4059 ἕτερόν
2375 4009 2425 4045 τι
2474 3990 2615 4044 κατὰ
2667 3992 2944 4065 ἐνέργειαν
2998 3967 3274 4063 τυῨχὰνει,
3337 3992 3458 4045 καθ’
3520 3991 3710 4046 ἑαυτὸν

532 4039 874 4106 proferuntur
920 4041 1201 4106 specimina
1249 4039 1526 4093 Arianica.
1566 4039 1781 4094 Eusebii
1838 4042 2036 4105 placita

533 4109 788 4230 interpres
846 4110 910 4164 de
939 4111 1202 4164 industria
1249 4110 1318 4162 ad
1365 4108 1678 4165 catholicam
1725 4112 2035 4166 sententiam

571 4188 824 4250 etorquet.

537 4271 637 4327 ilic
691 4289 855 4344 pm'ro
903 4274 1136 4329 lectores
1185 4274 1423 4330 monitos
1455 4273 1639 4335 velim,
1690 4271 2034 4326 Demonstra-

464 4364 655 4420 tionem
700 4364 918 4420 Eusebii
960 4367 1307 4436 evangelicam
1342 4374 1628 4436 propterea
1664 4365 1793 4418 mihi
1833 4365 2031 4420 dictam

457 4459 777 4524 praeclarum
797 4477 948 4530 opus,
969 4460 1113 4530 quod
1146 4460 1314 4513 multa
1340 4460 1501 4530 plane
1534 4460 1588 4513 in
1618 4475 1684 4512 eo
1720 4459 1862 4513 libro
1895 4475 2033 4529 pra!-

462 4550 609 4604 clare
638 4550 834 4605 dixerit
865 4560 1076 4617 auctor,
1105 4553 1499 4622 veritatemque
1534 4551 1860 4606 Christiana:
1901 4551 2030 4605 reli-

459 4644 639 4714 gionis
664 4644 926 4700 adversus
949 4645 1163 4702 Judaaos
1199 4646 1542 4716 potissimum
1574 4660 1637 4699 ex
1671 4644 1844 4698 sacris
1875 4641 2032 4697 Vete-

460 4735 538 4789 ris
560 4743 614 4789 et
635 4734 769 4788 Novi
801 4735 1134 4791 Testamenti
1161 4737 1354 4792 litteris
1386 4737 1618 4790 maxime
1652 4733 2026 4804 propugnarit.

461 4825 662 4882 Verum
697 4827 750 4882 in
779 4829 1068 4899 permultis
1099 4830 1342 4898 ejusdem
1371 4829 1553 4899 operis
1591 4829 1724 4883 locis
1753 4826 1896 4881 haud
1929 4826 2030 4881 oh-

459 4933 622 4973 scure
660 4918 840 4988 prodit
871 4928 1040 4974 semet
1078 4917 1345 4975 Eusebius
1379 4918 1705 4972 Arianorum
1745 4926 1904 4972 secta:
1935 4913 2033 4969 ad~

457 5009 700 5075 dictum;
732 5024 964 5079 quorum
998 5008 1196 5079 placita
1236 5008 1466 5064 subinde
1496 5007 1732 5061 inculcat
1759 5019 1812 5060 et
1851 5011 2027 5075 urget,

458 5099 659 5153 nedum
691 5100 798 5155 sibi
831 5099 1058 5169 probata
1107 5099 1462 5155 demonstret.
1506 5099 1660 5165 Quod
1705 5095 1925 5168 quidem
1972 5105 2031 5150 ut

457 5199 660 5260 pateat,
692 5206 861 5246 unum
906 5193 1281 5246 tantummodo
1307 5192 1483 5246 locum
1514 5192 1570 5244 in
1601 5189 1831 5244 medium
1858 5187 2035 5258 prole-

461 5298 600 5348 ram,
645 5297 755 5353 quo
799 5293 990 5338 auctor
1031 5284 1309 5353 propalam
1341 5283 1556 5337 Arianae
1587 5281 1855 5336 haereseos
1881 5280 2031 5335 virus

2136 4082 2488 4154 οὕσιωμένος.
2532 4082 2770 4138 Rursum
2823 4084 3081 4153 splendor
3129 4084 3289 4138 simul
3331 4099 3455 4138 cum
3507 4084 3711 4138 lumine

2135 4175 2374 4238 exsistit,
2402 4175 2640 4245 illudque
2672 4175 2908 4246 quodam
2936 4173 3097 4228 modo
3125 4176 3394 4245 complet;
3429 4190 3551 4230 nam
3587 4175 3709 4232 sine

2137 4267 2423 4336 splendore
2469 4268 2648 4322 lumen
2690 4282 3031 4338 nequaquam
3075 4269 3405 4336 substiterit,
3437 4269 3710 4338 simulque

2135 4372 2257 4410 cum
2312 4358 2403 4411 illo
2447 4372 2510 4412 ac
2569 4358 2869 4412 secundum
2920 4357 3053 4412 illud
3107 4358 3402 4414 subsistit:
3445 4368 3500 4412 at
3543 4357 3708 4414 Pater

2133 4447 2281 4515 prius
2342 4463 2499 4517 quam
2547 4444 2720 4501 Filius
2759 4448 2988 4513 exsistit,
3039 4457 3088 4502 et
3147 4459 3269 4504 ante
3319 4448 3707 4518 generationem

2133 4539 2245 4609 ejus
2266 4540 2569 4600 exsistebat,
2591 4551 2845 4612 quatenus
2874 4543 3018 4595 solus
3050 4542 3306 4612 ingenitus
3335 4549 3449 4593 erat
3473 4556 3492 4594 :
3521 4558 3542 4593 ι
3563 4539 3619 4593 '0
3647 4540 3704 4594 δὲ

2135 4631 2325 4703 Πατὴρ
2378 4633 2718 4704 προϋπάρχει
2770 4632 2862 4685 τοῦ
2914 4632 3074 4696 Υἰοῧ,
3112 4632 3204 4685 καὶ
3256 4630 3355 4699 τῆς
3403 4631 3708 4701 γεννήσεως

2133 4724 2294 4777 αὑτοῦ
2315 4718 2792 4796 προῦφέστηκεν,ᾖ
2823 4722 2980 4794 μόνος
3008 4723 3298 4792 ἀγέννητος
3324 4718 3413 4793 ἦν,
3441 4742 3460 4775 ³
3497 4741 3550 4777 κ·
3574 4741 3625 4778 το
3650 4724 3706 4779 λ·

2132 4815 2422 4884 Complura
2464 4830 2592 4869 vero
2625 4815 2890 4884 ejusmodi
2923 4815 3040 4868 loca
3072 4830 3136 4869 eo
3169 4815 3224 4869 in
3251 4830 3414 4886 opere
3453 4817 3705 4874 Ariauica

2134 4907 2252 4962 labe
2287 4916 2472 4961 notata
2521 4907 2708 4962 videas
2753 4905 2893 4976 apud
2927 4906 3075 4961 viros
3127 4907 3498 4974 doctissimos,
3530 4909 3700 4965 Mara—

2133 5015 2260 5054 num
2298 4999 2367 5070 (c)
2405 5008 2456 5053 et
2497 4999 2959 5053 Montl‘aueonium
2991 4998 3104 5069 (d);
3132 5016 3362 5070 quorum
3398 5003 3537 5058 alter
3568 5019 3704 5072 prae-

2133 5103 2278 5147 terea
2327 5092 2710 5146 animadvertit
2749 5091 2841 5162 (ε),
2883 5091 3361 5147 Demonstrationis
3397 5095 3704 5164 evangelica:

2133 5183 2480 5253 interpretem
2523 5185 2590 5238 de
2640 5183 2910 5239 industria
2942 5182 3234 5238 Eusebium
3275 5186 3343 5239 ad
3375 5186 3702 5242 catholicam

2133 5276 2459 5330 sententiam
2482 5275 2801 5331 detersisse.
2833 5272 2940 5329 Sed
2967 5288 3065 5344 pro
3090 5289 3317 5331 munere
3348 5285 3537 5333 nostro
3566 5278 3702 5333 satis

459 5350 708 5428 ellundit.
766 5350 1049 5444 Siquidem
1098 5350 1384 5446 postquam
1416 5374 1482 5430 ad
1524 5371 1803 5428 Christum
1847 5371 2033 5427 retulit
2059 5350 2102 5410 (ἶ
2136 5366 2250 5422 haec
2279 5375 2458 5422 sunto.

495 5532 602 5617 _(a’)
627 5528 841 5588 Fabric.
870 5536 926 5588 in
967 5533 1163 5594 Delect.
1187 5551 1420 5606 argum,
1451 5549 1610 5607 pagg.
1642 5535 1794 5589 1-22.
1825 5533 2021 5588 Hamb.

459 5603 861 5756 “(igigusem
913 5673 1216 5730 Demonstr.
1271 5691 1449 5747 evaug.
1499 5676 1597 5733 lib.
1667 5692 1740 5745 iv,
1793 5691 1914 5745 cap.
1972 5673 2026 5737 5,

457 5743 834 5880 pafcfbfliiran.
879 5812 1050 5868 Dicin.
1100 5812 1162 5868 D.
1218 5813 1290 5866 Ν.
1333 5817 1386 5870 J.
1421 5815 1512 5880 C.,
1565 5816 1640 5871 lib
1677 5831 1750 5881 tv,
1787 5831 1886 5880 cap
1935 5813 2026 5876 ‘27,

2141 5530 2169 5601 §
2201 5531 2252 5590 3,
2291 5539 2344 5585 et
2375 5547 2493 5600 cap.
2526 5531 2616 5591 28,
2647 5551 2676 5599 υ
2704 5529 2760 5591 4,
2793 5543 2949 5601 pagg.
2979 5524 3266 5601 58{,_598,
3293 5527 3419 5601 ὅθί.

2209 5603 2285 5667 (ά)
2312 5592 2498 5655 Monii“.
2533 5592 2768 5654 Praebui.
2794 5592 3034 5653 'ad'iom.
3069 5592 3324 5654 lCollect.
3361 5596 3481 5655 PP.
3511 5594 3677 5654 Graec.

2138 5687 2293 5742 pagg.
2329 5688 2578 5726 xv-xxis.

2212 5745 2280 5814 te)
2306 5741 2381 5797 Id.
2410 5741 2542 5798 ibid.
2583 5739 2610 5812 §
2645 5740 2698 5805 5,
2729 5756 2851 5813 pag.
2884 5755 2998 5796 xix.
