4018 6564
516 429 585 482 {Si
1164 431 1432 487 EUSEBII
1469 431 1945 489 CESARIENSIS
1981 431 2132 491 OPP.
2178 435 2360 490 PARS
2401 435 2465 491 ll.
2498 466 2564 478 —
2603 437 3104 497 APOLOGETICA.
3678 449 3746 504 16

516 547 716 600 tionem
747 546 1113 617 evangelicnm
1154 564 1219 603 ex
1256 545 1696 617 prmdictionibus
1742 561 1862 616 quae
1889 560 1918 600 ιι
1961 546 2041 618 pri

2144 550 2434 606 ,ἀνέκαθεν
2479 552 2607 622 παρ’
2649 553 2928 636 Ἑϐραίοις
2965 557 3334 628 ἀνακειμένων
3388 566 3748 636 προρρήσεων

516 654 600 691 ma
630 637 838 708 origine
865 639 1005 710 apud
1050 637 1300 695 Hebraeos
1326 639 1675 708 promulgata:
1706 646 1944 702 exstant,
1979 655 2076 693 ex-

512 746 714 801 ponere
736 730 1092 786 instituimus.
1116 730 1398 798 Quomodo
1427 737 1605 786 autem
1625 738 1679 785 et
1699 746 1806 800 qua
1830 731 2077 786 ratione?

511 829 570 875 ut
609 838 800 892 nempe
827 823 934 879 illis
977 823 1080 879 Deo
1114 823 1470 888 charissimis,
1501 838 1640 893 quos
1662 825 1806 880 nosti
1833 825 2072 880 omnium

509 913 828 969 decantatos
853 915 1097 979 vocibus,
1121 915 1288 976 Mose,
1320 915 1560 984 inquam,
1586 922 1640 970 et
1668 916 1758 987 qui
1782 924 1905 986 post
1932 917 2074 972 hunc

507 1007 969 1076 exsplenducrunt
1012 1006 1213 1062 divinis
1244 1007 1526 1078 beatisque
1581 1008 1859 1078 prophetis
1891 1023 1954 1062 ac
1986 1024 2075 1064 sa-

507 1099 617 1154 cris
665 1099 1024 1170 scriptoribus
1070 1100 1302 1156 testibus
1345 1107 1582 1164 utamur,
1633 1109 1794 1171 atque
1845 1101 1912 1154 ab
1967 1101 2073 1155 illis

505 1191 864 1259 praenuntiata
909 1187 1445 1262 ostendamusfqua:
1475 1192 1661 1248 multis
1707 1201 1829 1263 post
1854 1193 2070 1248 demum

482 1284 721 1352 ~saeculis
746 1285 801 1339 in
833 1284 1006 1339 lucem
1031 1284 1265 1354 prodita,
1286 1292 1446 1357 atque
1471 1301 1567 1356 per
1585 1283 1882 1342 Salvatoris
1904 1299 2070 1341 evan-

505 1374 730 1445 gelicam
782 1375 1306 1432 demonstrationem
1354 1377 1410 1430 in
1456 1391 1569 1431 rem
1617 1375 1846 1432 deducta
1900 1383 2065 1439 sunt,

501 1483 730 1538 quaeque
765 1468 942 1524 adhuc
986 1471 1236 1540 praesenti
1269 1477 1427 1525 aetate
1451 1469 1505 1523 in
1549 1475 1843 1538 conspectu
1882 1479 2068 1523 nostro

499 1561 879 1634 perﬁciuntur,
922 1563 1078 1634 longe
1113 1563 1263 1634 prius
1294 1563 1362 1618 ab
1396 1561 1612 1625 iisdem,
1646 1561 1830 1616 divino
1861 1558 2066 1633 Spiritu

500 1655 750 1718 docente,
776 1664 1062 1725 percepta;
1087 1656 1161 1709 ita
1191 1663 1243 1710 ut
1268 1655 1510 1711 absentia
1539 1663 1792 1724 tanquam
1823 1669 2063 1726 praesen-

499 1748 594 1809 tia,
639 1747 692 1802 et
727 1763 847 1818 quae
885 1747 1128 1802 nondum
1171 1763 1398 1817 usquam
1447 1755 1624 1808 erant,
1657 1754 1912 1816 tanquam
1949 1747 2062 1800 evi-

496 1833 690 1890 denter
720 1836 831 1904 jam
861 1836 1174 1890 exsistentia
1200 1837 1574 1901 intuerentur;
1610 1850 1708 1890 nec
1732 1835 1836 1890 hoc
1862 1835 2060 1900 solum,

2177 644 2625 714 παραστήσασθαι
2658 633 3032 716 πειρωμένοις.
3073 647 3195 710 Πῶς
3226 649 3310 720 δὴ,
3342 653 3432 704 καὶ
3461 633 3746 714 τίνα-τοδε

2176 753 2276 788 πον
2302 738 2426 800 τοὺς
2455 736 2720 805 θεοφιλεῖς
2751 739 3010 802 ἐκείνους,
3055 737 3209 794 οἶσθα
3250 743 3421 814 δήπου
3448 748 3574 811 τοὺς
3609 725 3746 818 βοω-

2177 828 2368 900 μένους
2397 829 2544 900 παρὰ
2564 831 2674 892 τοῖς
2696 830 2936 901 ἀνδράσι,
2962 834 3197 887 Μωῦσέα
3219 834 3278 906 δή
3311 836 3470 905 λέγω,
3496 840 3592 892 καὶ
3621 844 3748 904 τοὺς

2178 921 2291 988 μετ’
2325 920 2485 973 αὑτὸν
2515 919 2894 990 ἐκλάμψαντας
2923 921 3264 993 θεοπρεπεῖς.
3288 927 3380 979 καὶ
3412 931 3535 992 τοὺς
3561 948 3745 1001 μακα-

2176 1010 2322 1082 ρίους
2371 1012 2650 1083 προφήτας
2677 1028 2735 1064 τε
2782 1013 2873 1064 καὶ
2913 1015 3246 1084 ἱεροφάντας,
3299 1019 3562 1089 μάρτυσιν
3604 1024 3744 1075 ἀπο·

2172 1103 2459 1174 χρώμενοι,
2492 1105 2550 1168 ἐξ
2599 1104 2775 1158 αὐτῶν
2810 1107 2855 1157 τ’
2888 1106 3247 1162 ἐπιδεικνύναι
3277 1115 3650 1185 προῃρημένοι
3675 1117 3745 1171 τά

2177 1201 2402 1270 μακροῖς
2429 1198 2646 1271 ὕστερον
2680 1199 2869 1253 αἰῶσιν
2896 1202 2974 1264 εἰς
3007 1202 3120 1269 φῶς
3147 1202 3384 1268 ἐλθόντα,
3409 1209 3500 1260 καὶ
3522 1208 3613 1262 διὰ
3642 1212 3745 1283 τῆς

2169 1284 2262 1338 τοῦ
2315 1286 2562 1360 Σωτῆρος
2607 1289 2958 1360 εὐαγγελικῆς
3003 1290 3326 1356 ἀποδείξεως
3378 1312 3742 1368 πραγματευ-

2170 1376 2348 1443 θέντα,
2377 1379 2447 1432 τά
2473 1395 2530 1431 τε
2562 1377 2680 1432 καθ’
2712 1381 2855 1450 ἡμᾶς
2875 1381 3066 1446 αὐτοὺς
3096 1383 3261 1436 εἰσέτι
3282 1384 3374 1438 νῦν
3397 1387 3504 1458 πρὸ
3536 1389 3742 1459 ὀφθαλ-

2171 1466 2285 1536 μῶν
2309 1467 2701 1539 συντελούμενα
2742 1470 2868 1541 θείῳ
2899 1471 3172 1542 Πνεύματι
3205 1477 3631 1548 προειληφότας·
3663 1481 3742 1546 ὡς

2166 1554 2230 1607 ἂν
2253 1555 2492 1627 παρόντα
2514 1558 2582 1610 τά
2606 1557 2678 1628 μὴ
2706 1559 2964 1630 παρόντα,
2997 1562 3086 1614 καὶ
3109 1563 3176 1616 τά
3210 1563 3432 1634 μηδέπω
3466 1568 3740 1640 μηδαμῶς

2165 1647 2310 1714 ὄντα,
2336 1649 2411 1716 ὡς
2436 1651 2677 1724 ἐναργῶς
2701 1652 2830 1706 ὄντα
2854 1659 3300 1723 κατωπτευκότας
3318 1677 3331 1690 ·
3366 1662 3458 1714 καὶ
3486 1665 3545 1716 ού
3575 1664 3740 1720 τοῦτο

2169 1740 2345 1810 μόνον,
2378 1741 2510 1796 ἀλλὰ
2541 1744 2632 1796 καὶ
2661 1747 2770 1808 τοῖς
2817 1747 3105 1815 μετέπειτα
3130 1748 3213 1803 διὰ
3245 1753 3460 1825 γραφῆς
3498 1755 3566 1808 τὰ
3598 1757 3731 1827 μέλ’

2163 1832 2323 1886 λοντά
2362 1850 2490 1886 ποτε
2521 1833 2733 1889 ἔσεσθαι
2777 1840 3295 1910 προμεμηνυκόταςο
3329 1842 3467 1896 ὥστε
3502 1847 3604 1917 ἤδη
3638 1845 3736 1902 καὶ

495 1923 593 1979 sed
638 1926 799 1979 etiam
834 1927 1066 1996 posteris
1100 1927 1306 1996 scripto
1345 1942 1467 1999 qua:
1506 1927 1633 1980 olim
1667 1936 1849 1982 essent
1878 1925 2041 1980 futur:

2160 1922 2377 1995 ἐτέρους
2401 1925 2459 1991 ἐξ
2490 1926 2667 1981 αὐτῶν
2708 1927 2902 1982 εἰδέναι
2936 1947 2994 1983 τε
3021 1933 3113 1984 καὶ
3145 1934 3428 2005 γνωρίζειν
3447 1936 3508 1990 τὸ
3535 1939 3733 2010 μέλλον

495 2017 889 2089 ρι’ωεὶεηοτεηι
929 2038 942 2073 :
977 2025 1036 2073 ut
1064 2019 1176 2089 jam
1218 2018 1309 2073 alii
1349 2034 1565 2090 quoque
1601 2033 1665 2074 ex
1705 2018 1813 2074 illis
1853 2019 2058 2082 scirent

495 2112 676 2166 futura
729 2120 1264 2182 cognoscerentque,
1320 2119 1374 2165 et
1428 2109 1668 2180 quotidie
1711 2109 2053 2165 oraculorum

493 2204 708 2258 illorum
747 2213 970 2258 eventus
1015 2211 1068 2258 et
1109 2201 1332 2257 eﬁectus
1368 2201 1830 2271 praestolarentur.
1862 2198 2053 2266 Qualia

491 2310 620 2351 vero
655 2293 1018 2350 illa‘tinﬁnita
1057 2309 1210 2359 sane,
1266 2294 1479 2365 aliaque
1522 2293 1844 2357 omnivaria,
1887 2300 1940 2347 et
1986 2291 2054 2348 de

489 2385 743 2439 omnibus
796 2384 1177 2438 communibus
1229 2383 1432 2453 pariter
1485 2390 1539 2437 ct
1595 2382 2049 2453 partieularibus,

487 2475 842 2545 quaequejam
870 2473 1114 2544 singulos
1145 2481 1455 2544 spectarent
1477 2474 1744 2547 homines,
1773 2475 1885 2546 jam
1917 2474 2050 2530 inte-

485 2582 610 2636 gras
655 2566 1075 2634 universitates;
1108 2566 1432 2636 preprieque
1473 2566 1539 2620 de
1586 2567 1749 2621 rebus
1797 2564 2053 2621 Hebraao-

485 2674 627 2723 rum,
657 2666 819 2729 atque
846 2658 1096 2712 similiter
1133 2658 1200 2712 de
1233 2659 1475 2712 externis
1501 2657 1751 2727 gentibus
1777 2675 1792 2724 ;
1827 2665 1882 2710 ut
1913 2663 2045 2712 sunt

484 2751 797 2806 eversiones
839 2750 1080 2812 urbium,
1117 2757 1438 2819 temporum.
1470 2750 1823 2811 mutationes,
1857 2761 2040 2802 rerum

481 2840 908 2906 vicissitudines,
965 2840 1452 2911 adiuturorumque
1501 2841 1765 2896 bonorum
1812 2855 2050 2909 praesen-

482 2937 635 2999 tiam,
667 2944 721 2991 et.
782 2936 1057 2990 contraria
1105 2935 1444 2990 immittenda
1495 2936 1656 2997 mala,
1704 2942 1764 2989 ut
1805 2937 2045 3004 gentium

481 3025 896 3095 subjugationes
950 3040 1014 3080 ac
1057 3027 1409 3088 servitutem,
1456 3023 1672 3078 urbium
1714 3024 2045 3087 obsidiones,

481 3114 813 3185 integrorum
835 3131 1126 3185 regnorum
1154 3116 1469 3171 eversiones
1495 3115 1576 3169 vel
1599 3115 2044 3180 instaurationes,

479 3215 640 3278 atque
673 3209 778 3262 alia
815 3208 1025 3263 inﬁnita
1055 3210 1233 3281 longis
1266 3216 1388 3280 post
1418 3208 1754 3278 temporibus
1780 3214 2042 3262 eventura

480 3299 926 3366 praenuntiavere.
952 3299 1150 3355 Verum
1177 3300 1290 3354 haec
1313 3299 1527 3369 singula
1544 3297 1850 3354 enumerari
1884 3311 1912 3349 a
1941 3312 2039 3350 no-

475 3391 581 3454 bis,
628 3393 912 3461 praesentis
952 3393 1186 3448 instituti
1226 3395 1366 3446 ratio
1414 3390 1729 3461 neutiquam
1777 3389 2034 3460 postulat.

476 3485 661 3554 Itaque
691 3486 1105 3556 quamplurimis
1142 3485 1356 3541 interim
1390 3485 1444 3539 in
1479 3484 1622 3538 aliud
1660 3493 1871 3552 tempus
1900 3482 2036 3536 dila-

2155 2013 2707 2089 δύνασθαι,ὀσημέραι
2735 2037 2793 2071 τε
2821 2021 3116 2094 προσδοκᾷν
3136 2024 3240 2079 τῶν
3265 2024 3456 2095 λογίων
3489 2030 3556 2083 τά
3590 2032 3731 2084 ἀπο-

2154 2104 2477 2177 τελέσματα.
2519 2107 2652 2160 Ποῖα
2690 2107 2744 2161 δὲ
2798 2110 2998 2176 totum;
3053 2113 3217 2184 μυρία
3257 2115 3354 2184 μὲν
3395 2115 3459 2170 ἂν
3487 2118 3598 2189 εἴη,
3634 2121 3731 2173 καὶ

2155 2194 2287 2247 ἄλλα
2333 2197 2566 2262 ,παντοῖά
2602 2213 2682 2262 τε,
2715 2200 2807 2252 καὶ
2856 2201 2984 2270 περὶ
3028 2201 3263 2268 πάντων,
3298 2205 3490 2258 κοινῶν
3520 2225 3581 2260 τε
3633 2211 3730 2264 καὶ

2152 2285 2260 2338 τῶν
2289 2285 2392 2339 ἀνά
2419 2286 2601 2359 μέρος,
2633 2288 2752 2341 καθ’
2779 2289 3004 2344 ἕκαστόν
3022 2308 3080 2345 τε
3111 2293 3295 2367 ἄνδρα,
3332 2298 3423 2350 καὶ
3453 2300 3582 2370 περ).
3615 2302 3727 2355 τῶν

2152 2378 2377 2433 καθόλου
2396 2397 2407 2408 ·
2445 2380 2585 2444 ἰδίως
2609 2397 2666 2433 τε
2699 2382 2838 2452 ἀμφὶ
2867 2383 2973 2435 τῶν
3001 2382 3120 2437 καθ’
3161 2387 3440 2459 Ἐϐραίους
3462 2393 3726 2465 πραγμά-

2151 2487 2278 2533 των,
2327 2471 2419 2525 καὶ
2448 2467 2513 2525 αὖ
2548 2473 2704 2527 πάλιν
2748 2475 2872 2545 περὶ
2905 2475 3010 2527 τῶν
3045 2475 3239 2540 ἔξωθεν
3277 2480 3475 2533 ἐθνῶν·
3511 2478 3625 2537 οἷον
3657 2485 3723 2557 δὴ

2152 2559 2355 2612 πόλεων
2381 2561 2717 2628 ἀναστάσεις,
2747 2562 2950 2633 καιρῶν
2977 2580 3032 2616 τε
3061 2565 3314 2634 ἀλλαγὰς,
3346 2569 3438 2621 καὶ
3462 2574 3725 2644 πραγμά-·

2150 2667 2254 2704 των
2310 2651 2627 2721 μεταϐολάς,
2683 2652 2978 2723 μελλόντων
3020 2672 3076 2707 τε
3123 2657 3339 2724 ἀγαθῶν
3394 2667 3719 2732 παρουσίας,

2151 2740 2244 2793 καὶ
2275 2740 2382 2793 τῶν
2423 2744 2676 2795 ἐναντίων
2709 2743 2990 2814 ἐπιφοράς,
3028 2745 3491 2820 ἀνδραποδισμοὺς
3521 2751 3720 2817 ἐθνῶν,

2150 2829 2354 2883 πόλεων
2389 2831 2717 2903 πολιορκίας,
2751 2833 2858 2888 τῶν
2879 2835 3101 2888 καθόλου
3133 2836 3413 2906 βασιλείων
3447 2845 3721 2912 μεταστά-

2151 2936 2261 2984 σεις
2292 2937 2349 2974 τε
2400 2923 2491 2974 καὶ⁸
2524 2925 2898 2990 καταστάσεις,
2933 2927 3025 2979 καὶ
3057 2927 3188 2981 ἄλλα
3242 2932 3407 3002 μυρία
3440 2935 3566 3006 περ)⁸
3608 2935 3722 2990 τῶν
3775 2925 3794 2943 ’

2148 3012 2363 3066 ἔσεσθαι
2391 3017 2614 3086 μακροῖς
2642 3013 2862 3086 ὕστερον
2893 3017 3445 3091 χρόνοις-μελλόντων,
3475 3028 3726 3098 προεκή-

2148 3120 2357 3174 ρυττον.
2395 3104 2599 3157 Ἀλλ’ού
2615 3105 2816 3160 τούτων
2831 3109 2858 3160 ὅ
2873 3125 2935 3178 γε
2962 3112 3149 3185 παρὼν
3174 3116 3361 3187 καιρὸς
3383 3118 3472 3170 τὸν
3495 3119 3725 3190 ἔλεγχον

2143 3199 2291 3268 ἡμᾶς
2314 3199 2533 3250 ἀπαιτεῖ
2565 3201 3035 3272 παραστήσασθαιο
3081 3206 3148 3259 τά
3182 3207 3348 3262 πολλὰ
3381 3208 3436 3262 δὲ
3470 3210 3724 3274 εἰσαῦθις

2142 3292 2572 3362 ὑπερθεμένους,
2624 3293 2687 3345 ἐκ
2725 3292 2825 3365 τῆς
2869 3297 2976 3350 τῶν
3029 3300 3550 3371 παρατεθησομένων
3579 3303 3723 3374 ἀληο

2142 3384 2291 3448 θείας
2334 3383 2512 3453 ἡρέμα
2566 3383 2660 3435 καὶ
2703 3385 2810 3438 τῶν
2846 3387 3375 3462 άποσεσιωπημένων
3421 3391 3518 3464 τὴν
3571 3395 3719 3448 ἁπό-

2138 3474 2300 3540 δειξιν
2331 3471 2678 3526 πιστώσεται.

473 3580 586 3641 tis,
628 3578 784 3634 facile
833 3580 912 3634 vel
956 3595 1019 3635 ex
1077 3581 1268 3636 borum
1317 3595 1437 3651 qua:
1487 3579 1773 3635 all‘eremus
1809 3578 2056 3640 veritate,
2121 3572 2282 3628 etiam
2323 3569 2538 3623 illorum
2595 3584 2714 3640 qua:
2764 3570 2981 3627 silentio
3013 3575 3389 3644 praeterimus,
3436 3575 3569 3633 ﬁdes
3614 3577 3718 3633 de-

474 3671 884 3726 monstrabitur.

1105 3762 1331 3818 CAPUT
1363 3764 1402 3816 Ι.

473 3854 727 3920 Ouwnam
752 3865 801 3909 et
817 3865 1014 3928 quanta
1046 3856 1099 3907 in
1119 3855 1275 3908 haece
1311 3854 1621 3908 tractatione
1635 3853 2032 3923 promittuntur.

539 3949 670 4011 Quae
706 3945 870 4015 igitur
900 3945 1058 4000 nobis
1102 3946 1156 3998 in
1186 3944 1440 4015 prmsenti
1476 3959 1542 3999 ex
1575 3943 1903 4013 propheticis
1938 3957 2033 3995 va-

466 4039 668 4094 ticiniis
700 4037 766 4091 a'd
819 4038 1181 4108 evangelicam
1228 4036 1743 4092 demonstrationem
1777 4035 2028 4105 persequi

463 4143 495 4182 e
519 4143 576 4182 re
605 4127 870 4192 videatur,
934 4127 1296 4184 cummaxime
1352 4133 1714 4196 opportunum
1752 4131 1836 4180 est
1863 4139 2028 4194 expo-

465 4233 614 4273 nere.
647 4217 946 4273 Edixerunt
979 4219 1236 4273 nimirum
1273 4217 1552 4288 propheta:
1579 4217 1693 4271 fore
1742 4223 1800 4270 ut
1851 4215 2027 4268 nomi-

463 4309 632 4363 natim
659 4308 930 4372 Christus,
957 4309 1206 4378 idemque
1233 4307 1467 4363 Verbum
1496 4306 1608 4370 Dei,
1636 4306 1858 4376 ipseque
1883 4304 2025 4360 Deus

462 4415 526 4454 ac
571 4399 855 4467 Dominus,
889 4409 943 4456 et
991 4417 1220 4471 magnus
1268 4399 1487 4470 quidam
1523 4399 1762 4469 Angelus
1809 4397 2023 4452 consilii

461 4492 604 4547 inter
635 4493 884 4548 homines
900 4501 1216 4548 versaturus
1239 4499 1405 4555 esset,
1439 4491 1692 4545 universo
1719 4489 1859 4550 orbi,
1894 4504 2024 4558 gen-

2673 3758 3064 3813 ΚΕΦΑΛΑΙΟΝ
3102 3761 3180 3814 Α¹.

2218 3846 2354 3899 Τίνα
2380 3845 2478 3900 καί
2507 3850 2702 3902 ὁπόσα
2727 3849 3148 3919 ἐπαγγέλλεται
3180 3851 3218 3919 ἡ
3245 3852 3628 3921 πραγματεία.

2207 3937 2340 3992 Τίνα
2363 3940 2537 3993 τοίνυν
2560 3942 2688 4011 ἡμῖν
2714 3943 2806 3996 ἐπὶ
2836 3942 2928 3995 τοῦ
2955 3943 3218 4014 παρόντος
3248 3944 3312 3996 ἐκ
3354 3943 3461 3996 τῶν
3491 3962 3706 4017 προφησι

2133 4030 2298 4084 τικῶν
2333 4034 2684 4104 προρρήσεων
2711 4036 2790 4098 εἰς
2817 4035 2912 4106 τὴν
2954 4035 3310 4108 εὐαγγελικὴν
3335 4037 3606 4104 ἀπόδειξιν
3637 4034 3701 4092 εὖ

2133 4122 2196 4177 ἂν
2217 4124 2326 4194 ἔχοι
2359 4124 2644 4188 συντελεῖν,
2679 4125 2865 4194 καιρὸς
2892 4125 2956 4178 ἂν
2983 4127 3066 4198 εἴη
3099 4126 3294 4195 λέγειν.
3321 4128 3550 4200 Χριστὸν
3583 4130 3701 4184 δνο-

2135 4215 2298 4284 μαστὶ
2326 4215 2420 4268 καὶ
2466 4215 2598 4268 Θεοῦ
2645 4215 2834 4284 Λόγον,
2862 4215 3020 4269 αὐτόν
3059 4234 3118 4270 τε
3165 4217 3295 4270 Θεὸν
3346 4219 3438 4271 καὶ
3471 4218 3692 4291 Κύριον,

2131 4305 2224 4359 καί
2248 4322 2370 4360 τινα
2405 4307 2643 4377 μεγάλης
2687 4307 2881 4378 βουλῆς
2920 4309 3146 4376 ἄγγελον
3180 4309 3533 4381 ἐπιδημήσειν
3566 4309 3696 4363 ποτέ

2129 4397 2208 4458 είς
2255 4395 2568 4467 ἀνθρώπους
2616 4396 2840 4466 ἔφασαν,
2886 4400 3100 4453 πάντων
3128 4417 3186 4454 τε
3232 4400 3338 4453 τῶν
3382 4400 3483 4452 ἀνὰ
3517 4401 3695 4454 πᾶσαν

2128 4488 2226 4562 τὴν
2255 4490 2573 4561 οἰκουμένην
2619 4489 2783 4543 ἐθνῶν
2823 4491 3143 4561 Ἑλληνικῶν
3180 4509 3237 4544 τε
3281 4491 3374 4544 καὶ
3405 4489 3692 4562 βαρϐάρων

460 4584 592 4635 tium
612 4581 918 4637 Grzecarum
936 4583 1136 4653 pariter
1152 4590 1204 4638 et
1221 4583 1447 4637 barbara
1458 4598 1571 4636 rum
1598 4581 1810 4635 futurus
1831 4580 2026 4634 Doctor

2144 4580 2439 4634 ἰιδάσκαλον
2479 4581 2708 4652 ἀληθοῦς
2736 4583 3081 4652 θεογνωσίας,
3114 4583 3204 4637 καὶ⁵
3235 4583 3331 4653 τῆς
3357 4583 3437 4645 εἰς
3472 4582 3562 4635 τὸν
3585 4581 3693 4635 τῶν

458 4689 598 4728 vera:
639 4675 966 4746 cognitionis
1001 4674 1093 4730 Dei
1128 4684 1180 4730 et
1214 4675 1430 4745 pietatis
1465 4675 1520 4726 in
1559 4673 1748 4736 Deum,
1784 4672 2023 4727 universi

456 4763 728 4834 opiﬁcem,
761 4765 902 4820 sicut
931 4767 1301 4834 evangelicum
1326 4765 1613 4836 proﬁtetur
1643 4764 1971 4833 pratconium
2005 4781 2019 4816 :

457 4853 718 4925 illumque
756 4857 932 4926 ipsum
979 4855 1218 4910 futurum
1249 4871 1498 4926 puerum,
1538 4855 1816 4924 ﬁliumque
1849 4853 2023 4908 homi-

456 4947 541 5001 nis
572 4955 823 5000 vocatum
856 4947 941 5008 iri,
975 4955 1034 5000 ut
1061 4947 1151 5016 qui
1182 4963 1353 5018 genus
1380 4947 1446 5000 ab
1476 4945 1786 5001 hominibus
1825 4945 2021 4999 ductu-

453 5052 548 5094 rus
605 5037 696 5104 sit,
747 5038 1169 5108 nasciturusque
1219 5054 1284 5094 ex
1329 5038 1558 5109 virgine,
1603 5053 1741 5092 nova
1785 5034 2017 5106 quadam

454 5134 614 5196 atque
655 5129 915 5184 inusitata
945 5129 1315 5198 generationis
1361 5130 1591 5182 ratione.
1635 5126 1701 5180 Et
1727 5125 1869 5197 quod
1901 5141 2018 5179 ma-

454 5220 596 5274 xime
640 5219 862 5292 dignum
922 5235 1004 5278 est
1049 5221 1428 5286 admiratione,
1463 5235 1530 5274 ne
1572 5221 1751 5273 locum
1799 5216 2016 5288 quidem

451 5313 750 5370 nativitatis
783 5319 902 5387 ejus
933 5317 1262 5373 Bethlehem.
1292 5316 1548 5372 omnibus
1579 5316 1875 5370 etiamnum
1912 5313 2016 5368 lio-

449 5404 538 5458 die
576 5406 669 5474 qui
710 5407 776 5460 ad
814 5407 962 5462 illum
1000 5405 1354 5480 spectandum
1395 5406 1652 5460 extremis
1677 5405 1745 5458 ab
1769 5413 1924 5459 terrae
1955 5401 2017 5455 ﬁ-

451 5494 612 5550 nibus
651 5505 947 5551 aceurrunt
993 5499 1362 5562 clecantatum,
1409 5495 1627 5552 silentio
1675 5495 2014 5549 involventes

450 5590 842 5657 przeterierunt,
877 5591 971 5644 sed
1001 5599 1055 5645 et
1087 5593 1230 5646 hunc
1249 5591 1413 5645 claris
1431 5589 1610 5645 verbis
1639 5589 2010 5658 proclamave-

447 5686 571 5732 runt
607 5700 619 5734 :
663 5679 808 5734 'sicut
835 5679 997 5734 etiam
1031 5687 1243 5748 tempus
1276 5679 1538 5734 adventus
1569 5688 1624 5732 et
1653 5676 2011 5747 apparitionis

443 5763 582 5838 ejus,
623 5788 733 5842 quo
766 5772 992 5842 przccise
1023 5771 1114 5825 ille
1149 5771 1290 5824 inter
1317 5769 1566 5824 homines
1611 5775 1862 5822 versatus
1899 5775 2006 5832 est,

447 5863 604 5918 iidem
636 5847 802 5921 veluti
835 5862 997 5919 rebus
1028 5870 1413 5924 mmvertemes
1447 5859 1631 5914 divino
1659 5873 1754 5914 ore
1790 5859 2006 5913 nuntia-

2125 4672 2259 4724 ὅλων
2281 4672 2606 4742 δημιουργὸν
2629 4672 2758 4725 Θεὸν
2787 4673 3065 4737 εὐσεϐείας
3091 4671 3542 4744 καταστήσεσθαι,
3579 4666 3694 4745 τὸ

2123 4761 2471 4829 εὐαγγελικδν
2499 4761 2737 4831 περιέχει
2759 4762 3014 4831 κήρυγμα
3033 4779 3044 4790 ·
3073 4762 3164 4814 καὶ
3183 4761 3366 4814 τοῦτον
3391 4761 3550 4814 αὑτὸν
3573 4779 3693 4814 παι-

2121 4851 2230 4905 δίον
2259 4852 2493 4914 ἕσεσθαι,
2521 4854 2612 4904 καὶ
2647 4852 2759 4904 υἱὸν
2801 4851 3084 4922 ἀνθρώπου
3125 4851 3508 4924 κληθήσεσθαι,
3537 4853 3689 4921 γένος

2120 4960 2178 4996 τε
2206 4944 2325 4996 ὅθεν
2355 4943 2604 5010 κατάξει·
2639 4945 2730 4996 καί
2765 4960 2884 4996 τινα
2932 4941 3077 5006 ξένον
3102 4946 3165 4996 ἐκ
3195 4944 3464 5014 παρθένου
3491 4946 3690 5015 τρόπον

2119 5033 2283 5086 αὐτοῦ
2312 5034 2410 5104 τῆς
2448 5034 2749 5098 ἁποτέξεως
2769 5052 2781 5064 ’
2819 5035 2912 5087 καὶ
2940 5035 2999 5087 τό
3025 5051 3086 5102 γε
3130 5034 3579 5105 παραδοξότατον,
3609 5036 3688 5088 ὅτι

2122 5126 2196 5198 μὴ
2230 5129 2358 5179 πᾶσι
2413 5131 2524 5190 τοῖς
2557 5129 2619 5179 ἐκ
2663 5127 2912 5197 περάτων
2955 5128 3057 5198 γῆς
3101 5127 3266 5179 εἰσέτι
3311 5132 3548 5198 σήμερον
3596 5129 3689 5180 ἐπὶ

2119 5218 2246 5271 θέαν
2280 5218 2566 5271 σπεύδουσι
2608 5219 2896 5289 βοώμενον,
2929 5218 3030 5287 τῆς
3059 5220 3115 5270 ἐν
3149 5218 3393 5289 Βηθλεέμ
3423 5219 3688 5288 γενέσεως

2117 5307 2280 5362 αὑτοῦ
2337 5310 2554 5381 χωρίον,
2603 5312 2779 5379 σιωπῇ
2840 5309 3016 5372 δόντες
3071 5308 3366 5379 παρῆλθον,
3402 5309 3536 5366 ἀλλὰ
3592 5309 3686 5362 καὶ

2114 5400 2270 5453 τοῦτο
2320 5401 2528 5464 λευκοῖς
2569 5400 2824 5470 ὀνόμασιν
2877 5399 3201 5470 ἐξεϐόησανο
3235 5400 3422 5473 ὥσπερ
3449 5396 3542 5455 οὖν
3591 5398 3684 5452 καὶ

2113 5493 2236 5553 τοὺς
2262 5494 2484 5564 χρόνους
2503 5493 2603 5564 τῆς
2630 5494 2945 5563 ἐπιφανείας
2966 5493 3150 5556 αὑτοῦ,
3177 5493 3296 5546 καθ’
3325 5493 3416 5557 οὒς
3443 5490 3683 5562 ἀκριϐῶς

2112 5580 2263 5649 οὗτος
2297 5587 2554 5657 ἐπεδήμει
2595 5585 2674 5656 τῷ
2730 5585 2847 5656 βίῳ,
2882 5585 3068 5658 ῶσπερ
3103 5586 3402 5656 φθάσαντες
3429 5586 3480 5639 οἰ
3530 5586 3683 5639 αὐτοὶ

2111 5678 2197 5731 διά
2218 5678 2324 5732 τῶν
2350 5677 2686 5750 πραγμάτων
2707 5678 3018 5735 ἐθέσπισαν.
3051 5680 3286 5751 Πάρεστι
3318 5678 3373 5730 δέ
3405 5693 3507 5740 σοι,
3546 5678 3680 5747 μετὰ

2110 5772 2297 5842 χεῖρας
2342 5769 2659 5824 ἀναλαϐόντι
2690 5771 2788 5838 τὴν
2825 5771 3076 5835 σπουδὴν,
3108 5776 3164 5826 ἐν
3215 5769 3505 5840 ὀφθαλμοῖς
3556 5768 3679 5821 ίδεῖν

2110 5863 2167 5913 ἐν
2185 5864 2305 5923 ταῖς
2339 5860 2688 5931 δηλουμέναις
2729 5866 3091 5931 προφητικαῖς
3131 5862 3460 5930 προρρήσεσι
3501 5858 3687 5922 πάσας
