4018 6572
277 493 330 546 Π
1157 479 1804 539 DEMONSTRATIONIS
1843 477 2298 536 EVANGELICIE
2327 477 2457 533 LIB.
2497 474 2538 532 1.
3417 471 3485 530 18

270 605 388 677 ὁμοῦ
417 601 806 674 περιεχομένας
830 601 925 664 τὰς
951 599 1056 652 ὐπὸ
1082 597 1188 652 τῶν
1217 587 1516 652 θεσπεσίων
1541 594 1819 664 εὐαγγελι-

1919 608 2064 648 vere.
2095 591 2302 647 Licebit
2323 591 2483 646 etiam
2513 587 2608 644 tibi
2643 586 2884 644 studiose
2905 587 3213 642 admoventi
3239 602 3480 658 operam,

273 697 395 750 στῶν
446 692 890 766 μαρτυρουμένας
933 688 1098 744 αὐτοῦ
1143 688 1206 760 δὴ
1255 687 1348 741 τοῦ
1389 688 1634 758 Σωτῆρος
1667 685 1820 757 ἡμῶν

280 786 438 858 Ἰησοῦ
463 784 558 838 τοῦ
587 781 820 854 Χριστοῦ
874 779 1206 852 παραδόξους
1237 779 1693 850 θαυματουργίας,
1730 778 1821 831 καὶ

267 881 354 941 τὰς
378 877 589 939 ἐνθέους
616 873 780 926 αὐτοῦ
811 874 903 926 καὶ⁸
932 871 1270 942 παναρέτους
1310 871 1433 941 περὶ
1464 870 1562 939 τῆς
1589 867 1820 938 ἀληθοῦς

267 962 530 1024 εὐσεῦείας
559 959 920 1021 διδασκαλίας.
950 958 1060 1010 Καὶ
1083 958 1133 1009 τί
1164 957 1243 1010 δεῖ
1263 955 1580 1026 θαυμάζειν,
1611 955 1697 1008 ὅτε
1729 955 1821 1006 καὶ

266 1052 343 1103 τὸν
385 1051 503 1103 νέον
536 1051 633 1119 τῆς
673 1047 952 1110 εὐσεϐείας
983 1046 1200 1116 τρόπον,
1241 1046 1330 1098 τὸν
1366 1043 1442 1116 (ι)
1484 1044 1618 1116 πρὸς
1656 1043 1818 1096 αὐτοῦ

267 1141 413 1194 πᾶσιν
453 1140 758 1212 ἀνθρώποις
799 1136 1253 1208 κατηγγελμένον,
1285 1136 1580 1207 διαρρήδην
1621 1135 1822 1204 ἀνακη-

270 1231 520 1303 ρύττουσι,
547 1230 735 1302 κλῆσίν
764 1246 822 1281 τε
848 1226 1099 1298 μαθητῶν
1131 1225 1313 1288 αὐτοῦ,
1344 1227 1436 1278 καὶ
1468 1225 1670 1296 Καινῆς
1695 1226 1822 1280 Δια-

265 1323 421 1393 θήκης
435 1321 808 1384 διδασκαλίαν;
832 1319 936 1371 Ναὶ
963 1319 1066 1388 μὴν
1089 1316 1179 1370 ἐπὶ
1206 1315 1411 1378 τούτοις
1440 1316 1532 1368 καὶ
1560 1316 1658 1378 τὰς
1693 1316 1822 1368 Ἰου-

262 1415 409 1468 δαίων
450 1415 530 1475 εἰς
563 1411 723 1465 αὐτὸν
765 1410 1020 1472 ἀπιστίας
1053 1410 1145 1462 καὶ
1171 1406 1505 1474 ἀντιλογίας,
1545 1406 1820 1476 ἀρχόντων

260 1523 311 1559 τε
343 1506 753 1566 ἐπαναστάσεις,
781 1501 1110 1555 διδασκάλων
1141 1500 1384 1569 φθόνους,
1429 1499 1544 1561 ἐνὸς
1580 1497 1818 1569 μαθητοῦ

261 1597 558 1667 προδοσίαν,
580 1593 787 1666 ἐχθρῶν
804 1593 1074 1656 διαϐολὰς,
1099 1591 1446 1660 συκοφαντῶν
1466 1589 1818 1662 κατηγορίας,

260 1688 509 1741 δικαστῶν
567 1687 941 1757 κατακρίσεις,
997 1685 1181 1756 ῦὸρεις
1233 1684 1494 1754 ἀτίμους,
1553 1683 1821 1754 μάστιγας

194 1833 202 1837 _
261 1781 526 1843 ἐκτύπους,
552 1779 865 1850 δυσφήμους
898 1777 1178 1849 λοιδορίας,
1209 1775 1301 1828 ἐπὶ
1329 1777 1461 1828 πᾶσι
1487 1775 1577 1828 τὸν
1611 1773 1820 1827 ἐπονεί-

260 1871 418 1924 διστον
451 1871 682 1924 θάνατον
703 1887 717 1901 °
746 1869 906 1924 αὐτοῦ
932 1887 991 1922 τε
1020 1871 1110 1921 ἐπὶ
1137 1868 1345 1930 τούτοις
1379 1866 1587 1936 σιωπὴν
1616 1864 1822 1934 θαυμά-

1922 683 2107 739 videre
2139 683 2202 736 ad
2243 681 2461 736 oculum
2495 679 2550 733 in
2597 679 2929 746 propheticis
2957 694 3078 747 qua:
3104 677 3330 748 proditae
3357 688 3484 733 sunt

1923 773 2383 845 praedictionibus,
2413 773 2667 826 universa
2691 771 2852 826 simul
2874 769 3258 830 comprehendi
3285 776 3480 824 testata

1921 865 2120 920 divinis
2179 863 2526 934 evangelistis
2570 863 2742 932 ipsius
2783 861 3080 918 Salvatoris
3123 861 3302 916 nostri
3352 861 3480 917 Jesu

1920 955 2123 1010 Christi
2154 953 2415 1024 stupenda
2445 954 2724 1014 miracula,
2759 953 3080 1024 divinasque
3117 953 3236 1022 ejus
3277 960 3331 1006 et
3372 954 3484 1022 plc-

1921 1062 2020 1103 nas
2066 1046 2245 1100 omnis
2295 1045 2513 1099 virtutis
2568 1045 2636 1100 de
2689 1061 2815 1100 vera
2862 1048 3061 1115 pietate
3089 1044 3386 1100 doctrinas.
3417 1045 3484 1098 Et

1920 1136 2051 1208 quid
2088 1135 2290 1189 mirum
2323 1136 2445 1197 hoc,
2485 1148 2608 1188 cum
2649 1143 2698 1188 et
2733 1148 2926 1188 novam
2976 1136 3238 1190 rationem
3266 1137 3482 1206 pietatis

1921 1228 2173 1284 omnibus
2214 1226 2526 1282 hominibus
2566 1225 2634 1280 ab
2663 1240 2728 1280 eo
2761 1226 3242 1280 commendandam
3276 1229 3486 1298 perSpi-

1922 1335 2022 1375 cue
2063 1318 2390 1388 praedicent,
2421 1316 2871 1386 vocationemque
2921 1316 3312 1386 discipulorum
3363 1319 3482 1385 ejus

1922 1425 1986 1465 ac
2032 1409 2165 1464 Novi
2217 1409 2523 1464 doctrinam
2572 1407 2928 1462 Testamenti.
2972 1407 3082 1462 Nec
3124 1410 3304 1464 minus
3335 1418 3483 1465 certe

1920 1511 2180 1573 praeterea
2203 1500 2510 1556 Iudaeorum
2535 1499 2588 1553 in
2614 1500 2787 1570 ipsum
2822 1499 3252 1555 incredulitatem
3275 1509 3328 1555 et
3354 1516 3484 1555 con-

1923 1592 2296 1655 tradictiones,
2344 1591 2648 1662 principum
2703 1592 3150 1656 insurreetiones,
3195 1592 3477 1646 doctorum

1921 1684 2200 1747 invidiam,
2229 1683 2392 1737 unius
2437 1682 2689 1752 discipuli
2738 1682 3130 1752 proditionem,
3184 1683 3485 1737 calumnias

1923 1775 2202 1841 hostium,
2254 1774 2711 1853 sycophantarum
2767 1773 3179 1837 accusationes,
3239 1773 3482 1843 judicum

1923 1867 2423 1932 condemnationes,
2457 1874 2644 1935 turpes
2674 1865 3020 1935 ignominias,
3044 1864 3251 1934 ﬂagella
3275 1866 3486 1936 gravis-

263 1979 382 2026 σιον,
413 1962 700 2034 πραότητα
729 1978 787 2014 τε
817 1961 909 2014 καὶ
946 1960 1262 2031 καρτερίαν,
1288 1957 1562 2028 ἀμήχανόν
1599 1974 1655 2008 τε
1689 1958 1820 2025 ὅσην

1927 1960 2084 2024 sima,
2118 1957 2338 2013 infamia
2371 1958 2591 2026 probra,
2620 1964 2672 2010 et
2695 1971 2858 2026 super
2885 1955 3138 2012 omnibus
3161 1957 3312 2011 hisce
3339 1971 3486 2012 mor-

261 2055 515 2124 ὑπομονὴν
543 2055 641 2107 καὶ
660 2052 1025 2118 ἀνεξικακίαν.
1061 2051 1244 2105 Ταῦτα
1273 2052 1330 2104 δέ
1358 2051 1530 2103 πάντα
1564 2049 1820 2118 ἄντικρυς

262 2150 389 2219 περὶ·
415 2147 532 2210 ἐνὸς
563 2149 624 2198 ὲν
653 2144 900 2208 ὑστάτοις
933 2143 1061 2196 ποτέ
1091 2143 1300 2214 χρόνοις
1331 2141 1566 2212 ἥξοντος,
1606 2141 1698 2192 καὶ
1719 2155 1822 2190 τοις

261 2236 380 2289 αῦτα
407 2237 463 2289 ὲν
489 2235 799 2306 ἀνθρώποις
821 2234 1157 2304 πεισομένου,
1189 2233 1372 2302 σαφῶς
1392 2233 1458 2285 δι’
1480 2225 1554 2284 ὧν
1577 2231 1822 2302 προειλή-

261 2346 394 2396 φασι,
424 2327 490 2380 τά
520 2326 830 2381 παλαίτατα
864 2324 1124 2396 Ἐὁραίων
1175 2325 1468 2396 παρίστησι
1496 2322 1670 2391 λόγια,
1701 2323 1820 2374 ἐπι-

263 2417 672 2490 μαρτυρούμενα
702 2417 798 2488 τὴν
826 2415 961 2487 μετὰ
994 2415 1218 2470 θάνατον
1251 2416 1313 2468 ἐκ
1339 2413 1547 2485 νεκρῶν
1580 2413 1816 2466 ἀναϐίω-

262 2527 332 2563 σιν
359 2509 446 2563 τοῦ
493 2508 856 2579 δηλουμένου,
879 2507 975 2578 τὴν
1021 2510 1131 2569 τοῖς
1160 2506 1325 2560 αὐτοῦ
1363 2505 1628 2575 μαθηταῖς
1659 2503 1820 2573 φανέ-

261 2618 425 2669 ρωσιν,
444 2601 542 2671 τὴν
569 2600 666 2653 τοῦ
697 2599 839 2653 θείου
859 2597 1170 2669 Πνεύματος
1193 2599 1271 2661 είς
1293 2597 1486 2658 αὐτοὺς
1515 2595 1816 2666 μετάδοσινο

259 2689 341 2760 τὴν
361 2693 435 2753 είς
466 2690 527 2743 οὐ
540 2691 740 2759 ρανούς
769 2688 949 2742 ἄνοδον
987 2686 1171 2750 αὐτοῦ,
1205 2689 1301 2757 τὴν
1338 2685 1547 2757 Πατρὸς
1573 2684 1820 2755 ἕνθρονον

263 2778 515 2848 βασιλείας
553 2779 786 2850 ἵδρυσιν,
819 2779 912 2857 τὴν
944 2779 1036 2830 ἐπὶ
1070 2775 1342 2847 συντελείᾳ
1369 2774 1461 2827 τοῦ
1497 2774 1610 2844 βίου
1640 2773 1822 2827 δευτέ-

263 2887 347 2941 ραν
374 2868 524 2936 αῦθις
596 2870 856 2941 ἐσομένην
882 2867 1086 2933 ἔνδοξον
1132 2868 1297 2922 αὐτοῦ
1339 2866 1658 2939 παρουσίαν.
1694 2865 1819 2917 Ἐπὶ

261 2965 374 3016 πᾶσι
390 2964 606 3025 τούτοις
628 2963 855 3034 θρήνους
883 2962 1085 3032 ἀκούσῃ
1107 2962 1199 3014 καὶ
1230 2959 1567 3032 ὀλοφυρμοὺς
1591 2957 1817 3012 ἑκάστου

259 3054 348 3107 τῶν
380 3055 680 3127 προφητῶν
712 3054 979 3125 διαφόρως
1003 3052 1417 3124 ὀλοφυρομένου,
1444 3052 1534 3106 καὶ
1557 3051 1817 3106 ἀποκλαιο

259 3148 453 3216 ομένου,
499 3150 610 3202 ὅσα
660 3147 718 3199 τὸ
764 3145 1026 3201 Ἰουδαίων
1057 3145 1204 3207 ἔθνος
1235 3145 1332 3215 τῆς
1368 3146 1445 3208 είς
1489 3145 1579 3197 τὸν
1614 3161 1818 3216 προκη-

261 3240 502 3311 ρυχθέντα
521 3238 844 3302 δυσσεϐείας
871 3237 1032 3293 ἓνεκα
1059 3235 1469 3308 μετελεύσεσθαι
1498 3234 1641 3288 κακὰ
1663 3234 1819 3306 ἐμελ-
1844 3274 1886 3330 C

257 3329 352 3393 λεν,
379 3332 450 3395 ὡς
478 3332 542 3385 τὸ
599 3330 863 3400 βασίλειον
893 3327 1089 3391 αὐτῶν,
1126 3327 1326 3381 ἄνωθεν
1357 3328 1420 3379 ἐκ
1463 3326 1712 3399 πατέρων
1739 3329 1817 3390 είς

258 3418 476 3482 ἐκείνους
500 3419 802 3490 διαρκέσαν
826 3418 950 3480 τούς
976 3417 1215 3488 καιροὺς,
1251 3416 1482 3488 παντελῆ
1507 3417 1821 3489 καθαίρεσιν

261 3509 379 3577 μετὰ
409 3510 506 3580 τὴν
532 3510 680 3566 κατά
705 3506 940 3580 Χριστοῦ
973 3507 1172 3579 τόλμαν
1206 3506 1380 3561 αὐτῶν
1408 3508 1702 3578 ὑπομενεῖ·
1745 3508 1819 3570 ὡς

259 3598 298 3648 οί
322 3599 530 3670 πάτριοι
569 3599 749 3652 αὐτῶν
788 3599 940 3668 νόμοι
983 3596 1462 3665 καταλυθήσονται,
1490 3598 1564 3660 ὡς
1596 3598 1694 3667 τῆς
1725 3615 1824 3652 παι

257 3689 396 3754 λαιᾶς
424 3691 728 3764 θρησκείας
782 3691 957 3744 αὐτῶν
991 3690 1470 3760 ἀποστερήσονται,
1515 3690 1590 3752 ὡς
1618 3691 1713 3760 τῆς
1756 3693 1819 3744 ἐκ

259 3782 515 3850 προγόνων
565 3781 894 3852 αὐτονομίας
927 3778 1312 3834 ἐκπεσοῦνται·
1350 3780 1424 3842 ὡς
1466 3779 1577 3832 ἀντ’
1608 3779 1821 3832 ἐλευθέ-

261 3887 352 3940 ρων
369 3872 544 3925 δοῦλοι
565 3871 675 3925 τῶν
700 3871 909 3944 ἐχθρῶν
937 3873 1389 3942 καταστήσονται,
1412 3870 1537 3941 ὡςή
1568 3870 1817 3942 βασιλικὴ

261 3960 580 4031 μητρόπολις
603 3961 780 4013 αὐτῶν
792 3961 1158 4033 πυρίκαυστος
1178 3962 1482 4031 γενήσεται,
1513 3959 1589 4024 ὡς
1611 3961 1672 4013 τὸ
1691 3979 1747 4014 σε
1757 3980 1821 4032 μ-

258 4050 334 4103 νὺν
360 4052 537 4107 αὐτῶν
570 4053 667 4106 καὶ
717 4053 879 4122 ἁγνὸν
921 4052 1062 4125 ίερδν
1091 4052 1411 4126 ἐμπρησμὸν
1443 4053 1534 4106 καὶ
1587 4053 1820 4124 ἐσχάτην

259 4143 471 4213 ἐρημίαν
524 4147 792 4216 ὑπομενεῖ
817 4163 830 4177 ο
875 4146 949 4210 ὼς
981 4145 1101 4198 ἀντὶ
1153 4145 1260 4198 τῶν
1298 4144 1464 4198 πάλαι
1523 4146 1819 4218 οἰκητόρων

260 4231 351 4288 ὑπὸ
377 4236 668 4307 ὁμοφύλων
699 4237 745 4308 (-l
757 4238 794 4308 ’)
829 4238 998 4291 ἐθνῶν
1025 4242 1057 4311 ἡ
1087 4240 1238 4305 πόλις
1275 4239 1450 4293 αὐτῶν
1478 4237 1822 4310 κατοικισθῆ-

261 4341 411 4390 σεται,
445 4330 522 4394 ὡς
554 4332 638 4393 είς
694 4331 870 4385 πάντα
901 4331 967 4385 τὰ
1009 4332 1135 4401 ἔθνη
1181 4332 1301 4386 καθ’
1333 4332 1460 4404 ὅλης
1499 4332 1820 4403 οίκουμένης

257 4414 728 4493 διασπαρήσονται,
756 4423 830 4487 ὡς
859 4423 1038 4478 οὐκέτ’
1067 4426 1250 4487 αὐτοῖς
1276 4426 1308 4495 ἡ
1340 4423 1446 4478 τῶν
1477 4421 1660 4477 κακῶν
1685 4422 1821 4476 παῦ-

257 4505 332 4572 λα,
355 4512 473 4565 οὐδέ
497 4530 589 4576 τις
621 4514 905 4577 ἁνάνευσις
930 4514 1036 4566 τῶν
1072 4513 1364 4586 συμφορῶν
1398 4514 1816 4585 ἐλπισθήσεται··

1921 2059 2026 2104 tem
2083 2049 2551 2103 contumeliosam.
2587 2047 2762 2117 Ipsius
2821 2047 2888 2101 ad
2937 2048 3050 2102 haec
3105 2047 3483 2101 admirandum

1919 2141 2214 2203 silentium,
2249 2140 2524 2194 leuitatem
2567 2146 2620 2192 et
2669 2138 3054 2202 constantiam,
3087 2137 3488 2193 incredibilem-

1919 2249 2023 2304 que
2058 2240 2315 2302 quantam
2348 2231 2662 2301 patientiam
2709 2231 3082 2300 malorumque
3115 2231 3482 2286 tolerantiam.

1922 2325 2044 2380 llaec
2070 2325 2252 2379 omnia
2291 2325 2494 2379 diserte
2536 2325 2602 2378 de
2652 2340 2761 2378 uno
2809 2324 3042 2393 quodam
3095 2324 3147 2377 in
3194 2322 3487 2393 postremis

1919 2418 2048 2470 olim
2078 2426 2307 2474 venturo
2351 2419 2688 2488 temporibus
2719 2425 2880 2485 atque
2913 2418 3054 2471 inter
3085 2417 3333 2473 homines
3356 2417 3484 2470 talia

1918 2510 2262 2564 exantlaturo
2298 2510 2580 2578 perspicue
2607 2509 2990 2579 praenuntiant,
3021 2508 3350 2578 traduntque
3385 2523 3486 2562 an-

1920 2600 2223 2670 tiquissima
2258 2599 2604 2654 Hebraeorum
2631 2600 2884 2666 oracula;
2917 2600 3185 2669 simulque
3219 2608 3488 2667 testantur

1918 2691 2166 2746 eumdem
2196 2697 2318 2760 post
2351 2697 2579 2745 mortem
2607 2691 2802 2743 iterum
2835 2704 3180 2746 reversurum
3211 2691 3265 2744 in
3293 2692 3482 2756 vitam,

1918 2781 2202 2851 discipulis
2231 2781 2347 2836 suis
2393 2781 2788 2851 appariturum,
2835 2781 3187 2851 divinumque
3224 2780 3485 2851 Spiritum

1919 2872 1972 2926 in
2005 2873 2129 2927 illos
2177 2873 2530 2928 emissurum.
2564 2870 2817 2927 Reditum
2863 2873 2990 2928 item
3021 2873 3141 2944 ejus
3182 2886 3487 2927 memorant

1919 2963 1974 3016 in
2002 2962 2190 3028 cmlos,
2235 2961 2554 3031 firmamque
2577 2963 2630 3016 in
2662 2963 2863 3016 throno
2896 2963 3045 3034 regni
3070 2961 3251 3018 Patris
3275 2963 3480 3026 sedem,

1918 3052 2156 3122 atquein
2190 3052 2659 3108 consummatione
2690 3052 2877 3109 saeculi
2903 3053 3144 3110 futurum
3179 3053 3374 3107 iterum
3406 3053 3486 3105 al-

1918 3151 2094 3198 terum
2143 3143 2262 3212 ejus
2317 3143 2606 3198 adventum
2663 3143 2980 3215 gloriosum.
3020 3143 3199 3214 Super
3236 3145 3486 3200 omnibus

1920 3234 2072 3289 hisce
2115 3233 2338 3291 threnos
2377 3234 2646 3305 percipies
2675 3245 2837 3306 atque
2875 3235 3111 3305 ejulatus
3147 3235 3484 3306 singulorum

1921 3326 2305 3397 prophetarum
2333 3327 2684 3380 multifariam
2706 3327 3083 3396 quiritantium
3117 3335 3280 3397 atque
3301 3327 3487 3397 deplo-

1920 3421 2155 3474 rautium
2202 3427 2406 3489 quanta
2446 3421 2647 3490 popqu
2689 3418 2919 3474 Judaico
2961 3420 3389 3498 ob'impietatem
3428 3421 3488 3475 in

1921 3513 2065 3568 hunc
2098 3520 2365 3583 patratam
2397 3512 2714 3567 sustinenda
2764 3522 2948 3569 essent
2996 3514 3138 3569 mala
3170 3533 3185 3569 :
3216 3514 3362 3584 quod
3401 3529 3487 3568 re-

1918 3619 2082 3672 gnum
2122 3605 2363 3673 ipsorum
2397 3620 2428 3658 a
2457 3613 2670 3675 patrum
2699 3605 3034 3674 temporibus
3062 3621 3234 3675 usque
3259 3604 3327 3659 ad
3357 3605 3483 3660 illo-

1921 3710 2040 3748 rum
2075 3703 2289 3751 aatatem
2337 3695 2733 3760 continuatum,
2763 3695 3010 3751 funditus
3047 3695 3212 3750 esset'
3235 3703 3486 3751 everten-

1921 3786 2048 3839 dum
2093 3797 2216 3858 post
2245 3802 2306 3842 ea
2329 3802 2450 3858 quae
2479 3787 2533 3840 in
2563 3785 2841 3843 Christum
2867 3787 2984 3843 ausi
3029 3785 3260 3844 fuissent
3302 3805 3314 3841 :
3339 3787 3485 3857 quod

1921 3878 2108 3946 patria:
2139 3877 2380 3946 ipsorum
2416 3876 2965 3947 legesdissoltteudze,
3001 3879 3146 3946 quod
3194 3876 3296 3946 ipsi
3317 3876 3484 3932 veteri

1919 3965 2071 4019 cultu
2118 3979 2219 4020 suo
2272 3966 2522 4036 religioso
2553 3964 2821 4034 privandi,
2854 3973 3017 4034 atque
3049 3965 3313 4034 libertate
3342 3965 3484 4019 avita

1919 4055 2172 4122 exuendi,
2199 4057 2341 4128 quod
2379 4074 2477 4126 pro
2509 4056 2694 4117 liberis
2735 4055 2878 4110 servi
2918 4055 3157 4110 hostium
3193 4054 3360 4110 futuri
3399 4070 3486 4109 es-

1919 4157 2094 4204 sent:
2155 4148 2301 4219 quod
2360 4148 2504 4220 regia
2558 4148 2798 4218 ipsorum
2858 4148 3174 4217 metropolis
3224 4145 3484 4201 tradenda

1921 4238 2173 4307 flammis,
2198 4251 2250 4294 et
2284 4239 2599 4311 religiosum
2633 4239 2846 4292 illorum
2868 4246 2922 4294 et
2946 4247 3196 4294 sanctum
3224 4237 3485 4308 templum
3523 4283 3526 4287 .

1920 4330 2380 4404 conﬂagraturum
2435 4339 2595 4402 atque
2638 4338 2938 4386 extremam
2979 4337 3332 4400 experturum
3362 4329 3487 4384 soli-

1919 4424 2160 4479 tudinem
2191 4444 2204 4478 :
2239 4423 2522 4494 quodpro
2569 4423 2729 4478 avitis
2759 4423 2952 4480 incolis
2984 4424 3114 4478 urbs
3144 4437 3333 4478 eorum
3356 4422 3487 4477 alic-

1919 4514 2007 4570 nis
2055 4513 2407 4576 inhabitanda
2442 4515 2776 4581 nationibus,
2804 4514 2948 4584 quod
2980 4514 3036 4569 in
3081 4528 3272 4568 omnes
3299 4521 3487 4584 gentes

257 4599 289 4653 ἃ
323 4603 412 4658 καὶ
443 4605 654 4676 τυφλῷ,
689 4608 843 4676 φασὶ,
873 4607 1026 4676 δῆλα,
1054 4607 1219 4698 εἰσέτι
1264 4607 1356 4662 νῦν
1387 4606 1483 4678 τὴν
1513 4606 1621 4660 τῶν
1646 4606 1819 4675 λόγων

1924 4621 2020 4677 per
2047 4613 2220 4662 totum
2253 4605 2438 4671 orbem
2462 4614 2730 4660 terrarum
2756 4603 3297 4676 dispergendi,jquod
3337 4603 3486 4659 nulla

257 4694 361 4763 ea»
409 4700 595 4761 αὐτοῖς
644 4697 826 4769 ἔργοις
880 4694 1229 4764 ἐνδείκνυται,
1282 4699 1346 4751 ἐκ
1383 4699 1603 4770 πρώτης
1650 4698 1818 4768 αὐτῆς

257 4787 473 4860 ἡμέρας,
533 4788 596 4853 ἐξ
629 4784 695 4860 ἧς
736 4789 926 4853 ἀθέους
977 4790 1178 4862 ἤραντο
1236 4789 1375 4842 κατὰ
1427 4789 1659 4861 Χριστοῦ
1707 4793 1817 4859 χεῖ-

260 4892 362 4943 ρας,
395 4882 494 4952 τὴν
518 4878 629 4932 τῶν
663 4881 847 4933 κακῶν
876 4880 1047 4953 ἀρχὴν
1076 4884 1152 4944 είς
1183 4882 1406 4944 ἑαυτοὺς
1427 4879 1812 4951 ἐπισπώμενοι.

259 4968 358 5021 Οὔκ
392 4966 459 5041 ἦν
492 4972 539 5024 δ’
570 4972 677 5041 ἄρα
730 4975 842 5035 τοῖς
889 4971 1192 5035 θεσπεσίοις
1242 4971 1494 5042 ἀνδράσιν
1543 4971 1636 5023 ἐπὶ
1684 4987 1815 5023 σκυ-

260 5056 482 5129 θρωποῖς
508 5064 580 5117 τὰ
599 5065 706 5117 τῶν
732 5067 1085 5138 προρρήσεων
1114 5066 1342 5130 ἱστάναι,
1365 5065 1482 5118 οὐδέ
1523 5064 1681 5136 μέχρι
1709 5064 1816 5117 τῶν

259 5147 503 5227 λυπηρῶν
531 5155 893 5210 ἐπιτείνεσθαι
925 5157 1022 5227 τὴν
1057 5157 1359 5228 πρόγνωσιν
1382 5173 1395 5185 ο
1441 5155 1573 5209 ἀλλά
1604 5154 1712 5226 γὰρ
1738 5155 1816 5218 εἰς

259 5243 312 5295 rb
343 5247 561 5317 φαιδρὸν
611 5247 1058 5318 μεταϐάλλοντες,
1112 5243 1264 5310 αὖθις
1297 5245 1514 5315 ἀγαθῶν
1564 5245 1817 5314 ἀγγελίας

262 5335 458 5407 ἀθρόως
486 5340 688 5392 ἆπασιν
709 5338 1014 5410 ἀνθρώποις
1040 5339 1128 5391 ἐπὶ
1155 5343 1216 5410 τῇ
1240 5339 1332 5391 τοῦ
1361 5336 1595 5408 Χριστοῦ
1623 5353 1820 5410 παρου-

265 5428 344 5498 σία
385 5432 818 5502 προεκήρυττον,
863 5431 984 5484 ἀντὶ
1027 5431 1126 5500 τῆς
1165 5431 1280 5493 ἐνὸς
1327 5429 1509 5492 ἔθνους
1552 5419 1818 5501 ἀποϐολῆς

265 5521 360 5571 πᾶν
391 5522 541 5587 ἔθνος
580 5525 675 5577 καὶ
713 5523 868 5592 γένος
897 5523 1197 5596 ἀνθρώπων
1231 5523 1556 5592 θεογνωσίαν
1585 5524 1816 5592 εὐαγγε-

267 5605 540 5680 λιζόμενοι,
573 5613 671 5666 καὶ
698 5613 966 5683 δαιμόνων
1000 5611 1303 5684 ἀποφυγὴν,
1337 5612 1607 5680 ἀγνωσίας
1638 5630 1696 5666 τε
1727 5614 1820 5666 καὶ

270 5700 459 5771 πλάνης
500 5705 838 5776 ἀπαλλαγὴν,
897 5705 1072 5774 φωτός
1124 5722 1183 5757 τε
1230 5689 1323 5757 καὶ
1373 5704 1650 5768 εὐσεϐείας
1694 5705 1820 5760 ἀνά-

334 5878 404 5949 (l)
443 5880 529 5939 Sic
558 5883 896 5942 correximus
924 5899 1018 5954 pro
1052 5883 1180 5944 τοῦ.,
1209 5883 1366 5938 Enn.
1409 5884 1512 5939 Pu
1527 5901 1626 5940 not.

1921 4700 2156 4771 amplius
2215 4714 2244 4753 a
2291 4699 2447 4754 malis
2502 4699 2740 4770 requies,
2800 4713 2977 4768 neque
3010 4713 3043 4752 a
3081 4695 3484 4755 calamitatibus

1918 4795 2206 4865 respiratio
2253 4792 2520 4864 speranda
2570 4793 2678 4847 illis
2709 4790 2864 4862 ;foret
2893 4811 2906 4845 :
2940 4807 3066 4862 qua:
3107 4805 3272 4857 caeco,
3339 4789 3482 4860 quod

1918 4889 2090 4952 aiunt,
2131 4886 2439 4950 manifesta,
2475 4885 2636 4940 etiam
2665 4899 2813 4938 nunc
2845 4885 3135 4938 verborum
3179 4883 3289 4938 vim
3319 4881 3486 4936 rebus

1917 4979 2051 5049 ipsis
2079 4978 2477 5040 demonstrant,
2508 4992 2633 5030 cum
2665 4991 2695 5029 a
2724 4976 2898 5046 prima
2928 4976 3018 5030 illa
3041 4977 3130 5033 die
3157 4991 3265 5047 qua
3288 4975 3483 5045 impias

1918 5086 2113 5126 manus
2131 5069 2311 5126 Judaei
2346 5069 2402 5122 in
2433 5067 2711 5122 Christum
2773 5060 3035 5130 tulerunt,
3074 5067 3339 5124 malorum
3378 5066 3484 5120 iui—

1917 5166 2052 5220 tium
2093 5165 2146 5218 in
2191 5179 2251 5218 se
2278 5161 2670 5216 contraxerint.
2703 5157 2820 5213 Non
2876 5158 3032 5212 libuit
3082 5167 3262 5216 autem
3285 5158 3482 5227 divinis

1916 5256 2195 5327 pr0phetis
2218 5254 2598 5326 praedictiones
2628 5269 2755 5308 suas
2787 5254 2842 5307 in
2875 5253 3082 5307 maestis
3112 5251 3286 5313 linire,
3309 5265 3483 5320 neque

1920 5349 2062 5402 ultra
2112 5348 2288 5402 tristia
2322 5344 2616 5401 extendere
2653 5345 2982 5399 vaticinandi
3023 5342 3358 5406 facultatem,
3388 5343 3480 5396 sed

1925 5441 1993 5510 ι’
2023 5441 2086 5494 ad
2119 5439 2404 5509 pulchrum
2447 5439 2696 5495 conversi
2733 5437 2894 5492 iidem
2929 5435 3172 5492 vicissim
3213 5435 3481 5490 bonorum

1919 5531 2340 5604 significationes
2366 5545 2563 5600 magno
2605 5543 2853 5594 numero,
2888 5526 3142 5583 omnibus
3170 5524 3484 5581 hominibus

1919 5625 2122 5678 Christi
2157 5623 2390 5676 adventu
2425 5621 2910 5692 impertiendorum
2941 5619 3479 5692 praenuntiaverunt:

1920 5716 2034 5772 fore
2059 5715 2290 5782 scilicet,
2330 5724 2388 5769 ut
2415 5731 2512 5786 pro
2543 5715 2707 5771 unius
2737 5713 2913 5787 gentis
2943 5713 3259 5785 rejectione,
3289 5724 3481 5765 omnes
3534 5776 3538 5780 ι

1995 5881 2089 5951 (3")
2126 5879 2251 5950 ch.
2284 5877 2608 5948 άλλοφύλσιιν.
