4018 6514
469 446 534 498 19
1100 447 1368 505 EUSEBII
1406 449 1880 505 CESARIENSIS
1917 451 2066 508 OPP.
2100 454 2279 511 PARS
2313 459 2376 516 ll.
2412 493 2479 502 —
2519 462 3016 522 APOLOGETICA.

3635 477 3737 532 20

468 558 650 628 populi
688 568 744 616 et
791 562 1046 618 nationes
1081 562 1361 617 hominum
1394 577 1489 634 per
1517 562 1869 634 Evangelium
1907 567 2033 619 edo-

2144 569 2348 641 λαμψιν
2368 590 2382 603 ο
2424 575 2518 628 καὶ
2545 575 2621 639 ὡς
2653 577 2702 630 oi
2733 577 2827 631 τοῦ
2861 580 3097 651 Χριστοῦ
3145 586 3380 656 μαθηταὶ
3407 589 3499 642 τὸν
3536 590 3733 644 πάντα

465 659 694 704 ccantur
717 653 829 706 veri
867 651 956 708 Dei
1000 653 1384 722 cognitionem,
1435 659 1713 710 daemonas
1755 660 2033 726 deserant,

469 742 942 812 iguorantiamque
981 752 1183 798 exuant
1233 753 1285 797 et
1336 757 1571 805 errores,
1619 745 1708 797 lux
1754 755 1931 800 autem
1972 761 2035 800 ac

464 832 640 899 pietas
667 833 825 902 longe
848 842 1058 903 lateque
1089 835 1436 904 resplendeat
1462 855 1474 888 :
1505 843 1562 888 ut
1589 850 1618 888 a
1649 835 1850 890 Christi
1878 837 2037 892 disci-

466 924 608 992 pulis
649 925 940 982 universus
983 928 1134 982 orbis
1176 929 1450 997 repleatur
1495 927 1614 998 ejus
1663 928 1936 999 dogmate,
1977 937 2036 984 ut

467 1017 816 1090 Evangelium
854 1020 922 1074 ab
958 1021 1066 1074 illis
1095 1019 1399 1076 doceantur
1430 1035 1621 1076 omnes
1651 1021 1898 1078 homines
1934 1039 2034 1078 no-

467 1126 586 1164 vam
618 1112 920 1180 miramque
947 1113 1315 1180 complectens
1349 1112 1566 1182 pietatis
1611 1115 1878 1169 rationem
1910 1134 1923 1168 :
1955 1123 2036 1169 at-

463 1218 570 1269 que
620 1211 679 1256 ut
715 1203 973 1258 Ecclesiae
1024 1202 1228 1258 Christi
1273 1219 1369 1273 per
1411 1202 1632 1259 eosdem
1677 1205 1732 1260 in
1780 1207 2034 1263 omnibus

464 1292 715 1361 gentibus
736 1295 1160 1358 constituantur,
1185 1301 1239 1348 et
1268 1309 1411 1348 unus
1433 1295 1667 1363 populus
1691 1293 2034 1352 Christianus

465 1385 778 1440 nominetur
808 1402 906 1456 per
938 1387 1252 1442 universum
1299 1402 1405 1456 qua
1446 1395 1591 1458 patet
1623 1387 1815 1443 incolis
1848 1390 2033 1444 orbem

464 1487 753 1534 terrarum.
795 1479 1058 1534 Futurum
1104 1495 1227 1534 esse
1273 1480 1458 1543 etiam,
1487 1489 1545 1533 ut
1576 1494 1698 1550 qua:
1732 1481 1964 1536 subinde
2003 1497 2033 1536 a

466 1569 803 1639 principibus
851 1570 1176 1640 regibusque
1225 1577 1413 1624 contra
1481 1569 1781 1625 Ecclesiam
1830 1571 2032 1628 Christi

461 1661 767 1716 excitanda:
796 1663 906 1718 sint
935 1665 1368 1732 persecutiones,
1415 1663 1552 1716 nihil
1585 1665 1650 1719 ad
1680 1663 2031 1719 evertendam

462 1753 610 1807 illam
633 1754 868 1820 valeant,
904 1763 1091 1824 utpote
1120 1771 1240 1824 quae
1262 1755 1354 1809 Dei
1387 1755 1582 1811 robore
1615 1758 1881 1810 ﬁrmatur.
1909 1755 2032 1811 [lac

467 1851 695 1897 ettanta
737 1860 861 1899 cum
907 1845 976 1899 ab
1009 1844 1358 1900 Hebraeorum
1400 1845 1666 1916 theologis
1701 1847 2032 1916 proclamata

2141 666 2344 735 κόσμον
2376 668 2473 738 τῆς
2502 669 2667 722 αὑτοῦ
2689 670 3032 738 διδασκαλίας
3060 677 3447 750 ἐμπλὴσουσιν,
3475 683 3621 747 ὅπως
3646 701 3730 738 τε

2141 760 2218 820 είς
2240 759 2447 823 πάντας
2469 761 2780 833 ἀνθρώπους
2802 764 2862 817 τὸ
2884 767 3211 835 Εὑαγγέλιον
3239 771 3415 825 αὐτῶν
3438 774 3733 849 κηρυχθή-

2142 864 2290 902 σεται
2313 891 2326 910 ,
2364 851 2542 904 καινόν
2587 869 2710 907 τινα
2752 853 2846 907 καὶ
2885 855 3156 920 ξενίζοντα
3197 862 3394 932 τρόπον
3432 864 3727 930 εὐσεϐείας

2142 941 2428 1012 περιέχον·
2470 943 2566 997 καὶ
2591 944 2667 1009 ὡς
2707 946 3022 1019 Ἐκκλησίαι
3061 953 3298 1022 Χριστοῦ
3338 954 3405 1008 δι’
3440 956 3616 1010 αὐτῶν
3648 959 3726 1012 ἐν

2139 1032 2280 1096 ὅλοις
2315 1038 2425 1097 τοῖς
2469 1034 2642 1090 ἔθνεσι
2686 1040 3058 1110 συστήσονται,
3104 1043 3194 1096 καὶ
3229 1045 3306 1109 ὠς
3349 1047 3466 1110 ἐνὸς
3508 1047 3538 1100 ό
3576 1049 3726 1120 Χριο

2143 1123 2372 1178 στιανῶν
2406 1125 2533 1188 λαὸς
2559 1125 2681 1180 καθ’
2713 1127 2839 1199 ὅλης
2870 1129 2967 1200 τῆς
2997 1133 3321 1206 οἰκουμένης
3342 1134 3725 1210 ὀνομασθήσε-

2140 1233 2257 1269 ται·
2296 1219 2391 1271 καὶ
2423 1219 2498 1283 ὡς
2529 1222 2585 1272 αἱ
2622 1220 2730 1274 τῶν
2765 1221 2902 1277 κατὰ
2945 1223 3167 1294 χρόνους
3200 1227 3472 1299 ἀρχόντων
3514 1246 3572 1284 τε
3613 1231 3722 1285 καὶ

2142 1308 2404 1378 βασιλέων
2441 1311 2580 1365 κατά
2615 1313 2715 1383 τῆς
2754 1313 3077 1384 Ἑκκλησίας
3113 1315 3207 1370 τοῦ
3240 1319 3472 1391 Χριστοῦ
3505 1322 3724 1378 ἐπαναο

2138 1403 2358 1474 ’στάσεις
2388 1401 2540 1456 οὐδὲν
2569 1407 2648 1464 είς
2679 1405 2739 1458 τὸ
2770 1407 3013 1461 καθελεῖν
3043 1409 3210 1480 αὐτὴν
3229 1451 3244 1475 ,
3275 1411 3350 1475 ὡς
3381 1412 3447 1466 ἂν
3485 1413 3588 1467 ὑπὸ
3613 1414 3718 1468 τοῦ

2139 1489 2273 1543 Θεοῦ
2310 1493 2762 1564 κραταιουμένην,
2807 1496 3101 1566 ίσχύσουσι.
3152 1499 3431 1555 Τοσούτων
3471 1502 3558 1557 διὰ
3600 1501 3719 1559 τῶν

2141 1583 2259 1636 καθ’
2300 1583 2578 1654 Ἐϐραίους
2610 1585 2870 1651 θεολόγων
2915 1589 3447 1662 ἀναπεφωνημένων,
3491 1595 3584 1648 καί
3627 1597 3718 1660 είς

2138 1673 2296 1745 δεῦρο
2325 1677 2488 1728 πᾶσιν
2522 1678 2601 1740 είς
2638 1678 2867 1748 φανερὸν
2900 1678 2997 1742 τὰς
3041 1679 3291 1745 ἐκϐάσεις
3332 1683 3714 1755 ἐπιδεικνυμέ-

2137 1784 2263 1828 νων,
2293 1767 2375 1830 τίς
2403 1768 2502 1820 οὐκ
2521 1768 2584 1822 ἂν
2606 1769 2664 1822 τὸ
2688 1768 2865 1822 ἔνθεον
2892 1771 3298 1842 ἀποθαυμάσειε
3327 1773 3433 1827 τῶν
3467 1775 3710 1846 ἀνδρῶν;

2138 1859 2221 1923 τίς
2259 1859 2306 1912 δ’
2335 1861 2456 1932 ούχὶ
2490 1857 2589 1929 τῆς
2623 1863 2744 1915 κατ’
2785 1864 2980 1929 αὐτοὺς
3013 1864 3319 1930 θεοσεϐείας
3358 1868 3452 1921 καὶ
3495 1867 3712 1936 φιλοσο-

467 1933 687 1998 fuerint,
731 1944 894 2004 atque
936 1935 1233 1990 etiamnum
1289 1937 1542 1991 omnibus
1594 1937 1769 2007 palam
1816 1937 2032 1990 illarum

2139 1951 2265 2020 φίας
2309 1953 2377 2006 τὰ
2418 1952 2718 2024 μαθήματά
2763 1973 2820 2008 τε
2861 1960 2954 2009 καὶ
3006 1957 3073 2011 τά
3120 1957 3364 2027 δόγματα
3410 1933 3573 2031 κύρια
3616 1961 3715 2013 καὶ

465 2043 646 2082 rerum
675 2035 902 2083 eventus
930 2044 988 2084 se
1016 2029 1289 2093 ostendat,
1323 2031 1447 2100 quis
1487 2045 1595 2084 non
1631 2029 1873 2082 divinum
1909 2029 2030 2082 illo-

460 2135 583 2174 rum
629 2121 871 2174 virorum
909 2119 1162 2190 spiritum
1190 2121 1531 2175 admiretur?
1560 2122 1686 2192 quis
1728 2136 1835 2175 non
1867 2120 2034 2174 disci-

464 2213 667 2283 plinam
710 2220 764 2268 et
811 2213 1060 2284 dogmata
1109 2214 1389 2284 religionis
1419 2214 1662 2283 ipsorum
1696 2221 1749 2267 et
1793 2212 2036 2282 philoso-

463 2304 606 2374 phiae
639 2301 876 2362 fateatur
908 2305 1144 2375 genuina
1177 2320 1240 2359 ac
1263 2305 1548 2360 verissima
1577 2304 1738 2360 esse?
1764 2305 2032 2374 siquidem

461 2399 980 2452 demonstrationem
1010 2414 1120 2468 pra:
1161 2413 1219 2453 se
1251 2397 1431 2453 ferunt
1461 2414 1567 2452 non
1614 2399 1832 2467 quidem
1881 2413 2034 2452 com-

462 2491 568 2560 ptis
593 2497 755 2560 atque
777 2491 986 2544 ornatis
1021 2490 1220 2554 verbis,
1254 2505 1429 2560 neque
1461 2491 1512 2544 vi
1547 2489 1763 2544 dicendi
1796 2500 1888 2542 aut
1910 2499 2035 2560 per-:-

461 2581 600 2636 vcrsi
655 2581 870 2634 artificii
921 2581 1489 2651 argumentationibus
1539 2580 1607 2632 ad
1655 2579 2032 2649 decipiendum

459 2673 816 2742 comparatis,
849 2671 943 2728 sed
965 2672 1197 2742 simplici
1229 2680 1282 2726 et
1304 2679 1514 2726 remoto
1544 2687 1574 2724 a
1605 2671 1797 2726 fraude
1827 2671 2036 2726 doctri-

459 2781 543 2819 nae
578 2779 796 2835 genere,
847 2764 1007 2834 cujus
1041 2764 1291 2834 genuinae
1339 2764 1678 2834 sincerzeque
1712 2763 1926 2818 veritati
1971 2761 2036 2816 fl-

458 2855 584 2910 dem
615 2853 746 2909 facit
774 2855 951 2910 virtus
982 2863 1036 2909 et
1059 2854 1299 2925 cognitio
1327 2853 1579 2910 Numinis
1607 2869 1727 2925 quae
1750 2854 1804 2908 in
1832 2853 2034 2909 divinis

460 2947 570 3001 illis
594 2946 730 3002 viris
769 2947 889 3001 fuit.
931 2946 1034 3015 Qui
1081 2947 1244 3017 igitur
1276 2954 1571 3016 potuerunt
1600 2962 1707 3010 res,
1765 2961 1886 3016 qua:
1915 2945 2035 2999 lon—

459 3039 543 3110 gis
573 3040 790 3094 saeculis
820 3047 943 3110 post
975 3047 1294 3101 evenerunt,
1319 3047 1400 3094 tot
1429 3039 1664 3094 millenis
1697 3045 1823 3092 ante
1849 3037 2032 3104 annis,

459 3147 570 3185 non
595 3131 836 3185 humano
868 3130 963 3186 sed
996 3130 1183 3184 divino
1207 3130 1392 3184 videre
1424 3130 1640 3200 spiritu,
1664 3129 1850 3199 quidni
1885 3128 2034 3200 digni

460 3225 566 3280 fide
595 3224 704 3279 sint
756 3232 816 3278 ut
844 3223 1094 3294 dogmata
1140 3239 1263 3292 quae
1301 3223 1600 3294 discipulos
1645 3237 1778 3278 suos
1808 3221 2038 3277 edocue-

463 3323 615 3384 runt,
647 3331 775 3370 vera
806 3330 927 3370 esse
949 3315 1282 3369 credantur?
1311 3313 1486 3368 Probe
1515 3317 1678 3368 etiam
1713 3313 1835 3367 novi
1866 3310 2037 3368 usitao

457 3415 577 3462 tum
626 3424 750 3464 esse
795 3408 1070 3472 omnibus,
1131 3410 1221 3477 qui
1257 3407 1594 3462 Salvatorem
1641 3423 1705 3462 ac
1744 3407 2031 3462 Dominum

461 3511 711 3558 nostrum
742 3499 930 3556 Jesum
973 3500 1225 3556 eumdem
1260 3516 1388 3556 vere
1433 3499 1710 3556 Christum
1761 3498 1851 3554 Dei
1889 3514 2032 3566 esse,

462 3595 538 3648 ita
569 3603 628 3648 ut
662 3609 759 3664 par
790 3601 896 3658 est,
925 3593 1220 3649 instituunt
1259 3593 1653 3657 demonstrare,
1693 3601 1818 3647 ante
1850 3592 2033 3646 omnia

463 3687 642 3742 facere
668 3687 851 3752 tidem,
887 3686 1032 3756 quod
1061 3701 1166 3740 non
1191 3685 1348 3740 aliter
1376 3687 1430 3739 in
1462 3701 1585 3740 eum
1610 3701 1772 3756 quam
1800 3683 2035 3756 prophe-

461 3777 587 3833 licis
615 3777 948 3833 testimoniis
986 3777 1054 3832 de
1083 3793 1148 3832 eo
1177 3777 1341 3833 editis
1373 3785 1738 3848 cengruenter
1765 3777 1990 3832 credant
2015 3795 2031 3831 :

459 3867 656 3922 deinde
684 3875 737 3923 et
759 3867 863 3921 hoc
894 3867 1074 3937 ipsum
1099 3881 1285 3921 coram
1313 3867 1572 3923 omnibus
1595 3883 1718 3923 cum
1751 3867 1952 3937 quibus
1975 3867 2032 3920 in

460 3977 768 4018 sermonem
797 3961 1162 4026 descendunt,
1211 3961 1354 4017 haud
1392 3961 1630 4025 dilliteri,
1664 3961 1807 4031 quod
1847 3961 2035 4030 singu-

462 4056 595 4112 laris
618 4055 786 4111 sturlii
823 4071 886 4110 ac
921 4056 1126 4111 laboris
1159 4055 1253 4120 sit,
1295 4055 1508 4126 singula
1541 4054 1721 4124 capita
1759 4052 2032 4124 Evangelii

460 4166 622 4221 posse
643 4149 1206 4205 demonstrationibus
1237 4149 1352 4204 suis
1389 4147 1624 4201 firmare.
1660 4145 1814 4200 Unde
1843 4159 2035 4200 neces-

461 4242 609 4298 sario
641 4241 709 4297 ad
759 4243 862 4298 hoc
914 4243 1092 4314 ipsum
1142 4240 1377 4300 delatus.
1436 4239 1528 4295 Dei
1567 4239 1770 4293 auxilio
1816 4237 2032 4293 tentabo

461 4335 762 4391 secundum
814 4336 1176 4406 praanuntiata
1224 4349 1287 4389 ex
1341 4331 1476 4404 ipsis
1525 4332 1632 4386 illis
1682 4329 2032 4384 Hebraeorum

460 4430 750 4501 theologis,
768 4431 1034 4500 integram
1061 4429 1328 4484 univcrsm
1345 4426 1668 4496 evangelicae
1688 4424 2033 4479 demonstra-

461 4525 628 4578 tionis
673 4522 1054 4578 tractationem
1109 4519 1342 4576 tradere.
1400 4517 1556 4584 Quod
1606 4531 1736 4571 vero
1789 4515 2030 4572 studium

2137 2041 2310 2114 ἀληθῆ
2344 2039 2480 2096 εἶναι
2513 2045 2870 2117 όμολογήσει;
2916 2047 3014 2120 τὴν
3059 2049 3330 2114 ἀπόδειξιν
3364 2052 3716 2122 παρεχόμενα

2134 2133 2234 2185 ούκ
2269 2135 2325 2186 ἐν
2357 2134 2532 2201 λέξεσι
2563 2138 3060 2208 κεκομψευμέναις,
3097 2141 3205 2193 οὐδ’
3235 2143 3292 2194 ἐν
3323 2142 3584 2214 δεινότητι
3615 2143 3714 2197 λό-

2135 2241 2268 2292 γων,
2309 2225 2340 2296 ἢ
2375 2227 2717 2297 κακοτέχνοις
2756 2230 2992 2294 ἀπάταις
3021 2231 3426 2304 συλλογισμῶν·
3465 2237 3522 2288 ἐν
3560 2235 3710 2307 ἁπλῇ

2133 2318 2190 2372 δὲ
2242 2320 2336 2372 καί⁵
2383 2321 2711 2393 ἀπανούργῳ
2749 2321 3082 2395 διδασκαλίᾳ,
3127 2319 3195 2396 ἦς
3253 2326 3310 2379 τὸ
3365 2329 3585 2396 γνήσιον
3615 2331 3714 2382 καὶ

2135 2409 2419 2481 εἰλικρινὲς
2463 2411 2560 2482 τῆς
2615 2411 2872 2481 ἀληθείας
2927 2414 2960 2484 ἡ
3015 2413 3121 2466 τῶν
3174 2414 3474 2470 θεσπεσίων
3525 2417 3714 2471 αὐτῶν

2134 2501 2358 2554 ἐκείνων
2401 2502 2610 2573 ἀνδρῶν
2654 2504 2821 2574 ἀρετή
2869 2520 2927 2556 τε
2974 2505 3066 2557 καὶ
3100 2503 3396 2573 θεογνωσία
3441 2507 3712 2578 παρίστη-

2137 2610 2241 2646 σιν.
2292 2595 2352 2648 Οἱ
2413 2595 2541 2664 γοῦν
2600 2595 2667 2648 τά
2714 2599 2942 2668 μακροῖς
2999 2596 3185 2652 αίῶσιν
3221 2597 3441 2670 ὕστερον
3480 2602 3560 2662 είς
3593 2599 3713 2669 φῶς

2135 2685 2357 2745 ἐλθόντα
2399 2688 2678 2760 πόρρωθεν
2727 2691 2938 2761 μυρίοις
2983 2689 3185 2745 ἄνωθεν
3223 2693 3433 2764 χρόνοις
3473 2692 3572 2744 οὐκ
3611 2691 3710 2744 ἀν-

2138 2776 2415 2850 θρωπίνῳ,
2452 2777 2579 2848 θείῳ
2610 2778 2666 2831 δὲ
2700 2779 2968 2850 πνεύματι
3015 2780 3377 2835 κατοπτεῦσαι
3415 2781 3710 2852 δεδυνημέο

2137 2889 2236 2935 νοι,
2268 2871 2384 2935 πῶς
2416 2872 2516 2926 οὐκ
2544 2869 2680 2936 ἄξιοι
2712 2869 2778 2928 ἂν
2812 2867 2922 2924 εἷεν
2959 2871 3052 2924 καὶ
3086 2873 3213 2943 περὶ
3246 2865 3320 2925 ὧν
3362 2873 3484 2936 τοὺς
3517 2857 3720 2944 φοιτηέ

2133 2963 2234 3026 τάς
2263 2962 2602 3028 ἐξεπαίδευον
2637 2961 2921 3032 δογμάτων
2958 2963 3340 3029 πιστεύεσθαι;
3379 2965 3441 3017 Εἰ
3480 2964 3577 3034 μὲν
3613 2959 3708 3019 οὖν

2134 3052 2250 3109 οἶδα
2283 3053 2544 3126 ἀκριϐῶς,
2579 3055 2660 3107 ὅτι
2691 3055 2973 3126 πρόχειρον
3006 3053 3198 3118 ἅπασι,
3229 3057 3339 3118 τοῖς
3371 3055 3460 3107 τὸν
3481 3056 3708 3127 Σωτῆρα

2137 3147 2230 3200 καὶ
2271 3145 2475 3218 Κύριον
2516 3144 2670 3216 ἡμῶν
2708 3143 2915 3214 Ἰησοῦν
2942 3144 3016 3208 ὡς
3054 3144 3118 3197 ἂν
3150 3143 3309 3198 αὑτὸν
3338 3144 3551 3214 ἀληθῶς
3578 3144 3706 3198 ὄντα

2136 3239 2228 3294 τδν
2284 3240 2516 3311 Χριστὸν
2565 3237 2660 3291 τοῦ
2715 3237 2851 3296 Θεοῦ
2901 3239 3140 3310 γνησίως
3196 3238 3704 3310 παραδεδεγμένοις,

2138 3335 2352 3406 πρῶτον
2381 3334 2479 3404 μὲν
2507 3332 2711 3386 πείθειν
2738 3333 2934 3396 αὐτοὺς
2962 3332 3156 3396 δοκεῖν,
3191 3333 3270 3386 ὅτι
3308 3331 3382 3403 μὴ
3421 3331 3592 3396 ἄλλως
3625 3333 3708 3396 είς

2136 3425 2299 3478 αὑτὸν
2333 3421 2761 3479 πεπιστεύκασιν
2789 3423 2822 3495 ἢ
2852 3426 2970 3488 ταῖς
3000 3425 3127 3498 περὶ
3146 3422 3310 3476 αὑτοῦ
3340 3425 3706 3496 προφητικαῖς

2139 3519 2464 3591 μαρτυρίαις
2493 3516 2819 3579 ἀκολούθωςο
2843 3515 3035 3570 ἔπειτα
3065 3515 3207 3569 τοῦτ’
3240 3516 3369 3570 αὐτὸ
3395 3517 3488 3578 καὶ
3518 3517 3705 3581 πᾶσιν,

2135 3604 2215 3672 οἷς
2237 3607 2301 3662 ἂν
2331 3611 2409 3671 είς
2429 3608 2617 3677 λόγους
2643 3608 3018 3664 καταϐαίνοιεν
3047 3607 3463 3681 προϐάλλεσθαι·
3502 3608 3576 3679 μὴ
3599 3607 3708 3680 μὴν

2137 3699 2334 3770 ῥᾳδίως
2378 3699 2439 3752 τὸ
2490 3699 2815 3770 ἐπάγγελμα
2867 3697 3188 3752 πιστοῦσθαι
3240 3701 3358 3764 ταῖς
3401 3697 3708 3766 ἀποδείξεσι

2134 3791 2412 3846 δύνασθαι.
2445 3791 2605 3845 Ὅθεν
2624 3791 2934 3861 ἀναγκαίως
2968 3793 3060 3846 ἐπὶ
3080 3791 3226 3847 τοῦτ’
3246 3792 3376 3845 αὐτὸ
3400 3790 3705 3865 παρελθὼν,

2135 3882 2232 3935 σὺν
2273 3880 2392 3952 Θεῷ
2426 3881 2624 3953 βοηθῷ,
2657 3881 2798 3936 κατά
2838 3882 2905 3936 τὰ
2953 3883 3334 3954 ἐπηγγελμένα
3384 3882 3481 3954 τὴν
3521 3880 3707 3952 ἐντελῆ

2137 3975 2317 4044 πάσης
2345 3974 2444 4045 τῆς
2478 3973 2832 4045 εύαγγελικῆς
2863 3973 3187 4039 ἀποδείξεως
3228 3975 3607 4047 πραγματείαν
3648 3971 3710 4040 ἐξ

2135 4059 2310 4112 αὐτῶν
2350 4061 2571 4115 ἐκείνων
2603 4061 2711 4114 τῶν
2743 4064 2873 4134 παρ’
2928 4061 3199 4135 Ἑϐραίοις
3233 4063 3492 4132 θεολόγων
3529 4079 3707 4135 παρα-

2137 4148 2436 4220 στήσασθαι
2485 4152 2836 4223 πειράσομαι.
2887 4152 3389 4223 Σπουδαιολογεῖται
3431 4153 3486 4208 δέ
3536 4171 3624 4226 μοι
3672 4155 3706 4226 ἡ

2135 4242 2343 4321 γραφὴ,
2380 4242 2477 4314 οὺχ
2518 4242 2593 4306 ὼς
2620 4243 2686 4298 ἄν
2723 4261 2806 4308 τις
2835 4246 2967 4318 φαίη
3002 4245 3142 4299 κατά
3189 4246 3475 4310 Ἰουδαίων,
3507 4246 3706 4314 ἄπαγε,

2136 4330 2396 4402 πολλοῦγε
2444 4335 2538 4387 καὶ
2573 4334 2682 4389 δεῖ’
2721 4336 2856 4408 πρὸς
2883 4337 3060 4391 αὐτῶν
3096 4339 3193 4410 μὲν
3217 4333 3328 4400 οῦν,
3363 4340 3412 4392 εί
3435 4339 3710 4409 εὐγνωμο-

2135 4427 2298 4489 νοῖεν,
2331 4426 2611 4498 τυγχάνειο
2653 4427 2931 4500 συνίστησι
2966 4430 3071 4502 γὰρ
3120 4429 3188 4484 τὰ
3232 4429 3328 4500 μὲν
3369 4428 3708 4500 Χριστιανῶν

2134 4517 2221 4571 διὰ
2253 4519 2350 4589 τῆς
2389 4519 2653 4581 ἀνέκαθεν
2689 4522 3043 4594 προρρήσεως
3091 4521 3510 4592 ἐπιμαρτυρίας,
3547 4519 3618 4575 τά
3660 4520 3709 4576 δ’

459 4613 717 4686 praesenti
755 4628 919 4683 opere
964 4627 994 4666 a
1025 4627 1112 4666 me
1153 4611 1507 4682 impenditur,
1548 4624 1655 4663 non
1699 4605 1902 4662 .ludzeis
1933 4622 2032 4676 op-

2137 4611 2359 4665 ἐκείνων
2393 4613 2480 4666 διὰ
2517 4614 2618 4684 τῆς
2659 4615 2768 4668 τῶν
2805 4616 2934 4688 παρ’
2964 4615 3148 4678 αὐτοῖς
3188 4613 3531 4684 προφητειῶν
3573 4614 3710 4669 ἀπο·-

465 4703 790 4775 pugnandis,
817 4711 876 4756 ut
909 4709 1062 4772 putet
1095 4701 1314 4772 aliquis,
1339 4708 1422 4755 est
1451 4700 1802 4760 destinatum,
1829 4712 2029 4768 apage;

463 4804 674 4850 tantum
715 4795 862 4851 enim
911 4795 980 4849 ab
1016 4795 1121 4849 hoc
1154 4795 1330 4860 abest,
1380 4801 1439 4847 ut
1469 4795 1648 4864 potius
1682 4808 1780 4864 pro
1810 4791 1938 4856 illis,
1983 4791 2032 4846 si

463 4901 652 4940 sanam
707 4893 945 4940 mentem
994 4883 1244 4948 afferant,
1289 4873 1496 4938 faciat:
1537 4883 1715 4937 ﬁrmat
1764 4881 2030 4951 siquidem

459 4981 828 5036 Christianam
865 4996 977 5034 rem
1015 4980 1184 5050 petito
1209 4994 1238 5032 a
1271 4978 1448 5047 longis
1472 4978 1540 5031 ab
1569 4977 1696 5030 hinc
1726 4976 2035 5047 prmdiclio-

460 5074 625 5128 nibus
653 5072 968 5127 testimonio
1003 5090 1015 5125 :
1050 5087 1162 5125 rem
1195 5069 1506 5125 Iudaeorum
1531 5076 1733 5130 autem.
1765 5084 1828 5123 ex
1856 5067 2034 5138 perfe-

458 5173 548 5218 cta
579 5163 986 5235 prophetiarum
1028 5177 1165 5233 quas
1214 5162 1289 5216 illi
1329 5161 1532 5216 habent
1568 5160 1900 5230 impletione.
1934 5157 2034 5213 Ju-

459 5255 607 5310 vabit
658 5270 875 5327 quoque
922 5243 1239 5310 Grzecorum
1275 5251 1414 5306 filios
1455 5251 1570 5306 sive
1617 5250 1890 5314 ethnicos,
1941 5251 2034 5320 qui

461 5347 659 5402 animis
705 5347 843 5402 bene
871 5345 1186 5402 constitutis
1233 5345 1590 5406 accesserint.
1633 5359 1729 5415 per
1758 5345 2036 5398 admiran-

461 5438 586 5494 dam
619 5437 925 5492 futurorum
960 5435 1349 5507 praenotionem
1396 5421 1687 5506 rerumque
1731 5435 2034 5492 secundum

462 5529 846 5601 praedictiones
893 5543 1170 5591 eventum,
1219 5528 1381 5583 simul
1426 5528 1764 5584 ostendendo
1795 5527 2034 5581 divinam

463 5632 626 5690 atque
654 5621 1014 5676 certissimam
1049 5621 1362 5690 dogmatum
1389 5628 1700 5675 nostrorum
1723 5623 2031 5680 veritatem,

465 5711 737 5780 simulque
779 5711 1040 5767 solidiore
1080 5710 1550 5766 demonstratione
1579 5709 1888 5764 obturando
1932 5709 2035 5762 lin-

466 5820 601 5875 guas
634 5818 992 5876 patronorum
1041 5803 1331 5870 mendacii,
1373 5818 1537 5874 quam
1574 5817 1842 5874 nusquam
1875 5802 2034 5857 nobis

468 5908 754 5969 suppetere
811 5895 1147 5953 contendunt
1199 5893 1589 5965 sycophantae,
1651 5893 1812 5950 etiam
1873 5903 2036 5965 atque

2137 4705 2530 4777 τελεσματικῆς
2577 4708 3038 4779 συμπληρώσεως.
3098 4705 3379 4777 Ἀρμόσειε
3422 4707 3466 4760 δ’
3506 4706 3570 4761 ἂν
3613 4706 3707 4760 καὶ

2138 4798 2326 4852 παισὶν
2378 4799 2660 4871 Ἑλλήνων,
2707 4801 2756 4854 εἰ
2798 4801 3205 4870 εύγνωμονοῖεν,
3255 4798 3343 4852 διὰ
3387 4800 3484 4870 τῆς
3531 4816 3710 4870 παρα-

2135 4889 2286 4956 δόξου
2320 4889 2427 4942 τῶν
2468 4891 2767 4960 μελλόντων
2807 4890 3182 4960 προγνώσεως,
3212 4891 3311 4961 τῆς
3335 4908 3394 4948 τε
3421 4891 3529 4944 τῶν
3563 4906 3703 4960 πρα-

2136 4981 2362 5052 γμάτων
2402 4981 2542 5036 κατὰ
2574 4982 2672 5046 τὰς
2702 4984 3034 5054 προρρήσεις
3081 4982 3386 5045 ἐκϐάσεωςο
3432 4981 3564 5052 ὁμοῦ
3609 4981 3708 5045 μὲν

2136 5072 2197 5126 τὸ
2222 5071 2400 5126 ἔνθεον
2437 5074 2530 5126 καὶ
2565 5072 2789 5142 ἀψευδὲς
2820 5074 2918 5144 τῆς
2959 5073 3080 5126 καθ’
3113 5075 3260 5147 ἡμᾶς
3297 5073 3556 5144 ἀληθείας
3592 5073 3710 5125 ἐπι.

2136 5162 2481 5234 δεικνυμένη,
2513 5163 2646 5234 όμοῦ
2681 5164 2735 5216 δὲ
2777 5163 2870 5216 καὶ
2898 5163 2996 5227 τὰς
3019 5163 3126 5219 τῶν
3157 5163 3505 5234 ψευδηγόρων
3537 5160 3710 5231 γλώτ-

2138 5272 2234 5318 τας
2271 5255 2693 5325 ἐπιστομίζουσα
2727 5253 2816 5308 διὰ
2843 5256 2940 5326 τῆς
2970 5255 3331 5327 λογικωτέρας
3363 5253 3706 5318 ἀποδείξεως,

2136 5340 2204 5416 ἦς
2237 5345 2485 5417 οὐδαμῶς
2524 5349 2655 5417 ἡμῖν
2697 5348 2745 5399 oi
2790 5347 3124 5416 συκοφάνται
3156 5349 3394 5417 μετεῖναι
3423 5345 3709 5400 διατείνον-

2135 5454 2245 5502 ται,
2292 5432 2350 5490 εὖ
2404 5439 2546 5508 μάλα
2587 5437 2856 5508 ὁσημέραι
2901 5440 3020 5501 ταῖς
3062 5437 3180 5490 καθ’
3212 5437 3369 5509 ἡμῶν
3409 5433 3708 5506 διατριϐαῖς

2138 5528 2479 5599 κατακράτος
2513 5527 2974 5598 ἐπεντριϐόμενοι.
3009 5525 3173 5579 Οὐδὲν
3201 5524 3332 5594 γοῦν
3371 5525 3516 5594 ἡμᾶς
3551 5520 3709 5576 δύνα-

2140 5618 2261 5671 σθαί
2305 5605 2435 5688 φασι
2476 5617 2540 5670 δι’
2569 5618 2894 5684 ἀποδείξεως
2937 5618 3215 5689 παρέχειν,
3260 5604 3436 5670 πίστει
3474 5613 3530 5667 δέ
3571 5613 3708 5686 μόνῃ

2138 5711 2424 5782 προσέχειν
2457 5710 2638 5777 ἀξιοῦν
2683 5713 2808 5776 τοὺς
2857 5713 2988 5782 ἡμῖν
3039 5711 3378 5782 προσιόντας.
3431 5707 3539 5761 Καὶ
3572 5704 3708 5777 πρὸς

2137 5799 2230 5857 οὖν
2269 5805 2367 5875 τὴν
2406 5805 2660 5875 τοιαύτην
2695 5803 2944 5876 διαϐολὴν
2977 5804 3075 5856 οὐκ
3105 5803 3171 5867 ἂν
3197 5800 3405 5871 γένοιτο
3432 5800 3561 5870 ἡμῖν
3589 5796 3708 5863 ἀλο-

2143 5914 2234 5965 γος
2271 5897 2301 5967 ὴ
2339 5897 2585 5969 παροῦσα
2619 5895 2984 5970 πραγματεία.
3008 5895 3114 5950 Ναὶ
3144 5894 3248 5967 μὴν
3282 5894 3371 5946 καὶ
3399 5891 3505 5945 τῶν
3535 5889 3706 5948 ἀθέων
