4018 6536
296 447 356 501 2|
1178 433 1832 491 DEMONSTRATIONIS
1869 429 2329 488 EVANGELICAE
2370 429 2500 483 LIB.
2530 428 2573 484 ἰ.
3470 424 3541 477 Q2

294 562 561 635 αἱρέσεων
581 559 675 624 τὰς
706 559 848 613 κατὰ
878 558 985 612 τῶν
1018 558 1176 611 θείων
1209 556 1502 630 προφητῶν
1526 556 1867 627 ψευδοδοξίας

1970 553 2132 608 etiam
2176 550 2419 623 quotidie
2469 547 2726 605 omnibus
2768 545 2978 600 viribus
3011 544 3232 616 quando
3276 543 3542 596 adversus

294 671 347 707 τε
388 652 483 706 καὶ
527 652 873 724 βλασφημίας
910 650 1196 719 άπελέγξει
1236 650 1322 703 διὰ
1368 653 1466 722 τῆς
1504 650 1638 721 πρὸς
1675 648 1742 702 τὰ
1776 648 1868 701 νέα

292 746 395 799 τῶν
436 744 685 799 παλαιῶν
722 743 1056 814 συμφωνίας.
1105 741 1214 812 Τὴν
1263 742 1359 812 μὲν
1404 737 1494 794 οὖν
1532 738 1869 811 μακροτέραν

293 839 381 890 καί
428 836 735 906 διεξοδικὴν
780 835 886 889 τῶν
934 832 1287 905 προφητικῶν
1333 832 1522 902 φωνῶν
1577 832 1870 903 ἑρμηνείαν

291 925 453 980 τανῦν
487 928 517 979 ό
548 926 702 993 λόγος
731 923 1117 995 ὑπερϐήσεται,
1153 926 1265 988 τοῖς
1299 923 1640 994 βουλομένοις
1668 923 1871 977 τούτων

291 1014 569 1081 ἐξετάζειν
599 1013 937 1077 καταλιπὼν,
972 1008 1075 1067 οἷοί
1122 1016 1166 1067 τ’
1204 1014 1270 1068 ἂν
1309 1016 1481 1067 εἰπεῖν
1511 1016 1601 1069 τὸν
1649 1014 1865 1085 τρόπον.

289 1111 608 1180 Διδασκάλῳ
628 1110 686 1163 δὲ
706 1108 982 1181 χρώμενος
1004 1107 1421 1179 παραγγέλματι
1442 1107 1570 1178 θείῳ
1589 1108 1867 1175 φάσκοντι,

294 1221 311 1253 ι
340 1201 741 1271 Κεφαλαίωσον
765 1205 823 1255 ὲν
843 1200 1041 1269 ὀλίγοις
1064 1200 1252 1263 πολλὰ,
1295 1220 1312 1253 ι
1342 1199 1498 1253 τοῦτο
1522 1198 1759 1271 ζηλῶσαι
1785 1216 1871 1269 φι-

287 1297 663 1367 λοτιμήσεταιο
693 1295 823 1347 αὐτὸ
854 1294 1012 1365 μόνον
1033 1293 1285 1366 ἀφορμὰς
1306 1292 1403 1362 τῆς
1434 1294 1513 1355 είς
1530 1293 1654 1355 τοὺς
1675 1292 1870 1354 τόπους

286 1389 547 1460 θεωρίας,
580 1389 675 1441 καὶ
699 1387 807 1440 τῶν
841 1389 919 1450 είς
945 1387 1003 1439 τὸ
1028 1386 1384 1456 προκείμενον
1415 1383 1865 1452 κατεπειγόντων,

284 1481 377 1550 τὴν
417 1481 502 1541 εἰς
546 1480 609 1532 τὸ
655 1479 821 1547 σαφὲς
866 1476 1159 1549 ἑρμηνείαν
1202 1474 1665 1546 παραθησόμενος.
1718 1474 1871 1537 Ἅλις

288 1571 381 1640 μὲν
406 1570 473 1640 δὴ
504 1570 834 1640 προοιμίων·
858 1569 961 1640 ἤδη
991 1568 1045 1621 δὲ
1080 1567 1173 1620 καὶ
1207 1565 1313 1619 τῶν
1354 1566 1675 1630 ἀποδείξεων
1709 1564 1869 1637 ἄρξο-

290 1680 405 1733 μαι.
470 1661 698 1731 Ἐπειδὴ
733 1660 898 1724 πολὺς
936 1656 1003 1731 ἦν
1041 1659 1311 1731 ἐπιρρέων
1354 1659 1474 1712 καθ’
1516 1658 1671 1729 ἡμῶν
1708 1661 1735 1712 ό
1761 1658 1868 1712 τῶν

287 1755 642 1823 συκοφαντῶν
675 1753 850 1823 ὄχλος,
897 1753 1061 1823 μηδὲν
1090 1752 1347 1806 δύνασθαι
1388 1752 1609 1819 φάσκων
1646 1751 1710 1804 δι’
1737 1752 1870 1804 ἁπο-

283 1843 501 1910 δείξεων
525 1845 759 1915 ἐναργὲς
791 1843 1050 1913 ἀληθείας
1076 1844 1332 1913 παρέχειν
1360 1842 1577 1912 δεῖγμα,
1609 1842 1786 1894 πίστει
1810 1841 1867 1893 δὲ

1970 661 2072 701 nos
2101 646 2400 715 disputant,
2436 643 2630 697 huicce
2654 639 2973 695 insistentes
3004 636 3331 697 causationi,
3367 642 3426 687 ut
3467 633 3542 686 di-

1972 749 2119 801 cant,
2161 737 2297 791 nihil
2337 750 2439 789 nos
2472 749 2633 805 posse
2672 731 3137 786 demonstratione
3170 728 3409 786 firmare.
3446 723 3542 779 sed

1970 838 2180 883 tantum
2214 830 2283 883 ab
2317 828 2386 882 iis
2414 827 2505 897 qui
2542 825 2609 879 ad
2637 840 2739 879 nos
2764 824 3031 878 accedunt
3059 820 3214 875 ﬁdem
3238 816 3542 873 habendam

1970 922 2202 992 exigere.
2238 919 2340 974 Cui
2385 918 2673 973 calumnia
2728 915 3080 972 retuntlendze
3127 927 3235 967 non
3289 912 3543 980 inoppor-

1971 1018 2103 1065 tuna
2145 1026 2384 1081 praesens
2420 1008 2674 1063 tractatio
2712 1006 2895 1061 futura
2930 1013 3035 1071 est,
3081 1001 3176 1058 sed
3221 1010 3276 1057 et
3318 1007 3542 1056 ostensa

1969 1118 2234 1157 novorum
2265 1116 2388 1155 cum
2425 1099 2703 1154 veteribus
2727 1096 3019 1152 concordia
3050 1094 3340 1163 impiarum
3370 1089 3544 1143 luere-

1971 1195 2135 1259 sium,
2173 1193 2339 1248 falsas
2365 1191 2651 1262 opiniones
2687 1195 2741 1243 et
2762 1186 3128 1257 blasphemias
3168 1183 3433 1237 adversus
3461 1179 3545 1233 di-

1972 1285 2129 1339 vinos
2170 1284 2465 1354 prephetas
2512 1279 2755 1354 profecto
2787 1278 3047 1332 revincct.
3088 1272 3414 1344 Longiorem
3445 1284 3546 1323 au-

1969 1386 2077 1431 tem
2107 1386 2162 1432 et
2184 1377 2489 1432 uberiorem
2518 1371 2957 1445 pr0pheticarum
2989 1383 3182 1423 vocum
3227 1363 3545 1435 explicatio-

1970 1485 2093 1524 nem
2140 1468 2393 1539 praesenti
2451 1481 2615 1537 opere
2669 1462 3073 1534 praetermittam
3118 1460 3335 1528 illisque
3378 1457 3544 1510 relin-

1970 1577 2155 1633 quam,
2188 1561 2280 1631 qui
2314 1562 2412 1617 has
2460 1560 2625 1614 altius
2677 1556 2911 1612 serutari
2950 1553 3239 1615 voluerint,
3272 1560 3433 1621 atque
3475 1549 3544 1604 ad

1970 1655 2073 1709 hoc
2104 1654 2493 1725 perficiendum
2525 1650 2726 1706 fuerint
2757 1647 2957 1703 idonei.
2991 1645 3104 1717 Ego
3147 1652 3327 1699 autem
3359 1642 3544 1697 divino

1968 1755 2241 1817 praecepto
2297 1746 2563 1816 magistro
2624 1757 2825 1798 usurus
2889 1757 3033 1804 sum,
3093 1738 3238 1809 quod
3300 1756 3317 1788 ι
3355 1737 3544 1807 paucis

1970 1840 2139 1894 multa
2172 1837 2635 1908 comprehendere
2670 1855 2688 1888 ι
2717 1836 2733 1865 ¹
2766 1835 2945 1904 jubet,
2983 1833 3147 1903 idque
3170 1830 3370 1886 sectari
3394 1828 3542 1883 omni

286 1936 420 2009 μόνῃ
447 1936 747 2008 προσέχειν
777 1934 962 1999 ἀξιοῦν
985 1936 1109 1997 τοὺς
1130 1925 1259 2004 ἡμῖν
1282 1934 1620 2005 προσιόντας,
1645 1933 1865 1996 τούτους

1971 1929 2150 1985 studio
2191 1931 2428 1992 annitar,
2461 1928 2839 1983 tantummodo
2869 1925 3176 1988 additurus,
3205 1938 3325 1994 qua:
3355 1936 3545 1977 ansam

280 2028 332 2080 δὲ
361 2028 458 2081 καὶ⁵
489 2025 707 2081 πείθειν
741 2026 890 2079 οὐδὲν
930 2024 1109 2088 πλέον,
1148 2024 1179 2095 ἢ
1215 2025 1354 2092 σφᾶς
1387 2025 1583 2086 αὐτοὺς
1614 2022 1867 2094 θρεμμά-

283 2137 383 2174 των
403 2120 628 2188 ἀλόγων
655 2120 808 2189 δίκην
840 2118 1132 2188 μύσαντας,
1163 2116 1256 2170 καὶ
1278 2113 1335 2169 εὖ
1360 2115 1616 2187 ἀνδρείως
1643 2115 1867 2169 ἕπεσθαι

281 2210 382 2264 δεῖν
414 2211 797 2277 ἀνεξετάστως
832 2208 1002 2262 ἆπασι
1038 2210 1148 2271 τοῖς
1185 2209 1313 2279 παρ’
1341 2205 1494 2277 ἡμῶν
1537 2206 1865 2276 λεγομένοις,

283 2304 403 2374 παρ’
438 2303 467 2355 ὃ
500 2304 606 2356 καὶ
654 2302 877 2363 πιστοὺς
923 2298 1278 2373 χρηματίζειν
1323 2299 1420 2369 τῆς
1470 2298 1663 2366 ἀλόγου
1710 2298 1868 2369 χάριν

281 2394 539 2458 πίστεωςο
584 2393 810 2456 εἰκότως
837 2391 1023 2445 διελὼν
1051 2391 1149 2454 τὰς
1191 2389 1311 2444 καθ’
1344 2390 1499 2461 ἡμῶν
1526 2389 1778 2451 διαϐολὰς
1813 2391 1869 2441 ἐν

279 2489 338 2557 τῇ
386 2488 834 2557 προπαρασκευῇ
882 2484 976 2537 τοῦ
1030 2483 1229 2546 παντὸς
1281 2482 1461 2551 λόγου,
1510 2481 1731 2554 πρώτην
1771 2481 1869 2551 μὲν

278 2577 367 2648 τὴν
411 2576 524 2628 τῶν
581 2574 857 2628 πολυθέων
887 2572 1152 2643 ἐξεθέμην
1186 2571 1376 2635 ἐθνῶν,
1426 2570 1868 2639 επεγκαλούντων

278 2672 424 2739 ἡμῖν,
464 2670 562 2722 δτι
598 2667 663 2739 δὴ
697 2667 804 2719 τῶν
841 2664 1085 2737 πατρίων
1111 2664 1247 2717 θεῶν
1275 2663 1575 2718 ἀποστάται
1604 2663 1869 2734 κατέστης

284 2779 393 2832 μεν,
446 2764 555 2815 ἐπὶ
605 2762 747 2831 μέγα
794 2761 1049 2829 φαμένων
1097 2775 1177 2822 τε,
1235 2758 1316 2810 ὃτι
1362 2756 1430 2810 τὰ
1463 2754 1711 2827 βάρϐαρα
1760 2754 1870 2807 τῶν

290 2854 565 2924 Ἑλλήνων
598 2854 1099 2926 προτετιμήκαμεν,
1133 2850 1203 2903 τὰ
1232 2849 1359 2920 παρ’
1401 2848 1667 2918 Ἑϐραίοις
1691 2848 1870 2899 ἀσπα-

285 2947 499 3017 σάμενοι
536 2945 715 3013 λόγια·
736 2944 992 3016 δευτέραν
1020 2941 1192 3011 δὲτὴν
1223 2940 1400 2994 αὐτῶν
1443 2938 1709 2992 Ἰουδαίων
1739 2955 1869 2991 κατ-

279 3039 523 3111 ηγορίαν,
578 3037 646 3090 δι’
680 3030 749 3107 ἧς
797 3036 892 3089 καὶ
933 3035 1089 3088 αὐτοὶ
1121 3030 1331 3097 δόξαιεν
1369 3032 1435 3085 ἂν
1477 3032 1608 3101 ἡμῖν
1646 3028 1867 3092 ἐνδίκως

280 3127 725 3202 ἐπιμέμφεσθαι,
759 3128 841 3181 ὅτι
869 3126 933 3197 δὴ
964 3128 1082 3188 ταῖς
1105 3124 1282 3179 αὐτῶν
1313 3125 1555 3195 Γραφαῖς
1583 3119 1868 3193 καταχρώ-

281 3240 445 3292 μενοι.
474 3223 545 3275 οὑ
574 3221 664 3274 τὸν
691 3221 878 3291 ὅμοιον
905 3219 1088 3280 αὐτοῖς
1121 3218 1349 3288 μέτιμεν
1370 3214 1463 3268 τοῦ
1500 3213 1615 3285 βίου
1642 3213 1864 3286 τρόπον.

1972 2024 2250 2093 praebeant
2291 2021 2713 2076 considerandis
2747 2030 2801 2073 et
2827 2016 3194 2089 intelligendis
3232 2017 3388 2079 locis,
3422 2030 3547 2086 per-

1968 2114 2325 2184 spicuamque
2360 2127 2549 2166 eorum
2578 2128 2697 2181 quae
2731 2111 2796 2165 ad
2840 2112 3177 2181 propositum
3212 2109 3418 2163 faciunt
3462 2107 3549 2161 ἰυ-

1968 2206 2412 2273 terpretationem
2442 2205 2699 2259 exhibere
2743 2215 2965 2274 queant.
3006 2202 3111 2258 Sed
3154 2202 3544 2273 prooemiorum

1966 2298 2187 2367 quidem
2242 2299 2376 2352 satis
2413 2298 2565 2363 :jatn
2604 2298 3104 2352 demonstrationes
3151 2296 3320 2350 ordiri
3368 2295 3542 2364 juvat.

1967 2390 2103 2445 Cum
2134 2390 2280 2444 enim
2317 2390 2576 2459 frequens
2609 2390 2768 2444 nobis
2800 2390 3150 2444 insultaverit
3188 2387 3547 2460 syc0phanta-

1967 2498 2087 2537 rum
2138 2482 2452 2548 multitudo,
2496 2481 2881 2536 aliirmantium
2925 2482 3062 2536 nihil
3100 2497 3201 2537 nos
3236 2495 3396 2550 posse
3440 2480 3550 2534 evi-

1966 2574 2117 2629 denti
2154 2576 2399 2630 veritatis
2435 2576 2753 2630 ostensione
2779 2575 3179 2637 demonstrare,
3209 2574 3301 2630 sed
3332 2581 3544 2626 tantum

1967 2664 2127 2729 velle,
2162 2672 2221 2718 ut
2248 2665 2473 2719 credant
2502 2664 2596 2734 qui
2632 2664 2699 2718 ad
2744 2679 2845 2719 nos
2872 2664 3115 2729 veniunt,
3161 2672 3323 2733 atque
3354 2664 3428 2717 ita
3465 2671 3550 2715 at-

1969 2754 2194 2809 tendant
2229 2774 2241 2809 :
2276 2771 2455 2825 neque
2509 2755 2657 2809 aliud
2712 2756 3010 2826 quidquam
3066 2755 3174 2810 illis
3221 2768 3547 2825 persuasum

1969 2848 2057 2908 iri,
2089 2864 2250 2919 quam
2281 2850 2640 2904 utbrutorum
2660 2864 2917 2919 pecorum
2942 2863 3111 2913 more,
3142 2863 3289 2903 caeco
3317 2847 3546 2918 impetu,

1970 2938 2219 3009 nihilque
2256 2940 2640 2996 examinantes
2680 2946 2903 2995 strenue
2944 2939 3322 3010 obsequantur
3367 2937 3548 2992 omni-

1967 3029 2072 3085 bus
2097 3046 2437 3101 quaecunque
2481 3047 2511 3085 a
2541 3030 2703 3086 nobis
2733 3030 3018 3096 dicuntur,
3049 3029 3191 3085 unde
3220 3030 3385 3085 etiam
3415 3028 3548 3083 fide-

1968 3121 2049 3177 les
2106 3123 2223 3178 sive
2265 3123 2522 3179 credulos
2576 3123 2645 3177 ab
2700 3122 2857 3178 bruta
2910 3123 3237 3178 credulitate
3285 3122 3547 3193 appellari

1969 3213 2272 3284 contingat.
2319 3212 2455 3268 llinc
2504 3229 2616 3269 non
2659 3212 2729 3268 ab
2761 3229 2821 3269 re
2873 3213 3194 3269 dividendas
3232 3228 3353 3284 qua:
3388 3213 3549 3273 nobis

282 3314 493 3367 Τούτων
520 3313 575 3365 δ’
606 3312 778 3375 οὕτως
807 3313 937 3383 ἡμῖν
970 3308 1453 3381 διευκρινημένων,
1483 3308 1617 3378 πρὸς
1646 3305 1741 3377 μὲν
1767 3304 1866 3379 τὴν

1970 3305 2311 3375 objiciuntur
2350 3307 2657 3362 calumnias
2684 3307 3017 3371 existimavi,
3054 3316 3216 3377 atque
3247 3308 3300 3361 in
3332 3322 3547 3377 praepa-

283 3406 524 3476 πρώτην,
553 3403 629 3468 ὼς
644 3398 754 3458 οἶόν
780 3421 839 3456 τε
862 3399 951 3473 ἦν,
972 3402 1058 3455 διὰ
1082 3403 1180 3471 τῆς
1206 3399 1617 3470 Εὑαγγελικῆς
1643 3402 1870 3467 Προπ-

278 3495 590 3565 ρασκευῆς
621 3495 1035 3566 ἁπηντήσαμεν,
1082 3491 1337 3563 ’Έλληνες
1371 3491 1470 3562 μὲν
1503 3487 1641 3544 εἶναι
1676 3491 1867 3562 τοπρὶν

280 3585 732 3657 ὁμολογήσαντες,
757 3585 852 3639 καὶ
880 3583 940 3648 ἐξ
960 3585 1161 3654 ἐτέρων
1184 3580 1352 3635 ἐθνῶν
1384 3580 1454 3635 τά
1484 3581 1751 3653 Ἐλλήνων
1778 3599 1870 3634 πε-

281 3676 640 3745 φρονηκότες,
684 3676 749 3727 ὲκ
790 3673 1046 3746 πατέρων
1089 3689 1147 3726 τε
1187 3675 1255 3743 τῇ
1302 3671 1545 3741 πολυθέῳ
1578 3670 1757 3741 πλάνῃ
1784 3671 1868 3724 δε-

280 3765 628 3839 δονλωμένοι⁸
672 3766 735 3819 οὐ
785 3765 892 3838 μὴν
944 3765 1123 3836 μέντοι
1171 3766 1349 3835 ἀλόγῳ
1396 3765 1487 3817 καὶ⁵
1531 3763 1868 3832 άνεξετάστῳ

281 3858 437 3930 ὁρμῇ,
468 3858 661 3930 κρίσει
689 3858 745 3911 δὲ
772 3859 863 3911 καὶ
891 3857 1127 3929 σώφρονι
1161 3856 1404 3927 λογισμῷ
1438 3856 1865 3927 μετατιθέμενοι,

280 3951 370 4021 τήν
398 3969 460 4005 τε
486 3951 630 4022 περὶ
656 3950 724 4003 τὰ
764 3949 1029 4022 Ἑϐραίων
1062 3949 1217 4018 λόγια
1259 3949 1495 4019 σπουδὴν
1525 3948 1869 4019 κεκριμένως

280 4045 403 4111 ἡμῖν
428 4042 533 4094 καὶ
562 4041 800 4109 εὐλόγως
831 4039 1205 4111 γεγενημένην
1228 4042 1696 4112 παραστήσαντες.
1725 4039 1868 4110 Πρὸς

281 4133 457 4205 δὲτὴν
500 4134 771 4205 δευτέραν
799 4133 920 4204 ὥρα
947 4133 1040 4188 νῦν
1081 4132 1409 4205 φράξασθαι,
1458 4135 1552 4186 καὶ
1590 4133 1650 4185 τὸ
1685 4132 1868 4186 λεῖπον

283 4228 529 4282 ἐπελθεῖν
572 4228 816 4298 σκέμμα·
852 4228 1011 4281 τοῦτο
1041 4227 1084 4280 δ’
1114 4224 1183 4299 ἦν
1224 4228 1358 4298 πρὸς
1394 4229 1520 4289 τοὺς
1552 4230 1615 4280 ἐκ
1648 4244 1867 4299 περιτο-

285 4322 404 4391 μῆς,
419 4320 583 4374 οὔπω
611 4322 705 4373 καὶ
726 4320 819 4375 νῦν
842 4319 1229 4392 ἐξητασμένον,
1270 4319 1502 4374 ἐνταῦθα
1524 4320 1581 4373 δέ
1613 4337 1710 4374 που
1729 4321 1869 4374 κατὰ

282 4415 462 4483 καιρὸν
482 4416 548 4466 ὲν
566 4415 680 4476 τοῖς
709 4412 1162 4483 σπουδαζομένας
1176 4412 1275 4483 τῆς
1300 4412 1712 4481 Εὐαγγελικῆς
1725 4413 1857 4466 ἀπο·

281 4503 525 4573 δείξεως
556 4504 769 4576 ἀναπλη
780 4504 1178 4576 ρωθησόμενον.
1203 4504 1337 4575 Φέρε
1354 4500 1468 4570 οὖν,
1501 4505 1590 4557 τὸν
1614 4504 1868 4559 ἁπάντων

296 4601 570 4654 Ἰουδαίων
598 4616 659 4654 τε
692 4599 787 4651 καὶ
837 4598 1105 4669 Ἐλλήνων
1139 4597 1272 4651 Θεὸν
1302 4598 1369 4650 δι’
1410 4596 1573 4650 αὑτοῦ
1619 4596 1714 4650 τοῦ
1757 4598 1869 4650 Σω-

284 4690 442 4761 τῆρος
472 4688 637 4760 ἡμῶν
674 4689 1148 4760 ἐπικαλεσάμενοι,
1184 4687 1400 4759 πρῶτον
1436 4690 1615 4741 έκεῖνο
1652 4686 1867 4740 διασκε-

283 4782 537 4854 ψὼμεθα,
564 4784 647 4847 τίς
667 4785 695 4836 ὁ
713 4772 914 4855 τρόπος
940 4781 1198 4851 τυγχάνει
1227 4780 1328 4850 τῆς
1354 4779 1475 4833 καθ’
1501 4781 1647 4851 ἡμᾶς
1669 4780 1866 4844 αὐτοὺς

288 4870 625 4935 θεοσεὸείας⁹
682 4874 740 4926 ἐν
789 4870 973 4942 ταυτῷ
1018 4870 1074 4923 δὲ
1122 4872 1217 4925 καὶ
1263 4869 1371 4924 τῶν
1424 4870 1867 4942 ἐπιζητουμένων

291 4967 539 5023 ἁπάντων
570 4968 904 5039 ἐπιθήσομεν
934 4966 1033 5031 τὰς
1066 4968 1268 5030 λύσεις.

1971 3401 2183 3455 ratione
2222 3401 2463 3455 universi
2493 3402 2695 3471 operis,
2730 3401 2907 3471 primo
2943 3402 3161 3470 quidem
3206 3402 3349 3465 loco,
3399 3402 3544 3456 illam

1971 3494 2212 3565 gentium
2248 3493 2449 3548 multos
2493 3493 2786 3548 colentium
2821 3494 2952 3547 deos
2982 3495 3233 3563 exposui,
3265 3496 3356 3563 qui
3390 3495 3550 3549 nobis

1969 3592 2188 3639 vertunt
2224 3585 2378 3649 vitio,
2424 3586 2569 3655 quod
2618 3586 2918 3655 patriorum
2962 3585 3191 3639 deorum
3238 3585 3549 3641 desertores

1971 3675 2101 3731 facti
2154 3692 2381 3741 sumus,
2429 3686 2485 3733 et
2525 3687 2789 3748 tanquam
2836 3692 3093 3748 magnum
3147 3677 3351 3747 aliquid
3399 3678 3551 3748 obje-

1969 3773 2146 3835 ctant,
2176 3767 2324 3837 quod
2351 3767 2585 3823 barbara
2612 3768 3186 3839 Gracisprwtulimus
3210 3777 3264 3823 et
3296 3768 3553 3824 Hebraeo—

1970 3874 2092 3913 rum
2132 3860 2357 3915 oracula
2393 3860 2597 3915 fuimus
2636 3862 2886 3932 amplexi.
2926 3861 3167 3915 Alteram
3201 3878 3329 3917 vero
3369 3864 3552 3918 crimi-

1970 3951 2245 4007 nationem
2274 3952 2480 4007 illatam
2506 3968 2535 4008 a
2559 3952 2784 4019 Judaeis,
2820 3968 2926 4024 qua
2957 3962 3011 4009 et
3040 3954 3143 4024 ipsi
3174 3952 3428 4009 videntur
3448 3970 3551 4008 nos

1970 4043 2116 4098 haud
2158 4044 2360 4115 injuria
2406 4044 2826 4117 reprehendere,
2870 4046 3014 4116 quod
3066 4049 3426 4118 ipsorummet
3471 4062 3553 4101 sa-

1970 4136 2082 4192 cris
2112 4138 2195 4192 usi
2228 4138 2448 4201 litteris,
2479 4152 2590 4191 non
2630 4146 2811 4193 tamen
2850 4138 3097 4194 eamdem
3123 4138 3248 4194 vita:
3282 4140 3549 4193 rationem

1970 4238 2267 4286 sectamur.
2303 4230 2441 4285 Cum
2477 4231 2591 4285 haec
2623 4229 2785 4301 igitur
2824 4232 2901 4285 ita
2949 4232 3206 4287 distincte
3234 4232 3481 4302 exposita
3520 4245 3550 4283 a

1970 4324 2129 4379 nobis
2174 4324 2394 4388 fuerint,
2443 4324 2613 4394 priori
2653 4325 2873 4396 quidem
2925 4324 3318 4389 criminationi,
3356 4331 3414 4377 ut
3460 4337 3549 4378 res

1974 4413 2117 4480 tulit,
2154 4414 2210 4468 in
2243 4412 2647 4483 Prwparatione
2684 4414 2998 4484 Evangelica
3018 4416 3384 4477 occurrimus,
3423 4431 3551 4469 con-

1972 4501 2101 4557 fessi
2147 4503 2396 4559 ethnicos
2444 4504 2602 4559 initio
2647 4520 2748 4560 nos
2783 4504 2956 4560 fuisse
3007 4513 3174 4576 atque
3218 4521 3286 4560 ex
3334 4504 3550 4561 caeteris

1972 4596 2250 4666 gentibus,
2299 4596 2520 4655 Graecos
2556 4613 2860 4669 eorumque
2902 4598 3189 4669 opiniones
3218 4600 3548 4670 praetulisse,

1973 4697 2134 4760 atque
2175 4706 2204 4743 a
2230 4692 2547 4760 parentibus
2576 4695 2751 4749 errori
2796 4695 2998 4749 multos
3030 4693 3231 4748 colenti
3264 4692 3397 4749 deos
3436 4708 3553 4749 ser-

1973 4784 2157 4838 viisse.
2211 4782 2538 4855 Neutiquam
2599 4796 2779 4843 autem
2832 4789 3030 4843 insano
3082 4788 3285 4858 impetu
3337 4796 3392 4842 et
3434 4786 3554 4841 sine

1973 4877 2226 4933 examine
2271 4894 2371 4934 nos
2412 4889 2656 4937 mutasse
2706 4884 3055 4947 sententiam,
3104 4883 3199 4937 sed
3225 4880 3435 4951 judicio
3464 4895 3554 4933 so-

1978 4971 2207 5043 briaque
2246 4975 2479 5042 ratione,
2516 4975 2756 5031 studium
2782 4976 3177 5031 Hebraicorum
3204 4970 3551 5028 oraculorum

289 5067 566 5139 amplexos
601 5067 855 5137 prudenti
904 5064 1215 5135 cognitione
1260 5069 1314 5117 et
1360 5078 1495 5120 sano
1528 5064 1761 5120 consilio
1812 5063 1866 5119 id
1895 5081 1998 5123 nos
2051 5068 2248 5125 fecisse
2309 5072 2618 5129 dOCIIImUS.
2680 5056 2957 5129 Adversus
2989 5073 3213 5127 alteram
3256 5083 3417 5139 porro
3445 5068 3553 5120 cri-

291 5166 638 5219 minationem
667 5178 779 5233 jam
837 5178 937 5218 nos
981 5174 1196 5217 armare
1237 5168 1453 5230 tempus
1499 5168 1603 5226 est,
1650 5168 1706 5217 et
1756 5163 1901 5233 quod
1960 5174 2210 5235 superest
2247 5169 2564 5238 certaminis
2611 5172 2803 5226 ouire:
2841 5177 2926 5225 est
2975 5176 3154 5221 autem
3186 5165 3289 5219 hoc
3330 5178 3454 5219 cum
3485 5162 3553 5218 iis

290 5262 371 5329 qui
416 5277 485 5315 ex
515 5260 939 5315 circumcisione
970 5269 1119 5323 sunt,
1153 5260 1393 5315 nondum
1442 5257 1628 5315 adhuc
1663 5274 1693 5313 a
1736 5260 1896 5316 nobis
1949 5263 2308 5328 exantlatum,
2366 5266 2619 5335 pragsenti
2656 5276 2837 5320 autem
2881 5262 3205 5318 tractatione
3243 5266 3552 5329 opportune

295 5354 343 5407 in
395 5353 484 5409 his
537 5355 630 5423 qui
692 5368 802 5423 pra:
859 5355 1115 5409 manibus
1169 5364 1320 5422 sunt,
1378 5356 1858 5412 Demonstrationis
1914 5355 2243 5429 Evangeh'cce
2289 5360 2444 5417 libris
2492 5361 2907 5417 absolvendum.
2981 5359 3095 5428 Age
3141 5357 3337 5430 igitur.
3403 5368 3553 5408 com-

292 5449 437 5502 muni
493 5448 587 5502 illo
653 5449 895 5502 omnium
944 5447 1257 5505 Judmorum
1306 5453 1512 5522 pariter
1560 5468 1624 5508 ac
1656 5454 1897 5526 gentium
1952 5452 2080 5519 Deo,
2119 5469 2217 5524 per
2263 5455 2557 5524 ipsummet
2607 5455 2945 5510 Salvatorem
2987 5459 3236 5509 nostrum
3276 5450 3549 5513 invocato,

296 5546 521 5612 primum
567 5544 702 5598 illud
747 5545 1117 5615 inquiremus,
1170 5549 1394 5618 quinam
1452 5550 1649 5605 modus
1701 5559 1755 5604 et
1809 5566 1930 5620 qua:
1969 5550 2110 5604 ratio
2162 5551 2343 5604 cultus
2397 5552 2574 5606 nostri
2632 5551 2702 5605 sit
2748 5564 2856 5621 quo
2902 5548 3072 5604 Deum
3127 5544 3550 5617 prosequimur:

296 5656 415 5695 cum
452 5641 552 5695 hoc
588 5639 707 5710 ipso
734 5639 882 5697 enim
925 5651 977 5698 et
1007 5643 1346 5716 singulorum
1406 5660 1529 5715 quae
1567 5654 1797 5716 possunt
1835 5645 1889 5701 in
1930 5646 2286 5717 quaestionem
2326 5644 2530 5711 venire,
2573 5645 2902 5700 solutionem
2938 5642 3320 5714 adjungemus.

370 5909 392 5944 ι
428 5907 591 5966 Rccli.
656 5928 838 5979 xxx”;
882 5912 953 5969 al.
999 5929 1162 5976 xxxv,
1208 5915 1292 5969 ll.
