4018 6520
460 434 531 490 95
1116 433 1380 489 EUSEBH
1409 433 1888 490 CESARIENSIS
1926 436 2075 492 OPP.
2118 434 2296 490 PARS
2335 435 2396 487 ll.
2432 467 2498 477 --
2528 433 3030 492 APOLOGETICA.
3619 440 3686 489 lt

1085 543 1314 600 CAPUT
1357 545 1420 598 ll.

2097 595 2103 606 .
2649 548 3037 601 ΚΕΦΑΛΑΙΟΝ
3086 549 3159 600 B'.

460 658 691 720 Quinam
737 660 809 709 sit
860 663 1043 710 modus
1102 658 1304 711 colendi
1369 657 1461 714 Dei
1521 675 1585 714 ex
1632 659 1995 716 Christianism

2275 661 2367 726 Τίς
2396 664 2428 714 ὀ
2457 675 2603 714 κατα
2629 660 2735 714 τὸν
2762 662 3227 730 Χριστιανισμὸν
3252 663 3560 728 εὐσεϐείας

1080 730 1406 797 praescripto.

2765 735 2999 799 τρόπος.

525 815 645 870 Jarn
683 817 838 887 prius
870 818 1088 888 quidem
1137 835 1167 872 a
1209 837 1292 874 me
1329 821 1383 874 in
1422 821 1819 890 Prwparatione
1849 823 1995 877 Euan

2197 824 2424 895 Εἴρηται
2460 822 2558 893 μὲν
2603 823 2703 894 ’ήδη
2748 824 2840 876 καὶ
2877 824 3140 896 πρότερον
3181 825 3239 878 ἐν
3275 827 3340 894 τῇ
3380 826 3694 892 Προπαριι-

455 910 627 978 gelica
654 910 859 966 dictum
902 920 1006 978 est,
1049 912 1193 982 quod
1219 913 1676 976 Christianismus
1716 931 1815 970 nec
1842 917 1993 971 ethni

2122 912 2336 981 σκευῇ,
2382 913 2455 976 ὡς
2498 914 2527 965 ό
2572 912 2998 983 Χριστιανισμὺς
3047 911 3170 966 οὕτε
3215 911 3561 984 Ἑλληνισμός
3612 913 3692 975 τίς

459 1005 668 1060 eismus
699 1006 772 1059 sit
799 1020 900 1060 nec
927 1004 1264 1070 Judaismus,
1297 1007 1390 1060 sed
1432 1007 1704 1076 propriam
1729 1009 1995 1077 quamdau

2115 1007 2268 1057 ἐστιν
2307 1003 2430 1057 οὔτε
2489 1002 2848 1074 Ἰουδαῖσμὸς,
2895 1006 3090 1057 οἰκεῖον
3132 1004 3189 1058 δέ
3219 1021 3341 1058 τινα
3377 1005 3556 1075 φέρων
3595 1021 3694 1075 χα-

453 1104 606 1163 gerat
633 1096 688 1151 in
719 1109 779 1152 se
813 1106 998 1152 nutum
1040 1101 1424 1168 propriumque
1447 1098 1815 1154 characterem
1845 1101 1995 1169 pieta‘

2114 1096 2369 1167 -ρακτῆρα
2396 1092 2702 1157 θεοσεϐείας
2721 1109 2735 1123 ⁸
2783 1095 2876 1146 καὶ
2911 1093 3097 1146 τοῦτον
3132 1094 3192 1146 οὐ
3221 1094 3357 1160 νέον,
3387 1094 3507 1147 οὐδὲ
3544 1095 3696 1146 ὲκτεο

455 1187 561 1252 tis;
604 1203 780 1257 neque
810 1204 1007 1243 novum
1050 1189 1200 1245 illum
1237 1199 1330 1243 aut
1370 1189 1691 1253 absurdum,
1741 1190 1836 1246 sed
1864 1193 1995 1264 longi

2119 1187 2464 1258 τοπισμένον,
2495 1186 2607 1240 ἀλλ’
2635 1181 2694 1240 εὖ
2728 1186 2870 1257 μάλα
2898 1186 3276 1251 παλαιότατον,
3308 1186 3402 1240 καὶ
3432 1189 3544 1250 τοῖς
3586 1185 3693 1255 πρὸ

455 1275 917 1345 antiquissimum,
957 1279 1176 1348 Deoque
1214 1278 1394 1335 charis
1419 1287 1473 1332 et
1503 1279 1721 1348 pietatis
1758 1295 1823 1337 ac
1854 1281 1995 1351 justi

2116 1278 2224 1330 τῶν
2269 1277 2545 1355 Μωύσὲως
2591 1275 2794 1348 χρόνων
2842 1274 3141 1343 θεοφιλέσιν
3194 1275 3280 1326 ἐπ’
3323 1273 3574 1344 εὐσεϐείᾳ
3630 1286 3690 1322 τε

454 1369 542 1422 tite
579 1369 734 1424 laude
764 1369 1068 1426 illustribus
1098 1371 1250 1435 viris,
1278 1378 1402 1426 aute
1435 1371 1600 1428 Musis
1640 1382 1878 1444 tempora
1904 1375 1995 1429 usi

2119 1369 2212 1420 καὶ
2255 1366 2568 1437 δικαιοσύνῃ
2615 1365 3124 1436 μεμαρτυρημένοις
3167 1364 3370 1436 συνήθη
3411 1364 3505 1416 καὶ
3546 1360 3686 1432 γνώο

451 1464 624 1512 tatum
643 1467 1121 1531 perspectumque.
1148 1459 1346 1516 Verum
1370 1461 1525 1530 juvat
1545 1462 1704 1516 etiam
1722 1477 1866 1516 nunc
1891 1462 1995 1518 bre

2117 1477 2295 1530 ριμον.
2343 1459 2487 1530 Πλὴν
2525 1457 2662 1512 ἀλλά
2701 1459 2794 1511 καὶ
2842 1456 2934 1510 νῦν
2979 1457 3447 1528 ὲπιθεωρήσαντες
3479 1455 3531 1508 τί
3565 1457 3684 1508 ποτ’

447 1549 590 1603 viler
618 1548 806 1604 videre
848 1565 911 1605 ac
954 1550 1305 1606 considerare
1350 1552 1481 1622 quid
1530 1553 1602 1607 sit
1630 1552 1988 1610 ethnicismus

2116 1551 2260 1603 ἐστὶν
2306 1551 2336 1603 ὃ
2379 1567 2437 1602 τε
2490 1549 2837 1620 Ἑλληνισμὸς
2870 1549 2988 1602 mai.
3065 1548 3415 1618 Ἰουδαῖσμὸς,
3469 1544 3682 1616 σκεψώ-

449 1637 579 1707 quid
596 1635 944 1706 Judaismus;
973 1651 1138 1710 atque
1164 1649 1344 1695 utrum
1379 1643 1626 1696 alterutri
1654 1643 1847 1697 borum
1867 1642 1995 1697 addi

2119 1641 2276 1711 μεθα,
2322 1641 2533 1713 ποτέρῳ
2564 1640 2767 1695 τούτων
2799 1640 3142 1711 ὑπηγμένους
3188 1640 3314 1702 τοὺς
3361 1639 3467 1710 πρὸ
3517 1639 3683 1692 Monii-

448 1739 568 1785 ctus
614 1731 861 1786 invenire
907 1733 1068 1787 liceat
1092 1733 1288 1789 charos
1334 1733 1443 1788 Deo
1476 1734 1644 1798 viros,
1672 1735 1870 1804 quibus
1901 1713 1995 1789 δῖοι

2114 1734 2250 1798 σέως
2293 1733 2551 1802 θεοφιλεῖς
2593 1733 2809 1804 ἄνδρας,
2862 1732 2996 1804 πρὸς
3041 1730 3207 1784 αὑτοῦ
3257 1730 3534 1793 Μωῦσέως
3565 1729 3682 1782 θεο-

447 1838 537 1878 ses
575 1823 693 1893 ipse
717 1823 889 1879 divini
921 1825 1123 1879 amoris
1158 1833 1318 1895 atque
1353 1825 1569 1898 pietatis
1592 1827 1833 1897 perhibet
1855 1827 1995 1883 testi-

2113 1830 2305 1898 φιλεῖς,
2349 1829 2443 1881 καὶ
2478 1829 2565 1881 ἐπ’
2593 1827 2841 1897 εὐσεϐείᾳ
2873 1824 3391 1896 μεμαρτυρημένους
3427 1822 3678 1894 εὕροιμεν

445 1914 710 1971 monium.
742 1915 1083 1972 Judaismum
1124 1933 1233 1972 non
1265 1918 1386 1974 sine
1422 1919 1634 1974 ratione
1668 1919 1866 1974 dixerit
1905 1921 1995 1974 ali.-

2102 1919 2188 1974 ἄν.
2231 1918 2333 1972 Τὸν
2370 1919 2465 1988 μὲν
2519 1917 2848 1987 Ἰουδαῖσμὸν
2898 1915 3136 1984 εὐλόγως
3168 1913 3232 1969 ἄν
3270 1931 3355 1977 τις
3393 1913 3677 1983 ὀνομάσειε

443 2005 571 2074 quis
603 2008 994 2076 rempublicam
1045 2009 1346 2064 secundum
1379 2010 1551 2080 legem
1593 2009 1760 2067 Musis
1801 2011 1995 2067 consti-

2108 2009 2204 2082 τὴν
2243 2011 2381 2064 κατά
2413 2009 2502 2064 τὸν
2546 2008 2820 2072 Μωῦσέως
2861 2008 3022 2079 νόμον
3059 2007 3483 2076 διατεταγμένην
3521 2003 3674 2056 πολι-

443 2105 635 2162 tutam,
670 2099 739 2152 ab
767 2114 878 2153 uno
909 2113 1122 2154 summo
1146 2101 1537 2170 dependentem
1593 2101 1741 2157 Deo:
1772 2104 1995 2159 ethnici-

2108 2103 2276 2167 τείαν,
2312 2103 2430 2166 ἑνὸς
2467 2101 2778 2173 ἐξημμένην
2816 2099 2911 2153 τοῦ
2942 2101 3033 2153 ἐπὶ
3063 2101 3278 2154 πάντων
3307 2097 3461 2152 Θεοῦ’
3498 2097 3587 2150 τὸν
3616 2095 3676 2148 δὲ

442 2203 618 2242 smum
648 2188 741 2262 ι’·
763 2203 889 2244 vero
921 2189 1234 2243 summatim
1281 2189 1486 2246 dixeris
1514 2207 1634 2247 esse
1668 2195 1995 2263 superstitio-

2117 2193 2485 2265 Ἑλληνισμὸν,
2525 2192 2600 2256 ὡς
2636 2194 2693 2244 ἐν
2736 2191 3016 2261 κεφαλαίῳ
3059 2192 3258 2260 φάναι,
3297 2191 3393 2262 τὴν
3428 2189 3570 2243 κατά
3605 2189 3675 2244 τὰ

1521 675 1585 714 ex
1632 659 2025 716 Christianismi

439 2295 562 2336 nem
597 2296 662 2334 ex
697 2281 888 2350 patriis
917 2281 1158 2350 gentium
1195 2283 1562 2352 quarumlibet
1605 2285 1803 2341 ritibus
1824 2286 2006 2356 plures

437 2371 702 2430 colentem
724 2371 880 2428 deos.
913 2370 1116 2442 Ecquid
1147 2373 1310 2443 igitur
1334 2369 1533 2429 dicturi
1562 2391 1751 2431 sumus
1780 2377 1846 2431 de
1872 2378 2004 2433 viris

436 2461 544 2517 illis
574 2459 682 2516 Deo
714 2462 1077 2524 charissimis,
1096 2467 1187 2534 qui
1209 2471 1335 2520 ante
1359 2464 1700 2523 Judaismum
1725 2469 2001 2532 exstitere,

432 2567 664 2622 quorum
708 2553 886 2610 Moses
935 2554 1264 2609 mentionem
1313 2555 1466 2620 facit,
1519 2566 1576 2611 ut
1630 2557 1698 2613 de
1755 2557 1999 2623 Enucho,

431 2644 523 2704 cui
554 2644 639 2699 his
670 2645 852 2708 verbis
877 2645 1080 2714 praebet
1117 2646 1489 2702 testimonium
1519 2650 1539 2678 '
1572 2668 1585 2703 :
1623 2668 1642 2701 ι
1677 2647 1862 2718 Euuch
1889 2651 2002 2719 pla-

431 2734 546 2790 cuit
573 2733 701 2790 Deo.
738 2754 756 2786 ι
791 2734 966 2806 Atque
983 2734 1050 2791 de
1069 2733 1203 2799 Noe,
1225 2736 1292 2791 de
1323 2752 1432 2806 quo
1474 2753 1664 2794 rursus
1686 2737 1760 2792 ait
1793 2754 1806 2789 :
1842 2758 1862 2789 ι
1891 2738 2004 2794 Noe

432 2825 595 2883 homo
641 2827 824 2895 justus
857 2827 913 2881 in
945 2827 1296 2898 generatione
1345 2844 1444 2884 sua
1469 2830 1509 2884 ³.
1551 2850 1570 2882 ι
1604 2829 1679 2884 De
1706 2829 1870 2886 Setho
1911 2831 2000 2885 iti-

429 2917 552 2973 dem
578 2931 641 2971 ac
661 2916 911 2988 Japheto,
941 2920 1007 2976 de
1037 2922 1236 2992 quibus
1261 2921 1332 2978 ita
1367 2922 1593 2976 scribit:
1633 2941 1652 2973 ι
1679 2921 2000 2978 Benedictus

429 3005 694 3064 Dominus
751 3008 895 3064 Deus
931 3009 1083 3075 Setb,
1135 3021 1189 3066 et
1233 3011 1422 3068 dilatet
1461 3010 1602 3066 Deus
1645 3011 1876 3083 Japhetb
1904 3015 1944 3068 δ.
1973 3033 1992 3067 ι

427 3095 506 3150 Ac
529 3105 791 3167 praeterea
813 3098 880 3154 de
907 3099 1241 3166 Abrahamo,
1302 3102 1488 3158 lsaaco
1515 3111 1568 3158 et
1597 3101 1834 3167 Iacobo,
1874 3105 1997 3174 qui-

427 3188 530 3258 bus
574 3191 736 3245 etiam
767 3189 962 3248 Jubum
1017 3209 1381 3250 annumerare
1429 3204 1856 3251 consentaneum
1887 3206 1990 3261 est,

427 3288 480 3342 ct
529 3282 574 3336 si
629 3284 722 3354 qui
745 3285 835 3339 alii
884 3285 1114 3341 similem
1179 3287 1332 3344 hisce
1355 3288 1523 3343 vitam
1581 3288 1732 3344 fuere
1779 3291 1991 3346 sectati.

425 3370 652 3442 Oportet
673 3374 819 3429 enim
853 3376 1020 3433 hosce
1055 3379 1139 3434 vel
1161 3377 1379 3435 Iudaeos
1395 3381 1670 3436 exstitisse
1691 3381 1774 3436 vel
1799 3381 1992 3436 Ethni-

369 3459 372 3462 ’
424 3477 541 3523 cos.
578 3463 641 3520 At
656 3465 800 3521 enim
824 3465 994 3523 Judaei
1037 3469 1255 3539 quidem
1308 3471 1416 3526 dici
1457 3473 1584 3542 jure
1610 3488 1718 3530 non
1745 3484 1992 3544 possunt,

423 3567 547 3608 cum
571 3569 757 3612 eorum
789 3561 1126 3631 temporibus
1155 3561 1237 3618 lex
1265 3561 1429 3638 Musis
1456 3563 1696 3620 nondum
1735 3564 1789 3618 in
1821 3563 1994 3621 homi-

424 3666 553 3707 num
581 3653 746 3722 vitam
794 3655 958 3710 fuerit
1009 3645 1340 3717 introducta.
1391 3657 1449 3714 Si
1479 3661 1625 3714 enim
1678 3659 1994 3719 .ludaismus

421 3741 558 3806 nihil
588 3745 798 3812 exstitit
831 3745 978 3808 aliud
1005 3762 1167 3817 quam
1223 3747 1388 3805 Musis
1443 3751 1624 3822 legum
1645 3752 1990 3818 observatio;

422 3832 600 3894 Muses
631 3842 812 3890 autem
847 3836 1011 3907 longo
1053 3845 1175 3908 post
1203 3837 1326 3896 illos
1369 3839 1438 3896 de
1469 3843 1670 3909 quibus
1701 3844 1832 3910 dixi,
1857 3851 1989 3900 tem-

424 3939 555 3995 pore
582 3926 817 3982 claruit:
853 3927 1077 3985 evidens
1098 3937 1202 3995 est,
1236 3931 1381 4000 quod
1408 3930 1580 4002 Judaei
1612 3933 1758 3988 haud
1793 3933 1995 3990 fuerint

422 4016 517 4084 qui
545 4024 670 4072 ante
708 4017 877 4082 Musis
904 4027 1153 4090 tempora
1202 4023 1578 4086 testimonium
1607 4023 1828 4094 pietatis
1857 4029 1995 4083 tule-

422 4113 570 4180 runt.
602 4104 708 4162 Sed
738 4122 913 4178 neque
954 4109 1205 4174 ethnicos
1260 4113 1483 4173 eosdem
1511 4116 1830 4182 existimare
1861 4133 1993 4172 cou—

422 4201 589 4256 vcnit.
623 4199 872 4262 [Namque
913 4199 981 4255 de
1029 4199 1338 4258 Abrahamo
1391 4204 1591 4261 dicitur
1623 4187 1684 4270 ⁵,.
1719 4209 1864 4277 quod
1896 4209 1992 4263 du-

422 4302 568 4341 mum
593 4290 823 4359 patriam
851 4299 905 4360 et
929 4294 1304 4363 cognationem
1327 4297 1626 4367 reliquerit,
1661 4299 1862 4368 unique
1891 4301 1994 4358 soli

422 4375 535 4432 Deo
588 4378 876 4436 adhwserit
899 4422 913 4447 ,
942 4398 1102 4453 quem
1131 4384 1296 4440 etiam
1344 4387 1650 4457 proﬁtetur,
1676 4403 1801 4445 cum
1835 4391 1910 4444 ait
1929 4392 1988 4443 σε

426 4489 448 4523 ι
477 4469 776 4544 Extendam
810 4474 1051 4546 (manum
1087 4479 1286 4549 meam)
1316 4480 1383 4535 ad
1427 4481 1595 4540 Deum
1638 4483 1988 4551 altissimum,

418 4563 515 4634 qui
549 4567 753 4624 creavit
789 4571 988 4632 coelum
1031 4580 1088 4627 et
1136 4580 1358 4628 terram.
1393 4593 1410 4629 ι
1447 4574 1522 4630 De
1573 4573 1777 4634 Jacobo
1807 4587 1987 4635 autem
2022 4600 2065 4653 ι)

419 4655 562 4724 apud
584 4655 770 4715 Mosen
821 4661 1085 4733 scriptum
1140 4672 1224 4720 est
1258 4666 1300 4729 ⁷,
1353 4665 1496 4734 quod
1539 4665 1725 4721 domui
1783 4684 1892 4725 sua:
1937 4679 1992 4726 et

419 4750 677 4806 omnibus
730 4753 848 4812 suis
904 4757 1200 4828 praecepit:
1233 4777 1250 4810 ι
1283 4757 1478 4815 Tollite
1507 4759 1640 4816 deos
1677 4761 1884 4817 alienos
1924 4763 1989 4819 de

419 4839 600 4907 medio
618 4842 816 4908 vestri;
843 4854 895 4902 et
917 4854 1202 4916 surgentes
1244 4850 1603 4908 ascendamus
1627 4853 1681 4908 in
1703 4851 1911 4918 Bethel,
1936 4861 1990 4911 et

419 4927 686 4987 faciamus
710 4931 779 4986 ibi
812 4947 962 4988 aram
996 4934 1259 5003 Domino,
1320 4941 1414 5011 qui
1454 4942 1732 5006 exaudivit
1785 4960 1874 5001 me
1935 4946 1985 5000 in

417 5015 507 5071 die
537 5017 926 5090 tribulationis,
967 5025 1060 5095 qui
1088 5025 1192 5082 fuit
1221 5043 1432 5085 mecum
1478 5038 1531 5087 et
1561 5033 1790 5090 salvavit
1817 5051 1904 5092 me
1931 5036 1987 5091 in
2021 5053 2028 5059 ·

416 5111 502 5174 via
533 5128 640 5182 qua
669 5113 762 5169 ivi.
796 5113 863 5187 Et
885 5117 1155 5190 dederunt
1197 5120 1402 5178 Iacobo
1425 5124 1557 5180 deos
1599 5126 1828 5192 alienos,
1892 5131 1986 5199 qui

417 5208 572 5268 erant
606 5201 936 5261 inmanibus
963 5223 1177 5273 eorum,
1222 5219 1277 5264 et
1316 5211 1538 5269 inaures
1588 5229 1709 5291 qua:
1729 5224 1883 5286 erant
1929 5218 1985 5275 in

418 5291 642 5354 auribus
675 5309 885 5352 eorum.
925 5301 988 5352 Et
1018 5299 1304 5368 abscondit
1355 5318 1419 5358 ea
1443 5302 1680 5362 lacubus
1711 5308 1813 5362 sub
1845 5318 1986 5366 terev

417 5381 605 5438 bintho
629 5397 751 5453 quae
769 5395 885 5440 erat
909 5388 962 5442 in
987 5387 1266 5455 Sichimis,
1297 5399 1351 5446 ct
1374 5394 1608 5463 perdidit
1641 5410 1703 5450 ea
1731 5413 1902 5468 usque
1929 5401 1982 5454 in

418 5471 741 5534 hodiernum
775 5475 939 5531 diem.
980 5497 997 5528 ι
1039 5477 1096 5532 Si
1131 5469 1295 5551 igitur
1351 5490 1406 5537 et
1457 5483 1526 5538 ab
1576 5484 1982 5540 idulolatrarum

415 5578 604 5624 errore
634 5565 796 5622 alieni
827 5565 1069 5633 fuerunt,
1104 5581 1160 5629 et
1208 5573 1353 5629 sicut
1395 5576 1829 5637 demonstratum
1877 5585 1984 5641 est,

415 5664 567 5708 extra
591 5654 931 5714 Judaismum
948 5663 1270 5720 constituti:
1304 5674 1487 5724 tamen
1533 5684 1844 5740 quanquam
1885 5685 1985 5724 nec

403 5837 517 5911 1-4.

485 5777 503 5867 ζ
547 5775 680 5832 Gen.
720 5797 772 5846 v,
814 5780 904 5848 22,
944 5781 1034 5838 24.
1113 5784 1134 5818 ⁸
1173 5784 1307 5841 Gen.
1366 5803 1442 5854 vt,
1483 5788 1535 5844 9.
1614 5791 1634 5823 ⁸
1672 5791 1808 5850 Gen.
1853 5807 1928 5860 ix,
1987 5795 1995 5846 ε

2117 5791 2206 5866 27.
2283 5793 2304 5826 ³
2343 5789 2481 5867 Gen.
2518 5809 2617 5861 xu,
2676 5795 2694 5825 “
2735 5791 2866 5867 Gen.
2909 5809 3020 5863 xtv,
3061 5792 3152 5846 22.

2106 2285 2309 2357 πάτρια
2337 2285 2446 2338 τῶν
2479 2283 2645 2338 ἐθνῶν
2671 2284 2922 2338 ἁπάντων
2948 2285 3027 2348 είς
3056 2284 3304 2346 πλείονας
3332 2282 3484 2346 θεοὺς
3509 2283 3676 2336 δεισι-

2104 2377 2403 2448 δαιμονίαν.
2432 2377 2496 2428 Τί
2533 2372 2626 2430 οὖν
2653 2376 2926 2447 φήσαιμεν
2961 2375 3088 2446 περὶ
3120 2374 3226 2428 τῶν
3263 2373 3366 2445 πρὸ
3398 2375 3675 2437 Μωῦοεως

2105 2468 2198 2522 καὶ
2241 2469 2346 2540 πρὸ
2385 2466 2479 2521 τοῦ
2535 2465 2868 2537 Ἰουδαῖσμοῢ
2921 2466 3182 2536 θεοφιλῶν
3237 2463 3475 2536 ἀνδρῶν,
3515 2457 3590 2517 ὧν
3643 2465 3673 2517 ό

2103 2559 2344 2629 Μωῦσῆς
2377 2557 2814 2629 ἐμνημόνευσεν,
2863 2551 3004 2618 οἷον,
3045 2557 3172 2628 περὶ
3223 2553 3422 2625 Ἑνὼχ,
3535 2570 3675 2626 μαρ-

2101 2651 2256 2720 τυρεῖ
2282 2648 2454 2717 λέγων
2474 2665 2486 2678 ·
2525 2666 2543 2699 ι
2568 2646 2914 2717 Εὐηρέστησε
2941 2644 2998 2698 δὲ
3036 2642 3204 2714 Ἐνὼχ
3229 2642 3308 2713 τῷ
3339 2641 3456 2712 Θεῷ
3473 2659 3486 2671 ο
3519 2660 3538 2692 ι
3577 2640 3673 2694 καὶ

2103 2740 2230 2810 περὶ
2275 2738 2366 2792 τοῦ
2417 2738 2574 2803 Νῶε,
2611 2739 2737 2809 περὶ
2779 2733 2840 2792 οὗ
2893 2737 3052 2790 πάλιν
3100 2735 3270 2805 φησί·
3306 2753 3324 2786 ι
3353 2733 3476 2786 Νῶε
3520 2732 3578 2785 δὲ
3602 2727 3671 2803 ἦν

2101 2829 2384 2899 ἄνθρωπος
2409 2831 2633 2892 δίκαιος,
2665 2830 2723 2883 ὲν
2757 2833 2820 2901 τῇ
2850 2831 3013 2900 γενεᾷ
3043 2828 3208 2882 αὐτοῦ
3227 2845 3240 2858 ·
3272 2847 3290 2880 ι
3325 2827 3452 2898 περί
3485 2843 3545 2878 τε
3575 2826 3670 2879 τοῦ

2101 2920 2205 2992 Σὴθ
2249 2921 2342 2975 καὶ
2395 2921 2488 2974 τοῦ
2549 2921 2726 2990 Ἰάφεο
2752 2960 2766 2982 ,
2825 2920 2952 2988 περὶ
2990 2912 3064 2972 ὧν
3109 2918 3281 2972 ταῦτα
3332 2918 3668 2985 ἀναγράφειο

2105 3033 2123 3064 ι
2151 3013 2449 3083 Εὐλογητὸς
2466 3011 2668 3083 Κύριος
2693 3014 2720 3064 ό
2738 3011 2868 3074 Θεὸς
2887 3009 2982 3063 τοῦ
3012 3004 3118 3075 Σήθ
3139 3027 3152 3040 ’
3181 3029 3196 3061 ι
3224 3009 3336 3074 καὶ,
3361 3027 3378 3058 ι
3400 3007 3670 3060 Πλατύναι

2097 3107 2126 3161 ὁ
2148 3105 2280 3168 Θεὸς
2315 3103 2392 3174 τῷ
2431 3103 2604 3172 Ἰάφεθ
2626 3120 2638 3133 ’
2668 3123 2685 3154 ι
2723 3102 2819 3156 καὶ
2863 3101 2943 3155 ἔτι
2990 3101 3128 3172 πρὸς
3165 3100 3373 3163 τούτοις
3416 3101 3543 3170 περὶ
3573 3097 3668 3151 τοῦ

2110 3197 2377 3268 Ἀϐραὰμ,
2408 3196 2501 3250 κοιλ⁸
2540 3195 2636 3248 τοῦ
2673 3194 2892 3257 Ἰσαὰκ,
2935 3194 3029 3247 καλ⁸
3069 3193 3162 3246 τοῦ
3202 3191 3413 3256 Ἰακὼϐ,
3450 3187 3530 3256 οἷς
3575 3191 3668 3245 καὶ

2093 3286 2184 3340 τὸν
2228 3285 2347 3339 Ἰὼϐ
2383 3286 2736 3357 συναριθμεῖν
2761 3283 3000 3352 εὔλογον,
3025 3282 3119 3336 κα)⁵
3151 3283 3205 3336 εἴ
3231 3299 3375 3343 τινες
3408 3281 3553 3336 ἄλλοι
3577 3280 3668 3333 τὸν

2095 3377 2304 3450 ἐμφερῆ
2341 3376 2549 3439 τούτοις
2579 3376 2857 3447 ἐζήλωσαν
2889 3375 3036 3445 βίον;
3066 3375 3207 3444 Ἀρα
3244 3373 3352 3444 γὰρ
3383 3370 3668 3435 Ἰουδαίους

2094 3471 2290 3534 αὐτοὺς
2345 3470 2542 3540 χρῆναι
2586 3469 2900 3538 γεγονέναι,
2937 3468 2970 3540 ἢ
3013 3467 3300 3536 Ἕλληνας.
3361 3464 3521 3517 Ἀλλὰ
3559 3463 3667 3535 γὰρ

2108 3561 2346 3615 Ἰουδαῖοι
2389 3561 2486 3632 μὲν
2519 3561 2618 3614 οὐκ
2650 3560 2718 3614 ἂν
2751 3560 2988 3628 εὐλόγως
3036 3558 3274 3629 λεχθεῖεν
3297 3600 3311 3622 ,
3360 3559 3526 3628 μήπω
3567 3555 3667 3625 τῆς

2093 3652 2374 3716 Μωῦσὲως
2405 3652 2863 3725 παρεισαχθείσης
2884 3650 2962 3720 τῷ
2991 3649 3090 3720 βίῳ
3114 3647 3444 3720 νομοθεσίας.
3474 3648 3536 3700 Εἰ
3559 3646 3668 3716 γὰρ

2107 3745 2434 3814 ’[ουδαῖσμὸς
2493 3744 2643 3797 οὐδὲν
2693 3739 2761 3813 ἦν
2817 3743 3003 3813 ἕτερον
3059 3741 3092 3812 ἢ
3147 3743 3181 3812 ή
3236 3739 3374 3793 κατὰ
3430 3736 3668 3792 Μωῦσέα

2095 3830 2365 3906 πομπεία,’
2400 3835 2640 3905 Μωύσῆς
2668 3835 2727 3888 δὲ
2769 3835 2999 3905 μακροῖς
3042 3831 3266 3903 ὕστερον
3305 3829 3512 3902 χρόνοις
3559 3826 3666 3880 τῶν

2093 3927 2395 4000 εἰρημένων
2441 3927 2645 3996 πέφηνε
2668 3944 2682 3957 ο
2715 3926 2896 3996 δῆλον,
2933 3925 3009 3989 ὼς
3041 3925 3142 3978 οὐκ
3175 3922 3242 3977 ἂν
3273 3918 3381 3976 εἷεν
3421 3921 3666 3974 Ἰουδαῖοι

2094 4020 2143 4072 οἱ
2177 4019 2281 4089 πρὸ
2311 4017 2418 4071 τῶν
2455 4017 2621 4070 αὐτοῦ
2665 4017 2873 4088 χρόνων
2907 4015 2991 4068 ἐπ’
3020 4013 3267 4084 εὐσεϐείᾳ
3311 4025 3666 4084 μεμαρτυρη-

2097 4113 2264 4184 μένοι.
2299 4113 2434 4165 Ἀλλ’
2462 4113 2581 4165 οὐδὲ
2607 4112 2871 4183 Ἕλληνας
2891 4111 3158 4182 προσήκει
3187 4110 3423 4180 νομίζειν
3445 4108 3664 4172 αὐτοὺς,

2097 4205 2172 4275 μὴ
2203 4207 2268 4276 τῇ
2294 4203 2535 4274 πολυθέῳ
2573 4203 2964 4274 δεισιδαιμονίᾳ
3006 4201 3465 4273 κεκρατημένους.
3501 4201 3568 4254 ’Ὀ
3604 4215 3666 4252 τε

2095 4295 2200 4366 γὰρ
2243 4294 2495 4367 Ἀϐραὰμ
2528 4293 2847 4364 καταλείψω
2888 4292 3084 4356 τελέως
3119 4292 3334 4360 λέγεται
3368 4286 3515 4346 οἷκον
3559 4309 3665 4344 πα-

2094 4388 2264 4460 τρῷον
2295 4387 2388 4441 καὶ
2428 4386 2763 4456 συγγένειαν,
2792 4385 2887 4440 καὶ
2924 4386 3006 4439 ἑνὶ
3047 4385 3193 4456 μόνῳ
3235 4383 3666 4456 προσεσχηκέναι

2093 4479 2211 4549 Θεῷ
2230 4521 2244 4544 ,
2276 4479 2336 4532 ὃν
2368 4479 2462 4533 καὶ
2501 4477 2754 4549 ὁμολογεῖ
2785 4478 3010 4547 φάσκων
3029 4494 3042 4509 ο
3079 4496 3098 4530 ‹
3133 4475 3366 4530 Ἐκτενῶ
3399 4473 3534 4544 πρὸς
3575 4472 3667 4526 τὸν

2093 4571 2223 4623 Θεὸν
2255 4570 2344 4623 τὸν
2371 4569 2592 4638 ὐψιστον
2614 4569 2672 4632 ὃς
2697 4568 2877 4622 ἔκτισε
2904 4568 2994 4622 τὸν
3013 4567 3238 4639 οὐρανὸν
3259 4567 3349 4619 καί
3371 4564 3468 4636 τὴν
3488 4564 3592 4634 γῆν
3611 4579 3626 4596 ο
3641 4584 3660 4615 ι

2094 4665 2123 4716 ὅ
2154 4680 2212 4715 τε
2246 4660 2440 4717 Ἰακὼϐ
2486 4661 2895 4732 ἀναγέγραπται
2929 4659 3079 4731 παρὰ
3126 4659 3203 4728 τῷ
3228 4659 3451 4711 Μωῦσεῖ
3486 4657 3666 4726 φήσας

2093 4753 2170 4825 τῷ
2201 4752 2334 4824 οῖκῳ
2360 4753 2453 4807 καὶ
2490 4753 2623 4806 πᾶσι
2655 4755 2768 4815 τοῖς
2813 4749 2974 4806 αὑτοῦ
2996 4767 3008 4779 ο
3053 4769 3071 4801 ι
3110 4751 3308 4821 ’Ἄρατε
3353 4749 3478 4812 τοὺς
3512 4746 3667 4810 θεοὺς

2093 4846 2218 4909 τοὺς
2257 4843 2568 4914 ἀλλοτρίους
2606 4846 2670 4896 ὲκ
2706 4843 2870 4914 μέσου
2912 4839 3194 4911 ὑμῶν-καὶ
3238 4839 3525 4910 ἀναδῶμεν
3585 4840 3666 4902 είς

2094 4935 2287 5008 Βεθὴλ,
2317 4937 2412 4991 καὶ
2440 4937 2753 5008 ποιήσωμεν
2781 4937 2895 4988 ἐκεῖ
2926 4934 3306 5004 θυσιαστήριον
3344 4931 3421 5002 τῷ
3452 4930 3662 5003 Κυρίῳ,

2093 5031 2170 5102 τῷ
2196 5029 2562 5085 ἐπακούσαντί
2605 5046 2704 5099 μου
2735 5029 2793 5080 ὲν
2832 5025 3012 5098 ἡμέρᾳ
3054 5023 3303 5094 θλίψεως,
3345 5023 3403 5088 ὃς
3439 5019 3506 5093 ἧν
3548 5023 3664 5092 μετ’

2093 5122 2226 5194 ἐμοῦ
2274 5121 2369 5188 καὶ
2414 5120 2586 5174 ἔσωσέ
2635 5136 2701 5190 με
2755 5119 2814 5176 ὲν
2849 5121 2916 5189 τῇ
2959 5115 3063 5186 ὁδῷ
3191 5113 3512 5186 ἐπορεύθην.
3554 5113 3666 5167 Καὶ

2094 5214 2298 5284 ἔδωκαν
2328 5210 2407 5281 τῷ
2445 5209 2638 5272 Ἰακὼϐ
2688 5210 2814 5272 τοὺς
2862 5207 3017 5270 θεοὺς
3056 5206 3182 5269 τοὺς
3228 5203 3573 5276 ἀλλοτρίους,
3614 5203 3664 5256 οἱ

2090 5298 2230 5373 ἦσαν
2251 5303 2308 5354 ὲν
2331 5303 2448 5366 ταῖς
2481 5300 2668 5372 χερσὶν
2697 5298 2895 5363 αὐτῶν,
2925 5297 3018 5350 καὶ
3041 5295 3110 5348 τὰ
3137 5294 3334 5349 ἐνώτια
3364 5293 3432 5347 τὰ
3465 5297 3521 5348 ἐν
3553 5293 3664 5355 τοῖς

2091 5395 2222 5448 ὠσὶν
2255 5393 2452 5464 αὐτῶν,
2477 5394 2568 5448 καὶ
2597 5390 2831 5465 ἔκρυψεν
2857 5389 2996 5442 αὐτὰ
3041 5386 3232 5442 Ἰακὼϐ
3258 5386 3363 5440 ὑπὸ
3392 5385 3491 5457 τὴν
3513 5385 3670 5455 τερέ-

2094 5484 2272 5540 ϐινθον
2297 5485 2400 5556 τὴν
2434 5486 2490 5536 ἐν
2519 5483 2786 5554 Σικίμοις,
2823 5482 2916 5535 καὶ
2950 5479 3227 5534 ἀπώλεσεν
3257 5478 3397 5533 αύτά
3422 5478 3524 5539 ἕως
3568 5475 3667 5544 τῆς

2095 5577 2332 5648 σήμερον
2381 5576 2613 5648 ἡμέρας.
2646 5595 2663 5626 ι
2702 5575 2762 5627 Ei
2793 5573 2858 5647 δὴ
2885 5569 2977 5628 οὖν
3020 5573 3112 5626 καὶ
3152 5572 3249 5644 τῆς
3281 5566 3559 5623 είδωλολάτ
3573 5583 3667 5638 ρου

2093 5668 2300 5741 πλάνης
2336 5668 2602 5741 ἀλλότριοι
2635 5669 3061 5742 καθεστήκεσαν,
3109 5669 3202 5723 καὶ
3239 5661 3567 5732 Ἰουδαῖσμοῦ
3610 5661 3666 5716 δὲ

3256 5789 3275 5822 ⁷
3313 5786 3448 5852 Gen.
3498 5801 3662 5859 xw.
