4018 6506
193 421 265 476 25
1135 424 1790 486 DEMONSTRATIONIS
1822 424 2282 486 EVANGELICJE
2324 429 2450 485 LIB.
2486 427 2526 485 1.
3389 430 3460 485 2‘5

191 539 350 603 ἐκτὸς
388 543 681 612 γεγονότες
736 548 1165 621 ἀπεδείχθησαν,
1196 551 1345 620 ὅμως
1388 566 1450 618 γε
1501 549 1605 620 μὴν
1655 547 1755 601 οὐτι

1878 548 2079 603 ethnici
2106 557 2289 605 essent
2320 566 2419 606 nee
2460 550 2654 613 Judaei,
2706 551 2815 607 Deo
2836 552 3031 607 charos
3093 551 3449 609 nihilominus

191 631 461 702 Ἕλληνες
487 638 617 692 οὐτε
654 639 894 693 Ἰουδαῖοι
929 642 1156 709 φύντες,
1209 640 1470 709 Θεοφιλεῖς
1502 640 1755 709 γεγονένα

1879 639 2167 708 justosque
2208 641 2255 695 si
2290 642 2384 695 ulli
2423 657 2662 709 unquam
2711 642 2825 705 alii,
2876 652 2929 696 et
2971 644 3087 711 pios
3146 642 3446 701 exstitisse.

186 724 449 793 μεμαρτύ
461 743 680 796 ρηνται,
700 733 793 783 καὶ
820 730 1014 784 δίκαιοι
1044 733 1137 785 καὶ
1161 732 1423 795 εὐσεϐεῖς,
1446 733 1492 784 εί
1520 731 1611 784 καί
1640 748 1755 783 τινε

1880 731 2250 786 testimonium
2307 732 2632 787 habuerunt.
2685 734 2950 789 Convenit
2993 734 3156 804 igitur
3227 734 3445 787 tertium

180 813 356 866 ἄλλοι·
388 815 517 887 ὥρα
543 820 728 891 τρίτον
755 824 989 876 ἐπινοεῖν
1028 822 1335 887 θεοσεϐείας
1378 822 1597 895 τρόπον,
1626 822 1690 875 δι’
1716 816 1755 874 οἳ

1880 822 2167 894 quemdam
2196 832 2376 881 mente
2425 830 2712 895 concipere
2753 826 2935 880 cultus
2975 824 3146 879 divini
3200 825 3446 881 modum.

178 908 541 976 κατορθῶσαι
564 913 711 976 εἰκὸς
733 909 801 984 ἦν
831 915 1044 978 αὐτούς.
1068 916 1267 968 Σκόπει
1292 913 1594 986 τοιγαροῦν,
1627 917 1674 967 εί
1705 932 1778 986 μη

172 994 327 1047 τοῦτ’
368 998 510 1051 αὐτὸ
552 997 642 1071 ἦν,
685 1004 745 1055 τὸ
788 1003 987 1074 μεταξὺ
1025 1004 1353 1075 Ίουδαῖσμοῦ
1390 1005 1482 1058 καὶ
1539 1006 1780 1075 Ἐλληνι-

179 1085 347 1155 σμοῦ,
365 1090 557 1159 τρίτον
582 1095 717 1164 ἡμῖν
744 1095 1189 1167 ἀποδεδειγμένον
1212 1096 1421 1168 τάγμα,
1448 1098 1778 1152 παλαίτατον

185 1178 287 1248 μὲν
320 1182 421 1233 καὶ
455 1184 683 1239 πάντων
725 1190 988 1259 τυγχάνον
1030 1191 1438 1262 πρεσϐύτατον,
1486 1193 1680 1246 νεωστὶ
1718 1193 1775 1245 δὲ

180 1269 271 1322 διὰ
302 1272 397 1324 τοῦ
433 1277 712 1348 ἡμετέρου
761 1281 1014 1352 Σωτῆρος
1047 1284 1180 1334 πᾶσι
1209 1286 1319 1347 τοῖς
1362 1282 1535 1337 ἔθνεσι
1566 1300 1773 1355 κατηγ-

179 1363 472 1434 γελμένον.
513 1370 625 1422 Καὶ
671 1371 815 1425 τοῦτ’
846 1374 912 1426 ἂν
949 1374 1032 1445 εἴη
1063 1378 1091 1428 ὁ
1145 1376 1625 1448 Χριστιανισμὸς,.
1652 1374 1772 1429 οὐτε

195 1456 555 1529 Ἑλληνισμός
576 1480 659 1526 τις
682 1462 776 1527 ὢν,
794 1464 917 1519 οὐτε
954 1468 1299 1539 Ἰουδαῖσμὸς,
1321 1469 1455 1522 ἀλλά
1486 1469 1546 1522 τὸ
1569 1466 1771 1539 μεταξύ

187 1550 422 1615 τούτων,
459 1555 817 1611 παλαιότατον
852 1561 1133 1626 εὐσεϐείας
1168 1562 1465 1634 πολίτευμα
1488 1604 1501 1627 ,
1541 1563 1635 1617 καὶ
1674 1564 1773 1634 ἀρ-

194 1644 449 1715 χαιοτάτη
484 1646 583 1715 μέν
607 1665 689 1712 τις
723 1649 1030 1721 φιλοσοφία,
1058 1654 1196 1725 πλὴν
1226 1653 1359 1708 ἀλλά
1385 1657 1577 1708 νεωστὶ
1607 1658 1770 1709 πᾶσιν

1881 918 2179 970 secundum
2217 930 2377 985 quem
2402 928 2547 971 recte
2580 918 2758 971 vivere
2817 924 3084 986 poterant.
3122 915 3258 971 Vide
3282 918 3450 987 igitur

1879 1009 2021 1061 sitne
2068 1006 2183 1061 haec
2230 1007 2319 1061 illa
2348 1008 2463 1076 ipsa
2495 1009 2653 1061 tertia
2704 1008 3073 1061 demonstrata
3108 1008 3267 1062 nobis
3304 1007 3447 1060 inter

1876 1097 2217 1153 Judaismum
2244 1106 2297 1153 et
2317 1099 2701 1153 ethnicismum
2742 1100 2917 1153 media
2967 1086 3128 1165 ratio,
3173 1099 3446 1170 antiquis-

1876 1190 2013 1243 sima
2038 1189 2254 1259 quidem
2286 1205 2582 1258 omnesque
2605 1190 2739 1243 alias
2767 1197 2923 1244 aetate
2970 1190 3319 1253 antecellens,
3348 1189 3446 1246 sed

1874 1295 2036 1349 quam
2066 1286 2315 1334 recenter
2365 1280 2620 1334 omnibus
2672 1279 2927 1349 gentibus
2968 1278 3217 1334 Salvator
3256 1289 3445 1337 noster

1874 1370 2229 1424 annuntiavit.
2290 1368 2467 1439 Atque
2528 1369 2642 1423 hac
2716 1367 3177 1424 Christianismus
3255 1372 3444 1442 utique

1873 1461 2055 1525 fuerit,
2083 1470 2269 1530 utpote
2288 1462 2380 1531 qui
2405 1477 2505 1516 nec
2530 1461 2888 1516 ethnicismus
2899 1464 2983 1513 est
2998 1457 3444 1527 neeJudaismus,

1872 1552 2015 1606 inter
2054 1561 2344 1621 utrumque
2371 1550 2547 1605 media
2570 1550 2951 1620 antiquissima
2984 1549 3231 1618 quaedam
3262 1552 3443 1607 cultus

1870 1642 2042 1696 divini
2081 1641 2481 1696 administratio
2539 1656 2601 1695 ac
2648 1650 2842 1707 status,
2883 1655 3163 1709 genusque
3201 1641 3443 1710 philoso-

199 1732 496 1803 ἀνθρώποις
525 1740 638 1803 τοῖς
682 1740 802 1793 καθ’
837 1743 963 1813 ὅλης
1002 1744 1099 1816 τῆς
1132 1746 1454 1817 οἰκουμένης
1490 1748 1755 1819 νενομοθε-

1872 1730 2012 1801 phiae
2033 1731 2487 1797 vetustissimum,
2548 1730 2642 1786 sed
2685 1746 2877 1786 recens
2917 1731 3174 1785 omnibus
3204 1732 3442 1785 homini-

203 1826 432 1897 τημένη’
463 1828 603 1883 ὥστε
634 1832 727 1885 τὸν
768 1834 825 1899 ἐξ
858 1834 1216 1907 Ἑλληνισμοῦ
1252 1837 1344 1890 ἐπὶ
1389 1838 1480 1891 τὸν
1508 1840 1755 1909 Χριστια-

1870 1825 1973 1879 bus
2005 1840 2099 1894 per
2131 1825 2443 1879 universum
2493 1832 2761 1878 terrarum
2799 1824 2985 1878 orbem
3017 1825 3285 1879 sancitum
3316 1840 3328 1874 :
3363 1824 3437 1877 ita

210 1916 385 1985 νισμὺν
415 1920 827 1992 μετατιθέμενον
848 1924 946 1976 οὐκ
973 1925 1065 1976 ἐπὶ
1093 1924 1419 1996 Ἰουδαῖσμὸν
1448 1926 1755 1979 ἐκπίπτειν·

1871 1916 2049 1985 utqui
2080 1916 2151 1969 ab
2179 1916 2506 1971 ethnicismo
2550 1917 2618 1970 ad
2668 1916 3146 1972 Christianismum
3216 1918 3439 1983 transit,

212 2010 309 2062 οὐδ’
338 2005 398 2063 αὖ
431 2012 590 2066 πάλιν
620 2016 685 2067 ὲκ
713 2016 814 2085 τῆς
850 2014 1141 2088 Ἰουδαϊκῆς
1162 2018 1610 2090 ὲθελοθρησκείας
1637 2021 1755 2073 ἀνα-

1868 2023 1980 2061 non
2011 2007 2065 2059 in
2112 2005 2451 2062 Judaismum
2485 2008 2734 2074 excidat;
2766 2024 2943 2078 neque
2988 2025 3202 2073 rursus,
3229 2011 3321 2079 qui
3354 2026 3440 2065 re-

212 2102 499 2174 χωροῦντα,
545 2106 707 2171 εὐθὺς
732 2109 968 2181 Ἕλληνα
1008 2110 1294 2179 γενέσθαιο
1327 2112 1417 2165 τὸν
1443 2112 1501 2165 δὲ
1535 2112 1593 2179 ἐξ
1640 2114 1767 2168 ἑκα-

211 2194 354 2266 τέρου
382 2196 675 2267 τάγματος,
718 2198 781 2251 ἔκ
809 2217 867 2252 τε
908 2200 1265 2273 Ἑλληνισμοῦ
1298 2202 1392 2255 καὶ
1432 2202 1763 2273 ’ῐουδαῖσμοῦ

216 2281 583 2354 μεθιστάμενον
615 2286 708 2338 ἐπὶ
754 2288 845 2340 τὸν
875 2287 1039 2357 μέσον
1087 2290 1341 2359 παριέναι
1380 2291 1542 2361 νόμον
1572 2309 1629 2343 τε
1672 2292 1765 2345 καὶ

215 2369 313 2437 βίον
337 2372 419 2423 τὸν
443 2373 546 2425 τῶν
576 2374 745 2428 πάλαι
774 2375 1037 2445 θεοφιλῶν
1064 2379 1157 2431 καὶ
1187 2378 1410 2432 δικαίων
1442 2379 1675 2450 ἀνδρῶν,
1704 2380 1764 2432 ὃν

212 2467 237 2516 ὀ
270 2466 441 2537 Σωτὴρ
470 2468 563 2521 καὶ
608 2470 815 2540 Κύριος
863 2472 1037 2542 ἡμῶν,
1089 2472 1301 2544 μακρὸν
1346 2472 1765 2543 ὲφησυχάσαντα

214 2557 377 2625 χρόνον
402 2601 415 2623 ,
469 2556 622 2624 αὖθις
674 2562 1011 2618 ἀνενεώσατο
1061 2563 1367 2630 ἀκολούθως
1432 2569 1543 2629 τοῖς
1599 2565 1761 2619 αὐτοῦ

214 2643 456 2709 Μωύσέως
493 2649 586 2702 καὶ
631 2649 742 2702 τῶν
790 2652 991 2706 λοιπῶν
1042 2654 1336 2726 προφητῶν
1384 2655 1511 2726 περὶ
1559 2655 1762 2711 τούτων

212 2733 365 2787 αὐτῶν
384 2735 763 2809 θεσπίσμασιν.
808 2744 894 2795 Ἐν
920 2744 1051 2812 γοῦν
1082 2749 1195 2809 τοῖς
1230 2746 1365 2817 πρὸς
1387 2746 1477 2800 τὸν
1512 2746 1761 2819 Ἀϐραὰμ

211 2832 446 2897 χρησμοῖς
473 2832 635 2897 αὐτὸς
668 2836 697 2887 ὁ
731 2837 972 2906 Μωῦσῆς
1019 2838 1328 2909 ἀναγράφει
1360 2839 1649 2904 θεσπίζων,
1685 2839 1760 2903 ὡς

209 2917 277 2969 ὅτι
303 2920 648 2992 μελλήσουσιν
675 2927 731 2977 ἐν
764 2926 1011 2999 ὑστέροις
1043 2929 1173 2981 ποτὲ
1206 2930 1436 3001 χρόνοις,
1466 2932 1563 3002 οὐχ
1586 2932 1634 2984 οἱ
1667 2931 1756 2984 τοῦ

217 3010 438 3083 ’Δϐραάμ
495 3016 793 3083 ἀπόγονοι,
852 3020 960 3072 οὐδ’
994 3022 1041 3073 οἱ
1095 3023 1158 3075 ὲκ
1216 3023 1531 3093 σπέρματος
1593 3025 1756 3078 αὐτοῦ

213 3099 459 3157 Ἰουδαῖον
509 3106 646 3159 ἀλλὰ
700 3108 809 3180 γὰρ
852 3112 1021 3163 πᾶσαι
1048 3112 1103 3165 αί
1145 3112 1307 3182 φυλαὶ
1339 3113 1439 3183 τῆς
1490 3114 1613 3184 γῆς,
1666 3116 1760 3167 καὶ

1868 2098 2015 2153 cedit
2036 2098 2102 2152 ab
2128 2097 2357 2153 Judaico
2387 2099 2696 2153 voluntario
2731 2100 2906 2163 cultu,
2938 2101 3120 2155 statim
3147 2101 3238 2153 ﬁat
3265 2101 3439 2156 ethni-

1868 2206 2006 2246 cus:
2043 2191 2137 2246 sed
2168 2194 2261 2262 qui
2301 2201 2533 2262 utroque
2579 2192 2772 2248 ordine
2795 2193 3009 2256 relicto.
3053 2193 3439 2250 ethnicismum

1866 2282 2070 2337 deserit
2099 2290 2262 2354 atque
2290 2281 2654 2347 Judaismum,
2714 2284 2762 2339 is
2812 2284 3045 2339 mediam
3090 2285 3236 2339 subit
3266 2285 3437 2355 legem

1866 2376 2142 2443 vitamque
2163 2377 2465 2444 priscorum
2487 2376 2934 2431 charissimorum
2972 2377 3080 2431 Deo
3095 2377 3435 2445 etjustorum

1866 2470 2129 2534 virorum,
2167 2486 2329 2540 quam
2362 2468 2613 2524 Salvator
2655 2486 2719 2524 ac
2777 2469 3039 2523 Dominus
3066 2478 3273 2531 noster,
3310 2484 3436 2522 cum

1865 2578 1962 2633 per
1984 2563 2206 2633 longum
2235 2564 2324 2617 illa
2355 2570 2572 2632 tempus
2601 2562 2884 2631 consopita
2911 2562 3195 2630 iacuisset,
3223 2562 3434 2616 excita-

1864 2655 1941 2708 vit
1969 2656 2162 2709 iterum
2193 2656 2646 2722 instauravitque,
2671 2658 2744 2707 ita
2791 2655 2869 2707 uti
2927 2653 3092 2708 Mosis
3126 2661 3179 2707 et
3210 2662 3436 2707 czetero-

1862 2760 1984 2799 rum
2022 2746 2407 2815 prophetarum
2458 2745 2685 2799 vocibus
2740 2744 2844 2797 hoc
2881 2744 3058 2813 ipsum
3115 2744 3434 2813 praedictum

1865 2835 2058 2890 fuerat.
2097 2835 2229 2889 Nam
2270 2842 2323 2889 et
2354 2836 2408 2889 in
2434 2836 2695 2898 oraculis,
2756 2850 2878 2904 quae
2939 2834 3247 2888 Abrahamo
3293 2835 3435 2889 edita

1862 2928 2123 2982 divinitus
2150 2927 2325 2983 Moses
2351 2936 2604 2989 testatur,
2645 2928 3005 2998 scribitquod
3058 2928 3259 2982 futuris
3305 2929 3433 2980 olim

1861 3022 2195 3089 temporibus
2228 3038 2335 3075 non
2362 3022 2654 3075 Ahrahami
2679 3022 2880 3089 posteri
2916 3030 2968 3076 et
2991 3038 3057 3076 ex
3083 3022 3291 3077 semine
3316 3022 3433 3091 ejus

1861 3111 2108 3181 prognati
2138 3110 2331 3171 Judaei.
2390 3111 2483 3165 sed
2541 3127 2731 3167 omnes
2768 3113 2943 3166 tribus
2976 3120 3134 3167 terra:
3162 3121 3215 3167 et
3243 3128 3434 3168 omnes

202 3194 357 3294 πάντα
386 3198 450 3251 τά
470 3198 597 3268 ἔθνη
634 3202 726 3254 ἐπὶ
748 3202 823 3272 τῷ
849 3204 1018 3275 ὁμοίῳ
1047 3205 1232 3276 τρόπῳ
1260 3206 1360 3277 τῆς
1387 3206 1481 3259 τοῦ
1510 3206 1755 3280 Ἀϐραὰμ

1861 3211 2048 3274 gentes
2078 3219 2171 3271 per
2202 3203 2435 3257 similem
2466 3203 2648 3257 cultus
2678 3203 2774 3258 Dei
2816 3204 3082 3257 rationem
3122 3220 3231 3273 quo
3256 3204 3433 3259 Abra-

197 3284 503 3355 θεοσεϐείας,
555 3292 803 3361 εὐλογίας
860 3296 1011 3366 παρὰ
1052 3297 1186 3357 Θεοῦ
1232 3298 1754 3370 καταξιωθήσεσθαι.

193 3380 379 3450 Γράφει
415 3383 472 3437 δὲ
505 3384 711 3450 οὕτως’
743 3406 761 3438 ι
794 3389 904 3442 Καὶ
944 3385 1064 3443 εἷπε
1116 3390 1321 3461 Κύριος
1340 3391 1424 3462 ⁸τῷ
1470 3390 1751 3464 ’Ᾱϐρσάμο

191 3472 394 3537 Ἔξελθε
422 3478 486 3529 ἐκ
515 3478 615 3545 τῆς
644 3478 746 3548 γῆς
781 3493 874 3531 σου
908 3481 1003 3532 καὶ
1040 3483 1103 3533 ἐκ
1136 3480 1236 3551 τῆς
1277 3481 1593 3549 συγγενείας
1638 3500 1753 3549 σου,

183 3567 266 3616 καὶ
289 3568 350 3618 ἐκ
382 3566 478 3619 τοῦ
511 3567 659 3622 οἴκου
693 3570 787 3624 τοῦ
828 3572 1034 3643 πατρός
1065 3589 1179 3635 σου,
1203 3574 1297 3626 καὶ
1326 3573 1487 3645 δεῦρο
1519 3576 1599 3637 είς
1629 3575 1753 3645 γῆν,

182 3657 240 3724 ἦν
269 3657 331 3710 ἀν
358 3676 443 3712 σοι
478 3659 655 3725 δείξω.
689 3663 799 3715 Καὶ
835 3664 1044 3734 ποιήσω
1070 3681 1129 3717 σε
1156 3666 1235 3728 είς
1268 3664 1419 3730 ἔθνος
1448 3667 1589 3737 μέγα
1610 3683 1623 3697 ·
1661 3668 1754 3720 καὶ

178 3747 450 3820 εὐλογήσω
494 3766 577 3815 σε,
615 3752 708 3805 καὶ
753 3752 1038 3823 μεγαλυνῶ
1069 3756 1130 3809 τὸ
1158 3755 1328 3826 ϐνομά
1362 3773 1486 3821 σου,
1521 3758 1613 3811 καὶ¹
1655 3757 1751 3829 ἔσῃ

176 3839 550 3911 εὐλογημένος.
574 3843 684 3897 Kal
714 3843 991 3915 εὐλογήσω
1018 3847 1145 3909 τοὺς
1169 3847 1522 3916 εὐλογοῦντάς
1544 3865 1625 3907 σε.
1657 3850 1752 3902 καὶ

176 3933 292 3994 τούς
320 3934 745 4005 καταρωμένους
789 3953 848 3989 σε
891 3937 1295 4009 καταράσομαι,
1336 3939 1430 3993 καὶ
1476 3940 1752 4010 ὲνευλογη-

177 4024 423 4092 θήσονται
458 4028 517 4078 ὲν
548 4027 631 4079 σοὶ
663 4029 834 4081 πᾶσαι
864 4032 917 4082 αἱ
948 4030 1111 4097 φυλαὶ
1134 4031 1232 4100 τῆς
1258 4032 1379 4102 γῆς.
1410 4051 1428 4082 ι
1457 4033 1566 4085 Καὶ
1592 4033 1750 4087 πάλιν

174 4118 199 4166 ὁ
246 4114 376 4181 Θεὸς
422 4112 580 4170 εἴπεο
625 4138 643 4170 ι
687 4120 778 4192 Μὴ
826 4121 1017 4191 κρύψω
1050 4122 1163 4191 ἐγὼ
1202 4123 1311 4176 ἀπὸ
1358 4123 1607 4195 Ἀϐραὰμ
1654 4125 1748 4179 τοῦ

179 4208 354 4272 tum};
389 4228 491 4279 μου
516 4210 552 4265 ἃ
571 4210 683 4281 ἐγὼ
713 4213 886 4276 ποιῶ;
931 4212 1179 4287 Ἀϐραάμ
1206 4215 1263 4269 δὲ
1286 4217 1576 4287 γενόμενος
1596 4216 1748 4272 ἔσται

178 4301 247 4361 εἰς
271 4299 421 4363 ἔθνος
470 4301 613 4371 μέγα
656 4304 748 4356 καὶ
794 4303 944 4357 πολύ.
993 4307 1103 4359 Καὶ
1132 4305 1643 4378 ἐνευλογηθήσονται
1690 4309 1748 4361 ἐν

179 4389 310 4460 αὐτῷ
342 4390 526 4443 πάντα
564 4392 631 4446 τά
670 4392 800 4463 ἔθνη
833 4394 929 4465 τῆς
964 4396 1088 4465 γῆς.
1124 4415 1142 4446 ι
1182 4396 1305 4459 [Ῑῶς
1341 4396 1385 4449 δ’
1426 4395 1491 4450 ἂν
1525 4397 1747 4467 ἔμελλον

178 4479 243 4549 τῷ
282 4481 535 4553 ’ἑϐραάμ
584 4483 1100 4556 ὲνευλογηθησεσθαι
1134 4487 1312 4541 πάντα
1352 4487 1421 4540 τά
1454 4488 1615 4559 ἔθνη,
1652 4492 1746 4544 καὶ

1864 3295 2078 3360 hamus,
2120 3295 2554 3349 benedictionem
2596 3295 2836 3348 divinam
2887 3302 3076 3349 essent
3131 3295 3429 3351 obtenturi.

1861 3386 1938 3440 Ita
1969 3385 2114 3440 enim
2140 3386 2216 3438 ait
2244 3387 2303 3439 ει
2342 3405 2361 3437 ι
2404 3385 2469 3438 Ει
2510 3386 2649 3439 dixit
2707 3384 2972 3439 Dominus
2995 3386 3060 3440 ad
3111 3384 3427 3438 Abraham:

1862 3476 2049 3532 Exide
2074 3485 2218 3532 terra
2256 3489 2366 3538 tua.
2397 3478 2535 3532 etde
2562 3479 2890 3547 cognatione
2916 3485 3029 3539 tua,
3081 3484 3127 3531 et
3168 3492 3230 3530 ex
3267 3475 3429 3530 domo

1859 3570 2032 3638 patris
2066 3572 2165 3629 toi,
2190 3579 2243 3624 et
2270 3572 2406 3623 vade
2450 3571 2501 3622 in
2529 3577 2728 3623 terram
2760 3583 2920 3637 quam
2951 3569 3051 3622 tibi
3088 3570 3431 3622 demonstra-

1856 3673 2004 3712 vero.
2033 3656 2099 3710 Et
2122 3658 2313 3719 faciam
2345 3667 2395 3712 te
2446 3660 2499 3711 in
2528 3664 2741 3728 gentem
2781 3673 3031 3728 magnam
3067 3676 3080 3711 :
3113 3665 3167 3711 et
3203 3654 3430 3710 benedi-

1856 3766 1974 3805 cam
2004 3758 2080 3809 te.
2110 3759 2164 3805 et
2186 3750 2543 3821 magnificabo
2564 3766 2759 3806 nomen
2792 3758 2969 3815 tuum,
3003 3758 3057 3805 et
3110 3751 3222 3805 eris
3264 3751 3429 3804 bene-

1854 3845 2053 3903 dictus.
2088 3845 2153 3898 Et
2181 3844 2496 3901 benedicam
2523 3845 2909 3901 benedicentes
2934 3855 3005 3908 te,
3029 3854 3082 3899 et
3108 3843 3426 3900 maledicam

1854 3936 2240 3992 maledicentes
2271 3945 2342 4000 te,
2375 3944 2429 3991 et
2455 3935 2844 3991 benedicentur
2868 3937 2923 3990 in
2957 3945 3010 3990 te
3038 3950 3229 3989 omnes
3252 3934 3427 3990 tribus

1854 4033 2030 4081 terrae.
2065 4027 2288 4097 tAtque
2311 4029 2506 4081 iterum
2534 4027 2674 4081 dixit
2702 4026 2844 4079 Deus
2871 4029 2923 4076 ἰ
2967 4044 2987 4076 ι
3020 4026 3273 4093 Nunquid
3309 4025 3428 4079 ζώει

1852 4119 2083 4172 condam
2124 4134 2223 4187 ego
2275 4118 2343 4172 ab
2384 4118 2693 4172 Abrahamo
2726 4133 2887 4175 servo
2953 4133 3094 4179 meo,
3154 4132 3275 4186 quae
3322 4130 3427 4187 ego

1853 4210 2028 4265 facio?
2067 4210 2340 4266 Abraham
2374 4219 2554 4265 autem
2613 4211 2701 4264 fiet
2730 4211 2782 4265 in
2814 4220 3027 4281 gentem
3079 4224 3328 4279 magnam
3373 4217 3426 4266 et

1852 4306 2096 4358 multam.
2127 4304 2190 4359 Et
2215 4304 2603 4359 benedicentur
2630 4303 2680 4355 in
2696 4318 2761 4356 eo
2783 4317 2972 4356 omnes
3000 4308 3185 4371 gentes
3208 4308 3383 4353 terra}.
3400 4318 3423 4350 ι

1850 4397 2134 4464 Quomodo
2160 4405 2339 4450 autem
2365 4396 2419 4449 in
2456 4394 2767 4448 Abrahamo
2817 4392 3201 4449 benedicemlat
3239 4400 3426 4447 essent

1849 4502 2039 4542 omnes
2067 4494 2255 4556 gentes
2293 4493 2348 4540 et
2405 4500 2595 4539 omnes
2624 4485 2802 4538 tribus
2862 4494 3037 4545 terrae,
3103 4484 3148 4547 si
3201 4481 3425 4551 quidem

180 4572 331 4624 πᾶσαι
369 4574 431 4625 αἱ
475 4572 638 4641 φυλαὶ
670 4574 772 4643 τῆς
814 4574 947 4645 γῆς,
985 4577 1033 4627 εί
1075 4576 1244 4646 μηδέν
1286 4592 1340 4627 τι
1380 4579 1745 4648 προσήκοντες

1858 4577 1997 4631 nulla
2031 4577 2243 4631 ratione
2265 4592 2388 4631 eum
2429 4575 2810 4644 contingerent
2837 4614 2853 4635 ,
2898 4589 3075 4642 neque
3133 4572 3297 4625 animi
3334 4586 3424 4624 ra-

181 4662 405 4734 ὑπῆρχον
431 4665 602 4736 αὐτῷ,
643 4668 779 4737 μήτε
809 4668 949 4721 κατά
980 4667 1161 4738 ψυχῆς
1190 4667 1410 4739 τρόπον,
1441 4671 1577 4741 μήτε
1605 4670 1745 4725 κατά

184 4752 415 4824 σώματος
443 4757 801 4825 συγγένειαν;
840 4760 950 4829 Τῆς
984 4776 1043 4812 τε
1076 4758 1185 4831 γάρ
1224 4760 1364 4814 κατά
1400 4761 1578 4833 σάρκα
1612 4780 1743 4832 συγ-

181 4849 372 4915 γενείας
400 4849 487 4911 τίς
513 4845 582 4920 ἦν
609 4850 865 4921 πρὸςτὸν
902 4850 1150 4922 Ἀϐραὰμ
1172 4851 1477 4919 συγγένεια.
1510 4854 1743 4918 Σκύθαις

184 4941 293 5020 φέρε
326 4944 524 5004 εἰπεῖν,
560 4943 592 5012 ἢ
636 4943 980 5010 Αἰγυπτίοις,
1012 4942 1045 5012 ἢ
1088 4942 1353 5011 Αἰθίοψιν,
1396 4944 1429 5015 ἢ
1469 4945 1673 5008 Ἰνδοῖς,
1707 4947 1739 5015 ἢ

185 5029 558 5101 Βρεττανοῖς,ῆ
592 5032 939 5103 Ἰσπανοίςςῆ
964 5033 1081 5097 πῶς
1104 5033 1172 5086 ἂν
1193 5034 1367 5087 ταῦτα
1394 5035 1462 5088 τά
1490 5035 1618 5105 ἔθνη
1649 5038 1743 5089 καὶ

187 5122 250 5175 ἑτι
266 5125 326 5177 τά
338 5123 544 5177 τούτων
568 5125 928 5195 ἀπῳκισμένα
944 5125 1039 5195 τῆς
1060 5124 1195 5195 πρὸς
1210 5124 1301 5177 τὸν
1330 5124 1577 5195 Ἀϐραὰμ
1599 5128 1742 5180 κατά

189 5214 340 5284 σάρκα
383 5215 704 5283 συγγενείας
759 5216 917 5287 χάριν
965 5215 1190 5286 ἔμελλον
1242 5215 1737 5287 εὐλογηθήσεσθαις

198 5307 311 5359 Ἀλλ’
341 5308 463 5362 οὐδὲ
496 5309 595 5377 τῆς
629 5307 769 5360 κατά
796 5307 972 5377 ψυχὴν
1010 5307 1256 5375 εὐλογίας
1279 5310 1424 5371 εἰκὸς
1452 5304 1519 5378 ἦν
1553 5327 1741 5362 κοινω-

190 5400 344 5468 νήσειν
387 5399 466 5469 τῷ
509 5398 758 5470 Ἀϐραὰμ
792 5399 970 5451 πάντα
1006 5400 1077 5451 τὰ
1117 5399 1265 5469 ἔθνη.
1308 5400 1433 5463 Πῶς
1465 5401 1605 5470 γάρς
1650 5401 1739 5453 ὅτε

192 5490 243 5542 τά
272 5491 361 5559 μὲν
382 5490 565 5543 αὐτῶν
588 5488 876 5560 ἐκθέσμοις
912 5490 1316 5562 μητρογαμίαις
1349 5493 1445 5547 καὶ
1478 5491 1739 5565 θυγατρο-

194 5583 397 5652 μιξίαις,
450 5583 521 5637 τά
568 5584 612 5635 δ’
658 5583 973 5646 ἀκολάστοις
1025 5584 1261 5654 ὁμιλίαις
1310 5585 1554 5657 ἀρρένων
1602 5586 1737 5657 πρὸς

192 5676 392 5747 ἀῤῥενας
425 5676 748 5749 ἀνεφύρετο,
783 5676 850 5728 τὰ
886 5676 943 5729 δὲ
984 5676 1079 5747 τὴν
1114 5676 1393 5731 εὐσέϐειαν
1429 5679 1486 5732 ἐν
1529 5677 1737 5749 ἀνθρω-

251 5874 425 5943 'ch.
477 5890 575 5933 xtl,
624 5870 731 5933 1-5.
846 5871 864 5903 ⁹
904 5870 1038 5928 Gen.
1082 5888 1236 5938 xvm,
1274 5874 1359 5935 l7.

1850 4669 2016 4732 tione,
2050 4684 2226 4737 neque
2277 4667 2603 4744 cognatione
2660 4666 2948 4735 corporis?
2980 4664 3115 4719 Nam
3159 4662 3304 4733 quod
3353 4663 3422 4718 ad

1847 4760 2091 4829 corporis
2120 4760 2498 4829 cognationem
2532 4759 2745 4821 attinet,
2772 4773 3019 4828 quaenam
3041 4771 3248 4826 quaeso,
3293 4770 3417 4809 eum

1845 4848 2154 4903 Abrahamo
2206 4848 2492 4901 intercedit
2546 4846 2925 4916 propinquitas
2957 4884 2972 4909 ,
3028 4843 3245 4914 Scythis
3272 4840 3418 4896 verbi

1845 4944 2020 5015 gratia
2052 4945 2133 4997 vel
2158 4942 2449 5013 IEgyptiis,
2488 4953 2580 4997 aut
2602 4941 2978 5011 Ethiopibus,
3012 4940 3179 5004 Indis,
3204 4940 3421 4993 Britan‘

1844 5035 1931 5089 nis
1960 5034 2043 5088 vel
2078 5033 2366 5102 Hispanis?
2419 5041 2513 5085 aut
2559 5036 2835 5102 quomodo
2866 5032 2947 5085 lue
2973 5038 3162 5101 gentes
3212 5028 3296 5081 vel
3349 5026 3418 5079 ab

1843 5127 1929 5187 his
1958 5126 2121 5181 etiam
2144 5127 2487 5192 remotiores,
2540 5123 2922 5181 henedicenda:
2950 5121 3171 5177 fuerunt
3196 5123 3415 5185 propter

1841 5217 2219 5288 cognationem
2244 5230 2367 5268 cum
2404 5212 2735 5275 Abrahamo,
2770 5210 2914 5280 quod
2946 5208 3011 5262 ad
3035 5218 3253 5260 carnem
3290 5216 3416 5270 per-

1842 5309 2010 5363 tinet?
2038 5306 2144 5362 Sed
2169 5322 2345 5374 ueque
2371 5304 2516 5374 quod
2555 5302 2625 5357 ad
2671 5303 2977 5355 animorum
3008 5294 3411 5366 cognationem,

1840 5408 1958 5453 erat
1989 5412 2298 5467 congruens
2327 5404 2516 5467 gentes
2548 5408 2737 5449 omnes
2768 5392 2834 5445 de
2868 5387 3241 5444 benedictione
3261 5400 3415 5438 com-

1840 5490 1993 5544 muni
2021 5504 2145 5543 cum
2195 5488 2505 5542 Ahrahamo
2534 5483 2881 5553 participare.
2925 5479 3028 5545 Qui
3066 5476 3255 5533 enim?
3285 5489 3408 5529 cum

1840 5583 1959 5636 alia:
1986 5581 2251 5635 nefandas
2280 5586 2513 5632 matrum
2545 5572 2766 5643 nuptias
2794 5572 2878 5628 vel
2926 5571 3158 5625 filiarum
3206 5581 3413 5624 concu-

1837 5674 1984 5731 bitus
2007 5673 2319 5745 probarent,
2363 5669 2483 5729 alia:
2520 5668 2829 5741 polluerunt
2861 5679 2981 5721 sese
3028 5662 3234 5717 incesta
3259 5672 3408 5713 tutare
