4018 6514
553 398 625 452 27
1101 410 1110 420 '
1184 397 1452 453 EUSEBll
1486 400 1968 458 CJESABIENSIS
2003 400 2134 456 OPP

2236 401 2382 457 ἈΚΒ
2419 401 2484 458 11.
2517 433 2590 445 --
2629 403 3136 461 APOLOGETICA.
3723 403 3797 456 '28

555 532 679 570 cum
712 516 954 571 maribus
984 515 1212 572 libidine
1247 535 1262 571 :
1297 517 1387 571 alii
1423 518 1630 572 cultum
1662 516 1914 573 Numinis
1942 517 1998 571 in
2021 517 2120 572 ho-

2236 518 2529 583 ποθυσὶαις,
2565 521 2658 573 καὶ
2700 518 2853 584 ζώων
2888 519 3095 588 ἀλόγων
3128 515 3424 579 θεοποιίαις
3445 553 3460 578 ,
3495 513 3704 586 ἀψύχου
3737 531 3796 568 τε

556 608 1184 669 minibusimmolandis,
1221 607 1305 662 vel
1353 606 1535 662 divina
1575 608 1926 663 veneratione
1953 609 2128 663 brutis

555 699 927 753 animantibus
955 707 1050 752 aut
1104 697 1288 762 idolis,
1325 713 1403 752 ex.
1426 698 1666 753 inanima
1696 699 1924 752 materia
1957 697 2130 752 fabri-

553 791 694 846 catis
712 790 948 844 exbibita
985 798 1272 860 ponerent,
1298 791 1382 845 vel
1407 789 1460 844 in
1495 791 1786 860 spirituum
1815 790 2130 860 multiplicis

554 885 762 940 erroris
791 891 1072 938 auctorum
1109 881 1592 953 superstitionibus
1613 884 1950 938 collocarent
1974 899 1986 934 :
2015 883 2134 938 alia:

555 977 710 1030 vivos
735 981 1026 1030 exurerent
1051 983 1210 1030 aztate
1241 974 1635 1045 provectiores,
1676 975 1793 1029 alia:
1817 974 1982 1030 etiam
2003 975 2136 1028 cha-

557 1068 806 1123 rissimos
831 1081 938 1122 non
971 1067 1284 1122 dubitarent
1320 1065 1556 1121 flammis
1609 1066 1850 1130 tradere,
1876 1067 1996 1121 aliae
2023 1067 2133 1122 vita

557 1159 914 1228 spoliatorum
950 1157 1099 1213 vesci
1132 1157 1392 1212 carnibus
1427 1157 1713 1228 pulchrum
1758 1165 1813 1212 et
1833 1157 1980 1228 pium
2014 1173 2136 1213 esse

556 1251 953 1307 existimarent.
987 1249 1272 1316 Quomodo
1301 1249 1465 1320 igitur
1479 1265 1574 1306 eos
1589 1250 1681 1320 qui
1710 1255 1818 1303 tam
1843 1249 2134 1304 belluinam

557 1343 822 1421 ducerent
845 1342 1032 1408 vitam,
1074 1351 1501 1397 consentaneum
1563 1351 1682 1396 erat
1739 1341 2136 1396 benedictionis

555 1433 661 1487 viri
692 1431 800 1487 Deo
825 1431 1136 1487 charissimi
1170 1430 1284 1485 ﬁeri
1309 1440 1614 1496 consortes,
1643 1433 1750 1486 nisi
1796 1434 1983 1502 utique
2025 1432 2134 1488 bel-

559 1525 708 1579 luina
748 1525 839 1578 illa
863 1524 973 1578 vita
1013 1524 1224 1593 abiecta
1274 1530 1328 1578 et
1354 1525 1564 1587 relicta,
1591 1526 1934 1580 consimilem
1967 1525 2136 1580 Abra-

556 1617 720 1669 liamo
746 1615 1000 1684 pietatem
1025 1613 1320 1683 aliquando
1350 1623 1536 1670 essent
1559 1617 1894 1686 amplexuri?
1922 1615 2058 1670 Nam
2083 1627 2138 1672 et

559 1707 651 1763 ille
685 1708 987 1777 alienigena
1015 1716 1068 1763 et
1103 1709 1316 1762 alienus
1350 1708 1667 1777 perhibetur
1711 1710 1778 1763 ad
1816 1724 1936 1764 eam
1971 1725 2137 1780 quam

557 1797 753 1852 deinde
777 1797 1057 1868 professus
1074 1809 1157 1853 est
1183 1800 1470 1854 transiisse
1506 1799 1784 1869 pietatem,
1827 1801 2138 1872 avitamque

559 1890 1000 1959 superstitionem
1059 1890 1394 1955 deseruisse,
1458 1891 1703 1955 domum,
1729 1895 2136 1962 cognationem,

557 1997 739 2038 mores
769 1983 978 2052 patrios
1005 1990 1058 2037 et
1083 1984 1224 2048 vitae.
1279 1983 1335 2036 in
1390 1999 1496 2053 qtta
1546 1984 1762 2054 genitus
1790 1992 1929 2049 erat,
1969 1984 2138 2039 ratio-

557 2089 684 2130 nem
731 2076 954 2130 missam
986 2074 1218 2142 fecisse;
1273 2076 1380 2132 Deo
1425 2086 1606 2131 autem
1662 2093 1785 2136 esse
1819 2077 2136 2144 obsecutus,

557 2167 651 2236 qui
677 2171 838 2221 etiam
869 2168 1090 2222 oracula
1120 2169 1343 2238 scriptis
1367 2168 1579 2239 prodita
1615 2169 1692 2223 illi
1724 2169 1914 2224 edidit.
1949 2170 2006 2224 Si
2037 2170 2141 2241 igi-

557 2267 648 2314 tur
678 2260 851 2316 Moses
905 2261 996 2330 qui
1034 2271 1157 2330 post
1207 2260 1578 2316 Abraltamum
1630 2262 1864 2324 exstitit.
1915 2271 2139 2321 etram-

558 2352 830 2424 publicam
895 2368 990 2423 per
1033 2353 1407 2423 promulgatas
1460 2367 1491 2406 a
1538 2369 1596 2408 se
1639 2353 1785 2423 leges
1824 2351 2138 2408 Judaeorttm

556 2444 705 2513 genti
754 2443 1002 2498 condidit
1048 2457 1112 2496 ac
1167 2443 1434 2509 fundavit,
1464 2445 1802 2514 ejuscemodi
1834 2446 1980 2518 leges
2011 2463 2138 2502 san-

557 2535 748 2599 xisset,
784 2551 923 2605 quas
949 2537 1048 2592 viri
1087 2537 1197 2594 Deo
1231 2537 1382 2592 citari
1421 2548 1548 2592 ante
1577 2554 1701 2594 eum
1737 2546 1888 2593 recte
1927 2539 2137 2609 agendo

558 2627 942 2681 oltservassent
963 2668 978 2690 ,
1023 2636 1077 2683 et
1097 2646 1218 2691 qua:
1248 2630 1506 2684 omnibus
1537 2630 1790 2699 gentibus
1813 2645 2134 2699 congruere,

560 2725 830 2773 utontnes
861 2721 1037 2773 tribus
1083 2730 1240 2774 terrae
1289 2728 1344 2774 et
1399 2735 1590 2774 onities
1613 2728 1802 2790 gentes
1829 2722 2134 2778 secundum

559 2806 726 2862 Musis
755 2811 1200 2864 constitutionem
1235 2809 1401 2864 Deum
1428 2811 1669 2864 colerent
1695 2828 1709 2864 :
1739 2811 1821 2865 fas
1852 2819 1970 2866 erat
1992 2812 2137 2864 allir-

559 2917 730 2959 mare.
756 2903 899 2970 quod
943 2918 1136 2958 omnes
1184 2920 1251 2958 ex
1301 2904 1559 2958 otnnibus
1591 2905 1848 2974 gentibus
1876 2905 2043 2958 Deum
2067 2923 2135 2962 ex

561 2993 676 3062 lege
715 2993 948 3047 lllusaica
979 2995 1065 3064 pie
1095 2996 1338 3051 colentes
1371 3007 1426 3051 et
1469 2996 1813 3055 Judaismuni
1838 3009 2131 3066 sectantes,

556 3079 868 3154 Jutlmisque
897 3087 1197 3140 secundum
1234 3087 1401 3157 legem
1457 3089 1805 3158 coniunctos,
1836 3091 2133 3147 Abrahatni

2233 610 2364 682 ὕλης
2403 611 2657 682 ίδρύμασι
2691 613 2783 666 καὶ
2809 612 3132 682 πνευμάτων
3165 607 3511 662 πολυπλανῶν
3541 606 3802 660 δεισιδαι-

2235 703 2446 774 μονίαις
2491 702 2796 756 ἀνετίθετο·
2839 702 2909 756 τὰ
2962 703 3018 755 δὲ
3074 700 3279 767 ζῶντας
3321 699 3639 753 κατακαίειν
3673 700 3800 764 τοὺς
3901 721 3924 787 ξ

2231 793 2640 865 γεγηρακότας·
2683 793 2750 846 τὰ
2790 792 2848 846 δὲ
2900 791 3032 863 πυρὶ
3085 791 3210 854 τούς
3245 789 3528 857 φιλτάτους
3571 787 3807 858 παραδι-

2230 884 2376 937 δόναι
2401 901 2413 914 ο
2449 882 2519 936 τὰ
2555 884 2612 937 δὲ
2660 885 2754 938 καὶ
2809 883 3016 955 νεκρῶν
3056 880 3418 950 ἀπογεύεσθαι
3457 878 3618 933 καλὸν
3662 874 3804 932 εἶναι

2233 975 2329 1029 καὶ
2369 974 2588 1038 εὐσεϐὲς
2636 977 2840 1045 ἠγεῖτο.
2890 973 3015 1037 Πῶς
3046 969 3138 1027 οὖν
3170 973 3293 1036 τούς
3345 973 3401 1026 ἐν
3448 971 3527 1042 τῷ
3576 969 3802 1040 τοιούτῳ

2234 1065 2484 1138 θηριώδει
2519 1067 2618 1138 βίῳ
2657 1065 3033 1138 προηγμένους
3065 1065 3164 1136 τῆς
3191 1063 3284 1118 τοῦ
3321 1063 3599 1133 θεοφιλοῦς
3633 1078 3802 1133 μετα-

2236 1161 2382 1229 σχεῖν
2411 1153 2520 1212 οἷόν
2550 1175 2608 1212 τε
2643 1155 2710 1229 ἦν
2743 1157 3012 1226 εὐλογίας,
3041 1157 3090 1210 εί
3141 1157 3212 1228 μή
3253 1157 3371 1209 ποτ’
3412 1155 3518 1227 ἄρα
3567 1153 3664 1225 τῆς
3708 1152 3805 1224 θη-

2238 1248 2453 1321 ριωδίας
2491 1247 2915 1320 μεταϐαλόντες,
2956 1245 3049 1299 τοῦ
3097 1244 3277 1317 ὁμοίου
3309 1244 3508 1315 τρόπου
3562 1243 3659 1314 τῆς
3707 1239 3806 1294 τοῦ

2250 1340 2500 1411 Ἀϐραάμ
2549 1339 2858 1403 θεοσεϐείας
2899 1337 3129 1410 ἦμελλόν
3177 1353 3306 1390 ποτε
3365 1333 3805 1407 μεταλήψεσθαις

2249 1434 2400 1486 Ἐπεὶ
2428 1436 2674 1497 κάκεῖνος
2712 1432 3001 1504 ἀλλοεθνὴς
3039 1449 3122 1495 τις
3161 1430 3236 1483 ῶν
3279 1431 3372 1483 καὶ
3399 1429 3702 1500 ἀλλότριος,
3735 1421 3810 1498 ἦς

2237 1524 2464 1598 ὕστερον
2507 1524 2766 1596 μετῆλθεν
2797 1523 3074 1584 εὐσεϐείας
3112 1521 3324 1589 λέγεται
3372 1517 3810 1592 μετατεθεῖσθαι,

2237 1617 2331 1670 καὶ
2381 1615 2480 1686 τῆς
2538 1615 2807 1686 πατρικῆς
2859 1611 3274 1681 δεισιδαιμονίας
3333 1607 3811 1681 μεταϐεϐλῆσθαι,

2237 1706 2382 1762 οἶκόν
2413 1726 2472 1761 τε
2507 1708 2600 1760 καὶ
2631 1707 2984 1776 συγγένειαν,
3029 1707 3122 1758 καὶ
3150 1703 3243 1774 ἔθη
3293 1703 3528 1775 πάτρια,
3578 1701 3695 1772 βίου
3747 1715 3813 1754 τι

2239 1801 2478 1872 ἀγωγὴν,
2512 1802 2569 1852 ἐν
2598 1794 2941 1873 ᾖγεγέννητό
2963 1814 3022 1850 τε
3045 1798 3140 1850 καὶ
3170 1795 3461 1868 τέθραπτο,
3495 1793 3817 1847 καταλελοι-

2169 1881 2213 1936 Β
2241 1894 2400 1947 πέναι
2417 1911 2430 1923 ο
2463 1891 2888 1964 ῆκολουθηκέναι
2915 1890 2972 1942 δὲ
2999 1888 3138 1960 Θεῷ,
3159 1887 3236 1959 τῷ
3264 1889 3358 1942 καὶ
3380 1887 3504 1952 τούς
3527 1886 3814 1959 χρησμοὺς

2240 1987 2387 2058 αὐτῷ
2413 1989 2536 2052 τοὺς
2559 1984 2939 2056 ἀναγράπτους
2959 1981 3226 2036 δεδωκότι.
3251 1981 3309 2033 Ei
3337 1980 3436 2050 μὲν
3453 1975 3545 2032 οῦν
3569 1976 3814 2045 Μωῦσῆς

2244 2079 2381 2153 μετὰ
2412 2080 2502 2134 τὸν
2564 2077 2815 2150 Ἀϐραὰμ
2868 2075 3190 2146 γενόμενος,
3226 2073 3320 2126 καὶ
3368 2069 3636 2124 πολιτείαν
3684 2066 3816 2121 τινὰ

2238 2173 2326 2227 διὰ
2359 2173 2456 2244 τῆς
2489 2170 2800 2242 ἐκδοθείσης
2847 2169 2936 2221 ὐπ’
2977 2165 3140 2221 αὐτοῦ
3178 2165 3497 2236 νομοθεσίας
3545 2161 3622 2233 τῷ
3677 2162 3815 2216 ’1ου-

2238 2265 2402 2319 δαίων
2435 2264 2574 2317 ἔθνει
2616 2260 3087 2332 καταϐεϐλημένος
3127 2257 3351 2312 τοιαῦτα
3399 2254 3813 2326 ἐνομοθέτησεν,

2237 2353 2325 2412 οἷα
2352 2358 2444 2411 καὶ
2463 2359 2574 2420 τοῖς
2599 2355 2704 2428 πρὸ
2741 2352 2905 2408 αὐτοῦ
2938 2351 3205 2421 θεοφιλὲσι
3230 2347 3574 2422 κατώρθωτο,
3604 2347 3698 2401 καὶ
3720 2341 3818 2400 οἷα.

2236 2449 2459 2505 δυνατὸν
2487 2445 2554 2520 ῆν
2589 2449 2722 2502 πᾶσι
2751 2449 2862 2509 τοῖς
2902 2443 3108 2497 ἔθνεσιν
3143 2442 3524 2513 ἐφαρμόττειν,
3549 2439 3623 2502 ὡς
3652 2437 3821 2492 δύνα-

2239 2543 2360 2597 σθαι
2381 2542 2522 2596 κατὰ
2547 2541 2644 2610 τὴν
2673 2539 2950 2602 Μωῦσέως
2989 2537 3247 2608 διαταγὴν
3285 2538 3463 2597 πάσας
3500 2531 3598 2595 τας
3638 2529 3816 2599 φυλὰς

2236 2637 2335 2706 τῆς
2356 2636 2480 2706 γῆς,
2504 2634 2598 2687 καὶ
2629 2633 2804 2688 πάντα
2825 2631 2891 2686 τά
2917 2631 3046 2700 ἔθνη
3073 2629 3340 2683 θεοσεϐεῖν
3363 2644 3377 2658 ·
3406 2622 3473 2698 ἦν
3507 2627 3698 2687 εἰπεῖν,
3727 2623 3816 2676 ὅτι

2236 2727 2324 2784 διὰ
2355 2728 2450 2796 τῆς
2487 2725 2765 2789 Μωύσέως
2797 2722 3115 2795 νομοθεσίας
3151 2723 3278 2784 τούς
3310 2718 3368 2784 ἐξ
3416 2718 3669 2772 ἁπάντων
3700 2714 3815 2768 τῶν

2236 2818 2406 2876 ἐθνῶν
2455 2816 2920 2887 θεοσεϐήσαντας,
2955 2817 3050 2868 καὶ
3105 2815 3199 2867 τὸν
3267 2811 3592 2882 Ἰουδαϊσμὸν
3637 2807 3816 2879 ζηλώ-

2238 2927 2458 2974 σαντας,
2483 2910 2618 2980 πρὸς
2637 2908 2832 2971 αὐτούς
2855 2924 2912 2960 τε
2934 2907 3326 2978 γενησομένους
3349 2905 3486 2958 κατὰ
3508 2903 3596 2956 τὸν
3623 2901 3811 2970 νόμον,

2237 3001 2696 3072 εὐλογηθήσεσθαι
2747 3002 2813 3070 τῇ
2865 2997 2960 3052 τοῦ
3011 2997 3264 3069 Ἀϐραὰμ
3305 2996 3522 3067 εὐλογία
3567 2993 3812 3065 προηγό-

2239 3111 2362 3166 ρευε
2394 3093 2462 3146 τὰ
2493 3091 2669 3162 λόγια.
2701 3092 2897 3164 Ἐχρῆν
2926 3091 2983 3144 δὲ
3018 3090 3110 3143 καὶ
3139 3091 3285 3161 ἡμᾶς
3314 3088 3382 3141 τὰ
3413 3086 3563 3160 παρά
3589 3083 3818 3140 Mnibus?

559 3174 936 3231 benedictione
967 3177 1368 3232 benedicendos
1397 3194 1520 3236 esse
1538 3180 1724 3237 divina
1743 3185 1963 3238 oracula
1993 3200 2134 3257 prae-

2236 3185 2637 3256 διατεταγμένα
2675 3184 2983 3255 φυλάττειν.
3029 3183 3180 3237 Ἐπεὶ
3233 3182 3292 3236 δὲ
3338 3182 3438 3236 οὐκ
3487 3177 3556 3252 ἦν
3603 3175 3816 3277 ηλκατά

559 3267 950 3322 nuntiavcrint.
985 3267 1281 3337 Oportebat
1303 3269 1466 3322 etiam
1492 3286 1591 3326 nos
1617 3273 1761 3344 leges
1785 3289 1816 3328 a
1844 3274 1991 3330 Mose
2007 3292 2137 3332 san-

558 3356 695 3410 citas
742 3357 1056 3412 observare.
1094 3358 1231 3414 Cum
1287 3367 1468 3415 autem
1535 3364 1781 3420 conditio
1825 3367 2138 3438 reipublicae

561 3445 813 3504 Mosaicae
841 3465 948 3505 non
994 3451 1157 3505 fuerit
1213 3451 1427 3507 caeteris
1494 3469 1803 3526 congruens
1860 3459 2134 3529 gentibus,

559 3539 655 3594 sed
687 3544 1062 3598 tantummodo
1084 3543 1310 3610 Judaais,
1341 3532 1517 3616 neque
1548 3547 1702 3604 hisce
1727 3549 2020 3618 universis,
2041 3553 2137 3608 sed

561 3633 738 3686 solum
778 3637 1124 3692 versantibus
1175 3638 1231 3692 in
1289 3650 1432 3695 terra
1461 3639 1687 3697 Iudaica
1717 3663 1730 3697 :
1763 3647 2137 3701 necessarium

561 3725 786 3778 omnino
817 3735 934 3781 erat
955 3728 1116 3781 aliam
1150 3733 1417 3786 constitui
1481 3733 1771 3800 rationem,
1811 3753 1917 3806 qua
1944 3748 2138 3808 praeter

563 3814 734 3885 legem
780 3816 1071 3873 Mosaicam
1106 3831 1332 3889 possent
1371 3833 1559 3890 gentes
1606 3827 1810 3897 ubique
1861 3835 2136 3885 terrarum

563 3906 886 3970 incolentes,
924 3925 1046 3980 qua:
1073 3914 1412 3971 consimilem
1444 3916 1757 3972 Abraltamo
1785 3919 1949 3973 vitam
1980 3921 2140 3978 duce.

563 4009 704 4064 rent,
743 4000 989 4056 eamdem
1023 4017 1149 4059 cum
1188 4005 1280 4061 illo
1306 4007 1738 4065 benedictionem
1763 4011 2030 4068 obtinere.

1092 4117 1211 4186 1‘“
1243 4119 1474 4175 CAPUT
1515 4119 1602 4176 111.

565 4201 718 4269 Quod
733 4205 965 4261 conditio
985 4209 1286 4283 reipublica:
1308 4210 1560 4266 Mosaicm
1584 4230 1686 4268 non
1709 4214 1871 4283 fuerit
1892 4213 2136 4270 omnibus

1040 4279 1280 4350 gentibus
1312 4283 1641 4337 conveniens.

631 4386 788 4454 Quod
815 4400 996 4446 autem
1031 4395 1457 4452 constitutiones
1493 4397 1743 4454 Mosaicae
1773 4399 1976 4457 Jutlteis
2013 4410 2138 4457 tan-

561 4483 862 4547 tummodo,
896 4491 956 4538 ut
977 4484 1115 4550 dixi,
1157 4503 1336 4558 neque
1365 4489 1516 4545 hisce
1550 4494 1804 4549 omnibus
1835 4495 1965 4565 (non
1985 4499 2132 4552 enim

2236 3277 2474 3334 Μωύσέα
2529 3275 2774 3334 πολιτεία
2828 3273 3158 3344 κατάλληλος
3189 3274 3300 3336 τοῖς
3352 3271 3554 3332 λοιποῖς
3603 3267 3814 3322 ἔθνεσιν

2236 3367 2352 3421 ἀλλ’
2381 3367 2414 3439 ἢ
2447 3367 2628 3438 μόνοις
2671 3365 2958 3429 Ἰουδαίοις,
2989 3365 3082 3417 καὶ
3104 3364 3314 3426 τούτοις
3345 3362 3466 3432 οὐχὶ
3484 3363 3593 3423 τοῖς
3621 3361 3808 3423 πᾶσιν,

2237 3460 2374 3516 ἀλλά
2403 3462 2513 3524 τοῖς
2544 3459 2636 3512 ἐπὶ
2673 3459 2774 3529 τῆς
2809 3457 3068 3522 Ἰουδαίας
3095 3457 3198 3526 γῆς
3236 3456 3334 3520 τὰς
3374 3452 3653 3526 διατριϐὰς
3692 3469 3814 3504 ποι-

2237 3551 2483 3622 ουμένοις
2499 3567 2513 3581 ·
2544 3551 2728 3623 ἕτερον
2761 3549 2929 3620 ἐχρῆν
2951 3548 3010 3614 ἐξ
3035 3549 3271 3612 ἀπαντος
3290 3546 3586 3616 ὑποστῆναι
3611 3544 3814 3614 τρόπον

2239 3643 2389 3715 παρά
2420 3643 2512 3696 τὸν
2545 3641 2821 3706 Μωῦσέως
2849 3642 3034 3713 νόμον,
3070 3640 3188 3695 καθ’
3219 3640 3278 3693 ὃν
3308 3638 3549 3710 ἔμελλον,
3589 3635 3811 3706 βιοῦντα

2237 3735 2438 3806 ὁμοίως
2459 3733 2537 3805 τῷ
2587 3733 2836 3806 Ἀϐραὰμ
2869 3733 2938 3787 τὰ
2971 3731 3091 3787 καθ’
3118 3732 3246 3804 ὅλης
3292 3728 3615 3800 οἰκουμένης
3657 3725 3810 3796 ἔθνη,

2237 3827 2336 3898 τῆς
2360 3827 2481 3900 ῐσης
2504 3827 2651 3899 αὐτῷ
2681 3827 3028 3899 κοινωνήσειν
3051 3825 3318 3893 εὐλογίας.

2765 4112 3158 4166 ΚΕΦΑΔΔΙΟΝ
3205 4113 3278 4166 F’.

2241 4206 2361 4258 Ὅτι
2387 4203 2473 4274 μὴ
2501 4201 2652 4261 πᾶσι
2678 4203 2804 4270 τοῖς
2834 4203 3038 4276 ἕρκεσι
3080 4203 3464 4273 κατάλληλος
3485 4200 3566 4276 ἦν
3591 4205 3629 4273 ἡ
3657 4203 3811 4260 κατὰ

2731 4273 2985 4330 Μωυσέα
3031 4275 3319 4329 πολιτεία.

2312 4389 2434 4442 Ὅτι
2479 4389 2536 4442 δὲ
2568 4390 2600 4460 ἡ
2637 4387 2778 4442 κατὰ
2816 4389 3057 4443 Μωῦσέα
3099 4388 3328 4459 διαταγὴ
3389 4385 3693 4448 Ἰουδαίοις,
3732 4386 3815 4449 ὼς

2238 4483 2395 4554 ἔφην,
2445 4482 2539 4536 καὶ
2589 4480 2799 4545 τούτοις
2849 4481 2968 4552 οὐχὶ
3019 4483 3182 4535 πᾶσιν
3239 4479 3378 4549 (οὐδὲ
3426 4477 3534 4549 γὰρ
3591 4481 3702 4541 τοῖς
3749 4480 3809 4530 ἐν

561 4571 628 4625 iis
649 4574 742 4640 qui
773 4573 828 4627 in
860 4574 1206 4645 dispersione
1228 4581 1570 4646 victitabant,
1616 4585 1709 4639 sed
1745 4587 1877 4640 solis
1924 4589 1979 4641 in
2031 4587 2134 4641 Pa-

2236 4574 2504 4645 διασπορᾷ
2543 4573 2920 4643 τυγχάνουσιν,
2972 4572 3086 4626 ἀλλ’
3119 4573 3151 4643 ἦ
3205 4571 3386 4642 μόνοις
3419 4573 3530 4634 τοῖς
3565 4570 3661 4641 τὴν
3700 4571 3811 4623 Πα-

561 4661 769 4717 laestina
803 4670 1174 4740 versantibus)
1209 4673 1633 4729 accommodata:
1688 4675 1890 4730 fuerint
1949 4698 1961 4732 :
2022 4679 2136 4734 evi-

561 4754 696 4808 dens
725 4758 822 4812 tibi
853 4761 960 4813 erit
991 4761 1066 4814 ita
1096 4763 1394 4833 colligenti.
1444 4767 1532 4820 Ait
1583 4769 1783 4822 alicubi
1841 4769 2020 4825 Moses
2053 4771 2134 4826 le-

559 4860 731 4914 geque.
786 4852 1030 4922 praecipit
1063 4854 1106 4883 ¹⁰
1141 4873 1156 4908 :
1193 4872 1211 4905 ι
1241 4855 1345 4910 Ter
1388 4859 1582 4928 quovis
1636 4876 1780 4914 anno
1856 4864 2134 4933 apparebit

559 4952 720 4994 omne
776 4945 1078 5000 masculum
1130 4958 1280 5003 tuum
1329 4965 1512 5004 coram
1549 4951 1778 5008 Domino
1813 4952 1920 5009 Deo
1950 4963 2066 5011 tuo.
2110 4975 2130 5008 ι

560 5031 736 5101 Atque
761 5035 940 5090 adhuc
970 5040 1144 5109 magis
1189 5042 1496 5111 perspicue,
1528 5045 1750 5098 ubinam
1803 5047 2003 5116 triplici
2037 5063 2133 5117 per

559 5137 761 5177 annum
787 5135 1030 5196 tempore
1060 5130 1349 5186 universos
1387 5136 1682 5190 convenire
1711 5145 2006 5205 oporteret,
2037 5138 2134 5193 de-

559 5215 818 5269 terminat
847 5233 970 5272 cum
1002 5219 1080 5273 ait
1103 5221 1144 5251 ¹¹
1177 5240 1191 5275 :
1230 5240 1248 5274 ι
1290 5221 1491 5279 Tribus
1519 5227 1855 5295 temporibus
1885 5228 2013 5281 anni
2037 5243 2133 5298 ap-

561 5307 769 5375 parebit
798 5325 960 5364 omne
989 5315 1292 5368 masculum
1334 5323 1486 5370 tuum
1533 5331 1719 5371 coram
1760 5316 1990 5372 Domino
2020 5317 2131 5374 Deo

558 5407 672 5459 tuo,
703 5397 757 5451 in
783 5399 904 5454 loco
928 5417 1088 5470 quem
1113 5404 1374 5475 delegerit
1403 5405 1686 5462 Dominus.
1723 5428 1742 5461 ι
1780 5406 1965 5472 Vides,
1986 5409 2131 5476 quod

557 5503 666 5543 non
703 5489 756 5543 in
790 5491 1012 5548 civitate
1039 5511 1387 5568 quacunque,
1424 5515 1527 5554 nec
1555 5501 1747 5570 quovis
1773 5501 1864 5554 ubi
1897 5516 2018 5556 sors
2042 5508 2130 5554 tn-

551 5579 681 5632 Ierit
705 5579 826 5634 loco
848 5585 1337 5655 convenirejubet.
1370 5589 1464 5643 sed
1503 5608 1522 5640 ι
1559 5589 1613 5644 in
1649 5590 1789 5653 loco,
1827 5605 1989 5661 quem
2034 5589 2130 5644 de-

553 5673 749 5739 legerit
772 5671 1038 5731 Dominus
1065 5673 1207 5732 Deus
1243 5688 1372 5735 tuus
1406 5681 1470 5734 ι’.
1509 5699 1528 5733 ι
1565 5679 1642 5736 lbi
1676 5682 1853 5738 tribus
1903 5697 2000 5753 per
2029 5697 2128 5736 an-

631 5828 670 5857 '°
705 5827 874 5884 Exod.
917 5847 1072 5897 ntu,
1113 5833 1206 5902 l7;
1235 5833 1405 5892 Exod.
1450 5853 1633 5903 xntv,
1673 5839 1763 5895 25.

2239 4666 2515 4735 λαιστίνην
2557 4665 2797 4719 οἰκοῦσιν
2839 4664 3198 4736 ἐφήρμοζεν),
3247 4657 3349 4716 ὧδέ
3381 4681 3462 4716 σοι
3501 4662 3805 4732 συλλογιζο-

2244 4758 2388 4828 μένῳ
2411 4757 2641 4827 φανερὸν
2676 4756 2847 4809 ἔσται.
2888 4758 3023 4826 Φησί
3063 4773 3164 4809 που
3197 4756 3437 4826 Μωύσῆς
3465 4755 3767 4826 νομοθετῶν
3792 4773 3813 4789 α

2246 4865 2263 4896 ι
2303 4845 2434 4915 Τρὶς
2473 4844 2568 4898 τοῦ
2611 4845 2858 4899 ἐνιαυτοῦ
2899 4846 3193 4916 ὀφθήσεται
3237 4848 3342 4898 πᾶν
3387 4846 3672 4916 ἀρσενικόν
3712 4862 3809 4899 σου

2241 4938 2467 4992 ἐνώπιον
2498 4939 2704 5010 Κυρίου
2727 4937 2820 4990 τοῦ
2849 4937 2983 4990 Θεοῦ
3016 4954 3130 4990 σου.
3162 4957 3180 4989 ι
3212 4939 3320 4992 Kal
3351 4938 3430 4992 ἔτι
3457 4939 3808 5010 σαφέστερον,

2238 5032 2371 5085 ὅπου
2423 5032 2591 5102 ἐχρῆν
2623 5032 2869 5101 ἀπαντᾷν
2909 5032 3034 5094 τοὺς
3058 5032 3265 5096 πάντας
3297 5032 3477 5104 τρίτον
3503 5029 3596 5084 τοῦ
3632 5030 3807 5096 ἔτους,

2239 5123 2486 5194 ἀφορίζει
2511 5124 2682 5192 λέγων
2702 5140 2716 5153 ·
2747 5141 2765 5172 ι
2789 5123 2948 5194 Τρεῖς
2981 5125 3201 5193 καιροὺς
3230 5123 3325 5176 τοῦ
3361 5121 3604 5176 ἐνιαυτοῦ
3639 5122 3808 5194 ὀφθή-

2239 5237 2389 5274 σεται
2415 5221 2523 5273 πᾶν
2564 5219 2847 5290 ἀρσενικόν
2897 5235 2990 5271 σου
3027 5217 3264 5270 ἐναντίον
3304 5217 3506 5289 Κυρίου
3541 5215 3635 5270 τοῦ
3675 5215 3808 5269 Θεοῦ

2239 5331 2354 5377 σου,
2413 5315 2471 5367 ἐν
2524 5311 2601 5383 τῷ
2649 5311 2800 5383 τόπῳ
2831 5305 2875 5380 ᾧ
2922 5309 2988 5364 ἃν
3027 5309 3309 5382 ἐκλέξηται
3357 5310 3579 5384 Κύριος.
3612 5330 3630 5362 ι
3657 5309 3806 5363 Θεω-

2242 5408 2372 5478 ρεῖς,
2415 5407 2489 5470 ὡς
2521 5407 2619 5459 οὐκ
2661 5406 2718 5458 ἐν
2765 5407 2915 5478 πάσῃ
2949 5405 3119 5469 πόλει,
3146 5405 3253 5458 οὐδ’
3284 5406 3404 5458 ὅποι
3426 5404 3610 5474 ἔτυχεν
3634 5404 3808 5457 ἀπαν-

2234 5501 2333 5570 τᾷν
2381 5499 2726 5571 προστάττει,
2759 5499 2872 5551 ἀλλ’
2915 5519 2932 5550 ι
2973 5502 3029 5553 ἐν
3091 5498 3239 5572 τόπῳ
3385 5498 3476 5552 ἐὰν
3521 5495 3805 5568 ἐκλέξηται

2236 5591 2456 5662 Κύριος,
2485 5594 2512 5644 ό
2539 5591 2670 5654 θεός
2691 5608 2804 5645 σου.
2847 5611 2865 5643 ι
2900 5591 3065 5645 Ἔνθα
3095 5594 3272 5662 τρισὶν
3302 5592 3528 5645 ἑκάστου
3559 5589 3811 5644 ἐνιαυτοῦ·

2237 5686 2445 5753 καιροῖς
2475 5683 2566 5735 ἐπὶ
2606 5682 2770 5736 ταυτὸ
2822 5684 3059 5738 συνιέναι
3087 5685 3382 5756 νομοθετεῖ,
3418 5683 3508 5737 καὶ
3532 5685 3656 5747 τοὺς
3693 5697 3806 5737 καιυ

1846 5839 1881 5871 ¹¹
1928 5837 2084 5894 Deut.
2131 5859 2240 5906 xvi,
2285 5838 2370 5895 l6.
2447 5839 2486 5870 “
2529 5837 2686 5895 Deut.
2733 5856 2902 5906 xxvtt,
2943 5840 3034 5898 26.
