4018 6502
196 432 274 487 29
1102 430 1755 487 DEMONSTRATIONIS
1793 418 2251 487 ΕνΑΝςὶεῑιιωΕ
2293 426 2423 484 LIB.
2464 426 2510 485 Ι.
3393 426 3462 479 30

196 555 335 626 ροῦς
368 550 651 623 ἀφορίζει,
681 549 802 603 καθ’
830 547 925 614 οὓς
953 551 1200 621 ἀπαντᾷν
1231 552 1397 623 ἐχρῆν
1437 552 1495 605 ἐν
1520 550 1597 621 τῷ
1622 552 1784 623 τόπῳ,

1898 567 2026 606 num
2068 548 2425 620 temporibus,
2459 545 2775 617 congregari
2819 544 2874 599 in
2915 558 3081 598 unum
3107 543 3281 613 jubet,
3320 550 3459 597 tem-

188 647 256 699 ἐν
407 645 477 699 τὰ
522 644 624 714 τῆς
657 642 778 696 κατ’
833 643 993 695 αὑτὸν
1031 642 1285 713 λατρείας
1323 644 1660 697 ὲπετελεῖτο’
1700 644 1796 697 ἕνα

188 739 301 810 μὲν
339 735 435 790 τοῦ
476 738 698 809 Πάσχα,
740 735 988 806 δεύτερον
1017 735 1107 787 τὸν
1134 736 1271 806 μετὰ
1295 738 1634 808 πεντήκοντα
1663 740 1799 809 ἡμέ-

186 849 299 903 ρας
332 829 435 883 ἐπὶ
460 830 567 899 τῆς
612 829 1014 899 ὀνομαζομένης
1044 827 1425 899 Πεντηκοστῆς
1447 830 1640 901 ἑορτῆς
1659 847 1672 860 ·
1701 832 1798 884 καὶ

184 922 382 993 τρίτον
412 922 495 991 τῷ
524 921 740 991 ἐὸδόμῳ
765 921 894 990 μηνὶ
928 918 1065 989 μετά
1084 919 1143 972 τὸ
1172 921 1362 991 Πάσχα
1391 920 1533 975 κατὰ
1579 922 1679 993 τὴν
1701 920 1796 974 τοῦ

183 1012 438 1084 ἱλασμοῦ
471 1011 713 1083 ἡμέραν,
742 1010 863 1064 καθ’
892 1011 959 1081 ἦν
994 1011 1158 1064 εἰσέτι
1188 1011 1284 1064 νῦν
1330 1012 1571 1066 Ἰουδαῖοι
1597 1014 1797 1079 πάντες

184 1106 294 1175 τὴν
357 1105 624 1173 νηστείαν
682 1102 1039 1157 ἐπιτελοῦσιν.
1103 1105 1406 1176 Ἐπαρᾶταί
1459 1122 1519 1158 τε
1566 1108 1677 1170 τοῖς
1720 1106 1795 1178 μὴ

187 1194 509 1268 ῑμμένουσι
553 1201 666 1260 τοῖς
701 1197 1198 1268 νομοθετουμένοις.
1241 1197 1451 1251 Οὐκοῦν
1496 1200 1621 1261 τοὺς
1668 1197 1796 1269 μέλ-

185 1288 389 1353 λοντας
453 1290 708 1352 ἅπαντας
752 1290 1000 1360 ἀπαντᾶν
1042 1290 1223 1362 τρίτον
1276 1289 1369 1342 τοῦ
1406 1290 1558 1354 ἔτους
1604 1291 1683 1354 εἰς
1727 1288 1795 1343 τὰ

197 1381 599 1451 Ἰεροσόλυμα,
632 1382 726 1433 καὶ
754 1380 823 1433 τὰ
843 1382 1047 1452 νόμιμα
1084 1381 1345 1453 πληροῦν,
1379 1384 1436 1435 οὐ
1469 1382 1656 1455 πόρρω
1691 1400 1794 1436 που

181 1470 287 1538 τῆς
358 1468 633 1531 Ἰουδαίας
677 1471 846 1541 ἐχρῆν
887 1472 1060 1542 δήπου
1100 1473 1289 1535 οἰκεῖν,
1338 1472 1453 1525 ἀλλ’
1487 1473 1625 1525 εἰσὶν
1653 1476 1796 1543 ἀμφὶ

182 1565 319 1624 τοὺς
343 1562 525 1632 ὅρους
553 1578 564 1589 ’
595 1564 643 1614 εἰ
676 1562 732 1614 δὲ
758 1562 821 1633 δὴ
854 1565 967 1625 τοῖς
1013 1564 1350 1634 πορρωτάτω
1384 1564 1485 1633 τῆς
1515 1564 1797 1619 Παλαιστί-

180 1672 287 1720 νης
310 1655 572 1708 οἰκοῦσιν
617 1656 891 1719 Ἰουδαίοις
918 1654 1153 1708 ἀδύνατα
1176 1652 1244 1726 ἦν
1279 1655 1451 1708 τελεῖν
1477 1658 1543 1709 τὰ
1573 1674 1795 1728 νενομο-

181 1745 320 1817 θετη
332 1747 505 1816 μένα,
536 1746 733 1799 πολλοῦ
759 1745 923 1815 φάναι
961 1751 1074 1810 τοῖς
1120 1750 1284 1801 πᾶσιν
1331 1747 1526 1812 ἔθνεσι,
1562 1750 1655 1803 καὶ
1681 1752 1794 1813 τοῖς

182 1839 243 1890 ἐν
280 1841 413 1900 ταῖς
463 1840 749 1908 ἐσχατιαῖς
782 1838 1005 1907 τῆς’γῆς
1051 1838 1401 1909 ἐφαρμόζειν.
1452 1840 1790 1894 Ἐπάκουσον

1898 658 2141 715 poraque
2170 642 2492 697 determinat
2519 637 2719 707 quibus
2753 636 3043 692 convenire
3072 641 3319 705 oporteat
3344 635 3463 688 loco

1897 750 2007 805 quo
2037 732 2206 788 divini
2240 733 2420 787 cultus
2460 730 2633 786 ollicia
2664 730 2984 794 obibantur;
3039 744 3207 782 unum
3240 728 3459 797 quidem

1896 825 2205 889 Paschalis,
2248 825 2478 877 alterum
2526 828 2650 892 post
2694 819 2813 875 dies
2859 820 3275 891 quinquaginta,
3323 816 3462 873 festo

1896 920 2041 991 quod
2092 918 2444 974 Pentecostes
2494 915 2620 969 inde
2669 914 2817 969 venit
2867 914 3108 977 nomine,
3152 921 3205 967 et
3240 913 3461 967 tertium

1896 1024 2083 1064 mense
2118 1008 2349 1077 septimo
2395 1012 2520 1076 post
2560 1003 2791 1067 Pascha,
2820 1003 2908 1059 die
2956 1003 3304 1074 expiationis,
3354 1019 3463 1073 quo

1898 1100 2202 1155 etiamnum
2230 1097 2405 1153 Judaei
2440 1096 2604 1152 hodie
2631 1110 2823 1150 omnes
2858 1094 3128 1164 jejunium
3161 1095 3460 1149 celebrant.

1898 1188 2041 1245 Diris
2091 1197 2271 1245 autem
2322 1188 2501 1244 Moses
2554 1202 2649 1243 eos
2692 1187 2938 1249 devovet,
2975 1187 3067 1255 qui
3110 1185 3319 1256 legibus
3348 1188 3465 1242 suis

1896 1283 2107 1338 sancita
2141 1298 2251 1337 non
2275 1279 2707 1336 observaverint.
2739 1278 2902 1348 Atqui
2950 1278 3071 1342 hos,
3119 1279 3211 1348 qui
3260 1278 3463 1347 triplici

1894 1375 2013 1429 vice
2039 1390 2136 1444 per
2188 1389 2390 1429 annum
2421 1373 2680 1427 deberent
2713 1370 3102 1443 Hierosolymis
3144 1372 3459 1434 convenire,

1896 1466 2150 1535 ritusque
2180 1466 2390 1536 legibus
2415 1465 2741 1519 constitutos
2772 1463 2840 1517 ad
2883 1464 3101 1534 plenum
3144 1462 3315 1525 obire,
3350 1477 3463 1516 non

1897 1558 2085 1627 procul
2116 1572 2144 1609 a
2174 1556 2358 1611 Judaea
2391 1557 2640 1611 habitare
2675 1555 2959 1625 oportebat
2991 1574 3003 1609 :
3037 1554 3129 1624 qui
3160 1569 3289 1608 vero
3313 1554 3461 1608 circa

1896 1661 2168 1704 extremos
2190 1648 2489 1704 Palaestina:
2511 1649 2729 1713 limites,
2756 1656 2849 1700 aut
2879 1648 3095 1718 longius
3116 1662 3146 1700 a
3170 1646 3461 1701 Palaestina

1897 1742 2163 1812 degebant
2210 1740 2404 1807 Judaai,
2457 1750 2722 1812 praecepta
2773 1741 2907 1811 legis
2955 1740 3215 1811 perlicere
3268 1738 3461 1808 nequi-

1898 1834 2066 1896 bant;
2098 1842 2307 1887 tantum
2340 1835 2519 1901 abest,
2551 1842 2611 1888 ut
2655 1834 2912 1889 omnibus
2960 1834 3215 1905 gentibus
3244 1840 3299 1887 et
3325 1832 3457 1886 ulti-

183 1932 244 1984 δὲ
276 1932 405 1984 τίνα
432 1931 641 2002 τρόπον
663 1931 691 1982 6
719 1930 881 1993 αὐτὸς
924 1930 1086 1983 πάλιν
1120 1930 1413 2001 νομοθέτης
1437 1930 1535 2002 τὴν
1567 1931 1675 1984 ἀπὸ
1701 1931 1784 1983 λέ-

1896 1940 2011 1979 mas
2045 1935 2220 1979 terras
2269 1925 2635 1981 incolentibus
2683 1925 2799 1980 haec
2854 1926 3090 1996 potuerit
3134 1937 3457 1993 congruere.

184 2037 318 2090 κους
375 2022 623 2088 γυναῖκα
666 2019 910 2090 ἀπαντᾷν
968 2019 1316 2090 προστάττει,
1352 2020 1447 2072 καὶ
1494 2020 1684 2084 Θυσίας
1717 2020 1792 2093 τῷ

185 2113 311 2184 Θεῷ
336 2113 697 2185 προσφέρειν,
726 2112 897 2180 λέγων
926 2112 1125 2177 οὕτως·
1166 2132 1183 2164 ι
1211 2115 1320 2167 Kal
1337 2113 1562 2185 ἐλάλησα
1590 2113 1792 2184 Κύριος

188 2204 331 2275 πρὸς
375 2204 648 2274 Μωῦσῆν,
690 2202 894 2273 λέγων’
936 2204 1182 2275 Λάλησον
1228 2209 1338 2270 τοῖς
1366 2207 1501 2269 υἱοῖς
1554 2207 1789 2278 Ἰσραὴλ,

191 2296 289 2349 καὶ
310 2297 461 2366 ἐρεῖς
495 2297 629 2366 πρὸς
652 2295 850 2358 αὐτούς
871 2313 883 2325 ·
918 2295 1059 2366 Γυνὴ
1100 2298 1221 2367 ἥτις
1247 2295 1341 2348 ἐάν
1385 2299 1787 2371 σπερματισθῇ,

192 2384 289 2436 καὶ
308 2383 445 2454 τέκῃ
490 2384 682 2454 ἄρσεν,
731 2384 1040 2453 ἀκάθαρτος
1094 2384 1245 2438 ἔσται
1297 2386 1438 2439 ἐπτά
1490 2387 1722 2459 ἡμέρας.
1766 2408 1783 2440 ι

195 2471 330 2529 Εἶτα
359 2474 570 2545 μεταξνό
610 2492 732 2529 τινα
766 2475 956 2540 εἰπὼν,
979 2478 1229 2549 ἐπιφέρει
1248 2495 1260 2507 °
1303 2496 1321 2527 ι
1352 2479 1470 2530 Καὶ
1499 2479 1627 2532 ὃταν
1655 2479 1791 2553 πλη-

203 2567 445 2637 ρωθῶσιν
468 2570 523 2621 αἱ
558 2566 765 2639 ἡμέραι
804 2566 1123 2639 καθάρσεως
1168 2569 1339 2639 αὐτῆς
1373 2570 1459 2637 ἐφ’
1493 2569 1593 2640 υἱῷ
1626 2569 1658 2642 ἢ
1698 2572 1789 2624 ἐπὶ

201 2657 449 2731 θυγατρὶ,
489 2660 772 2730 προσοίσει
800 2660 967 2731 ἀμνὸν
987 2661 1258 2713 ἐνιαύσιον
1280 2662 1361 2725 εἰς
1392 2661 1785 2729 ὁλοκάρπωμα,

204 2750 294 2803 καὶ
323 2748 549 2801 νεοσσὸν
612 2751 941 2822 περιστερᾶς
977 2749 1009 2821 ἡ
1056 2751 1293 2821 τρυγόνα
1325 2752 1454 2823 περὶ
1490 2753 1784 2823 ἁμαρτίας,

1894 2017 2037 2071 Audi
2086 2033 2249 2089 porro
2290 2018 2566 2088 quomodo
2613 2018 2753 2073 idem
2801 2033 2997 2072 rursus
3024 2018 3301 2088 legislator
3333 2031 3458 2069 mu-

1893 2110 2081 2165 lierem
2114 2125 2143 2163 a
2170 2109 2459 2180 puerperio
2491 2110 2750 2165 accedere
2777 2117 2831 2163 et
2869 2110 3197 2164 sacriﬁcium
3231 2107 3342 2163 Deo
3374 2107 3460 2162 of-

1892 2201 2036 2258 ferre
2058 2202 2267 2272 jubeat,
2288 2218 2412 2257 eum
2438 2203 2512 2256 ait
2538 2203 2582 2234 "
2608 2221 2622 2258 :
2662 2221 2679 2254 ι
2712 2201 3059 2272 Locutusque
3085 2209 3169 2257 est
3197 2200 3459 2255 Dominus

1892 2294 1961 2348 ad
1995 2293 2180 2349 Mosen
2211 2302 2265 2350 et
2294 2295 2432 2349 dixit
2464 2313 2479 2351 :
2512 2293 2762 2364 Loquere
2794 2294 2919 2349 ﬁliis
2940 2295 3108 2350 Israel
3135 2304 3187 2349 et
3217 2293 3366 2348 dices
3389 2291 3458 2346 ad

1890 2400 1984 2440 eos
2019 2404 2031 2439 :
2070 2385 2263 2440 Mulier
2291 2400 2629 2456 quaecunque
2654 2386 2966 2456 conceperit
2996 2400 3182 2440 semen
3212 2391 3265 2439 et
3295 2398 3459 2453 pepe-

1892 2478 2029 2533 rerit
2089 2480 2415 2544 masculum,
2469 2479 2749 2533 immunda
2806 2480 2909 2533 erit
2964 2487 3168 2548 septem
3220 2476 3360 2531 dies.
3429 2493 3451 2527 ι

1890 2566 2095 2623 Deinde
2118 2569 2423 2639 interjectis
2450 2570 2727 2625 nonnullis
2748 2570 3029 2639 subjungit
3060 2566 3101 2600 “
3132 2584 3146 2621 :
3175 2585 3194 2618 ι
3236 2566 3299 2620 Et
3328 2579 3455 2620 cum

1889 2657 2095 2728 impleti
2123 2658 2320 2715 fuerint
2351 2660 2468 2714 dies
2499 2660 2897 2731 puriﬁcationis
2930 2659 3071 2728 ejus,
3097 2673 3197 2728 pro
3229 2657 3339 2711 lilio
3361 2661 3457 2710 aut

1887 2765 1987 2821 pro
2010 2751 2137 2817 lilia,
2181 2752 2369 2808 oﬂeret
2397 2768 2593 2824 agnum
2621 2753 2931 2807 anniculum
2964 2752 3019 2805 in
3052 2751 3453 2814 holocaustum,

205 2841 292 2894 ἐπὶ
323 2842 424 2913 τὴν
454 2840 630 2911 θύραν
667 2843 765 2913 τῆς
800 2843 1004 2913 σκηνῆς
1031 2843 1125 2897 τοῦ
1160 2844 1481 2915 μαρτυρίου.
1511 2844 1656 2915 Πρὸς
1692 2844 1784 2898 τὸν

1887 2850 1941 2897 et
1984 2844 2189 2914 pullum
2228 2845 2514 2910 columbae,
2549 2854 2642 2901 aut
2671 2854 2940 2901 turturem
2989 2860 3089 2915 pro
3121 2852 3347 2915 peccato
3383 2842 3455 2898 ad

207 2932 347 3002 ἱερέα
375 2933 661 3002 προσοίσει
688 2934 828 2987 αὐτά
866 2933 1044 2987 ἔναντι
1077 2935 1307 3006 Κυρίου.
1342 2936 1453 2988 Kal
1482 2935 1784 3001 ἐξιλάσεται

1887 2931 2129 2988 hostium
2159 2935 2499 2991 tabernaculi
2531 2937 2854 2992 testimonii.
2887 2935 2968 2990 Ad
3009 2934 3345 2990 sacerdotem
3370 2933 3457 2987 of-

208 3025 327 3094 περί
344 3025 520 3096 αὐτῆς
539 3027 567 3078 6
600 3027 799 3097 ἱερεὺς,
835 3028 929 3080 καὶ
960 3026 1214 3100 καθαριεῖ
1235 3027 1402 3100 αὐτὴν
1432 3029 1538 3082 ἀπὺ
1557 3031 1657 3101 τῆς
1684 3046 1784 3101 πη-

1887 3023 2025 3080 l'eret
2053 3042 2116 3083 ea
2144 3036 2274 3083 ante
2303 3026 2615 3084 Dominum.
2651 3028 2717 3082 Et
2741 3029 2989 3084 exorabit
3013 3043 3112 3099 pro
3153 3042 3217 3082 ea
3264 3042 3452 3083 sacer-

206 3115 303 3184 γῆς
338 3116 433 3168 τοῦ
472 3118 703 3186 αἵματος
742 3118 935 3187 αὐτῆς.
981 3111 1149 3183 Οὗτος
1180 3120 1208 3171 6
1234 3120 1396 3190 νόμος
1438 3121 1537 3191 τῆς
1568 3120 1784 3175 τικτού·

1887 3118 2005 3184 dos,
2031 3126 2086 3174 et
2115 3120 2426 3189 puriﬁcahit
2448 3136 2567 3177 eam
2597 3136 2627 3174 a
2660 3119 2808 3175 fonte
2840 3119 3122 3190 sanguinis
3157 3118 3297 3186 ejus.
3329 3114 3457 3171 Haec

207 3222 301 3277 σης
320 3208 492 3278 ἄρσεν
528 3208 562 3279 ἢ
607 3207 762 3277 θῆλυ.
796 3228 813 3259 ι
854 3209 973 3263 Ἔτι
1004 3210 1141 3282 πρὸς
1168 3208 1381 3273 τούτοις
1416 3211 1446 3263 6
1474 3210 1637 3275 αὐτὸς
1687 3210 1782 3267 καὶ

1887 3217 1969 3267 est
1997 3211 2083 3267 lex
2112 3212 2375 3282 parientis
2398 3213 2698 3268 masculum
2727 3218 2780 3268 et
2809 3212 3086 3268 feminam.
3128 3230 3146 3264 ι
3185 3209 3454 3265 Praeterea

202 3298 287 3349 τὸν
308 3299 422 3351 ἀπὸ
457 3299 658 3369 κήδους
708 3300 803 3355 καὶ
838 3300 1047 3372 νεκρῶν
1095 3302 1312 3373 ἐπαφῆς
1353 3303 1681 3374 προστάττει
1709 3302 1783 3375 μὴ

1887 3302 2030 3358 idem
2057 3304 2489 3359 contaminatum
2540 3320 2607 3360 ex
2636 3304 2825 3360 funere
2851 3310 2905 3360 et
2943 3311 3198 3358 contactu
3228 3302 3453 3369 mortui,

200 3390 371 3453 ἄλλως
401 3389 768 3461 καθαίρεσθαι
800 3390 833 3462 ἢ
872 3390 961 3444 διά
994 3408 1137 3455 τινος
1172 3392 1367 3446 σποδοῦ
1392 3392 1675 3464 δαμάλεως
1698 3395 1783 3463 ἐφ’

200 3481 345 3546 ὅλαις
390 3482 631 3554 ἡμέραις
666 3483 825 3544 ἐπτά,
869 3484 978 3537 τῶν
1004 3484 1250 3555 συνήθων
1287 3486 1621 3540 ἀποστάντα.
1676 3486 1783 3540 Λέ-

200 3590 281 3641 γει
311 3572 470 3641 γοῦν·
496 3571 649 3626 (Kal
680 3571 830 3626 ἔσται
850 3577 961 3637 τοῖς
986 3577 1121 3638 υἰοῖς
1149 3575 1365 3647 Ἰσραὴλ
1397 3577 1619 3640 καὶτοῖς
1642 3593 1779 3650 προ·

199 3666 475 3738 κειμένοις
522 3666 882 3738 προσηλύτοις
908 3667 965 3719 ἐν
1004 3666 1154 3738 μέσῳ
1185 3668 1364 3720 αὐτῶν
1395 3668 1625 3740 νόμιμον
1653 3667 1785 3723 αἰώ-

198 3776 327 3813 νιον.
371 3760 430 3812 ’0
456 3759 765 3829 ἁπτόμενος
791 3759 885 3812 τοῦ
919 3758 1241 3830 τεθνηκότος
1274 3760 1455 3831 πάσης
1479 3760 1659 3831 ψυχῆς
1691 3762 1783 3816 ἀν-

200 3847 416 3921 θρώπου
466 3848 779 3921 ἀκάθαρτος
813 3847 995 3901 ἔσται’
1030 3848 1170 3902 ἑπτὰ
1192 3849 1428 3919 ἡμέραις
1459 3848 1784 3921 ἀγνισθὴσε-

200 3956 317 3993 ταιο
350 3944 416 4011 τῇ
453 3940 637 4013 ἡμέρᾳ
675 3943 741 4012 τῇ
785 3940 942 4014 τρίτῃ
974 3941 1069 3994 καὶ
1099 3944 1165 4011 τῇ
1200 3939 1402 4013 ἐϐδόμῃ
1445 3940 1781 4014 καθαρισθὴ-

203 4049 370 4086 σεται.
410 4032 539 4086 Ἐἀν
563 4034 620 4086 δὲ
651 4032 726 4104 μὴ
763 4031 1066 4104 ἀφαγνισθῇ
1096 4035 1161 4103 τῇ
1193 4032 1376 4104 ἡμέρᾳ
1400 4035 1467 4103 τῇ
1494 4032 1654 4105 τρίτῃ
1686 4035 1783 4088 καὶ

202 4124 264 4192 τῇ
294 4122 523 4195 ἐϐδόμῃ,
553 4123 613 4175 οὑ
659 4122 900 4195 καθαρὸς
948 4122 1120 4178 ἔσται.
1148 4124 1263 4186 Πᾶς
1282 4124 1311 4175 6
1350 4123 1653 4194 ἁπτόμενος
1684 4123 1779 4177 τοῦ

203 4210 523 4284 τεθνηκότος
557 4214 666 4266 ἀπὸ
695 4212 871 4284 ψυχῆς
921 4212 1231 4285 ἀνθρώπου,
1264 4214 1359 4268 ἐάν
1402 4213 1655 4287 ἀποθάνῃ
1686 4214 1779 4268 καὶ

208 4302 275 4372 μὴ
301 4302 554 4374 ἀγνισθῇ,
591 4303 690 4374 τὴν
734 4305 938 4375 σκηνὴν
972 4303 1066 4357 τοῦ
1101 4306 1398 4377 μαρτυρίου
1440 4304 1537 4359 τοῦ
1563 4307 1767 4378 Κυρίου

205 4392 438 4463 ἐμίανεν.
499 4394 913 4465 Ἐκτριδὴσεται
960 4397 993 4466 ἡ
1035 4394 1181 4466 ψυχὴ
1223 4394 1402 4467 ἐκείνη
1437 4394 1495 4462 ἐξ
1541 4395 1776 4467 Ἰσραὴλ,

204 4485 280 4537 ὅτι
319 4484 471 4556 ὕδωρ
530 4484 829 4555 ῥαντισμοῦ
866 4487 928 4539 οὗ
977 4486 1432 4558 περιερῤαντίσθη
1464 4488 1549 4540 ἐπ’
1575 4486 1736 4539 αὐτόν
1758 4503 1774 4519 υ

1884 3393 2131 3466 praecipit
2158 3411 2267 3451 non
2284 3397 2389 3451 alio
2412 3396 2574 3451 modo
2595 3396 2870 3467 puriﬁeari
2899 3411 3061 3466 quam
3089 3410 3185 3471 per
3211 3396 3452 3449 cinerem

1879 3483 2152 3554 juvenem,
2189 3486 2384 3542 diebus
2416 3487 2641 3556 integris
2672 3494 2900 3556 septem,
2947 3487 3287 3556 negotiisque
3314 3499 3451 3540 con-

1885 3574 2059 3631 suetis
2089 3576 2383 3631 abstinere.
2416 3576 2507 3630 Ait
2530 3577 2695 3647 igitur
2721 3576 2765 3607 ¹⁸
2796 3594 2811 3631 :
2848 3593 2868 3627 ι
2899 3576 2965 3630 Et
2994 3575 3098 3630 erit
3131 3573 3255 3629 ﬁliis
3280 3573 3452 3629 Israel

1883 3675 1938 3723 et
1988 3668 2279 3740 proselytis
2332 3668 2717 3725 accedentibus
2753 3668 2807 3723 in
2840 3668 3017 3722 medio
3053 3682 3240 3722 eorum
3274 3666 3453 3737 legiti-

1883 3775 2033 3814 mum
2068 3767 2353 3816 aeternum.
2384 3759 2491 3827 Qui
2531 3760 2769 3831 tetigerit
2801 3759 3034 3815 cadaver
3063 3758 3301 3814 hominis
3352 3772 3451 3812 cu-

1878 3848 2081 3920 jusque
2116 3851 2297 3904 anima
2321 3860 2570 3913 exutum,
2602 3847 2918 3904 immundus
2944 3848 3049 3903 erit
3088 3856 3294 3918 septem
3328 3847 3449 3903 die-

1881 3942 1986 3998 bus
2025 3941 2453 4013 :puritlcabitur
2505 3940 2594 3995 die
2641 3941 2802 3995 tertio
2858 3947 2913 3995 et
2962 3940 3050 3995 die
3096 3938 3347 4008 septimo,
3394 3944 3453 3993 et

1881 4037 2120 4092 mundus
2168 4035 2295 4091 erit.
2353 4034 2414 4090 Si
2463 4049 2596 4091 vero
2633 4048 2742 4089 non
2796 4031 2960 4087 fuerit
3005 4030 3335 4102 opurilieatus
3362 4028 3452 4085 die

1881 4127 2044 4183 tertio
2068 4136 2122 4183 et
2149 4126 2237 4182 die
2263 4126 2517 4197 septimo,
2554 4139 2666 4179 non
2697 4124 2803 4180 erit
2831 4122 3088 4177 mundus.
3138 4120 3333 4178 Omnis
3353 4119 3450 4191 qui

1880 4218 2115 4290 tetigerit
2147 4218 2380 4274 cadaver
2425 4217 2664 4273 hominis
2712 4216 2914 4272 mortui
2966 4215 3150 4269 anima
3200 4222 3446 4278 exutum,

1882 4320 1937 4367 et
1997 4327 2106 4366 non
2157 4310 2322 4366 fuerit
2379 4309 2722 4380 puriﬁcatus,
2778 4308 3192 4363 tabernaculum
3231 4302 3448 4360 Domini

1880 4401 2092 4471 polluit.
2122 4398 2585 4455 Exterminabitur
2615 4398 2797 4452 anima
2840 4397 2932 4451 illa
2978 4411 3047 4451 ex
3089 4394 3276 4459 Israel,
3309 4407 3449 4464 quo-

1886 4494 2032 4548 niam
2078 4506 2221 4563 aqua
2257 4491 2590 4561 aspersionis
2623 4506 2730 4546 non
2770 4491 3203 4557 eircumaspersa
3235 4492 3321 4541 est
3353 4500 3449 4541 su-

205 4576 507 4648 ἀκάθαρτός
530 4578 698 4639 ἐστιν,
739 4576 1050 4649 ἀκαθαρσία
1085 4578 1169 4629 ἐπ’
1198 4578 1345 4649 αὑτῴ
1367 4578 1537 4631 ἔσται.
1562 4577 1667 4632 Kal
1687 4572 1777 4632 οὗ·

1887 4601 1977 4657 per
2002 4600 2124 4639 eum
2158 4602 2171 4638 :
2208 4582 2524 4637 immundus
2555 4592 2670 4648 est;
2718 4566 3063 4636 immunditia
3108 4584 3273 4649 super
3320 4590 3445 4632 eum

204 4686 283 4733 τος
307 4672 335 4724 6
381 4669 571 4740 νόμος.
614 4670 933 4741 Ἀνθρωπος
980 4668 1073 4722 ἐὰν
1100 4670 1342 4742 ἀποθάνῃ
1381 4672 1439 4723 ἐν
1469 4670 1635 4743 οἰκίᾳ,
1666 4671 1775 4734 πᾶς

205 4765 649 4836 εἰσπορευόμενος
694 4765 775 4828 εἰς
809 4762 907 4835 τὴν
935 4763 1133 4829 οἰκίαν,
1166 4764 1259 4817 καὶ
1291 4764 1468 4819 πάντα
1506 4765 1607 4818 ὃσα
1626 4764 1773 4816 ἐστὶν

206 4855 335 4926 ἐντῇ
358 4856 531 4927 οἰκίᾳ,
567 4854 854 4926 ἀκάθαρτά
894 4856 1040 4908 ἐστιν
1078 4856 1216 4910 ἑπτὰ
1252 4857 1483 4928 ἡμέρας.
1525 4858 1635 4910 Kal
1665 4858 1774 4909 πᾶν

209 4946 388 5011 σκεῦος
446 4947 811 5017 ἀνεῳγμένον,
856 4947 956 4999 ὅσα
1004 4947 1124 5017 οὐχὶ
1164 4946 1347 5017 δεσμῷ
1399 4948 1771 5013 καταδέδεται,

209 5037 479 5110 ἀκάθαρτα
511 5037 683 5091 ἔσται.
723 5038 833 5091 Kal
869 5040 979 5101 πᾶς
1014 5038 1074 5102 ὃς
1126 5040 1192 5092 ἂν
1236 5040 1438 5111 ἅψηται
1469 5042 1563 5095 ἐπὶ
1605 5043 1774 5113 πρόσ-

212 5146 339 5183 ωπον
364 5129 463 5183 τοῦ
496 5130 681 5183 πεδίου
721 5131 1055 5203 τραυματίου
1097 5132 1389 5203 ῥομφαίας,
1420 5134 1451 5204 ἢ
1481 5135 1697 5207 νεκροῦν
1738 5134 1771 5206 ἢ

212 5224 377 5277 ὀστέου
440 5224 873 5295 ἀνθρωπίνου,ἢ
922 5227 1223 5297 μνήματος,
1278 5225 1773 5299 ἀκάθαρτός·ὲστιν

213 5313 329 5365 me
368 5313 607 5385 ἡμέρας.
641 5314 752 5366 Kal
789 5313 1045 5385 λήψονται
1086 5314 1165 5385 τῷ
1212 5315 1508 5387 ἀκαθάρτῳ
1534 5316 1641 5369 ἀπὸ
1674 5316 1773 5386 τῆς

215 5406 416 5469 σποδιάς
447 5406 547 5476 τῆς
597 5406 1087 5477 κατακεκαυμένης
1112 5406 1203 5458 τοῦ
1234 5407 1523 5477 ἁγνισμοῦ,
1555 5408 1650 5461 καὶ
1678 5410 1772 5462 ἐκ·

216 5499 403 5567 χέουσιν
433 5496 604 5569 αὐτὴν
628 5498 709 5559 εἰς
730 5496 921 5561 σκεῦος
960 5498 1058 5567 (2),
1089 5499 1180 5551 καὶ
1208 5499 1466 5571 λήψονται
1501 5498 1769 5553 ﬁscina-cov-

216 5591 289 5643 καὶ
318 5588 478 5660 βάψει
517 5588 661 5659 ἀνὴρ
706 5587 964 5660 καθαρὸς,
1005 5590 1100 5644 καὶ
1125 5594 1447 5663 περιρρανεῖ
1472 5593 1564 5644 ἐπὶ
1584 5590 1674 5644 τὸν
1698 5587 1776 5644 οἷ-

1879 4679 2004 4734 erit.
2042 4676 2107 4731 Et
2140 4676 2255 4731 haec
2298 4682 2381 4731 est
2439 4675 2546 4731 lex.
2597 4673 2770 4729 Ilomo
2811 4675 2858 4729 si
2908 4680 3158 4727 mortuus
3194 4668 3358 4725 fuerit
3390 4667 3446 4721 in

1878 4768 2063 4831 domo,
2097 4768 2278 4822 omnis
2306 4765 2615 4837 ingrediens
2646 4765 2701 4818 in
2728 4764 2975 4829 domum,
3013 4770 3069 4817 et
3113 4760 3295 4815 onmia
3327 4773 3450 4829 qua:

1879 4870 2007 4917 sunt
2040 4861 2094 4915 in
2125 4859 2330 4925 domo,,
2364 4857 2644 4913 immunda
2692 4864 2820 4911 sunt
2867 4861 3076 4924 septem
3126 4852 3340 4907 diebus.
3380 4848 3449 4902 Et

1880 4969 2041 5011 omne
2076 4968 2170 5007 vas
2195 4959 2466 5021 apertum,
2499 4963 2837 5020 quaecunque
2874 4961 2983 5001 non
3016 4944 3236 4999 vinculo
3273 4943 3447 5013 (oper-

1881 5046 2009 5117 culi)
2039 5046 2256 5115 alligata
2281 5052 2431 5109 sunt,
2459 5041 2740 5097 immunda
2766 5046 2948 5096 erunt.
2983 5037 3048 5091 Et
3072 5036 3250 5092 omnis
3270 5033 3363 5103 qui
3389 5031 3447 5087 in

1880 5152 2011 5208 agro
2043 5136 2283 5206 tetigerit
2309 5134 2556 5190 occisum
2585 5130 2765 5203 gladio
2808 5129 3152 5192 vulneribus,
3192 5125 3275 5180 vel
3299 5138 3452 5177 mor-

1879 5235 2055 5293 tuum,
2083 5226 2169 5281 vel
2198 5240 2386 5281 ossum
2434 5222 2671 5278 hominis
2701 5228 2795 5274 aut
2825 5219 3133 5289 sepulcrum
3158 5232 3173 5281 ;
3205 5214 3448 5267 immun-

1879 5317 1983 5371 dus
2015 5315 2118 5369 erit
2146 5314 2339 5369 diebus
2382 5320 2611 5382 septem.
2651 5310 2717 5364 Et
2746 5316 2963 5363 sument
3004 5320 3102 5375 pro
3142 5303 3444 5367 immundo,

1879 5410 1947 5463 de
1977 5407 2162 5461 cinere
2183 5406 2481 5461 combustae
2523 5402 2799 5475 (juvenem)
2842 5398 3258 5472 purilicationis,
3290 5397 3448 5452 et-el—

1883 5499 2112 5554 fundent
2141 5513 2263 5552 eum
2290 5498 2345 5550 in
2368 5512 2482 5561 vas,
2510 5503 2566 5550 et
2598 5500 2818 5550 sument
2843 5492 3166 5563 hyssopum,
3197 5497 3251 5544 et
3275 5488 3448 5558 tinget

1880 5593 1963 5647 vir
1991 5604 2164 5662 purus
2192 5595 2247 5649 et
2283 5588 2743 5660 cireumasperget
2770 5598 2935 5656 super
2956 5582 3177 5641 domum
3204 5587 3258 5638 et
3282 5594 3449 5652 super

275 5747 312 5776 "
352 5745 527 5815 Levit.
568 5761 671 5813 xu,
740 5744 788 5807 l,
828 5744 881 5797 ἓ.
962 5746 1004 5777 ⁸⁸
1041 5744 1177 5801 Ibid.
1218 5746 1270 5809 6,
1315 5746 1366 5804 7.
1446 5747 1490 5779 "
1527 5745 1686 5801 Num.
1728 5742 2036 5814 x1x,iO—2l.

274 5885 338 5947 (2)
370 5885 499 5954 Leg.
522 5885 807 5955 ἐκχέουσιν
834 5886 919 5943 ἐπ’
943 5886 1109 5960 αὐτὴν
1134 5887 1273 5960 ὕδωρ
1302 5888 1409 5954 ζῶν
1440 5890 1518 5953 είς
1552 5887 1761 5956 σκεῦος,

1887 5888 2146 5959 e/Ivndent
2166 5904 2319 5958 super
2339 5904 2455 5943 tum
2479 5885 2759 5960 (cinerem)
2777 5901 2965 5948 aquam
2984 5884 3226 5938 similem
3250 5883 3300 5937 in
3331 5901 3437 5940 ται.
