4018 6512
559 428 622 482 5i
1196 420 1465 477 EUSEBII
1499 412 1980 475 GrESARIENSIS
2013 411 2165 469 OPP.
2208 407 2394 464 PARS
2434 407 2579 463 ll.—-
2615 397 3116 459 APOLOGETICA.

3771 392 3872 443 59.

561 561 691 602 vasa
717 554 770 602 et
797 560 962 617 super
991 545 1202 598 animas
1227 549 1494 613 quotquot
1525 539 1728 594 fuerint
1758 537 1854 600 ibi.
1887 542 1940 590 et
1964 546 2122 603 super

2227 546 2343 592 κον,
2375 527 2467 580 καὶ
2518 523 2586 580 τὰ
2647 521 2837 591 σκεύη,
2871 519 2966 574 καὶ
3010 515 3109 580 τὰς
3139 513 3338 585 ψυχὰς,
3379 512 3494 568 ὅσοι
3544 510 3642 563 ἐὰν
3683 502 3868 560 ὦσιν

562 653 683 692 eum
717 638 810 709 qui
839 637 1017 707 tetigit
1056 651 1242 692 ossum
1280 635 1537 697 hominis,
1586 640 1680 686 aut
1713 635 1955 687 occisum
1998 628 2120 680 vul-

564 749 732 799 nere,
781 739 876 788 aut
933 737 1227 791 mortuum,
1271 735 1366 781 aut
1417 727 1746 797 sepulcrum.
1785 724 1850 778 Et
1895 723 2126 778 circum—

566 831 814 898 .isperget
836 823 1071 880 mundus
1093 836 1256 892 super
1285 819 1624 875 immundum
1653 820 1742 875 die
1764 819 1926 874 tertio
1949 826 2004 874 et
2035 819 2123 874 die

565 915 799 985 septimo
849 933 863 970 :
917 920 971 968 et
1027 911 1228 966 lavabit
1275 910 1595 966 vestimenta
1651 924 1771 970 sua,
1823 918 1875 964 et
1924 922 2123 976 corpus

566 1023 723 1060 suum
754 1007 951 1060 lavabit
984 1019 1146 1075 aqua,
1185 1009 1239 1056 et
1290 1003 1539 1072 impurus
1570 1003 1673 1056 erit
1712 1016 1886 1071 usque
1914 1000 1981 1055 ad
2026 1016 2120 1055 ve-

565 1113 799 1167 speram.
831 1097 896 1150 Et
919 1097 1080 1152 homo
1093 1094 1514 1166 quijnquiuatus
1541 1093 1724 1160 fuerit,
1749 1101 1802 1149 et
1825 1109 1934 1148 non
1961 1092 2122 1147 fuerit

563 1193 902 1263 puriﬁcatus,
937 1188 1390 1246 exterminabitur
1443 1187 1623 1242 anima
1669 1186 1759 1240 illa
1791 1202 1858 1242 ex
1888 1199 2122 1256 synago-

561 1300 647 1354 ga,
705 1285 962 1354 quoniam
993 1296 1132 1350 aqua
1182 1281 1516 1350 aspersionis
1550 1295 1658 1334 non
1687 1279 2122 1347 circumaspersa

559 1382 646 1429 est
675 1390 841 1444 super
869 1390 1017 1428 eum.
1052 1373 1117 1427 Et
1147 1375 1252 1429 erit
1280 1373 1434 1429 vobis
1466 1372 1764 1442 legitimum
1823 1372 1925 1425 hoc
1977 1385 2121 1426 sem-

560 1467 830 1534 piternum
856 1467 920 1519 ¹⁸.
959 1485 978 1516 ι
1015 1464 1136 1520 Ηωο
1165 1465 1256 1519 ubi
1289 1465 1465 1521 sancit
1489 1464 1684 1525 Moses.
1713 1465 1874 1518 etiam
1901 1462 2119 1516 modum

560 1571 716 1627 aqua:
744 1556 1083 1625 aspersionis
1107 1555 1434 1626 prmscribit.
1463 1555 1625 1610 Jubet
1654 1556 1796 1610 enim
1825 1555 2118 1625 juvencam

560 1648 740 1703 rufam
773 1664 893 1719 qua:
916 1664 1026 1702 non
1057 1648 1215 1704 habet
1245 1649 1299 1702 in
1331 1663 1389 1703 se
1433 1648 1644 1713 vitium,
1686 1645 1918 1701 cremari
1949 1652 2119 1700 totam

557 1741 706 1798 etde
731 1741 918 1796 cinere
963 1741 1082 1811 ejus
1128 1741 1363 1811 inspergi
1417 1754 1633 1810 aquam,
1684 1752 1790 1808 qua
1843 1736 2121 1807 purificari

557 1832 956 1887 contaminatos
985 1848 1014 1886 a
1047 1831 1278 1887 mortuis
1310 1837 1542 1901 oportet.
1578 1829 1696 1894 Quo
1721 1838 1898 1883 autem
1926 1829 1978 1882 in
2001 1827 2121 1881 loco

2230 618 2363 680 ἐκεῖ,
2407 615 2499 669 καὶ
2535 615 2626 669 ἐπὶ
2652 613 2742 666 τὸν
2785 613 3027 682 ἡμμένον
3053 607 3144 661 τοῦ
3174 603 3362 659 ὀστέου
3396 603 3487 658 τοῦ
3521 599 3864 674 ἀνθρωπί-

2228 727 2342 774 νου,
2365 709 2396 780 ἢ
2423 707 2516 760 τοῦ
2541 702 2900 776 τραυματίου,
2927 702 2960 771 ἢ
2983 699 3075 754 τοῦ
3101 697 3443 769 τεθνηκότος,
3471 695 3504 767 ἢ
3535 693 3626 749 τοῦ
3666 693 3859 763 μνή-

2232 819 2419 874 ματος.
2459 800 2568 854 Καὶ
2583 799 2900 870 περιρῤανεῖ
2928 797 2957 848 6
2985 792 3220 864 καθαρὸς
3247 790 3340 842 ἐπὶ
3363 789 3453 842 τδν
3492 786 3861 856 ἀκάθαρτον

2229 897 2372 964 ὲντῇ
2410 892 2591 964 ἡμέρᾳι
2635 893 2701 960 τῇ
2732 890 2913 962 τρίτην
2946 886 3114 942 καὶέν
3140 888 3206 954 τῇ
3248 882 3432 955 ἡμέρᾳ
3475 883 3542 951 τῇ
3573 877 3853 949 ἑϐδόμῃ’

2229 985 2322 1040 καί⁹
2355 981 2638 1036 πλυνεῖτά
2672 981 2860 1052 ἱμάτια
2892 976 3104 1041 ἐαυτοῦ,
3136 977 3229 1028 καὶ
3259 973 3510 1026 λοῦσεται
3544 971 3605 1023 τὸ
3639 966 3859 1037 σῶμα.

2229 1073 2420 1138 ὕδατι,
2454 1073 2548 1128 καὶ
2593 1072 2900 1142 ἀκάθαρτος
2941 1069 3092 1122 ἔσται
3133 1068 3236 1131 ἕως
3281 1065 3539 1138 ἑσπέρας.
3568 1062 3686 1117 Καὶ
3733 1061 3856 1118 ἄν-

2229 1163 2443 1235 Θρωπος
2471 1161 2565 1216 ἐὰν
2605 1162 2825 1234 μιανθῇ,
2861 1160 2956 1214 καὶ
2989 1159 3062 1231 μὴ
3113 1156 3437 1228 ἀφαγνισθῇ,
3489 1153 3852 1225 ἐξολοθρευσ-

2229 1256 2448 1328 Θήσεται
2489 1259 2523 1328 ἡ
2576 1255 2722 1327 ψυχὴ
2754 1255 2935 1324 ἐκείνη
2957 1255 3020 1306 ἐκ
3047 1252 3145 1322 τῆς
3176 1247 3519 1318 συναγωγῆς,
3543 1249 3624 1300 ὅτι
3656 1245 3850 1316 ὕδωρ

2229 1348 2522 1420 ῥαντισμοῦ
2559 1349 2620 1401 οὐ
2663 1342 3119 1418 περιερραντίσθη
3155 1342 3239 1395 ἐπ’
3269 1342 3450 1395 αὐτόν.
3489 1339 3599 1393 Καὶ
3646 1339 3847 1392 ἔσται

2229 1443 2356 1513 ὑμῖν
2383 1442 2611 1512 νόμιμον
2639 1439 2871 1493 αἰώνιον.
2902 1458 2918 1488 ι
2941 1435 3125 1490 Ταῦτα
3145 1434 3385 1504 Μωῦσῆς
3410 1432 3842 1504 νομοθετήσας,

2226 1535 2316 1588 τὸν
2343 1533 2540 1605 τρόπον
2585 1530 2678 1586 τοῦ
2709 1531 2900 1594 ὓδατος
2945 1529 3037 1582 τοῦ
3077 1527 3370 1599 ῥαντισμοῦ
3400 1526 3780 1581 ἐπεκδιδάσκε
3793 1543 3842 1578 ι·

2227 1627 2457 1697 δάμαλιν
2499 1624 2713 1697 πυρράν
2745 1620 3407 1694 ἀμωμονόλοκαυτοῦσθαι
3426 1619 3839 1690 προστάττων,

2228 1719 2321 1772 καὶ
2347 1717 2454 1771 ἀπὸ
2480 1716 2581 1787 τῆς
2607 1715 2829 1778 σποδιᾶς
2869 1714 3038 1784 αὐτῆς
3065 1712 3429 1783 ἐμϐάλλεσθαι
3458 1711 3536 1783 τῷ
3565 1711 3734 1767 ὕδατι
3768 1710 3844 1776 ἐξ

2227 1803 2288 1864 οὗ
2333 1810 2532 1882 χρῆναι
2571 1806 2928 1878 καθαίρεσθαι
2955 1807 3080 1869 τοὺς
3118 1807 3210 1858 ἐπὶ
3243 1804 3419 1876 νεκρῷ
3461 1804 3844 1876 μεμολυσμέ-

558 1922 640 1977 fas
671 1923 740 1978 sit
767 1924 1056 1993 juvencam
1087 1895 1429 1986 comburere,
1452 1923 1534 1978 vel
1560 1921 1652 1976 ubi
1683 1933 2006 1991 puerperam
2037 1917 2122 1972 of-

2225 1920 2366 1966 νους.
2403 1901 2512 1954 Ποῦ
2566 1900 2624 1952 δὲ
2681 1900 2787 1972 χρὴ
2821 1895 3243 1952 ὀλοκαυτοῦσθαι
3271 1896 3366 1968 τὴν
3400 1896 3651 1968 δάμαλιν,
3702 1895 3837 1950 ποῦ

557 2013 699 2070 ferre
748 2016 1038 2080 sacriﬁcia,
1070 2024 1123 2070 et
1158 2017 1247 2070 ubi
1270 2023 1496 2071 caeteros
1525 2014 1640 2084 lege
1669 2012 2015 2083 praescriptos
2045 2010 2123 2063 ri-

556 2117 644 2163 tus
701 2109 853 2163 obire
913 2109 1103 2164 deceat
1155 2115 1209 2164 et
1263 2107 1508 2176 exsequi,
1547 2105 1690 2174 quod
1727 2105 1831 2158 hoc
1863 2118 1972 2157 non
2005 2116 2125 2171 per-

556 2201 782 2255 missum
813 2203 886 2256 sit
919 2201 1098 2256 facere
1131 2202 1442 2272 promiscue
1468 2199 1714 2270 quolibet
1761 2197 1817 2251 in
1846 2197 1990 2258 loco,
2025 2193 2121 2250 sed

555 2297 611 2348 in
649 2311 756 2349 uno
791 2311 952 2365 quem
981 2296 1100 2364 ipse
1127 2295 1480 2361 determinat;
1530 2292 1878 2364 perspicuum
1925 2296 2008 2344 est
2054 2302 2122 2342 ex

558 2385 626 2440 iis
659 2403 777 2458 quae
817 2389 933 2460 lege
967 2389 1210 2458 praecipit
1242 2405 1364 2443 cum
1406 2388 1482 2441 ait
1527 2387 1568 2418 "
1612 2405 1626 2442 :
1684 2403 1702 2436 ι
1742 2383 1806 2437 Et
1832 2383 1938 2438 erit
1967 2382 2124 2436 locus

553 2495 932 2550 quemcunque
961 2481 1184 2549 elegerit
1215 2480 1474 2535 Dominus
1508 2477 1649 2533 Deus
1704 2485 1852 2541 tuus,
1887 2484 1944 2530 ut
1971 2477 2124 2530 invo-

555 2576 708 2623 cetur
739 2585 935 2624 nomen
967 2570 1086 2639 ejus
1117 2571 1214 2636 ibi,
1239 2571 1367 2625 illuc
1404 2570 1590 2625 feretis
1612 2569 1818 2631 omnia,
1865 2582 1986 2637 qua:
2019 2582 2122 2637 ego

556 2661 753 2714 mando
785 2661 942 2716 vobis
981 2661 1162 2717 hodie.
1205 2682 1222 2714 ι
1258 2662 1394 2716 Hinc
1422 2669 1680 2716 accurate
1706 2662 1799 2714 illa
1845 2674 1971 2714 cum
2020 2675 2121 2715 ex-

556 2751 848 2819 posuisset,
904 2753 1188 2824 subjungit
1223 2754 1310 2809 ηε
1365 2771 1383 2806 ι
1438 2753 1671 2808 Attende
1720 2751 1819 2806 tibi
1872 2750 2002 2821 ipsi,
2051 2766 2124 2805 ne

557 2842 754 2898 oderas
806 2844 1244 2900 holocautomata
1289 2853 1404 2908 tua,
1453 2846 1768 2914 ubicunque
1819 2842 2122 2914 aspexeris,

557 2934 650 2987 sed
683 2935 737 2989 in
767 2936 885 2990 loco
912 2953 1071 3005 quem
1111 2937 1370 3008 delegerit
1401 2937 1661 2991 Dominus
1709 2937 1852 2992 Deus
1890 2945 2036 2999 tuus,
2065 2935 2122 2990 in

557 3039 660 3076 una
701 3026 982 3082 civitatum
1035 3035 1273 3091 tuarum,
1323 3027 1398 3081 ibi
1444 3025 1641 3082 oll‘eres
1684 3025 2123 3081 holocantomata

552 3125 665 3179 tua,
701 3128 753 3172 et
788 3119 861 3172 ibi
887 3119 1054 3173 facies
1075 3119 1259 3174 omnia
1285 3135 1627 3190 quascunque
1658 3135 1759 3185 ego
1799 3118 1998 3174 mando
2020 3120 2125 3174 tibi

554 3209 733 3263 hodie.
772 3229 790 3261 ι
823 3209 987 3264 Addit
1020 3225 1183 3281 porro
1235 3211 1277 3242 ι’
1311 3230 1324 3265 :
1375 3228 1394 3262 ι
1436 3209 1554 3264 Non
1602 3211 1806 3281 poteris
1859 3211 2020 3266 vesci
2063 3211 2126 3264 in

2223 1995 2279 2048 δὲ
2307 1995 2406 2066 τὴν
2432 1996 2488 2046 ἐν
2525 1992 2670 2063 λέχει
2703 1991 3034 2064 προσφέρειν
3081 1991 3178 2054 τὰς
3229 1990 3440 2055 θυσίας,
3493 1989 3596 2044 ποῦ
3630 1990 3692 2044 δέ
3749 1990 3839 2042 τὰ.

2222 2085 2384 2139 λοιπά
2406 2086 2613 2156 νόμιμα
2663 2082 2954 2143 συντελεῖν,
2982 2081 3063 2133 ὃτι
3091 2080 3164 2152 μὴ
3202 2079 3507 2153 ἀδιαφόρως
3542 2081 3598 2132 ἐν
3640 2097 3838 2134 παντι

2220 2179 2393 2250 τόπῳ,
2419 2177 2530 2230 ἀλλ’
2557 2179 2615 2229 ἐν
2650 2174 2794 2246 μόνῳ
2828 2174 2928 2238 ἐνὶ,
2963 2167 3007 2241 ᾧ
3033 2173 3193 2236 αὐτὸς
3220 2173 3487 2243 ἀφορίζει,
3523 2172 3681 2243 δῆλον
3716 2175 3834 2242 ἀφ’

2222 2261 2296 2322 ὧν
2341 2266 2621 2338 νομοθετεῖ
2662 2264 2867 2332 λέγων·
2911 2281 2928 2314 ι
2968 2264 3077 2316 Καὶ
3132 2262 3284 2316 ἔσται
3334 2265 3362 2315 6
3403 2263 3565 2324 τόπος
3605 2263 3665 2315 ὃν
3713 2263 3831 2316 ἐὰν

2221 2359 2509 2426 ἐκλέξηται
2543 2355 2746 2427 Κύριος
2765 2359 2794 2410 6
2812 2355 2943 2419 Θεὸς
2970 2354 3144 2426 ὑμῶν,
3177 2356 3232 2407 ἐν
3260 2353 3406 2425 αὐτῷ
3440 2353 3829 2424 ἐπικληθῆναι

2221 2453 2282 2505 τὸ
2308 2451 2479 2521 ὄνομα
2503 2448 2688 2508 αὑτοῦ,
2723 2449 2840 2500 ἐκεῖ
2876 2446 3047 2499 οἴσετε
3083 2445 3259 2498 πάντα
3291 2445 3393 2499 ὃσα
3420 2443 3530 2514 ἐγὼ
3561 2443 3827 2497 ἐντέλλο-

2225 2562 2324 2616 μαι
2349 2543 2482 2613 ὑμῖν
2509 2542 2769 2612 σήμερον.
2798 2559 2816 2591 ι
2853 2539 2964 2592 Καὶ
2987 2536 3355 2591 διαστέλλεται
3378 2536 3506 2606 ἑξῆς
3536 2535 3824 2609 ἀκριϐῶς,

2221 2637 2524 2706 ἐπιλέγων
2561 2653 2580 2687 ‹
2618 2633 2859 2708 Πρόσεχε
2899 2631 3132 2702 σεαυτῷ,
3175 2632 3383 2702 μήποτε
3415 2630 3717 2702 ἀνενέγκῃς
3744 2630 3827 2683 τὰ

2221 2729 2649 2800 ὁλοκαυτώματά
2683 2745 2799 2790 σου,
2839 2719 2901 2779 οῦ
2934 2725 2998 2778 ἂν
3031 2725 3168 2796 ἴδῃς,
3199 2723 3313 2778 ἀλλ’
3340 2724 3373 2795 ἦ
3416 2725 3494 2788 είς
3521 2723 3610 2776 τὸν
3638 2726 3824 2774 τόπον

2220 2822 2284 2878 ὃν
2304 2821 2397 2874 ἐάν
2424 2819 2708 2889 ἐκλέξηται
2757 2817 2960 2888 Κύριος
2998 2818 3026 2868 6
3075 2815 3206 2878 Θεός
3254 2833 3346 2868 σου
3392 2814 3573 2880 αὑτὸν,
3613 2816 3669 2867 ἐν
3710 2816 3823 2885 μιᾷ

2221 2913 2330 2968 τῶν
2361 2911 2566 2966 πόλεών
2595 2928 2709 2973 σου,
2742 2910 2856 2961 ἐκεῖ
2877 2907 3110 2971 ἀνοίσεις
3140 2907 3208 2961 τά
3235 2905 3660 2978 ὁλοκαυτώματά
3684 2923 3818 2971 σου,

2224 3007 2318 3062 καὶ
2350 3009 2464 3060 ἐκεῖ
2497 3005 2741 3075 ποιήσεις
2780 3004 2957 3056 πάντα
3001 3003 3100 3054 ὅσα
3129 2999 3444 3070 ἐντέλλομαι
3476 3000 3603 3069 ὑμῖν
3633 2999 3821 3069 σήμε-

2228 3117 2338 3171 ρον.
2370 3118 2388 3149 ι
2420 3099 2551 3160 ΚαὶΔ
2579 3089 2905 3168 προστίθησι
2951 3092 3154 3162 λέγων·
3189 3109 3208 3143 ‹
3241 3091 3314 3144 Οὐ
3371 3090 3574 3162 δυνήσῃ
3608 3091 3820 3158 φαγεῖν

2224 3194 2282 3246 ἐν
2312 3192 2512 3253 πάσαις
2539 3191 2662 3252 ταῖς
2696 3187 2884 3240 πόλεσι
2915 3186 2976 3240 :6
3003 3184 3324 3238 ἐπιδέκατον
3357 3181 3451 3236 τοῦ
3503 3181 3648 3235 σίτου
3683 3197 3815 3244 σου,

551 3300 866 3356 εἰνίιοιίυυε
901 3271 1372 3371 tuis-quibuslibet
1413 3271 1830 3357 decimationem
1863 3301 2122 3356 frumenti

2225 3285 2316 3338 καὶ
2344 3281 2597 3337 τοῦνοῖνου
2633 3298 2748 3344 σου,
2777 3280 2874 3333 καὶ
2899 3278 2995 3332 τοῦ
3029 3276 3207 3332 ἐλαίου
3240 3292 3355 3338 σου,
3387 3273 3458 3328 τά
3483 3271 3820 3344 πρωτότοκα

553 3393 652 3457 tui,
681 3408 779 3448 nec
809 3394 919 3448 viui
938 3397 1012 3448 tui
1039 3406 1132 3450 aut
1155 3395 1258 3450 olei
1283 3397 1362 3449 tui
1388 3413 1400 3450 :
1429 3395 1785 3466 primogenita
1806 3395 1967 3450 boum
1995 3401 2122 3448 luo-

551 3500 673 3539 rum
708 3493 762 3540 et
792 3487 972 3540 ovium
1003 3495 1241 3551 tuarum,
1273 3499 1325 3542 et
1357 3489 1540 3541 omnia
1578 3498 1704 3542 vota
1739 3495 1828 3541 tua
1860 3503 2124 3557 qumcun-

550 3594 658 3646 que
685 3580 964 3642 voreritis,
991 3587 1046 3634 et
1071 3579 1451 3636 confessiones
1483 3587 1696 3635 vestras
1749 3587 1804 3635 et
1851 3580 2122 3650 primitias

551 3685 812 3724 manuum
865 3683 1192 3728 vestrarum.
1248 3671 1356 3728 Sed
1408 3681 1534 3728 ante
1600 3672 1890 3728 Dominum
1949 3673 2132 3728 Deum-

551 3769 705 3814 tunm
760 3762 988 3818 comede
1033 3763 1126 3817 illa
1176 3763 1231 3818 in
1281 3765 1426 3829 loco,
1476 3779 1640 3835 quem
1695 3765 1957 3835 delegerit
2011 3765 2122 3820 Do-

552 3852 736 3907 minus
784 3851 930 3909 Deus
991 3861 1122 3909 tuus
1177 3855 1303 3919 sibi,
1348 3862 1412 3908 tu
1458 3863 1510 3910 et
1572 3854 1666 3909 filii
1719 3856 1820 3920 tui,
1874 3855 1982 3911 filia
2029 3864 2126 3911 tua

553 3951 608 3999 et
664 3959 856 4000 servus
916 3954 1066 4011 tuus,
1119 3954 1287 4016 atque
1329 3947 1526 4001 ancilla
1574 3955 1672 4002 tua
1717 3955 1772 4003 et
1813 3949 2130 4021 proselytus

552 4035 612 4090 in
666 4036 894 4092 urbibus
940 4037 1072 4091 tuis.
1115 4055 1134 4088 ι
1188 4035 1394 4094 Deinde
1451 4040 1698 4095 oratione
1765 4055 2122 4112 progressus,

550 4126 697 4197 quod
727 4127 932 4182 dictum
961 4137 1046 4185 est
1065 4129 1372 4195 confirmat,
1410 4131 1538 4186 dum
1568 4133 1650 4188 sic
1679 4133 1757 4188 ait
1783 4151 1796 4187 :
1830 4152 1849 4185 ι
1888 4131 2122 4188 Verum-

553 4227 734 4274 tamen
765 4230 956 4276 saneta
985 4231 1077 4277 tua
1105 4238 1230 4278 cum
1275 4223 1476 4279 fuerint
1505 4225 1623 4291 tibi,
1647 4235 1700 4280 et
1728 4241 1853 4280 cum
1881 4235 2006 4282 vota
2033 4238 2122 4282 tua

554 4317 883 4383 susceperis,
934 4317 1118 4371 venies
1152 4317 1216 4370 ad
1264 4317 1442 4372 locum
1472 4335 1635 4389 quem
1674 4319 1894 4391 elegerit
1944 4320 2126 4376 Domi-

553 4419 659 4459 nus
718 4403 860 4462 Dens
910 4414 1039 4462 tuus
1092 4408 1194 4463 sibi
1219 4409 1285 4463 “.
1319 4427 1337 4460 ι
1366 4408 1431 4463 Et
1488 4425 1680 4466 rursus
1729 4428 1742 4464 :

551 4495 849 4552 decimabis
877 4499 1117 4555 universi
1155 4499 1295 4556 fetus
1324 4500 1548 4556 seminis
1572 4501 1678 4567 tui;
1710 4500 1876 4556 fetum
1908 4502 2021 4574 agri
2047 4495 2121 4556 tui

552 4586 845 4657 quotannis
867 4591 1119 4647 comedes
1160 4592 1336 4662 ipsum
1369 4592 1426 4646 in.
1451 4601 1745 4663 conspectu
1783 4593 1998 4647 Domini
2029 4592 2120 4647 Dei

555 4680 655 4741 tui,
687 4694 754 4734 eo
789 4679 842 4734 in
869 4681 989 4736 loco
1016 4699 1176 4753 quem
1208 4685 1433 4755 elegerit
1465 4683 1725 4741 Dominus
1751 4685 1892 4740 Deus
1911 4694 2037 4741 tuus
2055 4686 2122 4741 ad

554 4769 914 4826 invocandum
945 4774 997 4842 2
1029 4789 1227 4829 nomen
1284 4792 1442 4831 suum
1486 4778 1561 4832 ibi
1595 4779 1661 4833 “.
1712 4797 1730 4830 ι
1779 4776 1981 4833 Deinde
2030 4779 2124 4834 ubi

553 4864 821 4930 reputavit
850 4864 977 4932 quid
1017 4864 1195 4920 facere
1228 4877 1496 4937 oporteat,
1533 4870 1580 4924 si
1636 4871 1682 4924 is
1733 4870 1887 4926 locus
1917 4871 1984 4926 de
2014 4887 2124 4940 quo

551 4953 730 5022 agitur
783 4958 1046 5011 remotior
1097 4957 1280 5023 fuerit,
1329 4959 1544 5031 frugum
1605 4971 1786 5017 autem
1824 4972 2122 5034 proventus

551 5043 776 5110 multus,
810 5053 871 5098 ut
919 5047 1176 5102 videlicet
1224 5049 1388 5104 domo
1431 5050 1499 5105 ad
1547 5052 1724 5106 locum
1778 5052 1873 5108 Dei
1928 5053 2122 5109 all‘erre

550 5143 796 5205 oporteat
829 5152 1044 5194 annuos
1068 5139 1280 5196 fructus
1313 5145 1834 5208 sacriﬁcationis,d'e
1869 5147 1972 5201 hoc
1994 5147 2121 5201 item

552 5227 698 5282 hanc
721 5232 1009 5285 constituit
1041 5233 1209 5303 legem
1244 5253 1256 5288 :
1290 5253 1318 5286 r
1348 5235 1403 5289 Si
1444 5252 1572 5292 vero
1619 5238 1779 5308 longe
1808 5254 1838 5292 a
1873 5246 1929 5294 te
1956 5239 2122 5292 fuerit

551 5319 656 5381 via,
689 5335 864 5390 neque
907 5325 1087 5392 possis
1113 5340 1176 5378 ea
1206 5337 1618 5397 reprmsentare,
1654 5341 1942 5399 propterea
1972 5330 2118 5394 aliud

554 5410 711 5480 longe
753 5427 783 5464 a
829 5420 883 5467 te
934 5414 1101 5471 fuerit-
1156 5417 1330 5484 locus,
1357 5436 1516 5490 quem
1576 5422 1799 5491 elegerit
1857 5420 2118 5475 Dominus

554 5497 696 5553 Deus
723 5507 868 5555 tuus.
891 5502 959 5556 ad
1002 5504 1361 5563 invocandum
1395 5523 1590 5564 nomen
1641 5523 1798 5563 suum
1836 5507 1909 5561 ibi
1947 5526 1959 5560 :
1993 5506 2122 5559 tibi-

554 5607 658 5659 que
685 5590 1023 5647 benedixerit
1056 5594 1316 5654 Dominus
1337 5600 1477 5658 Deus
1515 5609 1665 5663 tuus,
1697 5600 1898 5654 vendes
1928 5613 1990 5653 ea
2029 5613 2121 5650 ar-

555 5694 735 5757 Βεηιον
765 5695 819 5743 ει
847 5687 1030 5759 capies
1063 5701 1347 5763 argentum
1380 5696 1437 5750 in
1461 5711 1656 5751 manus
1681 5703 1821 5759 tuas,
1843 5701 1897 5749 et
1929 5691 2115 5746 venies

659 5803 900 5879 “-Fum;
944 5810 1054 5878 ΣῙΧ,
1093 5810 1146 5865 2ο
1277 5814 1320 5846 ³⁷
1360 5812 1516 5870 Deut.
1557 5830 1653 5879 xu,
1697 5813 1785 5869 11.

558 5892 606 5942 χι
620 5893 665 5937 v.
703 5875 793 5937 22.
833 5877 922 5933 25.

1789 4429 1810 4462 ε
1850 4410 2132 4467 Decimam.

1895 5812 1938 5844 “
1977 5810 2112 5867 Ibid.
2155 5809 2239 5875 l5,
2283 5807 2367 5862 II.

2221 3377 2328 3431 τῶν
2388 3375 2526 3447 βοῶν
2575 3390 2689 3436 σου,
2733 3375 2828 3428 καὶ
2865 3372 2973 3426 τῶν
3021 3369 3310 3442 προϐάτων
3349 3385 3466 3431 σου,
3491 3367 3588 3421 καὶ
3623 3365 3818 3428 πάσας

2221 3472 2322 3534 τὰς
2339 3471 2501 3541 εὐχάς
2535 3485 2628 3521 σου
2655 3469 2785 3531 ὅσας
2832 3466 2898 3520 ἂν
2953 3463 3203 3536 εῦξησθε,
3243 3462 3339 3516 καὶ
3373 3461 3473 3524 τὰς
3511 3458 3818 3530 ὁμολογίας

2224 3562 2398 3635 ὑμῶν,
2456 3563 2551 3616 καὶ
2596 3561 2695 3624 τὰς
2727 3558 2979 3630 ἀπαρχὰς
3024 3556 3130 3610 τῶν
3161 3554 3361 3627 χειρῶν
3397 3552 3552 3623 ὑμῶν
3575 3569 3587 3582 °
3617 3551 3737 3604 ἀλλ’
3772 3551 3810 3622 ἢ

2225 3656 2460 3709 ἐναντίον
2473 3654 2676 3726 Κυρίου
2697 3652 2790 3705 τοῦ
2805 3649 2939 3704 Θεοῦ
2963 3666 3058 3702 σου
3080 3651 3228 3719 φαγῇ
3245 3647 3404 3711 αὐτὰ,
3421 3647 3478 3699 ἐν
3503 3638 3548 3713 ᾧ
3565 3643 3630 3699 ἂν
3652 3643 3816 3714 τόπῳ

2225 3746 2508 3818 ἐκλέξηται
2535 3745 2736 3816 Κύριος
2755 3744 2788 3796 6
2805 3741 2937 3804 Θεός
2960 3758 3052 3794 σου
3070 3737 3268 3809 ἐαυτῷ,
3293 3738 3358 3791 σὺ
3386 3737 3480 3790 καὶ
3498 3736 3546 3790 οξ
3565 3734 3666 3788 υἱοί
3685 3749 3813 3796 σου,

2226 3841 2318 3894 καὶ
2351 3841 2384 3910 ή
2428 3837 2671 3908 θυγάτηρ
2695 3853 2814 3898 σου,
2845 3836 2874 3887 6
2904 3836 3034 3896 παῖς
3064 3849 3178 3894 σου,
3211 3832 3305 3886 καὶ
3336 3831 3370 3902 ἡ
3397 3827 3657 3897 παιδίσκη
3685 3842 3810 3891 σου,

2226 3933 2320 3986 καὶ¹
2345 3933 2373 3985 6
2409 3929 2744 4002 προσήλυτος
2787 3929 2816 3980 6
2862 3927 2919 3979 ἐν
2949 3928 3068 3988 ταῖς
3113 3923 3302 3978 πόλεσι
3351 3938 3463 3974 σου.
3510 3940 3527 3971 ι
3574 3919 3684 3972 Καὶ
3725 3918 3815 3973 ἔτι

2227 4019 2538 4096 προσελθὼν
2583 4016 3008 4086 ἐπασφαλίζεται
3051 4014 3142 4068 τὸν
3193 4012 3368 4080 λόγον,
3419 4011 3478 4064 ἐν
3519 4002 3565 4077 ᾧ
3602 4025 3808 4079 φησιν·

2233 4135 2251 4168 ι
2293 4114 2436 4185 Πλὴν
2469 4110 2537 4164 τά
2575 4109 2708 4179 ἅγιά
2739 4125 2832 4162 σου
2873 4105 2910 4160 ἃ
2939 4105 3004 4159 ἂν
3030 4102 3294 4173 γένωνταί
3329 4118 3430 4165 σοι,
3470 4101 3566 4154 καὶ
3591 4099 3690 4164 τάς
3711 4101 3813 4153 εὐ-

2227 4209 2330 4280 χάς
2358 4223 2450 4260 σου
2478 4201 2680 4265 λαϐὼν,
2713 4199 2862 4271 ἥξεις
2892 4199 2971 4262 εἰς
3002 4196 3093 4251 τὸν
3125 4196 3308 4260 τόπον,
3340 4195 3400 4248 ὃν
3431 4192 3498 4248 ἂν
3522 4191 3811 4262 ἐκλέξηται

2227 4299 2467 4371 Κύριος-ό
2486 4295 2618 4357 Θεός
2644 4309 2737 4346 σου
2765 4290 2960 4362 ἐαυτῷ.
2985 4309 3004 4342 ›
3024 4290 3132 4342 Καὶ
3148 4287 3312 4342 πάλιν
3328 4305 3340 4318 ·
3375 4306 3393 4339 ι
3417 4287 3658 4358 Δεκάτην
3673 4286 3815 4339 ἀπο-

2224 4389 2546 4453 δεκατώσεις
2577 4386 2774 4450 παντὸς
2814 4385 3150 4456 γεννήματος
3187 4383 3282 4436 τοῦ
3325 4379 3639 4452 σπέρματός
3672 4396 3768 4432 σου
3790 4396 3805 4411 ·

2225 4487 2284 4540 τὸ
2316 4484 2561 4554 γέννημα
2587 4478 2682 4533 τοῦ
2715 4476 2883 4551 ἀγροῦ
2928 4493 3020 4530 σου
3062 4471 3352 4547 [ἐνιαυτὸν]
3384 4473 3502 4554 κατ’
3529 4473 3809 4535 ἐνιαυτόν,

2225 4577 2337 4631 Καὶ
2370 4576 2516 4644 φαγῇ
2547 4570 2676 4624 αὐτὸ
2708 4569 2946 4623 ἐναντίον
2976 4566 3182 4637 Κυρίου
3215 4563 3309 4617 τοῦ
3353 4562 3488 4617 Θεοῦ
3530 4579 3644 4628 σου,
3673 4565 3732 4617 ἐν
3762 4557 3810 4631 ᾧ

2224 4668 2290 4722 ἂν
2323 4667 2473 4735 τόπῳ
2504 4661 2787 4733 ἐκλέξηται
2825 4658 3026 4730 Κύριος
3066 4658 3094 4708 6
3134 4654 3264 4717 Θεός
3297 4671 3412 4717 σου,
3446 4653 3807 4725 ἐπικληθῆναι

2224 4760 2284 4812 τὸ
2317 4758 2486 4826 ὄνομα
2527 4753 2691 4808 αὐτοῦ
2743 4753 2874 4806 ἐκεῖ.
2912 4770 2934 4801 ι
2962 4746 3074 4802 Εἶτ’
3117 4746 3586 4817 ἐπιλογισάμενος,
3613 4746 3667 4799 τί
3697 4746 3808 4801 δέοι

2225 4849 2503 4921 πράττειν,
2529 4848 2576 4899 εί
2602 4844 2817 4917 μακρὰν
2838 4837 3086 4910 ἀφεστὼς
3111 4837 3195 4908 εἴη
3217 4839 3246 4888 6
3273 4839 3405 4910 πρὸς
3431 4836 3595 4891 αὐτοῦ
3623 4835 3809 4908 δηλού-

2227 4958 2383 5013 μενος
2404 4940 2588 5002 τόπος,
2603 4938 2632 4990 6
2660 4937 2716 4989 δὲ
2740 4932 2949 5006 καρπὸς
2975 4930 3454 5000 τῶν-γεννημάτων
3475 4928 3660 4992 πολὺς,
3687 4929 3804 4992 πῶς

2222 5036 2330 5088 δέοι
2361 5029 2760 5106 παρακομίζειν
2788 5023 2997 5079 οἴκοθεν
3023 5025 3102 5087 είς
3121 5022 3212 5077 τὸν
3233 5021 3328 5074 τοῦ
3348 5020 3482 5075 Θεοῦ
3501 5021 3665 5074 τόπον
3680 5021 3806 5084 τοὺς

2225 5123 2505 5186 ἐπετείους
2538 5119 2781 5193 καρποὺς
2810 5117 2909 5187 τῆς
2935 5110 3374 5178 ὁλοκαυτώσεως,
3399 5114 3492 5168 καὶ
3529 5115 3658 5185 περὶ
3683 5111 3805 5169 τοῦ-

2224 5237 2317 5272 του
2355 5217 2500 5270 τόνδε
2532 5215 2712 5284 τίθησι
2744 5212 2834 5265 τὸν
2860 5209 3021 5280 νόμον
3043 5225 3056 5239 ⁸
3091 5227 3110 5259 ι
3160 5207 3287 5260 Ἐάν
3315 5207 3373 5259 δὲ
3400 5205 3614 5278 μακρὰν
3644 5205 3806 5276 γένη-

2223 5329 2312 5365 ται
2345 5311 2453 5363 ἀπὸ
2487 5308 2580 5362 σοῦ
2609 5309 2642 5376 ἡ
2675 5304 2812 5366 ὁδὸς,
2857 5303 2951 5355 καὶ
2987 5300 3060 5371 μὴ
3091 5299 3296 5369 δυνήσῃ
3325 5299 3615 5370 ἀναφέρειν
3642 5297 3800 5360 αὐτὰ,

2222 5407 2302 5458 ὅτι
2336 5403 2550 5475 μακρὰν
2575 5399 2682 5453 ἀπὸ
2705 5396 2798 5450 σοῦ
2831 5397 2859 5448 6
2891 5396 3076 5458 τόπος,
3109 5392 3169 5445 ὃν
3199 5390 3266 5444 ἂν
3291 5390 3574 5461 ἐκλέξηται
3599 5388 3802 5460 Κύριος

2223 5499 2250 5550 6
2270 5497 2400 5559 Θεός
2424 5512 2514 5548 σου
2531 5532 2544 5556 ,
2567 5488 2924 5560 ἐπικληθῆναι
2946 5487 3005 5540 τὸ
3027 5486 3196 5556 ὄνομα
3216 5485 3390 5551 αὑτοῦ,
3405 5483 3537 5546 ἐκεῖ,
3559 5481 3640 5534 ὅτι
3663 5480 3803 5534 εὐλο-

2224 5593 2383 5662 γήσει
2405 5606 2462 5641 σε
2478 5585 2676 5656 Κύριος
2699 5581 2729 5638 ό
2745 5581 2876 5644 Θεός
2897 5596 3012 5644 σου,
3030 5577 3125 5632 καὶ
3149 5575 3447 5636 ἀποδώσεις
3472 5572 3610 5627 αὐτά
3629 5573 3800 5645 ἀργυ-

2227 5686 2361 5756 ρίου,
2394 5682 2487 5736 mi.
2512 5678 2654 5750 λήψῃ
2677 5677 2736 5730 τὸ
2767 5676 3024 5747 ἀργύριον
3045 5675 3103 5727 ἐν
3126 5675 3246 5736 ταῖς
3265 5668 3418 5742 χερσί
3448 5685 3563 5733 σου,
3587 5669 3681 5722 καὶ
3709 5683 3802 5720 πο-

2479 5803 2522 5833 ¹⁹
2566 5797 2701 5854 Ibid.
2754 5798 2839 5861 I7,
2882 5797 2970 5853 18.
3081 5795 3134 5829 ²⁶Α
3165 5789 3303 5848 Ibid.
3336 5788 3426 5846 εδ.
3557 5791 3600 5820 ³¹
3644 5785 3796 5841 Deut.
