4018 6532
161 430 226 484 33
1051 425 1696 483 ΒΕΜΟΝΞΤΗΑΤΙΟΝῘΞ

1839 421 2196 484 ANGELICE
2235 425 2362 480 LIB.
2402 423 2443 480 ἰ.
3336 430 3404 481 Si

162 544 328 617 ρεύσῃ
350 544 429 607 είς
454 545 553 599 τὸν
595 545 779 607 τόπον.
809 546 868 599 ὃν
900 547 964 601 ἂν
1001 547 1284 618 ἐκλέξηται
1324 545 1524 618 Κύριος
1549 547 1576 598 6
1608 545 1736 609 Θεός

1840 544 1895 597 in
1927 559 2050 599 eum
2081 557 2257 614 ipsum
2288 543 2468 598 locum
2497 558 2660 614 quem
2699 543 2921 616 elegerit
2952 543 3216 602 Dominus
3257 544 3402 604 Deus

157 651 249 686 σου
279 633 468 698 αὐτὸν,
496 636 596 688 καὶ
626 634 816 700 δώσεις
838 635 898 689 τὸ
930 635 1188 708 ἀργύριον
1219 636 1310 688 ἐπὶ
1344 635 1542 699 παντὸς
1577 629 1637 690 οὗ
1669 635 1736 688 ἂν

155 725 390 795 ἐπιθυμῇ
413 727 452 796 ἡ
466 725 617 798 ψυχή
642 744 756 790 σου,
771 728 862 780 ἐπὶ
882 727 1082 798 βουσὶν,
1102 728 1134 800 ἢ
1153 728 1244 781 ἐπὶ
1265 727 1571 800 προϐάτοις,
1593 728 1625 800 ἢ
1644 729 1735 783 ἐπὶ

154 819 298 886 οἴνῳ,
333 816 367 887 ἢ
403 817 506 870 ἐπὶ
537 817 753 888 mut-Sps},
785 818 817 889 ἢ
845 818 936 870 ἐπὶ
985 817 1185 882 παντὸς
1221 814 1283 873 οὗ
1331 819 1396 872 ἂν
1434 819 1670 891 ἐπιθυμῇ
1700 821 1733 892 ἡ

155 913 292 982 ψυχή
329 927 451 974 σου,
501 910 599 964 καὶ
633 914 783 981 φαγῇ
813 912 928 964 ἐκεῖ
973 910 1212 964 ἐναντίον
1243 909 1445 982 Κυρίου
1477 910 1568 964 τοῦ
1599 911 1733 964 Θεοῦ

157 1019 264 1054 σου.
307 1021 325 1052 ι
359 1003 480 1055 Καὶ
504 999 661 1066 αὖθις
689 1003 781 1056 τὸν
805 1003 967 1055 τόπον
992 1003 1464 1076 ἑπισφραγίζεται,
1494 998 1597 1058 ὧδέ
1620 1022 1736 1069 πως

157 1095 377 1162 φάσκων
396 1111 410 1124 ·
451 1113 470 1145 ι
511 1095 629 1148 Πᾶν
657 1095 993 1166 πρωτότοκον
1018 1093 1045 1145 ὃ
1070 1095 1134 1148 ἂν
1171 1095 1330 1167 τεχθῇ
1360 1099 1416 1150 ἐν
1447 1098 1557 1160 τοῖς
1587 1095 1736 1166 βουσί

160 1200 270 1246 σου,
300 1186 394 1237 καὶ
430 1187 495 1237 ἐν
526 1187 640 1248 τοῖς
673 1186 963 1256 προϐάτοις
1004 1203 1123 1253 σου,
1165 1187 1229 1239 τὰ.
1277 1188 1536 1259 ἀρσενικὰ
1578 1187 1734 1241 ἀποί-

157 1291 264 1337 σεις
294 1275 498 1346 Κυρίῳ
526 1264 606 1347 τῷ
790 1293 902 1329 σου.
940 1279 1052 1331 Οὐκ
1090 1279 1296 1352 ἐργάσῃ
1329 1282 1385 1332 ὲν
1419 1279 1495 1350 τῷ
1535 1297 1737 1353 πρωτο-

155 1367 287 1437 τόκῳ
323 1367 525 1438 μόσχῳ
563 1383 680 1430 σου,
720 1367 812 1420 καὶ
840 1367 912 1440 μὴ
941 1370 1130 1441 κείρῃς
1164 1369 1224 1422 τὸ
1263 1369 1600 1441 πρωτότοκον
1627 1371 1736 1424 τῶν

157 1456 444 1529 προϐάτων
479 1475 594 1512 σου.
627 1459 896 1512 Ἐναντίον
925 1460 1128 1530 Κυρίου
1165 1461 1256 1514 τοῦ
1299 1460 1432 1514 Θεοῦ
1464 1479 1556 1515 σου
1587 1465 1732 1534 φαγῇ

151 1549 274 1601 αὐτὸ
302 1548 566 1602 ἐνιαυτὸν
597 1549 653 1616 ἐξ
683 1549 948 1614 ἐνιαυτοῦ,
977 1552 1033 1603 ἐν
1065 1551 1142 1622 τῷ
1177 1553 1325 1623 τόπῳ
1345 1546 1388 1621 ᾧ
1418 1551 1484 1607 ἂν
1516 1553 1735 1624 ἐκλέξη-

148 1659 231 1694 ται
259 1640 483 1710 Κύριος
507 1641 537 1692 6
568 1641 700 1704 Θεός
734 1658 846 1704 σου,
885 1643 948 1695 σὺ
989 1644 1080 1697 καὶ
1124 1646 1152 1696 6
1189 1640 1336 1710 οἶκός
1375 1662 1488 1698 σου.
1529 1665 1548 1697 ι
1581 1647 1734 1702 Μετὰ

148 1732 322 1785 ταῦτα
352 1732 525 1785 πάλιν
559 1731 675 1796 θέα,
709 1732 829 1786 τίνα
870 1735 1068 1804 τρόπον
1108 1736 1200 1789 καὶ
1230 1737 1295 1789 τὰ
1327 1738 1453 1809 περὶ
1483 1737 1589 1792 τῶν
1612 1739 1732 1809 ἑορ-

148 1823 252 1875 τῶν
285 1823 625 1889 διαστέλλει,
662 1825 762 1877 οὐκ
798 1824 976 1878 ἄλλοθι
1006 1827 1128 1897 γῆς,
1168 1827 1280 1880 ἄλλ’
1314 1828 1429 1899 ἢέν
1472 1829 1616 1901 μόνῳ
1655 1829 1733 1900 τῷ

149 1916 472 1987 δηλουμένῳ
509 1917 679 1987 τόπῳ,
714 1916 1118 1990 πανηγυρίζειν.
1149 1919 1309 1988 Λέγει
1341 1919 1385 1971 δ’
1419 1917 1538 1974 οὖν*
1578 1941 1596 1972 ι
1634 1922 1737 1974 Φύ-

150 2008 304 2073 λαξαι
338 2009 438 2062 τὸν
483 2009 628 2079 μῆνα
667 2009 776 2062 τῶν
806 2010 958 2074 νέων,
996 2013 1088 2064 καὶ
1140 2013 1383 2084 ποιήσεις
1435 2013 1495 2066 τὸ
1545 2015 1736 2085 Πάσχα

154 2100 344 2171 Κυρίῳ
379 2100 462 2172 τῷ
496 2100 616 2171 Θεῷ
649 2117 764 2165 σου,
801 2101 1044 2173 πρόϐατα
1070 2105 1162 2157 καὶ
1196 2104 1342 2173 βόας,
1374 2106 1431 2158 ἐν
1459 2104 1537 2176 τῷ
1568 2106 1732 2176 τόπῳ,

151 2188 190 2259 ᾧ
219 2195 288 2246 ἂν
332 2192 628 2265 ἐκλέξηται
679 2194 880 2265 Κύριος
923 2197 950 2248 6
997 2196 1128 2259 Θεός
1173 2214 1262 2249 σου
1303 2196 1471 2268 αὐτῷ.
1516 2217 1532 2248 ι
1571 2198 1737 2252 Πάλιν

153 2287 590 2357 ὑπομιμνήσκει,
611 2285 781 2355 λέγων
799 2303 812 2316 ·
837 2306 854 2337 ι
881 2287 953 2339 υὺ
980 2287 1180 2362 δυνήσῃ
1204 2288 1360 2342 θῦσαι
1383 2290 1442 2343 τὸ
1463 2291 1650 2361 Πάσχα
1679 2291 1736 2342 ἑν

153 2377 381 2449 οὐδεμιᾷ
409 2377 524 2430 τῶν
557 2377 762 2431 πόλεών
794 2395 907 2441 σου,
951 2373 1024 2432 ὧν
1055 2379 1254 2450 Κύριος
1297 2383 1324 2434 6
1361 2381 1490 2445 Θεός
1533 2399 1626 2434 σου
1658 2382 1735 2434 δίο

153 2469 283 2522 δωσί
315 2487 422 2532 σοι,
453 2469 571 2523 ἀλλ’
601 2471 679 2533 είς
703 2470 794 2523 τὸν
822 2471 982 2524 τόπον
1027 2471 1085 2524 ὃν
1131 2472 1194 2526 ἂν
1223 2473 1504 2545 ἐκλέξηται
1536 2474 1738 2544 Κύριος

151 2563 176 2610 ὁ
198 2560 340 2623 Θεός
376 2578 497 2614 σου.
546 2562 693 2614 Ἐκεῖ
724 2560 902 2624 θύσεις
925 2562 984 2615 τὸ
1013 2563 1201 2632 Πάσχα
1222 2564 1459 2635 ἑσπέρας
1487 2565 1623 2634 πρὸς
1651 2564 1738 2617 δυ-

156 2655 323 2721 apud;
347 2653 528 2723 ἡλίου,
564 2654 622 2707 ἐν
669 2653 746 2723 τῷ
793 2654 968 2725 καιρῷ
1014 2648 1057 2722 ᾧ
1093 2655 1313 2723 ἐξῆλθες
1342 2658 1405 2709 ἐκ
1435 2657 1540 2727 γῆς
1570 2657 1738 2726 Λιγύ-

153 2761 295 2796 πτου
315 2762 327 2774 ·
361 2747 460 2799 καὶ
485 2746 725 2818 ἑψήσεις,
756 2747 847 2800 καὶ
877 2751 1022 2818 φαγῇ
1048 2750 1104 2800 ἑν
1137 2749 1212 2819 τῷ
1238 2750 1388 2820 τόπῳ
1418 2745 1462 2819 ᾧ
1496 2751 1560 2804 ἂν
1591 2751 1739 2805 ἐκλέ-

154 2834 316 2903 ξηται
343 2836 553 2907 Κύριος
590 2838 618 2889 6
661 2835 792 2900 Θεός
820 2855 933 2892 σου.
971 2858 989 2888 ι
1058 2838 1115 2892 ’0
1144 2841 1240 2910 μὲν
1265 2841 1328 2911 δὴ
1374 2842 1473 2912 τῆς
1500 2841 1595 2895 τοῦ
1623 2842 1735 2895 Πά-

157 2940 271 2995 σχα
295 2927 491 2997 ἑορτῆς
517 2929 683 2998 νόμος
712 2929 946 2992 τοιοῦτος
965 2946 979 2960 ο
1007 2931 1036 2982 6
1063 2930 1119 2982 δὲ
1155 2932 1253 3000 τῆς
1288 2932 1663 3004 Πεντηκοστῆς
1687 2931 1738 2984 τί

158 3036 347 3086 φησιν,
379 3021 650 3074 ἄκουσον·
681 3039 698 3072 ι
737 3021 907 3075 Ἑπτά
952 3022 1252 3094 ἑϐδομάδας
1288 3023 1612 3097 ὁλοκλήρους
1651 3024 1738 3092 ἑξ-

157 3109 490 3182 αριθμήσεις
535 3113 778 3183 σεαυτῷ,
832 3111 1136 3184 ἀρξαμένου
1186 3131 1278 3167 σου
1339 3114 1601 3186 δρέπανον
1651 3117 1737 3170 ἐπ’

1835 645 1984 700 tuus,
2005 643 2059 691 et
2091 635 2248 691 dabis
2275 644 2555 705 argentum
2579 650 2676 707 pro
2707 637 2854 692 omni
2889 637 3252 709 quodcunque
3268 655 3403 696 con-

1834 727 2064 797 cupierit
2104 725 2285 781 anima
2337 737 2448 794 tua,
2477 743 2574 797 pro
2622 728 2819 792 bobus,
2869 729 2986 786 sive
3029 732 3242 797 ovibus,
3287 735 3401 790 sive

1833 819 1979 882 vino,
2003 817 2118 872 sive
2144 818 2337 884 sicera,
2363 818 2477 874 sive
2501 819 2648 873 omni
2673 811 3037 891 quodcunque
3062 827 3402 896 concupierit

1835 911 2014 966 anima
2044 920 2154 975 tua,
2179 917 2234 965 et
2272 911 2530 966 comedes
2557 911 2630 966 ibi
2659 913 2714 966 in
2733 923 3028 984 conspectu
3062 914 3275 972 Domini
3307 917 3398 974 Dei

1833 1002 1912 1054 tui
1935 1002 2002 1054 η.
2033 1019 2050 1052 ι
2087 999 2225 1054 Tum
2267 1016 2462 1056 rursus
2512 1002 2690 1056 locum
2734 1005 2890 1074 quasi
2926 1005 3082 1077 signo
3133 1007 3400 1079 impresso

1835 1093 2200 1156 commendat,
2234 1093 2322 1148 his
2343 1092 2454 1149 fere
2469 1095 2649 1151 verbis
2681 1114 2694 1150 :
2725 1115 2745 1146 ‹
2779 1095 2852 1151 De
2882 1100 3260 1170 primogenitis
3281 1118 3401 1173 quae

1834 1195 1962 1241 nata
1997 1187 2200 1242 fuerint
2232 1187 2286 1241 in
2313 1188 2490 1244 bubus
2519 1200 2678 1260 atque
2699 1192 2912 1258 ovibus,
2937 1195 3239 1249 masculina
3272 1194 3403 1250 olfe-

1833 1293 1924 1333 res
1957 1277 2187 1333 Domino
2216 1277 2464 1334 Deo‘tuo.
2488 1278 2605 1333 Non
2635 1295 2774 1350 opus
2799 1280 2966 1337 facies
2996 1283 3049 1336 in
3079 1283 3252 1340 vitulo
3289 1285 3402 1354 pri-

1833 1370 2131 1440 mogenito,
2183 1378 2236 1425 et
2297 1385 2408 1425 non
2453 1371 2707 1427 tondebis
2756 1372 3177 1449 primogenitpm
3215 1377 3398 1431 ovium

1832 1465 2070 1513 tuarum.
2101 1458 2158 1514 In
2185 1469 2481 1532 conspectu
2513 1460 2727 1516 Domini
2763 1461 2856 1517 Dei
2885 1463 2965 1517 tui
2991 1463 3241 1520 comedes
3267 1464 3402 1520 illud

1835 1551 2064 1621 singulis
2093 1553 2272 1618 annis,
2308 1553 2364 1606 in
2387 1554 2507 1607 loco
2529 1569 2688 1623 quem
2719 1554 2942 1624 elegerit
2969 1553 3230 1612 Dominus
3256 1554 3402 1613 Deus

1835 1649 1980 1706 tuus,
2008 1651 2068 1696 tu
2100 1651 2153 1697 et
2188 1641 2383 1698 domus
2410 1646 2579 1698 tua“.
2607 1664 2626 1696 ι
2663 1646 2791 1698 Post
2812 1645 2927 1700 hac
2953 1631 3148 1702 rursus
3169 1648 3397 1719 inspice.

1834 1747 2069 1802 quonam
2098 1734 2260 1787 modo
2291 1749 2353 1788 ea
2382 1735 2592 1804 quae-ad
2621 1735 2786 1792 festos
2819 1737 2936 1790 dies
2973 1737 3246 1807 pertinent
3273 1739 3399 1795 dis-

1833 1825 2052 1894 tinguit,
2083 1833 2140 1880 ut
2179 1841 2247 1881 ne
2276 1827 2403 1882 alibi
2435 1837 2722 1892 terrarum,
2749 1843 2911 1898 quam
2941 1827 2995 1883 in
3041 1843 3106 1884 eo
3149 1845 3255 1883 uno
3279 1831 3402 1885 loco

1837 1916 1904 1971 de
1929 1933 2040 1986 quo
2066 1918 2266 1987 agitur,
2293 1917 2462 1974 festos
2490 1919 2608 1974 dies
2645 1928 2825 1990 agant.
2851 1921 2941 1973 Ait
2971 1921 3138 1990 igitur
3176 1939 3189 1976 :
3229 1940 3248 1972 ι
3289 1920 3400 1977 0b-

1837 2024 1991 2063 serva
2034 2021 2271 2065 menSem
2319 2026 2580 2065 novarum
2626 2011 2869 2082 frugum,
2894 2025 2945 2067 et
2984 2011 3152 2067 facies
3190 2010 3402 2068 Pascha

1837 2099 2065 2155 Domino
2095 2097 2203 2156 Deo
2235 2113 2344 2163 tuo,
2382 2118 2512 2158 oves
2542 2111 2596 2158 et
2629 2105 2812 2166 boves,
2846 2105 2899 2158 in
2943 2105 3062 2159 loco
3105 2119 3265 2174 quem
3291 2106 3403 2159 elc-

1837 2194 1972 2264 gerit
2000 2193 2258 2249 Dominus
2289 2193 2431 2249 Deus
2459 2205 2582 2250 tuus
2607 2195 2674 2249 ²⁵.
2706 2215 2724 2247 ι
2765 2195 2976 2250 Rursus
3026 2195 3279 2250 admonet
3317 2195 3405 2251 his

1838 2287 2016 2341 verbis
2047 2305 2059 2340 :
2093 2305 2111 2336 ι
2150 2285 2266 2340 Non
2309 2291 2511 2357 poteris
2559 2289 2866 2342 sacrificare
2907 2289 3109 2357 pascha
3138 2287 3192 2341 in
3223 2287 3404 2357 aliqua

1837 2379 2053 2432 urbium
2092 2386 2326 2442 tuarum,
2367 2395 2504 2448 quas
2547 2378 2806 2434 Dominus
2835 2379 2977 2434 Deus
3022 2388 3148 2434 tuus
3195 2380 3405 2435 dederit

1837 2470 1955 2533 tibi,
1994 2470 2088 2524 sed
2119 2471 2172 2523 in
2197 2470 2315 2523 loco
2360 2469 2625 2524 duntaxat
2668 2486 2828 2540 quem
2883 2471 3107 2540 elegerit
3142 2470 3405 2524 Dominus

1839 2561 1980 2616 Deus
2035 2571 2178 2616 tuus.
2216 2561 2331 2616 Illic
2373 2561 2679 2616 immolabis
2743 2562 2944 2631 pascha
2992 2577 3022 2615 a
3072 2577 3298 2632 vespere
3337 2564 3404 2616 ad

1839 2655 1972 2707 solis
2001 2668 2278 2714 occasum,
2301 2655 2356 2707 in
2383 2661 2628 2722 tempore
2660 2669 2768 2724 quo
2797 2669 3052 2724 egressus
3080 2670 3140 2708 es
3165 2654 3231 2709 de
3260 2663 3406 2709 terra

1839 2742 2058 2814 Aigypti
2106 2763 2119 2798 :
2163 2751 2210 2800 et
2259 2759 2482 2814 coques,
2523 2755 2576 2799 et
2622 2746 2875 2800 comedes
2930 2745 2984 2798 in
3044 2746 3163 2798 loco
3213 2759 3405 2815 quem-

1838 2849 2052 2903 cunque
2099 2833 2321 2903 elegerit
2373 2831 2638 2890 Dominus
2687 2833 2831 2890 Deus
2877 2843 3005 2889 tuus
3029 2836 3074 2868 ’⁵
3115 2855 3132 2885 ι
3164 2834 3274 2888 Lex
3304 2835 3405 2905 igi-

1839 2933 1928 2978 tur
1953 2926 2020 2980 de
2048 2925 2275 2980 solemni
2303 2924 2409 2986 die.
2457 2927 2549 2995 qui
2581 2925 2791 2980 Pascha
2831 2925 3052 2991 dicitur,
3093 2925 3406 2996 hujusmodi

1839 3015 2113 3086 descripta
2137 3025 2240 3072 est.
2270 3015 2441 3072 Porro
2470 3024 2652 3072 autem
2685 3017 2754 3073 de
2787 3015 3247 3088 Quinquagesima
3275 3016 3406 3087 quid

1839 3110 2006 3173 dicat,
2038 3109 2164 3163 audi
2214 3128 2226 3163 :
2274 3127 2292 3159 ι
2334 3108 2499 3164 Totas
2543 3116 2750 3179 septem
2806 3109 3171 3165 hebdomadas
3212 3124 3407 3163 nume-

159 3203 391 3271 ἀμητὸν,
430 3205 526 3257 καὶ
581 3207 822 3276 ποιήσεις
862 3207 1051 3279 ἑορτὴν
1093 3207 1396 3280 ἑϐδομάδων
1441 3209 1627 3280 Κυρίῳ
1660 3209 1737 3280 τῷ

1840 3202 1990 3256 rabis
2021 3203 2115 3256 tibi
2147 3201 2273 3271 ipsi,
2308 3217 2374 3258 ex
2405 3217 2512 3272 quo
2539 3201 2732 3256 falcem
2768 3202 2822 3256 in
2851 3210 3086 3272 segetem
3117 3200 3409 3254 immittere

158 3295 280 3366 Θεῴ
315 3314 433 3359 σου,
489 3297 635 3351 καθὰ
683 3298 852 3368 ἰσχύει
895 3301 928 3370 ή
979 3301 1098 3374 χείρ
1143 3319 1256 3365 σου,
1289 3302 1386 3354 ὅσα
1418 3301 1482 3355 ἂν
1521 3301 1594 3372 δῷ
1637 3319 1736 3364 σοι,

159 3390 350 3443 καθότι
403 3391 673 3462 εὐλόγηκέ
724 3410 784 3446 σε
820 3393 1021 3465 Κύριος
1072 3397 1099 3447 6
1150 3394 1280 3458 Θεός
1325 3412 1454 3449 σοιν
1513 3398 1607 3449 καὶ
1655 3397 1742 3449 εὖ·

159 3482 448 3554 φρανθήσῃ
477 3483 704 3537 ἐνώπιον
726 3486 928 3557 Κυρίου
953 3486 1044 3540 τοῦ
1068 3486 1200 3540 Θεοῦ
1231 3505 1344 3549 σου,
1368 3489 1431 3541 σὺ
1458 3488 1550 3541 καὶ
1576 3491 1604 3542 ό
1630 3489 1743 3552 υἱός

162 3589 280 3640 σου,
309 3577 406 3628 καὶ
447 3575 484 3644 ἡ
506 3573 753 3648 θυγάτηρ
784 3594 897 3642 σου,
925 3581 953 3632 6
979 3582 1108 3641 παῖς
1143 3596 1256 3643 σου,
1287 3580 1381 3633 καὶ
1412 3582 1444 3652 ή
1481 3581 1738 3652 παιδίσκη

162 3685 277 3731 σου,
307 3669 404 3719 καὶ
435 3669 466 3720 6
493 3669 746 3739 Λευῖτης,
769 3671 796 3721 ό
826 3672 882 3722 ἑν
901 3674 1022 3734 ταῖς
1044 3672 1227 3725 πόλεσι
1258 3689 1372 3736 σου,
1403 3675 1496 3726 καὶ
1520 3675 1548 3726 6
1574 3691 1743 3744 προσ-

163 3754 381 3824 ήλυτος,
419 3757 518 3808 καὶ
543 3759 570 3809 6
601 3758 853 3827 ὀρφανὸς,
889 3761 981 3812 καὶ
1013 3762 1044 3832 ή
1080 3762 1222 3832 χήρα
1251 3765 1282 3832 ἡ
1319 3763 1376 3815 ἐν
1401 3764 1550 3834 ὑμῖν,
1575 3765 1632 3816 ἐν
1665 3764 1742 3835 τῷ

161 3849 308 3919 τόπῳ
337 3841 385 3914 ᾧ
419 3849 490 3901 ἂν
518 3849 802 3922 ἐκλέξηται
835 3851 1035 3923 Κύριος
1063 3855 1090 3906 ὁ
1122 3854 1253 3917 Θεός
1283 3871 1374 3907 σου
1411 3855 1577 3927 αὐτῷ,
1622 3857 1741 3910 ἐπι-

163 3941 428 4011 κληθῆναι
466 3943 526 3996 τὸ
575 3943 744 4014 ὄνομα
773 3945 937 3998 αὑτοῦ
973 3948 1106 3998 ἐκεῖ.
1143 3965 1161 3998 ι
1201 3947 1312 4000 Καὶ
1343 3946 1442 4019 τὴν
1472 3949 1664 4020 τρίτην
1696 3950 1742 4002 δ’

164 4032 353 4103 ἑορτὴν
384 4032 518 4085 ἔνθα
543 4034 868 4103 προστάττει
903 4035 1162 4100 ἐκτελεῖν,
1189 4037 1512 4090 ἐπάκουσον·
1549 4058 1568 4089 ι
1591 4040 1743 4110 Ἑορ-
1789 4077 1793 4082 -

164 4123 256 4192 τὴν
294 4123 407 4175 τῶν
443 4125 672 4194 Σκηνῶν
703 4127 944 4196 ποιήσεις
984 4127 1192 4198 σεαυτῷ
1229 4128 1368 4181 ἑπτὰ
1409 4128 1643 4202 ἡμέρας,
1685 4133 1741 4183 ἐν

162 4216 235 4286 τῷ
271 4221 606 4286 συναγαγεῖν
646 4235 704 4270 σε
735 4219 841 4271 ἀπὸ
872 4219 972 4289 τῆς
1005 4221 1207 4285 ἆλωνός
1251 4238 1344 4274 σου
1375 4223 1468 4276 καὶ
1507 4223 1615 4276 ἀπὸ
1645 4225 1744 4295 τῆς

164 4307 319 4377 ληνοῦ
351 4328 474 4366 σου.
505 4312 598 4363 καὶ
630 4310 975 4386 εὐφρανθήσῃ
1003 4314 1059 4365 ἑν
1087 4315 1152 4384 τῇ
1185 4315 1342 4385 ἑορτῇ
1381 4331 1493 4379 σου,
1532 4317 1616 4383 σὺ,
1647 4314 1744 4369 καὶ

166 4401 272 4462 υἱὸς
302 4417 424 4463 σου,
465 4402 560 4452 καὶ
591 4403 622 4472 ἡ
648 4401 897 4476 θηγάτηρ
927 4419 1042 4466 σου,
1071 4406 1099 4456 6
1130 4407 1256 4467 παῖς
1286 4423 1400 4467 σου,
1435 4407 1527 4458 καὶ
1558 4409 1590 4476 ἡ
1619 4424 1743 4460 παι-

165 4491 318 4563 δίσκη
353 4510 476 4556 σου,
507 4495 601 4546 καὶ
633 4496 664 4564 ή
701 4495 865 4564 χήρα,
897 4497 952 4547 ἐν
985 4497 1062 4567 τῷ
1095 4498 1242 4566 τόπῳ
1284 4491 1327 4565 ᾧ
1359 4499 1423 4552 ἂν
1455 4499 1740 4570 “mima:

1843 3293 2095 3363 cmperis,
2127 3301 2180 3347 et
2203 3292 2504 3347 celebrabis
2531 3292 2672 3347 diem
2716 3290 2913 3348 festum
2945 3291 3408 3346 hebdomadarum

1843 3380 2070 3437 Domino
2131 3381 2240 3437 Deo
2289 3390 2414 3444 tuo,
2473 3389 2737 3451 quantum
2796 3382 2997 3451 poterit
3051 3395 3245 3436 manus
3289 3389 3404 3443 tua,

1840 3490 1908 3531 ex
1970 3475 2226 3530 omnibus
2283 3489 2619 3545 quaecunque
2682 3473 2882 3528 dedero
2940 3473 3067 3537 tibi,
3124 3483 3408 3544 propterea

1842 3567 1984 3636 quod
2038 3567 2136 3621 tibi
2186 3565 2521 3621 benedixerit
2588 3563 2852 3618 Dominus
2916 3562 3060 3617 Deus
3125 3569 3282 3626 tuus,
3355 3567 3412 3614 ct

1841 3656 2148 3726 epulaberis
2195 3670 2379 3710 coram
2429 3653 2660 3709 Domino
2717 3655 2826 3708 Deo
2875 3663 2988 3720 tuo,
3045 3660 3104 3706 tu
3159 3659 3214 3706 et
3265 3649 3411 3705 filius

1841 3749 1893 3820 3
1927 3750 2147 3812 tuus,'et
2162 3747 2269 3801 filia
2297 3756 2410 3810 tua,
2444 3762 2637 3803 servus
2665 3755 2793 3801 tuus
2817 3745 3282 3809 etancillatua,et
3304 3741 3408 3796 Le-

1843 3841 1974 3903 vita,
2005 3838 2099 3909 qui
2135 3837 2297 3892 fuerit
2323 3839 2380 3892 in
2408 3837 2635 3892 urbibus
2667 3839 2812 3902 tuis,
2845 3842 2900 3890 et
2942 3835 3172 3901 advena,
3221 3841 3276 3888 et
3307 3847 3412 3902 pu-

1842 3931 2030 4000 pillus,
2053 3938 2108 3985 et
2133 3930 2296 3984 vidua
2319 3945 2440 4000 qua:
2458 3927 2601 3998 apud
2626 3943 2724 3984 vos
2776 3927 2941 3982 fuerit
2991 3928 3046 3981 in
3093 3927 3214 3979 loco
3247 3939 3409 3994 quem

1843 4028 2067 4098 elegerit
2097 4026 2358 4081 Dominus
2388 4024 2532 4079 Deus
2579 4033 2706 4078 tuus
2767 4024 2896 4090 sibi,
2952 4022 3018 4076 ad
3045 4020 3408 4076 invocandum

1844 4137 2040 4176 nomen
2071 4135 2228 4174 suum
2253 4118 2325 4172 ibi
2367 4117 2430 4169 ⁸⁸.
2475 4136 2492 4168 ι
2561 4114 2805 4170 Tertium
2842 4130 2973 4170 vero
3034 4115 3276 4168 solemne
3317 4111 3409 4173 ubi

1845 4216 2073 4283 imperet
2096 4210 2502 4272 celebrandum,
2539 4208 2663 4262 audi
2691 4225 2702 4258 :
2733 4226 2750 4258 ι
2791 4204 3408 4262 SolemneTabernacu-

1843 4304 2019 4357 lorum
2055 4299 2362 4356 celebrabis
2397 4299 2493 4351 tibi
2541 4296 2646 4366 ipsi
2691 4302 2894 4366 septem
2944 4294 3158 4359 diebus,
3215 4293 3310 4347 ubi
3343 4291 3412 4345 de

1844 4410 1968 4450 area
1999 4402 2091 4447 tua
2115 4401 2169 4448 et
2195 4391 2260 4448 de
2278 4391 2534 4446 torculari
2567 4398 2660 4445 tuo
2685 4388 2993 4458 collegeris,
3016 4394 3069 4440 et
3101 4382 3410 4456 epulaberis

1846 4487 1899 4540 in
1929 4485 2159 4541 solemni
2189 4491 2304 4547 tuo,
2340 4492 2396 4536 tu
2427 4490 2480 4537 et
2515 4482 2655 4536 filius
2685 4490 2831 4543 tuus,
2876 4487 2930 4533 et
2987 4479 3093 4532 lilia
3151 4485 3267 4538 tua,
3295 4489 3414 4528 ser-

165 4584 364 4657 Κύριος
397 4587 428 4638 6
478 4587 609 4650 Θεός
649 4605 742 4640 σου
784 4588 978 4659 ἑαυτῷ.
1025 4609 1042 4640 ι
1082 4589 1180 4642 Διὰ
1227 4590 1494 4644 τοσούτων
1524 4589 1617 4646 οὖν
1650 4593 1739 4646 τὸν

1847 4594 1945 4634 vus
1969 4585 2096 4632 tuus
2118 4591 2171 4633 et
2191 4576 2386 4631 ancilla
2417 4585 2528 4638 tua,
2552 4582 2606 4628 et
2628 4574 2860 4628 viduain
2891 4573 3013 4626 loco
3027 4581 3412 4641 quemcunque

164 4675 322 4728 τόπον
368 4676 890 4747 ἐπισημαινόμενος,
943 4677 1272 4741 τοσαυτάκις
1321 4696 1380 4731 τε
1437 4681 1607 4733 είπὼν
1664 4684 1742 4744 είς

164 4767 322 4819 αὖτὸν
350 4769 606 4837 άπαντᾷν
639 4771 900 4837 παγγενεί
924 4771 1017 4823 καὶ
1040 4773 1278 4832 πανοικὶ,
1303 4770 1421 4833 πῶς
1443 4771 1507 4825 ἂν
1534 4773 1740 4843 ἥρμοζε

164 4859 272 4920 τοῖς
298 4857 403 4927 τῆς
462 4856 718 4920 Ἰουδαίας
749 4859 841 4911 καὶ
868 4860 959 4912 ἐπὶ
991 4859 1186 4930 μικρὸν
1217 4859 1488 4924 διεστῶσι,
1521 4863 1650 4933 μήτι
1681 4879 1742 4929 γε

166 4950 278 5011 τοῖς
308 4948 437 5002 καθ’
486 4947 616 5020 ὅλης
643 4947 748 5018 τῆς
776 4949 1097 5022 οἰκουμένης
1139 4950 1350 5016 ἑθνεσι;
1391 4951 1622 5021 μάλιστα
1656 4955 1741 5006 ὅτε

166 5040 280 5092 οὐδὲ
334 5039 671 5111 συγγνώμην
718 5041 840 5094 τινὰ
883 5043 1034 5112 νέμει
1071 5046 1182 5106 τοῖς
1237 5043 1628 5115 παραϐαίνουσι
1675 5046 1742 5099 τὰ

167 5129 518 5202 διωρισμένα,
552 5133 691 5203 ἀρὰν
715 5133 772 5186 δὲ
799 5133 940 5187 κατὰ
965 5135 1182 5188 πάντων
1223 5136 1332 5189 τῶν
1363 5135 1436 5208 μὴ
1471 5137 1539 5190 τὰ
1569 5137 1743 5190 πάντα

167 5223 478 5292 τηρούντων
516 5225 734 5292 ἐπάγει,
771 5226 1006 5296 ῥήμασιν
1049 5227 1232 5290 αὐτοῖς
1274 5228 1477 5297 λέγων·
1517 5247 1536 5280 ι
1589 5230 1740 5281 Ἐπι-

169 5314 476 5385 κατάρατος
501 5315 563 5378 ὃς
587 5317 685 5368 οὐκ
715 5319 941 5387 ἐμμενεῖ
967 5319 1099 5372 πᾶσι
1126 5323 1236 5383 τοῖς
1261 5319 1666 5391 γεγραμμένοις
1687 5323 1742 5373 ἐν

171 5403 296 5474 τῷδε
326 5405 404 5477 τῷ
430 5407 585 5478 νόμῳ
612 5406 707 5460 τοῦ
743 5408 964 5479 ποιῆσαι
994 5408 1152 5462 αὑτά.
1188 5428 1206 5460 ι
1245 5409 1532 5480 Θεὼρησον
1561 5410 1618 5462 δὲ
1649 5412 1743 5463 καὶ

173 5496 338 5562 ἄλλως
389 5499 463 5553 τά
512 5497 750 5552 ἀδύνατα
799 5503 960 5552 πᾶσιν
994 5498 1302 5570 ἀνθρώποις
1329 5503 1426 5573 τῆς
1460 5501 1738 5566 Μωῦσέως

175 5591 509 5660 νομοθεσίας.
544 5591 994 5663 Διαστειλάμενος
1033 5592 1103 5646 τὰ
1133 5592 1355 5648 ἑκούσια
1402 5595 1495 5648 καὶ
1527 5593 1737 5664 χαλεπὰ

272 5793 315 5822 ²¹
357 5791 518 5844 Deut.
545 5806 669 5857 xiv,
722 5787 917 5846 26-26.

179 5863 217 5893 ’⁷
256 5861 390 5917 Ibid.
436 5856 557 5916 ιδρι
571 5855 624 5911 5.

1049 5797 1095 5829 "
1136 5795 1268 5852 lb'd.
1314 5813 1417 5862 xv,
1459 5796 1562 5863 19,
1621 5795 1706 5852 20.
1787 5798 1831 5829 ¹’⁵
1873 5793 2005 5850 Ibid.
2049 5809 2172 5860 xvi,
2217 5795 2270 5856 1,
2307 5790 2363 5846 2.

1844 4670 2065 4739 elegerit
2091 4668 2351 4722 Dominus
2390 4665 2533 4719 Deus
2587 4677 2713 4720 tuus
2751 4664 2856 4719 sibi
2880 4664 2945 4717 ’7.
2983 4681 3002 4713 ι
3061 4661 3196 4714 Cum
3248 4658 3414 4728 igitur

1845 4773 1966 4812 eum
2001 4759 2176 4811 locum
2207 4765 2317 4810 tam
2349 4756 2536 4809 multis
2585 4754 2756 4825 signis
2817 4751 3091 4812 ostendat,
3141 4749 3412 4816 totiesque

1844 4849 1973 4903 illuc
1997 4863 2119 4902 cum
2148 4856 2266 4901 toto
2295 4861 2492 4914 genere
2520 4887 2536 4911 ,
2561 4852 2785 4915 totaque
2805 4844 2966 4899 domo
3012 4841 3199 4897 venire
3247 4854 3412 4908 opor-

1845 4951 1958 4997 tere
1983 4941 2280 5011 praecipiat,
2315 4939 2408 5009 qui
2443 4938 2558 4992 fieri
2587 4944 2786 5007 potest,
2815 4943 2873 4989 ut
2898 4949 2960 4989 ea
2985 4949 3106 5002 quae
3129 4932 3283 4995 dicit.
3326 4930 3410 4984 vel

1844 5032 1912 5088 iis
1981 5031 2328 5094 conveniant,
2378 5030 2471 5100 qui
2513 5028 2663 5083 brevi
2699 5027 2990 5081 intervallo
3031 5041 3062 5078 a
3091 5022 3278 5078 ludam
3327 5019 3411 5073 di-

1846 5135 2013 5192 stant,
2052 5127 2250 5180 nedum
2279 5125 2554 5195 gentibus,
2587 5139 2707 5193 quae
2741 5123 2794 5176 in
2821 5131 2934 5177 toto
2965 5122 3093 5175 orbe
3138 5128 3410 5173 terrarum

1844 5218 2039 5288 degere
2064 5216 2469 5286 intelligantur?
2498 5231 2562 5271 eo
2589 5215 2761 5284 magis
2787 5211 2932 5283 quod
2959 5228 3026 5266 ne
3050 5209 3261 5264 veniam
3289 5206 3412 5276 qui-

1844 5312 1964 5366 dem
2001 5313 2164 5364 ullam
2193 5311 2382 5365 tribuit
2430 5309 2499 5364 iis
2546 5311 2640 5378 qui
2697 5308 3008 5362 transiliant
3073 5317 3412 5374 quaecunque
3504 5378 3508 5382 _

1851 5403 2166 5474 praescripta
2191 5411 2340 5468 sunt,
2373 5416 2438 5455 ac
2468 5400 2652 5470 potius
2673 5395 3104 5453 exsecrationem
3135 5393 3408 5452 omnibus,

1847 5499 2158 5570 quicunque
2187 5511 2296 5550 non
2327 5496 2548 5550 omnino
2598 5490 2780 5546 omnia
2813 5488 3170 5552 servaverint,
3210 5486 3417 5541 denun-

1846 5594 1958 5648 ιὶιῑ.
1989 5591 2055 5645 ad
2086 5589 2308 5645 verbum
2336 5590 2414 5642 sic
2437 5587 2624 5642 dicens
2664 5601 2678 5636 :
2710 5601 2726 5634 ι
2768 5581 3132 5638 Exsecrabilis
3185 5579 3417 5652 quicun-

2471 5789 2517 5822 ³⁵
2553 5787 2686 5844 Ibid.
2725 5786 2852 5844 5-7.
2962 5786 3009 5818 '°
3047 5783 3181 5839 Ibid.
3260 5781 3414 5838 9-H.
