4018 6580
603 426 676 481 55
1234 418 1506 480 EUSEBII
1541 415 2021 476 CJESARIENSIS
2053 415 2153 472 ΟΡ]

2255 409 2422 467 PARS
2461 411 2527 465 ll.
2567 442 2636 452 —
2674 410 3176 467 APOLOGETICA.
3763 417 3839 472 56

603 556 711 611 que
738 555 846 596 non
874 540 1086 598 steterit
1115 539 1370 596 omnibus
1400 554 1522 610 qua!
1549 539 1606 593 in
1646 537 1751 593 hac
1799 537 1916 608 lege
1964 536 2153 606 scripta

2267 531 2374 584 τῶν
2417 530 2844 601 ἁμαρτημάτων,
2889 528 2984 583 καὶ
3021 531 3289 601 τιμωρίας
3329 529 3570 602 περιθεὶς
3620 530 3840 602 ἑκάστῳ

559 632 561 635 ’
605 639 752 697 sunt,
810 642 871 690 ut
931 633 1096 690 faciat
1149 646 1234 689 ea.
1275 649 1297 684 ι
1349 630 1727 700 Contemplare
1771 627 1964 684 deinde
2005 642 2169 698 quam

606 741 800 779 omnes
827 725 972 778 vires
998 723 1266 778 humanas
1295 731 1573 792 superent,
1610 720 1836 790 fierique
1893 717 2040 772 nulla
2089 732 2172 772 ra-

607 818 756 871 tione
779 816 1012 885 possint,
1044 830 1165 884 quae
1185 815 1242 868 in
1272 815 1390 884 lege
1411 813 1574 869 Mosis
1608 813 1783 883 posita
1807 819 1956 867 sunt.
1986 810 2169 880 Siqui-

605 907 728 961 dem
753 907 842 961 ubi
874 907 1122 963 distinxit
1146 922 1266 976 qua:
1293 905 1600 960 voluntaria
1648 913 1892 976 peccata,
1942 917 2170 974 quaeque

603 998 838 1053 difficilia
869 1006 998 1053 sunt
1041 1009 1096 1054 et
1127 1013 1318 1068 poenas
1351 996 1643 1066 unicuique
1677 1010 1866 1049 eorum
1898 995 2165 1064 adjunxit,

603 1103 724 1157 qua:
746 1087 981 1141 maximo
1011 1088 1277 1158 supplicio
1309 1085 1472 1157 digna
1504 1092 1652 1149 sunt,
1694 1093 1810 1140 tum
1837 1099 1968 1140 vero
2021 1085 2168 1155 leges

601 1175 777 1243 ponit,
806 1176 1010 1245 quibus
1038 1177 1142 1230 alia
1190 1175 1427 1246 quadam
1483 1176 1694 1230 ratione
1741 1189 1836 1230 eos
1891 1173 2020 1228 item
2073 1173 2166 1242 qui

603 1266 756 1322 inviti
788 1267 1153 1337 peccaverint,
1171 1274 1483 1333 convertat;
1535 1280 1764 1336 quarum
1817 1278 1923 1318 una
1949 1262 2165 1334 quidem

601 1360 682 1415 sic
706 1375 765 1415 se
790 1360 990 1415 habet:
1027 1378 1046 1412 ‹
1089 1359 1147 1415 Si
1176 1363 1357 1415 anima
1381 1377 1488 1414 una
1516 1361 1823 1430 peccaverit
1866 1361 2058 1416 nolens
2097 1375 2164 1414 ex

601 1452 805 1524 populo
827 1459 1009 1519 terrae,
1049 1453 1178 1508 dum
1207 1453 1339 1508 facit
1379 1469 1548 1508 unum
1572 1469 1638 1508 ex
1667 1454 1920 1510 omnibus
1960 1469 2164 1524 praece-

601 1542 710 1610 ptis
742 1541 978 1608 Domini,
1012 1542 1098 1598 vel
1126 1544 1257 1598 dum
1291 1559 1398 1598 non
1428 1544 1578 1606 facit.
1611 1553 1665 1600 et
1713 1553 1921 1615 peccat,
1973 1546 2164 1617 cogni-

599 1641 823 1703 tumque
851 1635 955 1704 ipsi
991 1633 1153 1690 fuerit
1183 1644 1485 1706 peccatum,
1507 1637 1650 1708 quod
1692 1638 1956 1708 peccavit,
2001 1646 2054 1693 et
2082 1638 2164 1694 of-

600 1722 736 1778 feret
755 1739 953 1780 munus
973 1739 1132 1780 suum
1159 1741 1377 1797 capram
1407 1729 1716 1783 anniculam
1737 1729 2160 1793 immaculatam,

599 1811 651 1865 id
683 1812 872 1868 offeret
901 1829 1001 1884 pro
1031 1824 1255 1886 peccato
1285 1831 1386 1872 suo
1422 1816 1568 1887 quod
1624 1817 1888 1887 peccavit,
1940 1819 1996 1874 in
2044 1819 2162 1876 loco

2272 621 2378 676 τῶν
2413 621 2674 691 μεγίστης
2720 619 2989 683 κολάσεως
3032 620 3218 685 ἀξίων,
3241 621 3436 691 νόμους
3463 621 3667 693 τίθησι,
3710 623 3838 676 καθ’

2269 713 2362 778 οὓς
2399 713 2567 784 ἑτέρῳ
2596 712 2779 784 τρόπῳ
2807 713 2900 764 καὶ¹
2929 711 3054 776 τοὺς
3087 711 3352 776 ἀκουσίως
3385 710 3840 782 πλημμελοῦντας

2269 803 2615 872 ἐπιστρέφει·
2652 795 2726 855 ὧν
2757 803 2786 855 6
2821 801 2916 872 μὲν
2945 799 3118 863 οὕτως
3148 801 3260 871 ἔχει
3285 817 3298 828 ·
3342 820 3360 852 ι
3405 802 3526 855 Ἐάν
3557 802 3702 874 ψυχὴ
3737 803 3840 874 μία

2271 893 2488 965 ἁμάρτῃ
2517 893 2781 956 ἀκουσίως
2808 893 2872 944 ἐκ
2900 891 2992 944 τοῦ
3027 891 3155 945 λαοῦ
3185 892 3282 962 τῆς
3307 891 3431 962 γῆς,
3474 895 3531 948 ἐν
3560 895 3637 964 τῷ
3671 895 3837 965 ποιῆ-

2270 1001 2356 1037 σαι
2417 985 2544 1054 μίαν
2593 983 2698 1037 ἀπὸ
2749 981 2936 1036 πασῶν
2984 982 3092 1036 τῶν
3141 982 3366 1036 ἐντολῶν
3402 985 3628 1055 Κυρίου,
3679 987 3711 1058 ἢ
3767 989 3837 1042 οὐ

2269 1074 2637 1146 ποιηθήσεται,
2674 1075 2766 1127 καὶ
2802 1073 3186 1146 πλημμελήσῃ,
3224 1074 3316 1127 καὶ
3359 1076 3573 1147 γνωσθῇ
3619 1078 3772 1149 αὐτῷ
3796 1083 3837 1150 ἡ

2266 1165 2508 1238 ἁμαρτία
2540 1165 2604 1235 ἦν
2627 1165 2890 1235 ἥμαρτεν,
2911 1164 3004 1216 καὶ
3023 1165 3157 1216 οίσει
3185 1164 3354 1236 δῶρον
3377 1165 3539 1218 αὑτοῦ
3564 1166 3834 1238 χίμαιραν

2265 1257 2326 1323 ἐξ
2373 1259 2541 1328 αἰγῶν
2571 1257 2821 1330 ἄμωμον,
2851 1256 3073 1329 θήλειαν
3099 1257 3230 1312 οἴσει
3261 1260 3388 1330 περὶ
3414 1260 3512 1330 τῆς
3553 1261 3836 1332 ἁμαρτίας

2265 1352 2427 1406 αὑτοῦ
2463 1348 2528 1424 ἦς
2560 1352 2824 1425 ἥμαρτεν,
2856 1355 2914 1406 ὲν
2945 1353 3020 1425 τῷ
3048 1353 3197 1424 τόπῳ
3233 1348 3293 1408 οὗ
3322 1354 3584 1422 σφάζουσι
3613 1355 3681 1408 τὰ
3713 1356 3836 1409 όλο-

2266 1442 2618 1514 καυτώματα,
2643 1446 2735 1499 καὶ
2763 1444 2986 1516 λήψεται
3021 1446 3050 1498 6
3085 1446 3261 1517 ἱερεὺς
3283 1445 3391 1498 ἀπὸ
3413 1445 3503 1500 τοῦ
3526 1447 3777 1517 αἵματος.
3808 1469 3828 1500 ι

2267 1531 2368 1588 Kal.
2389 1536 2492 1608 ὅρα
2526 1554 2588 1607 γε
2620 1536 2695 1600 ὼς
2720 1539 2813 1590 καὶ
2840 1535 3074 1591 ἐνταῦθα
3111 1538 3200 1590 τὸν
3235 1537 3537 1590 πταίσαντά
3578 1554 3630 1590 τι
3675 1539 3836 1611 παρὰ

2264 1624 2486 1698 γνώμην
2520 1630 2576 1682 ὲν
2601 1628 2678 1703 τῷ
2716 1629 2866 1700 τόπῳ
2910 1629 3020 1682 δεῖν
3047 1630 3312 1700 ἀπαντᾷν,
3345 1622 3404 1682 οὗ
3459 1628 3722 1698 σφάζουσι
3757 1629 3837 1682 τὰ

2263 1717 2703 1790 ὁλοκαυτώματα.
2743 1713 2910 1784 Οὗτος
2957 1720 3013 1773 δὲ
3050 1712 3138 1791 ἦν,
3173 1715 3234 1774 οὗ
3273 1719 3360 1773 διά
3410 1721 3674 1775 πλείστων
3722 1721 3830 1792 ήδη

2265 1807 2526 1880 πρότερον
2558 1808 2820 1880 ἐμνήσθη,
2862 1809 3051 1877 λέγων·
3091 1827 3110 1860 ι
3155 1811 3250 1863 Ὃν
3297 1809 3362 1864 ἂν
3404 1810 3684 1882 ἐκλέξηται
3714 1811 3836 1864 Κύα

597 1902 692 1957 ubi
719 1912 961 1959 mactant
992 1906 1284 1972 sacrificia,
1323 1913 1380 1962 et
1407 1907 1640 1979 accipiet
1665 1909 1922 1964 sacerdos
1952 1909 2019 1966 de
2035 1926 2153 1966 san-

2266 1919 2378 1974 ριος
2406 1905 2434 1955 6
2463 1902 2592 1967 Θεός
2640 1921 2752 1957 σου.
2801 1923 2820 1956 ι
2869 1903 3037 1957 Τοῦτο
3083 1903 3128 1957 δ’
3169 1903 3252 1957 ὅτι
3297 1903 3372 1976 μὴ
3418 1904 3642 1959 δυνατὸν
3683 1905 3833 1976 πρὸς

595 1993 757 2063 guine
789 1995 854 2050 ’⁸.
879 2014 897 2048 ι
914 1996 981 2052 Et
997 2011 1130 2054 sane
1145 1998 1430 2054 considera
1450 1999 1901 2070 quemadmodum
1923 1999 2009 2055 hic
2028 2015 2164 2072 quo-

595 2101 703 2156 que
733 2101 856 2141 eum
880 2087 975 2158 qui
1007 2087 1322 2158 imprudens
1339 2090 1666 2159 peccaverit,
1702 2090 1770 2144 ad
1805 2090 1982 2146 locum
2013 2091 2164 2147 veni-

595 2193 655 2231 re
682 2187 950 2247 oporteat,
991 2180 1085 2235 ubi
1119 2187 1357 2236 mactant
1415 2182 1704 2238 sacrificia.
1746 2181 1797 2237 ls
1825 2190 2005 2238 autem
2055 2194 2161 2250 est,

593 2266 660 2324 de
687 2283 796 2339 quo
823 2269 1011 2324 multis
1046 2270 1228 2326 verbis
1253 2270 1578 2340 jampridem
1639 2273 1885 2328 meminit
1930 2274 2115 2330 dicens
2145 2291 2159 2327 :

597 2379 616 2410 ι
650 2360 1038 2433 Quemcunque
1085 2363 1310 2434 elegerit
1359 2361 1625 2419 Dominus
1675 2363 1818 2421 Deus
1865 2373 1994 2423 tuus
2039 2369 2103 2420 ”.
2139 2387 2157 2418 ι

590 2447 747 2519 Quod
790 2454 1007 2523 quidem
1058 2469 1183 2509 eum
1237 2455 1305 2510 ab
1347 2458 1625 2525 omnibus,
1669 2460 1980 2531 quicunque
2036 2469 2164 2517 sunt

589 2543 645 2598 in
680 2553 826 2600 terra
875 2546 1189 2602 hominibus
1223 2547 1382 2617 plane
1430 2549 1568 2605 effici
1622 2567 1732 2608 non
1787 2568 1980 2623 posse,
2045 2553 2162 2624 ipse

589 2653 806 2706 quoque
870 2648 1060 2692 auctor
1112 2641 1247 2710 legis
1299 2642 1536 2708 videret;
1593 2653 1706 2699 tum
1760 2646 2044 2713 perspicue
2086 2646 2162 2700 si-

589 2726 863 2796 gnificavit
924 2729 1091 2798 legem
1155 2730 1418 2788 inducens
1473 2750 1581 2788 non
1643 2735 1851 2788 inﬁnite
1898 2735 2160 2790 adversus

587 2832 802 2881 omnes,
837 2819 931 2874 sed
960 2821 1225 2889 adjiciens
1249 2843 1262 2879 :
1286 2821 1344 2877 Si
1376 2824 1556 2878 anima
1584 2826 1891 2894 peccaverit
1944 2826 2155 2890 nolens,

587 2923 652 2961 ex
690 2910 888 2978 populo
935 2919 1093 2966 terrae
1119 2912 1185 2966 ³ο.
1226 2933 1244 2964 ι
1295 2915 1533 2968 Alteram
1588 2931 1712 2970 vero
1767 2917 1937 2986 legem
1981 2916 2153 2986 ponit,

584 3015 708 3068 quae
741 3001 820 3054 sic
852 3001 1014 3057 habet
1041 3020 1053 3054 :
1088 3023 1106 3056 ‹
1150 3004 1381 3076 ήρυοά
1415 3007 1457 3060 si
1490 3008 1671 3061 anima
1711 3009 1944 3064 audierit
1967 3025 2155 3066 vocem

581 3089 966 3160 jurisjurandi.
1021 3102 1186 3164 atque
1221 3096 1310 3150 hic
1339 3098 1496 3152 testis
1536 3106 1630 3152 aut
1653 3099 1846 3154 viderit
1885 3109 1979 3155 aut
2019 3117 2156 3157 con-

584 3183 733 3236 scius
765 3183 962 3250 fuerit;
1011 3187 1058 3240 si
1111 3203 1219 3242 non
1257 3189 1597 3256 indicaverit,
1654 3201 1933 3262 peccatum
1973 3195 2152 3249 susci-

2263 1993 2514 2049 ἀπάντων
2545 1993 2650 2047 τῶν
2699 1994 2791 2046 ἐπὶ
2835 1993 2938 2064 γῆς
2987 1992 3285 2066 ἀνθρώπων
3323 1994 3679 2056 ἐκτελεῖσθαι.
3732 1995 3834 2047 καί

2263 2084 2424 2150 αὐτὸς
2451 2087 2480 2138 ό
2511 2085 2807 2157 νομοθέτης
2855 2084 3100 2149 συνιδὼν,
3143 2085 3383 2158 ἀκριϐῶς
3427 2088 3831 2162 ὲπισημήνατο,

2261 2176 2362 2229 οὐκ
2392 2176 2658 2248 ἀορίστως
2701 2175 2843 2230 κατά
2877 2176 3090 2229 πάντων
3134 2174 3462 2247 προαγαγὼν
3502 2176 3593 2230 τὸν
3636 2178 3831 2247 νόμον,

2261 2267 2378 2324 ἀλλ’
2415 2267 2675 2321 ἐπειπών·
2719 2287 2737 2320 ι
2763 2268 2886 2321 Ἐὰν
2914 2265 3056 2339 ψυχὴ
3083 2266 3303 2340 ἁμάρτῃ
3327 2268 3594 2332 ἀκουσίως
3621 2268 3685 2320 ὲκ
3730 2267 3831 2321 τοῦ

2261 2358 2389 2415 λαοῦ
2421 2361 2520 2431 τῆς
2552 2361 2676 2431 γῆς.
2717 2380 2734 2413 ι
2774 2362 2884 2416 Καὶ
2913 2361 3159 2433 δεύτερον
3196 2362 3253 2416 δὲ
3285 2363 3446 2434 νόμον
3473 2361 3704 2434 τίθησιν,
3734 2361 3834 2416 οὓς·

2259 2471 2367 2519 τως
2393 2454 2584 2526 ἔχοντα
2603 2471 2616 2483 ’
2655 2474 2673 2507 ι
2714 2456 2839 2509 Ἑάν
2858 2455 2914 2509 δὲ
2932 2455 3076 2527 ψυχὴ
3095 2455 3304 2528 ἀκούσῃ
3328 2454 3509 2526 φωνὴν
3535 2454 3830 2526 όρκισμοῦ,

2261 2547 2353 2600 καὶ
2401 2541 2553 2612 οὗτος
2605 2548 2874 2620 μάρτυςῆ
2917 2547 3177 2620 ἑώρακεν,
3226 2547 3260 2619 ἢ
3309 2547 3565 2611 σύνοιδεν,
3617 2547 3711 2600 ὲάν
3748 2548 3829 2619 μὴ

2259 2639 2584 2712 ἀπαγγείλῃ,
2615 2640 2844 2712 λήψεται
2867 2641 2966 2710 τὴν
2992 2639 3287 2712 ἁμαρτίαν.
3319 2656 3338 2691 ι
3363 2640 3427 2692 Τί
3451 2634 3543 2693 οὖν
3576 2639 3678 2710 χρὴ
3701 2637 3833 2690 τοῦ-

2258 2747 2350 2785 τον
2400 2735 2591 2798 ποιεῖν,
2621 2733 2734 2786 ἀλλ’
2767 2734 2798 2805 ἢ
2829 2732 3060 2787 λαϐόντα
3103 2733 3238 2804 μετά
3278 2733 3463 2802 χεῖρας
3498 2730 3557 2783 τὸ
3607 2729 3828 2800 ἱερεῖον,

2261 2823 2508 2876 σπεύδειν
2541 2827 2632 2878 ἐπὶ
2657 2825 2725 2878 τὰ
2759 2825 3061 2897 καθάρσιας
3096 2824 3205 2878 Ποῦ
3234 2825 3414 2887 πάλιν,
3452 2822 3564 2875 ἀλλ’
3595 2820 3628 2892 ἦ
3662 2823 3718 2873 ἐν
3746 2819 3829 2890 τῷ

2256 2916 2424 2986 τόπῳ,
2457 2908 2516 2968 οὗ
2568 2915 2829 2985 σφάζουσι
2869 2917 2938 2969 τὰ
2978 2916 3438 2988 ὁλοκαυτώματα;
3491 2913 3602 2967 Καὶ
3641 2911 3827 2983 τρίτον

2261 3003 2450 3058 πάλιν
2491 3024 2508 3056 ι
2563 3007 2763 3077 Ψυχὴ,
2828 3008 3028 3078 φησὶν,
3089 3008 3210 3077 ἥτις
3256 3008 3321 3060 ἂν
3366 3006 3568 3077 ἅψηται
3619 2998 3825 3067 παντὸς

2257 3095 2576 3166 πράγματος
2599 3095 2926 3167 ἀκαθάρτου,
2971 3097 3002 3168 ἦ
3042 3097 3147 3150 τῶν
3179 3097 3512 3167 θνησιμαίων
3549 3096 3656 3148 τῶν
3687 3112 3827 3167 κτη-

2256 3186 2361 3240 νῶν
2386 3186 2490 3240 τῶν
2520 3188 2861 3260 ἀκαθάρτων.
2901 3191 2994 3241 καὶ
3023 3187 3161 3262 λάϐῃ
3189 3190 3282 3243 ἀπ’
3315 3189 3499 3253 αὐτοῦ,
3535 3189 3629 3242 καὶ
3661 3189 3828 3251 αὐτὸς

583 3273 785 3342 piet".
830 3293 848 3326 ι
879 3274 1150 3343 Quidnam
1182 3279 1345 3350 igitur
1373 3282 1518 3336 aliud
1569 3283 1714 3337 lnmc
1770 3283 1947 3339 facere
1997 3301 2153 3356 opor-

2260 3279 2578 3350 μεμίανται,
2613 3281 2706 3332 καὶ⁵
2747 3279 3110 3351 πλημμελήσῃ
3149 3280 3180 3351 ἢ
3227 3280 3428 3350 ἅψηται
3479 3277 3826 3347 ἀκαθαρσίας

581 3373 714 3427 teat.
745 3382 908 3436 quam
940 3378 1154 3437 sumpta
1191 3371 1244 3424 in
1278 3387 1473 3428 manus
1505 3373 1704 3439 hostia,
1745 3390 1974 3444 propere
2000 3376 2153 3432 abire

582 3457 652 3511 ad
683 3461 1046 3528 expiandum?
1084 3462 1172 3515 ubi
1206 3478 1369 3532 porro
1423 3466 1683 3536 expiabit,
1721 3467 1823 3522 nisi
1847 3469 1900 3521 in
1929 3468 2046 3523 loco
2096 3470 2150 3523 in

581 3565 691 3620 quo
727 3560 968 3607 mactant
997 3557 1304 3611 sacrificia?
1334 3559 1548 3612 tertiam
1575 3574 1790 3629 quoque
1828 3559 1955 3615 dum
2013 3562 2152 3617 scri-

578 3643 678 3704 bit,
717 3662 736 3695 ‹
770 3644 984 3710 Anima,
1019 3647 1218 3718 inquit,
1251 3667 1372 3720 quae
1401 3653 1639 3722 tetigerit
1667 3653 1882 3721 quidvis
1917 3655 2152 3711 immun-

577 3731 728 3790 dum.
761 3734 876 3787 sive
905 3750 1026 3804 qua:
1054 3739 1236 3794 occisa
1267 3739 1467 3794 fuerint
1492 3741 1559 3796 de
1595 3745 1886 3812 pecoribus
1913 3745 2151 3801 immun-

577 3823 684 3886 dis,
728 3834 783 3880 et
824 3831 1119 3899 sumpserit
1151 3846 1217 3886 ex
1247 3847 1333 3896 eo,
1367 3834 1482 3904 ipse
1511 3836 1752 3904 pollutus
1789 3845 1895 3900 est,
1928 3847 1981 3891 et
2024 3854 2151 3908 pec-

575 3916 746 3980 cabit,
776 3921 822 3972 si
864 3922 1104 3988 attigerit
1150 3922 1552 3978 immunditiam
1613 3926 1851 3982 hominis
1894 3943 1958 3982 ex
1999 3929 2148 3983 omni

577 4005 922 4063 immnnditia
957 4011 1095 4079 ejus,
1156 4027 1316 4082 quam
1344 4014 1468 4083 quis
1501 4016 1771 4085 attingens
1795 4018 1960 4087 pollui
1988 4020 2145 4084 solet,

576 4107 630 4150 et
652 4099 851 4155 oblitus
881 4100 1063 4164 fuerit,
1104 4111 1156 4157 et
1190 4113 1376 4172 postea
1401 4105 1715 4174 cognoverit
1771 4117 1826 4160 et
1888 4122 2140 4176 peccave-

576 4190 650 4242 rit
684 4191 749 4246 ⁸¹.
783 4211 800 4244 ι
842 4192 982 4264 Ergo
1017 4195 1145 4264 quid
1177 4195 1394 4250 tandem
1431 4197 1578 4251 hunc
1602 4199 1764 4254 etiam
1800 4200 1890 4269 qui
1925 4202 1995 4256 sit
2024 4201 2145 4270 pol-

579 4281 726 4336 intus
758 4281 936 4339 facere
965 4287 1274 4350 conveniet,
1305 4287 1411 4342 nisi
1447 4304 1643 4344 rursus
1688 4290 1755 4344 ad
1822 4291 2000 4346 locum
2054 4309 2143 4348 ve-

576 4372 695 4426 nire
719 4380 772 4428 et
800 4374 996 4430 offerre
1023 4393 1122 4446 pro
1154 4386 1376 4447 peccato
1403 4395 1504 4434 suo
1550 4382 1695 4450 quod
1737 4385 2000 4452 peccavit,
2051 4393 2146 4438 aut

574 4478 751 4530 ovem,
785 4475 878 4520 aut
905 4482 1121 4538 agnam,
1149 4479 1244 4523 aut
1272 4485 1491 4542 capram
1527 4474 1837 4528 anniculam
1865 4475 2006 4530 rite?
2041 4475 2145 4529 Ea-

573 4554 696 4609 dem
738 4572 868 4611 vero
899 4559 984 4613 lex
1013 4567 1104 4614 est
1125 4561 1289 4616 etiam
1338 4561 1404 4618 de
1448 4565 1628 4617 anima
1684 4579 1804 4634 quae
1855 4565 2140 4633 jnraverit,

575 4647 703 4700 dum
731 4647 865 4716 ipsis
913 4649 1070 4704 labiis
1100 4652 1388 4724 distinguit
1427 4655 1512 4708 vel
1558 4656 1700 4710 male
1735 4671 1794 4711 se
1847 4655 2139 4723 facturam,

573 4737 659 4790 vel
689 4736 847 4803 bene,
880 4741 1177 4796 secundum
1226 4745 1408 4798 omnia
1460 4761 1800 4816 quaecunque
1857 4749 2142 4803 enuntiare

575 4828 711 4883 solet
743 4828 905 4886 homo
924 4846 1048 4884 cum
1078 4832 1453 4902 jurejurando,
1508 4842 1562 4890 et
1608 4836 1810 4891 oblitus
1865 4837 2046 4903 fuerit,
2086 4846 2141 4892 et

576 4915 716 4971 idem
748 4928 871 4987 post
898 4923 1232 4991 cognoverit,
1281 4930 1335 4977 et
1369 4927 1674 4994 peccaverit
1724 4943 1891 4981 unum
1933 4928 2140 4998 aliquid

573 5021 640 5061 ex
688 5007 778 5072 iis,
820 5016 874 5063 et
924 5011 1224 5078 prodiderit
1287 5022 1566 5083 peccatum
1627 5015 1773 5085 quod
1829 5019 2073 5085 peccavit
2121 5035 2134 5072 :

579 5117 599 5150 ι
638 5101 800 5154 etiam
837 5102 946 5166 hic,
973 5101 1169 5171 inquit,
1199 5104 1386 5159 eadem
1411 5114 1627 5176 sumpta
1677 5107 1875 5171 hostia,
1924 5107 2141 5163 festinet

572 5190 638 5243 ad
670 5190 870 5255 locum,
899 5199 952 5245 et
977 5193 1154 5245 orabit
1183 5208 1279 5262 pro
1309 5195 1425 5263 ipso
1472 5195 1748 5260 sacerdos,
1801 5207 1854 5250 et
1915 5205 2138 5266 peccato

574 5272 766 5340 ipsius,
803 5285 857 5330 et
880 5277 1186 5332 dimittetur
1223 5279 1270 5334 ei
1302 5292 1584 5350 peccatum
1612 5285 1677 5338 ³³.
1711 5303 1728 5335 ι
1767 5284 1884 5338 Alia
1915 5293 2138 5354 praeter-

570 5377 636 5416 ea
666 5374 750 5419 est
779 5367 862 5421 lex
887 5384 1130 5424 seorsum
1167 5371 1235 5426 ab
1269 5375 1369 5436 eis,
1400 5390 1521 5443 quae
1548 5377 1806 5444 exposita:
1834 5388 1982 5439 sunt,
2018 5393 2138 5446 qua:

573 5454 627 5508 in
653 5455 794 5510 hunc
822 5458 930 5513 Pcre
960 5462 1180 5516 modum
1212 5465 1515 5532 praescribit
1552 5485 1564 5520 :
1595 5485 1612 5515 ι
1640 5468 1831 5521 Anima
1863 5485 1981 5537 qum
2000 5468 2138 5522 obli-

570 5546 732 5601 vione
755 5547 920 5602 oblita
961 5549 1142 5615 fuerit,
1171 5555 1566 5626 etimprudens
1601 5560 1905 5629 peccaverit
1965 5559 2018 5612 in
2072 5561 2138 5614 iis

571 5652 693 5707 qua:
714 5648 900 5694 sancta
951 5653 1078 5698 sunt
1127 5645 1359 5710 Domini,
1409 5650 1599 5706 oﬂ'eret
1648 5651 1875 5705 Domino
1913 5655 2135 5706 arietem

640 5819 686 5851 "
723 5818 889 5875 ιρι-ξι.
934 5841 1003 5888 tv,
1045 5825 1232 5880 9.7450.

1338 5834 1380 5862 ἐ’
1418 5831 1577 5888 Nam.
1625 5851 1730 5889 ενι.
1777 5837 1824 5892 7.
1903 5834 1947 5868 ⁸⁸
1986 5835 2153 5891 Levii.

2263 5879 2275 5897 .
2316 5838 2402 5895 ΕΠ.
2485 5841 2522 5872 ³¹
2566 5839 2737 5896 chit.
2779 5859 2830 5907 v,
2876 5844 2924 5897 l.
3003 5845 3048 5875 ³¹
3089 5843 3220 5901 Ibid.
3264 5843 3317 5905 9,
3357 5844 3408 5897 5.

2253 3369 2560 3442 ἀνθρώπου,
2595 3372 2701 3423 ἀπὸ
2731 3372 2910 3442 πάσης
2935 3371 3269 3443 ἀκαθαρσίας
3302 3369 3467 3424 αὑτοῦ
3492 3366 3559 3442 ἦς
3585 3369 3649 3422 ἂν
3679 3368 3826 3438 ἀψά-

2256 3480 2412 3532 μενος
2444 3463 2661 3533 μιανθῇ,
2702 3463 2794 3516 καὶ
2830 3463 3014 3518 ἔλαθεν
3042 3464 3221 3527 αὑτὸν,
3261 3462 3395 3534 μετά
3427 3462 3581 3516 τοῦτο
3605 3461 3648 3514 δ’
3679 3461 3824 3530 ἔγνω

2253 3557 2347 3609 καὶ
2387 3555 2777 3627 πλημμελήσῃ.
2822 3577 2840 3608 ι
2899 3558 2964 3610 Τί
3009 3558 3072 3628 δὴ
3115 3554 3206 3610 οὖν
3247 3559 3338 3610 καὶ
3381 3555 3472 3610 τὸν
3527 3556 3821 3627 μιανθέντα

2251 3649 2525 3720 προσῆκον
2557 3648 2624 3721 ἦν
2664 3654 2857 3713 ποιεῖν,
2904 3651 3016 3704 ἀλλ’
3067 3652 3098 3722 ἢ
3135 3652 3404 3721 ἀπαντᾷν,.
3431 3651 3590 3704 πάλιν
3632 3653 3688 3702 ἐν
3740 3649 3821 3720 τῷ

2249 3735 2418 3803 τόπῳ,
2449 3736 2541 3788 καὶ
2582 3737 2912 3807 προσφέρειν
2941 3736 3067 3807 περὶ
3107 3737 3204 3805 τῆς
3253 3737 3524 3807 ἁμαρτίας
3555 3733 3716 3790 αὑτοῦ
3751 3730 3820 3807 ἧς

2249 3825 2482 3895 ἥμαρτε,
2508 3826 2639 3897 θῆλυ
2666 3828 2772 3880 ἀπο
2798 3827 2902 3880 τῶν
2924 3827 3226 3899 προϐάτων,
3257 3827 3288 3897 ἢ
3317 3827 3549 3898 ἀμνάδα,
3579 3828 3612 3900 ἦ
3639 3828 3819 3898 χίμαι-

2251 3933 2348 3988 ραν
2391 3918 2448 3984 eg
2474 3919 2660 3986 αίγῶν,
2692 3920 2818 3990 περὶ
2851 3920 3158 3990 ἁμαρτίας;
3203 3919 3259 3971 Ὀ
3291 3917 3333 3971 δ’
3364 3919 3523 3982 αὐτὸς
3558 3915 3624 3990 ἦν
3655 3919 3817 3988 νόμος

2249 4010 2342 4063 καὶ
2365 4011 2456 4063 ἐπὶ
2485 4010 2661 4082 ψυχῆς
2686 4012 2720 4082 ἣ
2751 4012 2814 4064 ἂν
2843 4013 3018 4084 ὀμόσῃ
3045 4011 3424 4065 διαστέλλουσα
3452 4014 3560 4073 τοῖς
3588 4011 3814 4080 χείλεσι,

2248 4103 2631 4172 κακοποιῆσαι,
2672 4102 2704 4172 ἢ
2743 4102 2923 4165 καλῶς
2953 4094 3174 4172 ποιῆσαι
3218 4101 3357 4156 κατὰ
3390 4103 3564 4156 πάντα
3608 4102 3707 4154 ὃσα
3748 4101 3814 4153 ἂν

2247 4191 2516 4264 διαστείλῃ
2546 4192 2830 4262 ἄνθρωπος
2866 4190 2984 4262 μεθ’
3016 4194 3198 4265 ὅρκου,
3217 4195 3309 4247 καὶ
3341 4193 3477 4265 λάθῃ
3513 4194 3693 4257 αὐτὸν,
3723 4193 3818 4247 καὶ

2247 4276 2398 4347 οὗτος
2429 4283 2540 4354 γνῷ
2564 4286 2656 4337 καὶ
2675 4285 2897 4358 ἁμάρτῃ
2919 4284 2975 4338 ἕν
2994 4303 3099 4338 τινι
3122 4286 3347 4349 τούτων,
3373 4287 3466 4340 καὶ
3481 4283 3816 4359 ἐξαγορεύσῃ

2246 4374 2344 4446 τὴν
2397 4375 2671 4450 ἁμαρτίαν
2720 4377 2846 4447 περὶ
2878 4372 2945 4449 ἧς
2981 4378 3215 4449 ἥμαρτε,
3267 4396 3285 4430 ι
3323 4379 3415 4430 καὶ
3463 4372 3614 4438 οὗτος
3661 4375 3814 4447 δῆτα,

2247 4469 2429 4537 φησὶν,
2491 4469 2550 4520 τὸ
2595 4468 2726 4522 αὐτὸ
2777 4468 2953 4521 λαϐὼν
3006 4471 3240 4541 ἱερεῖον,
3316 4465 3589 4519 σπευδέτω
3635 4467 3693 4519 ὲν
3739 4465 3819 4537 τῷ

2245 4558 2414 4630 τόπῳ,
2449 4561 2542 4613 καὶ
2573 4559 2875 4624 ὲξιλάσεται
2911 4563 3040 4634 περὶ
3068 4561 3232 4614 αὑτοῦ
3273 4560 3302 4611 6
3349 4559 3524 4631 ἱερεὺς
3558 4560 3685 4631 περὶ
3717 4560 3817 4629 τῆς

2249 4650 2522 4720 ἁμαρτίας
2553 4652 2738 4717 αὑτοῦ,
2773 4653 2866 4706 καὶ
2899 4653 3229 4722 ἀφεθήσεται
3251 4650 3396 4722 αύτῷ
3424 4652 3455 4721 ἠ
3491 4650 3752 4723 ἁμαρτία.
3791 4671 3810 4702 ι

2249 4743 2356 4795 Καὶ
2382 4743 2537 4806 ἄλλος
2564 4745 2713 4816 παρά
2736 4746 2860 4807 τοὺς
2885 4745 3202 4814 εἰρημένους
3230 4742 3390 4814 νόμος
3421 4737 3522 4796 ὧδέ
3549 4761 3620 4815 πη
3649 4741 3788 4814 διορί
3804 4771 3817 4784 -

2248 4833 2348 4898 ζει·
2405 4853 2423 4885 ι
2458 4837 2640 4906 ⁸Ψυχὴ
2683 4837 2716 4906 ἢ
2753 4837 2818 4889 ἂν
2859 4835 2995 4908 λάθῃ
3044 4835 3201 4888 αὑτὸν
3251 4834 3412 4909 λήθῃ,
3458 4835 3550 4889 καὶ
3594 4835 3816 4909 ἁμάρτῃ

2246 4926 2514 4990 ἀκουσίως
2546 4927 2654 4981 ἀπὸ
2685 4926 2791 4980 τῶν
2821 4928 2989 4996 ἁγίων
3022 4926 3246 4999 Κυρίου,
3281 4928 3374 4982 καὶ
3407 4927 3623 4980 εἰσοίσει
3662 4928 3815 4999 κριὸν

2245 5017 2346 5086 τῆς
2379 5016 2754 5088 πλημμελείας
2795 5017 2955 5071 αὑτοῦ
3002 5017 3077 5088 τῷ
3124 5019 3340 5090 Κυρίῳ·
3385 5019 3519 5072 οἴσει
3566 5018 3621 5072 δὲ
3653 5018 3814 5073 πάλιν

2245 5107 2394 5178 παρά
2425 5108 2515 5161 τὸν
2563 5108 2843 5179 ἀρχιερέα,
2877 5111 2932 5161 ὲν
2961 5109 3038 5180 τῷ
3079 5111 3226 5180 τόπῳ
3273 5111 3472 5181 δηλαδὴ
3512 5110 3587 5181 τῷ
3617 5111 3814 5176 ἐξειλε-

2242 5197 2446 5268 γμὲνῳ.
2489 5218 2506 5250 ι
2557 5201 2665 5251 Καὶ
2721 5199 2876 5252 ἕκτον
2922 5199 2977 5252 δὲ
3018 5201 3179 5270 νόμον
3222 5199 3424 5266 τούτοις
3471 5203 3813 5273 προστίθησι,

2245 5287 2434 5355 λέγων’
2495 5308 2513 5339 ι
2566 5288 2724 5359 Ψυχὴ
2759 5289 2824 5342 ἂν
2872 5291 3111 5366 ἁμάρτῃ,
3162 5294 3255 5346 καὶ
3298 5296 3497 5365 ποιήσῃ
3549 5294 3675 5364 μίαν
3705 5297 3815 5349 ἀπὸ

2247 5378 2436 5432 πασῶν
2462 5378 2569 5432 τῶν
2600 5379 2850 5448 ἐντολῶν,
2886 5376 2959 5435 ὧν
2991 5384 3048 5435 οὐ
3079 5385 3158 5436 δεῖ
3187 5389 3378 5449 ποιεῖν,
3409 5386 3501 5439 καὶ
3528 5386 3626 5438 οὐκ
3649 5384 3811 5454 ἔγνω,

2243 5471 2336 5523 καὶ
2369 5472 2756 5544 πλημμελήσῃ,
2791 5475 2883 5527 καὶ
2910 5474 3046 5546 λάϐῃ
3076 5477 3170 5546 τὴν
3192 5478 3467 5551 ἀμαρτιαν
3498 5478 3684 5544 αὐτοῦ,
3719 5483 3810 5534 καὶ

2243 5563 2377 5616 οίσει
2417 5563 2576 5616 πάλιν
2609 5564 2761 5634 κριὸν
2787 5565 2864 5636 τῷ
2904 5568 3171 5641 ἀρχιερεῖ,
3203 5571 3297 5623 καὶ
3337 5569 3639 5634 ὲξιλάσεται
3683 5573 3810 5643 περὶ

2245 5654 2408 5708 αὐτοῦ
2442 5657 2470 5706 6
2505 5654 2700 5724 ἱερεὺς,
2736 5658 2862 5727 περί⁹
2893 5659 2990 5729 τῆς
3015 5661 3239 5729 ἀγνοίας
3264 5661 3426 5715 αὑτοῦ
3460 5656 3525 5732 ἧς
3553 5665 3806 5734 ⁴Ιιγνόησε,

3487 5842 3532 5874 ⁸³
3571 5841 3686 5898 Ibid
3751 5849 3805 5904 6.
