4018 6512
145 396 211 449 $7
1049 386 1710 446 DEMONSTRATIONIS
1751 387 2214 447 EVANGELICAE
2254 390 2385 446 LIB.
2427 392 2473 449 Ι.
3349 395 3416 450 58

144 511 237 565 καὶ
263 504 422 572 οὗτος
447 508 554 561 οὐκ
585 507 726 581 ᾔδει,
768 508 861 564 καὶ
892 506 1224 579 ἀφεθήσεται
1256 507 1425 581 αὐτῷ.
1458 528 1476 560 ι
1516 509 1657 582 Ἤδη
1685 509 1730 563 δέ

1845 523 1944 579 pro
1968 520 2191 579 peccato
2219 526 2319 567 suo
2348 513 2393 544 ”
2418 531 2434 579 ;
2477 533 2496 566 ι
2537 512 2726 568 offeret
2756 520 2939 568 autem
2960 527 3155 571 rursus
3187 512 3254 568 ad
3273 512 3415 568 Pon-

142 601 375 674 ἕϐδομόν
400 618 565 672 φησι*
607 620 627 654 ι
662 600 823 672 Ψυχὴ
853 601 918 656 ἂν
946 601 1188 674 ἁμάρτῃ,
1219 603 1313 655 καὶ
1335 600 1575 674 παριδὼν
1595 620 1740 674 παρ-

146 696 229 768 ίδῃ
280 694 383 757 τὰς
428 692 661 757 ἐντολὰς
702 693 929 765 Κυρίου,
987 693 1083 745 καὶ
1124 692 1391 764 ψεύσηται
1452 694 1588 765 πρὸς
1650 694 1741 748 τὸν

144 785 373 855 πλησίον
406 785 589 838 αὑτοῦ
620 786 678 837 ὲν
719 783 1181 855 παρακαταθήκῃ,
1216 785 1344 851 περὶ
1385 785 1672 849 κοινωνίας
1705 786 1739 857 ἢ

142 877 427 950 ἁρπαγῆς,
473 876 509 947 ἢ
544 874 774 946 ἠδίκησέ
818 892 869 928 τι
902 875 995 929 τὸν
1030 875 1279 945 πλησίον,
1322 876 1355 947 ἢ
1388 871 1545 945 εὗρεν
1587 876 1738 930 ἀπώ-

142 970 311 1035 λειαν,
354 972 456 1024 καὶ
492 971 769 1043 ψεύσηται
808 971 935 1043 περὶ
964 971 1155 1042 αὐτῆς,
1196 971 1291 1024 καὶ
1331 973 1504 1044 ὀμόσῃ
1540 972 1741 1038 ἀδίκως

142 1062 272 1134 περὶ
312 1063 439 1125 ἐνὸς
482 1062 597 1115 ἀπὸ
644 1062 863 1115 πάντων
909 1056 985 1115 ὧν
1033 1061 1129 1115 ἐὰν
1180 1064 1384 1135 ποιήσῃ
1430 1063 1735 1135 ἄνθρωπος,

141 1155 283 1207 ὥστε
334 1155 621 1225 ἁμαρτεῖν
669 1156 728 1207 ὲν
774 1153 1005 1219 τούτοις,
1049 1153 1144 1207 καὶ
1191 1154 1357 1224 ἡνίκα
1403 1153 1470 1207 ἂν
1516 1156 1737 1227 ἁμάρτῃ

144 1248 238 1303 καὶ
294 1247 682 1321 πλημμελήσῃ
730 1247 824 1301 καὶ
877 1246 1061 1316 ἀποδῷ
1126 1245 1188 1299 τὸ
1244 1247 1515 1319 ἅρπαγμα
1564 1248 1592 1301 ὃ
1641 1249 1741 1319 ἥρ-

144 1359 331 1406 πασεν,
396 1341 433 1412 ἢ
506 1341 568 1395 τὸ
628 1339 871 1412 ἀδίκημα
937 1339 967 1393 δ
1017 1340 1295 1413 ἠδίκησεν,
1342 1342 1508 1414 ἢτὴν
1563 1359 1741 1414 παρα-

143 1432 488 1505 καταθήκην,
533 1434 656 1504 ἥτις
701 1431 972 1505 παρετέθη
1036 1431 1205 1503 αὐτῷ,
1253 1433 1287 1504 ἢ
1326 1431 1422 1503 τὴν
1464 1431 1738 1487 ἀπώλειαν

140 1527 201 1598 ήν
235 1521 426 1598 εὗρεν,
502 1526 612 1579 ἀπὸ
650 1525 851 1589 παντὸς
910 1524 1233 1596 πράγματος
1297 1520 1357 1579 οὗ
1396 1524 1577 1596 ὤμοσε
1612 1527 1738 1600 περὶ

139 1618 302 1672 αὑτοῦ
368 1618 582 1682 ἀδίκως
606 1658 621 1683 ,
676 1618 769 1670 καὶ⁵
814 1618 1063 1672 ἀποτίσει
1123 1617 1255 1671 αὐτὸ
1320 1617 1381 1670 τὸ
1445 1618 1738 1688 κεφάλαιον

135 1712 225 1763 καὶ
269 1710 339 1765 τὸ
393 1711 769 1781 ὲπίπεμπτον.
811 1728 831 1763 t
869 1710 1066 1781 Ἐχρῆν
1105 1710 1149 1762 δ’
1194 1708 1259 1764 ἂν
1288 1710 1426 1781 μετὰ
1456 1709 1516 1763 τὸ
1549 1710 1739 1779 ἐξαγο-

134 1802 329 1874 ρεῦσαι
355 1802 422 1857 τὸ
471 1802 803 1875 ἁμάρτημα,
842 1802 937 1855 καὶ
981 1802 1119 1873 μετὰ
1153 1801 1215 1855 τὸ
1259 1803 1534 1865 ἀποτῖσαι,
1570 1802 1736 1855 σπεύ-

1839 599 2066 665 tificem,
2096 602 2150 656 in
2176 605 2296 658 loco
2321 604 2576 660 videlicet
2602 604 2670 659 de
2697 619 2805 673 quo
2818 604 3025 659 dictum
3053 613 3157 660 est.
3194 603 3413 659 Sextam

1842 707 2059 762 quoque
2092 693 2264 763 legem
2307 696 2584 765 prioribus
2608 696 2858 765 adjungit
2882 696 2969 752 his
3000 697 3174 752 verbis
3200 715 3213 750 :
3240 714 3259 748 ι
3286 696 3418 749 Ani-

1842 798 1931 836 ma
1962 783 2005 837 si
2041 787 2349 853 peccaverit
2375 795 2430 841 et
2460 786 2933 842 feceritadversus
2958 803 3127 841 unum
3145 802 3210 842 ex
3240 787 3417 841 omni-

1839 872 1943 929 bus
1972 876 2277 946 praeceptis,
2318 878 2523 947 aliquid
2571 894 2782 945 eorum,
2806 895 2927 950 quae
2949 894 3059 934 non
3086 886 3302 950 oportet
3334 877 3416 932 fa-
3490 909 3495 915 -

1838 979 1981 1029 cere,
2015 974 2069 1021 et
2096 984 2204 1022 non
2233 970 2571 1040 cognoverit,
2626 979 2680 1026 et
2730 971 3042 1043 deliquerit,
3094 980 3148 1029 et
3188 988 3414 1044 accepe-

1838 1056 1911 1110 rit
1941 1067 2224 1127 peccatum
2255 1075 2438 1125 suum,
2471 1076 2666 1118 rursus
2683 1062 2870 1120 offeret
2905 1062 3155 1119 Pontiﬁci
3186 1064 3411 1120 arietem

1837 1159 1891 1205 et
1923 1152 2101 1206 orabit
2134 1169 2233 1223 pro
2278 1154 2398 1224 ipso
2453 1156 2738 1222 sacerdos,
2790 1172 2890 1226 pro
2939 1156 3247 1228 ignorantia
3292 1156 3413 1226 ejus

1837 1262 2001 1317 quam
2037 1247 2329 1318 ignoravit,
2361 1261 2415 1306 et
2439 1251 2530 1305 hic
2564 1251 2681 1320 ipse
2712 1266 2821 1307 non
2858 1254 3029 1319 novit,
3089 1260 3143 1308 et
3171 1252 3414 1308 dimitte-

1838 1344 1930 1391 tur
1965 1338 2015 1392 ei
2048 1340 2114 1395 ³³.
2151 1359 2169 1391 ι
2207 1339 2506 1412 Septimam
2546 1340 2677 1398 item
2717 1343 2912 1398 scribit
2937 1343 3107 1414 legem
3147 1342 3251 1398 hoc
3300 1358 3413 1397 mo-

1836 1429 2172 1485 dozlAnima
2201 1432 2247 1488 si
2279 1433 2608 1503 peccaverit,
2627 1441 2682 1489 et
2698 1443 3053 1491 contemnens
3077 1440 3415 1504 contempse-

1835 1525 1910 1579 rit
1938 1533 2203 1595 praacepta
2237 1521 2523 1580 Domini'et
2542 1527 2767 1581 mentita
2796 1527 2959 1581 fuerit
3009 1526 3256 1598 proximo
3310 1540 3411 1581 suo

1837 1619 1892 1673 in
1924 1618 2195 1690 deposito,
2224 1620 2737 1676 communicationis
2765 1634 2860 1676 aut
2889 1622 3093 1692 rapina:
3116 1635 3303 1687 causa,
3323 1620 3410 1677 vel

1837 1712 2039 1783 injuria
2071 1712 2254 1783 aliqua
2283 1712 2523 1769 aﬂ'ecerit
2552 1714 2863 1786 proximum
2892 1715 3098 1781 suum,’
3121 1714 3203 1769 vel
3254 1715 3409 1769 inve-

1836 1804 1981 1860 nerit
2012 1819 2125 1859 rem
2164 1804 2453 1874 perditam,
2485 1819 2551 1860 ac
2579 1804 2647 1860 de
2691 1820 2755 1861 ea
2787 1806 2903 1876 ipse
2950 1805 3174 1861 mentita
3222 1803 3406 1868 fuerit,

133 1896 239 1947 δειν
274 1895 474 1961 πάλιν,
510 1894 694 1948 πάντα
727 1892 1117 1964 ὑπερθέμενον,
1148 1894 1229 1955 είς
1257 1891 1347 1946 τὸν
1384 1893 1545 1946 τόπον
1582 1892 1641 1946 ὃν
1673 1892 1730 1946 ἂν

1840 1904 1894 1951 et
1955 1896 2220 1966 iuraverit
2286 1896 2473 1968 inique
2530 1912 2630 1968 pro
2682 1913 2792 1953 uno
2829 1913 2895 1954 ex
2955 1898 3210 1953 omnibus
3261 1912 3411 1968 qua:-

133 1986 426 2056 ὲκλέξηται
462 1986 671 2057 Κύριος
716 1987 745 2039 ὁ
789 1984 939 2052 Θεὸς,
987 1985 1082 2038 καὶ
1130 1983 1457 2056 προσφέρειν
1496 2001 1560 2053 γε
1601 1984 1730 2056 περὶ

130 2077 226 2147 τῆς
250 2076 653 2149 πλημμελείας
686 2077 836 2149 κριὸν
860 2076 1088 2148 ἄμωμον
1107 2092 1120 2106 ·
1152 2075 1247 2129 καὶ
1275 2074 1581 2139 ὲξιλάσεται
1602 2076 1730 2148 περὶ

132 2172 296 2225 αὑτοῦ
328 2174 359 2225 ὁ
397 2173 584 2244 ἱερεὺς
612 2172 790 2225 ἔναντι
817 2171 1043 2245 Κυρίου,
1076 2170 1170 2225 καὶ
1194 2169 1531 2241 ἁφηθήσεται
1555 2168 1724 2240 αὐτῷ.

134 2262 318 2316 Ταῦτα
356 2266 456 2317 καὶ
495 2263 624 2335 περὶ
656 2262 825 2316 τῶνδε
870 2264 899 2317 ό
946 2262 1247 2334 θαυμάσιος
1288 2260 1546 2332 Μωῦσῆς,
1600 2259 1729 2332 περί

132 2373 186 2409 τε
224 2356 343 2410 τῶν
389 2356 668 2420 ἀκουσίως
704 2355 1121 2427 ἡμαρτηκότων,
1163 2354 1257 2408 καὶ
1292 2355 1420 2427 περὶ
1456 2354 1563 2408 τῶν
1606 2353 1729 2408 κατ’

133 2449 382 2518 ἄγνοιαν,
418 2448 851 2521 ἐξηκριϐώσατο,
894 2447 1175 2521 πόρρωθεν
1231 2446 1339 2500 τῶν
1394 2446 1536 2500 κατὰ
1594 2463 1729 2518 προ-

132 2542 347 2613 αίρεσιν
381 2541 895 2614 πλημμελημάτων,
944 2541 1030 2610 ἐφ’
1058 2534 1139 2603 οἷς
1190 2540 1283 2592 καὶ
1327 2539 1730 2610 ἀπαραιτήτους

130 2636 307 2707 ὁρίζει
350 2636 633 2706 τιμωρίας
673 2635 799 2697 τοὺς
837 2635 1070 2696 οἰκείους
1112 2632 1470 2687 ἀναστέλλων.
1508 2632 1566 2685 Ὀ
1621 2632 1729 2703 γὰρ

130 2728 227 2780 ἰπὶ
265 2730 374 2790 τοῖς
412 2724 696 2789 ἁκουσίοις
733 2725 806 2797 μὴ
855 2726 1118 2796 πρότερον
1147 2724 1338 2795 νείμας
1379 2724 1725 2797 συγγνώμην,

131 2819 163 2889 ἦ
190 2817 568 2888 ἐξαγορεῦσαι
593 2816 655 2869 τὸ
685 2817 1004 2888 ἁμάρτημα,
1034 2816 1269 2870 κᾶπειτα
1302 2815 1489 2887 ὥσπερ
1526 2817 1728 2888 μικρὰν

132 2910 407 2981 τιμωρίαν
440 2909 532 2963 διὰ
566 2909 667 2979 τῆς
693 2909 1171 2981 προστεταγμένης
1211 2908 1399 2972 θυσίας
1434 2908 1729 2980 εἰσπραξά-

137 3018 299 3071 μενος
330 3001 424 3054 τὸν
456 3001 841 3073 ἡμαρτηκότα,
869 3000 957 3053 διά
981 3017 1040 3053 τε
1083 2999 1184 3069 τῆς
1207 3000 1299 3052 ἐπὶ
1326 3000 1416 3052 τὸν
1448 3000 1610 3068 ἁγνὸν
1636 3000 1727 3053 τό·-

134 3112 243 3148 πον
270 3094 582 3165 άμελλήτου
617 3094 842 3164 πορείας
870 3093 968 3165 τὴν
1001 3092 1233 3162 σπουδὴν
1267 3090 1400 3162 ὁμοῦ
1431 3092 1523 3146 καὶ
1553 3092 1613 3144 τὸ
1640 3093 1730 3145 εὐ-

132 3188 297 3251 λαϐὲς
322 3188 604 3251 ἐπιτείνας
624 3186 732 3240 τῶν
764 3187 881 3239 κατ’
917 3187 1078 3239 αὑτὸν
1112 3184 1381 3238 θεοσεϐεῖν
1410 3185 1727 3259 προῃρημέ-

1836 2003 2055 2060 cunque
2112 1988 2243 2044 facit
2293 1990 2458 2045 homo
2489 2030 2504 2054 ,
2570 1999 2623 2045 et
2665 2000 2854 2060 peccat
2894 2010 2905 2045 :
2963 1998 3017 2045 et
3052 1990 3411 2060 quandocun-

1836 2096 1942 2150 que
1992 2083 2302 2151 peccaverit
2352 2099 2415 2138 ac
2469 2084 2782 2155 deliquerit,
2846 2091 2901 2139 et
2943 2084 3250 2140 restituerit
3291 2096 3411 2138 rem

1835 2186 1998 2241 quam
2033 2172 2278 2241 abstulit,
2315 2180 2409 2227 aut
2444 2174 2658 2244 injuriae
2686 2191 2717 2229 a
2742 2190 2802 2231 se
2824 2175 3005 2239 illatae.
3059 2173 3408 2240 satisfecerit,

1837 2262 1888 2333 5
1906 2270 1999 2316 aut
2029 2262 2339 2334 depositum
2366 2266 2512 2336 quod
2543 2282 2656 2321 suae
2686 2266 2810 2322 fidei
2828 2267 3181 2322 commissum
3210 2265 3409 2334 fuerat,

1836 2354 2155 2422 reddiderit,
2192 2366 2287 2410 aut
2316 2373 2431 2412 rem
2463 2358 2730 2426 perditam
2761 2374 2923 2429 quam
2950 2359 3176 2422 invenit,
3196 2374 3264 2414 ex
3293 2374 3407 2414 om.

1835 2449 1893 2504 ni
1917 2463 1976 2503 re
2008 2463 2106 2517 pro
2128 2462 2235 2518 qua
2266 2449 2453 2520 inique
2480 2449 2685 2519 juravit
2714 2450 2885 2505 solvet
2935 2450 3111 2520 ipsum
3136 2457 3328 2514 totum,
3355 2456 3411 2505 et

1834 2539 1954 2609 ejus
1986 2542 2212 2612 insuper
2238 2542 2484 2613 quintam
2530 2551 2740 2614 partem
2768 2542 3149 2598 “.tCazterum
3186 2551 3409 2613 oporte-

1835 2630 1929 2686 bat
1979 2641 2268 2702 postquam
2316 2632 2630 2703 prodiderat
2696 2641 2984 2703 peccatum
3032 2649 3097 2689 ac
3149 2636 3407 2701 solverat,

1834 2730 2091 2778 omnibus
2125 2723 2357 2795 negotiis
2388 2725 2716 2794 posthabitis
2745 2740 2995 2795 propere,
3048 2726 3198 2781 abire
3230 2726 3296 2781 ad
3324 2727 3408 2782 lo-

1835 2826 1982 2878 cum,
2030 2829 2189 2884 quem
2242 2815 2482 2886 elegerat
2522 2814 2790 2871 Dominus
2818 2818 2983 2880 Deus.
3012 2826 3065 2873 et
3090 2818 3282 2874 oﬂ‘erre
3312 2832 3412 2889 pro

1834 2906 2034 2961 delicto
2065 2908 2292 2962 arietem
2342 2907 2772 2970 immaculatum,
2818 2919 2872 2962 et
2905 2908 2984 2964 sic
3031 2924 3188 2964 orare
3221 2924 3319 2979 pro
3343 2924 3410 2965 co

1834 2998 2173 3054 sacerdotem
2204 2999 2345 3070 apud
2376 2998 2686 3062 Dominum,
2713 3008 2766 3053 et
2793 3001 2987 3055 dimitti
3015 3002 3087 3057 ei.
3127 3001 3249 3057 Haec
3276 3018 3409 3060 sane

1835 3087 2012 3145 Moses
2040 3090 2129 3144 ille
2161 3090 2516 3145 admirandus
2541 3098 2651 3145 tam
2678 3092 2745 3146 de
2777 3092 2844 3147 iis
2870 3092 2962 3163 qui
3002 3094 3157 3148 inviti
3217 3111 3410 3165 pecca-

1835 3185 2030 3246 verint,
2064 3198 2224 3252 quam
2252 3182 2318 3237 de
2352 3183 2417 3239 iis
2439 3184 2530 3253 qui
2558 3199 2655 3255 per
2685 3184 3069 3255 ignorantiam,
3098 3187 3407 3257 diligentis-

132 3298 262 3346 νων,
297 3281 417 3343 πῶς
456 3281 579 3350 οὐχὶ
610 3280 717 3331 τῶν
750 3278 1010 3341 ἑκουσίως
1046 3279 1336 3350 δρωμένων
1365 3278 1500 3331 πολὺ
1532 3278 1728 3351 πρότε-

1832 3277 1970 3331 sime
2016 3279 2271 3332 tractavit
2310 3294 2557 3333 seorsum
2603 3279 2671 3333 ab
2700 3278 2768 3333 iis
2795 3295 2916 3348 quae
2956 3280 3259 3335 voluntarie
3284 3295 3408 3351 pec-

137 3393 233 3445 ρον
268 3375 493 3444 ἐπίσχοι
540 3374 607 3426 ἂν
658 3372 755 3436 τὰς
803 3373 1013 3443 ὀρμάς;
1057 3372 1121 3425 Τί
1160 3372 1224 3444 δὴ
1254 3368 1346 3426 οὖν
1385 3372 1520 3444 πρὸς
1556 3371 1728 3425 ταῦτα

137 3466 554 3535 συλλογίζεσθαι
587 3465 746 3536 χρῆν,
781 3465 869 3517 ὅτε
918 3464 1002 3536 δὴ,
1042 3463 1117 3528 ὡς
1173 3465 1405 3535 εἴρηται,
1449 3480 1727 3533 συγκεφα-

134 3558 461 3630 λαιούμενος
497 3557 567 3611 τὰ
596 3558 774 3611 πάντα
799 3560 827 3611 ὁ
860 3558 1096 3628 Μωῦσῆς
1137 3558 1484 3630 ἐπισκήπτει,
1518 3555 1723 3625 λέγων’

139 3671 157 3704 ι
213 3651 653 3722 Ἐπικατάρατος
687 3652 793 3714 πᾶς
831 3649 890 3713 ὃς
930 3651 1029 3703 οὐκ
1068 3652 1296 3721 ὲμμενεῖ
1344 3652 1400 3703 ὲν
1440 3651 1574 3703 πᾶσι
1616 3652 1727 3714 τοῖς

138 3744 618 3817 ἐγγεγραμμένοις
675 3743 767 3796 τοῦ
824 3743 1020 3813 νόμον,
1071 3741 1165 3795 τοῦ
1225 3740 1446 3812 ποιῆσαι
1502 3741 1661 3806 aurai;
1704 3760 1722 3792 ι

136 3833 276 3907 ’Δρα
300 3838 409 3909 γὰρ
442 3838 575 3899 τοὺς
599 3837 663 3888 ὲκ
692 3835 938 3906 περάτων
961 3835 1063 3907 γῆς
1089 3834 1379 3905 μέλλοντας
1405 3832 1546 3886 κατὰ
1573 3834 1729 3886 Μωῦο

139 3929 231 3981 σέα
264 3927 569 3990 θεοσεῦεἰν,
596 3927 673 3990 ὡς
703 3926 770 3980 ἂν
797 3926 1019 3995 φύγοιεν
1056 3926 1152 3997 μὲν
1188 3924 1285 3997 τὴν
1332 3924 1598 3996 κατάραν,
1636 3923 1728 3978 τύ-

136 4038 277 4092 χοιεν
303 4021 363 4073 δὲ
396 4020 501 4090 τῆς
538 4018 953 4089 ἐπηγγελμένης
992 4018 1129 4090 πρὸς
1160 4018 1249 4071 τὸν
1295 4016 1543 4089 Ἀϐραὰμ
1580 4016 1729 4069 εὐλο-

138 4112 275 4179 γίας,
311 4112 495 4165 ταῦτα
544 4111 723 4163 πάντα
766 4111 901 4180 χρῆν
940 4110 1218 4180 πράττειν,
1268 4109 1361 4162 καὶ
1408 4108 1589 4180 τρίτον
1632 4108 1726 4162 τοῦ

140 4204 286 4266 ἔτους
313 4203 571 4271 ἀπαντᾷν
600 4201 680 4264 είς
711 4200 778 4253 τὰ
824 4198 1198 4271 Ἰεροσόλυμα;
1235 4199 1327 4253 καὶ
1366 4198 1466 4261 τάς
1499 4200 1564 4251 ὲκ
1595 4200 1730 4252 πάν-

138 4311 240 4347 των
260 4295 318 4348 δὲ
345 4292 463 4347 τῶν
491 4292 663 4347 ἐθνῶν
694 4290 965 4345 θεοσεόεἰν
989 4290 1425 4364 προκεκριμένας
1443 4292 1724 4359 γυναῖκας,

141 4388 257 4459 ἄρτι
278 4388 465 4440 τόκων
494 4386 590 4439 κα)¹
628 4384 833 4438 ὠδίνων
861 4383 1234 4455 παυσαμένας,
1266 4381 1534 4454 τοσαύτην
1572 4383 1725 4437 στέλ-

141 4480 321 4534 λεσθαι
378 4480 631 4551 πορείαν,
690 4476 767 4541 ὡς
820 4477 885 4529 ἂν
940 4474 1038 4548 τὴν
1094 4472 1570 4547 προστεταγμένην
1624 4474 1729 4528 ὑπὸ

142 4574 415 4638 Μωῦσέως
456 4572 649 4625 θυσίαν
689 4570 775 4639 ἐφ’
821 4570 1037 4640 ἑκάστῳ
1085 4567 1193 4621 τῶν
1240 4567 1591 4639 γεννωμένων
1630 4569 1725 4620 άν-

1829 3380 2044 3435 cantur,
2067 3369 2266 3441 quibus
2290 3371 2452 3425 etiam
2482 3370 2842 3426 inexorabiles
2872 3372 3076 3441 irrogat
3108 3385 3319 3440 pmnas.
3348 3375 3411 3423 ut

1830 3479 1959 3520 suos
2004 3465 2079 3518 ita
2119 3462 2415 3527 cohibeat,
2474 3477 2536 3517 ac
2599 3462 2857 3517 refrenet.
2919 3460 3023 3528 Qui
3075 3464 3222 3516 enim
3285 3462 3354 3518 iis
3387 3501 3403 3527 ,

1827 3558 1919 3629 qui
1944 3557 2099 3612 inviti
2144 3556 2492 3628 peccaverint
2551 3572 2661 3611 non
2712 3556 2864 3626 prius
2919 3556 3133 3610 veniam
3189 3556 3403 3621 tribuit,

1828 3663 1992 3719 quam
2029 3657 2310 3719 peccatum
2360 3645 2825 3707 annuntiaverint,
2875 3659 2939 3698 ac
2971 3641 3166 3699 deinde
3215 3644 3266 3697 ei
3311 3643 3406 3714 qui

1829 3745 2074 3813 peccavit
2106 3744 2264 3813 quasi
2292 3743 2463 3797 levem
2487 3756 2702 3811 poenam
2740 3754 2836 3808 per
2866 3738 3129 3793 indictum
3159 3736 3289 3792 illud
3316 3751 3408 3793 sa-

1829 3836 2095 3890 criﬁcium
2128 3835 2349 3905 irrogat,
2376 3843 2429 3889 et
2460 3848 2556 3904 per
2585 3835 2954 3887 accessionem
2991 3832 3111 3887 sine
3149 3846 3301 3885 mora
3336 3827 3406 3885 ad

1828 3925 2008 3981 locum
2036 3935 2305 3991 sanctum,
2335 3925 2576 3979 studium
2608 3924 2769 3979 simul
2799 3935 2852 3978 et
2877 3923 3191 3992 religionem
3214 3937 3404 3977 eorum

1830 4017 2083 4081 intendit,
2115 4018 2207 4087 qui
2239 4035 2297 4073 se
2326 4028 2550 4072 auctore
2573 4018 2629 4071 in
2663 4017 2848 4071 divino
2895 4017 3045 4071 cultu
3098 4018 3175 4071 uti
3210 4015 3405 4079 velint,

1829 4110 1921 4179 qui
1948 4110 2064 4163 fieri
2098 4117 2276 4180 p0test
2314 4119 2370 4161 ut
2414 4123 2524 4162 non
2568 4109 2740 4161 multo
2774 4108 2925 4178 prius
2963 4109 3031 4162 ab
3058 4108 3270 4177 iisquae
3315 4121 3405 4161 vo-

1831 4202 2065 4256 luntarie
2094 4201 2528 4263 committuntur,
2563 4200 2869 4255 cohibuerit
2894 4199 3164 4270 appetitus
3197 4201 3220 4253 ?
3260 4197 3402 4265 Quid

1830 4293 1896 4348 ad
1921 4294 2036 4348 haec
2067 4293 2231 4364 igitur
2252 4292 2626 4363 argumentari
2656 4290 3153 4362 oportet,quando,
3191 4299 3252 4346 ut
3279 4292 3401 4346 dic-

1828 4392 1943 4437 tum
1971 4391 2075 4448 est,
2109 4388 2305 4437 cuncta
2333 4382 2588 4452 redigens
2611 4380 2666 4435 in
2689 4395 2955 4436 summam
2982 4379 3180 4443 Moses,
3198 4382 3277 4435 sic
3299 4379 3402 4434 im-

1830 4481 2083 4544 precatur
2108 4473 2131 4526 ?
2159 4492 2177 4525 ι
2211 4472 2578 4527 Exsecrabilis
2608 4472 2789 4527 omnis
2826 4472 3137 4541 quicunque
3158 4488 3264 4525 non
3296 4477 3405 4527 ste-

1830 4567 1955 4622 terit
1986 4566 2264 4630 omnibus,
2300 4579 2421 4634 quae
2450 4564 2504 4618 in
2538 4564 2653 4634 lege
2713 4563 2914 4633 scripta
2967 4569 3116 4626 sunt,
3150 4570 3208 4617 ut
3241 4562 3402 4620 faciat

145 4667 462 4735 ενέγκαιενς
502 4664 536 4735 ἦ
580 4665 705 4725 τοὺς
741 4660 1119 4731 ἐφαψαμένους
1165 4658 1357 4731 νεκροῦ
1396 4659 1663 4731 σώματος,
1696 4658 1728 4729 ἦ

1834 4674 1897 4715 ea
1966 4659 2008 4689 ³⁷
2089 4677 2133 4714 ι.
2177 4656 2319 4728 Ergo
2368 4655 2531 4711 etiam
2577 4656 2631 4710 in
2684 4655 2942 4711 extremis
2989 4664 3149 4711 terr-.e
3202 4655 3401 4711 finibus

140 4761 255 4823 τοὺς
281 4758 547 4829 ἐπίορκον
574 4755 955 4825 ὀμωμοκότας,
982 4752 1015 4823 ἢ
1045 4753 1170 4815 τοὺς
1193 4750 1445 4805 ἀκούσιόν
1465 4769 1515 4804 τι
1544 4752 1725 4821 δεδρα-

141 4853 299 4913 κότας
328 4854 393 4903 ἐκ
430 4848 683 4917 περάτων
703 4847 804 4915 γῆς
831 4846 1006 4915 ἥκειν,
1032 4844 1242 4916 τρέχειν
1265 4860 1325 4895 τε
1354 4843 1448 4896 καὶ
1473 4843 1722 4896 σπεύδειν

143 4948 227 4998 ἐπὶ
270 4945 366 4999 τὸν
408 4939 903 5011 νενομοθετημένον
946 4937 1307 5007 καθαρισμὸν,
1346 4936 1421 5000 ὠς
1456 4936 1520 4990 ἂν
1554 4935 1723 5005 ἐκφύ-

143 5053 283 5104 γοιεν
329 5035 436 5107 τὴν
472 5033 573 5102 τῆς
608 5032 850 5100 κατάρας
894 5029 1222 5099 ὲπίσκηψιν;
1272 5028 1432 5081 Ἀλλὰ
1475 5028 1723 5099 συνορᾷς,

142 5129 211 5193 ὡς
239 5129 333 5183 καὶ
361 5128 552 5189 αὐτοῖς
583 5127 695 5189 τοῖς
725 5123 868 5195 ἀμφὶ
900 5122 970 5176 τὰ
1014 5121 1356 5193 Ἰεροσόλυμα
1388 5119 1719 5186 κατοικοῦσι,

142 5220 230 5273 καί
260 5221 354 5273 ἐπὶ
374 5218 550 5290 μόνης
563 5216 662 5287 τῆς
691 5214 950 5277 Ἰουδαίας
966 5211 1062 5275 τὰς
1082 5210 1359 5282 διατριϐάς
1384 5209 1724 5280 ποιουμένοις

142 5313 170 5363 ό
197 5311 331 5365 κατὰ
364 5308 610 5364 Μωῦσέα
646 5304 760 5377 βίος
785 5302 1224 5376 δυσκατόρθωτος
1252 5298 1339 5373 ἦν’
1375 5303 1503 5374 μήτι
1538 5318 1602 5369 γε
1631 5301 1722 5354 δυ-

146 5403 292 5467 νατὸς
320 5398 691 5457 ἐπιτελεῖσθαι
710 5396 805 5452 καὶ
823 5399 937 5461 τοῖς
962 5396 1167 5459 λοιποῖς
1186 5395 1395 5448 ἔθνεσιν
1414 5395 1509 5464 (5).
1533 5394 1724 5448 Ἔνθεν

208 5550 251 5583 ⁸⁸
290 5546 467 5605 Levit.
494 5563 551 5613 v,
596 5544 685 5600 15.
765 5544 810 5576 ³⁸
848 5541 983 5599 lbid.
1026 5542 1114 5603 i7,
1158 5542 1246 5597 18.
1322 5540 1368 5573 ³⁸
1406 5540 1542 5597 Ibid.
1584 5558 1659 5605 vt,
1700 5541 1816 5600 2-7.

206 5666 277 5735 l5)
313 5663 473 5731 Μήτι
518 5679 584 5733 τε
621 5659 882 5735 ἐντατὸς
900 5658 1299 5735 ἐπιτελεῖσθαι
1322 5658 1578 5735 τοῖς
1598 5662 1718 5712 λοι..

150 5730 270 5802 ποῖά
298 5730 536 5790 ἔθνεσι.
565 5751 584 5784 ι
620 5730 832 5786 Nedum
866 5731 975 5802 t_ale
1000 5739 1059 5784 ut
1082 5738 1319 5802 posseta
1341 5730 1567 5799 reliquis
1594 5745 1719 5802 gen-

153 5799 281 5861 tibus
298 5806 638 5860 observari.»
677 5802 839 5857 vertit
874 5799 1137 5863 Donatus,
1173 5800 1348 5866 male;
1384 5815 1541 5855 mens
1567 5800 1712 5853 enim

1827 4752 2154 4815 habitantes,
2199 4752 2244 4806 si
2289 4749 2428 4804 ritus
2467 4747 2733 4805 Masaicos
2781 4764 3001 4805 servare
3030 4749 3301 4813 volebant,
3343 4756 3403 4803 ut

1826 4843 1987 4898 talem
2003 4842 2433 4897 exsecrationem
2451 4842 2704 4904 vitarent,
2724 4840 3160 4912 promissamque
3172 4840 3401 4895 Abrahae

1827 4935 2261 4991 benedictionem
2322 4935 2743 5007 contingerent,
2802 4934 2915 4988 haec
2970 4935 3151 4988 omnia
3218 4935 3398 4988 facere

1826 5029 2111 5098 oportebat
2144 5028 2166 5081 ?
2196 5043 2261 5081 ac
2299 5036 2382 5082 ter
2411 5027 2641 5096 singulis
2697 5028 2854 5081 annis
2885 5024 3256 5096 Hierosolyma
3304 5040 3398 5094 pe-

1828 5130 1943 5175 tcre
1971 5120 1994 5173 ?
2027 5137 2091 5175 ex
2117 5122 2261 5175 omni
2298 5127 2556 5190 praeterea
2591 5118 2831 5180 natione,
2873 5135 2993 5189 qum
3022 5119 3158 5172 tales
3191 5117 3292 5171 sibi
3322 5118 3398 5170 ri-

1829 5220 1919 5266 tus
1946 5212 2245 5267 servandos
2278 5211 2688 5281 proposuisset,
2729 5210 2958 5264 feminas
3019 5219 3172 5278 partu
3238 5209 3398 5262 modo

1830 5318 1894 5357 ac
1948 5303 2227 5358 doloribus
2262 5304 2471 5357 levatas
2524 5310 2633 5355 tam
2668 5303 2887 5371 longum
2918 5304 3019 5354 iter
3047 5297 3254 5368 ingredi
3287 5339 3301 5361 ,
3337 5307 3398 5353 ut

1830 5392 1976 5463 quod
2027 5392 2347 5463 imperasset
2398 5390 2574 5445 Moses
2614 5388 2941 5444 sacrificium
2968 5427 2983 5453 ,
3019 5400 3118 5456 pro
3166 5385 3397 5458 singulis

1929 5541 1971 5572 ³⁷
2013 5539 2171 5596 Deut.
2209 5554 2373 5599 xxvu,
2400 5537 2491 5592 26.

1821 5657 2024 5713 Jndzeis
2049 5655 2353 5727 apudalias
2381 5662 2553 5727 gentes
2582 5650 2908 5727 degentibus
2935 5649 3178 5721 potuisse
3193 5648 3399 5727 obser-

1822 5730 1962 5783 vari.
1995 5719 2301 5796 Legendum
2332 5719 2494 5796 igitur
2514 5725 2570 5777 ὲν
2590 5719 2702 5787 τοῖς
2733 5719 2956 5796 λοιποῖς,
2977 5731 3027 5775 et
3043 5732 3177 5796 post
3191 5719 3398 5775 ἔθνεσιν

1823 5790 2127 5852 addendum
2144 5797 2283 5851 forte
2297 5790 2589 5858 Ἰουδαίοις,
2606 5794 3035 5861 νθνιθηιίιιιιιῳιε
3050 5790 3062 5845 ἐ
3080 5790 3265 5845 nedum
3282 5800 3322 5844 ι.
3337 5806 3395 5844 ιι.

154 5874 359 5934 Eusebii
385 5884 474 5933 est
503 5874 678 5930 multo
729 5872 913 5928 minus
954 5871 1056 5927 hoc
1084 5861 1303 5927 vivendi
1335 5861 1653 5928 institutum
1684 5884 1714 5922 a
1819 5884 1869 5937 ρ.
1901 5886 1932 5922 α
1954 5867 2157 5923 luditis
2191 5866 2330 5936 apud
2376 5867 2514 5921 alias
2551 5875 2725 5936 gentes
2775 5862 3074 5935 degemibus
3107 5861 3391 5916 observari.
