4018 6580
669 415 736 472 59
1297 418 1563 474 EUSEBII
1596 415 2078 474 CASSARIENSIS
2114 417 2268 476 OPP.
2308 417 2488 474 PARS
2525 417 2590 474 Il.
2629 449 2700 460 —
2734 420 3234 482 APOLOGETICA.
3815 438 3884 490 ‘0

665 535 967 607 puerperiis
996 533 1254 591 oﬂ‘errent
1282 536 1307 590 ?
1335 536 1460 590 item
1485 535 1578 606 qui
1605 542 1700 590 aut
1731 542 2004 590 mortuum
2021 549 2189 606 corpu

2290 583 2296 598 _
2323 535 2546 598 εἰκότως
2567 537 2596 588 6
2629 536 2814 608 Σωτὴρ
2840 537 2932 591 καὶ
2959 538 3161 612 Κύριος
3184 543 3216 611 ή
3226 540 3340 612 μῶν
3371 544 3572 616 Ἰησοῦς
3595 547 3623 600 6
3645 546 3767 612 Υἰὺς
3789 551 3883 603 τοῦ

664 629 992 698 attigissent,
1025 635 1118 682 aut
1148 629 1483 698 pejerassent
1513 667 1528 692 ,
1564 635 1658 683 aut
1689 627 1846 681 inviti
1890 626 2091 697 aliquid
2141 626 2221 683 fe-

663 721 888 784 cissent,
923 735 1017 776 eos
1050 721 1120 775 ab
1161 719 1420 776 extremis
1468 726 1627 776 terra!
1668 719 1866 776 ﬁnibus
1925 720 2126 783 venire,
2153 734 2220 774 ac

663 818 1018 882 properantes
1039 826 1326 867 excurrere
1365 811 1433 866 ad
1455 826 1574 868 eam
1600 827 1720 883 quae
1751 813 1864 882 lege
1887 814 2098 868 sancita
2129 828 2218 869 es-

663 907 766 964 set,
798 901 1190 970 purgationem,
1219 908 1277 953 ut
1313 901 1706 956 exsecrationis
1747 916 1963 972 pcenam
2014 902 2215 975 effuge-

661 993 824 1047 rent?
853 990 958 1046 Sed
989 991 1147 1060 plane
1187 992 1449 1062 perspicis
1494 1001 1552 1046 ut
1582 993 1664 1048 vel
1698 993 1812 1063 ipsa
1843 992 2214 1066 Hierosolyma

658 1081 1017 1137 incolentibus
1045 1123 1059 1147 ,
1107 1088 1267 1151 atque
1297 1081 1353 1136 in
1389 1096 1497 1136 una
1545 1079 1729 1136 Iudaea
1773 1083 2118 1140 versantibus
2149 1099 2213 1139 ac

654 1171 974 1243 degentibus
1013 1172 1306 1229 Mosaicum
1344 1173 1475 1228 illud
1503 1173 1718 1229 vivendi
1751 1175 2060 1232 institutum
2091 1191 2210 1232 ser—

652 1271 778 1317 vatu
846 1263 1058 1319 difﬁcile
1127 1272 1312 1329 esset,
1375 1265 1574 1319 nedum
1641 1266 1748 1322 tale
1815 1276 1875 1321 ut
1931 1277 2117 1336 posset
2180 1283 2211 1322 a

652 1353 876 1424 reliquis
914 1354 1164 1424 gentibus
1215 1355 1513 1410 observari.
1564 1353 1795 1411 Proinde
1849 1354 2098 1412 Salvator
2146 1372 2211 1412 ac

650 1444 913 1500 Dominus
954 1455 1139 1501 noster
1173 1444 1333 1501 Jesus
1375 1444 1545 1503 Filius
1597 1446 1688 1502 Dei
1728 1453 1851 1518 post
1898 1447 2131 1503 reditum
2175 1463 2208 1504 a

648 1543 822 1590 morte
853 1536 919 1591 ad
939 1537 1124 1602 vitam,
1156 1538 1212 1608 6
1243 1553 1366 1593 cum
1421 1537 1485 1591 ad
1521 1538 1818 1608 discipulos
1851 1553 1980 1594 suos
2036 1538 2208 1595 dixis-

648 1634 774 1680 set:
815 1643 834 1677 ι
874 1625 948 1680 Ite
995 1640 1060 1681 ac
1091 1627 1280 1682 docete
1311 1641 1500 1682 omnes
1529 1636 1716 1698 gentes
1748 1629 1812 1693 ⁸⁸,
1858 1647 1874 1679 ι
1931 1637 2042 1682 tum
2091 1644 2203 1683 me-

645 1717 755 1769 rito
777 1715 1060 1785 adjunxit:
1119 1735 1138 1768 ι
1165 1717 1422 1774 docentes
1444 1733 1539 1774 eos
1573 1732 1790 1773 servare
1817 1718 2021 1782 omnia,
2055 1732 2202 1788 quaa-

2319 625 2453 679 Θεοῦ
2487 626 2622 697 μετά
2650 629 2750 700 τήν
2783 631 2847 683 ἐκ
2883 632 3089 704 νεκρῶν
3117 633 3410 690 ἀνάστασιν
3435 640 3548 702 τοῖς
3579 639 3740 692 αὑτοῦ
3776 658 3884 712 μα-

2320 717 2508 788 θηταῖς
2559 718 2759 772 εἰπών’
2813 740 2831 770 ι
2878 723 3234 794 Πορευθέντες
3295 726 3666 798 μαθητεύσατε
3709 731 3883 786 πάντα

2317 809 2385 862 τά
2435 808 2582 879 ἔθνη,
2623 830 2642 861 ι
2683 811 2958 880 ἐπιλέγει,
3009 830 3028 864 ι
3059 813 3397 880 διδάσκοντες
3446 819 3642 884 αὐτοὺς
3698 824 3882 894 τηρεῖν

2317 899 2493 954 πάντα
2519 901 2618 953 ὅσα
2651 903 2998 973 ἐνετειλάμην
3029 904 3176 975 ύμῖν.
3220 925 3239 956 ι
3267 907 3342 960 Ού
3375 908 3482 979 γάρ
3508 911 3576 964 τὰ
3605 912 3880 979 Μωῦσέως

2313 992 2516 1063 νόμιμα
2541 993 2825 1072 διδάσκειν
2888 995 3060 1049 πάντα
3117 995 3184 1050 τά
3237 998 3361 1071 ἔθνη
3412 1001 3843 1072 παρεκελεύσατο
3861 1047 3876 1072 ,

2311 1083 2423 1136 ἀλλ’
2446 1071 2557 1138 ὃσᾶ
2577 1083 2738 1148 αὐτὸς
2768 1085 3082 1138 ἐνετείλατο.
3109 1085 3291 1140 Ταῦτα
3337 1089 3379 1142 δ’
3427 1071 3516 1162 ἦν,
3560 1091 3629 1146 τά
3669 1095 3722 1146 ἐι
3766 1071 3877 1161 τοῖς

2309 1174 2656 1243 Εύαγγελίοις
2705 1174 2868 1228 αὐτοῦ
2924 1176 3212 1249 φερόμενα.
3262 1180 3498 1246 Εἰκότως
3539 1178 3634 1238 οὖν
3685 1185 3781 1241 καὶ
3827 1189 3876 1242 οἰ

2308 1265 2471 1318 αὐτοῦ
2527 1265 2762 1337 μαθηταὶ
2810 1267 2903 1320 καὶ
2946 1267 2995 1319 οἰ
3043 1267 3326 1323 ἀπόστολοι
3374 1273 3432 1324 ὲν
3474 1274 3539 1343 τῇ
3589 1275 3716 1346 περὶ
3769 1277 3875 1330 τῶν

2308 1353 2475 1407 ἐθνῶν
2509 1354 2696 1424 σκέψει
2735 1354 3050 1426 ὁμολογοῦσι
3097 1357 3171 1427 μὴ
3203 1357 3459 1412 δύνασθαι
3491 1360 3559 1412 τά
3591 1361 3876 1429 Mamaea»;

2306 1445 2508 1516 νόμιμα
2558 1448 2668 1509 τοῖς
2720 1445 2927 1500 ἔθνεσιν
2975 1447 3329 1519 ἐφαρμόζεινο
3383 1451 3470 1503 ὅτε
3516 1452 3652 1523 μήτε
3693 1453 3875 1516 αὐτοῖς

2309 1535 2445 1604 μήτε
2469 1536 2579 1597 τοῖς
2606 1536 2870 1606 πατράσιν
2899 1536 3072 1590 αὐτῶν
3113 1537 3493 1608 εύκατόρθωτα
3522 1537 3734 1608 γέγονε.
3771 1542 3872 1595 Λέ-

2306 1642 2390 1694 γει
2416 1627 2461 1679 δ⁹
2493 1622 2583 1680 οὖν
2619 1628 2676 1678 ἐν
2723 1629 2841 1690 ταῖς
2873 1627 3138 1698 Πράξεσιν
3160 1630 3188 1682 6
3220 1629 3446 1700 Πέτρος·
3480 1649 3497 1680 ι
3533 1627 3645 1684 Νῦν
3688 1627 3782 1685 οὖν
3823 1633 3874 1684 τί

2303 1716 2586 1787 πειράζετε
2608 1716 2696 1769 τὸν
2722 1713 2876 1782 Θεὸν,
2907 1717 3170 1772 ἐπιθεῖναι
3194 1719 3354 1786 ζυγὸν
3375 1715 3466 1772 ἐπὶ
3493 1719 3582 1773 τὸν
3605 1720 3873 1792 τράχηλον

645 1820 858 1876 cunque
885 1807 1112 1877 praecepi
1136 1809 1289 1863 vobis
1317 1808 1386 1862 ³³.
1421 1827 1442 1861 ι
1487 1806 1605 1863 Non
1633 1809 1776 1863 enim
1806 1823 1926 1878 qua:
1954 1807 2009 1862 in
2037 1806 2189 1863 Mosi:

2300 1808 2407 1862 τῶν
2439 1807 2716 1880 μαθητῶν,
2745 1807 2803 1862 ὃν
2832 1807 2956 1862 οὔτε
2996 1810 3044 1862 οἱ
3087 1809 3318 1880 πατέρες
3354 1810 3510 1880 ήμῶν
3547 1810 3670 1864 οὔτε
3707 1813 3872 1881 ἡμεῖς

643 1895 854 1965 legibus
883 1904 1028 1965 sunt,
1057 1899 1252 1954 docere
1301 1909 1492 1956 omnes
1513 1906 1700 1970 gentes
1731 1899 2032 1969 imperabat
2057 1918 2072 1954 :
2104 1897 2189 1956 sed

2303 1902 2598 1973 ἰσχύσαμεν
2644 1901 2942 1972 pandam;
3007 1920 3026 1954 ι
3078 1902 3316 1965 Εἰκότως
3369 1902 3426 1955 δέ
3482 1903 3576 1956 καὶ
3631 1900 3797 1965 αὐτὸς
3842 1902 3872 1956 6

643 2005 979 2060 quaecunque
1008 2006 1122 2062 Ipse
1152 2005 1496 2062 praeceperat.
1533 1993 1658 2048 Haec
1695 2010 1859 2065 porro
1898 2002 2046 2059 sunt,
2081 2008 2202 2062 qua:

641 2083 696 2138 in
721 2085 866 2138 illius
893 2083 1200 2154 Evangeliis
1221 2087 1583 2142 continentur.
1613 2085 1804 2143 Merito
1821 2087 1984 2158 igitur
2011 2095 2064 2142 et
2088 2087 2199 2142 dis-

639 2177 805 2246 cipuli
857 2178 1120 2247 ejusdem,
1155 2187 1209 2234 et
1235 2182 1487 2250 apostoli,
1547 2194 1670 2236 cum
1722 2181 1923 2238 habere
1956 2182 2197 2252 gentium

637 2269 903 2323 rationem
944 2270 1162 2334 vellent,
1198 2271 1253 2325 in
1284 2272 1387 2328 hoc
1417 2273 1560 2328 inter
1588 2289 1647 2329 se
1677 2281 2048 2328 convenerunt
2079 2293 2092 2328 :
2137 2281 2199 2327 ut

635 2375 756 2430 quae
787 2360 843 2415 in
876 2361 1040 2418 Mosis
1070 2363 1278 2432 legibus
1308 2365 1675 2428 continentur,
1697 2379 2036 2434 nequaquam
2067 2380 2195 2436 gen-

635 2452 782 2507 tibus
817 2463 1038 2523 possent
1074 2456 1496 2521 accommodari,
1544 2457 1742 2527 quippe
1768 2471 1888 2527 qua
1922 2472 2098 2527 neque
2126 2457 2196 2512 ab

632 2541 792 2612 ipsis,
822 2560 993 2614 neque
1013 2559 1042 2598 a
1064 2547 1308 2615 patribus
1340 2547 1580 2618 ipsorum
1617 2549 1819 2603 servari
1850 2549 2032 2618 potius
2069 2563 2196 2605 con.

631 2640 822 2690 staret.
859 2634 998 2704 Ergo
1029 2637 1082 2690 in
1111 2638 1261 2692 Actis
1292 2636 1485 2693 Petrus
1519 2639 1796 2708 loquitur:
1835 2657 1852 2690 ι
1886 2629 2041 2694 Nunc
2063 2653 2192 2705 ergo

630 2727 759 2798 quid
794 2729 1012 2783 lentatis
1041 2727 1232 2793 Deum,
1291 2730 1572 2798 imponere
1609 2733 1798 2800 jugum
1833 2747 1996 2800 super
2018 2731 2192 2786 cervi-

629 2833 722 2872 ces
743 2818 1155 2888 discipulorum,
1193 2820 1338 2888 quod
1381 2836 1558 2890 neque
1586 2831 1765 2890 patres
1790 2819 1987 2882 nostri,
2014 2833 2193 2888 neque

629 2923 731 2964 nos
759 2917 975 2976 portare
1026 2909 1301 2978 potuimus
1332 2910 1376 2941 ⁸⁰
1407 2909 1430 2964 ?
1465 2929 1485 2962 ι
1531 2910 1625 2965 sed
1653 2909 1816 2965 etiam
1867 2909 1982 2979 ipse
2012 2908 2190 2964 Moses

626 3008 847 3070 propter
890 3000 1002 3056 inec
1033 3001 1150 3070 ipsa
1183 3016 1303 3070 qua:
1347 3000 1609 3066 diximus,
1638 3002 1832 3055 merito
1859 3009 1911 3056 et
1957 3001 2188 3056 alterum

627 3103 822 3158 praeter
851 3104 909 3144 se
941 3097 1313 3144 surrecturum
1341 3089 1416 3142 ait
1449 3087 1772 3158 PrOphetam
1804 3127 1818 3150 ,
1854 3095 1907 3141 et
1933 3087 2076 3140 hunc
2108 3085 2188 3154 ip-

625 3195 744 3233 sum
796 3179 974 3248 legum
1035 3185 1309 3232 auctorem
1373 3177 1615 3232 futurum
1665 3176 1878 3230 cunctis
1936 3173 2187 3245 gentibus

2297 1994 2536 2065 Μωύσῆς
2581 1993 2782 2049 τούτων
2827 1993 3002 2048 αὐτῶν
3051 1994 3255 2060 ἕνεκεν,
3298 1993 3480 2066 ἕτερον
3519 1996 3646 2066 παρ’
3678 1993 3871 2048 ἐαυτὸν

2297 2084 2691 2155 ἀναστήσεσθαι
2723 2084 2824 2156 ἔφη
2860 2084 3164 2156 προφήτην,
3206 2085 3300 2137 καὶ
3342 2082 3530 2137 τοῦτον
3565 2083 3869 2156 νομοθέτην

2296 2171 2511 2226 ἔσεσθαι
2539 2171 2647 2226 τῶν
2680 2171 2847 2224 ἐθνῶν
2879 2170 3580 2240 ἀπάντωνέύαγγελίζεται,
3608 2171 3698 2225 τὸν
3730 2173 3869 2244 Χρι-

2297 2261 2418 2315 στὸν
2447 2262 2830 2332 αἰνιττόμενος,
2873 2261 3020 2333 αὑτῷ
3059 2279 3118 2314 τε
3168 2261 3444 2315 πείθεσθαι
3492 2264 3602 2326 τοῖς
3645 2262 3868 2328 οἰκείοις

2295 2357 2567 2426 παραινεῖ,
2599 2350 2705 2409 ὧδέ
2741 2373 2818 2425 πη
2852 2353 2944 2407 καὶ
2990 2353 3147 2408 τοῦτο
3177 2353 3444 2420 θεσπίζων
3466 2372 3479 2386 ·
3517 2373 3535 2406 ι
3571 2356 3866 2427 Προφήτην

2295 2445 2422 2515 ὑμῖν
2450 2445 2741 2516 ἀναστήσει
2771 2444 2971 2517 Κύριος
2997 2447 3025 2499 6
3049 2445 3179 2509 Θεὸς
3210 2447 3272 2499 ἐκ
3302 2445 3408 2499 τῶν
3437 2445 3678 2515 ἀδελφῶν
3707 2447 3864 2516 ὑμῶν

2292 2533 2368 2596 ὡς
2398 2533 2523 2604 ἐμέ·
2551 2533 2712 2587 αὑτοῦ
2741 2533 3034 2589 ἀκούσεσθε
3059 2534 3198 2587 κατὰ
3226 2534 3401 2588 πάντα
3423 2535 3520 2588 ὅσα
3553 2535 3619 2588 ἂν
3651 2534 3862 2608 λαλήσῃ

2293 2625 2440 2695 ύμῖν.
2481 2626 2671 2678 Ἔσται
2701 2625 2776 2690 δέ,
2815 2628 2963 2679 πᾶσα
2992 2625 3157 2696 ψυχὴ,
3183 2625 3302 2694 ἥτις
3333 2625 3397 2678 ἂν
3430 2626 3503 2697 μὴ
3531 2625 3738 2698 ἀκούσῃ
3764 2627 3862 2680 τοῦ

2292 2713 2566 2784 προφήτου
2620 2714 2845 2777 ἐκείνου,
2890 2713 3389 2786 ἐξολοθρευθήσεται
3433 2715 3497 2766 ἐκ
3536 2713 3630 2766 τοῦ
3669 2715 3862 2782 γένους

2290 2801 2479 2871 αὐτῆς.
2525 2821 2544 2853 ι
2585 2803 2694 2855 Καὶ
2723 2803 2907 2857 τοῦτον
2941 2804 3000 2856 δὲ
3039 2804 3128 2858 τὸν
3162 2805 3463 2876 προφήτην,
3497 2803 3735 2875 δηλονότι
3765 2807 3862 2860 τὸν

2288 2890 2541 2961 Χριστὸν,
2569 2891 2627 2958 ἐξ
2667 2892 2932 2945 Ἰουδαίων
2961 2894 3306 2967 προελθόντα,
3329 2896 3542 2948 πάντων
3561 2895 3668 2948 τῶν
3685 2895 3862 2950 ἐθνῶν

2287 2985 2718 3055 κατακρατήσειν
2752 2986 2910 3039 πάλιν
2943 2988 3230 3055 ἀναφωνεῖ,
3280 2985 3450 3055 λέγων
3470 3005 3482 3017 ·
3519 3007 3537 3038 ι
3582 2986 3669 3050 Ὠς
3699 2988 3860 3042 καλοὶ

2286 3074 2333 3127 οἰ
2373 3069 2509 3126 οἰκοί
2542 3091 2655 3138 σου,
2701 3076 2913 3140 Ἰακὼϐ,
2952 3079 3006 3130 αἰ
3032 3078 3249 3144 ,σκηναί
3299 3094 3413 3142 σου,
3449 3077 3680 3150 Ἰσραήλ,
3719 3079 3859 3134 ὡσεὶ

2286 3163 2452 3219 νάπαι
2482 3167 2814 3232 σκιάζουσαι,
2843 3169 2935 3222 καὶ
2960 3169 3089 3223 ὡσεὶ
3114 3168 3438 3240 παράδεισος
3465 3170 3556 3223 ἐπὶ
3585 3170 3854 3241 ποταμὸν,

624 3240 876 3331 nuntiat:
885 3267 1161 3324 Christum
1191 3283 1256 3322 eo
1283 3268 1442 3322 modo
1479 3265 1816 3336 signiﬁcans,
1851 3274 1904 3320 et
1923 3240 2095 3319 eidem
2123 3271 2182 3317 ut

2290 3256 2359 3320 ῶς
2385 3257 2580 3327 σκηναὶ
2610 3257 2674 3322 δις
2701 3258 2894 3331 ἔπηξεν
2917 3260 3134 3332 Κύριος.
3173 3259 3538 3327 Ἑξελεύσεται
3567 3240 3856 3332 ἄνθρωπος

621 3364 870 3428 pareant,
923 3358 1038 3412 suis
1097 3357 1354 3412 omnibus
1407 3357 1682 3426 imperat:
1744 3371 1906 3426 quam
1945 3369 2056 3408 rem
2096 3354 2180 3409 his

620 3448 790 3504 ferme
819 3450 997 3504 verbis
1023 3449 1230 3504 divinat
1260 3468 1273 3504 :
1310 3468 1328 3499 ι
1349 3448 1678 3519 PrOphetam
1711 3446 1867 3501 vobis
1889 3445 2179 3502 suscitabit

619 3539 880 3597 Dominus
912 3541 1050 3598 Deus
1078 3557 1142 3597 ex
1175 3540 1438 3596 fratribus
1463 3540 1661 3594 vestris
1699 3547 1953 3608 tanquam
1978 3552 2083 3600 me,
2110 3536 2179 3590 il-

619 3630 730 3685 lum
758 3631 991 3686 audietis
1017 3631 1068 3685 in
1105 3631 1359 3686 omnibus
1385 3646 1505 3700 qua:
1537 3630 1791 3698 loquetur
1821 3628 1995 3684 vobis.
2023 3627 2179 3694 Qua:-

618 3735 835 3790 cunque
861 3734 990 3775 vero
1023 3720 1203 3772 anima
1240 3735 1347 3772 non
1385 3719 1615 3773 audierit
1652 3717 1976 3788 Pr0phetam
2003 3719 2174 3781 illum,

617 3812 886 3868 delcbitur
918 3811 986 3866 de
1017 3827 1211 3881 genere
1240 3827 1339 3865 suo
1363 3811 1404 3842 “
1439 3830 1483 3864 ι.
1521 3809 1690 3864 Porro
1727 3818 1906 3864 autem
1945 3810 2176 3880 prophe-

617 3913 726 3959 tam
759 3904 904 3957 hunc
947 3902 1224 3958 Christum
1274 3902 1448 3972 ipsum
1479 3902 1728 3957 videlicet
1758 3917 1788 3955 a
1820 3900 2023 3956 Iudaeis
2065 3902 2176 3956 ori-

617 3994 861 4057 undum,
921 3994 1047 4047 alibi
1101 3994 1225 4047 item
1283 3992 1539 4046 omnibus
1597 3991 1848 4062 gentibus
1880 3992 2175 4062 imperatu-

615 4099 758 4145 rum,
791 4084 1036 4138 enuntiat
1058 4081 1142 4136 his
1169 4080 1572 4146 verliianuam
1591 4081 1829 4149 pulchra:
1857 4080 2047 4135 domus
2069 4091 2174 4135 tute

615 4174 800 4237 Iacob,
846 4175 1080 4229 tentoria
1113 4182 1226 4239 tua,
1259 4172 1457 4239 Israel;
1485 4179 1545 4226 ut
1574 4174 1745 4228 saltus
1799 4174 2062 4235 umbrosi,
2114 4182 2172 4227 ut

615 4268 804 4321 hortus
831 4266 987 4335 juxta
1039 4267 1261 4319 fluvium
1288 4304 1303 4328 ,
1341 4271 1402 4318 tit
1453 4264 1804 4320 tabernacula
1830 4306 1844 4326 ,
1878 4281 1998 4336 qure
2058 4265 2171 4320 fixit

615 4358 895 4414 Dominus.
955 4356 1199 4412 Prodibit
1252 4357 1415 4411 homo
1455 4373 1522 4412 ex
1552 4357 1759 4413 semine
1811 4356 1949 4426 ejus,
1980 4365 2032 4411 et
2068 4358 2170 4410 do-

611 4447 904 4500 minabitur
968 4446 1217 4517 gentibus
1275 4444 1573 4510 multis,et
1602 4445 1891 4500 extolletur
1941 4460 2167 4515 regnum

609 4540 728 4608 ejus
755 4541 852 4593 δ’.)
888 4539 1029 4606 Quin
1058 4540 1246 4600 etiam,
1287 4554 1411 4593 cum
1440 4537 1724 4592 duodecim
1775 4537 1997 4592 omnino
2024 4537 2165 4606 apud

611 4631 863 4685 Hebraeos
894 4637 1079 4684 essent
1107 4630 1302 4692 tribus,
1333 4645 1400 4684 ex
1431 4644 1534 4699 qua
1570 4628 1784 4681 illarum
1805 4629 2045 4682 oriturus
2077 4627 2166 4682 hic

611 4720 749 4790 apud
779 4727 964 4788 gentes
1004 4720 1180 4788 legum
1206 4729 1394 4774 auctor
1413 4758 1427 4781 ,
1455 4717 1548 4786 qui
1579 4717 1794 4770 canitur
1816 4731 1845 4768 a
1877 4716 2160 4786 propheta,

605 4820 660 4867 et
689 4811 886 4881 quibus
915 4811 1246 4879 temporibus
1277 4810 1492 4865 futurus
1521 4817 1700 4872 esset,
1745 4808 1890 4878 quod
1920 4808 1989 4864 de
2016 4810 2162 4864 tribu

603 4901 740 4956 Juda
775 4904 1043 4966 videlicet,
1075 4903 1326 4972 quodque
1359 4909 1508 4965 tunc,
1534 4917 1656 4956 cum
1693 4900 1987 4955 defecerint
2013 4902 2105 4971 qui
2133 4917 2163 4956 a

605 4989 905 5057 majoribus
936 4990 1036 5044 sibi
1069 4988 1325 5042 traditum
1373 4988 1611 5044 Judaicae
1651 4990 1828 5059 gentis
1874 4991 2161 5060 imperium

2281 3350 2346 3401 ἐκ
2377 3350 2468 3402 τοῦ
2505 3349 2811 3421 σπέρματος
2837 3351 3019 3417 αὐτοῦ,
3060 3353 3154 3406 καὶ
3198 3352 3474 3424 κυριεύσει
3519 3350 3688 3405 ἐθνῶν
3714 3355 3846 3408 πολ·

2279 3441 2404 3505 λῶν,
2431 3442 2524 3494 καὶ
2549 3441 2890 3513 ὑψωθήσεται
2935 3445 2967 3514 ἡ
3000 3441 3243 3511 βασιλεία
3279 3443 3462 3499 αὐτοῦ.
3504 3463 3523 3497 ι
3569 3443 3724 3497 Ἀλλά
3752 3446 3858 3499 καὶ

2280 3533 2337 3601 ἐξ
2361 3535 2547 3598 ὁποίας
2570 3534 2756 3606 φυλῆς,
2779 3533 2983 3588 δώδεκα
3007 3533 3114 3587 τῶν
3141 3533 3274 3588 ὅλων
3299 3535 3426 3606 παρ’
3460 3535 3729 3606 Ἑϐραίοις
3755 3523 3857 3589 οὐ-

2279 3627 2405 3692 σῶν,
2427 3629 2508 3680 ὄτι
2535 3627 2597 3699 δὴ
2622 3625 2729 3680 ἀπὸ
2749 3626 2848 3697 τῆς
2887 3625 3054 3679 Ἰούδα
3084 3628 3112 3679 6
3137 3625 3520 3698 θεσπιζόμενος
3548 3627 3654 3681 τῶν
3674 3627 3854 3681 ἐθνῶν

2277 3716 2572 3787 νομοθέτης
2616 3717 2848 3789 Χριστὸς
2885 3716 3299 3788 προελεύσεται·
3337 3718 3430 3771 καὶ
3475 3716 3614 3770 κατά
3657 3716 3852 3781 ποίους

2275 3809 2515 3879 χρόνους,
2541 3809 2622 3861 ὅτι
2655 3807 2788 3878 μετὰ
2820 3806 2917 3878 τὴν
2945 3807 3182 3878 ἔκλειψιν
3209 3807 3314 3861 τῶν
3340 3811 3404 3860 ἐκ
3430 3805 3703 3879 προγόνων
3728 3807 3853 3861 δια-

2273 3901 2431 3971 δοχῆς
2455 3901 2546 3954 τοῦ
2592 3901 2856 3955 Ἰουδαίων
2901 3901 3083 3965 ἔθνους
3116 3900 3409 3974 ἀρξάντων,
3444 3903 3593 3973 δηλοί
3627 3902 3804 3970 λέγων
3831 3921 3845 3934 ·

2281 4009 2299 4043 ι
2341 3992 2452 4045 Οὐκ
2482 3991 2716 4061 ἐκλείψει
2755 3992 2934 4064 ἄρχων
2981 3991 3041 4055 ἐξ
3073 3992 3258 4056 Ἰούδα,
3293 3991 3387 4044 καὶ
3435 3991 3729 4062 ἡγούμενος
3777 3996 3849 4049 ἐκ

2273 4080 2380 4135 τῶν
2417 4081 2602 4152 μηρῶν
2629 4081 2813 4145 αὐτοῦ,
2847 4082 2949 4144 ἕως
2980 4080 3045 4134 ἂν
3074 4081 3200 4155 ἔλθῃ
3223 4082 3290 4136 τά
3313 4081 3644 4152 ἀποκείμενα
3669 4084 3845 4154 αὐτῷ,

2273 4172 2364 4224 καὶ
2396 4172 2554 4234 αὐτὸς
2580 4171 2868 4243 προσδοκία
2900 4171 3084 4224 ἐθνῶν.
3121 4191 3139 4222 ι
3169 4173 3305 4226 Ποία
3338 4173 3394 4226 δὲ
3427 4171 3716 4244 προσδοκία
3747 4169 3844 4244 ἧν,

2271 4263 2383 4318 ἀλλ’
2415 4265 2448 4335 ἥ
2481 4267 2514 4334 ή
2546 4263 2623 4334 τῷ
2662 4263 2904 4334 Ἀϐραὰμ
2929 4264 3304 4336 ἐπηγγελμένη
3334 4265 3459 4337 περὶ
3487 4264 3581 4318 τοῦ
3607 4265 3716 4317 δεῖν
3745 4266 3844 4317 εὐ-

2269 4353 2658 4426 λογηθήσεσθαι
2692 4353 2749 4406 ἐν
2779 4353 2924 4425 αύτῷ
2953 4355 3130 4408 πάντα
3165 4355 3236 4409 τά
3284 4356 3410 4428 ἐθνη
3446 4357 3547 4426 τῆς
3571 4357 3703 4427 γῆς
3733 4357 3846 4410 Πέ-

2269 4463 2403 4517 φηνε
2430 4443 2714 4516 τοιγαροῦν
2735 4445 2825 4498 καὶ
2843 4445 3003 4509 αὐτὸς
3029 4446 3058 4498 6
3088 4447 3325 4516 Μωῦσῆς
3348 4447 3588 4518 ἀκριϐῶς
3611 4448 3842 4502 ἐπιστά-

2271 4553 2428 4609 μενος
2445 4537 2540 4608 τὴν
2565 4537 2662 4607 μὲν
2691 4536 2826 4608 πρὸς
2853 4537 3015 4590 αὑτοῦ
3043 4537 3382 4606 διαταγεῖσαν
3401 4535 3721 4608 νομοθεσίαν
3743 4539 3838 4603 ἐξ-

2272 4627 2534 4691 ασθενεῖν,
2569 4630 2649 4691 εἰς
2689 4628 2750 4681 τὸ
2783 4630 2946 4683 πᾶσιν
2981 4628 3284 4700 ἐφαρμόσαι
3328 4631 3436 4691 τοῖς
3469 4628 3705 4682 ἔθνεσιν·
3753 4632 3841 4694 εἰς

2270 4719 2610 4791 ἐκπλήρωσιν
2636 4720 2693 4774 δὲ
2713 4719 2819 4773 τῶν
2845 4719 2974 4792 πρὸς
3001 4719 3090 4772 τὸν
3129 4718 3376 4790 Ἀϐραὰμ
3407 4720 3685 4791 χρησμῶν,
3718 4721 3840 4775 ἐτέ-

2272 4829 2362 4881 ρου
2395 4811 2596 4865 δεῖσθαι
2626 4813 2918 4883 προφήτου.
2945 4805 3110 4873 Οὗτος
3137 4809 3192 4863 δὲ
3218 4811 3323 4881 ἄρα
3354 4806 3442 4882 ἦν,
3474 4812 3532 4864 ὃν
3563 4813 3620 4878 ἐξ
3667 4813 3839 4868 Ἰούδα

2262 4903 2431 4974 φυλῆς
2461 4903 2902 4973 προελεύσεσθαι,
2937 4902 3031 4955 καὶ
3063 4901 3269 4955 πολλῶν
3311 4902 3480 4956 ἐθνῶν
3524 4903 3838 4975 κυριεύσειν

2261 4993 2782 5064 προμαρτυρόμενος
2813 4992 3210 5062 εὐηγγελίζετο.

602 5095 788 5142 tenere
834 5086 1264 5148 consuevissent,
1299 5085 1614 5155 planissime
1657 5085 1860 5140 indicat
1891 5086 1976 5140 his
2020 5087 2233 5145 verbis:
2269 5106 2289 5139 ι
2318 5105 2426 5142 non
2451 5088 2684 5152 deficiet,
2719 5089 2914 5158 inquit,
2947 5089 3198 5159 princeps
3232 5089 3298 5145 de
3326 5089 3484 5154 Juda,
3510 5106 3685 5161 neque
3715 5092 3826 5149 dux

601 5184 668 5238 de
699 5183 994 5238 femoribus
1021 5181 1160 5250 ejus,
1192 5180 1364 5235 donec
1393 5182 1610 5235 veniant
1631 5196 1752 5251 qua:
1776 5183 2014 5251 reposita
2072 5191 2200 5238 sunt
2239 5184 2364 5253 ipsi,
2394 5192 2449 5238 et
2477 5186 2593 5254 ipse
2616 5184 2950 5253 exspectatio
2984 5187 3224 5254 gentium
3258 5184 3340 5237 ⁸³ε
3386 5203 3406 5236 ι
3446 5185 3540 5240 sed
3582 5201 3829 5256 quaenam

599 5273 714 5327 haec
739 5273 1071 5344 exspectatio
1097 5279 1215 5327 erat
1256 5282 1450 5343 prater
1479 5288 1596 5327 eam
1629 5288 1750 5342 quae
1779 5273 2012 5328 Abrahae
2066 5274 2338 5344 quondam
2392 5276 2661 5346 promissa
2714 5275 2932 5330 fuerat?
2953 5277 3094 5347 quod
3133 5275 3383 5332 videlicet
3414 5278 3468 5332 in
3494 5278 3614 5349 ipso
3640 5293 3842 5334 omnes

597 5373 786 5432 gentes
817 5374 976 5420 terra:
1004 5375 1188 5422 essent
1219 5367 1618 5422 benedicendae.
1656 5365 1842 5438 Itaque
1879 5379 2040 5424 etiam
2069 5371 2184 5439 ipse
2233 5368 2408 5425 Moses
2466 5373 2617 5425 visus
2664 5378 2748 5425 est
2811 5371 3010 5440 optime
3071 5371 3369 5429 intell'aere
3408 5372 3650 5428 futurum
3703 5388 3831 5430 esse

597 5458 891 5524 aliquando
923 5497 939 5523 ,
983 5471 1043 5514 ut
1070 5463 1214 5531 leges
1248 5461 1298 5531 7
1330 5477 1466 5531 quas
1502 5462 1616 5531 ipse
1644 5469 1879 5524 tunsset,
1932 5467 2186 5520 omnibus
2219 5465 2472 5535 gentibus
2518 5465 2919 5520 accommodari
2948 5480 3056 5520 non
3077 5477 3316 5536 possent.
3337 5467 3414 5522 Ad
3437 5483 3498 5520 ea
3529 5474 3658 5522 vero
3704 5483 3832 5522 orso

598 5556 721 5606 cula
760 5554 1161 5622 comprobanda
1184 5557 1601 5612 etconticienda
1659 5573 1780 5626 qua:
1830 5558 2060 5612 Abrahae.
2119 5559 2330 5620 reddita
2360 5568 2508 5622 sunt,
2544 5560 2714 5614 altero
2764 5575 2901 5632 opus
2952 5577 3074 5618 esse
3126 5563 3411 5628 prepheta,
3455 5561 3549 5617 sed
3581 5561 3673 5618 hic
3711 5571 3830 5618 erat

603 5659 760 5713 quem
787 5644 855 5702 de
885 5647 1027 5701 tribu
1052 5648 1190 5704 Juda
1224 5652 1585 5720 proditurum,
1633 5654 1929 5726 multisque
1964 5656 2217 5726 gentibus
2245 5655 2644 5712 dominaturum
2697 5657 2964 5728 superiori
3025 5658 3335 5714 testimonio
3387 5657 3823 5714 conlirmaverat.

671 5757 717 5789 ’δ
747 5757 938 5815 Matth.
987 5774 1193 5828 xxvm,
1238 5762 1323 5818 l9.
1402 5765 1448 5797 ³⁸
1503 5765 1638 5822 Ibid.
1678 5767 1768 5821 20.
1846 5765 1892 5799 ⁸⁸
1928 5767 2049 5822 Αεῑ-
2096 5783 2186 5836 Χνν

609 5825 656 5858 ⁸³
689 5826 823 5885 Gen.
855 5845 1001 5895 χιιι,
1045 5831 1128 5887 10.

2290 5777 2329 5835 ›,
2408 5768 2451 5801 υ
2495 5767 2649 5825 Deut.
2690 5787 2851 5839 xviii,
2895 5772 2996 5842 15,
3039 5773 3123 5829 l9.
3202 5773 3244 5805 δ’
3283 5772 3442 5828 Num.
3482 5789 3626 5845 xxxv,
3673 5775 3727 5841 5,
3771 5773 3816 5830 7.
