4018 6502
209 392 275 449 Δί
1107 394 1757 454 DEMONSTRATIONIS
1796 396 2263 454 EVANGELICA'J
2303 399 2430 454 LIB.
2477 403 2522 460 l.
3397 403 3469 456 Η.

768 511 1162 567 ΚΕΦΑΛΑῘΟΝ
1193 517 1264 568 Δ’.

214 618 278 676 Τί
304 617 564 696 δήποτε,
596 621 672 676 τὰ
710 623 868 691 παρὰ
906 623 1207 696 Ἰουδαίοις
1249 625 1674 696 ἀποδεχόμενοι
1700 627 1803 682 λό-

330 706 454 762 για,
488 691 603 745 τὸν
627 696 767 761 παρ’
798 695 1000 760 αὐτοῖς
1018 695 1164 760 βίον
1193 691 1680 768 παρῃτηᾶάξμεθα.

279 843 383 896 Διὰ
409 844 480 916 δὴ
511 840 610 898 οὖν
653 846 826 900 ταῦτα
857 847 1005 902 ὼσὰν
1035 849 1105 903 τὰ
1147 852 1273 921 περὶ
1299 851 1456 922 ἡμῶν
1494 852 1600 906 τῶν
1633 853 1802 908 ἐθνῶν

210 935 570 1008 θεσπίσματα
616 939 974 1012 περιεχούσας
1024 944 1122 1006 τὰς
1164 945 1293 1014 παρ’
1337 943 1603 1015 Ἑϐραίοις
1653 946 1803 1018 ἱερὰς

213 1033 458 1104 βίϐλους,
500 1034 599 1088 ἆτε
643 1039 738 1090 καὶ
790 1036 944 1109 ἡμῶν
990 1038 1193 1102 οἰκείας
1233 1038 1396 1103 οὔσας
1436 1039 1696 1111 είλάμεθά
1740 1059 1800 1094 τε

212 1127 303 1178 καὶ
325 1126 695 1198 ἐστέρξαμεν,
730 1129 816 1182 ὅτε
880 1130 1112 1200 μάλιστα
1141 1132 1203 1184 οὐ
1245 1130 1402 1202 μόνον
1432 1133 1636 1204 Μωσῆς
1672 1135 1799 1204 περὶ

209 1219 300 1272 τοῦ
332 1222 458 1289 μετ’
490 1221 657 1273 αὑτὸν
678 1221 894 1291 ἥξοντος
919 1220 1202 1292 νομοθέτου
1231 1222 1339 1274 τῶν
1371 1222 1538 1276 ἐθνῶν
1568 1241 1797 1295 προανε-

211 1312 397 1381 ςώνει,
427 1314 570 1368 ἀλλὰ
617 1316 713 1368 καὶ
761 1317 808 1368 0i
858 1318 972 1386 μετ’
996 1317 1157 1370 αὐτὸν
1192 1317 1466 1389 προφῆται
1503 1317 1798 1390 συλλήϐδην

205 1406 380 1460 εἰπεῖν
449 1406 696 1470 ἅπαντες
735 1408 805 1462 τὰ
843 1409 1002 1478 ὃμοια
1045 1410 1466 1481 προεκήρυττον.
1504 1409 1798 1482 Ὠσπεροῦν

197 1496 231 1550 ὁ
271 1496 447 1549 Δαϐὶδ
499 1497 754 1566 φάσκων·
787 1519 804 1550 ι
841 1500 1216 1572 Κατάστησον,
1265 1499 1454 1572 Κύριε,
1504 1502 1797 1574 νομοθέτην

199 1587 288 1641 ἔπ’
319 1589 546 1653 αὐτοὺς,
590 1589 882 1658 γνώτωσαν
925 1592 1073 1663 ἔθνη,
1127 1592 1207 1646 ὃτι
1255 1593 1529 1666 ἄνθρωποί
1580 1597 1734 1649 είσιν.
1771 1616 1789 1648 ι

203 1680 350 1750 Ὅρα
398 1681 477 1745 ὡς
525 1682 776 1754 δευτέρου
833 1685 1104 1756 μέμνηται
1157 1687 1250 1739 καὶ
1302 1677 1456 1750 οὗτος
1505 1689 1793 1758 νομοθέτου

200 1773 392 1827 ἐθνῶν.
421 1775 516 1828 Διὸ
549 1777 644 1829 καὶ
667 1778 726 1854 ὲν
757 1777 926 1848 ἑτέρῳ
962 1777 1162 1849 ψαλμῷ
1190 1782 1301 1844 τοῖς
1333 1780 1508 1834 ἔθνεσι
1547 1799 1796 1854 προσφω-

2501 517 2730 575 CAPUT
2777 519 2867 576 IV.

1909 625 2151 693 Quanam
2183 629 2245 684 de
2274 646 2459 694 causa,
2488 647 2606 685 cum
2637 633 2867 686 omnium
2911 632 3221 688 Juda'orum
3251 634 3471 690 oracula

1977 701 2346 778 acceperimus,
2373 703 2672 758 earumdem
2701 704 2900 758 vivendi
2931 705 3232 759 institutum
3260 721 3472 760 recusa-

1976 785 2164 826 rimus.

1983 861 2081 920 llis
2115 863 2282 934 igitur
2308 865 2374 920 de
2421 865 2606 920 causis
2641 879 2826 921 sacros
2873 864 3223 921 Hebraeorum
3273 866 3468 928 libros.

1903 964 2092 1028 utpote
2117 955 2309 1026 qui'de
2350 956 2506 1011 nobis
2558 957 2812 1027 gentibus
2862 957 3086 1011 oracula
3127 958 3464 1021 contineant,

1901 1051 2061 1122 quasi
2101 1050 2350 1120 proprios
2407 1059 2644 1111 nostros,
2699 1061 2754 1107 et
2809 1053 3120 1122 accepimus
3152 1061 3205 1107 et
3234 1054 3469 1123 amplexi

1903 1157 2093 1197 sumus
2119 1155 2325 1210 :eoque
2355 1141 2529 1209 magis
2563 1143 2707 1210 quod
2762 1158 2869 1196 non
2912 1159 3052 1198 unus
3087 1141 3265 1199 Moses
3294 1143 3361 1199 de
3389 1144 3467 1198 le-

1901 1249 2029 1304 gum
2086 1241 2311 1288 auctore
2344 1232 2487 1301 apud
2518 1241 2705 1302 gentes
2735 1242 2858 1304 post
2892 1235 3130 1304 seipsum
3166 1233 3350 1289 futuro
3383 1242 3469 1290 est

1901 1328 2249 1388 vaticinatus,
2315 1325 2409 1382 sed
2461 1327 2625 1381 etiam
2666 1327 2785 1397 ipso
2819 1326 2965 1382 Mose
2985 1329 3311 1398 posteriores
3338 1343 3468 1398 pro-

1899 1420 2094 1489 phetae,
2125 1428 2182 1475 ut
2205 1418 2443 1474 breviter
2465 1419 2664 1482 dicam,
2691 1418 2929 1474 universi
2956 1419 3130 1475 eidem
3159 1419 3236 1474 illi
3266 1420 3467 1476 similia

1897 1511 2234 1573 cecinerunt,
2272 1518 2330 1563 ut
2352 1508 2545 1572 David,
2577 1511 2668 1579 qui
2708 1513 2782 1563 ait
2815 1529 2827 1564 :
2868 1529 2887 1561 ι
2927 1508 3243 1573 Constitue,
3279 1507 3467 1564 Domi—

1897 1617 1986 1665 ne,
2015 1599 2425 1665 legumlatorem
2452 1616 2617 1669 super
2636 1616 2750 1667 eos,
2772 1614 3069 1673 agnoscant
3091 1607 3300 1672 gentes,
3319 1601 3465 1670 quod

1895 1690 2142 1744 homines
2182 1697 2309 1743 sunt
2337 1689 2401 1744 “.
2447 1710 2464 1743 ›
2495 1689 2658 1755 Vide,
2689 1707 2895 1761 qmeso,
2933 1699 2990 1746 ut
3025 1692 3114 1745 hic
3141 1707 3357 1762 quoque
3386 1694 3465 1744 al-

1896 1780 2066 1835 terius
2106 1779 2478 1848 legumlatoris
2519 1781 2782 1837 meminit.
2835 1781 3099 1847 Quocirca
3140 1782 3266 1837 alibi
3321 1781 3462 1837 idem

199 1870 281 1920 νεί
311 1868 465 1938 ᾄδειν
508 1869 570 1922 οὐ
625 1869 686 1922 τὸ
723 1870 946 1923 παλαιὸν
995 1872 1088 1925 καὶ
1132 1873 1422 1927 Μωσαῖκὺν
1461 1870 1631 1946 ᾆσμα,
1674 1873 1778 1928 cm

1890 1869 1977 1923 liic
2005 1869 2506 1939 gentibusimperat
2536 1886 2735 1926 canere
2764 1886 2872 1925 non
2903 1872 3188 1941 antiquum
3225 1873 3462 1942 amplius

199 1959 388 2030 ἕτερον
442 1960 662 2025 καινὸν,
719 1960 920 2031 λέγων’
957 1981 976 2014 ι
1017 1963 1219 2036 ’ᾼσατε
1269 1963 1346 2036 τῷ
1393 1965 1580 2038 Κυρίῳ
1634 1961 1785 2037 ᾆσμα

197 2050 408 2114 καινὸν,
468 2051 635 2122 ᾄσατε
688 2052 765 2122 τῷ
825 2054 1013 2126 Κυρίῳ
1071 2057 1220 2108 πᾶσα
1266 2057 1299 2126 ἡ
1351 2056 1444 2126 γῆ.
1504 2058 1782 2126 Ἀναγγεί-

196 2142 324 2195 λατε
355 2145 414 2195 ἐν
456 2147 571 2206 τοῖς
620 2144 796 2197 ἔθνεσι
847 2145 944 2216 τὴν
1004 2145 1158 2212 δόξαν
1198 2147 1358 2201 αὐτοῦ
1385 2188 1399 2213 ,
1432 2149 1488 2200 ἐν
1519 2149 1651 2201 πᾶσι
1674 2151 1786 2212 τοῖς

194 2233 348 2297 λαοῖς
389 2233 463 2287 τὰ
509 2235 787 2306 θαυμάσια
841 2236 1023 2290 αὑτοῦ.
1077 2239 1197 2291 Ὅτι
1251 2238 1425 2310 μέγας
1462 2239 1666 2311 Κύριος
1693 2239 1785 2293 καὶ

195 2326 411 2388 αἱνετὺς
474 2327 720 2398 σφόδρα·
780 2327 1006 2399 φοϐερός
1062 2330 1209 2384 ἐστιν
1268 2331 1360 2384 ἐπὶ
1402 2331 1606 2395 πάντας
1660 2331 1786 2394 τοὺς

199 2418 373 2483 θεούς.
418 2420 540 2472 Ὀτι
585 2421 785 2484 πάντες
822 2422 872 2474 0t
921 2421 1031 2475 θεοὶ
1057 2422 1163 2476 τῶν
1200 2422 1389 2487 ἐθνῶν,
1431 2423 1707 2493 δαιμόνια·
1757 2427 1786 2478 ὁ

195 2511 250 2562 δὲ
290 2511 498 2583 Κύριος
557 2512 684 2576 τοὺς
743 2513 1003 2585 οὐρανοὺς
1049 2514 1320 2584 ἐποίησεν.
1386 2514 1670 2582 Ἐνέγκατε
1707 2513 1785 2586 τῷ

197 2604 389 2674 Κυρίῳ
426 2607 484 2657 αἱ
524 2605 752 2675 πατριαὶ
797 2606 902 2658 τῶν
946 2605 1133 2666 ἐθνῶν,
1177 2604 1432 2673 ἐνέγκατε
1480 2604 1556 2675 τῷ
1595 2606 1785 2678 Κυρίῳ

196 2694 352 2760 δόξαν
386 2697 614 2766 ὀνόματι
648 2697 832 2750 αὑτοῦ.
876 2717 892 2746 ι
931 2698 1040 2750 Καὶ
1073 2697 1262 2752 πάλινο
1302 2717 1319 2748 ι
1355 2697 1557 2751 Εἴπατε
1589 2697 1646 2751 ἐν
1673 2700 1783 2763 τοῖς

195 2784 428 2851 ἔθνεσιν,
461 2791 544 2843 ὅτι
576 2789 782 2863 Κύριος
814 2791 1128 2844 ἐϐασίλευσε
1149 2809 1162 2822 ·
1199 2792 1291 2844 καὶ
1317 2791 1423 2864 γὰρ
1457 2789 1782 2862 κατώρθωσε

192 2876 293 2948 τὴν
329 2879 680 2951 οἰκουμένην,
715 2881 835 2950 ἦτις
867 2882 926 2934 οὑ
969 2880 1372 2953 σαλευθήσεται.
1406 2899 1423 2930 ι
1448 2881 1556 2934 Καὶ
1588 2880 1745 2934 πάλιν
1765 2899 1778 2912 ο

200 2986 220 3019 ι
249 2970 453 3040 ’ᾼσατε
474 2971 554 3042 τῷ
571 2973 759 3043 Κυρίῳ
780 2969 930 3044 ᾆσμα
960 2973 1162 3039 καινὸν,
1183 2974 1267 3026 ὅτι
1294 2971 1783 3044 θαυμαστὰέποίη-

195 3077 301 3113 σεν.
335 3062 635 3134 Ἐγνώρισε
676 3063 877 3136 Κύριος
909 3065 967 3116 τὸ
1001 3066 1266 3136 σωτήριον
1316 3064 1480 3118 αὑτοῦ
1503 3065 1781 3118 ’ἐναντίον

194 3152 298 3206 τῶν
323 3155 497 3207 ἐθνῶν
526 3155 843 3226 ἁπεκάλυψε
877 3157 976 3226 τὴν
1017 3157 1358 3229 δικαιοσύνην
1397 3156 1579 3211 αὐτοῦ.
1628 3156 1779 3208 Εἶδο-

1889 1963 2042 2026 illud,
2084 1972 2138 2019 et
2193 1962 2489 2017 Mosaicum
2529 1963 2826 2028 canticum,
2856 1963 2949 2018 sed
2997 1963 3146 2018 aliud
3184 1965 3460 2034 quoddam

1889 2071 2111 2120 novum,
2149 2055 2204 2110 in
2243 2056 2389 2109 hunc
2420 2055 2642 2110 modum
2679 2074 2692 2109 :
2732 2075 2750 2106 ι
2789 2056 3019 2112 Cantate
3063 2056 3292 2112 Domino
3326 2071 3460 2110 can-

1888 2148 2055 2202 ticum
2088 2163 2309 2213 novum,
2338 2155 2554 2203 cantate
2580 2148 2810 2203 Domino
2839 2149 3017 2204 omnis
3037 2157 3205 2205 terra.
3229 2147 3460 2204 Annun~

1887 2239 2018 2293 tiate
2046 2239 2102 2293 in
2133 2241 2382 2310 gentibus
2412 2240 2641 2310 gloriam
2676 2241 2798 2310 ejus
2827 2260 2840 2295 :
2867 2241 2919 2295 in
2952 2241 3210 2297 omnibus
3241 2242 3458 2313 papulis

1887 2332 2154 2407 mirabilia
2186 2333 2327 2402 ejus.
2357 2324 2637 2398 'Quoniam
2695 2348 2926 2405 magnus
2959 2334 3222 2390 Dominus
3244 2342 3297 2390 et
3338 2336 3458 2389 lau-

1886 2419 2083 2476 dabilis
2115 2421 2271 2478 valde
2317 2441 2329 2476 :
2379 2423 2637 2480 terribilis
2694 2435 2777 2479 est
2832 2441 2996 2495 supra
3056 2442 3248 2482 omnes
3302 2427 3454 2482 deos.

1888 2510 2153 2578 Quoniam
2180 2526 2369 2569 omnes
2412 2513 2486 2567 dii
2542 2515 2806 2584 gentium,
2847 2517 3114 2570 daemonia
3147 2536 3160 2572 :
3193 2516 3457 2572 Dominus

1887 2614 2066 2659 autem
2093 2607 2262 2661 caelos
2311 2604 2458 2661 iecit.
2493 2607 2694 2662 Aﬂ‘erte
2726 2607 2952 2662 Domino
2981 2609 3156 2662 tribus
3189 2611 3454 2680 gentium,

1885 2697 2070 2752 afferte
2097 2697 2323 2752 Domino
2339 2699 2565 2769 gloriam
2595 2699 2801 2753 nomini
2833 2700 2952 2768 ejus
2971 2701 3035 2754 ⁸⁵.
3075 2719 3092 2751 ι
3128 2699 3193 2752 Et
3220 2716 3410 2755 rursus
3437 2719 3452 2756 :

1889 2805 1910 2839 ι
1947 2785 2118 2841 Dicite
2164 2789 2219 2840 in
2264 2787 2520 2858 gentibus
2551 2787 2696 2858 quod
2747 2785 3010 2843 Dominus
3049 2788 3294 2859 regnavit
3364 2787 3457 2840 Et-

1888 2878 2035 2934 enim
2066 2882 2302 2934 correxit
2348 2880 2536 2936 orbem
2586 2888 2764 2944 terrae,
2796 2880 2888 2950 qui
2926 2896 3034 2934 non
3087 2881 3459 2936 commovebi-

1883 2978 1974 3025 tur
2006 2970 2072 3024 “.
2119 2990 2138 3023 ι
2173 2969 2238 3025 Et
2267 2971 2434 3027 alibi:
2477 2990 2495 3023 ι
2531 2971 2759 3028 Cantate
2803 2971 3030 3027 Domino
3065 2971 3334 3028 canticum
3364 2987 3457 3026 no-

1881 3078 2030 3125 vum,
2068 3061 2195 3132 quia
2244 3063 2518 3118 mirabilia
2561 3062 2708 3119 fecit.
2764 3062 2962 3118 Notum
3018 3063 3144 3119 fecit
3190 3063 3454 3118 Dominus

1883 3154 2121 3210 salutare
2179 3170 2360 3219 suum,
2409 3156 2465 3209 in
2531 3163 2830 3225 conspectu
2895 3156 3139 3226 gentium
3194 3155 3454 3212 revelavit

195 3262 290 3299 σαν
319 3247 501 3300 πάντα
528 3247 594 3301 τὰ
625 3249 836 3319 πέρατα
864 3249 964 3320 τῆς
995 3249 1099 3319 γῆς
1129 3250 1190 3302 τὸ
1235 3250 1497 3322 σωτήριον
1525 3249 1616 3303 τοῦ
1645 3247 1778 3303 Θεοῦ

1882 3247 2147 3318 justitiam
2176 3263 2354 3304 suam.
2391 3246 2658 3304 Viderunt
2683 3265 2872 3305 omnes
2907 3249 3039 3306 ﬁnes
3063 3257 3220 3306 terra:
3249 3250 3457 3306 saluta-

193 3339 365 3408 ἡμῶν.
415 3360 434 3392 ι
473 3341 584 3393 Καὶ
611 3342 710 3412 ὅρα
745 3341 864 3394 τίνα
897 3341 1096 3412 τρόπον
1138 3342 1196 3394 ὲν
1237 3340 1445 3406 τούτοις
1487 3341 1547 3394 τὸ
1595 3341 1778 3395 καινὸν

193 3427 340 3502 ᾆσμα
368 3434 433 3486 οὐ
463 3433 539 3504 τῷ
581 3433 850 3487 Ἰουδαίων
885 3434 1046 3499 ἔθνει,
1092 3435 1228 3488 ἀλλὰ
1260 3437 1371 3500 τοῖς
1408 3437 1573 3488 πᾶσιν
1603 3435 1777 3489 ἔθνεσι

192 3525 571 3592 καταγγέλλει,
632 3525 728 3579 τοῦ
760 3527 848 3580 διὰ
877 3522 1121 3591 Μωσέως
1163 3527 1389 3581 παλαιοῦ
1432 3525 1610 3597 μόνοις
1652 3528 1779 3580 Ἰου-

189 3615 355 3678 δαίοις
383 3618 775 3689 προσήκοντος.
801 3618 968 3672 Τοῦτό
990 3637 1071 3673 τοι
1087 3619 1146 3672 τὸ
1175 3619 1356 3673 καινὸν
1378 3617 1550 3690 ᾆσμα,
1572 3620 1766 3689 καινὴν

189 3709 772 3782 ΔιαθήκηνῚερεμίας,
807 3712 990 3783 ἔτερος
1017 3713 1145 3781 παρ’
1177 3712 1445 3784 Ἑϐραίοις
1471 3713 1774 3785 προφήτης,

190 3802 474 3865 ἀποκαλεῖ,
502 3804 673 3872 λέγων
693 3821 705 3834 ⁸
738 3827 753 3854 ι
796 3805 926 3858 Ἰδοὺ
961 3805 1160 3876 ἡμέραι
1191 3804 1457 3876 ἔρχονται,
1492 3803 1637 3873 λέγει
1664 3802 1775 3857 Κύ-

194 3914 322 3968 ριος,
353 3899 450 3950 καὶ
483 3897 811 3969 διαθήσομαι
841 3898 920 3969 τῷ
955 3899 1088 3967 οἴκῳ
1129 3897 1360 3969 Ἰσραὴλ,
1392 3897 1488 3951 val
1523 3895 1600 3967 τῷ
1639 3896 1774 3966 οἴκῳ

201 3987 370 4042 Ἰούδα
403 3990 685 4063 Διαθήκην
714 3993 934 4062 καινήν·
984 3992 1043 4044 οὐ
1071 3989 1212 4044 κατὰ
1251 3989 1348 4060 τὴν
1389 3989 1662 4060 Διαθήκην
1707 3989 1773 4058 ἣν

191 4077 446 4152 διεθέμην
477 4085 590 4145 τοῖς
621 4083 889 4154 πατράσιν
931 4081 1128 4143 αὐτῶν,
1157 4082 1212 4132 ἐν
1237 4079 1417 4151 ἡμέρᾳ
1440 4080 1497 4131 ἐν
1580 4077 1772 4130 ἐπελασ

191 4169 361 4244 eam
396 4175 499 4244 τῆς
533 4175 713 4245 χειρὸς
758 4175 955 4238 αὐτῶν,
1006 4172 1288 4240 ἐξαγαγεῖν
1336 4170 1530 4234 αὐτοὺς
1569 4171 1632 4222 ἐκ
1670 4170 1772 4240 γῆς

192 4268 486 4334 Δξγνᾶπτουσ
511 4269 592 4320 ὅτι
609 4267 761 4319 αὐτοὶ
787 4267 884 4318 οὐκ
914 4265 1192 4334 ἐνέμειναν
1218 4265 1274 4316 ἐν
1299 4267 1364 4334 τῇ
1390 4263 1625 4334 Διαθήκῃ
1649 4279 1768 4332 μου,

192 4361 339 4429 κάγὼ
394 4359 647 4431 ἠμέλησα
693 4357 897 4421 αὐτῶν,
938 4356 1082 4425 λέγει
1136 4355 1358 4428 Κύριος.
1386 4357 1506 4408 Ὅτι
1554 4355 1693 4427 αὕτη
1738 4359 1770 4428 ἡ

191 4455 428 4524 Διαθῆκη
480 4452 547 4522 ἣν
600 4451 924 4522 διαθήσομαι
975 4449 1053 4518 τῷ
1087 4449 1320 4520 Ἰσραὴλ,
1350 4449 1498 4516 λέγει
1545 4448 1768 4520 Κύριος,

191 4546 357 4611 διδοὺς
399 4547 600 4616 νόμους
649 4563 771 4615 μου,
806 4546 898 4598 ἐπὶ
925 4545 1022 4616 τὴν
1051 4543 1286 4597 διάνοιαν
1317 4541 1493 4595 αὐτῶν
1539 4542 1631 4595 καὶ
1677 4541 1768 4594 ἐπὶ

193 4641 280 4702 '31;
313 4639 547 4710 καρδίας
582 4636 760 4690 αὐτῶν
788 4637 1001 4709 γράψω,
1032 4637 1126 4690 καὶ
1152 4636 1342 4706 ἔσομαι
1393 4634 1572 4687 αὐτῶν
1610 4633 1762 4697 Θεὸς,

194 4732 277 4784 καὶ
341 4730 500 4783 αὐτοὶ
560 4728 773 4781 ἔσονταί
811 4746 912 4798 μου
958 4728 1104 4790 λαός.
1155 4746 1173 4778 ι
1216 4719 1512 4796 Ὀρᾷς⁹καὶ
1557 4721 1767 4787 τοῦτον,

193 4823 258 4886 ὡς
290 4821 738 4890 διαστελλόμενος
775 4820 866 4874 δύο
909 4819 1201 4890 Διαθήκας,
1244 4818 1338 4889 τὴν
1388 4817 1485 4887 μὲν
1530 4815 1766 4869 παλαιὰν

194 4914 462 4984 ὀνομάζει,
505 4914 603 4984 τὴν
641 4914 698 4967 δὲ
746 4914 966 4984 καινήνς
1012 4913 1105 4966 καί
1160 4929 1288 4981 φησι
1331 4910 1426 4982 τὴν
1481 4908 1669 4980 καινὴν
1705 4909 1764 4962 οὐ

195 5008 324 5059 κατὰ
366 5007 466 5077 τὴν
519 5005 753 5059 παλαιὰν
802 5004 1038 5068 ἔσεσθαι,
1080 5003 1145 5074 ἥν
1195 5002 1398 5056 διέθετο
1425 5004 1536 5065 τοῖς
1561 5001 1768 5072 πατρά-

198 5114 296 5162 σιν;
336 5097 403 5150 Ἦ
443 5098 542 5168 μὲν
577 5096 684 5167 γὰρ
713 5099 822 5159 τοῖς
855 5093 1185 5148 ἀποπεσοῦσι
1224 5093 1319 5163 τῆς
1346 5092 1452 5145 τῶν
1487 5091 1763 5163 προγόνων

196 5187 467 5250 εὐσεϐείας
515 5187 807 5249 Ἰουδαίοις,
855 5185 944 5238 τὸν
989 5183 1358 5252 Αίγυπτιακὺν
1411 5182 1466 5234 δὲ
1510 5181 1620 5251 βίον
1668 5180 1762 5233 καὶ

196 5282 380 5351 τρόπον
407 5278 740 5350 ζηλώσασιν,
778 5280 870 5331 ὲπί
903 5295 962 5330 τε
999 5276 1094 5346 τὴν
1123 5275 1376 5328 πολύθεον
1416 5274 1640 5345 πλάνην,
1668 5273 1761 5326 καὶ

197 5371 279 5442 τὴν
308 5373 455 5442 ἀμφὶ
489 5369 562 5422 τὰ
591 5368 783 5422 εἴδωλα
831 5368 939 5421 τῶν
982 5367 1146 5420 ἐθνῶν
1191 5363 1602 5434 δεισιδαιμονίαν
1647 5363 1760 5415 ὀλι-

200 5462 445 5534 σθήσασιν
478 5461 886 5530 νεωμοθέτητο,
938 5458 1085 5510 ὠσὰν
1125 5457 1385 5518 πεσόντας
1408 5453 1758 5525 ἀνεγείρουσα

199 5556 278 5608 καὶ
305 5554 616 5627 ἁνορθοῦσα
649 5553 771 5615 τοὺς
804 5554 1026 5623 πρηνεῖς
1081 5550 1361 5622 κειμένους
1411 5547 1761 5619 καταλλήλοις

199 5647 578 5711 διδασκαλίαις
624 5663 644 5696 ι
693 5645 928 5707 Δικαίοις
973 5643 1104 5713 γὰρ,
1155 5663 1174 5694 ι
1221 5644 1374 5714 φησι,
1415 5661 1434 5694 ι
1487 5642 1648 5713 νόμος
1699 5642 1760 5696 οὐ

261 5827 300 5857 ⁸⁸
333 5827 483 5884 Psal.
531 5841 607 5886 ix,
652 5823 742 5876 2|.
822 5823 866 5854 “
922 5822 1065 5877 Psal.
1109 5840 1229 5889 xcv,
1281 5825 1375 5881 1-7
1408 5868 1420 5882 ,

509 5923 783 5983 Parnm.
823 5919 939 5981 Gn.
979 5919 1187 5979 XXII.

1501 5825 1543 5858 ⁸⁸
1585 5823 1715 5880 Ibid.
1761 5825 1848 5880 10.

1879 3357 1937 3396 re
1969 3339 2064 3396 Dei
2094 3343 2269 3396 nostri
2297 3341 2365 3396 ⁸⁷.
2407 3361 2425 3394 ι
2455 3341 2569 3396 Ηοο
2604 3342 2768 3397 etiam
2796 3343 2915 3398 loco
2951 3343 3237 3398 considera
3261 3359 3454 3414 quem-

1879 3431 2171 3487 admodum
2197 3447 2400 3487 novum
2437 3435 2708 3488 canticum
2745 3449 2854 3488 non
2884 3434 2975 3488 uni
3003 3433 3243 3490 Judaicze
3278 3435 3446 3504 genti,

1879 3525 1970 3580 sed
2009 3527 2264 3581 omnibus
2295 3525 2520 3580 omnino
2567 3527 2821 3595 gentibus
2870 3527 3082 3594 indicit,
3128 3527 3347 3596 quando
3382 3527 3450 3578 il-

1877 3615 1970 3670 iud
1994 3617 2278 3687 antiquum
2306 3615 2605 3673 Mosaicum
2637 3618 2770 3673 solis
2825 3619 3181 3674 conveniebat
3222 3617 3446 3673 Iudaeis.

1878 3705 1993 3761 Hoc
2034 3722 2166 3764 sane
2193 3725 2398 3764 novum
2423 3709 2697 3764 canticum
2726 3711 2784 3781 8
2827 3709 3092 3768 Jeremias
3129 3711 3270 3766 alius
3302 3713 3446 3780 apud

1878 3795 2132 3854 Hebraeos
2178 3800 2441 3870 pr0pheta
2495 3800 2704 3855 Novum
2753 3799 3161 3856 Testamentum
3213 3803 3452 3872 appellat

1878 3888 1962 3944 his
1990 3889 2175 3945 verbis
2205 3908 2219 3944 :
2266 3909 2285 3941 ι
2323 3889 2463 3946 Ecce
2493 3890 2612 3946 dles
2632 3891 2878 3958 veniunt,
2905 3891 3040 3946 dicit
3075 3891 3359 3959 Dominus,
3395 3902 3449 3948 et

1877 3977 2162 4050 disponam
2184 3983 2371 4037 domui
2406 3983 2590 4047 Israel,
2627 3991 2680 4038 et
2710 3983 2896 4038 domui
2945 3983 3086 4038 Juda
3127 3981 3448 4040 Testamen-

1877 4082 1991 4127 tum
2040 4073 2274 4139 Novum,
2311 4089 2421 4129 non
2475 4075 2776 4130 secundum
2833 4074 3265 4141 Testamentum,
3301 4077 3448 4146 quod

1877 4165 2121 4237 disposui
2147 4167 2397 4238 patribus
2428 4183 2619 4222 eorum
2669 4188 2680 4224 :
2714 4184 2823 4238 quo
2854 4168 2942 4224 die
2972 4168 3299 4239 apprehendi
3329 4185 3448 4222 ma-

1875 4275 2006 4313 num
2033 4274 2244 4325 eorum,
2277 4269 2334 4314 ut
2371 4260 2659 4315 educerem
2690 4275 2785 4315 eos
2815 4259 2881 4316 de
2915 4242 3060 4315 terra
3085 4260 3302 4332 Egypti
3334 4281 3348 4314 :
3379 4276 3447 4315 eo

1874 4354 2019 4424 quod
2046 4355 2150 4424 ipsi
2177 4369 2287 4408 non
2326 4361 2648 4408 manserunt
2699 4353 2751 4406 in
2797 4353 2864 4408 iis
2913 4369 3034 4423 quae
3072 4365 3227 4407 erant
3259 4353 3448 4407 Testaa

1874 4447 2043 4500 menti
2078 4447 2202 4511 mei,
2232 4459 2333 4516 ego
2366 4445 2494 4500 item
2550 4445 2760 4516 neglexi
2814 4460 2930 4510 eos,
2972 4444 3104 4498 dicit
3155 4443 3441 4498 Dominus.

1874 4537 2140 4605 Quoniam
2177 4538 2280 4592 hoc
2309 4535 2718 4592 Testamentum
2749 4537 2896 4607 quod
2931 4537 3217 4606 disponam
3248 4536 3437 4599 Israel,

1869 4625 2002 4680 dicit
2033 4625 2318 4690 Dominus,
2347 4626 2485 4681 dans
2520 4626 2665 4696 leges
2702 4643 2850 4680 meas
2886 4627 2942 4681 in
2969 4627 3280 4682 interiorem
3312 4643 3442 4682 sen-

1868 4733 1988 4774 sum
2010 4732 2218 4781 eorum,
2251 4729 2304 4772 et
2332 4717 2386 4771 in
2410 4716 2670 4773 cordibus
2698 4733 2886 4773 eorum
2915 4718 3240 4782 describam,
3268 4726 3322 4773 et
3347 4735 3442 4772 ero

1865 4815 2108 4883 ipsorum
2134 4810 2300 4876 Dens,
2327 4819 2380 4866 et
2399 4811 2505 4882 ipsi
2537 4821 2698 4867 erunt
2728 4812 2861 4866 mihi
2894 4813 3128 4883 p0pulus
3157 4812 3224 4864 ⁸⁸.
3265 4832 3282 4863 ›
3312 4813 3442 4867 Cer-

1866 4908 1954 4962 nis
1984 4907 2109 4961 item
2139 4906 2304 4966 hunc,
2335 4905 2463 4959 dum
2496 4905 2605 4959 duo
2643 4904 2991 4960 Testamenta
3039 4905 3344 4976 distinguit,
3383 4914 3441 4959 ut

1868 5001 1972 5055 hoc
2006 4997 2223 5068 quidem
2256 5003 2434 5059 vetus,
2485 4995 2616 5050 illud
2671 5011 2800 5050 vero
2845 5011 3044 5050 novum
3096 4995 3359 5065 appellet?
3385 5001 3441 5048 et

1873 5108 2071 5148 novum
2102 5091 2251 5145 dicat
2284 5105 2393 5143 non
2427 5089 2595 5143 veteri
2637 5087 2713 5142 illi
2746 5088 2891 5157 quod
2923 5088 3168 5157 patribus
3194 5085 3441 5142 condidit

1871 5186 2047 5240 simile
2080 5181 2362 5236 futurum?
2401 5181 2533 5234 illud
2563 5179 2708 5233 enim
2747 5180 2915 5250 lapsis
2941 5196 2970 5233 a
3015 5178 3282 5247 majorum
3320 5179 3438 5248 pie-

1871 5287 1980 5332 tate
2002 5275 2205 5332 Judaais
2237 5278 2510 5344 vitamque
2549 5271 2924 5342 Egyptiacam
2957 5286 3018 5323 ac
3058 5285 3237 5326 mores
3266 5285 3437 5324 $011]-

1869 5371 2129 5434 lantibus,
2161 5377 2213 5423 et
2242 5367 2308 5422 ad
2337 5381 2579 5422 errorem
2600 5363 2812 5418 colendi
2832 5363 3032 5417 multos
3055 5361 3208 5424 deos,
3244 5377 3439 5432 super~

1869 5463 2252 5530 stitionemque
2297 5459 2561 5528 gentium,
2611 5470 2731 5525 quae
2771 5453 3064 5508 simulacra
3097 5455 3436 5509 veneraban-

1868 5563 1979 5617 tur,
2015 5550 2416 5606 declinantibus
2467 5547 2601 5618 legis
2650 5546 2768 5599 loco
2799 5544 3108 5614 impositum
3160 5551 3264 5607 est,
3296 5555 3352 5597 ut
3377 5550 3434 5599 et

1870 5656 1964 5696 eos
1997 5639 2092 5710 qui
2123 5637 2436 5694 ceciderant
2472 5635 2770 5701 excitaret,
2798 5644 2847 5688 et
2876 5635 3079 5689 mutuis
3112 5634 3251 5689 inter
3283 5635 3435 5706 ipsos

2591 5819 2636 5852 “
2674 5817 2784 5874 Jcr.
2827 5835 2976 5876 xxxx.
3018 5818 3210 5872 5l-33.

3118 5909 3160 5968 2

1927 5825 1968 5857 ⁸⁷
2003 5822 2146 5880 Psal.
2194 5836 2355 5892 xcv“,
2399 5820 2513 5873 1-5.
