4018 6508
537 400 604 458 ιδ
1173 401 1441 458 EUSEBII
1480 399 1957 458 CESARIENSIS
1998 397 2150 457 OPP.
2192 396 2376 455 PARS
2412 395 2473 453 li.
2514 429 2582 439 -—
2620 395 3119 457 APOLOGETICA.

3709 401 3803 460 ιρι

532 521 799 579 doctrinis
854 521 1142 577 confossos
1175 561 1189 584 ,
1250 532 1411 591 atque
1470 529 1772 591 prostratos
1848 520 2093 590 erigeret.

2205 520 2411 583 κεῖται,
2457 517 2676 589 ἀνόμοις
2726 518 2782 572 δὲ
2829 518 2923 572 καὶ
2969 518 3377 581 ἀνυποτάκτοις,
3419 519 3635 575 ἀσεϐέσι
3685 527 3803 579 καὶ

539 632 559 666 ι
588 613 759 670 Justis
784 613 965 676 enim,
1001 613 1196 680 inquit,
1240 614 1323 666 lex
1362 612 1534 681 posita
1580 628 1689 667 non
1727 618 1833 674 est,
1869 612 1962 668 sed
1994 610 2103 666 ini.

531 708 658 778 quis
686 713 741 761 et
778 704 1176 776 pervicacibus,
1206 710 1259 758 et
1283 703 1485 773 impiis.
1519 715 1573 759 et
1602 705 2000 775 peccatoribus,
2049 713 2104 760 et

532 797 727 855 borum
756 797 1028 852 similibus
1058 796 1125 851 “.
1160 814 1178 846 ›
1216 795 1426 850 Novum
1469 805 1651 853 autem
1703 814 1822 863 eos,
1865 798 1958 869 qui
2007 813 2105 869 per

533 890 871 947 Salvatorem
904 899 1150 943 nostrum
1196 888 1288 944 Dei
1328 889 1593 945 beneficio
1623 904 1685 944 ac
1715 906 1941 946 munere
1970 905 2103 944 cen-

531 984 890 1050 surrexerint,
921 983 988 1037 ad
1025 984 1359 1053 promissum
1391 982 1486 1038 Dei
1514 989 1741 1053 regnum
1775 990 1834 1037 ut
1874 994 2003 1039 eant
2048 992 2102 1038 et

530 1082 848 1150 properent,
872 1077 1030 1147 quasi
1062 1074 1405 1141 manuduclt,
1444 1082 1609 1147 atque
1634 1077 1878 1139 instruit,
1910 1091 2100 1133 omnes

529 1184 683 1241 atque
709 1168 959 1224 homines
984 1182 1188 1224 vocans
1222 1169 1277 1223 in
1318 1183 1482 1223 unam
1531 1174 1693 1240 atque
1723 1169 1967 1224 eamdem
2000 1169 2099 1224 bo-
2146 1191 2151 1196 ’

530 1276 727 1316 norum
777 1263 1246 1317 communitatem.
1286 1258 1400 1315 Hoc
1439 1259 1604 1330 igitur
1658 1257 1871 1315 Novum
1910 1257 2102 1314 Testa-

531 1353 978 1423 mexitumJegem
994 1367 1187 1408 novam
1206 1351 1514 1408 vocatalius
1543 1350 1825 1421 itemgapnd
1846 1349 2101 1406 llebrteos

527 1443 791 1513 propheta
820 1441 993 1501 Isaias
1016 1442 1207 1501 dicens
1241 1462 1256 1498 :
1290 1461 1308 1494 ι
1340 1441 1475 1496 Nam
1504 1442 1573 1497 de
1619 1441 1752 1496 Sion
1789 1443 1957 1497 exibit
1991 1442 2097 1507 lex,

528 1542 583 1603 et
612 1533 837 1589 verbum
872 1532 1089 1589 Domini
1118 1532 1188 1591 de
1217 1532 1518 1590 Jerusalem
1575 1550 1589 1587 :
1636 1540 1691 1588 et
1722 1532 1993 1603 judicabit
2016 1534 2101 1588 in-

528 1639 611 1684 ter
658 1636 868 1698 gentes,
897 1638 952 1685 et
983 1628 1199 1684 venient
1222 1642 1413 1682 omnes
1450 1634 1658 1696 gentes,
1702 1631 1756 1680 ct
1805 1640 2101 1696 congrega-

528 1724 737 1777 buntur
762 1737 951 1779 omnes
991 1721 1199 1793 populi,
1232 1728 1286 1776 et
1320 1721 1503 1776 dicent
1538 1738 1551 1773 :
1587 1717 1801 1783 Venite,
1837 1717 2101 1773 ascenda-

528 1830 652 1871 mus
681 1816 735 1870 in
766 1825 1003 1870 montem
1026 1812 1241 1868 Domini
1262 1819 1316 1869 et
1342 1812 1398 1867 in
1429 1811 1650 1868 domum
1677 1809 1773 1867 Dei
1797 1802 2046 1868 Jacob“.
2074 1832 2093 1865 ι

531 1904 638 1961 Sed
683 1921 804 1976 qum
846 1905 1063 1962 tandem
1100 1904 1288 1962 lex'de
1319 1904 1450 1961 Sion
1476 1905 1850 1974 proﬁciscens,
1883 1903 2096 1960 diversa

525 1997 794 2053 duntaxat
823 1999 891 2054 ab
912 2014 975 2054 ea
1001 2014 1123 2070 qua:
1145 1999 1202 2055 in
1236 2008 1421 2055 monte
1450 1996 1579 2053 Sina
1611 2015 1709 2069 per
1737 1998 1940 2054 Moscm
1971 1997 2097 2053 data

524 2097 610 2146 est
663 2091 965 2160 reperietur
1006 2109 1019 2146 :
1059 2092 1164 2148 nisi
1187 2092 1366 2162 ipsum
1415 2090 1797 2162 Evangelicum
1848 2092 2096 2158 verbum,

523 2180 668 2252 quod
697 2196 791 2250 per
807 2178 1144 2236 Salvatorem
1172 2188 1420 2235 nostrum
1446 2177 1632 2235 Jesum
1656 2177 1955 2240 Christum,
1976 2193 2098 2248 per—

526 2288 634 2343 que
664 2273 906 2342 ejusdem
941 2273 1221 2344 apostolos
1247 2273 1315 2328 de
1349 2270 1478 2327 Sion
1515 2270 1822 2343 profectum
1852 2276 1955 2334 est,
1975 2285 2100 2340 per-

522 2379 630 2435 que
658 2379 849 2421 omnes
875 2372 1062 2436 gentes
1094 2358 1545 2420 disseminatum?
1572 2370 1788 2418 constat
1837 2361 1981 2417 enim
2028 2361 2098 2417 de

527 2454 829 2514 Jerusalem
879 2473 945 2515 ac
974 2457 1043 2513 de
1076 2471 1140 2513 eo
1169 2457 1262 2527 qui
1315 2455 1393 2510 illi
1436 2455 1764 2525 coniunctus
1785 2462 1889 2520 est,
1913 2462 2099 2509 monte

526 2549 682 2614 Sion,
714 2552 805 2607 ubi
836 2550 1090 2608 Salvator
1118 2565 1181 2606 ac
1202 2548 1536 2620 Dominu59
1560 2555 1767 2613 noster,
1793 2555 1846 2602 et
1867 2548 2095 2601 multant

521 2649 775 2697 versatus
795 2649 902 2707 est,
918 2649 971 2696 et
1003 2640 1298 2710 plurimum
1323 2638 1587 2693 doctrina:
1610 2651 1723 2692 sure
1749 2635 1938 2697 edidit,
1962 2634 2096 2688 Novi

524 2731 861 2789 Testamenti
894 2734 1067 2803 legem
1100 2732 1170 2787 ab
1213 2731 1370 2787 initio
1401 2729 1706 2802 profectam
1753 2729 1807 2781 in
1866 2736 2097 2782 cunctos

521 2825 770 2882 homines
804 2840 958 2880 suam
1000 2826 1177 2880 lucem
1226 2825 1503 2886 emrlisse.
1563 2838 1684 2894 quae
1733 2822 1952 2894 quidem
2007 2837 2096 2878 res

519 2924 885 2974 consentanea
917 2916 986 2973 iis
1015 2917 1241 2973 vocibus
1278 2916 1398 2981 fuit,
1430 2915 1632 2986 quibus
1657 2915 1746 2968 ille
1769 2913 1836 2967 ad
1861 2924 1992 2969 suos
2012 2921 2096 2968 est

520 3019 658 3067 ustis
684 3010 1007 3081 discipulos,
1045 3010 1174 3065 dum
1201 3010 1334 3066 dicit
1363 3029 1375 3064 :
1417 3028 1435 3062 ι
1468 3009 1542 3065 ltc
1573 3022 1637 3062 ac
1670 3006 1863 3063 docete
1905 3021 2095 3062 omnes

518 3102 730 3177 gentes,
776 3101 1036 3159 docentes
1075 3118 1171 3158 eos
1229 3117 1453 3159 servare
1512 3100 1697 3156 omnia
1755 3115 2094 3171 quaecunque

2205 610 2563 683 ἁμαρτωλοῖς,
2596 611 2814 675 καὶτοῖς
2831 612 3249 684 παραπλησίοις.
3265 630 3282 665 ι
3318 611 3450 667 Ἡδὲ
3475 613 3634 686 καινὴ
3655 619 3802 681 τοὺς

2203 701 2290 755 διά
2316 701 2409 755 τοῦ
2438 701 2689 775 Σωτῆρος
2720 702 2877 774 ἡμῶν
2911 701 3092 775 χάριτι
3158 704 3251 758 καὶ
3291 703 3469 775 δωρεᾷ
3508 705 3641 759 Θεοῦ
3681 707 3798 763 ἁν-

2204 794 2593 866 εγηγερμὲνοις
2627 794 2719 848 ἐπὶ
2766 795 2829 847 τὸ
2880 794 3113 865 βαδίζειν
3157 796 3253 850 καὶ
3288 796 3536 853 σπεύδειν
3575 800 3654 863 είς
3681 798 3799 872 τὴν

2204 885 2618 957 ἐπηγγελμένην
2650 886 2744 940 τοῦ
2777 887 2911 941 Θεοῦ
2944 888 3217 959 βασιλείαν
3264 893 3611 962 χειραγωγεῖ,
3642 892 3797 947 πάν-

2203 994 2300 1041 τας
2331 978 2526 1050 ἐπίσης
2556 977 2873 1051 ἀνθρώπους
2907 981 2988 1044 εἰς
3025 980 3151 1051 μίαν
3197 982 3291 1035 καὶ
3333 981 3432 1054 τὴν
3453 1032 3455 1035 .
3477 982 3646 1056 αὐτὴν
3672 984 3800 1041 τῶν

2203 1069 2421 1138 ἀγαθῶν
2475 1069 2762 1141 μετουσίαν
2794 1070 3231 1144 προκαλουμένη.
3275 1074 3490 1148 Ταύτην
3528 1074 3629 1147 τὴν
3669 1094 3801 1133 και-

2204 1160 2299 1232 νὴν
2336 1157 2608 1231 Διαθήκην
2640 1154 2796 1223 αὖθις
2815 1159 2977 1231 νόμον
3018 1160 3271 1233 ὀνομάζει
3306 1163 3488 1218 καινὸν
3530 1164 3797 1234 Ἡσαΐας,

2203 1250 2359 1315 ἄλλος
2385 1251 2540 1305 πάλιν
2577 1253 2703 1325 παρ’
2747 1252 3020 1324 Ἑϐραίοις
3052 1256 3354 1328 προφήτης,
3378 1254 3580 1327 λέγων·
3618 1276 3638 1310 ι
3684 1258 3795 1313 Ἐκ

2202 1344 2309 1417 γὰρ
2342 1344 2480 1398 Σιὼν
2525 1343 2862 1410 ἐξελεύσεται
2911 1347 3094 1417 νόμος,
3134 1348 3229 1401 καὶ
3281 1348 3435 1418 λόγος
3475 1350 3681 1422 ιςυρίου
3720 1351 3793 1420 ἐξ

2214 1436 2587 1510 Ἰερουσαλὴμ,
2622 1438 2716 1491 καὶ
2745 1440 2920 1511 κρινεῖ
2950 1437 3053 1493 ἁ.νά
3102 1440 3265 1508 μέσον
3311 1440 3419 1495 τῶν
3466 1418 3657 1507 ἐθνῶν,

2201 1528 2388 1600 ἥξουσι
2420 1530 2596 1585 πάντα
2629 1530 2697 1585 τά
2732 1530 2881 1603 ἔθνη,
2920 1531 3013 1586 καὶ
3046 1532 3473 1605 συναχθήσονται
3504 1530 3707 1599 πάντες
3733 1534 3795 1590 οἱ

2201 1621 2338 1685 λαοὶ,
2371 1623 2465 1675 καὶ
2498 1621 2680 1693 ἐροῦσι
2701 1639 2715 1653 ο
2748 1622 2933 1689 Δεῦτε,
2978 1626 3074 1678 καὶ
3101 1624 3391 1693 ἀναδῶμεν
3436 1627 3516 1690 εἰς
3556 1626 3619 1680 τὸ
3650 1627 3792 1701 ὅρος

2202 1714 2431 1784 Κυρίου,
2460 1715 2553 1770 καὶ
2585 1715 2665 1779 είς
2686 1714 2776 1768 τὸν
2792 1709 2938 1769 οἶκον
2960 1715 3053 1770 τοῦ
3083 1716 3216 1771 Θεοῦ
3259 1717 3470 1772 Ἰακώϐ.
3501 1718 3596 1784 Τίς
3632 1720 3682 1774 δ’
3713 1719 3793 1777 ἂν

2204 1805 2288 1876 εἴη
2316 1807 2344 1859 ό
2371 1808 2434 1859 ὲκ
2462 1805 2597 1860 Σιὼν
2624 1806 3007 1880 προεληλυθὼς
3030 1809 3213 1883 νόμος,
3243 1809 3430 1883 ἕτερος
3458 1810 3532 1866 ὣν
3558 1811 3653 1867 τοῦ
3687 1813 3794 1870 ἐπὶ

2199 1895 2297 1967 τῆς
2322 1896 2529 1968 ἐρήμου
2549 1897 2637 1952 διά
2677 1898 2920 1963 Μωσέως
2953 1899 3010 1953 ὲν
3036 1900 3115 1979 τῷ
3139 1882 3268 1955 Σινά
3289 1882 3408 1974 ὄρει
3431 1905 3794 1980 νενομοθετη-

2202 1986 2385 2056 μένου,
2412 1986 2525 2040 ἀλλ’
2552 1988 2586 2060 ἢ
2613 1990 2640 2042 6
2664 1989 3030 2060 Εὐαγγελικὺς
3054 1988 3231 2061 λόγος,
3251 1993 3280 2046 6
3300 1994 3386 2049 διὰ
3412 1994 3502 2048 τοῦ
3530 1997 3794 2070 Σωτῆρος

2197 2080 2354 2152 ἡμῶν
2386 2081 2557 2152 Ἰησοῦ
2583 2082 2676 2136 τοῦ
2699 2084 2933 2154 Χριστοῦ
2960 2087 3053 2140 καὶ
3066 2085 3174 2139 τῶν
3194 2086 3503 2142 ἀποστόλων
3527 2089 3695 2143 αὐτοῦ
3719 2092 3791 2145 ὲκ

2198 2173 2296 2246 τῆς
2328 2174 2467 2230 Σιὼν
2500 2175 2902 2248 προεληλυθὼς,
2934 2178 3027 2232 καὶ
3061 2177 3283 2232 διελθὼν
3308 2180 3485 2234 πάντα
3509 2181 3576 2235 τά
3610 2180 3738 2251 ἔθνη
3769 2199 3786 2248 ;

2198 2266 2463 2339 πρόδηλον
2483 2267 2592 2342 γὰρ
2608 2268 2682 2333 ὡς
2708 2268 2815 2323 ἀπὸ
2830 2270 2929 2358 τῆς
2965 2270 3338 2354 Ἰερουσαλὴμ,
3364 2273 3460 2327 καὶ
3490 2272 3583 2327 τοῦ
3605 2272 3790 2347 ταύτῃ

2199 2361 2746 2432 προσπαρακειμένου
2790 2347 2928 2415 Σιῶν
2975 2347 3166 2434 ὄρους’,
3211 2361 3339 2416 ἔνθα
3386 2360 3481 2426 τὰς
3522 2361 3792 2429 πλείστας

2196 2453 2476 2527 διατριϐάς
2522 2472 2583 2509 τε
2634 2455 2728 2509 καὶ
2777 2455 3121 2522 διδασκαλίας
3160 2457 3189 2509 6
3218 2456 3407 2530 Σωτὴρ
3430 2442 3526 2511 καί
3577 2458 3791 2532 Κύριος

2198 2542 2354 2620 ήμῶν
2383 2549 2667 2621 πεποίητο,
2699 2548 2729 2601 6
2767 2549 2868 2620 τῆς
2895 2551 3099 2623 Καινῆς
3128 2548 3401 2624 Διαθήκης
3426 2550 3589 2605 αὑτοῦ
3614 2550 3792 2623 ἀρξά-

2201 2660 2359 2713 μενος
2385 2643 2569 2714 νόμος,
2605 2641 2858 2697 κάκεῖθεν
2889 2643 3187 2715 προελθὼν,
3214 2647 3292 2719 είς
3319 2644 3526 2710 πάντας
3550 2644 3790 2715 ἐξέλαμο
3882 2718 3889 2725 .

2196 2731 2296 2800 ψεν
2334 2732 2653 2805 ἀνθρώπους
2700 2733 3008 2799 ἀκολούθως
3047 2738 3166 2799 ταῖς
3216 2735 3379 2789 αὐτοῦ
3422 2736 3662 2803 φωναῖς,
3716 2733 3791 2800 ἃς

2198 2822 2334 2893 πρὸς
2354 2823 2479 2887 τοὺς
2508 2823 2673 2877 αὐτοῦ
2704 2824 2952 2896 μαθητὰς
2975 2825 3258 2896 πεποίητο,
3295 2827 3501 2897 φήσας·
3529 2845 3547 2877 ι
3578 2826 3794 2898 Πορευ-

2197 2912 2379 2979 θέντες
2410 2914 2788 2987 μαθητεύσατε
2821 2916 2997 2970 πάντα
3025 2916 3096 2971 τὰ
3132 2917 3279 2988 ἔθνη,
3305 2917 3645 2981 διδάσκοντες
3676 2916 3788 2971 αὑ-

2194 3006 2320 3071 τοὺς
2344 3010 2530 3079 τηρεῖν
2572 3007 2747 3062 πάντα
2786 3009 2887 3063 ὅσα
2919 3009 3272 3082 ἐνετειλάμην
3316 3011 3464 3081 ὑμῖν.
3501 3030 3520 3063 ι
3558 2992 3693 3064 Τίνα
3723 3010 3786 3065 δὲ

2194 3098 2362 3153 ταῦτα
2385 3094 2473 3171 ἦν,
2504 3099 2616 3153 ἀλλ’
2652 3099 2685 3171 ἢ
2718 3099 2789 3153 τὰ
2813 3100 2913 3172 τῆς
2944 3102 3153 3173 Καινῆς
3179 3101 3453 3181 Διαθήκης
3482 3102 3787 3176 μαθήματά

518 3196 751 3275 praecepi
776 3194 821 3229 “
855 3196 1029 3252 vobis.
1067 3216 1085 3249 ι
1125 3194 1381 3261 Quantam
1417 3204 1581 3265 porro
1612 3193 1724 3249 hac
1775 3199 1953 3259 erant,
1988 3192 2093 3251 nisi

2195 3210 2253 3247 τε
2320 3192 2415 3246 καὶ
2465 3192 2847 3264 παιδεύματα;
2887 3192 3105 3266 Ἐπειδὴ
3161 3195 3338 3249 τοίνυν
3391 3195 3545 3249 ταῦθ’
3603 3194 3785 3264 οὕτως

517 3286 656 3342 Novi
682 3285 1016 3342 Testamenti
1050 3285 1300 3341 instituta
1322 3300 1385 3339 ac
1406 3283 1715 3355 praecepta?
1738 3283 1958 3355 quando
1983 3283 2087 3355 igi-

514 3390 605 3436 tur
636 3379 751 3435 bwc
778 3378 858 3433 sic
887 3392 946 3434 se
979 3377 1179 3433 habere
1208 3385 1487 3434 ostensum
1518 3387 1623 3443 est,
1649 3391 1796 3431 nunc
1816 3376 1927 3447 jam
1949 3383 2089 3431 tem-

510 3486 617 3543 pus
652 3471 813 3528 fuerit
843 3470 1113 3542 inspicere
1139 3470 1367 3543 hujusce
1402 3469 1536 3526 Novi
1563 3468 1919 3533 Testamenti,
1951 3468 2094 3538 ejus-

2197 3285 2337 3358 ἔχειν
2360 3284 2752 3352 ἀποδέδεικται,
2779 3285 2896 3360 ὥρα
2921 3287 3015 3342 νῦν
3039 3287 3166 3342 ἰδεῖν
3195 3288 3286 3343 τὸν
3311 3289 3511 3362 τρόπον
3526 3292 3623 3363 τῆς
3645 3293 3792 3346 Και-

2197 3378 2293 3449 νῆς
2345 3377 2654 3449 Διαθήκης,
2711 3379 2804 3433 καὶ
2856 3379 2948 3433 τοῦ
3008 3384 3531 3456 προκεκηρυγμένου
3590 3384 3787 3444 καινοῦ

2198 3468 2441 3540 ᾅσματός
2474 3485 2531 3523 τε
2561 3468 2654 3523 καὶ
2678 3469 2865 3542 νόμου.

510 3568 791 3641 quoquod
814 3568 1131 3641 praedictum
1159 3567 1336 3624 fuerat
1362 3566 1563 3624 cantici
1581 3566 1728 3634 novi,
1763 3574 2027 3637 noras-que
2050 3565 2182 3638 legis
2211 3565 2477 3621 rationem
2514 3580 2579 3619 ac
2607 3566 2847 3621 modum.

1140 3663 1368 3722 CAPUT
1395 3663 1462 3719 ν.

512 3756 774 3826 Quisnam
800 3760 985 3815 modus
1005 3756 1147 3813 Nat-1'
1178 3758 1520 3823 Testamenti,
1553 3756 1704 3828 cujus
1737 3754 1984 3812 Christus
2010 3764 2090 3809 est

1185 3838 1389 3884 auctor.

581 3918 664 3975 l'ta
708 3920 929 3991 quidem
979 3930 1267 3978 ostensum
1312 3919 1426 3991 jam
1476 3926 1582 3982 est.
1627 3917 2089 3990 quemadmodum

510 4006 679 4067 Vetus
711 4010 842 4066 illud
885 4009 1313 4077 Testamentum,
1348 4010 1545 4081 lquue
1591 4009 1830 4067 Mosaica
1860 4012 1954 4066 uni
1986 4010 2086 4066 Ju-

510 4100 680 4157 daicaz
717 4102 903 4173 genti,
949 4112 1004 4160 et
1041 4102 1170 4159 huic
1212 4103 1316 4175 ipsi
1360 4102 1636 4175 prepriam
1684 4110 1888 4159 terram
1934 4104 2087 4159 inco-

510 4193 643 4249 lenti
678 4193 1080 4250 accommodari
1135 4200 1344 4266 posset,
1376 4208 1440 4249 ac
1471 4209 1646 4266 neque
1686 4193 1915 4265 reliquis
1958 4209 2091 4266 gen-

508 4286 681 4349 tibus,
735 4302 858 4357 quae
896 4293 1013 4341 toto
1051 4294 1318 4343 terrarum
1353 4287 1488 4344 orbe
1530 4292 1871 4354 tenerentur,
1913 4302 2091 4359 neque

510 4380 712 4436 alienas
736 4388 912 4436 terras
938 4380 1296 4437 incolentibus
1317 4372 1519 4437 Iudaeis
1539 4379 1855 4436 cenveniret
1879 4379 2090 4453 ιιιυού-

2723 3648 3118 3720 ΚΕΦΑΔᾹΙΟΝ
3164 3650 3240 3723 Εν.

2201 3758 2296 3823 Τίς
2338 3758 2371 3810 ὁ
2414 3756 2521 3810 τοῦ
2576 3754 2834 3825 Χριστοῦ
2888 3752 3000 3824 τῆς
3024 3758 3249 3827 Καινῆς
3293 3744 3589 3833 Διαθήκηξ
3636 3765 3777 3832 τρό-

2905 3843 3040 3895 πος.

2276 3915 2342 3972 Ἦ
2404 3916 2502 3988 μὲν
2547 3915 2611 3987 δὴ
2659 3916 2859 3971 παλαιὰ
2889 3919 3129 3992 Διαθήκη
3187 3920 3281 3975 καὶ
3322 3922 3352 3975 6
3394 3921 3481 3976 διὰ
3526 3921 3777 3988 Μωσέως

2195 4010 2357 4080 νόμος
2404 4008 2550 4081 μόνῳ
2573 4007 2651 4080 τῷ
2700 3999 2967 4066 Ἰουδαίων
3010 4010 3174 4077 ἔθνει,
3209 4014 3302 4067 καὶ
3346 4014 3521 4086 τούτῳ
3543 4015 3634 4068 ἐπὶ
3671 4002 3780 4087 τῆς

2192 4101 2398 4165 οἰκείας
2420 4101 2522 4172 γῆς
2550 4101 2806 4166 οἰκοῦντι,
2842 4103 3177 4175 κατάλληλος
3206 4105 3609 4171 ἀποδέδεικται,
3647 4098 3777 4175 οὔτε

2194 4194 2250 4248 δὲ
2278 4196 2388 4257 τοῖς
2417 4192 2620 4258 λοιποῖς
2648 4192 2825 4247 ἔθνεσι
2852 4197 2964 4259 τοῖς
2993 4195 3114 4250 καθ’
3139 4197 3267 4269 ὅλης
3290 4197 3392 4269 τῆς
3420 4199 3774 4271 οἰκουμένης,

2194 4286 2316 4342 οὔτε
2341 4289 2452 4352 τοῖς
2472 4287 2562 4340 ἐπὶ
2586 4288 2687 4359 γῆς
2711 4287 3014 4363 ἀλλοδαπῆς
3032 4291 3435 4363 ἀπῳκισμένοις
3464 4292 3735 4357 Ἰουδαίούς
3754 4310 3773 4327 ο

2192 4378 2284 4433 τὸν
2303 4379 2359 4433 δὲ
2378 4378 2484 4450 τῆς·
2502 4354 2710 4449 Καινῆς
2727 4354 3002 4452 Διαθήκης
3015 4354 3213 4453 τρόπον
3235 4354 3398 4437 πᾶσιν
3413 4354 3621 4437 ἔθνεσιν
3639 4354 3774 4455 βιῶ-

508 4485 614 4541 que
644 4469 779 4527 Novi
830 4470 1163 4527 Testamenti
1205 4473 1475 4528 rationem
1504 4473 1580 4527 ita
1622 4480 1899 4543 oporteret
1927 4471 2085 4527 insti-

2195 4470 2324 4543 ρελῆ
2355 4472 2491 4544 χρῆν
2510 4472 2571 4544 δή
2582 4489 2680 4525 που
2706 4474 3059 4544 καταστῆναι,
3086 4473 3162 4539 ὡς
3179 4475 3440 4546 μηδαμῶς
3462 4468 3773 4547 μηδαμόθεν

507 4564 609 4631 tui,
638 4575 700 4620 ut
725 4565 985 4622 omnibus
1016 4567 1272 4637 gentibus
1292 4566 1361 4622 ad
1392 4567 1555 4622 vitam
1595 4565 1856 4636 prodesse
1878 4574 2083 4637 posset,

509 4665 571 4712 ut
598 4674 667 4714 ne
704 4674 933 4728 prorsus
967 4659 1078 4713 ullo
1117 4657 1303 4723 modo,
1355 4657 1535 4715 ullave
1582 4659 1809 4723 ratione,
1842 4659 1935 4730 qui
1983 4659 2086 4713 hoc

507 4750 633 4805 vitae
659 4750 969 4805 institutum
1001 4750 1212 4821 ingredi
1252 4750 1472 4815 vellent,
1513 4749 1910 4821 impedirentur
1941 4770 1955 4805 :
1986 4767 2086 4807 ne-

506 4856 614 4912 que
638 4850 733 4895 aut
763 4842 1025 4914 regionis,
1058 4852 1151 4896 aut
1182 4844 1423 4914 generis,
1457 4850 1551 4898 aut
1577 4843 1706 4907 loci,
1738 4851 1833 4897 aut
1861 4844 2085 4898 alterius

505 4934 812 5005 cujuspiam
859 4936 939 4990 rei
993 4937 1217 4989 omnino
1278 4950 1481 5001 causa,
1538 4944 1761 5007 possent
1808 4938 2081 4993 excusari.

505 5028 654 5086 Talis
686 5045 851 5101 porro
882 5037 937 5085 et
982 5029 1091 5090 lex,
1114 5036 1166 5081 et
1198 5028 1305 5083 vita
1358 5029 1517 5099 piane
1548 5030 1756 5085 exstitit
1785 5046 1871 5094 ea,
1903 5046 2022 5101 qua:
2051 5047 2083 5087 a

506 5120 791 5178 Salvatore
854 5128 1045 5176 nostro
1086 5118 1215 5175 Jesu
1276 5120 1501 5175 Christo
1551 5122 1799 5177 instituta
1833 5130 1936 5189 est,
1974 5137 2082 5194 qua

504 5212 683 5283 prisca
717 5215 829 5279 illa,
865 5222 918 5271 et
960 5213 1079 5283 ipso
1114 5212 1260 5268 Mosc
1307 5213 1587 5284 antiquior
1635 5214 1975 5269 instauratur
1997 5230 2082 5269 re—

504 5305 657 5377 ligio.
689 5304 757 5360 ad
781 5309 941 5376 cujus
972 5321 1219 5361 normam
1244 5314 1301 5362 et
1337 5304 1636 5371 Abraham,
1668 5314 1723 5360 et
1754 5306 1874 5377 ejus
1904 5307 2079 5377 majo-

504 5415 596 5455 res
644 5399 847 5455 visisse
904 5400 1062 5455 facile
1106 5400 1578 5455 demonstrantur.
1633 5398 1789 5465 Quod
1845 5398 1889 5455 si
1944 5400 2080 5455 velis

501 5490 939 5548 Christianorum
979 5490 1197 5547 vivendi
1240 5491 1530 5554 rationem,
1571 5500 1734 5559 atque
1763 5505 1882 5544 eam
1917 5504 2079 5559 quam

501 5583 755 5653 Christus
786 5598 881 5654 per
907 5596 1096 5638 omnes
1114 5591 1302 5653 gentes
1335 5579 1713 5640 disseminavit
1734 5579 2076 5651 religionem,

501 5662 624 5731 eum
655 5691 720 5731 eo
746 5682 800 5729 et
831 5675 1108 5744 religionis
1130 5683 1182 5730 et
1200 5675 1432 5744 iustitiae
1452 5672 1710 5731 instituto
1737 5686 2075 5743 comparare,

498 5777 553 5823 et
593 5767 946 5833 contendere,
980 5782 1091 5838 quo
1123 5777 1175 5823 et
1197 5767 1471 5821 Abraham
1503 5776 1557 5822 et
1606 5764 1837 5820 Abrahaa
1869 5763 2076 5820 similes

2189 4564 2647 4636 παραποδίζεσθαι
2677 4567 2803 4629 τοὺς
2840 4566 2981 4619 κατά
3013 4565 3200 4622 τοῦτον
3230 4566 3604 4622 πολιτεύεσθαι
3637 4568 3771 4640 μέλ-

2187 4657 2396 4723 λοντας,
2434 4658 2557 4730 μήτ’
2582 4646 2690 4730 ᾀπδ
2727 4658 2933 4730 χώρας,
2964 4658 3091 4730 μήτ’
3120 4659 3229 4712 ἀπὸ
3269 4658 3482 4728 γένους,
3514 4654 3640 4733 μήτ’
3659 4660 3773 4717 ἀπὸ

2184 4751 2373 4817 τόπου,
2397 4750 2533 4820 μήτε
2566 4748 2630 4802 ἐκ
2661 4766 2806 4814 τινος
2836 4749 3025 4822 ἐτέρου
3063 4751 3125 4803 τὸ
3154 4749 3391 4807 σύνολον.
3425 4752 3676 4818 Τοιοῦτος
3709 4753 3771 4811 δὲ

2186 4842 2425 4914 πέφηνεν
2449 4844 2477 4895 6
2493 4842 2629 4915 πρὸς
2655 4842 2750 4896 τοῦ
2772 4842 3021 4914 Σωτῆρος
3041 4843 3196 4914 ήμῶν
3229 4844 3401 4915 Ἰησοῦ
3428 4844 3665 4917 Χριστοῦ
3680 4861 3772 4899 νε-

2184 4935 2443 5007 νομοθετη
2452 4934 2612 5005 μένος
2638 4936 2801 5007 νόμος
2833 4951 2891 4989 τε
2908 4937 3001 4989 καὶ
3025 4936 3159 5007 βίος,
3177 4936 3275 5009 τὴν
3292 4938 3655 5010 παλαιοτάτην
3672 4939 3769 4994 καὶ

2186 5028 2560 5102 πρεσϐυτέραν
2619 5028 2862 5092 Μωσέως
2892 5028 3173 5083 εὐσέϐειαν
3197 5031 3607 5101 ἀνανεούμενος,
3641 5032 3767 5086 καθ’

2183 5119 2250 5190 ἢν
2275 5121 2303 5173 ὁ
2345 5119 2597 5192 θεοφιλὴς
2638 5120 2919 5192 Ἀϐραὰμ,
2964 5121 3059 5176 καὶ
3083 5123 3133 5174 οἱ
3177 5121 3365 5175 τούτου
3417 5122 3764 5195 προπάτορες

2182 5208 2484 5264 δείκνυνται
2510 5210 2975 5284 πεπολιτευμένοι.
3008 5213 3071 5267 Εἰ
3093 5212 3222 5283 γοῦν
3250 5212 3562 5284 ἐθελήσειας
3584 5212 3675 5266 τόν
3701 5229 3764 5267 τε

2182 5301 2523 5374 Χριστιανῶν
2572 5303 2706 5374 βίον,
2750 5304 2845 5357 καὶ
2883 5305 2982 5377 τὴν
3021 5304 3126 5358 ὑπὸ
3176 5302 3269 5359 τοῦ
3310 5304 3547 5377 Χριστοῦ
3594 5305 3763 5358 πᾶσιν

2182 5390 2358 5445 ἔθνεσι
2412 5392 2893 5465 καταϐεϐλημένην
2931 5392 3241 5447 θεοσέϐειαν
3289 5392 3637 5459 συνεξετάσαι
3680 5390 3761 5463 τῷ
3852 5446 3863 5455 ,

2179 5484 2369 5555 τρόπῳ
2394 5485 2501 5539 τῶν
2528 5485 2669 5556 ἀμφί
2711 5484 2803 5538 τὸν
2835 5485 3085 5558 Ἀϐραὰμ
3128 5487 3214 5538 ἐπ’
3243 5485 3493 5557 εὐσεϐείᾳ
3535 5484 3629 5537 καὶ
3673 5483 3763 5537 δι-

2180 5576 2442 5651 καιοσύνῃ
2470 5574 2999 5650 μεμαρτυρημένων,
3032 5578 3128 5631 ἕνα
3154 5573 3248 5634 καῖ
3284 5579 3376 5633 τὸν
3399 5575 3562 5631 αὐτὸν
3593 5574 3760 5649 εὑρή-

2182 5684 2315 5732 σεις.
2354 5669 2584 5722 Ἐκεῖνοί
2618 5686 2677 5723 τε
2700 5670 2829 5743 γάρ,
2864 5671 2964 5742 τῆς
3001 5671 3266 5725 πολυθέου
3297 5668 3504 5739 πλάνης
3533 5670 3757 5740 ἀποχω-

2184 5766 2466 5835 ρήσαντες,
2490 5764 2583 5820 καὶ
2614 5765 2711 5836 τὴν
2742 5766 2870 5838 περὶ
2908 5766 2972 5823 τὰ
3012 5766 3301 5839 ἀγάλματα
3339 5759 3761 5835 δεισιδαιμονίαν

573 5887 619 5921 ’δ’
660 5888 682 5943 ι
720 5886 861 5943 Tim.
909 5905 945 5951 ι,
989 5889 1040 5943 9.
1123 5889 1169 5921 ⁸⁸
1208 5885 1309 5944 lsa.
1356 5902 1413 5956 ιι,
1456 5884 1573 5940 5-6.
1653 5885 1694 5917 δ’
1739 5881 1927 5941 Matth.
1971 5898 2093 5939 xxv:

2205 5882 2291 5951 l9,
2333 5883 2422 5940 ‘20.
