4018 6536
217 404 289 461 65

1080 396 1734 455 DEMONSTRATIONIS
1769 394 2228 451 EVANCELICE
2266 394 2398 451 LIB.
2438 393 2482 453 1.

3401 388 3475 453 ιο

214 515 683 590 ἀποστραφέντες,
717 495 1130 589 ὑπερκύψαντες
1161 514 1217 568 δὲ
1258 515 1354 568 καὶ
1381 513 1478 587 τὴν
1514 514 1798 586 ὁρωμένην

1903 528 2034 568 usos
2067 503 2266 567 divina:
2308 511 2507 565 litterae
2532 509 2852 580 praedicant,
2892 510 3051 567 facile
3100 527 3268 566 unum
3316 502 3479 585 atque

212 610 435 665 ἃπασαν
462 605 663 669 κτίσιν,
704 604 798 658 καί
830 602 957 675 μήθ’
990 602 1161 674 ἣλιον,
1202 604 1339 673 μήτε
1372 599 1617 672 σελήνην,
1659 603 1795 672 μήτε

209 718 261 755 τι
304 698 417 753 τῶν
459 695 651 769 μερῶν
702 694 796 749 τοῦ
842 690 1043 756 σξαντὸς
1085 692 1531 764 θεοποιήσαντες’
1570 691 1655 761 ἐφ’
1700 690 1797 744 ἕνα

207 792 299 845 τὸν
320 789 597 844 ἀνωτάτω
610 787 786 853 .Θεὸν,
812 784 974 840 αὐτὸν
992 782 1055 856 δὴ
1076 783 1167 836 τὸν
1197 778 1416 853 ὕψιστον
1444 782 1537 836 τοῦ
1569 783 1626 837 οὐ
1637 782 1797 854 ρανοῦ

209 883 301 939 καὶ
326 882 435 953 γῆς
471 878 834 952 δημιουργὸν,
858 877 1083 939 ἑαυτοὺς
1130 875 1434 946 ἀνήγαγον
1465 873 1495 927 ὃ
1535 873 1629 928 καὶ
1676 891 1798 939 συντ-

212 975 424 1045 ίστησιν
465 973 633 1036 αὐτὸς
676 973 705 1025 6
743 966 949 1040 Μωσῆς
1016 969 1074 1022 ἐν
1115 968 1236 1031 ταῖς
1271 967 1371 1038 τῆς
1416 966 1799 1038 ἀρχαιολογίας

210 1064 497 1138 ἱστορίαις,
524 1063 619 1116 τὸν
661 1060 912 1133 ’Δϐραὰμ
951 1056 1283 1132 ἀναγράφων
1309 1057 1603 1127 φάσκοντα’
1634 1076 1652 1108 ι
1685 1058 1800 1111 Ἐκ-

206 1158 342 1213 τενῶ
366 1158 475 1228 τὴν
505 1156 669 1228 χεῖρά,
705 1172 806 1227 μου
835 1147 971 1226 πρὸς
993 1151 1084 1207 τὸν
1107 1152 1239 1205 Θεὸν
1268 1150 1510 1221 ὕψιστον,
1535 1150 1595 1214 ὃς
1617 1150 1798 1203 ἔκτισε

208 1253 295 1306 τὸν
329 1248 574 1322 οὐρανὸν
616 1248 712 1302 καὶ
749 1247 847 1319 τὴν
876 1247 1012 1317 γῆν·
1039 1265 1057 1297 ι
1101 1245 1195 1300 καὶ
1228 1245 1333 1316 πρό
1360 1261 1422 1313 γε
1466 1242 1656 1297 τούτου
1689 1244 1801 1296 εἰσ-

210 1343 353 1412 άγων
382 1342 487 1395 τὸν
526 1340 881 1411 Μελχισεδὲκ,
915 1338 974 1392 ὃν
1017 1338 1080 1410 δή
1129 1355 1292 1408 φησιν
1337 1338 1485 1409 ἱερέα
1518 1337 1799 1407 γεγονέναι

207 1436 295 1489 τοῦ
327 1434 476 1488 Θεοῦ
501 1430 601 1488 τοῦ
637 1432 863 1502 ὑψίστου
883 1471 898 1495 ,
939 1432 1030 1484 τὸν
1063 1430 1316 1503 Ἀϐραὰμ
1360 1424 1462 1484 ὦδέ
1495 1449 1612 1494 πως
1649 1430 1800 1483 εὐλο-

204 1524 404 1595 γοῦντα
424 1542 441 1555 ·
477 1544 496 1575 ι
530 1522 911 1594 Εὐλογημένος
943 1521 1195 1594 Ἀϐραὰμ
1217 1521 1293 1592 τῷ
1316 1522 1433 1593 Θεῷ
1462 1523 1540 1594 τῷ
1567 1522 1796 1597 ὑψίστῳ,

202 1617 259 1681 ὃς
296 1616 494 1670 ἔκτισε
524 1612 616 1668 τὸν
645 1615 873 1686 οὐρανὸν
917 1614 1012 1669 καὶ
1057 1615 1156 1685 τὴν
1181 1614 1304 1685 γῆν.
1344 1633 1362 1665 ι
1417 1615 1610 1687 Εὖροις
1646 1616 1691 1669 δ’
1733 1617 1799 1672 ἂν

202 1708 296 1763 καὶ
319 1708 416 1761 τὸν
458 1706 657 1776 Ἐνὼχ,
692 1706 899 1759 καὶτὸν
928 1704 1051 1758 Νῶε
1068 1705 1456 1770 δικαιωθέντας
1486 1709 1581 1760 καὶ
1608 1708 1801 1780 εὐαρε-

206 1802 523 1872 στήσαντας
548 1798 629 1870 τῷ
664 1798 784 1868 Θεῷ
813 1799 955 1851 κατὰ
982 1798 1074 1851 τὸν
1101 1798 1263 1852 αὑτὸν
1294 1797 1373 1870 τῷ
1410 1799 1658 1872 Ἀϐραὰμ
1677 1801 1800 1873 τρό-

1896 602 2040 658 idem
2087 616 2378 672 agnosces.
2412 600 2696 672 Siquidem
2744 602 2882 657 illia
2915 604 3209 659 multorum
3250 603 3480 661 deorum

1898 695 2070 758 cultu,
2100 702 2263 764 atque
2293 708 2480 750 errore
2509 692 2842 759 recedentes,
2866 702 2922 750 et
2953 695 3023 751 ab
3045 711 3130 761 ea,
3162 711 3284 766 quae
3309 697 3482 753 simu-

1898 786 2063 840 lacris
2108 784 2323 840 addicta
2363 795 2501 848 erat,
2550 786 2941 856 superstitione
2987 795 3295 843 avertentes
3336 788 3483 859 seip-

1899 893 1991 934 sos
2025 875 2124 949 (2),
2163 877 2363 932 mentis
2418 879 2607 934 oculos
2643 893 2809 948 supra
2844 894 3061 934 omnem
3091 919 3106 944 ,
3143 891 3483 951 quaecunque

1898 969 2074 1025 oculis
2121 968 2270 1023 cerni
2328 968 2523 1038 possit,
2572 976 2822 1024 naturam
2873 969 3218 1026 sustulerunt
3256 989 3269 1025 :
3304 985 3482 1042 neque

1897 1075 2029 1117 vero
2062 1061 2138 1116 illi
2169 1069 2265 1116 aut
2292 1062 2483 1128 solem,
2508 1069 2602 1114 aut
2623 1062 2829 1127 lunam,
2858 1071 2951 1116 aut
2976 1063 3135 1117 aliam
3166 1064 3482 1135 quampiam

1899 1152 2142 1208 universi
2187 1162 2396 1223 partem
2429 1168 2527 1225 pro
2562 1151 2673 1208 Deo
2716 1168 2955 1223 unquam
2988 1154 3245 1210 coluere:
3286 1155 3381 1210 sed
3410 1155 3483 1210 ad

1902 1250 2069 1299 unum
2096 1261 2434 1316 supremum,
2468 1246 2648 1316 ipsum
2684 1245 2873 1315 utique
2919 1247 3246 1302 altissimum
3278 1247 3403 1303 caeli
3427 1257 3484 1304 et

1899 1346 2060 1395 terra:
2082 1338 2356 1410 opiﬁcem,
2389 1340 2494 1410 ιο
2516 1324 2729 1409 seipsos
2746 1339 2992 1395 attollere
3014 1355 3122 1395 non
3139 1341 3480 1399 dubitarunt.

1901 1432 2076 1498 Quam
2101 1447 2234 1488 sane
2256 1447 2370 1488 rem
2393 1432 2516 1503 ipse
2537 1437 2701 1488 etiam
2718 1429 2895 1488 Moses
2923 1432 2977 1487 in
3002 1432 3120 1488 suis
3140 1434 3483 1504 antiquitatis

1902 1522 2145 1579 historiis
2173 1524 2539 1585 commendat.
2575 1525 2703 1580 dum
2737 1524 2912 1594 ipsum
2953 1524 3227 1580 Abraham
3271 1528 3351 1582 sic
3399 1528 3486 1584 in-

1901 1610 2054 1669 ducit
2075 1614 2346 1671 dicentem
2369 1634 2381 1671 :
2409 1634 2426 1667 ι
2450 1613 2749 1672 Extendam
2780 1631 3002 1671 manum
3024 1628 3200 1672 meam
3222 1617 3290 1672 ad
3312 1618 3485 1676 Deum

1902 1705 2247 1771 altissimum,
2267 1709 2357 1778 qui
2381 1708 2623 1763 condidit
2646 1709 2925 1764 cmlumac‘
2947 1716 3148 1764 terram
3168 1709 3215 1741 δ’
3243 1730 3262 1763 ι
3285 1727 3298 1762 :
3320 1711 3486 1766 dum-

1903 1808 2010 1864 que
2038 1803 2165 1850 ante
2198 1796 2366 1859 hunc,
2408 1795 2794 1862 Melchisedec,
2828 1812 2990 1868 quem
3031 1797 3106 1852 ait
3144 1801 3485 1856 sacerdotem

208 1910 322 1947 πον.
362 1892 537 1946 Ἀλλὰ
567 1892 661 1946 καὶ
693 1893 722 1945 6
758 1892 898 1957 Ἰὼϐ,
932 1891 1216 1964 ἄνθρωπος
1234 1893 1468 1958 δίκαιος,
1514 1892 1798 1966 ἀληθινὸς,

1903 1886 1997 1941 Dei
2038 1887 2290 1944 altissimi
2330 1888 2523 1951 fuisse,
2551 1889 2655 1960 ipsi
2693 1888 2930 1944 Abrahze
2972 1889 3057 1946 his
3091 1889 3265 1946 ferme
3302 1892 3486 1947 verbis

206 1982 523 2054 ἄμεμπτος,
548 1982 830 2055 θεοσεϐὴς,
848 1980 1183 2053 ἀπεχόμενος
1206 1981 1315 2035 ἀπὸ
1338 1974 1541 2048 παντὸς
1563 1984 1801 2057 πονηροῦ

209 2076 566 2148 πρὲγματος,
614 2075 721 2147 πρὸ
741 2075 850 2130 τῶν
865 2074 1108 2140 Μωσέως
1128 2076 1334 2150 χρόνων
1359 2077 1798 2150 μεμαρτύρηται·

204 2167 258 2231 ὃς
290 2168 364 2239 δὴ
415 2169 514 2222 καὶ
544 2171 737 2241 πεῖραν
751 2167 851 2237 τῆς
878 2168 956 2231 είς
973 2166 1064 2220 τὸν
1083 2165 1190 2221 τῶν
1216 2168 1351 2222 ὅλων
1363 2168 1493 2224 Θεὸν
1523 2171 1802 2245 εὐσεϐείας

203 2259 267 2313 δι’
296 2258 518 2332 ἁθρόας
553 2261 652 2331 τῆς
688 2259 798 2313 τῶν
844 2259 1195 2330 ὑπαρχόντων
1225 2261 1494 2333 ἀποϐολῆς
1529 2258 1799 2333 ὑποσχὼν,

206 2349 768 2427 μέγιστονσεύσεϐοὖς
813 2348 1113 2420 ὑπόδειγμα
1159 2351 1359 2424 τρόπου
1397 2353 1490 2406 καὶ
1535 2356 1648 2419 τοῖς
1685 2355 1801 2424 μετ’

205 2440 372 2495 αὑτὸν
394 2439 751 2503 ἀπολέλοιπε,
776 2440 867 2493 τὸν
890 2439 1177 2509 φιλόσοφον
1211 2442 1420 2495 ἐκεῖνον
1453 2444 1803 2515 ἐπιφωνήσας

204 2533 366 2601 λόγον
389 2551 403 2563 ⁸
439 2551 459 2585 ι
495 2531 713 2604 Γυμνὸς
762 2530 980 2603 ἐξῆλθον
1037 2532 1102 2585 ἐκ
1159 2533 1366 2597 κοιλίας
1412 2535 1616 2605 μητρός
1664 2552 1801 2606 μου,

205 2625 417 2697 γυμνὸς
439 2626 540 2678 καὶ
568 2624 961 2694 ἀπελεύσομαι.
997 2623 1054 2677 '0
1076 2622 1283 2696 Κύριος
1308 2624 1526 2688 ἔδωκεν,
1551 2626 1579 2678 6
1599 2625 1803 2698 Κύριος

206 2718 503 2788 ἀφείλετοθ
534 2716 610 2782 ὡς
648 2716 729 2787 τῷ
761 2717 950 2789 Κυρίῳ
995 2715 1172 2783 ἔδοξεν
1193 2757 1208 2782 ,
1242 2715 1385 2770 οὕτω
1420 2717 1514 2770 καὶ
1557 2718 1797 2786 ἐγένετοο

206 2812 288 2885 εἴη
316 2812 380 2866 τὸ
412 2812 591 2883 ὄνομα
620 2810 828 2883 Κυρίου
855 2810 1237 2885 εὐλογημένον.
1260 2831 1278 2863 ι
1300 2812 1412 2865 Καὶ
1431 2810 1522 2866 τὸν
1548 2811 1802 2866 ἁπάντων

204 2905 418 2979 Κύριον
459 2904 659 2969 σέϐων,
694 2903 897 2967 ταύτας
942 2903 1092 2975 ἠφίει
1117 2903 1215 2967 τὰς
1246 2902 1430 2972 φωνὰς
1451 2942 1466 2965 ,
1500 2901 1567 2966 ἃς
1597 2902 1803 2975 προῖὼν

206 2998 422 3062 όαῦτὸς
451 2997 727 3067 διασαφεῖ,
761 2997 828 3051 δι’
854 2989 929 3051 ὦν
962 3012 1131 3068 φησι·
1162 3014 1180 3048 ι
1212 2994 1375 3065 σοφὸς
1404 2995 1513 3068 γὰρ
1546 2998 1661 3050 ἐστι
1684 2997 1803 3050 δια-

205 3090 348 3162 νοεᾳ,
370 3084 638 3162 κραταιός
659 3106 717 3144 τε
750 3087 844 3143 καὶ
877 3088 1070 3160 μέγας,
1092 3089 1121 3141 6
1154 3088 1311 3141 σείων
1335 3088 1434 3158 τὴν
1466 3088 1558 3140 ὑπ’
1577 3088 1804 3160 οὐρανὸν

1902 1978 2345 2036 benedicentem:
2373 1999 2391 2032 ι
2417 1980 2743 2038 Benedictus
2759 1981 3035 2037 Abraham
3058 1983 3166 2039 Deo
3189 1984 3483 2048 altissime,

1903 2071 1994 2140 qui
2025 2071 2271 2127 condidit
2291 2073 2489 2126 coelum
2506 2080 2560 2127 et
2591 2079 2791 2129 terram
2827 2070 2895 2128 ⁸³.
2948 2093 2967 2126 ι
3006 2072 3255 2130 invenies
3300 2084 3485 2131 autem

1903 2170 1959 2219 et
1987 2161 2176 2220 Enoch
2228 2172 2284 2219 et
2322 2163 2436 2221 Noe
2477 2167 2665 2221 eadem
2700 2166 2913 2222 ratione
2954 2182 3062 2238 qua
3107 2168 3404 2233 Abraham,
3431 2172 3490 2224 et

1903 2256 2148 2313 evasisse
2182 2258 2386 2328 justus,
2424 2267 2475 2313 et
2512 2258 2623 2314 Deo
2658 2260 2952 2330 placuisse.
2986 2257 3130 2328 Quin
3161 2262 3325 2317 etiam
3355 2256 3486 2328 Job,

1907 2344 1990 2399 vir
2020 2354 2076 2401 et
2117 2347 2323 2416 justus,
2358 2358 2412 2404 et
2441 2365 2624 2415 verus,
2656 2358 2711 2405 et
2756 2351 3126 2422 inculpabilis,
3158 2360 3213 2408 et
3237 2353 3308 2409 ab
3335 2352 3489 2409 omni

1903 2436 2049 2489 mala
2080 2452 2139 2492 re
2168 2438 2473 2502 abstinens,
2519 2447 2645 2495 ante
2677 2440 2845 2496 Mosis
2888 2448 3104 2498 mtatem
3152 2443 3485 2509 celebratur,
3500 2468 3505 2475 ~

1904 2532 2153 2601 quicum
2194 2532 2414 2604 pietatis
2459 2550 2590 2604 erga
2649 2533 2820 2590 Deum
2868 2536 3108 2590 universi
3146 2537 3343 2606 gratia,
3390 2551 3489 2607 per

1903 2622 2149 2679 omnium
2196 2623 2466 2681 bonorum
2505 2625 2742 2680 subitam
2784 2625 3186 2695 ademptionem
3233 2636 3492 2692 vexatus,

1904 2717 2224 2768 constanter
2245 2714 2428 2768 omnia
2459 2713 2806 2779 sustinuerit,
2841 2714 3141 2769 maximum
3193 2730 3334 2770 verte
3364 2716 3493 2771 reli-

1904 2805 2084 2877 gionis
2131 2805 2443 2876 exemplum
2499 2807 2648 2860 omni
2699 2810 2812 2862 sua:
2869 2806 3180 2876 posteritati
3224 2809 3487 2878 reliquit,

1876 2899 2105 2968 'quippe
2149 2897 2241 2968 qui
2279 2908 2405 2952 vere
2444 2896 2883 2968 pltilOSOphicum
2921 2898 3055 2954 illud
3098 2898 3324 2954 verbum
3357 2901 3490 2956 olim

1905 2990 2319 3046 acclamaveritz’
2353 3010 2372 3042 ι
2410 2989 2600 3046 Nudus
2628 2998 2886 3062 egressus
2909 3003 3031 3046 sum
3066 2990 3133 3047 de
3155 3000 3345 3047 ventre
3368 3007 3489 3047 ma-

1904 3083 2006 3137 tris
2030 3098 2184 3149 meaz,
2216 3091 2270 3138 et
2302 3082 2483 3139 nudus
2507 3083 2691 3139 abibo.
2726 3082 2992 3141 Dominus
3021 3084 3192 3149 dedit,
3225 3083 3495 3145 Dominus

207 3183 271 3238 ἐκ
298 3182 578 3255 θεμελίων
595 3220 611 3249 ,
639 3184 688 3235 οἱ
712 3182 770 3235 δὲ
796 3180 976 3235 στῦλοι
1000 3180 1169 3252 αὐτῆς
1194 3180 1536 3234 σαλεύονται·
1579 3180 1607 3234 6
1628 3180 1800 3250 λέγων

1907 3174 2167 3229 abstulit:
2194 3175 2339 3231 sicut
2379 3176 2611 3231 Domino
2645 3177 2870 3248 placuit,
2906 3176 2980 3232 ita
3021 3176 3224 3232 factum
3256 3185 3342 3235 est
3377 3179 3490 3234 :sit

207 3270 284 3344 τῷ
323 3272 486 3344 ἡλίῳ,
522 3273 620 3327 καὶ
644 3266 743 3325 ούκ
768 3270 1071 3334 ἀνατέλλει,
1117 3270 1260 3326 κατὰ
1283 3270 1339 3324 δὲ
1375 3271 1590 3343 ἄστρων
1629 3288 1799 3325 κατα-

210 3365 533 3437 σφραγίζει·
571 3366 600 3418 6
633 3362 871 3427 τανύσας
896 3363 987 3416 τὸν
1007 3362 1234 3434 οὐρανὸν
1263 3358 1441 3433 μόνος.
1473 3382 1491 3414 ι
1534 3354 1596 3416 Εἰ
1620 3362 1682 3435 δὴ
1709 3359 1802 3417 οὖν

205 3456 402 3511 τοῦτον
436 3455 605 3509 αὐτὸν
671 3456 878 3508 ἐκεῖνον
912 3450 1003 3508 τὸν
1046 3454 1248 3518 πάλαι,
1281 3452 1375 3508 καὶ
1416 3454 1522 3526 πρὸ
1562 3454 1802 3520 Μωσέως

209 3547 479 3617 θεοφιλῶν
513 3547 668 3613 Θεὸν,
703 3545 930 3617 ἔναγχος
966 3546 1099 3600 πᾶσι
1137 3548 1249 3610 τοῖς
1274 3545 1484 3599 ἔθνεσιν
1508 3548 1537 3600 6
1564 3546 1800 3618 Χριστοῦ

207 3638 365 3708 λόγος
416 3639 624 3711 ὁμοίως
677 3639 908 3702 ἐκείνοις
967 3637 1125 3706 μόνον
1189 3636 1433 3690 εὐσεϐεῖν
1486 3637 1799 3703 διετάξατο,

208 3733 455 3803 πέφηνεν
488 3732 642 3794 ὅπως
681 3727 928 3783 κοινωνοὶ
956 3728 1301 3801 γεγενήμεθα
1333 3729 1431 3799 τῆς
1467 3729 1588 3800 ἴσης
1625 3727 1802 3782 αὐτῶν

209 3824 438 3878 ἐκείνων
472 3822 789 3887 εὐσεϐείαςο
839 3822 939 3894 τῆς
971 3821 1029 3876 δὲ
1073 3821 1357 3885 εὐσεϐείας
1414 3814 1800 3893 μετασχόντες,

207 3915 369 3989 δῆλον
392 3960 409 3981 ,
447 3918 527 3981 ὡς
560 3917 656 3970 καὶ
699 3916 801 3987 τῆς
843 3915 1093 3983 εὐλογίας
1149 3912 1588 3988 μεταληψόμεθα.
1645 3915 1804 3972 Ἀλλὰ

212 4011 306 4063 καὶ
337 4008 434 4063 τὸν
468 4007 566 4062 τοῦ
600 4006 738 4062 Θεοῦ
784 4007 979 4077 Λόγον,
1008 4006 1066 4062 ὸν
1096 4007 1161 4079 δὴ
1190 3991 1425 4081 Χριστὸν
1466 4011 1599 4081 ἡμῖν
1636 4012 1802 4082 ιἱεροσ-

212 4100 501 4172 αγορεύειν
525 4099 702 4171 φίλον,
732 4084 932 4169 ὁμοίως
962 4100 1095 4170 ἡμῖν
1115 4098 1357 4153 κάκεῖνοι
1386 4099 1606 4169 γνόντες
1634 4102 1806 4172 ἐμαρ-

210 4193 561 4266 τυρήθησαν·
588 4192 704 4260 οἵγε
733 4193 826 4245 καὶ
859 4191 992 4244 πολὺ
1018 4190 1384 4263 διαφερόντως
1411 4193 1508 4265 τῆς
1528 4192 1805 4265 ἐμφανοῦς

216 4283 383 4339 αὐτοῦ
414 4284 721 4358 παρουσίας
761 4302 820 4339 τε
844 4286 938 4340 καὶ
964 4284 1280 4354 θεοφανείας
1313 4284 1644 4359 ἠξιώθησαν.
1674 4279 1801 4342 Ἐπ-

217 4376 451 4431 ἀκουσον
511 4375 666 4445 γοῦν,
701 4377 778 4441 ὡς
810 4377 970 4431 πάλιν
1004 4361 1168 4441 αὐτὸς
1204 4378 1233 4431 6
1263 4378 1468 4450 Μωσῆς
1495 4380 1586 4434 τὸν
1606 4381 1806 4452 ἐπιφα-

217 4469 373 4523 νέντα
411 4471 529 4532 τοῖς
587 4467 894 4539 θεοφιλέσι,
940 4468 1034 4522 καὶ
1083 4467 1340 4533 πολλάκις
1390 4472 1807 4543 χρηματίσαντα

1828 3226 1870 3284 C

1905 3280 2106 3325 nomen
2142 3268 2356 3324 Domini
2387 3270 2734 3341 benedictum
2757 3270 2825 3326 “.
2857 3284 2876 3325 ι
2912 3270 3055 3327 idem
3085 3286 3216 3327 vero
3240 3287 3492 3328 commu-

1903 3376 2027 3416 nem
2058 3361 2303 3415 omnium
2332 3360 2498 3417 Deum
2527 3362 2736 3430 colens,
2760 3374 2924 3419 vaces
2955 3363 3117 3418 etiam
3159 3363 3283 3417 illas
3313 3362 3487 3433 picta.

1906 3453 1979 3507 tis
2027 3452 2233 3519 emisit,
2267 3468 2405 3523 quas
2457 3455 2573 3524 ipse
2600 3455 2817 3526 longius
2855 3471 3182 3527 progressus
3209 3458 3483 3527 explanat,

1905 3544 2034 3599 dum
2067 3546 2184 3600 ait:
2227 3564 2246 3598 ι
2290 3546 2521 3616 Sapiens
2561 3547 2706 3601 enim
2761 3556 2847 3603 est
2883 3556 3082 3611 mente,
3127 3549 3399 3622 fortisque
3430 3552 3489 3607 et

1904 3650 2157 3707 magnus,
2187 3639 2281 3707 qui
2316 3638 2561 3693 concutit
2593 3648 2795 3694 terram
2826 3650 2856 3695 a’
2888 3641 3278 3707 fundamentis,
3310 3652 3366 3701 et
3391 3661 3488 3701 co-s

1905 3723 2110 3780 lumnae
2143 3725 2265 3795 ejus
2312 3727 2744 3783 contremiscunt
2775 3745 2789 3781 :
2818 3730 2913 3801 qui
2948 3731 3079 3787 dicit
3113 3733 3237 3800 soli,
3269 3742 3324 3790 et
3369 3746 3484 3794 non

1905 3814 2103 3881 oritur,
2135 3822 2190 3871 et
2216 3816 2402 3872 stellas
2432 3818 2585 3888 quasi
2621 3822 2780 3899 signo
2810 3820 3080 3892 impresso
3114 3825 3317 3882 claudit
3346 3846 3359 3883 :
3394 3828 3489 3899 qui

1907 3909 2105 3963 emtum
2139 3910 2382 3966 extendit
2414 3910 2565 3966 solus
2597 3912 2663 3964 ⁸⁸.
2706 3931 2726 3977 ι
2759 3912 2817 3968 Si
2853 3914 3019 3984 igitur
3039 3917 3288 3973 eumdem
3331 3919 3487 3975 illum

1906 4016 2066 4073 quem
2099 4003 2288 4073 prisci,
2333 4017 2399 4058 ac
2440 4004 2562 4075 ipso
2597 4004 2746 4062 Mosa
2795 4007 3160 4078 antiquiores,
3198 4008 3292 4066 Dei
3323 4013 3489 4067 amici

1905 4095 2011 4150 viri
2045 4096 2335 4151 coluerunt
2364 4096 2559 4165 Deum,
2599 4115 2776 4170 nuper
2815 4100 3005 4156 itidem
3036 4109 3097 4157 ut
3147 4103 3256 4159 illis
3305 4104 3488 4159 solum

1908 4186 1996 4256 pie
2027 4176 2321 4242 colendum
2349 4202 2495 4254 esse,
2538 4188 2747 4245 Christi
2783 4189 3036 4246 doctrina
3072 4192 3329 4263 gentibus
3364 4193 3490 4248 uni-

1906 4278 2084 4335 versis
2112 4279 2529 4348 demonstravit,
2571 4282 2718 4337 haud
2755 4282 2981 4340 dubium
3017 4295 3122 4351 est,
3157 4285 3293 4356 quin
3340 4285 3491 4355 ejus-

1910 4369 2033 4426 dem
2065 4386 2189 4426 cum
2220 4372 2330 4429 illis
2368 4373 2544 4428 divini
2570 4375 2752 4433 cultus
2775 4374 2906 4430 facti
2936 4377 3110 4444 simus
3142 4378 3439 4449 participes
3469 4395 3486 4434 :

1910 4476 2255 4518 communem
2279 4479 2446 4533 porro
2476 4465 2739 4521 habentes
2772 4467 3113 4539 religionem,
3141 4483 3487 4524 communem

217 4561 401 4624 αὐτοῖς
442 4559 512 4613 τὰ
551 4559 1020 4631 ἀναγεγραμμένα
1058 4559 1210 4627 ποτε,
1259 4559 1357 4630 μὲν
1397 4560 1527 4616 Θεὸν
1571 4563 1664 4616 καὶ
1689 4562 1800 4616 Κύ-

1911 4568 2130 4624 quoque
2168 4554 2607 4611 benedictionem
2662 4558 2957 4614 sortituros
2995 4574 3142 4624 esse,
3178 4559 3358 4629 palam
3382 4568 3491 4616 est.

222 4670 353 4725 ριον,
386 4653 524 4706 ποτὲ
569 4650 627 4705 δὲ
673 4653 768 4706 καὶ
810 4651 1040 4722 ἄγγελον
1087 4650 1223 4705 Θεοῦ
1268 4653 1664 4727 προσαγορεύει
1690 4656 1799 4727 (3)·

218 4743 348 4808 Θεὸς
393 4742 498 4814 μὲν
542 4742 637 4796 καὶ
672 4742 876 4813 Κύριος
904 4741 1012 4794 τῶν
1043 4740 1305 4810 θεοφιλῶν
1351 4742 1560 4815 ἀνδρῶν
1603 4745 1802 4816 ἀνηγο-

219 4835 522 4907 ρευμένος,
593 4832 857 4902 Ἀγγελος
926 4833 983 4887 δὲ
1050 4832 1144 4886 τοῦ
1230 4833 1505 4888 ἁνωτάτου
1562 4835 1795 4908 Πατρός.

214 4931 375 4998 Λέγει
410 4930 455 4983 δ’
494 4922 590 4982 οὖν
625 4929 807 4991 αὐτοῖς
856 4926 1103 4998 ῥήμασι·
1161 4945 1180 4977 ι
1233 4928 1345 4980 Καὶ
1384 4927 1657 5002 ἐπορεύθη
1700 4931 1804 4984 ἰα-

216 5021 326 5073 ubi}
358 5023 443 5084 είς
474 5020 690 5091 Χαράν,
740 5018 833 5072 καὶ
872 5018 1154 5089 ἀπήντησε
1195 5009 1365 5087 τόπῳ,
1405 5017 1500 5071 καὶ
1533 5018 1800 5091 ἐκοιμήθη

216 5111 328 5164 ἐκεῖ
344 5128 358 5141 ·
390 5111 487 5165 ἔδυ
514 5108 626 5181 γὰρ
651 5110 680 5161 6
708 5106 857 5178 ἥλιος
874 5123 887 5137 ·
919 5105 1017 5159 καὶ
1042 5104 1233 5162 ἔλαϐεν
1262 5101 1371 5160 ἀπὸ
1392 5107 1500 5161 τῶν
1523 5106 1686 5161 λίθων
1709 5107 1804 5160 τοῦ

1909 4644 2013 4699 Sed
2045 4662 2145 4702 nec
2167 4647 2352 4703 minus
2384 4646 2479 4703 Dei
2505 4646 2769 4713 Verbum,
2795 4665 2955 4720 quem
2985 4649 3264 4705 Christum
3299 4651 3489 4721 appel-

1905 4736 2020 4792 lare
2057 4753 2159 4795 nos
2191 4738 2602 4807 consuevimus,
2643 4741 2753 4797 illis
2776 4743 3054 4814 cognitum
3102 4742 3275 4798 fuisse
3324 4757 3492 4812 quam

1905 4830 2087 4898 nobis,
2107 4846 2390 4887 sacrarum
2406 4832 2710 4887 litterarum
2738 4834 3050 4890 testimonio
3066 4843 3349 4890 ostensum
3366 4843 3450 4889 est
3471 4848 3484 4884 :

1905 4921 2107 4992 quippe
2136 4921 2230 4992 qni
2269 4921 2429 4993 longe
2470 4922 2830 4979 excellentius
2861 4923 2931 4978 ad
2967 4923 3117 4979 illius
3150 4933 3203 4978 et
3249 4919 3488 4977 manife-

1907 5018 2052 5069 stum
2081 5011 2396 5079 adt'entum,
2425 5020 2479 5070 et
2500 5013 2742 5069 divinam
2757 5016 3105 5085 praesentiam
3129 5012 3489 5075 cernendam,

1909 5104 2093 5161 idonei
2127 5105 2299 5161 habiti
2329 5113 2480 5163 sunt.
2508 5105 2652 5161 Audi
2691 5106 2877 5178 igitur,
2907 5111 2968 5161 ut
2999 5121 3194 5162 rursus
3224 5106 3341 5175 ipse
3372 5100 3493 5158 Mo-

215 5204 401 5267 τύπου,
434 5204 533 5257 καὶ
560 5202 756 5273 ἔθηκεν
775 5198 911 5272 πρὸς
938 5197 1182 5268 κεφαλῆς
1208 5198 1396 5263 αὐτοῦ,
1419 5202 1513 5254 καὶ
1538 5199 1800 5272 ἐκοιμήθη

1911 5209 2023 5264 ses,
2045 5213 2170 5254 eum
2200 5199 2295 5270 qui
2325 5198 2519 5256 amicis
2545 5198 2642 5255 Dei
2673 5200 2914 5270 seipsum
2938 5198 3262 5264 ostenderit,
3286 5197 3493 5268 quique

217 5296 273 5349 ἐν
302 5295 381 5366 τῷ
409 5286 567 5367 τόπῳ
596 5292 814 5364 ἐκείνῳ,
845 5292 942 5347 καὶ
986 5290 1318 5364 ἐνυπνιάσθη
1340 5309 1354 5323 ο
1395 5286 1490 5345 xui.
1539 5286 1647 5345 ἰδοὺ
1695 5289 1800 5346 πλι-

1913 5290 2109 5348 iisdem
2152 5293 2377 5348 oracula
2414 5293 2652 5364 publicis
2696 5291 3068 5349 monumentis
3109 5290 3488 5347 commendata

287 5453 333 5486 ⁸⁸
370 5452 514 5508 Gen.
553 5468 668 5516 xxv,
707 5449 800 5506 ΞΩ.
874 5450 922 5483 ⁸³
960 5447 1100 5506 Ibid.
1161 5447 1249 5504 19.
1328 5449 1375 5482 ⁸⁸
1400 5442 1504 5505 Job
1544 5466 1583 5516 ι,
1625 5448 1715 5503 Si.
1794 5452 1800 5480 ¹

1903 5448 1981 5507 iob
2023 5466 2100 5519 Ix,
2137 5451 2256 5508 3-3.

285 5608 363 5681 (2)
392 5609 611 5666 Forsan
648 5607 706 5663 in
742 5607 989 5681 eamdem
1039 5616 1164 5662 cum
1195 5606 1491 5681 Clemente,
1541 5602 1797 5681 Iustino,

1906 5608 2172 5694 περιστὰς
2321 5612 2454 5694 ww
2495 5610 2590 5663 ἐπι
2609 5608 2850 5694 ,πδενῖων
2872 5608 3003 5673 θεὸς
3033 5597 3188 5694 se:
3230 5601 3489 5694 ῆνιειιιι

218 5676 635 5763 Cyrisostomo,
678 5678 1006 5763 sententiam
1048 5677 1301 5763 concedit
1334 5686 1544 5763 auctor,
1568 5676 1673 5763 qui
1697 5677 1800 5730 ista

1908 5676 2175 5763 δεύτερος.
2209 5676 2340 5763 Θεὸς
2374 5676 2473 5763 μὲν
2528 5680 2642 5763 ξας.
2694 5680 2967 5763 Interpres
2998 5680 3212 5763 videtur
3254 5676 3484 5763 :ali‘qui‘d

218 5747 341 5805 oliui
377 5751 669 5808 suffecisse
708 5748 1004 5803 credebant
1033 5749 1099 5801 ad
1146 5748 1399 5812 salutem,
1450 5747 1657 5802 Christi
1710 5761 1799 5801 co.

223 5824 480 5891 ﬁnitione,
506 5821 603 5892 qui
627 5818 1225 5892 nondum‘adveuerat,
1251 5818 1477 5892 minime
1515 5816 1802 5892 requisita.

289 5895 363 5966 (ὅ)
390 5887 540 5951 Post'
560 5889 958 5964 προσαγορεύει
1003 5889 1118 5944 lucc
1161 5904 1263 5945 ms.
1306 5888 1458 5943 addit
1496 5906 1509 5943 ι
1551 5887 1808 5955 ἄντικρυς

1910 5748 2177 5875 εῇιιεηὲοὰί
2200 5752 2274 5878 [in
2303 5748 2418 5809 suis
2448 5752 2731 5809 codicibus
2759 5748 3056 5808 invenisse.
3081 5748 3361 5805 Arianiaat
3386 5754 3485 5799 au-

1912 5828 2019 5877 tem
2101 5837 2195 5878 use
2238 5837 2337 5877 ηις.

1912 5828 2019 5877 tem
2055 5824 2337 5878 Eusebius.
