4018 6518
528 381 600 439 4⁸1
1120 342 1132 357 ι
1168 381 1436 439 EUSEBll
1472 379 1969 439 CESARIENSIS.
2011 378 2163 437 OPP.
2203 380 2387 437 PARS
2424 381 2487 438 ll.
2529 412 2600 425 —
2638 380 3142 442 APOLOGETICA.
3712 389 3783 445 ιε

526 502 853 569 reddiderit,
898 503 1063 559 modo
1113 503 1305 568 Deum,
1356 520 1420 557 ac
1459 503 1769 569 Dominum,
1816 504 1979 558 modo
2010 504 2104 558 Dei

2215 505 2321 575 μαξ
2358 502 2725 576 ἐστηριγμένη
2758 506 2816 557 ἐν
2842 508 2906 575 τῇ
2954 508 3049 575 γῇ,
3080 501 3149 578 ἧς
3180 504 3213 575 ή
3260 503 3470 577 κεφαλὴ
3517 508 3793 575 ἀφικνεῖτο

528 597 784 665 angelum
831 598 1063 668 appellet
1102 616 1116 651 :
1162 598 1241 652 sic
1277 596 1512 665 quidem
1566 598 1727 667 plane
1781 596 2105 659 declarans,

532 705 641 743 non
683 690 829 743 hunc
860 689 1029 745 fuisse
1080 690 1256 759 ipsum
1296 689 1537 753 Patrem,
1580 689 1677 745 sed
1723 689 1844 758 ejus
1887 688 2104 754 Filium,

528 783 624 852 qui
679 783 821 837 idem
877 791 933 837 et
977 781 1120 837 Deus
1181 798 1245 836 ac
1302 782 1566 837 Dominus
1619 772 1920 837 amicorum
1980 780 2103 845 Dei,

528 880 583 925 et
655 874 896 942 supremi
977 871 1155 927 Patris
1227 873 1467 943 Angelus
1544 873 1651 928 dici
1722 873 2103 931 coruSueverit.

533 961 633 1035 ιι
670 965 807 1021 Dicit
831 966 997 1037 igitur
1032 966 1116 1021 his
1143 965 1256 1021 fere
1288 967 1511 1022 verbis:
1551 986 1568 1018 ι
1610 967 1674 1022 Et
1701 967 1978 1038 prolectus
2015 972 2108 1023 est

524 1054 697 1111 Jac-ob
723 1056 776 1109 in
803 1055 1043 1121 Charau,
1069 1058 1327 1127 venitque
1355 1058 1407 1110 in
1444 1058 1644 1123 locum,
1677 1069 1731 1113 et
1770 1060 2027 1115 dormivit
2051 1062 2105 1115 in

526 1160 593 1200 eo
622 1165 636 1200 :
669 1147 946 1202 occiderat
975 1149 1118 1203 enim
1155 1150 1268 1213 sol,
1302 1157 1356 1202 et
1386 1150 1596 1220 accepit
1633 1151 1840 1221 lapides
1870 1152 2103 1217 deloco,

524 1246 579 1290 et
611 1239 899 1307 supposuit
924 1239 1089 1310 capiti
1124 1254 1257 1301 suo,
1301 1248 1357 1293 ct
1394 1238 1647 1294 dormivit
1677 1242 1731 1294 in
1763 1242 1882 1295 loco
1915 1242 2028 1307 illo,
2052 1250 2108 1299 et

525 1331 858 1386 somniavit:
891 1341 945 1387 et
973 1348 1103 1387 ecce
1134 1334 1280 1388 scala
1318 1332 1419 1387 lixa
1444 1335 1616 1396 humi,
1650 1334 1807 1404 cujus
1835 1345 2000 1405 caput
2024 1343 2107 1390 at-

524 1421 768 1492 tingebat
810 1423 1032 1488 cmlum,
1060 1434 1115 1479 et
1160 1426 1333 1495 angeli
1370 1426 1463 1480 Dei
1498 1426 1866 1482 ascendebant
1911 1443 1974 1481 ac
2012 1427 2107 1483 de-

523 1516 859 1571 scendebant
897 1532 995 1586 per
1037 1518 1209 1583 illam,
1238 1527 1294 1574 et
1328 1519 1591 1576 Dominus
1621 1522 1842 1577 innixus
1870 1528 1985 1576 erat
2014 1522 2062 1576 ei
2087 1563 2103 1587 ,

520 1615 578 1665 et
605 1608 743 1663 dixit
773 1629 785 1664 :
819 1610 933 1681 Ego
955 1610 1217 1667 Dominus
1249 1612 1391 1669 Deus
1419 1614 1692 1670 Abraham
1722 1615 1892 1686 patris
1918 1614 2020 1677 tui,
2050 1621 2106 1669 et

522 1700 668 1758 Deus
699 1703 868 1767 Isaac,
916 1706 1026 1761 noli
1064 1708 1255 1763 timere
1282 1749 1296 1772 ,
1350 1717 1554 1763 terrain
1608 1709 1751 1764 hanc
1806 1709 1861 1763 in
1905 1723 2011 1779 qua
2042 1718 2104 1763 tu

522 1794 767 1858 dormis,
829 1798 927 1851 tibi
980 1797 1123 1853 dabo
1173 1807 1229 1854 et
1281 1798 1477 1855 semini
1508 1810 1667 1865 ,tuo:
1699 1807 1753 1854 et
1783 1801 1886 1855 erit
1912 1815 2103 1869 semen

520 1898 700 1953 tuum,
728 1898 787 1943 ut
813 1905 981 1945 arena
1008 1901 1170 1947 terra:
1196 1891 1265 1949 ⁵⁸.
1306 1911 1325 1943 ι
1356 1891 1565 1958 Quibus
1614 1893 1874 1964 deinceps
1907 1894 2103 1964 adjun-

522 1982 639 2050 git:
681 2000 699 2030 ι
744 1979 809 2034 Et
845 1982 1083 2036 surrexit
1112 1981 1284 2037 Jacob
1316 1997 1494 2047 mane,
1523 1989 1577 2036 et
1610 1984 1815 2052 accepit
1847 1984 2103 2052 lapidem,

521 2088 684 2143 quem
718 2082 1078 2143 supposuerat
1112 2074 1274 2143 capiti
1308 2088 1429 2136 suo,
1466 2082 1520 2129 et
1555 2074 1728 2129 erexit
1761 2075 1912 2128 illum
1948 2073 2004 2128 in
2038 2074 2107 2127 ti-

521 2166 697 2219 tulum
715 2166 784 2221 ⁸⁷.
814 2184 832 2216 ι
864 2167 1124 2222 Oratione
1151 2166 1347 2222 deinde
1370 2182 1711 2237 progressus,
1731 2166 1878 2221 hunc
1904 2166 2104 2236 ipsum,

522 2256 616 2327 qui
648 2256 724 2310 illi
759 2271 818 2312 se
841 2257 1175 2324 ostenderat,
1207 2256 1376 2313 Deuin
1408 2272 1471 2311 ac
1509 2256 1828 2321 Dominum.
1864 2256 1959 2312 Dei
2006 2273 2113 2311 ana

520 2350 701 2419 gelum
755 2352 1023 2405 nominat.
1075 2350 1346 2422 Loquitur
1372 2367 1503 2424 ergo
1555 2351 1752 2420 Jacob;
1808 2371 1826 2403 ι
1882 2360 1939 2407 et
1970 2353 2108 2409 dixit

520 2444 654 2498 mihi
686 2443 925 2514 Angelus
981 2442 1076 2499 Dei
1112 2444 1167 2498 in
1219 2445 1463 2501 somnis:
1498 2443 1711 2500 Iacob:
1760 2443 1870 2516 Ego
1924 2455 2105 2501 autem

520 2535 658 2599 dixi,
687 2535 829 2603 Quid
863 2542 949 2592 est
981 2536 1064 2590 "?
1104 2556 1123 2587 ι
1160 2535 1237 2590 Ac
1294 2537 1553 2607 deinceps
1585 2557 1598 2592 :
1639 2556 1659 2588 ι
1711 2536 1867 2601 Vidi,
1903 2536 2103 2607 inquit,

522 2628 706 2683 omnia
738 2643 1081 2699 quaecunque
1111 2627 1239 2683 fecit
1266 2628 1473 2683 Laban.
1523 2628 1635 2699 Ego
1662 2646 1780 2683 sum
1821 2630 1982 2693 Dens,
2012 2631 2106 2700 qui

520 2720 677 2776 visus
701 2735 821 2775 sum
846 2720 942 2773 tibi
975 2721 1029 2774 in
1060 2720 1181 2774 loco
1201 2718 1318 2783 Dei,
1340 2720 1429 2773 ubi
1463 2722 1668 2775 unxisti
1696 2720 1826 2775 mihi
1849 2722 2105 2792 lapidem,

518 2823 818 2882 votumque
853 2811 1048 2868 vovisti
1097 2813 1162 2864 5’.
1202 2830 1220 2862 ›
1266 2811 1364 2867 Hic
1396 2828 1530 2868 sane
1579 2813 1755 2874 idem,
1797 2816 1889 2883 qui
1940 2816 2104 2869 etiam

517 2906 751 2960 Abraha:
778 2905 930 2960 visus
959 2913 1064 2966 est,
1102 2904 1245 2962 Deus
1274 2920 1337 2960 ac
1373 2905 1635 2960 Dominus
1669 2906 2106 2977 appellatur,qui

519 3013 617 3068 per
654 2998 934 3069 mysteria,
969 2997 1242 3053 hominem
1272 2997 1364 3053 Dei
1395 2999 1651 3062 amicum,
1687 2998 1772 3054 sui
1816 2999 1985 3070 patris
2014 3000 2105 3069 jus

517 3098 575 3146 et
608 3096 933 3161 potestatem
957 3089 1150 3155 docet,
1196 3106 1259 3144 ac
1290 3090 1549 3145 nonnulla
1580 3090 1797 3145 interim
1830 3093 1987 3162 quasi
2039 3090 2107 3147 de

2212 599 2292 661 είς
2322 598 2415 653 τὸν
2443 597 2690 669 οὐρανὸν,
2728 598 2822 650 καὶ
2852 599 2900 650 oi
2930 598 3149 666 ἄγγελοι
3193 597 3288 651 τοῦ
3321 597 3457 652 Θεοῦ
3509 600 3793 654 ἀνέϐαινον

2211 691 2304 744 καὶ
2336 691 2655 744 κατέϐαινον
2690 690 2775 742 ἐπ’
2802 691 2991 761 αὐτήν.
3031 692 3087 744 '0
3117 690 3176 744 δὲ
3200 690 3405 763 Κύριος
3428 693 3629 764 ἐπέστη
3641 711 3795 764 ρικτο

2210 783 2296 836 ἐπ’
2340 783 2529 851 αὐτῆς,
2560 782 2656 835 καὶ
2688 778 2836 835 εἶπεν
2856 799 2870 812 ·
2913 781 3053 852 Ἐγὼ
3079 769 3282 855 Κύριος
3316 785 3344 836 ὁ
3368 783 3501 848 Θεὸς
3546 776 3797 856 Ἀϐραὰμ

2210 873 2303 927 τοῦ
2335 874 2539 947 πατρός
2569 890 2685 938 σου,
2727 874 2820 927 καὶ
2864 875 2893 926 ὁ
2934 874 3065 938 Θεὸς
3110 876 3294 929 Ἰσαάκ
3322 894 3335 908 ·
3392 878 3466 950 μὴ
3518 878 3707 945 φοϐοῦ,
3759 881 3793 951 ἡ

2209 966 2280 1036 γῆ
2341 967 2425 1035 ἐφ’
2453 961 2521 1037 ἧς
2552 967 2616 1019 σὺ
2642 965 2922 1029 καθεύδεις
2953 966 3040 1019 ἐπ’
3079 969 3273 1039 αὐτῆς,
3313 969 3407 1040 σοὶ,
3432 968 3586 1023 δώσω
3623 969 3795 1043 αὐτὴν

2210 1058 2407 1129 καὶτῷ
2439 1058 2713 1130 σπέρματί
2747 1075 2873 1111 σου·
2899 1061 2993 1112 καὶ
3028 1059 3179 1113 ἔσται
3204 1062 3263 1114 τὸ
3302 1062 3523 1134 σπέρμα
3578 1080 3672 1116 σου
3716 1062 3795 1127 ὡς

2208 1154 2241 1224 ἠ
2278 1153 2461 1224 ἄμμος
2485 1154 2581 1223 τῆς
2609 1152 2711 1223 γῆς
2738 1169 2751 1182 ·
2788 1170 2807 1201 ι
2835 1145 2917 1214 οἷς
2949 1150 3079 1221 ἑξῆς
3108 1152 3349 1222 ἐπιλέγει
3372 1171 3388 1186 ο
3422 1173 3441 1204 ι
3474 1155 3568 1208 καὶ
3591 1152 3793 1224 ἀνέστη

2221 1243 2413 1300 Ἰακὼϐ
2458 1244 2520 1297 τὸ
2567 1244 2733 1314 πρωῒ,
2780 1244 2874 1297 καὶ
2916 1243 3073 1296 ἔλαϐε
3121 1243 3212 1296 τὸν
3250 1244 3396 1297 λίθον
3441 1244 3499 1297 ὃν
3547 1244 3793 1318 ὑπέθηκε

2210 1337 2344 1410 πρὸς
2378 1335 2619 1406 κεφαλῆς
2665 1334 2853 1398 αὐτοῦ,
2887 1334 2981 1386 καὶ
3027 1331 3253 1403 ἔστησεν
3305 1334 3468 1411 αὑτὸν
3514 1335 3733 1407 στήλην.
3765 1355 3787 1388 ι

2209 1427 2340 1483 Εἶτα
2390 1427 2534 1500 πρωῒ
2583 1427 2744 1481 αὑτὸν
2767 1427 2854 1497 ’δὴ
2908 1425 3095 1479 τοῦτον
3140 1426 3230 1479 τὸν
3269 1426 3599 1495 ἐπιφανέντα
3641 1426 3794 1498 αὐτῷ

2207 1520 2339 1574 Θεὸν
2367 1521 2461 1574 καὶ
2510 1519 2733 1590 Κύριον,
2762 1518 2993 1587 ἄγγελον
3021 1516 3273 1589 ὀνομάζει
3307 1517 3464 1572 Θεοῦ.
3502 1519 3639 1590 Φησὶ
3661 1518 3794 1587 γοῦν

2205 1616 2235 1668 ό
2276 1613 2469 1667 Ἰακὼϐ
2491 1630 2505 1643 ·
2540 1632 2561 1664 ι
2602 1614 2710 1666 Καὶ
2740 1609 2861 1666 εἷπὲ
2910 1630 2997 1683 μοι
3028 1614 3056 1665 ό
3086 1611 3314 1680 ἄγγελος
3356 1611 3448 1665 τοῦ
3505 1610 3640 1664 Θεοῦ
3668 1611 3792 1664 καθ’

2208 1704 2402 1757 ὕπνον·
2448 1703 2664 1758 Ἰακώϐ.
2706 1703 2849 1771 Ἐγὼ
2878 1700 3077 1756 δὲιεῖπα
3100 1719 3114 1733 ·
3148 1702 3211 1755 Τί
3243 1704 3390 1755 ἐστιν
3413 1718 3426 1764 ;
3453 1721 3471 1752 ι
3505 1702 3616 1755 Καὶ
3642 1702 3792 1772 ἑξῆς,

2214 1816 2232 1847 ι
2274 1796 2544 1869 Ἑώρακα,
2578 1796 2734 1866 φησι,
2777 1796 2953 1849 πάντα
2976 1796 3075 1847 ὅσα
3109 1794 3293 1848 Λάϐαν
3335 1797 3479 1848 ποιεῐ
3511 1811 3613 1847 σοι.
3648 1792 3795 1861 Ἐγώ

2208 1890 2324 1961 είμι
2348 1891 2377 1943 ό
2400 1890 2531 1954 Θεὸς
2552 1893 2579 1942 ὁ
2600 1889 2784 1959 ὀφθείς
2814 1906 2894 1942 σοι
2911 1890 2969 1941 έν
3000 1888 3153 1960 τόπῳ
3182 1886 3341 1953 Θεοῦ,
3366 1884 3425 1942 οὗ
3448 1886 3673 1960 ἤλειψας
3700 1904 3794 1957 μοι

2209 1984 2326 2036 ἐκεῖ
2359 1983 2579 2054 στήλην,
2610 1984 2705 2037 καὶ
2738 1981 2889 2053 ηὔξω
2921 1999 3010 2054 μοι
3056 1983 3173 2035 ἐκεῖ
3200 1982 3387 2053 εὐχήν.
3418 2000 3436 2032 ι
3480 1983 3538 2034 '0
3559 1980 3602 2033 δ’
3628 1980 3795 2042 αὐτὸς

2208 2068 2382 2138 οὗτος,
2425 2075 2518 2128 καὶ
2551 2074 2631 2146 τῷ
2675 2075 2923 2146 Ἀϐραὰμ
2965 2074 3328 2146 παραφανεὶς,
3363 2071 3496 2136 Θεὸς
3539 2073 3632 2126 καὶ
3676 2071 3796 2125 Κύ-

2213 2186 2325 2241 ριος
2358 2170 2736 2240 ἀνηγόρευται,
2777 2167 3154 2239 μυσταγωγῶν
3176 2167 3266 2219 τὸν
3299 2166 3517 2237 θεοφιλῆ
3543 2166 3635 2229 τὰς
3661 2166 3795 2235 περὶ

2209 2261 2302 2314 τοῦ
2336 2260 2541 2331 πατρὸς
2572 2261 2876 2324 αὑθεντίας,
2903 2259 2995 2314 καί
3017 2278 3141 2313 τινα
3169 2261 3243 2323 ὡς
3282 2261 3409 2333 περὶ
3440 2259 3625 2330 ἑτέρου
3651 2258 3793 2312 Θεοῦ

2207 2354 2495 2418 διδάσκων,
2529 2354 2565 2408 ἃ
2600 2353 2696 2408 καὶ
2741 2353 2883 2408 κατὰ
2924 2353 3116 2424 καιρὸν
3159 2351 3586 2424 ἐπισκεψόμεθα.
3631 2351 3797 2403 Ἀλλὰ

2209 2449 2303 2503 καὶ
2330 2448 2405 2519 τῷ
2444 2447 2562 2501 Ἰὼϐ
2586 2447 2774 2500 οὐδένα
2802 2448 2834 2519 ἢ
2868 2446 3056 2500 τοῦτον
3088 2441 3226 2499 εἶναι
3256 2446 3347 2499 τὸν
3372 2443 3796 2517 χρηματίσαντα

2212 2540 2350 2613 μετὰ
2376 2541 2475 2612 τὴν
2522 2539 2770 2612 αὐτάρκη
2799 2538 3216 2611 διαγυμνασίαν,
3242 2539 3303 2591 οὐ
3347 2537 3565 2609 θεμιτὸν
3595 2538 3791 2591 εἰπεῖν.

2209 2635 2482 2706 Πρότερον
2510 2634 2609 2704 μὲν
2642 2633 2750 2705 γὰρ
2782 2633 2870 2686 διὰ
2900 2632 3159 2697 λαίλαπος
3186 2633 3280 2685 καὶ
3307 2631 3483 2699 νεφῶν
3506 2630 3796 2699 ἐπιφανεὶς

2209 2726 2382 2796 αὐτῷ,
2410 2726 2499 2780 τὸν
2542 2725 2679 2779 ὅλων
2708 2726 2840 2779 Θεὸν
2872 2726 3063 2780 ἑαυτὸν
3103 2725 3231 2780 ὄντα
3262 2725 3502 2796 παρίστη
3525 2740 3541 2755 ’
3588 2721 3795 2793 προῶν
3870 2720 3894 2742 ⁷

2207 2817 2263 2871 δὲ
2307 2817 2436 2886 ἑξῆς
2478 2817 2668 2870 ἑαυτὸν
2715 2816 3071 2880 ἐπιδείκνυσι,
3116 2815 3256 2870 ὥστε
3295 2815 3461 2884 φάναι
3494 2813 3583 2867 τὸν
3624 2811 3746 2867 Ἰώϐ
3774 2829 3790 2842 ·

2213 2928 2232 2959 ι
2273 2909 2537 2962 ’Ἄκουσον
2568 2908 2626 2962 δέ
2650 2926 2773 2980 μου,
2803 2908 2998 2979 Κύριε,
3033 2909 3120 2962 ἵνα
3149 2906 3304 2977 κάγὼ
3328 2907 3562 2979 λαλήσω.
3600 2907 3795 2977 Ἀκοὴν

2212 3002 2309 3072 μὲν
2333 2999 2517 3072 φωνῆς
2549 3001 2745 3072 ἤκουόν
2776 3018 2868 3054 σου
2898 3003 2962 3054 τὸ
2996 3001 3278 3072 πρότερον,
3306 3003 3422 3054 νυνὶ¹
3452 3002 3509 3054 δὲ
3536 3001 3564 3053 ό
3593 2999 3796 3069 ὀφθαλ-

2212 3094 2313 3164 μός
2344 3110 2445 3164 μου
2480 3092 2690 3163 ἑώρακέ
2728 3109 2807 3146 σε.
2840 3112 2858 3144 ι
2888 3093 2952 3147 El
2986 3093 3041 3145 δὲ
3076 3092 3150 3163 μὴ
3178 3089 3289 3146 οἷόν
3319 3110 3378 3146 τε
3414 3091 3505 3145 τὸν
3536 3091 3797 3145 ἐπέκεινα

519 3184 630 3238 alio
654 3186 892 3254 quodam
922 3183 1248 3255 refert,quae
1280 3201 1414 3241 sane
1443 3200 1545 3241 nos
1573 3201 1675 3241 suo
1704 3184 1829 3239 loco
1852 3185 2104 3241 conside—

2208 3186 2361 3253 Θεὸν,
2403 3186 2494 3240 τὸν
2544 3186 2775 3258 ἀόρατον
2805 3185 2900 3239 καὶ
2942 3184 3253 3254 ἀγέννητον,
3304 3185 3398 3238 καὶ
3447 3180 3798 3253 παμϐασιλέα

520 3276 788 3331 rabimus.
840 3276 989 3343 Quin
1034 3279 1197 3332 etiam
1236 3293 1397 3343 eum,
1451 3278 1544 3348 qui
1597 3285 1712 3332 tum
1743 3278 1963 3333 demum
1998 3277 2104 3348 ipsi

517 3365 643 3433 Job,
675 3378 797 3439 post
850 3369 986 3425 satis
1036 3369 1248 3438 longam
1290 3371 1738 3426 exercitationem
1785 3370 2100 3441 respondit,

519 3462 686 3516 alium
719 3470 915 3532 praeter
941 3463 1086 3517 hunc
1117 3463 1303 3520 dicere
1323 3463 1499 3521 nefas.
1526 3463 1662 3518 Nam
1694 3464 1787 3534 qui
1823 3471 2003 3527 antea,
2036 3465 2105 3520 de

519 3555 759 3620 turbine,
788 3564 842 3610 et
888 3555 1126 3610 nubibus
1172 3555 1251 3609 illi
1296 3571 1355 3611 se
1388 3555 1734 3617 ostenderat,
1772 3555 1941 3610 Deum
1979 3555 2104 3609 uni-

519 3646 664 3702 versi
693 3664 751 3703 se
792 3662 914 3702 esse
957 3646 1253 3702 indicabat.
1309 3646 1483 3701 Porro
1517 3654 1697 3701 autem
1735 3661 2060 3717 progressus
2084 3683 2100 3708 ,

519 3740 593 3794 ita
624 3741 863 3811 seipsum
894 3742 1101 3812 prtebet
1141 3741 1455 3806 videndum,
1485 3749 1544 3794 ut
1592 3740 1713 3810 ipse
1740 3738 1844 3794 Job
1874 3748 1987 3792 tum
2020 3737 2104 3791 di—

519 3843 609 3887 cat
641 3853 655 3889 :
696 3855 713 3885 ι
761 3834 900 3889 Audi
932 3851 1039 3899 me,
1073 3834 1323 3898 Domine,
1353 3843 1415 3888 ut
1446 3835 1606 3887 etiam
1622 3848 1722 3904 ego
1756 3834 1965 3903 loquar.
2000 3830 2105 3885 So-

519 3926 696 3982 nitum
727 3928 945 3997 quidem
980 3929 1132 3981 vocis
1175 3935 1283 3982 ture
1315 3926 1495 3980 audivi
1529 3925 1702 3996 prius,
1738 3941 1885 3979 nunc
1919 3935 2101 3979 autem

518 4019 713 4074 oculus
744 4034 899 4074 meus
928 4018 1063 4074 vidit
1118 4027 1172 4074 te
1199 4020 1266 4073 “°.
1323 4038 1342 4069 ι
1381 4016 1537 4085 Quod
1583 4019 1630 4074 si
1682 4017 1796 4074 ﬁeri
1837 4035 1944 4074 non
2006 4035 2104 4089 po-

519 4120 646 4177 test,
682 4121 741 4166 ut
775 4112 1077 4169 altissimus
1124 4112 1268 4168 Deus
1310 4112 1600 4168 invisibilis
1633 4120 1687 4166 et
1719 4112 2016 4182 ingenitus,
2049 4120 2103 4167 et

517 4219 617 4262 rex
646 4206 891 4262 universi
918 4222 950 4262 a
980 4207 1196 4261 mortali
1230 4214 1427 4262 natura
1472 4215 1732 4263 cernatur
1754 4247 1769 4272 ,
1827 4207 1950 4277 quis
1980 4212 2104 4260 tan-

519 4298 642 4354 dem
670 4298 780 4367 hic,
820 4299 913 4370 qui
941 4300 1022 4356 sic
1055 4301 1207 4356 visus
1240 4309 1342 4364 est,
1378 4300 1517 4355 alius
1541 4299 1706 4355 fuerit
1731 4340 1747 4364 ,
1784 4309 1981 4371 praeter
2007 4298 2101 4354 Dei

520 4388 783 4456 Verbum,
815 4389 961 4461 quod
995 4391 1239 4461 seipsum
1272 4389 1340 4443 ad
1386 4398 1601 4459 tempus
1636 4388 1704 4444 de
1732 4387 1952 4459 propria
1983 4400 2102 4440 ma-

519 4482 804 4550 gnitudine
836 4482 1138 4546 demiserit,
1174 4488 1234 4536 ut
1261 4480 1390 4535 alibi
1417 4496 1636 4551 quoque
1667 4481 1961 4536 dicendum
1984 4480 2099 4535 est?

518 4571 787 4628 Caeterum
815 4575 946 4644 quid
988 4574 1142 4644 plura
1185 4574 1253 4627 de
1282 4573 1471 4628 eadem
1514 4588 1575 4627 re
1619 4572 1676 4626 in
1726 4571 1873 4625 hunc
1921 4571 2101 4624 locum

518 4675 813 4733 congerere
839 4678 978 4734 opus
1002 4674 1105 4727 est,
1130 4678 1253 4717 cum
1286 4663 1478 4717 harum
1526 4676 1707 4716 rerum
1735 4659 2108 4716 confirmatio-

518 4767 621 4808 nes
653 4767 684 4808 e
713 4755 887 4809 sacris
912 4755 1068 4810 libris
1099 4756 1349 4825 accipere
1376 4752 1520 4808 haud
1547 4752 1765 4807 dillieile
1816 4753 1929 4807 sit?
1958 4751 2106 4818 Quas

520 4843 713 4913 utique
741 4844 907 4901 etiam
952 4860 1054 4902 nos
1103 4847 1156 4901 in
1189 4847 1416 4900 materia
1461 4846 1742 4915 proposita
1788 4859 1890 4915 per
1934 4844 2105 4898 utinm

520 4936 804 4992 collecturi
859 4953 1092 5002 sumus,
1151 4946 1213 4993 ut
1270 4938 1625 4995 ostendamus
1674 4939 1884 4993 nullum
1941 4938 2106 4992 alium

522 5026 695 5084 fuisse
724 5029 831 5085 nisi
862 5030 953 5086 Dei
974 5029 1241 5098 Verbum,
1268 5032 1362 5103 qui
1395 5033 1464 5087 ab
1507 5030 1747 5101 antiquis
1778 5028 1873 5086 Dei
1908 5029 2101 5084 amicis

524 5120 777 5187 patribus
805 5130 892 5177 est
918 5120 1091 5176 visus.
1120 5120 1305 5193 Itaque
1328 5131 1452 5199 post
1497 5136 1681 5176 rerum
1712 5120 1958 5174 omnium
1982 5118 2100 5187 opi-

523 5210 644 5265 ﬁcis
674 5227 894 5276 nomen,
930 5213 1034 5283 12
1068 5212 1230 5267 etiam
1264 5228 1328 5268 ea
1361 5196 1483 5282 qua:
1513 5211 1579 5265 ad
1604 5209 1883 5267 Christum
1934 5209 2106 5279 ρει-ῆς

524 5312 676 5367 nent,
699 5320 851 5376 {eque
874 5308 1055 5372 nobis,
1080 5314 1244 5378 atque
1289 5305 1399 5362 illis
1419 5347 1434 5371 ,
1475 5305 1863 5375 communique
1888 5304 2102 5358 ratione

526 5396 743 5467 prodita
780 5406 929 5454 sunt.
984 5398 1156 5467 Quam
1189 5400 1261 5456 ob
1288 5416 1401 5456 rem
1445 5399 1685 5453 ehristos
1741 5412 1958 5469 quoque
2008 5411 2104 5451 eos

2207 3278 2315 3334 τῶν
2345 3280 2507 3343 ὅλων,
2533 3279 2701 3351 θνητῇ
2740 3280 2905 3348 φάναι
2949 3278 3271 3351 θεωρεῖσθαι
3305 3277 3486 3347 φύσει,
3531 3276 3614 3340 τίς
3658 3275 3724 3329 ἂν
3766 3278 3796 3328 ό

2206 3372 2532 3445 δηλούμενος
2576 3372 2662 3443 εἴη
2694 3373 2833 3444 πλὴν
2865 3371 2960 3425 τοῦ
2994 3372 3129 3444 πρὸς
3174 3370 3334 3442 ἡμῶν
3376 3368 3521 3423 κατά
3564 3368 3655 3422 τὸν
3690 3385 3797 3421 πα-

2205 3469 2341 3538 τέρα
2411 3467 2900 3539 κυριολογουμένου
2959 3465 3098 3518 Θεοῦ
3150 3466 3363 3533 Λόγου;
3426 3463 3537 3516 Kal.
3588 3462 3642 3515 τί
3711 3460 3797 3514 δεῖ

2208 3560 2429 3614 πλείονα
2472 3563 2600 3633 περὶ
2644 3560 2833 3613 τούτου
2870 3561 3214 3627 συναγαγεῖν,
3247 3556 3421 3627 παρὸν
3470 3556 3534 3607 ἐκ
3563 3553 3669 3606 τῶν
3712 3554 3793 3604 ἱε-

2209 3653 2320 3725 ρῶν
2355 3652 2551 3723 βίϐλων
2600 3653 2699 3716 τὰς
2741 3652 2946 3705 τούτων
2988 3651 3276 3713 συστάσεις
3316 3647 3648 3719 λαμϐάνειν;
3695 3645 3793 3708 “Ac;

2207 3748 2301 3800 καὶ
2336 3746 2488 3799 αὐτοὶ¹
2528 3745 2667 3799 κατὰ
2698 3744 2795 3816 τὴν
2842 3745 3207 3815 προκειμένην
3241 3741 3493 3794 ὑπόθεσιν
3538 3737 3631 3792 ἐπὶ
3667 3755 3793 3810 σχο-

2206 3839 2304 3910 λῆς·
2328 3839 2720 3910 ὰναλεξόμεθα,
2754 3841 2833 3903 είς
2863 3836 3134 3901 ἀπόδειξιν
3164 3835 3258 3888 τοῦ
3289 3834 3421 3905 μηδὲ
3447 3833 3603 3887 ἄλλον
3635 3831 3667 3904 ἢ
3701 3831 3794 3885 τὸν

2205 3931 2298 3984 τοῦ
2321 3929 2456 3984 Θεοῦ
2484 3932 2654 4001 Λόγον
2680 3928 2816 3984 εἶναι
2850 3930 2941 3983 τὸν
2965 3930 3077 3992 τοῖς
3107 3926 3375 3997 θεοφιλέσι
3418 3924 3794 3996 προπάτορσιν

2206 4023 2536 4094 ἑωραμένον.
2574 4023 2782 4076 Οὐκοῦν
2812 4004 2951 4093 μετά
2978 4021 3077 4093 τὴν
3118 4017 3363 4092 περὶτοῦ
3394 4019 3501 4070 τῶν
3533 4017 3666 4070 ὅλων
3698 4014 3797 4086 δηο

2209 4115 2471 4187 μιουργοῦ
2502 4116 2772 4187 διάληψιν,
2817 4114 2912 4168 καὶ
2936 4115 3003 4168 τά
3038 4114 3163 4185 περὶ
3196 4111 3287 4165 τοῦ
3325 4108 3562 4183 Χριστοῦ
3600 4106 3795 4172 κοινῶς

2202 4210 2336 4279 ἡμῖν
2367 4227 2427 4263 τε
2459 4208 2729 4271 κάκείνοις
2758 4207 3137 4279 παραδέδοται.
3173 4205 3364 4258 Ἔνθεν
3392 4205 3487 4257 καὶ
3522 4198 3794 4272 Χριστοὺς

2204 4300 2403 4363 αὐτοὺς
2452 4299 2517 4370 δὴ
2594 4298 2838 4360 ἐκείνους
2882 4298 3008 4361 τοὺς
3057 4295 3163 4368 πρὸ
3210 4294 3451 4355 Μωσέως
3504 4289 3790 4358 θεοφιλεῖς,

2204 4390 2488 4463 ὡσπεροῦν
2548 4390 2697 4461 ἡμᾶς
2736 4389 3119 4461 Χριστιανοὺς,
3169 4386 3351 4457 εὕροις
3411 4383 3477 4436 ἂν
3516 4378 3793 4449 κεκλημέ-

2204 4500 2350 4546 νους.
2384 4482 2492 4535 Καὶ
2520 4480 2678 4534 τοῦτο
2717 4480 2773 4534 δὲ
2816 4479 3143 4543 ἐπάκουσον,
3182 4477 3257 4540 ὣς
3291 4490 3423 4543 φησι
3452 4472 3579 4542 περὶ
3611 4468 3792 4523 αὐτῶν

2134 4575 2179 4633 D
2205 4575 2263 4626 ὲν
2287 4573 2534 4644 Ψαλμοῖς
2559 4572 2618 4625 τὸ
2640 4572 2820 4641 λόγιον
2847 4588 2859 4601 ’
2894 4590 2913 4622 ι
2958 4571 3046 4622 Ἐν
3077 4569 3154 4640 τῷ
3185 4563 3321 4620 εἶναι
3346 4564 3543 4626 αὐτοὺς
3569 4560 3793 4635 ἀριθμῷ

2210 4665 2449 4739 βραχεῖς,
2484 4664 2793 4733 ὀλιγοστοῦς
2815 4662 2909 4716 καὶ
2938 4660 3234 4732 παροίκους
3259 4659 3316 4710 ὲν
3341 4657 3499 4727 αὐτῇ,
3528 4654 3621 4708 καὶ
3651 4651 3792 4719 διῆλ-

2210 4752 2302 4805 θον
2332 4751 2390 4818 ἐξ
2436 4751 2621 4815 ἔθνους
2648 4753 2729 4815 είς
2770 4750 2943 4813 ἔθνος,
2980 4750 3075 4802 καὶ
3128 4748 3192 4800 ἐκ
3227 4744 3500 4815 βασιλείας
3549 4745 3629 4806 είς
3661 4741 3790 4795 λαὸν

2208 4842 2414 4915 ἕτερον,
2449 4842 2548 4895 οὐκ
2578 4842 2788 4912 ἀφῆκεν
2820 4840 3105 4912 ἄνθρωπον
3150 4837 3405 4907 ἀδικῆσαι
3438 4836 3654 4898 αὐτοὺς,
3694 4832 3790 4886 καὶ

2208 4934 2431 5005 ἤλεγξεν
2474 4933 2616 5005 ὑπὲρ
2649 4932 2828 4987 αὐτῶν
2873 4930 3131 5002 βασιλεῖς,
3161 4929 3335 4998 λέγων
3360 4945 3373 4958 ·
3416 4928 3507 4999 Μὴ
3552 4924 3788 4980 ἅπτεσθε

2207 5026 2314 5079 τῶν
2342 5025 2591 5096 Χριστῶν
2621 5041 2742 5096 μου,
2775 5024 2869 5077 καὶ
2894 5025 2952 5076 ὲν
2982 5025 3096 5087 τοῖς
3121 5023 3423 5095 προφήταις
3459 5037 3557 5091 μου
3595 5019 3667 5090 μὴ
3694 5035 3791 5071 πο-

2208 5117 2521 5190 νηρεύεσθε.
2574 5137 2593 5170 ι
2643 5115 2826 5170 Ταῦτα
2854 5115 2961 5188 γὰρ
3001 5114 3093 5168 ἐπὶ
3118 5114 3212 5167 τοῦ
3257 5113 3526 5184 Ἀϐραὰμ,
3572 5112 3663 5165 καὶ
3692 5108 3787 5162 τοῦ

2216 5210 2419 5273 Ἰσαὰκ,
2444 5213 2539 5266 καὶ
2566 5211 2658 5265 τοῦ
2693 5210 2888 5264 Ἰακὼϐ
2916 5209 3259 5283 ἀνειρῆσθαι,
3287 5210 3321 5280 ἡ
3341 5210 3488 5262 πᾶσα
3515 5206 3790 5277 σύμφασις

2206 5302 2302 5356 τοῦ
2335 5303 2494 5373 λόγου
2520 5304 2870 5375 παρίστησιν.
2905 5303 3067 5356 Ὥστε
3112 5302 3207 5356 καὶ
3256 5302 3356 5372 τῆς
3405 5299 3497 5355 τοῦ
3549 5295 3791 5369 Χριστοῦ

2206 5395 2577 5468 προσηγορίας
2596 5399 2729 5468 ἡμῖν
2758 5396 2959 5467 ὁμοίως
2990 5393 3327 5450 ἐκοινώνουν.

527 5491 679 5561 ipsos
720 5493 814 5561 qui
873 5502 999 5549 ante
1050 5494 1253 5551 Mosem
1308 5496 1469 5557 amici
1519 5494 1925 5564 familiaresque
1990 5491 2084 5546 Dei
2135 5490 2378 5557 fuerunt,
2435 5493 2579 5547 sicut
2602 5506 2701 5547 nos
2746 5492 3111 5555 Christianos,
3156 5490 3455 5562 appellatos
3503 5485 3783 5549 invenies,

528 5591 623 5649 sed
659 5593 807 5659 audi,
844 5609 1049 5664 quaeso,
1080 5595 1207 5665 quid
1241 5595 1309 5649 de
1356 5595 1464 5649 illis
1493 5593 1775 5650 oraculum
1805 5591 1861 5646 in
1888 5588 2121 5646 Psalmis
2148 5588 2330 5645 dicat:
2372 5607 2390 5640 ι
2430 5589 2568 5645 Cum
2621 5600 2804 5643 essent
2859 5603 3089 5643 numero
3136 5586 3348 5651 breves,
3377 5579 3691 5653 paucissimi
3731 5587 3787 5632 et

527 5688 723 5747 incola:
758 5688 809 5743 in
843 5703 926 5755 ea,
955 5698 1007 5743 et
1042 5687 1380 5741 transierunt
1411 5687 1478 5741 de
1506 5692 1663 5757 gente
1706 5686 1762 5738 in
1790 5690 2028 5754 gentem,
2057 5687 2112 5733 et
2145 5679 2212 5734 de
2258 5696 2425 5752 regno
2473 5680 2527 5734 in
2587 5680 2847 5750 populum
2882 5679 3111 5733 alterum
3132 5716 3149 5743 ,
3194 5691 3305 5731 non
3356 5669 3565 5727 dimisit
3612 5668 3788 5725 homi-

554 5842 559 5851 1
602 5873 651 5906 ⁸⁸
690 5872 824 5929 Ceu.
871 5885 1064 5938 xxvm,
1111 5870 1299 5925 lO-l-l.
1380 5870 1423 5900 δ’
1469 5869 1603 5925 ibid.
1646 5868 1734 5924 18.
1813 5867 1859 5900 ⁸⁸
1898 5866 2032 5923 Gen.

2227 5910 2240 5934 ν
2286 5870 2370 5924 Η-
2449 5872 2493 5903 ⁸⁹
2534 5869 2667 5927 lbid.
2716 5866 2915 5937 l2,15.
2995 5865 3039 5897 ⁸⁸
3072 5862 3174 5919 Job
3236 5875 3367 5925 nn,
3405 5857 3459 5923 4,
3502 5856 3556 5914 3.
