  <div class='ocr_page' id='page_1' title='image "/cluster/home/n/w/nwhite01/storage/ocr_20150623/22/hvd.32044020605168/033.png"; bbox 0 0 4018 6552; ppageno 0'>
   <div class='ocr_carea' id='block_1_1' title="bbox 573 451 2125 538">
    <p class='ocr_par' dir='ltr' id='par_1_1' title="bbox 573 459 2125 518">
     <span class='ocr_line' id='line_1_1' title="bbox 573 459 2125 518; baseline -0.001 -1"><span class='ocrx_word' id='word_1_1' title='bbox 573 459 638 517; x_wconf 73' lang='lat'><strong>5!</strong></span> <span class='ocrx_word' id='word_1_2' title='bbox 1211 460 1483 517; x_wconf 82' lang='lat' dir='ltr'><strong>EUSEBII</strong></span> <span class='ocrx_word' id='word_1_3' title='bbox 1513 459 2003 516; x_wconf 64' lang='lat' dir='ltr'><strong>CESARIENSIS</strong></span> <span class='ocrx_word' id='word_1_4' title='bbox 2041 461 2125 518; x_wconf 85' lang='grc' dir='ltr'><strong>ΟΡ</strong></span> 
     </span>
    </p>
   </div>
   <div class='ocr_carea' id='block_1_2' title="bbox 2228 451 3824 538">
    <p class='ocr_par' dir='ltr' id='par_1_2' title="bbox 2228 451 3824 538">
     <span class='ocr_line' id='line_1_2' title="bbox 2228 451 3824 538; baseline 0.007 -23"><span class='ocrx_word' id='word_1_5' title='bbox 2228 461 2404 538; x_wconf 71' lang='lat' dir='ltr'><strong>pAns</strong></span> <span class='ocrx_word' id='word_1_6' title='bbox 2433 462 2497 524; x_wconf 84' lang='grc' dir='ltr'><strong>ιι.</strong></span> <span class='ocrx_word' id='word_1_7' title='bbox 2535 495 2605 503; x_wconf 92' lang='grc'><strong><em>-</em></strong></span> <span class='ocrx_word' id='word_1_8' title='bbox 2633 451 3148 532; x_wconf 60' lang='lat' dir='ltr'><strong>Aminearum.”</strong></span> <span class='ocrx_word' id='word_1_9' title='bbox 3749 457 3824 526; x_wconf 59' lang='grc' dir='ltr'><strong>τε</strong></span> 
     </span>
    </p>
   </div>
   <div class='ocr_carea' id='block_1_3' title="bbox 572 573 2125 656">
    <p class='ocr_par' dir='ltr' id='par_1_3' title="bbox 572 573 2104 648">
     <span class='ocr_line' id='line_1_3' title="bbox 572 573 2104 648; baseline 0.001 -19"><span class='ocrx_word' id='word_1_10' title='bbox 572 579 732 648; x_wconf 73' lang='lat' dir='ltr'><strong>gibus</strong></span> <span class='ocrx_word' id='word_1_11' title='bbox 768 579 944 648; x_wconf 88' lang='lat' dir='ltr'><strong>posita</strong></span> <span class='ocrx_word' id='word_1_12' title='bbox 976 582 1100 630; x_wconf 87' lang='lat' dir='ltr'><strong>sunt</strong></span> <span class='ocrx_word' id='word_1_13' title='bbox 1135 573 1270 641; x_wconf 87' lang='lat' dir='ltr'><strong>Dei,</strong></span> <span class='ocrx_word' id='word_1_14' title='bbox 1300 584 1427 630; x_wconf 88' lang='lat' dir='ltr'><strong>ante</strong></span> <span class='ocrx_word' id='word_1_15' title='bbox 1459 573 1626 630; x_wconf 90' lang='lat' dir='ltr'><strong>Mosis</strong></span> <span class='ocrx_word' id='word_1_16' title='bbox 1655 575 2104 632; x_wconf 89' lang='lat' dir='ltr'><strong>constitutionem</strong></span> 
     </span>
    </p>
   </div>
   <div class='ocr_carea' id='block_1_4' title="bbox 2228 573 3825 656">
    <p class='ocr_par' dir='ltr' id='par_1_4' title="bbox 2247 576 3825 656">
     <span class='ocr_line' id='line_1_4' title="bbox 2247 576 3825 656; baseline 0.005 -26"><span class='ocrx_word' id='word_1_17' title='bbox 2247 579 2392 648; x_wconf 85' lang='grc' dir='ltr'>ματά</span> <span class='ocrx_word' id='word_1_18' title='bbox 2420 596 2544 648; x_wconf 90' lang='grc' dir='ltr'>μου,</span> <span class='ocrx_word' id='word_1_19' title='bbox 2577 579 2764 634; x_wconf 75' lang='grc' dir='ltr'>καὶτὰ</span> <span class='ocrx_word' id='word_1_20' title='bbox 2806 581 3016 652; x_wconf 84' lang='grc' dir='ltr'>νόμιμά</span> <span class='ocrx_word' id='word_1_21' title='bbox 3063 599 3188 652; x_wconf 88' lang='grc' dir='ltr'>μου.</span> <span class='ocrx_word' id='word_1_22' title='bbox 3241 598 3258 632; x_wconf 71' lang='grc' dir='ltr'><strong>ι</strong></span> <span class='ocrx_word' id='word_1_23' title='bbox 3292 576 3402 636; x_wconf 82' lang='grc' dir='ltr'>Ἦν</span> <span class='ocrx_word' id='word_1_24' title='bbox 3433 581 3544 655; x_wconf 78' lang='grc' dir='ltr'>γὰρ</span> <span class='ocrx_word' id='word_1_25' title='bbox 3583 585 3676 636; x_wconf 84' lang='grc' dir='ltr'><strong>καί</strong></span> <span class='ocrx_word' id='word_1_26' title='bbox 3720 587 3825 656; x_wconf 79' lang='grc' dir='ltr'><strong>πρὸ</strong></span> 
     </span>
    </p>
   </div>
   <div class='ocr_carea' id='block_1_5' title="bbox 573 666 2145 738">
    <p class='ocr_par' dir='ltr' id='par_1_5' title="bbox 573 666 2145 738">
     <span class='ocr_line' id='line_1_5' title="bbox 573 666 2145 738; baseline -0.002 -13"><span class='ocrx_word' id='word_1_27' title='bbox 573 669 892 725; x_wconf 77' lang='lat' dir='ltr'><strong>servaverit.</strong></span> <span class='ocrx_word' id='word_1_28' title='bbox 924 667 1066 722; x_wconf 89' lang='lat' dir='ltr'><strong>Dicit</strong></span> <span class='ocrx_word' id='word_1_29' title='bbox 1096 668 1262 738; x_wconf 80' lang='lat' dir='ltr'><strong>igitur</strong></span> <span class='ocrx_word' id='word_1_30' title='bbox 1294 667 1363 722; x_wconf 89' lang='lat' dir='ltr'><strong>ad</strong></span> <span class='ocrx_word' id='word_1_31' title='bbox 1389 667 1564 730; x_wconf 82' lang='lat' dir='ltr'><strong>Isaac,</strong></span> <span class='ocrx_word' id='word_1_32' title='bbox 1597 667 1644 723; x_wconf 90' lang='lat' dir='ltr'><strong>is</strong></span> <span class='ocrx_word' id='word_1_33' title='bbox 1674 666 1766 736; x_wconf 90' lang='lat' dir='ltr'><strong>qui</strong></span> <span class='ocrx_word' id='word_1_34' title='bbox 1797 667 2018 722; x_wconf 90' lang='lat' dir='ltr'><strong>oracula</strong></span> <span class='ocrx_word' id='word_1_35' title='bbox 2053 667 2145 722; x_wconf 89' lang='lat' dir='ltr'><strong>illa</strong></span> 
     </span>
    </p>
   </div>
   <div class='ocr_carea' id='block_1_6' title="bbox 569 759 2146 817">
    <p class='ocr_par' dir='ltr' id='par_1_6' title="bbox 569 759 2146 817">
     <span class='ocr_line' id='line_1_6' title="bbox 569 759 2146 817; baseline -0.003 -1"><span class='ocrx_word' id='word_1_36' title='bbox 569 761 834 817; x_wconf 86' lang='lat' dir='ltr'><strong>reddebat</strong></span> <span class='ocrx_word' id='word_1_37' title='bbox 868 760 1011 815; x_wconf 90' lang='lat' dir='ltr'><strong>Deus</strong></span> <span class='ocrx_word' id='word_1_38' title='bbox 1039 779 1052 814; x_wconf 86' lang='lat'>:</span> <span class='ocrx_word' id='word_1_39' title='bbox 1085 778 1104 811; x_wconf 86' lang='grc'>‹</span> <span class='ocrx_word' id='word_1_40' title='bbox 1137 759 1200 812; x_wconf 78' lang='lat' dir='ltr'><strong>Et</strong></span> <span class='ocrx_word' id='word_1_41' title='bbox 1241 759 1381 813; x_wconf 87' lang='lat' dir='ltr'><strong>dabo</strong></span> <span class='ocrx_word' id='word_1_42' title='bbox 1424 759 1618 814; x_wconf 81' lang='lat' dir='ltr'><strong>semini</strong></span> <span class='ocrx_word' id='word_1_43' title='bbox 1659 767 1756 812; x_wconf 91' lang='lat' dir='ltr'><strong>tuo</strong></span> <span class='ocrx_word' id='word_1_44' title='bbox 1783 773 2000 814; x_wconf 91' lang='lat' dir='ltr'><strong>omnem</strong></span> <span class='ocrx_word' id='word_1_45' title='bbox 2035 765 2146 814; x_wconf 89' lang='lat' dir='ltr'><strong>ter-</strong></span> 
     </span>
    </p>
   </div>
   <div class='ocr_carea' id='block_1_7' title="bbox 567 851 2144 930">
    <p class='ocr_par' dir='ltr' id='par_1_7' title="bbox 567 851 2144 930">
     <span class='ocr_line' id='line_1_7' title="bbox 567 851 2144 930; baseline -0.001 -21"><span class='ocrx_word' id='word_1_46' title='bbox 567 868 688 909; x_wconf 85' lang='lat' dir='ltr'><strong>ram</strong></span> <span class='ocrx_word' id='word_1_47' title='bbox 731 855 908 918; x_wconf 89' lang='lat' dir='ltr'><strong>hanc,</strong></span> <span class='ocrx_word' id='word_1_48' title='bbox 940 861 993 908; x_wconf 89' lang='lat' dir='ltr'><strong>et</strong></span> <span class='ocrx_word' id='word_1_49' title='bbox 1023 851 1417 907; x_wconf 81' lang='lat' dir='ltr'><strong>benedicentur</strong></span> <span class='ocrx_word' id='word_1_50' title='bbox 1458 854 1514 906; x_wconf 92' lang='lat' dir='ltr'><strong>in</strong></span> <span class='ocrx_word' id='word_1_51' title='bbox 1561 853 1781 930; x_wconf 70' lang='lat' dir='ltr'><strong>semine</strong></span> <span class='ocrx_word' id='word_1_52' title='bbox 1809 859 1905 907; x_wconf 92' lang='lat' dir='ltr'><strong>tuo</strong></span> <span class='ocrx_word' id='word_1_53' title='bbox 1951 867 2144 908; x_wconf 89' lang='lat' dir='ltr'><strong>omnes</strong></span> 
     </span>
    </p>
   </div>
   <div class='ocr_carea' id='block_1_8' title="bbox 561 942 2144 1017">
    <p class='ocr_par' dir='ltr' id='par_1_8' title="bbox 561 942 2144 1017">
     <span class='ocr_line' id='line_1_8' title="bbox 561 942 2144 1017; baseline -0.001 -18"><span class='ocrx_word' id='word_1_54' title='bbox 561 954 759 1017; x_wconf 72' lang='lat' dir='ltr'><strong>gentes</strong></span> <span class='ocrx_word' id='word_1_55' title='bbox 808 952 986 1008; x_wconf 74' lang='lat' dir='ltr'><strong>terrae,</strong></span> <span class='ocrx_word' id='word_1_56' title='bbox 1033 959 1100 997; x_wconf 87' lang='lat' dir='ltr'><strong>eo</strong></span> <span class='ocrx_word' id='word_1_57' title='bbox 1148 943 1292 1012; x_wconf 89' lang='lat' dir='ltr'><strong>quod</strong></span> <span class='ocrx_word' id='word_1_58' title='bbox 1346 942 1612 998; x_wconf 83' lang='lat' dir='ltr'><strong>obedierit</strong></span> <span class='ocrx_word' id='word_1_59' title='bbox 1659 942 1934 998; x_wconf 86' lang='lat' dir='ltr'><strong>Abraham</strong></span> <span class='ocrx_word' id='word_1_60' title='bbox 1990 951 2144 1013; x_wconf 89' lang='lat' dir='ltr'><strong>pater</strong></span> 
     </span>
    </p>
   </div>
   <div class='ocr_carea' id='block_1_9' title="bbox 568 1032 2142 1103">
    <p class='ocr_par' dir='ltr' id='par_1_9' title="bbox 568 1032 2142 1103">
     <span class='ocr_line' id='line_1_9' title="bbox 568 1032 2142 1103; baseline -0.002 -13"><span class='ocrx_word' id='word_1_61' title='bbox 568 1044 699 1090; x_wconf 90' lang='lat' dir='ltr'><strong>tuus</strong></span> <span class='ocrx_word' id='word_1_62' title='bbox 731 1035 849 1090; x_wconf 88' lang='lat' dir='ltr'><strong>voci</strong></span> <span class='ocrx_word' id='word_1_63' title='bbox 889 1049 1048 1100; x_wconf 84' lang='lat' dir='ltr'><strong>meae,</strong></span> <span class='ocrx_word' id='word_1_64' title='bbox 1084 1039 1138 1087; x_wconf 90' lang='lat' dir='ltr'><strong>et</strong></span> <span class='ocrx_word' id='word_1_65' title='bbox 1166 1032 1489 1088; x_wconf 85' lang='lat' dir='ltr'><strong>custodierit</strong></span> <span class='ocrx_word' id='word_1_66' title='bbox 1513 1040 1784 1103; x_wconf 61' lang='lat' dir='ltr'><strong>prmcepta</strong></span> <span class='ocrx_word' id='word_1_67' title='bbox 1810 1040 1862 1086; x_wconf 88' lang='lat' dir='ltr'><strong>ct</strong></span> <span class='ocrx_word' id='word_1_68' title='bbox 1887 1032 2142 1087; x_wconf 89' lang='lat' dir='ltr'><strong>mandata</strong></span> 
     </span>
    </p>
   </div>
   <div class='ocr_carea' id='block_1_10' title="bbox 565 1125 2139 1194">
    <p class='ocr_par' dir='ltr' id='par_1_10' title="bbox 565 1125 2139 1194">
     <span class='ocr_line' id='line_1_10' title="bbox 565 1125 2139 1194; baseline -0.001 -14"><span class='ocrx_word' id='word_1_69' title='bbox 565 1141 719 1191; x_wconf 88' lang='lat' dir='ltr'><strong>mea,</strong></span> <span class='ocrx_word' id='word_1_70' title='bbox 752 1133 805 1180; x_wconf 84' lang='lat' dir='ltr'><strong>et</strong></span> <span class='ocrx_word' id='word_1_71' title='bbox 831 1125 1184 1182; x_wconf 70' lang='lat' dir='ltr'><strong>cmi-emonias</strong></span> <span class='ocrx_word' id='word_1_72' title='bbox 1206 1139 1377 1187; x_wconf 89' lang='lat' dir='ltr'><strong>meas,</strong></span> <span class='ocrx_word' id='word_1_73' title='bbox 1403 1131 1456 1178; x_wconf 85' lang='lat' dir='ltr'><strong>et</strong></span> <span class='ocrx_word' id='word_1_74' title='bbox 1481 1139 1602 1193; x_wconf 74' lang='lat' dir='ltr'><strong>qua:</strong></span> <span class='ocrx_word' id='word_1_75' title='bbox 1633 1125 1687 1178; x_wconf 85' lang='lat' dir='ltr'><strong>in</strong></span> <span class='ocrx_word' id='word_1_76' title='bbox 1717 1125 1931 1194; x_wconf 83' lang='lat' dir='ltr'><strong>legibus</strong></span> <span class='ocrx_word' id='word_1_77' title='bbox 1960 1125 2139 1194; x_wconf 88' lang='lat' dir='ltr'><strong>posita</strong></span> 
     </span>
    </p>
   </div>
   <div class='ocr_carea' id='block_1_11' title="bbox 564 1215 2140 1289">
    <p class='ocr_par' dir='ltr' id='par_1_11' title="bbox 564 1215 2140 1289">
     <span class='ocr_line' id='line_1_11' title="bbox 564 1215 2140 1289; baseline -0.004 -10"><span class='ocrx_word' id='word_1_78' title='bbox 564 1229 695 1280; x_wconf 82' lang='lat' dir='ltr'><strong>sunt</strong></span> <span class='ocrx_word' id='word_1_79' title='bbox 718 1221 782 1274; x_wconf 76' lang='grc'>⁸⁸.</span> <span class='ocrx_word' id='word_1_80' title='bbox 815 1217 1022 1274; x_wconf 77' lang='grc' dir='ltr'>»Ει-ιιιιι</span> <span class='ocrx_word' id='word_1_81' title='bbox 1054 1217 1198 1273; x_wconf 89' lang='lat' dir='ltr'><strong>enim</strong></span> <span class='ocrx_word' id='word_1_82' title='bbox 1229 1217 1392 1272; x_wconf 88' lang='lat' dir='ltr'><strong>etiam</strong></span> <span class='ocrx_word' id='word_1_83' title='bbox 1424 1225 1550 1272; x_wconf 86' lang='lat' dir='ltr'><strong>ante</strong></span> <span class='ocrx_word' id='word_1_84' title='bbox 1579 1215 1744 1284; x_wconf 82' lang='lat' dir='ltr'><strong>Mosis</strong></span> <span class='ocrx_word' id='word_1_85' title='bbox 1781 1218 1953 1289; x_wconf 84' lang='lat' dir='ltr'><strong>legem</strong></span> <span class='ocrx_word' id='word_1_86' title='bbox 1987 1231 2140 1272; x_wconf 89' lang='lat' dir='ltr'><strong>man-</strong></span> 
     </span>
    </p>
   </div>
   <div class='ocr_carea' id='block_1_12' title="bbox 565 1309 2138 1382">
    <p class='ocr_par' dir='ltr' id='par_1_12' title="bbox 565 1309 2138 1382">
     <span class='ocr_line' id='line_1_12' title="bbox 565 1309 2138 1382; baseline -0.002 -14"><span class='ocrx_word' id='word_1_87' title='bbox 565 1313 690 1368; x_wconf 88' lang='lat' dir='ltr'><strong>data</strong></span> <span class='ocrx_word' id='word_1_88' title='bbox 719 1310 816 1368; x_wconf 85' lang='lat' dir='ltr'><strong>Dei</strong></span> <span class='ocrx_word' id='word_1_89' title='bbox 847 1313 953 1370; x_wconf 88' lang='lat' dir='ltr'><strong>alia</strong></span> <span class='ocrx_word' id='word_1_90' title='bbox 980 1319 1034 1367; x_wconf 90' lang='lat' dir='ltr'><strong>et</strong></span> <span class='ocrx_word' id='word_1_91' title='bbox 1063 1309 1432 1372; x_wconf 62' lang='lat' dir='ltr'><strong>caeremoniaa,</strong></span> <span class='ocrx_word' id='word_1_92' title='bbox 1463 1324 1570 1376; x_wconf 81' lang='lat' dir='ltr'><strong>non</strong></span> <span class='ocrx_word' id='word_1_93' title='bbox 1603 1310 1803 1366; x_wconf 79' lang='lat' dir='ltr'><strong>similia</strong></span> <span class='ocrx_word' id='word_1_94' title='bbox 1853 1310 1921 1365; x_wconf 90' lang='lat' dir='ltr'><strong>iis</strong></span> <span class='ocrx_word' id='word_1_95' title='bbox 1961 1325 2080 1382; x_wconf 65' lang='lat' dir='ltr'><strong>quas</strong></span> <span class='ocrx_word' id='word_1_96' title='bbox 2107 1326 2138 1366; x_wconf 79' lang='grc' dir='ltr'><strong>ιι</strong></span> 
     </span>
    </p>
   </div>
   <div class='ocr_carea' id='block_1_13' title="bbox 561 1401 2136 1470">
    <p class='ocr_par' dir='ltr' id='par_1_13' title="bbox 561 1401 2136 1470">
     <span class='ocr_line' id='line_1_13' title="bbox 561 1401 2136 1470; baseline -0.001 -13"><span class='ocrx_word' id='word_1_97' title='bbox 561 1403 715 1460; x_wconf 84' lang='lat' dir='ltr'><strong>Mose</strong></span> <span class='ocrx_word' id='word_1_98' title='bbox 747 1402 948 1464; x_wconf 88' lang='lat' dir='ltr'><strong>tradita</strong></span> <span class='ocrx_word' id='word_1_99' title='bbox 980 1405 1129 1463; x_wconf 91' lang='lat' dir='ltr'><strong>sunt,</strong></span> <span class='ocrx_word' id='word_1_100' title='bbox 1166 1401 1422 1470; x_wconf 81' lang='lat' dir='ltr'><strong>legesque</strong></span> <span class='ocrx_word' id='word_1_101' title='bbox 1449 1401 1587 1462; x_wconf 70' lang='lat' dir='ltr'><strong>aliae,</strong></span> <span class='ocrx_word' id='word_1_102' title='bbox 1620 1416 1684 1454; x_wconf 89' lang='lat' dir='ltr'><strong>ac</strong></span> <span class='ocrx_word' id='word_1_103' title='bbox 1719 1409 1992 1470; x_wconf 76' lang='lat' dir='ltr'><strong>praecepta</strong></span> <span class='ocrx_word' id='word_1_104' title='bbox 2028 1401 2136 1457; x_wconf 86' lang='lat' dir='ltr'><strong>Do-</strong></span> 
     </span>
    </p>
   </div>
   <div class='ocr_carea' id='block_1_14' title="bbox 558 1490 2139 1566">
    <p class='ocr_par' dir='ltr' id='par_1_14' title="bbox 558 1490 2139 1566">
     <span class='ocr_line' id='line_1_14' title="bbox 558 1490 2139 1566; baseline -0.003 -16"><span class='ocrx_word' id='word_1_105' title='bbox 558 1495 732 1560; x_wconf 87' lang='lat' dir='ltr'><strong>mini,</strong></span> <span class='ocrx_word' id='word_1_106' title='bbox 769 1509 863 1566; x_wconf 87' lang='lat' dir='ltr'><strong>per</strong></span> <span class='ocrx_word' id='word_1_107' title='bbox 894 1509 1014 1566; x_wconf 73' lang='lat' dir='ltr'><strong>qua:</strong></span> <span class='ocrx_word' id='word_1_108' title='bbox 1045 1493 1122 1546; x_wconf 90' lang='lat' dir='ltr'><strong>illi</strong></span> <span class='ocrx_word' id='word_1_109' title='bbox 1149 1492 1419 1562; x_wconf 81' lang='lat' dir='ltr'><strong>justitiam</strong></span> <span class='ocrx_word' id='word_1_110' title='bbox 1449 1491 1628 1564; x_wconf 86' lang='lat' dir='ltr'><strong>adepti</strong></span> <span class='ocrx_word' id='word_1_111' title='bbox 1664 1502 1812 1547; x_wconf 89' lang='lat' dir='ltr'><strong>sunt.</strong></span> <span class='ocrx_word' id='word_1_112' title='bbox 1845 1490 2017 1558; x_wconf 78' lang='lat' dir='ltr'><strong>Porro</strong></span> <span class='ocrx_word' id='word_1_113' title='bbox 2048 1507 2139 1546; x_wconf 89' lang='lat' dir='ltr'><strong>au-</strong></span> 
     </span>
    </p>
   </div>
   <div class='ocr_carea' id='block_1_15' title="bbox 557 1581 2136 1658">
    <p class='ocr_par' dir='ltr' id='par_1_15' title="bbox 557 1581 2136 1658">
     <span class='ocr_line' id='line_1_15' title="bbox 557 1581 2136 1658; baseline -0.003 -17"><span class='ocrx_word' id='word_1_114' title='bbox 557 1595 666 1646; x_wconf 89' lang='lat' dir='ltr'><strong>tem</strong></span> <span class='ocrx_word' id='word_1_115' title='bbox 697 1586 842 1657; x_wconf 87' lang='lat' dir='ltr'><strong>quod</strong></span> <span class='ocrx_word' id='word_1_116' title='bbox 874 1601 982 1640; x_wconf 87' lang='lat' dir='ltr'><strong>non</strong></span> <span class='ocrx_word' id='word_1_117' title='bbox 1014 1583 1203 1640; x_wconf 90' lang='lat' dir='ltr'><strong>eadem</strong></span> <span class='ocrx_word' id='word_1_118' title='bbox 1233 1593 1420 1640; x_wconf 87' lang='lat' dir='ltr'><strong>essent</strong></span> <span class='ocrx_word' id='word_1_119' title='bbox 1448 1599 1572 1638; x_wconf 88' lang='lat' dir='ltr'><strong>cum</strong></span> <span class='ocrx_word' id='word_1_120' title='bbox 1609 1584 1677 1638; x_wconf 92' lang='lat' dir='ltr'><strong>iis</strong></span> <span class='ocrx_word' id='word_1_121' title='bbox 1697 1623 1712 1646; x_wconf 88' lang='lat'><strong>,</strong></span> <span class='ocrx_word' id='word_1_122' title='bbox 1744 1597 1865 1653; x_wconf 58' lang='lat' dir='ltr'><strong>quae</strong></span> <span class='ocrx_word' id='word_1_123' title='bbox 1895 1599 1992 1652; x_wconf 86' lang='lat' dir='ltr'><strong>per</strong></span> <span class='ocrx_word' id='word_1_124' title='bbox 2023 1581 2136 1658; x_wconf 76' lang='lat' dir='ltr'><strong>Mo-</strong></span> 
     </span>
    </p>
   </div>
   <div class='ocr_carea' id='block_1_16' title="bbox 558 1675 2134 1748">
    <p class='ocr_par' dir='ltr' id='par_1_16' title="bbox 558 1675 2134 1748">
     <span class='ocr_line' id='line_1_16' title="bbox 558 1675 2134 1748; baseline -0.003 -14"><span class='ocrx_word' id='word_1_125' title='bbox 558 1693 676 1742; x_wconf 82' lang='lat' dir='ltr'><strong>sem</strong></span> <span class='ocrx_word' id='word_1_126' title='bbox 725 1678 782 1748; x_wconf 87' lang='lat' dir='ltr'><strong>in</strong></span> <span class='ocrx_word' id='word_1_127' title='bbox 831 1679 1041 1748; x_wconf 76' lang='lat' dir='ltr'><strong>legibus</strong></span> <span class='ocrx_word' id='word_1_128' title='bbox 1071 1676 1249 1747; x_wconf 88' lang='lat' dir='ltr'><strong>posita</strong></span> <span class='ocrx_word' id='word_1_129' title='bbox 1279 1683 1442 1742; x_wconf 87' lang='lat' dir='ltr'><strong>sunt,</strong></span> <span class='ocrx_word' id='word_1_130' title='bbox 1477 1675 1656 1731; x_wconf 81' lang='lat' dir='ltr'><strong>Moses</strong></span> <span class='ocrx_word' id='word_1_131' title='bbox 1694 1675 1810 1745; x_wconf 89' lang='lat' dir='ltr'><strong>ipse</strong></span> <span class='ocrx_word' id='word_1_132' title='bbox 1843 1676 2134 1747; x_wconf 90' lang='lat' dir='ltr'><strong>perspicue</strong></span> 
     </span>
    </p>
   </div>
   <div class='ocr_carea' id='block_1_17' title="bbox 560 1769 2130 1844">
    <p class='ocr_par' dir='ltr' id='par_1_17' title="bbox 560 1769 2130 1844">
     <span class='ocr_line' id='line_1_17' title="bbox 560 1769 2130 1844; baseline -0.002 -19"><span class='ocrx_word' id='word_1_133' title='bbox 560 1769 940 1836; x_wconf 84' lang='lat' dir='ltr'><strong>demonstrat,</strong></span> <span class='ocrx_word' id='word_1_134' title='bbox 973 1769 1065 1825; x_wconf 90' lang='lat' dir='ltr'><strong>ubi</strong></span> <span class='ocrx_word' id='word_1_135' title='bbox 1097 1769 1174 1824; x_wconf 86' lang='lat' dir='ltr'><strong>ait</strong></span> <span class='ocrx_word' id='word_1_136' title='bbox 1218 1769 1286 1825; x_wconf 91' lang='lat' dir='ltr'><strong>ad</strong></span> <span class='ocrx_word' id='word_1_137' title='bbox 1333 1770 1592 1844; x_wconf 84' lang='lat' dir='ltr'><strong>populum</strong></span> <span class='ocrx_word' id='word_1_138' title='bbox 1623 1789 1636 1824; x_wconf 90' lang='lat'><strong>:</strong></span> <span class='ocrx_word' id='word_1_139' title='bbox 1668 1789 1686 1820; x_wconf 74' lang='grc' dir='ltr'><strong>ι</strong></span> <span class='ocrx_word' id='word_1_140' title='bbox 1719 1771 1899 1835; x_wconf 81' lang='lat' dir='ltr'><strong>Audi,</strong></span> <span class='ocrx_word' id='word_1_141' title='bbox 1934 1769 2130 1834; x_wconf 86' lang='lat' dir='ltr'><strong>Israel,</strong></span> 
     </span>
    </p>
   </div>
   <div class='ocr_carea' id='block_1_18' title="bbox 551 1863 2133 1940">
    <p class='ocr_par' dir='ltr' id='par_1_18' title="bbox 551 1863 2133 1940">
     <span class='ocr_line' id='line_1_18' title="bbox 551 1863 2133 1940; baseline -0.004 -18"><span class='ocrx_word' id='word_1_142' title='bbox 551 1863 1015 1940; x_wconf 80' lang='lat' dir='ltr'><strong>justilicationes,</strong></span> <span class='ocrx_word' id='word_1_143' title='bbox 1047 1871 1100 1920; x_wconf 85' lang='lat' dir='ltr'><strong>et</strong></span> <span class='ocrx_word' id='word_1_144' title='bbox 1127 1863 1370 1934; x_wconf 90' lang='lat' dir='ltr'><strong>judicia,</strong></span> <span class='ocrx_word' id='word_1_145' title='bbox 1408 1877 1752 1934; x_wconf 64' lang='lat' dir='ltr'><strong>quaecunque</strong></span> <span class='ocrx_word' id='word_1_146' title='bbox 1797 1879 1896 1935; x_wconf 77' lang='lat' dir='ltr'><strong>ego</strong></span> <span class='ocrx_word' id='word_1_147' title='bbox 1937 1864 2133 1934; x_wconf 90' lang='lat' dir='ltr'><strong>loquor</strong></span> 
     </span>
    </p>
   </div>
   <div class='ocr_carea' id='block_1_19' title="bbox 553 1952 2136 2020">
    <p class='ocr_par' dir='ltr' id='par_1_19' title="bbox 553 1952 2136 2020">
     <span class='ocr_line' id='line_1_19' title="bbox 553 1952 2136 2020; baseline 0 -12"><span class='ocrx_word' id='word_1_148' title='bbox 553 1954 611 2008; x_wconf 91' lang='lat' dir='ltr'><strong>in</strong></span> <span class='ocrx_word' id='word_1_149' title='bbox 645 1955 872 2010; x_wconf 84' lang='lat' dir='ltr'><strong>auribus</strong></span> <span class='ocrx_word' id='word_1_150' title='bbox 901 1955 1104 2012; x_wconf 86' lang='lat' dir='ltr'><strong>vestris</strong></span> <span class='ocrx_word' id='word_1_151' title='bbox 1139 1953 1195 2008; x_wconf 89' lang='lat' dir='ltr'><strong>in</strong></span> <span class='ocrx_word' id='word_1_152' title='bbox 1225 1953 1313 2008; x_wconf 89' lang='lat' dir='ltr'><strong>die</strong></span> <span class='ocrx_word' id='word_1_153' title='bbox 1339 1953 1463 2017; x_wconf 88' lang='lat' dir='ltr'><strong>hac,</strong></span> <span class='ocrx_word' id='word_1_154' title='bbox 1495 1959 1550 2008; x_wconf 91' lang='lat' dir='ltr'><strong>et</strong></span> <span class='ocrx_word' id='word_1_155' title='bbox 1577 1952 1806 2008; x_wconf 88' lang='lat' dir='ltr'><strong>discetis</strong></span> <span class='ocrx_word' id='word_1_156' title='bbox 1829 1970 1915 2020; x_wconf 88' lang='lat' dir='ltr'><strong>ea,</strong></span> <span class='ocrx_word' id='word_1_157' title='bbox 1943 1963 1998 2010; x_wconf 86' lang='lat' dir='ltr'><strong>et</strong></span> <span class='ocrx_word' id='word_1_158' title='bbox 2024 1971 2136 2010; x_wconf 90' lang='lat' dir='ltr'><strong>ser-</strong></span> 
     </span>
    </p>
   </div>
   <div class='ocr_carea' id='block_1_20' title="bbox 553 2044 2134 2128">
    <p class='ocr_par' dir='ltr' id='par_1_20' title="bbox 553 2044 2134 2128">
     <span class='ocr_line' id='line_1_20' title="bbox 553 2044 2134 2128; baseline -0.001 -26"><span class='ocrx_word' id='word_1_159' title='bbox 553 2048 787 2128; x_wconf 65' lang='lat' dir='ltr'><strong>vabitis,</strong></span> <span class='ocrx_word' id='word_1_160' title='bbox 822 2055 885 2122; x_wconf 85' lang='lat' dir='ltr'><strong>ut</strong></span> <span class='ocrx_word' id='word_1_161' title='bbox 915 2061 979 2105; x_wconf 84' lang='lat' dir='ltr'><strong>ea</strong></span> <span class='ocrx_word' id='word_1_162' title='bbox 1011 2047 1252 2103; x_wconf 83' lang='lat' dir='ltr'><strong>faciatis.</strong></span> <span class='ocrx_word' id='word_1_163' title='bbox 1295 2044 1560 2101; x_wconf 88' lang='lat' dir='ltr'><strong>Dominus</strong></span> <span class='ocrx_word' id='word_1_164' title='bbox 1593 2044 1738 2110; x_wconf 74' lang='lat' dir='ltr'><strong>Deus</strong></span> <span class='ocrx_word' id='word_1_165' title='bbox 1785 2053 1964 2103; x_wconf 84' lang='lat' dir='ltr'><strong>vester</strong></span> <span class='ocrx_word' id='word_1_166' title='bbox 2005 2063 2134 2102; x_wconf 88' lang='lat' dir='ltr'><strong>con-</strong></span> 
     </span>
    </p>
   </div>
   <div class='ocr_carea' id='block_1_21' title="bbox 553 2139 2135 2209">
    <p class='ocr_par' dir='ltr' id='par_1_21' title="bbox 553 2139 2135 2209">
     <span class='ocr_line' id='line_1_21' title="bbox 553 2139 2135 2209; baseline -0.001 -15"><span class='ocrx_word' id='word_1_167' title='bbox 553 2139 694 2194; x_wconf 88' lang='lat' dir='ltr'><strong>didit</strong></span> <span class='ocrx_word' id='word_1_168' title='bbox 723 2139 880 2208; x_wconf 83' lang='lat' dir='ltr'><strong>vobis</strong></span> <span class='ocrx_word' id='word_1_169' title='bbox 914 2139 966 2193; x_wconf 92' lang='lat' dir='ltr'><strong>in</strong></span> <span class='ocrx_word' id='word_1_170' title='bbox 1001 2139 1220 2196; x_wconf 86' lang='lat' dir='ltr'><strong>Choreb</strong></span> <span class='ocrx_word' id='word_1_171' title='bbox 1247 2147 1658 2204; x_wconf 88' lang='lat' dir='ltr'><strong>testamentum,</strong></span> <span class='ocrx_word' id='word_1_172' title='bbox 1693 2139 2014 2209; x_wconf 86' lang='lat' dir='ltr'><strong>neutiquam</strong></span> <span class='ocrx_word' id='word_1_173' title='bbox 2045 2155 2135 2209; x_wconf 89' lang='lat' dir='ltr'><strong>pa-</strong></span> 
     </span>
    </p>
   </div>
   <div class='ocr_carea' id='block_1_22' title="bbox 551 2230 2129 2297">
    <p class='ocr_par' dir='ltr' id='par_1_22' title="bbox 551 2230 2129 2297">
     <span class='ocr_line' id='line_1_22' title="bbox 551 2230 2129 2297; baseline 0.002 -13"><span class='ocrx_word' id='word_1_174' title='bbox 551 2231 731 2288; x_wconf 86' lang='lat' dir='ltr'><strong>tribus</strong></span> <span class='ocrx_word' id='word_1_175' title='bbox 761 2232 963 2287; x_wconf 90' lang='lat' dir='ltr'><strong>vcstris</strong></span> <span class='ocrx_word' id='word_1_176' title='bbox 992 2231 1241 2286; x_wconf 91' lang='lat' dir='ltr'><strong>condidit</strong></span> <span class='ocrx_word' id='word_1_177' title='bbox 1273 2230 1539 2286; x_wconf 88' lang='lat' dir='ltr'><strong>Dominus</strong></span> <span class='ocrx_word' id='word_1_178' title='bbox 1571 2238 1963 2292; x_wconf 84' lang='lat' dir='ltr'><strong>testamentum</strong></span> <span class='ocrx_word' id='word_1_179' title='bbox 1991 2232 2094 2286; x_wconf 90' lang='lat' dir='ltr'><strong>hoc</strong></span> <span class='ocrx_word' id='word_1_180' title='bbox 2113 2272 2129 2297; x_wconf 90' lang='lat'><strong>,</strong></span> 
     </span>
    </p>
   </div>
   <div class='ocr_carea' id='block_1_23' title="bbox 553 2321 2130 2397">
    <p class='ocr_par' dir='ltr' id='par_1_23' title="bbox 553 2321 2130 2397">
     <span class='ocr_line' id='line_1_23' title="bbox 553 2321 2130 2397; baseline -0.001 -17"><span class='ocrx_word' id='word_1_181' title='bbox 553 2321 662 2397; x_wconf 66' lang='grc'><strong>14</strong></span> <span class='ocrx_word' id='word_1_182' title='bbox 691 2324 786 2380; x_wconf 87' lang='lat' dir='ltr'><strong>sed</strong></span> <span class='ocrx_word' id='word_1_183' title='bbox 820 2324 978 2383; x_wconf 83' lang='lat' dir='ltr'><strong>vobis</strong></span> <span class='ocrx_word' id='word_1_184' title='bbox 1004 2325 1070 2381; x_wconf 60' lang='grc' dir='ltr'><strong>εξ.</strong></span> <span class='ocrx_word' id='word_1_185' title='bbox 1107 2344 1126 2378; x_wconf 70' lang='grc' dir='ltr'><strong>ι</strong></span> <span class='ocrx_word' id='word_1_186' title='bbox 1153 2323 1220 2378; x_wconf 86' lang='lat' dir='ltr'><strong>Et</strong></span> <span class='ocrx_word' id='word_1_187' title='bbox 1250 2340 1383 2380; x_wconf 87' lang='lat' dir='ltr'><strong>sane</strong></span> <span class='ocrx_word' id='word_1_188' title='bbox 1423 2331 1609 2395; x_wconf 88' lang='lat' dir='ltr'><strong>specta</strong></span> <span class='ocrx_word' id='word_1_189' title='bbox 1637 2365 1651 2389; x_wconf 91' lang='lat'><strong>,</strong></span> <span class='ocrx_word' id='word_1_190' title='bbox 1695 2333 1755 2378; x_wconf 91' lang='lat' dir='ltr'><strong>ut</strong></span> <span class='ocrx_word' id='word_1_191' title='bbox 1795 2327 1954 2394; x_wconf 84' lang='lat' dir='ltr'><strong>plane</strong></span> <span class='ocrx_word' id='word_1_192' title='bbox 1997 2325 2130 2380; x_wconf 83' lang='lat' dir='ltr'><strong>dicit</strong></span> 
     </span>
    </p>
   </div>
   <div class='ocr_carea' id='block_1_24' title="bbox 549 2403 2130 2486">
    <p class='ocr_par' dir='ltr' id='par_1_24' title="bbox 549 2403 2130 2486">
     <span class='ocr_line' id='line_1_24' title="bbox 549 2403 2130 2486; baseline 0.003 -18"><span class='ocrx_word' id='word_1_193' title='bbox 549 2407 963 2472; x_wconf 70' lang='lat' dir='ltr'><strong>Testamentum</strong></span> <span class='ocrx_word' id='word_1_194' title='bbox 992 2416 1097 2470; x_wconf 92' lang='lat' dir='ltr'><strong>hoc</strong></span> <span class='ocrx_word' id='word_1_195' title='bbox 1123 2455 1136 2480; x_wconf 90' lang='lat'><strong>,</strong></span> <span class='ocrx_word' id='word_1_196' title='bbox 1167 2403 1458 2486; x_wconf 83' lang='lat' dir='ltr'><strong>propterea</strong></span> <span class='ocrx_word' id='word_1_197' title='bbox 1495 2415 1642 2486; x_wconf 80' lang='lat' dir='ltr'><strong>quod</strong></span> <span class='ocrx_word' id='word_1_198' title='bbox 1677 2432 1784 2470; x_wconf 91' lang='lat' dir='ltr'><strong>uon</strong></span> <span class='ocrx_word' id='word_1_199' title='bbox 1821 2416 1965 2471; x_wconf 89' lang='lat' dir='ltr'><strong>idem</strong></span> <span class='ocrx_word' id='word_1_200' title='bbox 1997 2417 2130 2472; x_wconf 89' lang='lat' dir='ltr'><strong>illud</strong></span> 
     </span>
    </p>
   </div>
   <div class='ocr_carea' id='block_1_25' title="bbox 547 2509 2129 2588">
    <p class='ocr_par' dir='ltr' id='par_1_25' title="bbox 547 2509 2129 2588">
     <span class='ocr_line' id='line_1_25' title="bbox 547 2509 2129 2588; baseline 0.003 -25"><span class='ocrx_word' id='word_1_201' title='bbox 547 2509 799 2578; x_wconf 87' lang='lat' dir='ltr'><strong>patribus</strong></span> <span class='ocrx_word' id='word_1_202' title='bbox 852 2524 1042 2588; x_wconf 75' lang='lat' dir='ltr'><strong>eorum</strong></span> <span class='ocrx_word' id='word_1_203' title='bbox 1094 2511 1403 2568; x_wconf 88' lang='lat' dir='ltr'><strong>constituit.</strong></span> <span class='ocrx_word' id='word_1_204' title='bbox 1453 2510 1610 2578; x_wconf 86' lang='lat' dir='ltr'><strong>Quod</strong></span> <span class='ocrx_word' id='word_1_205' title='bbox 1649 2513 1696 2570; x_wconf 76' lang='lat' dir='ltr'><strong>si</strong></span> <span class='ocrx_word' id='word_1_206' title='bbox 1733 2512 1982 2568; x_wconf 87' lang='lat' dir='ltr'><strong>absolute</strong></span> <span class='ocrx_word' id='word_1_207' title='bbox 2018 2527 2129 2567; x_wconf 87' lang='lat' dir='ltr'><strong>non</strong></span> 
     </span>
    </p>
   </div>
   <div class='ocr_carea' id='block_1_26' title="bbox 547 2602 2124 2678">
    <p class='ocr_par' dir='ltr' id='par_1_26' title="bbox 547 2602 2124 2678">
     <span class='ocr_line' id='line_1_26' title="bbox 547 2602 2124 2678; baseline 0.002 -22"><span class='ocrx_word' id='word_1_208' title='bbox 547 2602 736 2678; x_wconf 84' lang='lat' dir='ltr'><strong>datum</strong></span> <span class='ocrx_word' id='word_1_209' title='bbox 769 2617 893 2670; x_wconf 85' lang='lat' dir='ltr'><strong>esse</strong></span> <span class='ocrx_word' id='word_1_210' title='bbox 921 2603 1170 2676; x_wconf 87' lang='lat' dir='ltr'><strong>patribus</strong></span> <span class='ocrx_word' id='word_1_211' title='bbox 1198 2619 1386 2660; x_wconf 84' lang='lat' dir='ltr'><strong>eorum</strong></span> <span class='ocrx_word' id='word_1_212' title='bbox 1431 2613 1816 2660; x_wconf 86' lang='lat' dir='ltr'><strong>testamentum</strong></span> <span class='ocrx_word' id='word_1_213' title='bbox 1858 2606 2124 2670; x_wconf 79' lang='lat' dir='ltr'><strong>dixisset,</strong></span> 
     </span>
    </p>
   </div>
   <div class='ocr_carea' id='block_1_27' title="bbox 546 2693 2126 2770">
    <p class='ocr_par' dir='ltr' id='par_1_27' title="bbox 546 2693 2126 2770">
     <span class='ocr_line' id='line_1_27' title="bbox 546 2693 2126 2770; baseline 0.003 -22"><span class='ocrx_word' id='word_1_214' title='bbox 546 2695 602 2770; x_wconf 85' lang='lat' dir='ltr'><strong>iu</strong></span> <span class='ocrx_word' id='word_1_215' title='bbox 637 2693 982 2752; x_wconf 87' lang='lat' dir='ltr'><strong>mendacium</strong></span> <span class='ocrx_word' id='word_1_216' title='bbox 1017 2711 1149 2752; x_wconf 86' lang='lat' dir='ltr'><strong>sane</strong></span> <span class='ocrx_word' id='word_1_217' title='bbox 1177 2697 1254 2750; x_wconf 93' lang='lat' dir='ltr'><strong>illi</strong></span> <span class='ocrx_word' id='word_1_218' title='bbox 1279 2697 1569 2756; x_wconf 88' lang='lat' dir='ltr'><strong>recidisset</strong></span> <span class='ocrx_word' id='word_1_219' title='bbox 1591 2699 1790 2752; x_wconf 88' lang='lat' dir='ltr'><strong>oratio.</strong></span> <span class='ocrx_word' id='word_1_220' title='bbox 1823 2697 2018 2752; x_wconf 85' lang='lat' dir='ltr'><strong>Datum</strong></span> <span class='ocrx_word' id='word_1_221' title='bbox 2042 2707 2126 2754; x_wconf 91' lang='lat' dir='ltr'><strong>est</strong></span> 
     </span>
    </p>
   </div>
   <div class='ocr_carea' id='block_1_28' title="bbox 544 2785 2123 2858">
    <p class='ocr_par' dir='ltr' id='par_1_28' title="bbox 544 2785 2123 2858">
     <span class='ocr_line' id='line_1_28' title="bbox 544 2785 2123 2858; baseline 0.002 -15"><span class='ocrx_word' id='word_1_222' title='bbox 544 2787 713 2858; x_wconf 74' lang='lat' dir='ltr'><strong>igitur</strong></span> <span class='ocrx_word' id='word_1_223' title='bbox 743 2785 977 2849; x_wconf 77' lang='lat' dir='ltr'><strong>Abrahae</strong></span> <span class='ocrx_word' id='word_1_224' title='bbox 1008 2795 1399 2845; x_wconf 85' lang='lat' dir='ltr'><strong>testamentum</strong></span> <span class='ocrx_word' id='word_1_225' title='bbox 1421 2829 1437 2854; x_wconf 92' lang='lat'><strong>,</strong></span> <span class='ocrx_word' id='word_1_226' title='bbox 1467 2791 1656 2846; x_wconf 89' lang='lat' dir='ltr'><strong>datum</strong></span> <span class='ocrx_word' id='word_1_227' title='bbox 1684 2799 1770 2856; x_wconf 76' lang='lat' dir='ltr'><strong>est</strong></span> <span class='ocrx_word' id='word_1_228' title='bbox 1795 2791 1956 2850; x_wconf 85' lang='lat' dir='ltr'><strong>etiam</strong></span> <span class='ocrx_word' id='word_1_229' title='bbox 1989 2790 2123 2858; x_wconf 88' lang='lat' dir='ltr'><strong>Noe,</strong></span> 
     </span>
    </p>
   </div>
   <div class='ocr_carea' id='block_1_29' title="bbox 545 2867 2122 2958">
    <p class='ocr_par' dir='ltr' id='par_1_29' title="bbox 545 2867 2122 2958">
     <span class='ocr_line' id='line_1_29' title="bbox 545 2867 2122 2958; baseline 0.003 -23"><span class='ocrx_word' id='word_1_230' title='bbox 545 2879 689 2958; x_wconf 82' lang='lat' dir='ltr'><strong>sicut</strong></span> <span class='ocrx_word' id='word_1_231' title='bbox 730 2895 887 2936; x_wconf 90' lang='lat' dir='ltr'><strong>sacra</strong></span> <span class='ocrx_word' id='word_1_232' title='bbox 934 2889 1210 2937; x_wconf 86' lang='lat' dir='ltr'><strong>testantur</strong></span> <span class='ocrx_word' id='word_1_233' title='bbox 1259 2883 1506 2938; x_wconf 88' lang='lat' dir='ltr'><strong>oracula.</strong></span> <span class='ocrx_word' id='word_1_234' title='bbox 1549 2883 1729 2955; x_wconf 81' lang='lat' dir='ltr'><strong>Atque</strong></span> <span class='ocrx_word' id='word_1_235' title='bbox 1761 2867 1968 2942; x_wconf 83' lang='lat' dir='ltr'><strong>idcirco</strong></span> <span class='ocrx_word' id='word_1_236' title='bbox 1999 2903 2122 2941; x_wconf 90' lang='lat' dir='ltr'><strong>cum</strong></span> 
     </span>
    </p>
   </div>
   <div class='ocr_carea' id='block_1_30' title="bbox 544 2973 2125 3052">
    <p class='ocr_par' dir='ltr' id='par_1_30' title="bbox 544 2973 2125 3052">
     <span class='ocr_line' id='line_1_30' title="bbox 544 2973 2125 3052; baseline 0.004 -25"><span class='ocrx_word' id='word_1_237' title='bbox 544 2973 898 3044; x_wconf 87' lang='lat' dir='ltr'><strong>adjunctione</strong></span> <span class='ocrx_word' id='word_1_238' title='bbox 925 2975 1063 3030; x_wconf 79' lang='lat' dir='ltr'><strong>dixit</strong></span> <span class='ocrx_word' id='word_1_239' title='bbox 1107 2975 1310 3042; x_wconf 86' lang='lat' dir='ltr'><strong>Moses,</strong></span> <span class='ocrx_word' id='word_1_240' title='bbox 1345 2993 1456 3032; x_wconf 91' lang='lat' dir='ltr'><strong>non</strong></span> <span class='ocrx_word' id='word_1_241' title='bbox 1491 2977 1596 3033; x_wconf 89' lang='lat' dir='ltr'><strong>hoc</strong></span> <span class='ocrx_word' id='word_1_242' title='bbox 1638 2979 1825 3033; x_wconf 88' lang='lat' dir='ltr'><strong>datum</strong></span> <span class='ocrx_word' id='word_1_243' title='bbox 1866 2996 1988 3052; x_wconf 80' lang='lat' dir='ltr'><strong>esse</strong></span> <span class='ocrx_word' id='word_1_244' title='bbox 2030 2997 2125 3051; x_wconf 84' lang='lat' dir='ltr'><strong>pa-</strong></span> 
     </span>
    </p>
   </div>
   <div class='ocr_carea' id='block_1_31' title="bbox 541 3063 2126 3140">
    <p class='ocr_par' dir='ltr' id='par_1_31' title="bbox 541 3063 2126 3140">
     <span class='ocr_line' id='line_1_31' title="bbox 541 3063 2126 3140; baseline 0.007 -24"><span class='ocrx_word' id='word_1_245' title='bbox 541 3063 719 3136; x_wconf 83' lang='lat' dir='ltr'><strong>tribus</strong></span> <span class='ocrx_word' id='word_1_246' title='bbox 748 3079 936 3120; x_wconf 86' lang='lat' dir='ltr'><strong>eorum</strong></span> <span class='ocrx_word' id='word_1_247' title='bbox 955 3103 968 3129; x_wconf 90' lang='lat'><strong>,</strong></span> <span class='ocrx_word' id='word_1_248' title='bbox 998 3065 1078 3120; x_wconf 91' lang='lat' dir='ltr'><strong>sic</strong></span> <span class='ocrx_word' id='word_1_249' title='bbox 1104 3080 1235 3120; x_wconf 87' lang='lat' dir='ltr'><strong>sane</strong></span> <span class='ocrx_word' id='word_1_250' title='bbox 1256 3067 1488 3121; x_wconf 82' lang='lat' dir='ltr'><strong>alterum</strong></span> <span class='ocrx_word' id='word_1_251' title='bbox 1516 3067 1832 3138; x_wconf 79' lang='lat' dir='ltr'><strong>signiﬁcans</strong></span> <span class='ocrx_word' id='word_1_252' title='bbox 1861 3081 2126 3140; x_wconf 61' lang='lat' dir='ltr'><strong>priestan-</strong></span> 
     </span>
    </p>
   </div>
   <div class='ocr_carea' id='block_1_32' title="bbox 542 3155 2122 3233">
    <p class='ocr_par' dir='ltr' id='par_1_32' title="bbox 542 3155 2122 3233">
     <span class='ocr_line' id='line_1_32' title="bbox 542 3155 2122 3233; baseline 0.005 -21"><span class='ocrx_word' id='word_1_253' title='bbox 542 3155 654 3212; x_wconf 85' lang='lat' dir='ltr'><strong>tius</strong></span> <span class='ocrx_word' id='word_1_254' title='bbox 687 3167 850 3226; x_wconf 88' lang='lat' dir='ltr'><strong>atque</strong></span> <span class='ocrx_word' id='word_1_255' title='bbox 881 3158 1258 3221; x_wconf 84' lang='lat' dir='ltr'><strong>excellentius,</strong></span> <span class='ocrx_word' id='word_1_256' title='bbox 1291 3173 1392 3229; x_wconf 88' lang='lat' dir='ltr'><strong>per</strong></span> <span class='ocrx_word' id='word_1_257' title='bbox 1421 3159 1566 3228; x_wconf 92' lang='lat' dir='ltr'><strong>quod</strong></span> <span class='ocrx_word' id='word_1_258' title='bbox 1599 3161 1794 3225; x_wconf 88' lang='lat' dir='ltr'><strong>amici,</strong></span> <span class='ocrx_word' id='word_1_259' title='bbox 1830 3162 2122 3233; x_wconf 80' lang='lat' dir='ltr'><strong>dilectique</strong></span> 
     </span>
    </p>
   </div>
   <div class='ocr_carea' id='block_1_33' title="bbox 2246 669 3826 746">
    <p class='ocr_par' dir='ltr' id='par_1_33' title="bbox 2246 669 3826 746">
     <span class='ocr_line' id='line_1_33' title="bbox 2246 669 3826 746; baseline 0.006 -24"><span class='ocrx_word' id='word_1_260' title='bbox 2246 669 2338 736; x_wconf 76' lang='grc' dir='ltr'>τοῦ</span> <span class='ocrx_word' id='word_1_261' title='bbox 2377 669 2622 744; x_wconf 78' lang='grc' dir='ltr'>Μωσέως</span> <span class='ocrx_word' id='word_1_262' title='bbox 2667 671 2832 742; x_wconf 85' lang='grc' dir='ltr'>νόμου</span> <span class='ocrx_word' id='word_1_263' title='bbox 2879 671 3278 743; x_wconf 80' lang='grc' dir='ltr'><strong>προστάγματα</strong></span> <span class='ocrx_word' id='word_1_264' title='bbox 3336 672 3472 728; x_wconf 80' lang='grc' dir='ltr'>Θεοῦ</span> <span class='ocrx_word' id='word_1_265' title='bbox 3515 673 3700 746; x_wconf 74' lang='grc' dir='ltr'>ἕτερα,</span> <span class='ocrx_word' id='word_1_266' title='bbox 3729 678 3826 730; x_wconf 75' lang='grc' dir='ltr'><strong>καὶ</strong></span> 
     </span>
    </p>
   </div>
   <div class='ocr_carea' id='block_1_34' title="bbox 2245 761 3827 839">
    <p class='ocr_par' dir='ltr' id='par_1_34' title="bbox 2245 761 3827 839">
     <span class='ocr_line' id='line_1_34' title="bbox 2245 761 3827 839; baseline 0.006 -25"><span class='ocrx_word' id='word_1_267' title='bbox 2245 761 2610 833; x_wconf 82' lang='grc' dir='ltr'>δικαιώματα,</span> <span class='ocrx_word' id='word_1_268' title='bbox 2679 763 2778 833; x_wconf 81' lang='grc' dir='ltr'><strong>οὐχ</strong></span> <span class='ocrx_word' id='word_1_269' title='bbox 2818 764 2978 834; x_wconf 79' lang='grc' dir='ltr'>ὅμοια</span> <span class='ocrx_word' id='word_1_270' title='bbox 3013 766 3126 828; x_wconf 85' lang='grc' dir='ltr'>τοῖς</span> <span class='ocrx_word' id='word_1_271' title='bbox 3169 764 3322 836; x_wconf 87' lang='grc' dir='ltr'>παρὰ</span> <span class='ocrx_word' id='word_1_272' title='bbox 3361 766 3571 832; x_wconf 86' lang='grc' dir='ltr'>Μωσεῖ,</span> <span class='ocrx_word' id='word_1_273' title='bbox 3617 768 3827 839; x_wconf 86' lang='grc' dir='ltr'>νόμιμά</span> 
     </span>
    </p>
   </div>
   <div class='ocr_carea' id='block_1_35' title="bbox 2245 852 3821 931">
    <p class='ocr_par' dir='ltr' id='par_1_35' title="bbox 2245 852 3821 931">
     <span class='ocr_line' id='line_1_35' title="bbox 2245 852 3821 931; baseline 0.004 -23"><span class='ocrx_word' id='word_1_274' title='bbox 2245 873 2303 908; x_wconf 88' lang='grc' dir='ltr'><strong>τε</strong></span> <span class='ocrx_word' id='word_1_275' title='bbox 2349 855 2483 922; x_wconf 79' lang='grc' dir='ltr'>ἄλλα</span> <span class='ocrx_word' id='word_1_276' title='bbox 2530 857 2623 928; x_wconf 75' lang='grc' dir='ltr'><strong>καὶ</strong></span> <span class='ocrx_word' id='word_1_277' title='bbox 2659 856 2870 910; x_wconf 75' lang='grc' dir='ltr'><strong>ἐντολαὶ</strong></span> <span class='ocrx_word' id='word_1_278' title='bbox 2897 856 3156 928; x_wconf 82' lang='grc' dir='ltr'><strong>Χριστοῦ,</strong></span> <span class='ocrx_word' id='word_1_279' title='bbox 3185 857 3252 910; x_wconf 84' lang='grc' dir='ltr'>δι’</span> <span class='ocrx_word' id='word_1_280' title='bbox 3284 852 3358 912; x_wconf 85' lang='grc' dir='ltr'>ὧν</span> <span class='ocrx_word' id='word_1_281' title='bbox 3405 858 3821 931; x_wconf 83' lang='grc' dir='ltr'>ὲδικαιὼθησαν.</span> 
     </span>
    </p>
   </div>
   <div class='ocr_carea' id='block_1_36' title="bbox 2248 941 3827 1024">
    <p class='ocr_par' dir='ltr' id='par_1_36' title="bbox 2248 941 3827 1024">
     <span class='ocr_line' id='line_1_36' title="bbox 2248 941 3827 1024; baseline 0.006 -27"><span class='ocrx_word' id='word_1_282' title='bbox 2248 945 2370 998; x_wconf 86' lang='grc' dir='ltr'>Ὅτι</span> <span class='ocrx_word' id='word_1_283' title='bbox 2399 945 2442 998; x_wconf 80' lang='grc' dir='ltr'>δ’</span> <span class='ocrx_word' id='word_1_284' title='bbox 2471 946 2530 998; x_wconf 75' lang='grc' dir='ltr'><strong>οὐ</strong></span> <span class='ocrx_word' id='word_1_285' title='bbox 2564 945 2632 998; x_wconf 77' lang='grc' dir='ltr'><strong>τὰ</strong></span> <span class='ocrx_word' id='word_1_286' title='bbox 2671 945 2811 1022; x_wconf 72' lang='grc' dir='ltr'>αὐτὰ</span> <span class='ocrx_word' id='word_1_287' title='bbox 2865 941 2935 1018; x_wconf 80' lang='grc' dir='ltr'>ἦν</span> <span class='ocrx_word' id='word_1_288' title='bbox 2971 949 3084 1010; x_wconf 85' lang='grc' dir='ltr'>τοῖς</span> <span class='ocrx_word' id='word_1_289' title='bbox 3131 947 3218 1004; x_wconf 76' lang='grc' dir='ltr'>διὰ</span> <span class='ocrx_word' id='word_1_290' title='bbox 3247 949 3492 1014; x_wconf 77' lang='grc' dir='ltr'>Μωσέως</span> <span class='ocrx_word' id='word_1_291' title='bbox 3531 951 3827 1024; x_wconf 84' lang='grc' dir='ltr'>νομοθετη-</span> 
     </span>
    </p>
   </div>
   <div class='ocr_carea' id='block_1_37' title="bbox 2244 1037 3824 1116">
    <p class='ocr_par' dir='ltr' id='par_1_37' title="bbox 2244 1037 3824 1116">
     <span class='ocr_line' id='line_1_37' title="bbox 2244 1037 3824 1116; baseline 0.006 -27"><span class='ocrx_word' id='word_1_292' title='bbox 2244 1037 2400 1102; x_wconf 80' lang='grc' dir='ltr'>θεῖσι,</span> <span class='ocrx_word' id='word_1_293' title='bbox 2463 1038 2648 1108; x_wconf 76' lang='grc' dir='ltr'>σαφῶς</span> <span class='ocrx_word' id='word_1_294' title='bbox 2693 1040 2722 1091; x_wconf 86' lang='grc' dir='ltr'><strong><em>ὁ</em></strong></span> <span class='ocrx_word' id='word_1_295' title='bbox 2774 1039 2979 1111; x_wconf 83' lang='grc' dir='ltr'>Μωσῆς</span> <span class='ocrx_word' id='word_1_296' title='bbox 3030 1039 3380 1112; x_wconf 84' lang='grc' dir='ltr'>παρίστησιν.</span> <span class='ocrx_word' id='word_1_297' title='bbox 3425 1043 3482 1094; x_wconf 80' lang='grc' dir='ltr'><strong>ὲν</strong></span> <span class='ocrx_word' id='word_1_298' title='bbox 3531 1038 3612 1106; x_wconf 72' lang='grc' dir='ltr'>οἷς</span> <span class='ocrx_word' id='word_1_299' title='bbox 3659 1061 3824 1116; x_wconf 81' lang='grc' dir='ltr'>φησιν</span> 
     </span>
    </p>
   </div>
   <div class='ocr_carea' id='block_1_38' title="bbox 2239 1129 3824 1208">
    <p class='ocr_par' dir='ltr' id='par_1_38' title="bbox 2239 1129 3824 1208">
     <span class='ocr_line' id='line_1_38' title="bbox 2239 1129 3824 1208; baseline 0.006 -26"><span class='ocrx_word' id='word_1_300' title='bbox 2239 1129 2378 1201; x_wconf 74' lang='grc' dir='ltr'>πρὸς</span> <span class='ocrx_word' id='word_1_301' title='bbox 2399 1130 2490 1183; x_wconf 79' lang='grc' dir='ltr'><strong>τὸν</strong></span> <span class='ocrx_word' id='word_1_302' title='bbox 2504 1131 2630 1184; x_wconf 86' lang='grc' dir='ltr'>λαόν</span> <span class='ocrx_word' id='word_1_303' title='bbox 2649 1148 2661 1161; x_wconf 75' lang='grc'><strong><em>⁸</em></strong></span> <span class='ocrx_word' id='word_1_304' title='bbox 2689 1151 2706 1182; x_wconf 79' lang='grc' dir='ltr'><strong>ι</strong></span> <span class='ocrx_word' id='word_1_305' title='bbox 2749 1131 2968 1196; x_wconf 81' lang='grc' dir='ltr'>Ἀκουε,</span> <span class='ocrx_word' id='word_1_306' title='bbox 3006 1133 3325 1205; x_wconf 77' lang='grc' dir='ltr'>Ἰσραὴλ,τὰ</span> <span class='ocrx_word' id='word_1_307' title='bbox 3355 1135 3698 1208; x_wconf 79' lang='grc' dir='ltr'>δικαιώματα</span> <span class='ocrx_word' id='word_1_308' title='bbox 3728 1137 3824 1191; x_wconf 60' lang='grc' dir='ltr'><strong>καὶΙ</strong></span> 
     </span>
    </p>
   </div>
   <div class='ocr_carea' id='block_1_39' title="bbox 2239 1209 3822 1302">
    <p class='ocr_par' dir='ltr' id='par_1_39' title="bbox 2239 1220 3822 1302">
     <span class='ocr_line' id='line_1_39' title="bbox 2239 1220 3822 1302; baseline 0.005 -28"><span class='ocrx_word' id='word_1_309' title='bbox 2239 1221 2308 1275; x_wconf 75' lang='grc' dir='ltr'>τὰ</span> <span class='ocrx_word' id='word_1_310' title='bbox 2337 1223 2598 1293; x_wconf 86' lang='grc' dir='ltr'>κρίματα,</span> <span class='ocrx_word' id='word_1_311' title='bbox 2627 1223 2728 1276; x_wconf 84' lang='grc' dir='ltr'><strong>ὅσα</strong></span> <span class='ocrx_word' id='word_1_312' title='bbox 2765 1223 2875 1292; x_wconf 77' lang='grc' dir='ltr'><strong>ἐγὼ</strong></span> <span class='ocrx_word' id='word_1_313' title='bbox 2905 1220 3052 1278; x_wconf 87' lang='grc' dir='ltr'>λαλῶ</span> <span class='ocrx_word' id='word_1_314' title='bbox 3089 1225 3146 1278; x_wconf 85' lang='grc' dir='ltr'><strong>ἐν</strong></span> <span class='ocrx_word' id='word_1_315' title='bbox 3175 1229 3289 1290; x_wconf 88' lang='grc' dir='ltr'>τοῖς</span> <span class='ocrx_word' id='word_1_316' title='bbox 3313 1228 3448 1282; x_wconf 76' lang='grc' dir='ltr'>ὠσὶν</span> <span class='ocrx_word' id='word_1_317' title='bbox 3483 1229 3511 1280; x_wconf 88' lang='grc' dir='ltr'><strong>ύ</strong></span> <span class='ocrx_word' id='word_1_318' title='bbox 3521 1229 3636 1300; x_wconf 86' lang='grc' dir='ltr'><strong>μῶν</strong></span> <span class='ocrx_word' id='word_1_319' title='bbox 3668 1230 3727 1282; x_wconf 80' lang='grc' dir='ltr'><strong>ἐν</strong></span> <span class='ocrx_word' id='word_1_320' title='bbox 3752 1233 3822 1302; x_wconf 77' lang='grc' dir='ltr'>τῇ</span> 
     </span>
    </p>
   </div>
   <div class='ocr_carea' id='block_1_40' title="bbox 2237 1311 3822 1390">
    <p class='ocr_par' dir='ltr' id='par_1_40' title="bbox 2237 1311 3822 1390">
     <span class='ocr_line' id='line_1_40' title="bbox 2237 1311 3822 1390; baseline 0.004 -25"><span class='ocrx_word' id='word_1_321' title='bbox 2237 1311 2420 1384; x_wconf 74' lang='grc' dir='ltr'>ἡμέρα</span> <span class='ocrx_word' id='word_1_322' title='bbox 2451 1313 2641 1384; x_wconf 82' lang='grc' dir='ltr'>ταύτῃ,</span> <span class='ocrx_word' id='word_1_323' title='bbox 2686 1315 2780 1368; x_wconf 77' lang='grc' dir='ltr'><strong>καὶ</strong></span> <span class='ocrx_word' id='word_1_324' title='bbox 2825 1314 3134 1385; x_wconf 75' lang='grc' dir='ltr'><strong>μαθήσεσθε</strong></span> <span class='ocrx_word' id='word_1_325' title='bbox 3179 1317 3336 1382; x_wconf 74' lang='grc' dir='ltr'>αὐτὰ,</span> <span class='ocrx_word' id='word_1_326' title='bbox 3379 1319 3473 1372; x_wconf 79' lang='grc' dir='ltr'><strong>καὶ</strong></span> <span class='ocrx_word' id='word_1_327' title='bbox 3521 1318 3822 1390; x_wconf 76' lang='grc' dir='ltr'><strong>φυλάξεσθε</strong></span> 
     </span>
    </p>
   </div>
   <div class='ocr_carea' id='block_1_41' title="bbox 2241 1405 3823 1482">
    <p class='ocr_par' dir='ltr' id='par_1_41' title="bbox 2241 1405 3823 1482">
     <span class='ocr_line' id='line_1_41' title="bbox 2241 1405 3823 1482; baseline 0.005 -25"><span class='ocrx_word' id='word_1_328' title='bbox 2241 1408 2412 1458; x_wconf 80' lang='grc' dir='ltr'>ποιεῖν</span> <span class='ocrx_word' id='word_1_329' title='bbox 2444 1405 2601 1458; x_wconf 85' lang='grc' dir='ltr'>αὐτά.</span> <span class='ocrx_word' id='word_1_330' title='bbox 2636 1405 2842 1479; x_wconf 87' lang='grc' dir='ltr'>Κύριος</span> <span class='ocrx_word' id='word_1_331' title='bbox 2873 1409 2902 1459; x_wconf 89' lang='grc' dir='ltr'>ὁ</span> <span class='ocrx_word' id='word_1_332' title='bbox 2923 1407 3055 1472; x_wconf 83' lang='grc' dir='ltr'>Θεὸς</span> <span class='ocrx_word' id='word_1_333' title='bbox 3083 1409 3236 1480; x_wconf 81' lang='grc' dir='ltr'>ὑμῶν</span> <span class='ocrx_word' id='word_1_334' title='bbox 3271 1409 3476 1462; x_wconf 80' lang='grc' dir='ltr'>διέθετο</span> <span class='ocrx_word' id='word_1_335' title='bbox 3511 1412 3645 1482; x_wconf 75' lang='grc' dir='ltr'>πρὸς</span> <span class='ocrx_word' id='word_1_336' title='bbox 3673 1413 3823 1482; x_wconf 79' lang='grc' dir='ltr'>ὑμᾶς</span> 
     </span>
    </p>
   </div>
   <div class='ocr_carea' id='block_1_42' title="bbox 2237 1497 3824 1576">
    <p class='ocr_par' dir='ltr' id='par_1_42' title="bbox 2237 1497 3824 1576">
     <span class='ocr_line' id='line_1_42' title="bbox 2237 1497 3824 1576; baseline 0.006 -27"><span class='ocrx_word' id='word_1_337' title='bbox 2237 1499 2297 1550; x_wconf 82' lang='grc' dir='ltr'>ἐν</span> <span class='ocrx_word' id='word_1_338' title='bbox 2329 1497 2529 1570; x_wconf 79' lang='grc' dir='ltr'>Χωρῂϐ</span> <span class='ocrx_word' id='word_1_339' title='bbox 2586 1498 2860 1570; x_wconf 87' lang='grc' dir='ltr'>Διαθήκην</span> <span class='ocrx_word' id='word_1_340' title='bbox 2881 1516 2894 1529; x_wconf 89' lang='grc'><strong>·</strong></span> <span class='ocrx_word' id='word_1_341' title='bbox 2927 1501 3047 1570; x_wconf 71' lang='grc' dir='ltr'>οὐχὶ</span> <span class='ocrx_word' id='word_1_342' title='bbox 3077 1503 3190 1564; x_wconf 82' lang='grc' dir='ltr'>τοῖς</span> <span class='ocrx_word' id='word_1_343' title='bbox 3237 1502 3508 1572; x_wconf 79' lang='grc' dir='ltr'><strong>πατράσιν</strong></span> <span class='ocrx_word' id='word_1_344' title='bbox 3553 1504 3708 1576; x_wconf 71' lang='grc' dir='ltr'>ὑμῶν</span> <span class='ocrx_word' id='word_1_345' title='bbox 3743 1505 3824 1558; x_wconf 86' lang='grc' dir='ltr'>δι-</span> 
     </span>
    </p>
   </div>
   <div class='ocr_carea' id='block_1_43' title="bbox 2238 1587 3816 1670">
    <p class='ocr_par' dir='ltr' id='par_1_43' title="bbox 2238 1587 3816 1670">
     <span class='ocr_line' id='line_1_43' title="bbox 2238 1587 3816 1670; baseline 0.003 -30"><span class='ocrx_word' id='word_1_346' title='bbox 2238 1587 2389 1666; x_wconf 70' lang='grc' dir='ltr'>έθετο</span> <span class='ocrx_word' id='word_1_347' title='bbox 2413 1588 2614 1659; x_wconf 87' lang='grc' dir='ltr'>Κύριος</span> <span class='ocrx_word' id='word_1_348' title='bbox 2628 1590 2726 1661; x_wconf 86' lang='grc' dir='ltr'>τὴν</span> <span class='ocrx_word' id='word_1_349' title='bbox 2741 1589 3016 1661; x_wconf 87' lang='grc' dir='ltr'>Διαθήκην</span> <span class='ocrx_word' id='word_1_350' title='bbox 3037 1589 3260 1661; x_wconf 75' lang='grc' dir='ltr'>ταύτην,</span> <span class='ocrx_word' id='word_1_351' title='bbox 3283 1590 3418 1650; x_wconf 81' lang='grc' dir='ltr'>ἀλλὰ</span> <span class='ocrx_word' id='word_1_352' title='bbox 3443 1591 3578 1662; x_wconf 73' lang='grc' dir='ltr'>πρὸς</span> <span class='ocrx_word' id='word_1_353' title='bbox 3603 1593 3766 1670; x_wconf 77' lang='grc' dir='ltr'>ὑμᾶς.</span> <span class='ocrx_word' id='word_1_354' title='bbox 3796 1611 3816 1644; x_wconf 68' lang='grc' dir='ltr'><strong>ι</strong></span> 
     </span>
    </p>
   </div>
   <div class='ocr_carea' id='block_1_44' title="bbox 2237 1683 3823 1758">
    <p class='ocr_par' dir='ltr' id='par_1_44' title="bbox 2237 1683 3823 1758">
     <span class='ocr_line' id='line_1_44' title="bbox 2237 1683 3823 1758; baseline 0.004 -23"><span class='ocrx_word' id='word_1_355' title='bbox 2237 1683 2346 1736; x_wconf 74' lang='grc' dir='ltr'>Καὶ</span> <span class='ocrx_word' id='word_1_356' title='bbox 2369 1683 2469 1754; x_wconf 78' lang='grc' dir='ltr'>ὅρα</span> <span class='ocrx_word' id='word_1_357' title='bbox 2501 1700 2564 1751; x_wconf 88' lang='grc' dir='ltr'><strong>γε</strong></span> <span class='ocrx_word' id='word_1_358' title='bbox 2593 1684 2739 1744; x_wconf 86' lang='grc' dir='ltr'>ὅπως</span> <span class='ocrx_word' id='word_1_359' title='bbox 2784 1683 3028 1754; x_wconf 88' lang='grc' dir='ltr'>ἀκριϐῶς</span> <span class='ocrx_word' id='word_1_360' title='bbox 3075 1701 3207 1754; x_wconf 80' lang='grc' dir='ltr'>φησι</span> <span class='ocrx_word' id='word_1_361' title='bbox 3237 1685 3334 1757; x_wconf 82' lang='grc' dir='ltr'>τὴν</span> <span class='ocrx_word' id='word_1_362' title='bbox 3371 1685 3648 1758; x_wconf 86' lang='grc' dir='ltr'>Διαθήκην</span> <span class='ocrx_word' id='word_1_363' title='bbox 3689 1688 3823 1742; x_wconf 90' lang='grc' dir='ltr'>ταύ-</span> 
     </span>
    </p>
   </div>
   <div class='ocr_carea' id='block_1_45' title="bbox 2235 1775 3822 1848">
    <p class='ocr_par' dir='ltr' id='par_1_45' title="bbox 2235 1775 3822 1848">
     <span class='ocr_line' id='line_1_45' title="bbox 2235 1775 3822 1848; baseline 0.003 -20"><span class='ocrx_word' id='word_1_364' title='bbox 2235 1791 2357 1844; x_wconf 85' lang='grc' dir='ltr'>την,</span> <span class='ocrx_word' id='word_1_365' title='bbox 2389 1775 2512 1827; x_wconf 77' lang='grc' dir='ltr'>ἐπεὶ</span> <span class='ocrx_word' id='word_1_366' title='bbox 2544 1775 2616 1846; x_wconf 80' lang='grc' dir='ltr'>μὴ</span> <span class='ocrx_word' id='word_1_367' title='bbox 2647 1775 2746 1846; x_wconf 77' lang='grc' dir='ltr'>τὴν</span> <span class='ocrx_word' id='word_1_368' title='bbox 2776 1775 2947 1846; x_wconf 79' lang='grc' dir='ltr'>αὐτὴν</span> <span class='ocrx_word' id='word_1_369' title='bbox 2990 1779 3104 1840; x_wconf 86' lang='grc' dir='ltr'>τοῖς</span> <span class='ocrx_word' id='word_1_370' title='bbox 3131 1777 3402 1848; x_wconf 79' lang='grc' dir='ltr'><strong>πατράσιν</strong></span> <span class='ocrx_word' id='word_1_371' title='bbox 3444 1777 3622 1832; x_wconf 78' lang='grc' dir='ltr'>αὐτῶν</span> <span class='ocrx_word' id='word_1_372' title='bbox 3649 1779 3822 1832; x_wconf 85' lang='grc' dir='ltr'>διετὲ-</span> 
     </span>
    </p>
   </div>
   <div class='ocr_carea' id='block_1_46' title="bbox 2239 1863 3820 1945">
    <p class='ocr_par' dir='ltr' id='par_1_46' title="bbox 2239 1863 3820 1945">
     <span class='ocr_line' id='line_1_46' title="bbox 2239 1863 3820 1945; baseline 0.004 -25"><span class='ocrx_word' id='word_1_373' title='bbox 2239 1867 2404 1922; x_wconf 86' lang='grc' dir='ltr'>θειτο.</span> <span class='ocrx_word' id='word_1_374' title='bbox 2438 1869 2502 1920; x_wconf 86' lang='grc' dir='ltr'><strong>Εἰ</strong></span> <span class='ocrx_word' id='word_1_375' title='bbox 2533 1868 2576 1921; x_wconf 84' lang='grc' dir='ltr'>δ’</span> <span class='ocrx_word' id='word_1_376' title='bbox 2601 1863 2694 1923; x_wconf 86' lang='grc' dir='ltr'>οὖν</span> <span class='ocrx_word' id='word_1_377' title='bbox 2723 1868 3002 1932; x_wconf 80' lang='grc' dir='ltr'>ἀπολύτως</span> <span class='ocrx_word' id='word_1_378' title='bbox 3035 1870 3109 1942; x_wconf 85' lang='grc' dir='ltr'>μὴ</span> <span class='ocrx_word' id='word_1_379' title='bbox 3138 1871 3384 1925; x_wconf 78' lang='grc' dir='ltr'>δεδόσθαι</span> <span class='ocrx_word' id='word_1_380' title='bbox 3408 1873 3520 1936; x_wconf 83' lang='grc' dir='ltr'>τοῖς</span> <span class='ocrx_word' id='word_1_381' title='bbox 3546 1873 3820 1945; x_wconf 74' lang='grc' dir='ltr'><strong>πατράσιν</strong></span> 
     </span>
    </p>
   </div>
   <div class='ocr_carea' id='block_1_47' title="bbox 2237 1958 3818 2036">
    <p class='ocr_par' dir='ltr' id='par_1_47' title="bbox 2237 1958 3818 2036">
     <span class='ocr_line' id='line_1_47' title="bbox 2237 1958 3818 2036; baseline 0.005 -24"><span class='ocrx_word' id='word_1_382' title='bbox 2237 1958 2416 2032; x_wconf 77' lang='grc' dir='ltr'>αὐτῶν</span> <span class='ocrx_word' id='word_1_383' title='bbox 2438 1960 2712 2031; x_wconf 86' lang='grc' dir='ltr'>Διαθήκην</span> <span class='ocrx_word' id='word_1_384' title='bbox 2737 1961 2969 2030; x_wconf 84' lang='grc' dir='ltr'>εἰρήκει,</span> <span class='ocrx_word' id='word_1_385' title='bbox 2997 1959 3200 2032; x_wconf 68' lang='grc' dir='ltr'>ψευδὴς</span> <span class='ocrx_word' id='word_1_386' title='bbox 3232 1963 3298 2016; x_wconf 86' lang='grc' dir='ltr'><strong>ἂν</strong></span> <span class='ocrx_word' id='word_1_387' title='bbox 3325 1959 3392 2034; x_wconf 82' lang='grc' dir='ltr'>ἦν</span> <span class='ocrx_word' id='word_1_388' title='bbox 3415 1965 3444 2016; x_wconf 87' lang='grc' dir='ltr'>ὁ</span> <span class='ocrx_word' id='word_1_389' title='bbox 3468 1962 3624 2032; x_wconf 85' lang='grc' dir='ltr'>λόγος</span> <span class='ocrx_word' id='word_1_390' title='bbox 3645 1964 3818 2036; x_wconf 81' lang='grc' dir='ltr'>αὐτῷ.</span> 
     </span>
    </p>
   </div>
   <div class='ocr_carea' id='block_1_48' title="bbox 2235 2051 3820 2126">
    <p class='ocr_par' dir='ltr' id='par_1_48' title="bbox 2235 2051 3820 2126">
     <span class='ocr_line' id='line_1_48' title="bbox 2235 2051 3820 2126; baseline 0.003 -22"><span class='ocrx_word' id='word_1_391' title='bbox 2235 2051 2464 2104; x_wconf 76' lang='grc' dir='ltr'>Δέδοται-</span> <span class='ocrx_word' id='word_1_392' title='bbox 2478 2052 2608 2120; x_wconf 81' lang='grc' dir='ltr'>γοῦν</span> <span class='ocrx_word' id='word_1_393' title='bbox 2637 2051 2713 2122; x_wconf 81' lang='grc' dir='ltr'>τῷ</span> <span class='ocrx_word' id='word_1_394' title='bbox 2758 2051 3006 2123; x_wconf 76' lang='grc' dir='ltr'>Ἀϐραὰμ</span> <span class='ocrx_word' id='word_1_395' title='bbox 3049 2052 3303 2124; x_wconf 78' lang='grc' dir='ltr'><strong>διαθήκη,</strong></span> <span class='ocrx_word' id='word_1_396' title='bbox 3331 2055 3426 2108; x_wconf 76' lang='grc' dir='ltr'>καὶ</span> <span class='ocrx_word' id='word_1_397' title='bbox 3454 2055 3531 2126; x_wconf 85' lang='grc' dir='ltr'>τῷ</span> <span class='ocrx_word' id='word_1_398' title='bbox 3559 2054 3704 2118; x_wconf 79' lang='grc' dir='ltr'>Νῶε,</span> <span class='ocrx_word' id='word_1_399' title='bbox 3739 2055 3820 2122; x_wconf 82' lang='grc' dir='ltr'>ὡς</span> 
     </span>
    </p>
   </div>
   <div class='ocr_carea' id='block_1_49' title="bbox 2232 2141 3819 2216">
    <p class='ocr_par' dir='ltr' id='par_1_49' title="bbox 2232 2141 3819 2216">
     <span class='ocr_line' id='line_1_49' title="bbox 2232 2141 3819 2216; baseline 0.002 -22"><span class='ocrx_word' id='word_1_400' title='bbox 2232 2142 2302 2195; x_wconf 77' lang='grc' dir='ltr'>τὰ</span> <span class='ocrx_word' id='word_1_401' title='bbox 2339 2141 2459 2213; x_wconf 79' lang='grc' dir='ltr'>ἱερὰ</span> <span class='ocrx_word' id='word_1_402' title='bbox 2497 2145 2764 2214; x_wconf 84' lang='grc' dir='ltr'>μαρτυρεῖ</span> <span class='ocrx_word' id='word_1_403' title='bbox 2790 2141 2963 2210; x_wconf 79' lang='grc' dir='ltr'>λόγια.</span> <span class='ocrx_word' id='word_1_404' title='bbox 3001 2143 3100 2196; x_wconf 77' lang='grc' dir='ltr'><strong>Διά</strong></span> <span class='ocrx_word' id='word_1_405' title='bbox 3125 2143 3286 2196; x_wconf 74' lang='grc' dir='ltr'>τοῦτο</span> <span class='ocrx_word' id='word_1_406' title='bbox 3330 2144 3468 2216; x_wconf 84' lang='grc' dir='ltr'>μετὰ</span> <span class='ocrx_word' id='word_1_407' title='bbox 3494 2143 3819 2216; x_wconf 83' lang='grc' dir='ltr'>προσθήκης</span> 
     </span>
    </p>
   </div>
   <div class='ocr_carea' id='block_1_50' title="bbox 2231 2231 3818 2306">
    <p class='ocr_par' dir='ltr' id='par_1_50' title="bbox 2231 2231 3818 2306">
     <span class='ocr_line' id='line_1_50' title="bbox 2231 2231 3818 2306; baseline 0.003 -23"><span class='ocrx_word' id='word_1_408' title='bbox 2231 2233 2260 2284; x_wconf 88' lang='grc' dir='ltr'>ὁ</span> <span class='ocrx_word' id='word_1_409' title='bbox 2309 2233 2513 2301; x_wconf 81' lang='grc' dir='ltr'><strong>Μωσῆς</strong></span> <span class='ocrx_word' id='word_1_410' title='bbox 2547 2233 2606 2284; x_wconf 79' lang='grc' dir='ltr'><strong>ού</strong></span> <span class='ocrx_word' id='word_1_411' title='bbox 2665 2231 2870 2302; x_wconf 83' lang='grc' dir='ltr'>ταύτην</span> <span class='ocrx_word' id='word_1_412' title='bbox 2922 2233 3058 2303; x_wconf 77' lang='grc' dir='ltr'>φησὶ</span> <span class='ocrx_word' id='word_1_413' title='bbox 3107 2232 3349 2288; x_wconf 82' lang='grc' dir='ltr'>δεδόσθαι</span> <span class='ocrx_word' id='word_1_414' title='bbox 3390 2238 3503 2299; x_wconf 82' lang='grc' dir='ltr'>τοῖς</span> <span class='ocrx_word' id='word_1_415' title='bbox 3544 2235 3818 2306; x_wconf 81' lang='grc' dir='ltr'>πατράσιν</span> 
     </span>
    </p>
   </div>
   <div class='ocr_carea' id='block_1_51' title="bbox 2229 2323 3819 2397">
    <p class='ocr_par' dir='ltr' id='par_1_51' title="bbox 2229 2323 3819 2397">
     <span class='ocr_line' id='line_1_51' title="bbox 2229 2323 3819 2397; baseline 0.002 -20"><span class='ocrx_word' id='word_1_416' title='bbox 2229 2323 2433 2387; x_wconf 78' lang='grc' dir='ltr'>αὐτῶν,</span> <span class='ocrx_word' id='word_1_417' title='bbox 2463 2324 2652 2395; x_wconf 76' lang='grc' dir='ltr'>ἑτέραν</span> <span class='ocrx_word' id='word_1_418' title='bbox 2682 2325 3050 2396; x_wconf 81' lang='grc' dir='ltr'>αἰνιττόμενος</span> <span class='ocrx_word' id='word_1_419' title='bbox 3091 2325 3190 2396; x_wconf 81' lang='grc' dir='ltr'>τὴν</span> <span class='ocrx_word' id='word_1_420' title='bbox 3234 2327 3464 2397; x_wconf 76' lang='grc' dir='ltr'>κρείττω</span> <span class='ocrx_word' id='word_1_421' title='bbox 3497 2328 3589 2380; x_wconf 76' lang='grc' dir='ltr'>καὶ</span> <span class='ocrx_word' id='word_1_422' title='bbox 3627 2327 3819 2396; x_wconf 80' lang='grc' dir='ltr'>διαφέ-</span> 
     </span>
    </p>
   </div>
   <div class='ocr_carea' id='block_1_52' title="bbox 2235 2413 3816 2494">
    <p class='ocr_par' dir='ltr' id='par_1_52' title="bbox 2235 2413 3816 2494">
     <span class='ocr_line' id='line_1_52' title="bbox 2235 2413 3816 2494; baseline 0.003 -24"><span class='ocrx_word' id='word_1_423' title='bbox 2235 2433 2452 2488; x_wconf 85' lang='grc' dir='ltr'>ρουσαν,</span> <span class='ocrx_word' id='word_1_424' title='bbox 2495 2417 2561 2470; x_wconf 76' lang='grc' dir='ltr'>δι’</span> <span class='ocrx_word' id='word_1_425' title='bbox 2587 2413 2656 2490; x_wconf 75' lang='grc' dir='ltr'>ἧς</span> <span class='ocrx_word' id='word_1_426' title='bbox 2698 2419 2792 2470; x_wconf 69' lang='grc' dir='ltr'>καὶ</span> <span class='ocrx_word' id='word_1_427' title='bbox 2840 2417 3106 2494; x_wconf 65' lang='grc' dir='ltr'>θεοφιλεῖς</span> <span class='ocrx_word' id='word_1_428' title='bbox 3147 2419 3556 2491; x_wconf 80' lang='grc' dir='ltr'>ἀπεφάνθησαν.</span> <span class='ocrx_word' id='word_1_429' title='bbox 3603 2419 3816 2474; x_wconf 65' lang='grc' dir='ltr'>Αὐτίκα</span> 
     </span>
    </p>
   </div>
   <div class='ocr_carea' id='block_1_53' title="bbox 2228 2495 3818 2586">
    <p class='ocr_par' dir='ltr' id='par_1_53' title="bbox 2228 2495 3818 2586">
     <span class='ocr_line' id='line_1_53' title="bbox 2228 2495 3818 2586; baseline 0.001 -24"><span class='ocrx_word' id='word_1_430' title='bbox 2228 2509 2306 2580; x_wconf 83' lang='grc' dir='ltr'>τῷ</span> <span class='ocrx_word' id='word_1_431' title='bbox 2347 2510 2596 2582; x_wconf 76' lang='grc' dir='ltr'>Ἀϐραὰμ</span> <span class='ocrx_word' id='word_1_432' title='bbox 2619 2509 2706 2563; x_wconf 85' lang='grc' dir='ltr'>διὰ</span> <span class='ocrx_word' id='word_1_433' title='bbox 2729 2511 2828 2581; x_wconf 79' lang='grc' dir='ltr'><strong>τῆς</strong></span> <span class='ocrx_word' id='word_1_434' title='bbox 2863 2513 2942 2576; x_wconf 87' lang='grc' dir='ltr'>εἰς</span> <span class='ocrx_word' id='word_1_435' title='bbox 2972 2511 3064 2564; x_wconf 79' lang='grc' dir='ltr'>τὸν</span> <span class='ocrx_word' id='word_1_436' title='bbox 3094 2495 3200 2566; x_wconf 87' lang='grc' dir='ltr'><strong>τῶν</strong></span> <span class='ocrx_word' id='word_1_437' title='bbox 3229 2512 3365 2586; x_wconf 76' lang='grc' dir='ltr'>ὅλων</span> <span class='ocrx_word' id='word_1_438' title='bbox 3399 2511 3530 2566; x_wconf 83' lang='grc' dir='ltr'>Θεὸν</span> <span class='ocrx_word' id='word_1_439' title='bbox 3575 2512 3818 2576; x_wconf 85' lang='grc' dir='ltr'>πίστεως</span> 
     </span>
    </p>
   </div>
   <div class='ocr_carea' id='block_1_54' title="bbox 2227 2587 3814 2675">
    <p class='ocr_par' dir='ltr' id='par_1_54' title="bbox 2227 2587 3814 2675">
     <span class='ocr_line' id='line_1_54' title="bbox 2227 2587 3814 2675; baseline 0.001 -21"><span class='ocrx_word' id='word_1_440' title='bbox 2227 2601 2295 2656; x_wconf 74' lang='grc' dir='ltr'>τὰ</span> <span class='ocrx_word' id='word_1_441' title='bbox 2319 2603 2419 2672; x_wconf 86' lang='grc' dir='ltr'><strong>τῆς</strong></span> <span class='ocrx_word' id='word_1_442' title='bbox 2445 2587 2790 2672; x_wconf 80' lang='grc' dir='ltr'>δικαιοσύνης</span> <span class='ocrx_word' id='word_1_443' title='bbox 2811 2603 3224 2674; x_wconf 84' lang='grc' dir='ltr'>κατωρθῶσθαι,</span> <span class='ocrx_word' id='word_1_444' title='bbox 3275 2604 3690 2675; x_wconf 82' lang='grc' dir='ltr'>μεμαρτύρηται</span> <span class='ocrx_word' id='word_1_445' title='bbox 3719 2603 3814 2656; x_wconf 80' lang='grc' dir='ltr'>ὑπ’</span> 
     </span>
    </p>
   </div>
   <div class='ocr_carea' id='block_1_55' title="bbox 2227 2677 3814 2767">
    <p class='ocr_par' dir='ltr' id='par_1_55' title="bbox 2227 2677 3814 2767">
     <span class='ocr_line' id='line_1_55' title="bbox 2227 2677 3814 2767; baseline 0 -19"><span class='ocrx_word' id='word_1_446' title='bbox 2227 2695 2391 2748; x_wconf 74' lang='grc' dir='ltr'>αὐτοῦ</span> <span class='ocrx_word' id='word_1_447' title='bbox 2425 2695 2666 2762; x_wconf 73' lang='grc' dir='ltr'>Μωσέως</span> <span class='ocrx_word' id='word_1_448' title='bbox 2699 2695 2952 2764; x_wconf 78' lang='grc' dir='ltr'>λέγοντος</span> <span class='ocrx_word' id='word_1_449' title='bbox 2993 2713 3005 2726; x_wconf 90' lang='grc'><strong>·</strong></span> <span class='ocrx_word' id='word_1_450' title='bbox 3044 2715 3062 2746; x_wconf 80' lang='grc' dir='ltr'><strong>ι</strong></span> <span class='ocrx_word' id='word_1_451' title='bbox 3111 2677 3433 2766; x_wconf 26' lang='grc' dir='ltr'>Ἐπίστευ-σε</span> <span class='ocrx_word' id='word_1_452' title='bbox 3461 2694 3518 2748; x_wconf 79' lang='grc' dir='ltr'>δὲ</span> <span class='ocrx_word' id='word_1_453' title='bbox 3561 2693 3814 2767; x_wconf 83' lang='grc' dir='ltr'>Ἀϐραὰμ</span> 
     </span>
    </p>
   </div>
   <div class='ocr_carea' id='block_1_56' title="bbox 2225 2786 3814 2860">
    <p class='ocr_par' dir='ltr' id='par_1_56' title="bbox 2225 2786 3814 2860">
     <span class='ocr_line' id='line_1_56' title="bbox 2225 2786 3814 2860; baseline 0 -19"><span class='ocrx_word' id='word_1_454' title='bbox 2225 2788 2304 2859; x_wconf 80' lang='grc' dir='ltr'>τῷ</span> <span class='ocrx_word' id='word_1_455' title='bbox 2343 2788 2480 2858; x_wconf 84' lang='grc' dir='ltr'>Θεῷ,</span> <span class='ocrx_word' id='word_1_456' title='bbox 2515 2789 2608 2842; x_wconf 73' lang='grc' dir='ltr'><strong>καὶ</strong></span> <span class='ocrx_word' id='word_1_457' title='bbox 2637 2787 2889 2860; x_wconf 75' lang='grc' dir='ltr'>ἐλογίσθη</span> <span class='ocrx_word' id='word_1_458' title='bbox 2931 2787 3078 2858; x_wconf 77' lang='grc' dir='ltr'>αὐτῷ</span> <span class='ocrx_word' id='word_1_459' title='bbox 3111 2789 3192 2851; x_wconf 85' lang='grc' dir='ltr'>εἰς</span> <span class='ocrx_word' id='word_1_460' title='bbox 3227 2786 3598 2858; x_wconf 83' lang='grc' dir='ltr'>δικαιοσύνην.</span> <span class='ocrx_word' id='word_1_461' title='bbox 3639 2805 3656 2838; x_wconf 73' lang='grc' dir='ltr'><strong>ι</strong></span> <span class='ocrx_word' id='word_1_462' title='bbox 3689 2788 3814 2841; x_wconf 81' lang='grc' dir='ltr'>Ὅτι</span> 
     </span>
    </p>
   </div>
   <div class='ocr_carea' id='block_1_57' title="bbox 2225 2879 3814 2954">
    <p class='ocr_par' dir='ltr' id='par_1_57' title="bbox 2225 2879 3814 2954">
     <span class='ocr_line' id='line_1_57' title="bbox 2225 2879 3814 2954; baseline -0.001 -20"><span class='ocrx_word' id='word_1_463' title='bbox 2225 2881 2282 2934; x_wconf 81' lang='grc' dir='ltr'>δὲ</span> <span class='ocrx_word' id='word_1_464' title='bbox 2317 2880 2454 2952; x_wconf 75' lang='grc' dir='ltr'>μετὰ</span> <span class='ocrx_word' id='word_1_465' title='bbox 2485 2880 2581 2950; x_wconf 73' lang='grc' dir='ltr'>τὴν</span> <span class='ocrx_word' id='word_1_466' title='bbox 2617 2881 2716 2950; x_wconf 90' lang='grc' dir='ltr'><strong>τῆς</strong></span> <span class='ocrx_word' id='word_1_467' title='bbox 2754 2881 3101 2950; x_wconf 80' lang='grc' dir='ltr'>δικαιοσύνης</span> <span class='ocrx_word' id='word_1_468' title='bbox 3144 2879 3500 2954; x_wconf 86' lang='grc' dir='ltr'>κατόρθωσιν,</span> <span class='ocrx_word' id='word_1_469' title='bbox 3531 2879 3624 2932; x_wconf 79' lang='grc' dir='ltr'><strong>καὶ</strong></span> <span class='ocrx_word' id='word_1_470' title='bbox 3674 2879 3814 2950; x_wconf 72' lang='grc' dir='ltr'>μετὰ</span> 
     </span>
    </p>
   </div>
   <div class='ocr_carea' id='block_1_58' title="bbox 2223 2957 3814 3046">
    <p class='ocr_par' dir='ltr' id='par_1_58' title="bbox 2223 2971 3814 3046">
     <span class='ocr_line' id='line_1_58' title="bbox 2223 2971 3814 3046; baseline -0.001 -20"><span class='ocrx_word' id='word_1_471' title='bbox 2223 2975 2321 3046; x_wconf 78' lang='grc' dir='ltr'>τὴν</span> <span class='ocrx_word' id='word_1_472' title='bbox 2347 2975 2440 3026; x_wconf 77' lang='grc' dir='ltr'>ὑπ’</span> <span class='ocrx_word' id='word_1_473' title='bbox 2469 2975 2719 3044; x_wconf 76' lang='grc' dir='ltr'>εὐσεϐείᾳ</span> <span class='ocrx_word' id='word_1_474' title='bbox 2751 2973 3056 3045; x_wconf 81' lang='grc' dir='ltr'>μαρτυρίαν</span> <span class='ocrx_word' id='word_1_475' title='bbox 3084 2973 3144 3027; x_wconf 79' lang='grc' dir='ltr'><strong>τὸ</strong></span> <span class='ocrx_word' id='word_1_476' title='bbox 3168 2975 3265 3044; x_wconf 77' lang='grc' dir='ltr'><strong>τῆς</strong></span> <span class='ocrx_word' id='word_1_477' title='bbox 3295 2972 3596 3044; x_wconf 79' lang='grc' dir='ltr'>περιτομῆς</span> <span class='ocrx_word' id='word_1_478' title='bbox 3619 2971 3814 3042; x_wconf 69' lang='grc' dir='ltr'>εἴληφε</span> 
     </span>
    </p>
   </div>
   <div class='ocr_carea' id='block_1_59' title="bbox 2227 3063 3814 3138">
    <p class='ocr_par' dir='ltr' id='par_1_59' title="bbox 2227 3063 3814 3138">
     <span class='ocr_line' id='line_1_59' title="bbox 2227 3063 3814 3138; baseline -0.001 -20"><span class='ocrx_word' id='word_1_479' title='bbox 2227 3069 2484 3138; x_wconf 76' lang='grc' dir='ltr'>σημεῖον,</span> <span class='ocrx_word' id='word_1_480' title='bbox 2509 3067 2601 3120; x_wconf 80' lang='grc' dir='ltr'><strong>καὶ</strong></span> <span class='ocrx_word' id='word_1_481' title='bbox 2646 3067 2810 3136; x_wconf 76' lang='grc' dir='ltr'>μηδὲν</span> <span class='ocrx_word' id='word_1_482' title='bbox 2839 3066 2975 3138; x_wconf 71' lang='grc' dir='ltr'>πρὸς</span> <span class='ocrx_word' id='word_1_483' title='bbox 3021 3065 3304 3128; x_wconf 79' lang='grc' dir='ltr'>εὐσεϐείας</span> <span class='ocrx_word' id='word_1_484' title='bbox 3346 3067 3626 3120; x_wconf 81' lang='grc' dir='ltr'>δικαίωσιν</span> <span class='ocrx_word' id='word_1_485' title='bbox 3659 3063 3814 3134; x_wconf 74' lang='grc' dir='ltr'>αὐτῷ</span> 
     </span>
    </p>
   </div>
   <div class='ocr_carea' id='block_1_60' title="bbox 2223 3156 3810 3229">
    <p class='ocr_par' dir='ltr' id='par_1_60' title="bbox 2223 3156 3810 3229">
     <span class='ocr_line' id='line_1_60' title="bbox 2223 3156 3810 3229; baseline -0.001 -17"><span class='ocrx_word' id='word_1_486' title='bbox 2223 3161 2374 3213; x_wconf 71' lang='grc' dir='ltr'>τουτὶ</span> <span class='ocrx_word' id='word_1_487' title='bbox 2418 3159 2790 3224; x_wconf 80' lang='grc' dir='ltr'>συνεϐάλλετο,</span> <span class='ocrx_word' id='word_1_488' title='bbox 2829 3159 3014 3229; x_wconf 72' lang='grc' dir='ltr'>σαφῶς</span> <span class='ocrx_word' id='word_1_489' title='bbox 3053 3161 3080 3212; x_wconf 81' lang='grc' dir='ltr'>ὁ</span> <span class='ocrx_word' id='word_1_490' title='bbox 3119 3158 3273 3227; x_wconf 84' lang='grc' dir='ltr'>λόγος</span> <span class='ocrx_word' id='word_1_491' title='bbox 3307 3159 3653 3228; x_wconf 86' lang='grc' dir='ltr'>παρίστησιν.</span> <span class='ocrx_word' id='word_1_492' title='bbox 3695 3156 3810 3210; x_wconf 72' lang='grc' dir='ltr'><strong>Εὖ-</strong></span> 
     </span>
    </p>
   </div>
   <div class='ocr_carea' id='block_1_61' title="bbox 541 3249 2125 3342">
    <p class='ocr_par' dir='ltr' id='par_1_61' title="bbox 541 3249 2122 3326">
     <span class='ocr_line' id='line_1_61' title="bbox 541 3249 2122 3326; baseline 0.004 -23"><span class='ocrx_word' id='word_1_493' title='bbox 541 3249 656 3324; x_wconf 84' lang='lat' dir='ltr'><strong>Dco</strong></span> <span class='ocrx_word' id='word_1_494' title='bbox 687 3251 892 3321; x_wconf 83' lang='lat' dir='ltr'><strong>agniti,</strong></span> <span class='ocrx_word' id='word_1_495' title='bbox 918 3251 1161 3322; x_wconf 82' lang='lat' dir='ltr'><strong>dictique</strong></span> <span class='ocrx_word' id='word_1_496' title='bbox 1193 3261 1339 3308; x_wconf 92' lang='lat' dir='ltr'><strong>sunt.</strong></span> <span class='ocrx_word' id='word_1_497' title='bbox 1368 3252 1506 3308; x_wconf 85' lang='lat' dir='ltr'><strong>Nam</strong></span> <span class='ocrx_word' id='word_1_498' title='bbox 1541 3255 1792 3325; x_wconf 87' lang='lat' dir='ltr'><strong>protinus</strong></span> <span class='ocrx_word' id='word_1_499' title='bbox 1821 3255 1920 3326; x_wconf 90' lang='lat' dir='ltr'><strong>ipsi</strong></span> <span class='ocrx_word' id='word_1_500' title='bbox 1953 3257 2122 3310; x_wconf 82' lang='lat' dir='ltr'><strong>Abra-</strong></span> 
     </span>
    </p>
   </div>
   <div class='ocr_carea' id='block_1_62' title="bbox 2228 3249 3811 3342">
    <p class='ocr_par' dir='ltr' id='par_1_62' title="bbox 2230 3251 3811 3324">
     <span class='ocr_line' id='line_1_62' title="bbox 2230 3251 3811 3324; baseline 0.001 -19"><span class='ocrx_word' id='word_1_501' title='bbox 2230 3270 2344 3324; x_wconf 87' lang='grc' dir='ltr'>ροις</span> <span class='ocrx_word' id='word_1_502' title='bbox 2369 3253 2413 3305; x_wconf 86' lang='grc' dir='ltr'>δ’</span> <span class='ocrx_word' id='word_1_503' title='bbox 2444 3251 2510 3306; x_wconf 83' lang='grc' dir='ltr'>ἂν</span> <span class='ocrx_word' id='word_1_504' title='bbox 2547 3253 2641 3305; x_wconf 71' lang='grc' dir='ltr'><strong>καὶ</strong></span> <span class='ocrx_word' id='word_1_505' title='bbox 2663 3252 2753 3305; x_wconf 77' lang='grc' dir='ltr'><strong>τὸν</strong></span> <span class='ocrx_word' id='word_1_506' title='bbox 2795 3251 2992 3322; x_wconf 74' lang='grc' dir='ltr'>Ἰωσὴφ</span> <span class='ocrx_word' id='word_1_507' title='bbox 3025 3252 3132 3324; x_wconf 81' lang='grc' dir='ltr'><strong>πρὸ</strong></span> <span class='ocrx_word' id='word_1_508' title='bbox 3155 3252 3263 3306; x_wconf 87' lang='grc' dir='ltr'><strong>τῶν</strong></span> <span class='ocrx_word' id='word_1_509' title='bbox 3297 3251 3540 3316; x_wconf 79' lang='grc' dir='ltr'>Μωσέως</span> <span class='ocrx_word' id='word_1_510' title='bbox 3597 3252 3811 3323; x_wconf 78' lang='grc' dir='ltr'>χρόνων</span> 
     </span>
    </p>
   </div>
   <div class='ocr_carea' id='block_1_63' title="bbox 541 3343 2121 3420">
    <p class='ocr_par' dir='ltr' id='par_1_63' title="bbox 541 3343 2121 3420">
     <span class='ocr_line' id='line_1_63' title="bbox 541 3343 2121 3420; baseline 0.006 -23"><span class='ocrx_word' id='word_1_511' title='bbox 541 3343 657 3410; x_wconf 82' lang='lat' dir='ltr'><strong>hae,</strong></span> <span class='ocrx_word' id='word_1_512' title='bbox 690 3360 755 3400; x_wconf 92' lang='lat' dir='ltr'><strong>eo</strong></span> <span class='ocrx_word' id='word_1_513' title='bbox 789 3345 934 3416; x_wconf 91' lang='lat' dir='ltr'><strong>quod</strong></span> <span class='ocrx_word' id='word_1_514' title='bbox 971 3360 1184 3400; x_wconf 70' lang='lat' dir='ltr'><strong>suu&#39;uno</strong></span> <span class='ocrx_word' id='word_1_515' title='bbox 1215 3345 1327 3401; x_wconf 92' lang='lat' dir='ltr'><strong>Deo</strong></span> <span class='ocrx_word' id='word_1_516' title='bbox 1359 3348 1648 3404; x_wconf 83' lang='lat' dir='ltr'><strong>crediderit</strong></span> <span class='ocrx_word' id='word_1_517' title='bbox 1681 3350 1837 3420; x_wconf 89' lang='lat' dir='ltr'><strong>plene</strong></span> <span class='ocrx_word' id='word_1_518' title='bbox 1869 3365 2121 3406; x_wconf 85' lang='lat' dir='ltr'><strong>servasse</strong></span> 
     </span>
    </p>
   </div>
   <div class='ocr_carea' id='block_1_64' title="bbox 536 3435 2122 3512">
    <p class='ocr_par' dir='ltr' id='par_1_64' title="bbox 536 3435 2122 3512">
     <span class='ocr_line' id='line_1_64' title="bbox 536 3435 2122 3512; baseline 0.004 -22"><span class='ocrx_word' id='word_1_519' title='bbox 536 3435 842 3510; x_wconf 87' lang='lat' dir='ltr'><strong>justitiam,</strong></span> <span class='ocrx_word' id='word_1_520' title='bbox 872 3438 1176 3508; x_wconf 76' lang='lat' dir='ltr'><strong>exhibitura</strong></span> <span class='ocrx_word' id='word_1_521' title='bbox 1209 3449 1294 3497; x_wconf 88' lang='lat' dir='ltr'><strong>est</strong></span> <span class='ocrx_word' id='word_1_522' title='bbox 1323 3441 1698 3496; x_wconf 88' lang='lat' dir='ltr'><strong>testimonium</strong></span> <span class='ocrx_word' id='word_1_523' title='bbox 1729 3441 1796 3495; x_wconf 91' lang='lat' dir='ltr'><strong>ab</strong></span> <span class='ocrx_word' id='word_1_524' title='bbox 1827 3442 1952 3512; x_wconf 91' lang='lat' dir='ltr'><strong>ipso</strong></span> <span class='ocrx_word' id='word_1_525' title='bbox 1975 3440 2122 3512; x_wconf 80' lang='lat' dir='ltr'><strong>Mose</strong></span> 
     </span>
    </p>
   </div>
   <div class='ocr_carea' id='block_1_65' title="bbox 539 3529 2120 3604">
    <p class='ocr_par' dir='ltr' id='par_1_65' title="bbox 539 3529 2120 3604">
     <span class='ocr_line' id='line_1_65' title="bbox 539 3529 2120 3604; baseline 0.002 -21"><span class='ocrx_word' id='word_1_526' title='bbox 539 3529 620 3584; x_wconf 90' lang='lat' dir='ltr'><strong>sic</strong></span> <span class='ocrx_word' id='word_1_527' title='bbox 649 3529 898 3586; x_wconf 88' lang='lat' dir='ltr'><strong>dicente:</strong></span> <span class='ocrx_word' id='word_1_528' title='bbox 931 3547 948 3596; x_wconf 78' lang='grc' dir='ltr'><strong>ι</strong></span> <span class='ocrx_word' id='word_1_529' title='bbox 980 3530 1226 3598; x_wconf 81' lang='lat' dir='ltr'><strong>Credidit</strong></span> <span class='ocrx_word' id='word_1_530' title='bbox 1251 3531 1526 3587; x_wconf 81' lang='lat' dir='ltr'><strong>Abraham</strong></span> <span class='ocrx_word' id='word_1_531' title='bbox 1561 3531 1693 3597; x_wconf 90' lang='lat' dir='ltr'><strong>Deo,</strong></span> <span class='ocrx_word' id='word_1_532' title='bbox 1719 3540 1775 3588; x_wconf 87' lang='lat' dir='ltr'><strong>et</strong></span> <span class='ocrx_word' id='word_1_533' title='bbox 1809 3541 2120 3604; x_wconf 86' lang='lat' dir='ltr'><strong>reputatum</strong></span> 
     </span>
    </p>
   </div>
   <div class='ocr_carea' id='block_1_66' title="bbox 538 3619 2120 3700">
    <p class='ocr_par' dir='ltr' id='par_1_66' title="bbox 538 3619 2120 3700">
     <span class='ocr_line' id='line_1_66' title="bbox 538 3619 2120 3700; baseline 0.002 -27"><span class='ocrx_word' id='word_1_534' title='bbox 538 3627 625 3675; x_wconf 89' lang='lat' dir='ltr'><strong>est</strong></span> <span class='ocrx_word' id='word_1_535' title='bbox 655 3619 732 3672; x_wconf 82' lang='lat' dir='ltr'><strong>illi</strong></span> <span class='ocrx_word' id='word_1_536' title='bbox 757 3621 824 3674; x_wconf 90' lang='lat' dir='ltr'><strong>ad</strong></span> <span class='ocrx_word' id='word_1_537' title='bbox 846 3619 1120 3698; x_wconf 75' lang='lat' dir='ltr'><strong>justitiam</strong></span> <span class='ocrx_word' id='word_1_538' title='bbox 1155 3621 1222 3678; x_wconf 62' lang='grc'><strong>⁸⁵.</strong></span> <span class='ocrx_word' id='word_1_539' title='bbox 1257 3643 1274 3675; x_wconf 77' lang='grc' dir='ltr'><strong>ι</strong></span> <span class='ocrx_word' id='word_1_540' title='bbox 1304 3621 1460 3700; x_wconf 86' lang='lat' dir='ltr'><strong>Quod</strong></span> <span class='ocrx_word' id='word_1_541' title='bbox 1494 3632 1677 3678; x_wconf 89' lang='lat' dir='ltr'><strong>autem</strong></span> <span class='ocrx_word' id='word_1_542' title='bbox 1708 3632 1830 3693; x_wconf 86' lang='lat' dir='ltr'><strong>post</strong></span> <span class='ocrx_word' id='word_1_543' title='bbox 1864 3624 2009 3677; x_wconf 90' lang='lat' dir='ltr'><strong>illam</strong></span> <span class='ocrx_word' id='word_1_544' title='bbox 2030 3623 2120 3698; x_wconf 73' lang='lat' dir='ltr'><strong>ju-</strong></span> 
     </span>
    </p>
   </div>
   <div class='ocr_carea' id='block_1_67' title="bbox 541 3711 2119 3786">
    <p class='ocr_par' dir='ltr' id='par_1_67' title="bbox 541 3711 2119 3786">
     <span class='ocr_line' id='line_1_67' title="bbox 541 3711 2119 3786; baseline 0.004 -21"><span class='ocrx_word' id='word_1_545' title='bbox 541 3711 708 3765; x_wconf 76' lang='lat' dir='ltr'><strong>stitim</strong></span> <span class='ocrx_word' id='word_1_546' title='bbox 741 3712 960 3782; x_wconf 89' lang='lat' dir='ltr'><strong>plenam</strong></span> <span class='ocrx_word' id='word_1_547' title='bbox 993 3714 1432 3785; x_wconf 79' lang='lat' dir='ltr'><strong>observationem</strong></span> <span class='ocrx_word' id='word_1_548' title='bbox 1453 3755 1466 3777; x_wconf 87' lang='lat'><strong>,</strong></span> <span class='ocrx_word' id='word_1_549' title='bbox 1499 3723 1552 3770; x_wconf 85' lang='lat' dir='ltr'><strong>et</strong></span> <span class='ocrx_word' id='word_1_550' title='bbox 1581 3725 1706 3786; x_wconf 79' lang='lat' dir='ltr'><strong>post</strong></span> <span class='ocrx_word' id='word_1_551' title='bbox 1735 3716 1814 3772; x_wconf 89' lang='lat' dir='ltr'><strong>illi</strong></span> <span class='ocrx_word' id='word_1_552' title='bbox 1845 3717 2119 3772; x_wconf 87' lang='lat' dir='ltr'><strong>redditum</strong></span> 
     </span>
    </p>
   </div>
   <div class='ocr_carea' id='block_1_68' title="bbox 541 3801 2119 3876">
    <p class='ocr_par' dir='ltr' id='par_1_68' title="bbox 541 3801 2119 3876">
     <span class='ocr_line' id='line_1_68' title="bbox 541 3801 2119 3876; baseline 0.005 -20"><span class='ocrx_word' id='word_1_553' title='bbox 541 3801 610 3857; x_wconf 90' lang='lat' dir='ltr'><strong>de</strong></span> <span class='ocrx_word' id='word_1_554' title='bbox 641 3803 842 3871; x_wconf 79' lang='lat' dir='ltr'><strong>pietate</strong></span> <span class='ocrx_word' id='word_1_555' title='bbox 875 3805 1287 3870; x_wconf 87' lang='lat' dir='ltr'><strong>testimonium,</strong></span> <span class='ocrx_word' id='word_1_556' title='bbox 1323 3808 1500 3876; x_wconf 86' lang='lat' dir='ltr'><strong>ipsum</strong></span> <span class='ocrx_word' id='word_1_557' title='bbox 1548 3809 1992 3866; x_wconf 90' lang='lat' dir='ltr'><strong>circumcisionis</strong></span> <span class='ocrx_word' id='word_1_558' title='bbox 2042 3811 2119 3865; x_wconf 86' lang='lat' dir='ltr'><strong>si-</strong></span> 
     </span>
    </p>
   </div>
   <div class='ocr_carea' id='block_1_69' title="bbox 547 3900 2119 3972">
    <p class='ocr_par' dir='ltr' id='par_1_69' title="bbox 547 3900 2119 3972">
     <span class='ocr_line' id='line_1_69' title="bbox 547 3900 2119 3972; baseline 0.008 -24"><span class='ocrx_word' id='word_1_559' title='bbox 547 3911 715 3965; x_wconf 77' lang='lat' dir='ltr'><strong>gnum</strong></span> <span class='ocrx_word' id='word_1_560' title='bbox 748 3900 1057 3972; x_wconf 86' lang='lat' dir='ltr'><strong>acceperit,</strong></span> <span class='ocrx_word' id='word_1_561' title='bbox 1091 3907 1145 3954; x_wconf 86' lang='lat' dir='ltr'><strong>et</strong></span> <span class='ocrx_word' id='word_1_562' title='bbox 1179 3900 1318 3954; x_wconf 87' lang='lat' dir='ltr'><strong>nihil</strong></span> <span class='ocrx_word' id='word_1_563' title='bbox 1346 3900 1450 3954; x_wconf 90' lang='lat' dir='ltr'><strong>hoc</strong></span> <span class='ocrx_word' id='word_1_564' title='bbox 1482 3902 1633 3955; x_wconf 90' lang='lat' dir='ltr'><strong>illum</strong></span> <span class='ocrx_word' id='word_1_565' title='bbox 1671 3903 1738 3957; x_wconf 91' lang='lat' dir='ltr'><strong>ad</strong></span> <span class='ocrx_word' id='word_1_566' title='bbox 1773 3904 2027 3972; x_wconf 88' lang='lat' dir='ltr'><strong>pietatem</strong></span> <span class='ocrx_word' id='word_1_567' title='bbox 2055 3920 2119 3960; x_wconf 90' lang='lat' dir='ltr'><strong>ac</strong></span> 
     </span>
    </p>
   </div>
   <div class='ocr_carea' id='block_1_70' title="bbox 540 3987 2117 4066">
    <p class='ocr_par' dir='ltr' id='par_1_70' title="bbox 540 3987 2117 4066">
     <span class='ocr_line' id='line_1_70' title="bbox 540 3987 2117 4066; baseline 0.006 -25"><span class='ocrx_word' id='word_1_568' title='bbox 540 3987 815 4057; x_wconf 86' lang='lat' dir='ltr'><strong>justitiam</strong></span> <span class='ocrx_word' id='word_1_569' title='bbox 845 3992 1283 4062; x_wconf 86' lang='lat' dir='ltr'><strong>consequendam</strong></span> <span class='ocrx_word' id='word_1_570' title='bbox 1308 3992 1607 4063; x_wconf 76' lang='lat' dir='ltr'><strong>adjuvet-it,</strong></span> <span class='ocrx_word' id='word_1_571' title='bbox 1639 3997 1924 4066; x_wconf 82' lang='lat' dir='ltr'><strong>perSpicue</strong></span> <span class='ocrx_word' id='word_1_572' title='bbox 1955 3997 2117 4050; x_wconf 82' lang='lat' dir='ltr'><strong>verba</strong></span> 
     </span>
    </p>
   </div>
   <div class='ocr_carea' id='block_1_71' title="bbox 543 4081 2117 4158">
    <p class='ocr_par' dir='ltr' id='par_1_71' title="bbox 543 4081 2117 4158">
     <span class='ocr_line' id='line_1_71' title="bbox 543 4081 2117 4158; baseline 0.006 -24"><span class='ocrx_word' id='word_1_573' title='bbox 543 4082 660 4151; x_wconf 88' lang='lat' dir='ltr'><strong>ipsa</strong></span> <span class='ocrx_word' id='word_1_574' title='bbox 691 4081 1089 4138; x_wconf 87' lang='lat' dir='ltr'><strong>demonstrant.</strong></span> <span class='ocrx_word' id='word_1_575' title='bbox 1119 4085 1364 4157; x_wconf 78' lang='lat' dir='ltr'><strong>Invenies</strong></span> <span class='ocrx_word' id='word_1_576' title='bbox 1391 4101 1554 4156; x_wconf 85' lang='lat' dir='ltr'><strong>porro</strong></span> <span class='ocrx_word' id='word_1_577' title='bbox 1577 4087 1738 4140; x_wconf 85' lang='lat' dir='ltr'><strong>etiam</strong></span> <span class='ocrx_word' id='word_1_578' title='bbox 1760 4087 1960 4158; x_wconf 86' lang='lat' dir='ltr'><strong>Josepb</strong></span> <span class='ocrx_word' id='word_1_579' title='bbox 1991 4103 2117 4144; x_wconf 85' lang='lat' dir='ltr'><strong>ante</strong></span> 
     </span>
    </p>
   </div>
   <div class='ocr_carea' id='block_1_72' title="bbox 541 4171 2117 4246">
    <p class='ocr_par' dir='ltr' id='par_1_72' title="bbox 541 4171 2117 4246">
     <span class='ocr_line' id='line_1_72' title="bbox 541 4171 2117 4246; baseline 0.006 -22"><span class='ocrx_word' id='word_1_580' title='bbox 541 4171 711 4226; x_wconf 83' lang='lat' dir='ltr'><strong>Mosis</strong></span> <span class='ocrx_word' id='word_1_581' title='bbox 743 4181 984 4242; x_wconf 89' lang='lat' dir='ltr'><strong>tempora</strong></span> <span class='ocrx_word' id='word_1_582' title='bbox 1018 4173 1072 4227; x_wconf 91' lang='lat' dir='ltr'><strong>in</strong></span> <span class='ocrx_word' id='word_1_583' title='bbox 1105 4174 1270 4243; x_wconf 77' lang='lat' dir='ltr'><strong>regiis</strong></span> <span class='ocrx_word' id='word_1_584' title='bbox 1299 4177 1507 4232; x_wconf 63' lang='lat' dir='ltr'><strong>{edibus</strong></span> <span class='ocrx_word' id='word_1_585' title='bbox 1547 4175 1928 4246; x_wconf 67' lang='lat' dir='ltr'><strong>IEgyptiorum</strong></span> <span class='ocrx_word' id='word_1_586' title='bbox 1949 4217 1962 4242; x_wconf 90' lang='lat'><strong>,</strong></span> <span class='ocrx_word' id='word_1_587' title='bbox 1997 4179 2117 4233; x_wconf 90' lang='lat' dir='ltr'><strong>sine</strong></span> 
     </span>
    </p>
   </div>
   <div class='ocr_carea' id='block_1_73' title="bbox 537 4249 2118 4326">
    <p class='ocr_par' dir='ltr' id='par_1_73' title="bbox 537 4249 2118 4326">
     <span class='ocr_line' id='line_1_73' title="bbox 537 4249 2118 4326; baseline 0.007 -11"><span class='ocrx_word' id='word_1_588' title='bbox 537 4263 891 4322; x_wconf 66' lang='lat' dir='ltr'><strong>Iudaicarum</strong></span> <span class='ocrx_word' id='word_1_589' title='bbox 927 4267 1374 4321; x_wconf 84' lang='lat' dir='ltr'><strong>Observationum</strong></span> <span class='ocrx_word' id='word_1_590' title='bbox 1423 4253 1798 4322; x_wconf 79' lang='lat' dir='ltr'><strong>sollicitudine</strong></span> <span class='ocrx_word' id='word_1_591' title='bbox 1841 4249 2118 4326; x_wconf 83' lang='lat' dir='ltr'><strong>incuriose</strong></span> 
     </span>
    </p>
   </div>
   <div class='ocr_carea' id='block_1_74' title="bbox 538 4358 2118 4432">
    <p class='ocr_par' dir='ltr' id='par_1_74' title="bbox 538 4358 2118 4432">
     <span class='ocr_line' id='line_1_74' title="bbox 538 4358 2118 4432; baseline 0.004 -21"><span class='ocrx_word' id='word_1_592' title='bbox 538 4365 839 4411; x_wconf 74' lang='lat' dir='ltr'><strong>versatum.</strong></span> <span class='ocrx_word' id='word_1_593' title='bbox 879 4358 1200 4424; x_wconf 79' lang='lat' dir='ltr'><strong>Postremo,</strong></span> <span class='ocrx_word' id='word_1_594' title='bbox 1231 4361 1276 4414; x_wconf 92' lang='lat' dir='ltr'><strong>si</strong></span> <span class='ocrx_word' id='word_1_595' title='bbox 1312 4359 1432 4424; x_wconf 89' lang='lat' dir='ltr'><strong>vis,</strong></span> <span class='ocrx_word' id='word_1_596' title='bbox 1483 4369 1636 4429; x_wconf 88' lang='lat' dir='ltr'><strong>potes</strong></span> <span class='ocrx_word' id='word_1_597' title='bbox 1675 4361 1853 4430; x_wconf 90' lang='lat' dir='ltr'><strong>ipsum</strong></span> <span class='ocrx_word' id='word_1_598' title='bbox 1899 4377 2118 4432; x_wconf 89' lang='lat' dir='ltr'><strong>quoque</strong></span> 
     </span>
    </p>
   </div>
   <div class='ocr_carea' id='block_1_75' title="bbox 537 4448 2114 4526">
    <p class='ocr_par' dir='ltr' id='par_1_75' title="bbox 537 4448 2114 4526">
     <span class='ocr_line' id='line_1_75' title="bbox 537 4448 2114 4526; baseline 0.002 -23"><span class='ocrx_word' id='word_1_599' title='bbox 537 4463 812 4503; x_wconf 88' lang='lat' dir='ltr'><strong>summum</strong></span> <span class='ocrx_word' id='word_1_600' title='bbox 865 4448 1176 4521; x_wconf 58' lang='lat' dir='ltr'><strong>indecorum</strong></span> <span class='ocrx_word' id='word_1_601' title='bbox 1227 4451 1590 4526; x_wconf 79' lang='lat' dir='ltr'><strong>legislatorem</strong></span> <span class='ocrx_word' id='word_1_602' title='bbox 1625 4449 1862 4514; x_wconf 80' lang='lat' dir='ltr'><strong>Mosem,</strong></span> <span class='ocrx_word' id='word_1_603' title='bbox 1899 4465 1928 4504; x_wconf 90' lang='lat' dir='ltr'><strong>a</strong></span> <span class='ocrx_word' id='word_1_604' title='bbox 1963 4461 2114 4506; x_wconf 86' lang='lat' dir='ltr'><strong>tene-</strong></span> 
     </span>
    </p>
   </div>
   <div class='ocr_carea' id='block_1_76' title="bbox 533 4541 2118 4614">
    <p class='ocr_par' dir='ltr' id='par_1_76' title="bbox 533 4541 2118 4614">
     <span class='ocr_line' id='line_1_76' title="bbox 533 4541 2118 4614; baseline 0.001 -20"><span class='ocrx_word' id='word_1_605' title='bbox 533 4541 668 4595; x_wconf 81' lang='lat' dir='ltr'><strong>riori</strong></span> <span class='ocrx_word' id='word_1_606' title='bbox 698 4543 878 4596; x_wconf 86' lang='lat' dir='ltr'><strong>adhuc</strong></span> <span class='ocrx_word' id='word_1_607' title='bbox 907 4553 1064 4614; x_wconf 66' lang='lat' dir='ltr'><strong>mtate</strong></span> <span class='ocrx_word' id='word_1_608' title='bbox 1095 4542 1239 4613; x_wconf 89' lang='lat' dir='ltr'><strong>apud</strong></span> <span class='ocrx_word' id='word_1_609' title='bbox 1271 4543 1414 4612; x_wconf 80' lang='lat' dir='ltr'><strong>regis</strong></span> <span class='ocrx_word' id='word_1_610' title='bbox 1445 4541 1690 4614; x_wconf 65' lang='lat' dir='ltr'><strong>Aigyptii</strong></span> <span class='ocrx_word' id='word_1_611' title='bbox 1723 4543 1888 4596; x_wconf 77' lang='lat' dir='ltr'><strong>tiliam</strong></span> <span class='ocrx_word' id='word_1_612' title='bbox 1916 4543 2118 4612; x_wconf 79' lang='lat' dir='ltr'><strong>degen-</strong></span> 
     </span>
    </p>
   </div>
   <div class='ocr_carea' id='block_1_77' title="bbox 2225 3345 3808 3418">
    <p class='ocr_par' dir='ltr' id='par_1_77' title="bbox 2225 3345 3808 3418">
     <span class='ocr_line' id='line_1_77' title="bbox 2225 3345 3808 3418; baseline 0.001 -20"><span class='ocrx_word' id='word_1_613' title='bbox 2225 3347 2282 3400; x_wconf 78' lang='grc' dir='ltr'><strong>ὲν</strong></span> <span class='ocrx_word' id='word_1_614' title='bbox 2311 3348 2424 3408; x_wconf 85' lang='grc' dir='ltr'>τοῖς</span> <span class='ocrx_word' id='word_1_615' title='bbox 2469 3345 2782 3414; x_wconf 73' lang='grc' dir='ltr'>Αἰγυπτίων</span> <span class='ocrx_word' id='word_1_616' title='bbox 2815 3345 3106 3416; x_wconf 75' lang='grc' dir='ltr'>βασιλείοις</span> <span class='ocrx_word' id='word_1_617' title='bbox 3153 3345 3652 3418; x_wconf 63' lang='grc' dir='ltr'>ἁπαραφυλάκτως,</span> <span class='ocrx_word' id='word_1_618' title='bbox 3689 3345 3808 3400; x_wconf 79' lang='grc' dir='ltr'>ἀλλ’</span> 
     </span>
    </p>
   </div>
   <div class='ocr_carea' id='block_1_78' title="bbox 2221 3437 3814 3511">
    <p class='ocr_par' dir='ltr' id='par_1_78' title="bbox 2221 3437 3814 3511">
     <span class='ocr_line' id='line_1_78' title="bbox 2221 3437 3814 3511; baseline 0 -19"><span class='ocrx_word' id='word_1_619' title='bbox 2221 3439 2322 3492; x_wconf 80' lang='grc' dir='ltr'><strong>οὐκ</strong></span> <span class='ocrx_word' id='word_1_620' title='bbox 2351 3438 2662 3506; x_wconf 62' lang='grc' dir='ltr'>Ἰουδαϊκῶς</span> <span class='ocrx_word' id='word_1_621' title='bbox 2697 3439 2948 3509; x_wconf 78' lang='grc' dir='ltr'>ἀχθέντα.</span> <span class='ocrx_word' id='word_1_622' title='bbox 2985 3439 3047 3492; x_wconf 81' lang='grc' dir='ltr'>Εἰ</span> <span class='ocrx_word' id='word_1_623' title='bbox 3080 3438 3136 3492; x_wconf 82' lang='grc' dir='ltr'>δὲ</span> <span class='ocrx_word' id='word_1_624' title='bbox 3177 3437 3370 3501; x_wconf 79' lang='grc' dir='ltr'>θέλεις,</span> <span class='ocrx_word' id='word_1_625' title='bbox 3400 3439 3492 3491; x_wconf 79' lang='grc' dir='ltr'><strong>καὶ</strong></span> <span class='ocrx_word' id='word_1_626' title='bbox 3519 3438 3610 3492; x_wconf 79' lang='grc' dir='ltr'><strong>τὸν</strong></span> <span class='ocrx_word' id='word_1_627' title='bbox 3645 3454 3814 3511; x_wconf 82' lang='grc' dir='ltr'>κορυ-</span> 
     </span>
    </p>
   </div>
   <div class='ocr_carea' id='block_1_79' title="bbox 2223 3529 3812 3603">
    <p class='ocr_par' dir='ltr' id='par_1_79' title="bbox 2223 3529 3812 3603">
     <span class='ocr_line' id='line_1_79' title="bbox 2223 3529 3812 3603; baseline -0.001 -17"><span class='ocrx_word' id='word_1_628' title='bbox 2223 3535 2378 3602; x_wconf 84' lang='grc' dir='ltr'>φαῖον</span> <span class='ocrx_word' id='word_1_629' title='bbox 2401 3532 2564 3586; x_wconf 75' lang='grc' dir='ltr'>αὐτὸν</span> <span class='ocrx_word' id='word_1_630' title='bbox 2593 3533 2686 3585; x_wconf 76' lang='grc' dir='ltr'><strong>καὶ</strong></span> <span class='ocrx_word' id='word_1_631' title='bbox 2709 3531 3007 3603; x_wconf 79' lang='grc' dir='ltr'>νομοθέτην</span> <span class='ocrx_word' id='word_1_632' title='bbox 3029 3531 3122 3584; x_wconf 81' lang='grc' dir='ltr'><strong>τού</strong></span> <span class='ocrx_word' id='word_1_633' title='bbox 3156 3530 3426 3584; x_wconf 75' lang='grc' dir='ltr'>Ἰουδαίων</span> <span class='ocrx_word' id='word_1_634' title='bbox 3478 3529 3661 3593; x_wconf 77' lang='grc' dir='ltr'>ἔθνους</span> <span class='ocrx_word' id='word_1_635' title='bbox 3681 3530 3812 3584; x_wconf 85' lang='grc' dir='ltr'><strong>Μω-</strong></span> 
     </span>
    </p>
   </div>
   <div class='ocr_carea' id='block_1_80' title="bbox 2224 3617 3806 3692">
    <p class='ocr_par' dir='ltr' id='par_1_80' title="bbox 2224 3617 3806 3692">
     <span class='ocr_line' id='line_1_80' title="bbox 2224 3617 3806 3692; baseline -0.003 -16"><span class='ocrx_word' id='word_1_636' title='bbox 2224 3622 2342 3689; x_wconf 85' lang='grc' dir='ltr'>σέα,</span> <span class='ocrx_word' id='word_1_637' title='bbox 2374 3621 2565 3692; x_wconf 85' lang='grc' dir='ltr'>γνοίης</span> <span class='ocrx_word' id='word_1_638' title='bbox 2588 3620 2654 3674; x_wconf 79' lang='grc' dir='ltr'>ἂν</span> <span class='ocrx_word' id='word_1_639' title='bbox 2687 3619 2828 3684; x_wconf 78' lang='grc' dir='ltr'>ὲξέτι</span> <span class='ocrx_word' id='word_1_640' title='bbox 2858 3621 3056 3692; x_wconf 90' lang='grc' dir='ltr'>νηπίας</span> <span class='ocrx_word' id='word_1_641' title='bbox 3087 3619 3306 3691; x_wconf 73' lang='grc' dir='ltr'>ἡλικίας</span> <span class='ocrx_word' id='word_1_642' title='bbox 3323 3617 3476 3690; x_wconf 79' lang='grc' dir='ltr'>παρὰ</span> <span class='ocrx_word' id='word_1_643' title='bbox 3501 3621 3566 3690; x_wconf 84' lang='grc' dir='ltr'>τῇ</span> <span class='ocrx_word' id='word_1_644' title='bbox 3591 3619 3682 3670; x_wconf 78' lang='grc' dir='ltr'>τοῦ</span> <span class='ocrx_word' id='word_1_645' title='bbox 3705 3619 3806 3672; x_wconf 81' lang='grc' dir='ltr'><strong>Δί·-</strong></span> 
     </span>
    </p>
   </div>
   <div class='ocr_carea' id='block_1_81' title="bbox 2219 3709 3806 3784">
    <p class='ocr_par' dir='ltr' id='par_1_81' title="bbox 2219 3709 3806 3784">
     <span class='ocr_line' id='line_1_81' title="bbox 2219 3709 3806 3784; baseline -0.003 -16"><span class='ocrx_word' id='word_1_646' title='bbox 2219 3714 2450 3784; x_wconf 86' lang='grc' dir='ltr'>γυπτίου</span> <span class='ocrx_word' id='word_1_647' title='bbox 2481 3712 2742 3784; x_wconf 84' lang='grc' dir='ltr'>βασιλέως</span> <span class='ocrx_word' id='word_1_648' title='bbox 2772 3711 3004 3784; x_wconf 76' lang='grc' dir='ltr'>θυγατρὶ</span> <span class='ocrx_word' id='word_1_649' title='bbox 3036 3712 3135 3776; x_wconf 75' lang='grc' dir='ltr'><strong>τὰς</strong></span> <span class='ocrx_word' id='word_1_650' title='bbox 3173 3710 3460 3782; x_wconf 73' lang='grc' dir='ltr'>διατριϐὰς</span> <span class='ocrx_word' id='word_1_651' title='bbox 3496 3709 3806 3782; x_wconf 82' lang='grc' dir='ltr'>πεποιημέ-</span> 
     </span>
    </p>
   </div>
   <div class='ocr_carea' id='block_1_82' title="bbox 2221 3803 3806 3877">
    <p class='ocr_par' dir='ltr' id='par_1_82' title="bbox 2221 3803 3806 3877">
     <span class='ocr_line' id='line_1_82' title="bbox 2221 3803 3806 3877; baseline -0.004 -16"><span class='ocrx_word' id='word_1_652' title='bbox 2221 3823 2330 3870; x_wconf 87' lang='grc' dir='ltr'>νον,</span> <span class='ocrx_word' id='word_1_653' title='bbox 2358 3805 2565 3877; x_wconf 81' lang='grc' dir='ltr'>τροφῆς</span> <span class='ocrx_word' id='word_1_654' title='bbox 2593 3822 2654 3858; x_wconf 86' lang='grc' dir='ltr'><strong>τε</strong></span> <span class='ocrx_word' id='word_1_655' title='bbox 2686 3805 2786 3874; x_wconf 78' lang='grc' dir='ltr'><strong>τῆς</strong></span> <span class='ocrx_word' id='word_1_656' title='bbox 2813 3805 3113 3872; x_wconf 66' lang='grc' dir='ltr'>Αἰγυπτίας</span> <span class='ocrx_word' id='word_1_657' title='bbox 3140 3803 3580 3874; x_wconf 72' lang='grc' dir='ltr'>ἀπαρατηρήτως</span> <span class='ocrx_word' id='word_1_658' title='bbox 3621 3818 3806 3872; x_wconf 85' lang='grc' dir='ltr'>μετει-</span> 
     </span>
    </p>
   </div>
   <div class='ocr_carea' id='block_1_83' title="bbox 2219 3892 3806 3968">
    <p class='ocr_par' dir='ltr' id='par_1_83' title="bbox 2219 3892 3806 3968">
     <span class='ocr_line' id='line_1_83' title="bbox 2219 3892 3806 3968; baseline -0.003 -17"><span class='ocrx_word' id='word_1_659' title='bbox 2219 3897 2439 3968; x_wconf 88' lang='grc' dir='ltr'>ληχότα.</span> <span class='ocrx_word' id='word_1_660' title='bbox 2473 3898 2537 3950; x_wconf 89' lang='grc' dir='ltr'>Τί</span> <span class='ocrx_word' id='word_1_661' title='bbox 2587 3897 2668 3950; x_wconf 82' lang='grc' dir='ltr'><strong>δεῖ</strong></span> <span class='ocrx_word' id='word_1_662' title='bbox 2709 3896 2884 3966; x_wconf 79' lang='grc' dir='ltr'>λέγειν</span> <span class='ocrx_word' id='word_1_663' title='bbox 2931 3896 3022 3950; x_wconf 79' lang='grc' dir='ltr'><strong>τὸν</strong></span> <span class='ocrx_word' id='word_1_664' title='bbox 3070 3894 3468 3968; x_wconf 80' lang='grc' dir='ltr'>τρισμακάριον</span> <span class='ocrx_word' id='word_1_665' title='bbox 3527 3892 3668 3958; x_wconf 81' lang='grc' dir='ltr'>Ἰὼϐ,</span> <span class='ocrx_word' id='word_1_666' title='bbox 3710 3893 3806 3946; x_wconf 56' lang='grc' dir='ltr'>τὸν</span> 
     </span>
    </p>
   </div>
   <div class='ocr_carea' id='block_1_84' title="bbox 2221 3985 3801 4062">
    <p class='ocr_par' dir='ltr' id='par_1_84' title="bbox 2221 3985 3801 4062">
     <span class='ocr_line' id='line_1_84' title="bbox 2221 3985 3801 4062; baseline -0.003 -19"><span class='ocrx_word' id='word_1_667' title='bbox 2221 3990 2395 4062; x_wconf 80' lang='grc' dir='ltr'>ἀληθῆ</span> <span class='ocrx_word' id='word_1_668' title='bbox 2427 3989 2712 4058; x_wconf 78' lang='grc' dir='ltr'>ἄνθρωπον</span> <span class='ocrx_word' id='word_1_669' title='bbox 2741 3989 2972 4053; x_wconf 78' lang='grc' dir='ltr'>ἐκεῖνον,</span> <span class='ocrx_word' id='word_1_670' title='bbox 3003 3987 3093 4042; x_wconf 78' lang='grc' dir='ltr'><strong>τὸν</strong></span> <span class='ocrx_word' id='word_1_671' title='bbox 3124 3989 3431 4058; x_wconf 75' lang='grc' dir='ltr'>ἄμεμπτον,</span> <span class='ocrx_word' id='word_1_672' title='bbox 3460 3985 3551 4040; x_wconf 81' lang='grc' dir='ltr'><strong>τὸν</strong></span> <span class='ocrx_word' id='word_1_673' title='bbox 3573 3986 3801 4050; x_wconf 87' lang='grc' dir='ltr'>δίκαιον,</span> 
     </span>
    </p>
   </div>
   <div class='ocr_carea' id='block_1_85' title="bbox 2217 4077 3806 4152">
    <p class='ocr_par' dir='ltr' id='par_1_85' title="bbox 2217 4077 3806 4152">
     <span class='ocr_line' id='line_1_85' title="bbox 2217 4077 3806 4152; baseline -0.003 -18"><span class='ocrx_word' id='word_1_674' title='bbox 2217 4084 2307 4140; x_wconf 75' lang='grc' dir='ltr'><strong>τὸν</strong></span> <span class='ocrx_word' id='word_1_675' title='bbox 2354 4080 2581 4152; x_wconf 81' lang='grc' dir='ltr'>θεοσεϐῆ</span> <span class='ocrx_word' id='word_1_676' title='bbox 2608 4097 2622 4144; x_wconf 92' lang='grc'><strong>;</strong></span> <span class='ocrx_word' id='word_1_677' title='bbox 2651 4082 2750 4150; x_wconf 83' lang='grc' dir='ltr'><strong>τῆς</strong></span> <span class='ocrx_word' id='word_1_678' title='bbox 2783 4083 2861 4143; x_wconf 81' lang='grc' dir='ltr'>εἰς</span> <span class='ocrx_word' id='word_1_679' title='bbox 2907 4080 3074 4151; x_wconf 83' lang='grc' dir='ltr'>ἄκρον</span> <span class='ocrx_word' id='word_1_680' title='bbox 3117 4077 3398 4144; x_wconf 72' lang='grc' dir='ltr'>εὐσεϐείας</span> <span class='ocrx_word' id='word_1_681' title='bbox 3429 4077 3576 4148; x_wconf 75' lang='grc' dir='ltr'>αὐτῷ</span> <span class='ocrx_word' id='word_1_682' title='bbox 3606 4077 3698 4132; x_wconf 79' lang='grc' dir='ltr'><strong>καὶ</strong></span> <span class='ocrx_word' id='word_1_683' title='bbox 3726 4077 3806 4130; x_wconf 91' lang='grc' dir='ltr'>δι-</span> 
     </span>
    </p>
   </div>
   <div class='ocr_carea' id='block_1_86' title="bbox 2219 4155 3806 4248">
    <p class='ocr_par' dir='ltr' id='par_1_86' title="bbox 2219 4169 3806 4248">
     <span class='ocr_line' id='line_1_86' title="bbox 2219 4169 3806 4248; baseline -0.005 -18"><span class='ocrx_word' id='word_1_684' title='bbox 2219 4175 2584 4246; x_wconf 86' lang='grc' dir='ltr'>καιοπραγίας</span> <span class='ocrx_word' id='word_1_685' title='bbox 2618 4175 2700 4248; x_wconf 72' lang='grc' dir='ltr'><strong>τίς</strong></span> <span class='ocrx_word' id='word_1_686' title='bbox 2733 4171 2844 4244; x_wconf 86' lang='grc' dir='ltr'>ἆρα</span> <span class='ocrx_word' id='word_1_687' title='bbox 2905 4173 3053 4226; x_wconf 83' lang='grc' dir='ltr'>αἰτία</span> <span class='ocrx_word' id='word_1_688' title='bbox 3074 4169 3176 4242; x_wconf 57' lang='lat' dir='ltr'><strong>iv;</strong></span> <span class='ocrx_word' id='word_1_689' title='bbox 3240 4173 3436 4244; x_wconf 83' lang='grc' dir='ltr'>μήτιγε</span> <span class='ocrx_word' id='word_1_690' title='bbox 3467 4169 3536 4224; x_wconf 79' lang='grc' dir='ltr'>τὰ</span> <span class='ocrx_word' id='word_1_691' title='bbox 3561 4169 3806 4235; x_wconf 75' lang='grc' dir='ltr'>Μωσέως</span> 
     </span>
    </p>
   </div>
   <div class='ocr_carea' id='block_1_87' title="bbox 2221 4259 3802 4337">
    <p class='ocr_par' dir='ltr' id='par_1_87' title="bbox 2221 4259 3802 4337">
     <span class='ocr_line' id='line_1_87' title="bbox 2221 4259 3802 4337; baseline -0.004 -18"><span class='ocrx_word' id='word_1_692' title='bbox 2221 4263 2693 4337; x_wconf 75' lang='grc' dir='ltr'>παραγγέλματα;</span> <span class='ocrx_word' id='word_1_693' title='bbox 2729 4261 3014 4333; x_wconf 79' lang='grc' dir='ltr'>Οὐδαμῶς.</span> <span class='ocrx_word' id='word_1_694' title='bbox 3071 4261 3231 4314; x_wconf 76' lang='grc' dir='ltr'>Ἀλλὰ</span> <span class='ocrx_word' id='word_1_695' title='bbox 3269 4261 3546 4316; x_wconf 83' lang='grc' dir='ltr'>Σαϐϐάτου</span> <span class='ocrx_word' id='word_1_696' title='bbox 3591 4259 3802 4330; x_wconf 80' lang='grc' dir='ltr'>ἡμέρας</span> 
     </span>
    </p>
   </div>
   <div class='ocr_carea' id='block_1_88' title="bbox 2218 4347 3803 4426">
    <p class='ocr_par' dir='ltr' id='par_1_88' title="bbox 2218 4347 3803 4426">
     <span class='ocr_line' id='line_1_88' title="bbox 2218 4347 3803 4426; baseline -0.004 -19"><span class='ocrx_word' id='word_1_697' title='bbox 2218 4350 2659 4426; x_wconf 81' lang='grc' dir='ltr'>ὲπιτήρησις.ἦν,</span> <span class='ocrx_word' id='word_1_698' title='bbox 2695 4353 2730 4425; x_wconf 71' lang='grc' dir='ltr'>ἦ</span> <span class='ocrx_word' id='word_1_699' title='bbox 2759 4369 2903 4416; x_wconf 84' lang='grc' dir='ltr'>τινος</span> <span class='ocrx_word' id='word_1_700' title='bbox 2945 4353 3110 4422; x_wconf 53' lang='grc' dir='ltr'>ἄλλης</span> <span class='ocrx_word' id='word_1_701' title='bbox 3169 4351 3467 4421; x_wconf 78' lang='grc' dir='ltr'>Ἰουδαϊκῆς</span> <span class='ocrx_word' id='word_1_702' title='bbox 3518 4347 3803 4419; x_wconf 75' lang='grc' dir='ltr'>ἐθελοθρη-</span> 
     </span>
    </p>
   </div>
   <div class='ocr_carea' id='block_1_89' title="bbox 2221 4442 3802 4518">
    <p class='ocr_par' dir='ltr' id='par_1_89' title="bbox 2221 4442 3802 4518">
     <span class='ocr_line' id='line_1_89' title="bbox 2221 4442 3802 4518; baseline -0.004 -18"><span class='ocrx_word' id='word_1_703' title='bbox 2221 4447 2406 4510; x_wconf 87' lang='grc' dir='ltr'>σκείας</span> <span class='ocrx_word' id='word_1_704' title='bbox 2457 4446 2712 4518; x_wconf 85' lang='grc' dir='ltr'>φυλακή;</span> <span class='ocrx_word' id='word_1_705' title='bbox 2769 4445 2930 4499; x_wconf 88' lang='grc' dir='ltr'>πόθεν</span> <span class='ocrx_word' id='word_1_706' title='bbox 2959 4487 2972 4510; x_wconf 89' lang='grc'><strong>,</strong></span> <span class='ocrx_word' id='word_1_707' title='bbox 3023 4445 3379 4517; x_wconf 81' lang='grc' dir='ltr'>πρεσϐυτέρῳ</span> <span class='ocrx_word' id='word_1_708' title='bbox 3427 4445 3539 4512; x_wconf 70' lang='grc' dir='ltr'>τοῖς</span> <span class='ocrx_word' id='word_1_709' title='bbox 3589 4442 3802 4512; x_wconf 82' lang='grc' dir='ltr'>χρόνοις</span> 
     </span>
    </p>
   </div>
   <div class='ocr_carea' id='block_1_90' title="bbox 2217 4519 3799 4610">
    <p class='ocr_par' dir='ltr' id='par_1_90' title="bbox 2217 4535 3799 4610">
     <span class='ocr_line' id='line_1_90' title="bbox 2217 4535 3799 4610; baseline -0.005 -16"><span class='ocrx_word' id='word_1_710' title='bbox 2217 4540 2480 4604; x_wconf 77' lang='grc' dir='ltr'>Μωσέως,</span> <span class='ocrx_word' id='word_1_711' title='bbox 2513 4541 2632 4593; x_wconf 59' lang='grc' dir='ltr'><strong>και</strong></span> <span class='ocrx_word' id='word_1_712' title='bbox 2659 4539 2760 4610; x_wconf 82' lang='grc' dir='ltr'><strong>τῆς</strong></span> <span class='ocrx_word' id='word_1_713' title='bbox 2792 4541 2912 4592; x_wconf 82' lang='grc' dir='ltr'>κατ’</span> <span class='ocrx_word' id='word_1_714' title='bbox 2949 4539 3110 4592; x_wconf 72' lang='grc' dir='ltr'>αὑτὸν</span> <span class='ocrx_word' id='word_1_715' title='bbox 3141 4535 3457 4607; x_wconf 84' lang='grc' dir='ltr'>νομοθεσίας</span> <span class='ocrx_word' id='word_1_716' title='bbox 3489 4535 3799 4610; x_wconf 80' lang='grc' dir='ltr'>γενομένῳ;</span> 
     </span>
    </p>
   </div>
   <div class='ocr_carea' id='block_1_91' title="bbox 535 4619 2125 4708">
    <p class='ocr_par' dir='ltr' id='par_1_91' title="bbox 535 4635 2113 4708">
     <span class='ocr_line' id='line_1_91' title="bbox 535 4635 2113 4708; baseline 0.003 -23"><span class='ocrx_word' id='word_1_717' title='bbox 535 4643 644 4688; x_wconf 89' lang='lat' dir='ltr'><strong>tem</strong></span> <span class='ocrx_word' id='word_1_718' title='bbox 679 4651 1015 4706; x_wconf 78' lang='lat' dir='ltr'><strong>agnoscere,</strong></span> <span class='ocrx_word' id='word_1_719' title='bbox 1048 4639 1143 4708; x_wconf 88' lang='lat' dir='ltr'><strong>qui</strong></span> <span class='ocrx_word' id='word_1_720' title='bbox 1189 4638 1408 4707; x_wconf 87' lang='lat' dir='ltr'><strong>quidem</strong></span> <span class='ocrx_word' id='word_1_721' title='bbox 1459 4635 1718 4707; x_wconf 57' lang='lat' dir='ltr'><strong>[Egyptio</strong></span> <span class='ocrx_word' id='word_1_722' title='bbox 1764 4637 1924 4706; x_wconf 88' lang='lat' dir='ltr'><strong>plane</strong></span> <span class='ocrx_word' id='word_1_723' title='bbox 1961 4651 2113 4691; x_wconf 89' lang='lat' dir='ltr'><strong>more</strong></span> 
     </span>
    </p>
   </div>
   <div class='ocr_carea' id='block_1_92' title="bbox 2228 4619 3804 4708">
    <p class='ocr_par' dir='ltr' id='par_1_92' title="bbox 2231 4619 3804 4704">
     <span class='ocr_line' id='line_1_92' title="bbox 2231 4619 3804 4704; baseline -0.002 -21"><span class='ocrx_word' id='word_1_724' title='bbox 2231 4632 2288 4683; x_wconf 89' lang='lat'><strong>&#39;0</strong></span> <span class='ocrx_word' id='word_1_725' title='bbox 2314 4631 2410 4702; x_wconf 81' lang='grc' dir='ltr'><strong>μὲν</strong></span> <span class='ocrx_word' id='word_1_726' title='bbox 2443 4619 2550 4703; x_wconf 76' lang='grc' dir='ltr'><strong>γὰρ</strong></span> <span class='ocrx_word' id='word_1_727' title='bbox 2571 4631 2775 4704; x_wconf 83' lang='grc' dir='ltr'>Μωσῆς</span> <span class='ocrx_word' id='word_1_728' title='bbox 2827 4629 3056 4700; x_wconf 73' lang='grc' dir='ltr'>ἕϐδομος</span> <span class='ocrx_word' id='word_1_729' title='bbox 3083 4629 3142 4692; x_wconf 81' lang='grc' dir='ltr'><strong>ἐξ</strong></span> <span class='ocrx_word' id='word_1_730' title='bbox 3184 4627 3434 4698; x_wconf 81' lang='grc' dir='ltr'>Ἀϐραὰμ</span> <span class='ocrx_word' id='word_1_731' title='bbox 3471 4627 3804 4696; x_wconf 82' lang='grc' dir='ltr'>γενεαλογεῖ-</span> 
     </span>
    </p>
   </div>
   <div class='ocr_carea' id='block_1_93' title="bbox 533 4724 2118 4797">
    <p class='ocr_par' dir='ltr' id='par_1_93' title="bbox 533 4724 2118 4797">
     <span class='ocr_line' id='line_1_93' title="bbox 533 4724 2118 4797; baseline 0.001 -19"><span class='ocrx_word' id='word_1_732' title='bbox 533 4724 740 4794; x_wconf 83' lang='lat' dir='ltr'><strong>absque</strong></span> <span class='ocrx_word' id='word_1_733' title='bbox 765 4725 1008 4792; x_wconf 82' lang='lat' dir='ltr'><strong>Judaicis</strong></span> <span class='ocrx_word' id='word_1_734' title='bbox 1040 4729 1516 4794; x_wconf 81' lang='lat' dir='ltr'><strong>observationibus</strong></span> <span class='ocrx_word' id='word_1_735' title='bbox 1573 4727 1716 4797; x_wconf 83' lang='lat' dir='ltr'><strong>apud</strong></span> <span class='ocrx_word' id='word_1_736' title='bbox 1755 4727 2001 4782; x_wconf 88' lang='lat' dir='ltr'><strong>eamdem</strong></span> <span class='ocrx_word' id='word_1_737' title='bbox 2045 4728 2118 4784; x_wconf 89' lang='lat' dir='ltr'><strong>sit</strong></span> 
     </span>
    </p>
   </div>
   <div class='ocr_carea' id='block_1_94' title="bbox 535 4815 2113 4883">
    <p class='ocr_par' dir='ltr' id='par_1_94' title="bbox 535 4815 2113 4883">
     <span class='ocr_line' id='line_1_94' title="bbox 535 4815 2113 4883; baseline 0.002 -13"><span class='ocrx_word' id='word_1_738' title='bbox 535 4816 824 4871; x_wconf 85' lang='lat' dir='ltr'><strong>educatus.</strong></span> <span class='ocrx_word' id='word_1_739' title='bbox 861 4815 966 4872; x_wconf 86' lang='lat' dir='ltr'><strong>Sed</strong></span> <span class='ocrx_word' id='word_1_740' title='bbox 999 4819 1258 4882; x_wconf 82' lang='lat' dir='ltr'><strong>quidnam</strong></span> <span class='ocrx_word' id='word_1_741' title='bbox 1289 4819 1356 4873; x_wconf 89' lang='lat' dir='ltr'><strong>de</strong></span> <span class='ocrx_word' id='word_1_742' title='bbox 1385 4819 1708 4874; x_wconf 83' lang='lat' dir='ltr'><strong>beatissimo</strong></span> <span class='ocrx_word' id='word_1_743' title='bbox 1737 4817 1871 4882; x_wconf 86' lang='lat' dir='ltr'><strong>Job,</strong></span> <span class='ocrx_word' id='word_1_744' title='bbox 1904 4817 1970 4873; x_wconf 91' lang='lat' dir='ltr'><strong>de</strong></span> <span class='ocrx_word' id='word_1_745' title='bbox 2001 4819 2113 4883; x_wconf 90' lang='lat' dir='ltr'><strong>illo,</strong></span> 
     </span>
    </p>
   </div>
   <div class='ocr_carea' id='block_1_95' title="bbox 533 4909 2111 4982">
    <p class='ocr_par' dir='ltr' id='par_1_95' title="bbox 533 4909 2111 4982">
     <span class='ocr_line' id='line_1_95' title="bbox 533 4909 2111 4982; baseline 0.001 -18"><span class='ocrx_word' id='word_1_746' title='bbox 533 4909 794 4982; x_wconf 85' lang='lat' dir='ltr'><strong>inquam,</strong></span> <span class='ocrx_word' id='word_1_747' title='bbox 827 4927 954 4965; x_wconf 84' lang='lat' dir='ltr'><strong>vero</strong></span> <span class='ocrx_word' id='word_1_748' title='bbox 987 4911 1208 4972; x_wconf 81' lang='lat' dir='ltr'><strong>homine</strong></span> <span class='ocrx_word' id='word_1_749' title='bbox 1229 4951 1242 4975; x_wconf 91' lang='lat'><strong>,</strong></span> <span class='ocrx_word' id='word_1_750' title='bbox 1273 4912 1366 4965; x_wconf 86' lang='lat' dir='ltr'><strong>illo</strong></span> <span class='ocrx_word' id='word_1_751' title='bbox 1397 4913 1750 4981; x_wconf 87' lang='lat' dir='ltr'><strong>inculpabili,</strong></span> <span class='ocrx_word' id='word_1_752' title='bbox 1781 4912 1933 4981; x_wconf 90' lang='lat' dir='ltr'><strong>justo</strong></span> <span class='ocrx_word' id='word_1_753' title='bbox 1954 4952 1969 4974; x_wconf 93' lang='lat'><strong>,</strong></span> <span class='ocrx_word' id='word_1_754' title='bbox 1999 4913 2111 4982; x_wconf 88' lang='lat' dir='ltr'><strong>pio,</strong></span> 
     </span>
    </p>
   </div>
   <div class='ocr_carea' id='block_1_96' title="bbox 533 5001 2118 5070">
    <p class='ocr_par' dir='ltr' id='par_1_96' title="bbox 533 5001 2118 5070">
     <span class='ocr_line' id='line_1_96' title="bbox 533 5001 2118 5070; baseline -0.001 -14"><span class='ocrx_word' id='word_1_755' title='bbox 533 5001 818 5058; x_wconf 87' lang='lat' dir='ltr'><strong>dicemus?</strong></span> <span class='ocrx_word' id='word_1_756' title='bbox 859 5001 991 5068; x_wconf 62' lang='lat' dir='ltr'><strong>Quae</strong></span> <span class='ocrx_word' id='word_1_757' title='bbox 1017 5002 1234 5056; x_wconf 85' lang='lat' dir='ltr'><strong>tandem</strong></span> <span class='ocrx_word' id='word_1_758' title='bbox 1265 5001 1410 5070; x_wconf 76' lang='lat' dir='ltr'><strong>illitis</strong></span> <span class='ocrx_word' id='word_1_759' title='bbox 1449 5017 1677 5058; x_wconf 66' lang='lat' dir='ltr'><strong>summm</strong></span> <span class='ocrx_word' id='word_1_760' title='bbox 1715 5001 1932 5070; x_wconf 86' lang='lat' dir='ltr'><strong>pietatis</strong></span> <span class='ocrx_word' id='word_1_761' title='bbox 1959 5009 2014 5056; x_wconf 86' lang='lat' dir='ltr'><strong>et</strong></span> <span class='ocrx_word' id='word_1_762' title='bbox 2033 5001 2118 5070; x_wconf 87' lang='lat' dir='ltr'><strong>ju-</strong></span> 
     </span>
    </p>
   </div>
   <div class='ocr_carea' id='block_1_97' title="bbox 535 5092 2114 5170">
    <p class='ocr_par' dir='ltr' id='par_1_97' title="bbox 535 5092 2114 5170">
     <span class='ocr_line' id='line_1_97' title="bbox 535 5092 2114 5170; baseline -0.003 -18"><span class='ocrx_word' id='word_1_763' title='bbox 535 5096 698 5152; x_wconf 70' lang='lat' dir='ltr'><strong>stitia:</strong></span> <span class='ocrx_word' id='word_1_764' title='bbox 743 5111 910 5152; x_wconf 85' lang='lat' dir='ltr'><strong>causa</strong></span> <span class='ocrx_word' id='word_1_765' title='bbox 957 5094 1217 5170; x_wconf 69' lang='lat' dir='ltr'><strong>exstitit?</strong></span> <span class='ocrx_word' id='word_1_766' title='bbox 1249 5093 1494 5164; x_wconf 86' lang='lat' dir='ltr'><strong>nunquid</strong></span> <span class='ocrx_word' id='word_1_767' title='bbox 1529 5103 1794 5168; x_wconf 64' lang='lat' dir='ltr'><strong>praecepta</strong></span> <span class='ocrx_word' id='word_1_768' title='bbox 1835 5092 2114 5149; x_wconf 78' lang='lat' dir='ltr'><strong>Mosaica‘!</strong></span> 
     </span>
    </p>
   </div>
   <div class='ocr_carea' id='block_1_98' title="bbox 535 5184 2110 5258">
    <p class='ocr_par' dir='ltr' id='par_1_98' title="bbox 535 5184 2110 5258">
     <span class='ocr_line' id='line_1_98' title="bbox 535 5184 2110 5258; baseline -0.002 -16"><span class='ocrx_word' id='word_1_769' title='bbox 535 5189 780 5244; x_wconf 89' lang='lat' dir='ltr'><strong>minime.</strong></span> <span class='ocrx_word' id='word_1_770' title='bbox 809 5188 947 5250; x_wconf 85' lang='lat' dir='ltr'><strong>Num</strong></span> <span class='ocrx_word' id='word_1_771' title='bbox 979 5187 1086 5252; x_wconf 80' lang='lat' dir='ltr'><strong>diei</strong></span> <span class='ocrx_word' id='word_1_772' title='bbox 1117 5186 1342 5246; x_wconf 83' lang='lat' dir='ltr'><strong>Sabbati</strong></span> <span class='ocrx_word' id='word_1_773' title='bbox 1364 5229 1380 5254; x_wconf 94' lang='lat'><strong>,</strong></span> <span class='ocrx_word' id='word_1_774' title='bbox 1411 5197 1504 5258; x_wconf 86' lang='lat' dir='ltr'><strong>aut</strong></span> <span class='ocrx_word' id='word_1_775' title='bbox 1540 5187 1766 5241; x_wconf 86' lang='lat' dir='ltr'><strong>alterius</strong></span> <span class='ocrx_word' id='word_1_776' title='bbox 1799 5184 2110 5256; x_wconf 82' lang='lat' dir='ltr'><strong>cujuspiant</strong></span> 
     </span>
    </p>
   </div>
   <div class='ocr_carea' id='block_1_99' title="bbox 531 5263 2113 5356">
    <p class='ocr_par' dir='ltr' id='par_1_99' title="bbox 531 5263 2113 5356">
     <span class='ocr_line' id='line_1_99' title="bbox 531 5263 2113 5356; baseline -0.001 -22"><span class='ocrx_word' id='word_1_777' title='bbox 531 5279 742 5336; x_wconf 73' lang='lat' dir='ltr'><strong>Judaici</strong></span> <span class='ocrx_word' id='word_1_778' title='bbox 775 5282 914 5337; x_wconf 88' lang='lat' dir='ltr'><strong>ritus</strong></span> <span class='ocrx_word' id='word_1_779' title='bbox 941 5263 1300 5342; x_wconf 79' lang='lat' dir='ltr'><strong>observatio?</strong></span> <span class='ocrx_word' id='word_1_780' title='bbox 1322 5279 1462 5335; x_wconf 87' lang='lat' dir='ltr'><strong>unde</strong></span> <span class='ocrx_word' id='word_1_781' title='bbox 1489 5281 1564 5334; x_wconf 89' lang='lat' dir='ltr'><strong>i-lli</strong></span> <span class='ocrx_word' id='word_1_782' title='bbox 1593 5280 1725 5356; x_wconf 85' lang='lat' dir='ltr'><strong>hoc,</strong></span> <span class='ocrx_word' id='word_1_783' title='bbox 1754 5281 1846 5350; x_wconf 87' lang='lat' dir='ltr'><strong>qui</strong></span> <span class='ocrx_word' id='word_1_784' title='bbox 1877 5289 1931 5352; x_wconf 84' lang='lat' dir='ltr'><strong>et</strong></span> <span class='ocrx_word' id='word_1_785' title='bbox 1953 5285 2113 5334; x_wconf 67' lang='lat' dir='ltr'><strong>astate</strong></span> 
     </span>
    </p>
   </div>
   <div class='ocr_carea' id='block_1_100' title="bbox 537 5369 2112 5450">
    <p class='ocr_par' dir='ltr' id='par_1_100' title="bbox 537 5369 2112 5450">
     <span class='ocr_line' id='line_1_100' title="bbox 537 5369 2112 5450; baseline -0.001 -26"><span class='ocrx_word' id='word_1_786' title='bbox 537 5371 714 5443; x_wconf 87' lang='lat' dir='ltr'><strong>ipsum</strong></span> <span class='ocrx_word' id='word_1_787' title='bbox 740 5371 940 5428; x_wconf 77' lang='lat' dir='ltr'><strong>Moscm</strong></span> <span class='ocrx_word' id='word_1_788' title='bbox 968 5373 1266 5439; x_wconf 88' lang='lat' dir='ltr'><strong>antecedit,</strong></span> <span class='ocrx_word' id='word_1_789' title='bbox 1289 5381 1344 5428; x_wconf 89' lang='lat' dir='ltr'><strong>et</strong></span> <span class='ocrx_word' id='word_1_790' title='bbox 1363 5379 1493 5426; x_wconf 87' lang='lat' dir='ltr'><strong>ante</strong></span> <span class='ocrx_word' id='word_1_791' title='bbox 1517 5371 1662 5442; x_wconf 76' lang='lat' dir='ltr'><strong>leges</strong></span> <span class='ocrx_word' id='word_1_792' title='bbox 1691 5369 1876 5450; x_wconf 85' lang='lat' dir='ltr'><strong>abillo</strong></span> <span class='ocrx_word' id='word_1_793' title='bbox 1903 5369 2112 5440; x_wconf 85' lang='lat' dir='ltr'><strong>positas</strong></span> 
     </span>
    </p>
   </div>
   <div class='ocr_carea' id='block_1_101' title="bbox 535 5462 2114 5536">
    <p class='ocr_par' dir='ltr' id='par_1_101' title="bbox 535 5462 2114 5536">
     <span class='ocr_line' id='line_1_101' title="bbox 535 5462 2114 5536; baseline -0.002 -17"><span class='ocrx_word' id='word_1_794' title='bbox 535 5477 618 5520; x_wconf 86' lang='lat' dir='ltr'><strong>est</strong></span> <span class='ocrx_word' id='word_1_795' title='bbox 651 5465 854 5519; x_wconf 81' lang='lat' dir='ltr'><strong>natus?</strong></span> <span class='ocrx_word' id='word_1_796' title='bbox 900 5463 1114 5524; x_wconf 88' lang='lat' dir='ltr'><strong>Etenim</strong></span> <span class='ocrx_word' id='word_1_797' title='bbox 1156 5465 1338 5536; x_wconf 78' lang='lat' dir='ltr'><strong>Moses</strong></span> <span class='ocrx_word' id='word_1_798' title='bbox 1379 5466 1646 5536; x_wconf 87' lang='lat' dir='ltr'><strong>septimus</strong></span> <span class='ocrx_word' id='word_1_799' title='bbox 1695 5471 2013 5524; x_wconf 80' lang='lat' dir='ltr'><strong>numeratur</strong></span> <span class='ocrx_word' id='word_1_800' title='bbox 2045 5462 2114 5516; x_wconf 85' lang='lat' dir='ltr'><strong>ab</strong></span> 
     </span>
    </p>
   </div>
   <div class='ocr_carea' id='block_1_102' title="bbox 535 5541 2114 5632">
    <p class='ocr_par' dir='ltr' id='par_1_102' title="bbox 535 5541 2114 5632">
     <span class='ocr_line' id='line_1_102' title="bbox 535 5541 2114 5632; baseline -0.003 -20"><span class='ocrx_word' id='word_1_801' title='bbox 535 5558 841 5624; x_wconf 77' lang='lat' dir='ltr'><strong>Abraham,</strong></span> <span class='ocrx_word' id='word_1_802' title='bbox 891 5557 980 5612; x_wconf 90' lang='lat' dir='ltr'><strong>hic</strong></span> <span class='ocrx_word' id='word_1_803' title='bbox 1029 5541 1209 5614; x_wconf 84' lang='lat' dir='ltr'><strong>autem</strong></span> <span class='ocrx_word' id='word_1_804' title='bbox 1267 5559 1526 5630; x_wconf 89' lang='lat' dir='ltr'><strong>quintus,</strong></span> <span class='ocrx_word' id='word_1_805' title='bbox 1572 5565 1631 5611; x_wconf 90' lang='lat' dir='ltr'><strong>ut</strong></span> <span class='ocrx_word' id='word_1_806' title='bbox 1677 5558 1758 5612; x_wconf 89' lang='lat' dir='ltr'><strong>sic</strong></span> <span class='ocrx_word' id='word_1_807' title='bbox 1803 5555 1950 5609; x_wconf 79' lang='lat' dir='ltr'><strong>Mose</strong></span> <span class='ocrx_word' id='word_1_808' title='bbox 1996 5555 2114 5632; x_wconf 83' lang='lat' dir='ltr'><strong>ipso</strong></span> 
     </span>
    </p>
   </div>
   <div class='ocr_carea' id='block_1_103' title="bbox 533 5648 2112 5722">
    <p class='ocr_par' dir='ltr' id='par_1_103' title="bbox 533 5648 2112 5722">
     <span class='ocr_line' id='line_1_103' title="bbox 533 5648 2112 5722; baseline -0.002 -18"><span class='ocrx_word' id='word_1_809' title='bbox 533 5651 810 5722; x_wconf 85' lang='lat' dir='ltr'><strong>antiquior</strong></span> <span class='ocrx_word' id='word_1_810' title='bbox 838 5649 1049 5706; x_wconf 86' lang='lat' dir='ltr'><strong>duabus</strong></span> <span class='ocrx_word' id='word_1_811' title='bbox 1085 5653 1392 5706; x_wconf 86' lang='lat' dir='ltr'><strong>inveniatur</strong></span> <span class='ocrx_word' id='word_1_812' title='bbox 1421 5651 1693 5706; x_wconf 68' lang='lat' dir='ltr'><strong>aetatibus.</strong></span> <span class='ocrx_word' id='word_1_813' title='bbox 1727 5648 2112 5716; x_wconf 88' lang='lat' dir='ltr'><strong>Contemplare</strong></span> 
     </span>
    </p>
   </div>
   <div class='ocr_carea' id='block_1_104' title="bbox 533 5741 2111 5816">
    <p class='ocr_par' dir='ltr' id='par_1_104' title="bbox 533 5741 2111 5816">
     <span class='ocr_line' id='line_1_104' title="bbox 533 5741 2111 5816; baseline -0.003 -18"><span class='ocrx_word' id='word_1_814' title='bbox 533 5745 696 5816; x_wconf 76' lang='lat' dir='ltr'><strong>igitur</strong></span> <span class='ocrx_word' id='word_1_815' title='bbox 725 5744 955 5815; x_wconf 78' lang='lat' dir='ltr'><strong>hujusce</strong></span> <span class='ocrx_word' id='word_1_816' title='bbox 988 5745 1190 5810; x_wconf 86' lang='lat' dir='ltr'><strong>vitam,</strong></span> <span class='ocrx_word' id='word_1_817' title='bbox 1227 5761 1346 5816; x_wconf 65' lang='lat' dir='ltr'><strong>quae</strong></span> <span class='ocrx_word' id='word_1_818' title='bbox 1391 5745 1454 5799; x_wconf 87' lang='lat' dir='ltr'><strong>de</strong></span> <span class='ocrx_word' id='word_1_819' title='bbox 1501 5745 1709 5814; x_wconf 78' lang='lat' dir='ltr'><strong>legibus</strong></span> <span class='ocrx_word' id='word_1_820' title='bbox 1756 5757 1783 5794; x_wconf 87' lang='lat' dir='ltr'><strong>a</strong></span> <span class='ocrx_word' id='word_1_821' title='bbox 1833 5741 1978 5796; x_wconf 73' lang='lat' dir='ltr'><strong>Muse</strong></span> <span class='ocrx_word' id='word_1_822' title='bbox 2016 5755 2111 5810; x_wconf 74' lang='lat' dir='ltr'><strong>po~</strong></span> 
     </span>
    </p>
   </div>
   <div class='ocr_carea' id='block_1_105' title="bbox 603 5923 1744 5994">
    <p class='ocr_par' dir='ltr' id='par_1_105' title="bbox 603 5923 1744 5994">
     <span class='ocr_line' id='line_1_105' title="bbox 603 5923 1744 5994; baseline 0.002 -18"><span class='ocrx_word' id='word_1_823' title='bbox 603 5925 646 5955; x_wconf 63' lang='grc' dir='ltr'>δ’</span> <span class='ocrx_word' id='word_1_824' title='bbox 687 5923 821 5978; x_wconf 61' lang='lat' dir='ltr'><strong>Gen.</strong></span> <span class='ocrx_word' id='word_1_825' title='bbox 861 5939 1010 5990; x_wconf 62' lang='lat' dir='ltr'><strong>sum,</strong></span> <span class='ocrx_word' id='word_1_826' title='bbox 1247 5925 1290 5958; x_wconf 67' lang='lat'><strong>‘3</strong></span> <span class='ocrx_word' id='word_1_827' title='bbox 1333 5924 1468 5982; x_wconf 88' lang='lat' dir='ltr'><strong>Dcut</strong></span> <span class='ocrx_word' id='word_1_828' title='bbox 1535 5943 1586 5994; x_wconf 86' lang='lat' dir='ltr'><strong>v,</strong></span> <span class='ocrx_word' id='word_1_829' title='bbox 1635 5925 1744 5980; x_wconf 77' lang='grc'><strong>1-5.</strong></span> 
     </span>
    </p>
   </div>
   <div class='ocr_carea' id='block_1_106' title="bbox 2218 4718 3800 4794">
    <p class='ocr_par' dir='ltr' id='par_1_106' title="bbox 2218 4718 3800 4794">
     <span class='ocr_line' id='line_1_106' title="bbox 2218 4718 3800 4794; baseline -0.004 -16"><span class='ocrx_word' id='word_1_830' title='bbox 2218 4741 2327 4788; x_wconf 88' lang='grc' dir='ltr'>ται,</span> <span class='ocrx_word' id='word_1_831' title='bbox 2362 4725 2543 4777; x_wconf 74' lang='grc' dir='ltr'>οὑτοσὶ</span> <span class='ocrx_word' id='word_1_832' title='bbox 2579 4725 2638 4777; x_wconf 78' lang='grc' dir='ltr'>δὲ</span> <span class='ocrx_word' id='word_1_833' title='bbox 2671 4725 2939 4794; x_wconf 81' lang='grc' dir='ltr'>πέμπτος,</span> <span class='ocrx_word' id='word_1_834' title='bbox 2974 4721 3094 4773; x_wconf 68' lang='grc' dir='ltr'>δυσὶ</span> <span class='ocrx_word' id='word_1_835' title='bbox 3133 4720 3425 4792; x_wconf 78' lang='grc' dir='ltr'>προτέραις</span> <span class='ocrx_word' id='word_1_836' title='bbox 3476 4719 3566 4772; x_wconf 68' lang='grc' dir='ltr'>τὸν</span> <span class='ocrx_word' id='word_1_837' title='bbox 3597 4718 3800 4772; x_wconf 84' lang='grc' dir='ltr'>Μωσέα</span> 
     </span>
    </p>
   </div>
   <div class='ocr_carea' id='block_1_107' title="bbox 2220 4805 3797 4887">
    <p class='ocr_par' dir='ltr' id='par_1_107' title="bbox 2220 4805 3797 4887">
     <span class='ocr_line' id='line_1_107' title="bbox 2220 4805 3797 4887; baseline -0.005 -19"><span class='ocrx_word' id='word_1_838' title='bbox 2220 4819 2432 4885; x_wconf 84' lang='grc' dir='ltr'>γενεαῖς</span> <span class='ocrx_word' id='word_1_839' title='bbox 2471 4815 2745 4887; x_wconf 79' lang='grc' dir='ltr'>προάγων.</span> <span class='ocrx_word' id='word_1_840' title='bbox 2782 4813 2892 4867; x_wconf 83' lang='grc' dir='ltr'>Θὲα</span> <span class='ocrx_word' id='word_1_841' title='bbox 2919 4813 2963 4865; x_wconf 84' lang='grc' dir='ltr'>δ’</span> <span class='ocrx_word' id='word_1_842' title='bbox 3009 4805 3102 4864; x_wconf 77' lang='grc' dir='ltr'>οὖν</span> <span class='ocrx_word' id='word_1_843' title='bbox 3149 4811 3246 4864; x_wconf 62' lang='grc' dir='ltr'><strong>καλ⁹</strong></span> <span class='ocrx_word' id='word_1_844' title='bbox 3294 4809 3487 4863; x_wconf 83' lang='grc' dir='ltr'>τούτου</span> <span class='ocrx_word' id='word_1_845' title='bbox 3524 4809 3613 4862; x_wconf 75' lang='grc' dir='ltr'><strong>τὸν</strong></span> <span class='ocrx_word' id='word_1_846' title='bbox 3663 4808 3797 4880; x_wconf 84' lang='grc' dir='ltr'>βίον,</span> 
     </span>
    </p>
   </div>
   <div class='ocr_carea' id='block_1_108' title="bbox 2227 4902 3800 4979">
    <p class='ocr_par' dir='ltr' id='par_1_108' title="bbox 2227 4902 3800 4979">
     <span class='ocr_line' id='line_1_108' title="bbox 2227 4902 3800 4979; baseline -0.006 -17"><span class='ocrx_word' id='word_1_847' title='bbox 2227 4908 2470 4972; x_wconf 83' lang='grc' dir='ltr'>Μωσέως</span> <span class='ocrx_word' id='word_1_848' title='bbox 2526 4908 2624 4979; x_wconf 80' lang='grc' dir='ltr'>μὲν</span> <span class='ocrx_word' id='word_1_849' title='bbox 2653 4907 2750 4978; x_wconf 85' lang='grc' dir='ltr'><strong>τῆς</strong></span> <span class='ocrx_word' id='word_1_850' title='bbox 2785 4903 3104 4976; x_wconf 87' lang='grc' dir='ltr'>νομοθεσίας</span> <span class='ocrx_word' id='word_1_851' title='bbox 3136 4903 3288 4957; x_wconf 78' lang='grc' dir='ltr'>οὐδὲν</span> <span class='ocrx_word' id='word_1_852' title='bbox 3315 4903 3672 4972; x_wconf 76' lang='grc' dir='ltr'>ἐπαγόμενον,</span> <span class='ocrx_word' id='word_1_853' title='bbox 3701 4902 3800 4972; x_wconf 78' lang='grc' dir='ltr'><strong>τῆς</strong></span> 
     </span>
    </p>
   </div>
   <div class='ocr_carea' id='block_1_109' title="bbox 2221 4992 3804 5072">
    <p class='ocr_par' dir='ltr' id='par_1_109' title="bbox 2221 4992 3804 5072">
     <span class='ocr_line' id='line_1_109' title="bbox 2221 4992 3804 5072; baseline -0.004 -21"><span class='ocrx_word' id='word_1_854' title='bbox 2221 4997 2276 5051; x_wconf 83' lang='grc' dir='ltr'>δὲ</span> <span class='ocrx_word' id='word_1_855' title='bbox 2305 4997 2399 5052; x_wconf 83' lang='grc' dir='ltr'>τοῦ</span> <span class='ocrx_word' id='word_1_856' title='bbox 2429 4997 2678 5069; x_wconf 81' lang='grc' dir='ltr'>Σωτῆρος</span> <span class='ocrx_word' id='word_1_857' title='bbox 2706 4995 2860 5068; x_wconf 80' lang='grc' dir='ltr'>ήμῶν</span> <span class='ocrx_word' id='word_1_858' title='bbox 2910 4994 3270 5064; x_wconf 84' lang='grc' dir='ltr'>εύαγγελικῆς</span> <span class='ocrx_word' id='word_1_859' title='bbox 3309 4992 3653 5056; x_wconf 83' lang='grc' dir='ltr'>διδασκαλίας</span> <span class='ocrx_word' id='word_1_860' title='bbox 3700 4992 3804 5072; x_wconf 67' lang='grc' dir='ltr'><strong>οὐκ</strong></span> 
     </span>
    </p>
   </div>
   <div class='ocr_carea' id='block_1_110' title="bbox 2224 5071 3800 5160">
    <p class='ocr_par' dir='ltr' id='par_1_110' title="bbox 2224 5071 3800 5160">
     <span class='ocr_line' id='line_1_110' title="bbox 2224 5071 3800 5160; baseline -0.002 -17"><span class='ocrx_word' id='word_1_861' title='bbox 2224 5089 2518 5160; x_wconf 84' lang='grc' dir='ltr'>ἀλλότριον.</span> <span class='ocrx_word' id='word_1_862' title='bbox 2559 5071 2716 5158; x_wconf 77' lang='grc' dir='ltr'>Λέγει</span> <span class='ocrx_word' id='word_1_863' title='bbox 2753 5088 2796 5142; x_wconf 81' lang='grc' dir='ltr'>δ’</span> <span class='ocrx_word' id='word_1_864' title='bbox 2849 5083 2942 5146; x_wconf 74' lang='grc' dir='ltr'><strong>οὖν</strong></span> <span class='ocrx_word' id='word_1_865' title='bbox 2985 5087 3166 5152; x_wconf 73' lang='grc' dir='ltr'>αὐτὸς,</span> <span class='ocrx_word' id='word_1_866' title='bbox 3207 5087 3298 5140; x_wconf 75' lang='grc' dir='ltr'><strong>τὸν</strong></span> <span class='ocrx_word' id='word_1_867' title='bbox 3346 5085 3540 5139; x_wconf 76' lang='grc' dir='ltr'>ἑαυτοῦ</span> <span class='ocrx_word' id='word_1_868' title='bbox 3587 5082 3800 5150; x_wconf 82' lang='grc' dir='ltr'>διεξιὼν</span> 
     </span>
    </p>
   </div>
   <div class='ocr_carea' id='block_1_111' title="bbox 2223 5178 3804 5254">
    <p class='ocr_par' dir='ltr' id='par_1_111' title="bbox 2223 5178 3804 5254">
     <span class='ocr_line' id='line_1_111' title="bbox 2223 5178 3804 5254; baseline -0.001 -20"><span class='ocrx_word' id='word_1_869' title='bbox 2223 5182 2353 5251; x_wconf 79' lang='grc' dir='ltr'>βίον,</span> <span class='ocrx_word' id='word_1_870' title='bbox 2383 5183 2442 5236; x_wconf 84' lang='grc' dir='ltr'>ὲν</span> <span class='ocrx_word' id='word_1_871' title='bbox 2476 5185 2542 5254; x_wconf 80' lang='grc' dir='ltr'>τῇ</span> <span class='ocrx_word' id='word_1_872' title='bbox 2575 5181 2710 5253; x_wconf 77' lang='grc' dir='ltr'>πρὸς</span> <span class='ocrx_word' id='word_1_873' title='bbox 2739 5183 2866 5244; x_wconf 77' lang='grc' dir='ltr'>τοὺς</span> <span class='ocrx_word' id='word_1_874' title='bbox 2893 5178 3142 5252; x_wconf 77' lang='grc' dir='ltr'>ἑταίρους</span> <span class='ocrx_word' id='word_1_875' title='bbox 3171 5179 3458 5252; x_wconf 68' lang='grc' dir='ltr'>ἀπολογίαν</span> <span class='ocrx_word' id='word_1_876' title='bbox 3497 5198 3516 5231; x_wconf 78' lang='grc' dir='ltr'><strong>ι</strong></span> <span class='ocrx_word' id='word_1_877' title='bbox 3555 5179 3804 5232; x_wconf 79' lang='grc' dir='ltr'>Διὲσωσα</span> 
     </span>
    </p>
   </div>
   <div class='ocr_carea' id='block_1_112' title="bbox 2219 5263 3802 5348">
    <p class='ocr_par' dir='ltr' id='par_1_112' title="bbox 2219 5263 3802 5348">
     <span class='ocr_line' id='line_1_112' title="bbox 2219 5263 3802 5348; baseline -0.004 -20"><span class='ocrx_word' id='word_1_878' title='bbox 2219 5275 2329 5348; x_wconf 74' lang='grc' dir='ltr'><strong>γὰρ</strong></span> <span class='ocrx_word' id='word_1_879' title='bbox 2373 5275 2580 5346; x_wconf 78' lang='grc' dir='ltr'>πτωχὸν</span> <span class='ocrx_word' id='word_1_880' title='bbox 2627 5277 2691 5328; x_wconf 86' lang='grc' dir='ltr'>ὲκ</span> <span class='ocrx_word' id='word_1_881' title='bbox 2720 5273 2902 5346; x_wconf 70' lang='grc' dir='ltr'>χειρὸς</span> <span class='ocrx_word' id='word_1_882' title='bbox 2929 5273 3210 5337; x_wconf 82' lang='grc' dir='ltr'>δυνάστου,</span> <span class='ocrx_word' id='word_1_883' title='bbox 3246 5271 3340 5325; x_wconf 74' lang='grc' dir='ltr'><strong>καὶ</strong></span> <span class='ocrx_word' id='word_1_884' title='bbox 3365 5270 3602 5344; x_wconf 65' lang='grc' dir='ltr'>ὀρφανῷ,</span> <span class='ocrx_word' id='word_1_885' title='bbox 3628 5263 3670 5338; x_wconf 83' lang='grc' dir='ltr'>ᾧ</span> <span class='ocrx_word' id='word_1_886' title='bbox 3699 5269 3802 5322; x_wconf 74' lang='grc' dir='ltr'><strong>οὐκ</strong></span> 
     </span>
    </p>
   </div>
   <div class='ocr_carea' id='block_1_113' title="bbox 2217 5359 3799 5440">
    <p class='ocr_par' dir='ltr' id='par_1_113' title="bbox 2217 5359 3799 5440">
     <span class='ocr_line' id='line_1_113' title="bbox 2217 5359 3799 5440; baseline -0.006 -19"><span class='ocrx_word' id='word_1_887' title='bbox 2217 5365 2285 5440; x_wconf 73' lang='grc' dir='ltr'>ἦν</span> <span class='ocrx_word' id='word_1_888' title='bbox 2348 5369 2558 5439; x_wconf 83' lang='grc' dir='ltr'>βοηθὸς,</span> <span class='ocrx_word' id='word_1_889' title='bbox 2611 5365 2904 5438; x_wconf 77' lang='grc' dir='ltr'>ἐϐοήθησα.</span> <span class='ocrx_word' id='word_1_890' title='bbox 2953 5365 3135 5436; x_wconf 87' lang='grc' dir='ltr'>Στόμα</span> <span class='ocrx_word' id='word_1_891' title='bbox 3185 5364 3243 5416; x_wconf 81' lang='grc' dir='ltr'>δὲ</span> <span class='ocrx_word' id='word_1_892' title='bbox 3293 5364 3469 5436; x_wconf 89' lang='grc' dir='ltr'>χήρας</span> <span class='ocrx_word' id='word_1_893' title='bbox 3526 5379 3592 5432; x_wconf 88' lang='grc' dir='ltr'><strong>με</strong></span> <span class='ocrx_word' id='word_1_894' title='bbox 3645 5359 3799 5412; x_wconf 76' lang='grc' dir='ltr'>εὐλό-</span> 
     </span>
    </p>
   </div>
   <div class='ocr_carea' id='block_1_114' title="bbox 2220 5450 3800 5532">
    <p class='ocr_par' dir='ltr' id='par_1_114' title="bbox 2220 5450 3800 5532">
     <span class='ocr_line' id='line_1_114' title="bbox 2220 5450 3800 5532; baseline -0.02 -3"><span class='ocrx_word' id='word_1_895' title='bbox 2220 5477 2396 5532; x_wconf 73' lang='grc' dir='ltr'>γησε,</span> <span class='ocrx_word' id='word_1_896' title='bbox 2459 5458 2802 5530; x_wconf 72' lang='grc' dir='ltr'>δικαιοσύνην</span> <span class='ocrx_word' id='word_1_897' title='bbox 2867 5457 2923 5510; x_wconf 83' lang='grc' dir='ltr'>δὲ</span> <span class='ocrx_word' id='word_1_898' title='bbox 2987 5455 3336 5510; x_wconf 83' lang='grc' dir='ltr'>ὲνεδεδύκειν.</span> <span class='ocrx_word' id='word_1_899' title='bbox 3411 5450 3800 5522; x_wconf 74' lang='grc' dir='ltr'>Ἦμιριεσάμην</span> 
     </span>
    </p>
   </div>
   <div class='ocr_carea' id='block_1_115' title="bbox 2221 5541 3798 5622">
    <p class='ocr_par' dir='ltr' id='par_1_115' title="bbox 2221 5541 3798 5622">
     <span class='ocr_line' id='line_1_115' title="bbox 2221 5541 3798 5622; baseline -0.006 -17"><span class='ocrx_word' id='word_1_900' title='bbox 2221 5553 2276 5605; x_wconf 83' lang='grc' dir='ltr'>δὲ</span> <span class='ocrx_word' id='word_1_901' title='bbox 2333 5553 2508 5622; x_wconf 84' lang='grc' dir='ltr'>κρίμα</span> <span class='ocrx_word' id='word_1_902' title='bbox 2563 5551 2650 5604; x_wconf 78' lang='grc' dir='ltr'><strong>ἴσα</strong></span> <span class='ocrx_word' id='word_1_903' title='bbox 2711 5550 2982 5610; x_wconf 80' lang='grc' dir='ltr'>διπλοῖδι,</span> <span class='ocrx_word' id='word_1_904' title='bbox 3033 5547 3310 5622; x_wconf 76' lang='grc' dir='ltr'>ὀφθαλμὸς</span> <span class='ocrx_word' id='word_1_905' title='bbox 3363 5547 3509 5616; x_wconf 73' lang='grc' dir='ltr'>ήμην</span> <span class='ocrx_word' id='word_1_906' title='bbox 3559 5541 3798 5610; x_wconf 71' lang='grc' dir='ltr'>τυφλῶν,</span> 
     </span>
    </p>
   </div>
   <div class='ocr_carea' id='block_1_116' title="bbox 2224 5635 3793 5714">
    <p class='ocr_par' dir='ltr' id='par_1_116' title="bbox 2224 5635 3793 5714">
     <span class='ocr_line' id='line_1_116' title="bbox 2224 5635 3793 5714; baseline -0.007 -16"><span class='ocrx_word' id='word_1_907' title='bbox 2224 5645 2358 5708; x_wconf 78' lang='grc' dir='ltr'>ποῦς</span> <span class='ocrx_word' id='word_1_908' title='bbox 2423 5643 2478 5696; x_wconf 74' lang='grc' dir='ltr'><strong>δὲ</strong></span> <span class='ocrx_word' id='word_1_909' title='bbox 2539 5641 2748 5712; x_wconf 84' lang='grc' dir='ltr'>χωλῶν·</span> <span class='ocrx_word' id='word_1_910' title='bbox 2811 5643 2922 5711; x_wconf 82' lang='grc' dir='ltr'>ἐγὼ</span> <span class='ocrx_word' id='word_1_911' title='bbox 2957 5643 3103 5714; x_wconf 80' lang='grc' dir='ltr'>ήμην</span> <span class='ocrx_word' id='word_1_912' title='bbox 3167 5639 3352 5710; x_wconf 80' lang='grc' dir='ltr'>πατὴρ</span> <span class='ocrx_word' id='word_1_913' title='bbox 3410 5635 3706 5690; x_wconf 80' lang='grc' dir='ltr'>ἀδυνάτων.</span> <span class='ocrx_word' id='word_1_914' title='bbox 3771 5652 3793 5687; x_wconf 69' lang='grc' dir='ltr'><strong>ι</strong></span> 
     </span>
    </p>
   </div>
   <div class='ocr_carea' id='block_1_117' title="bbox 2219 5727 3794 5808">
    <p class='ocr_par' dir='ltr' id='par_1_117' title="bbox 2219 5727 3794 5808">
     <span class='ocr_line' id='line_1_117' title="bbox 2219 5727 3794 5808; baseline -0.005 -19"><span class='ocrx_word' id='word_1_915' title='bbox 2219 5737 2364 5790; x_wconf 77' lang='grc' dir='ltr'>Αὐτὰ</span> <span class='ocrx_word' id='word_1_916' title='bbox 2395 5736 2456 5808; x_wconf 75' lang='grc' dir='ltr'>δὴ</span> <span class='ocrx_word' id='word_1_917' title='bbox 2488 5736 2676 5800; x_wconf 77' lang='grc' dir='ltr'>ταῦτα,</span> <span class='ocrx_word' id='word_1_918' title='bbox 2703 5735 2954 5807; x_wconf 67' lang='grc' dir='ltr'>ἄντικρυς</span> <span class='ocrx_word' id='word_1_919' title='bbox 2975 5735 3042 5790; x_wconf 74' lang='grc' dir='ltr'><strong>τὰ</strong></span> <span class='ocrx_word' id='word_1_920' title='bbox 3075 5736 3234 5788; x_wconf 77' lang='grc' dir='ltr'>πᾶσιν</span> <span class='ocrx_word' id='word_1_921' title='bbox 3259 5733 3388 5804; x_wconf 78' lang='grc' dir='ltr'>ἡμῖν</span> <span class='ocrx_word' id='word_1_922' title='bbox 3415 5729 3501 5784; x_wconf 72' lang='grc' dir='ltr'>διὰ</span> <span class='ocrx_word' id='word_1_923' title='bbox 3517 5727 3614 5802; x_wconf 86' lang='grc' dir='ltr'><strong>τῆς</strong></span> <span class='ocrx_word' id='word_1_924' title='bbox 3634 5727 3794 5792; x_wconf 65' lang='grc' dir='ltr'>εὐαί-</span> 
     </span>
    </p>
   </div>
   <div class='ocr_carea' id='block_1_118' title="bbox 1827 5921 2274 5990">
    <p class='ocr_par' dir='ltr' id='par_1_118' title="bbox 1827 5921 2274 5990">
     <span class='ocr_line' id='line_1_118' title="bbox 1827 5921 2274 5990; baseline -0.004 -12"><span class='ocrx_word' id='word_1_925' title='bbox 1827 5925 1864 5956; x_wconf 62' lang='lat'>“</span> <span class='ocrx_word' id='word_1_926' title='bbox 1904 5923 2035 5978; x_wconf 78' lang='lat' dir='ltr'><strong>Gen.</strong></span> <span class='ocrx_word' id='word_1_927' title='bbox 2081 5939 2182 5990; x_wconf 56' lang='grc' dir='ltr'><strong>κν,</strong></span> <span class='ocrx_word' id='word_1_928' title='bbox 2224 5921 2274 5976; x_wconf 84' lang='grc'><strong>6.</strong></span> 
     </span>
    </p>
   </div>
  </div>
