  <div class='ocr_page' id='page_1' title='image "/cluster/home/n/w/nwhite01/storage/ocr_20150623/22/hvd.32044020605168/034.png"; bbox 0 0 4018 6518; ppageno 0'>
   <div class='ocr_carea' id='block_1_1' title="bbox 266 434 3546 526">
    <p class='ocr_par' dir='ltr' id='par_1_1' title="bbox 266 434 3546 526">
     <span class='ocr_line' id='line_1_1' title="bbox 266 434 3546 526; baseline 0.018 -59"><span class='ocrx_word' id='word_1_1' title='bbox 266 434 349 492; x_wconf 65' lang='lat'><strong>53</strong></span> <span class='ocrx_word' id='word_1_2' title='bbox 1231 435 1884 496; x_wconf 73' lang='lat' dir='ltr'><strong>DEMONSTRATIONIS</strong></span> <span class='ocrx_word' id='word_1_3' title='bbox 1923 439 2381 498; x_wconf 73' lang='lat' dir='ltr'><strong>EVANGELICAZ</strong></span> <span class='ocrx_word' id='word_1_4' title='bbox 2421 442 2546 498; x_wconf 87' lang='lat' dir='ltr'><strong>LIB.</strong></span> <span class='ocrx_word' id='word_1_5' title='bbox 2591 443 2629 502; x_wconf 88' lang='lat' dir='ltr'><strong>l.</strong></span> <span class='ocrx_word' id='word_1_6' title='bbox 3474 453 3546 526; x_wconf 61' lang='lat'><strong>54</strong></span> 
     </span>
    </p>
   </div>
   <div class='ocr_carea' id='block_1_2' title="bbox 259 554 1843 635">
    <p class='ocr_par' dir='ltr' id='par_1_2' title="bbox 259 554 1843 630">
     <span class='ocr_line' id='line_1_2' title="bbox 259 554 1843 630; baseline 0.003 -23"><span class='ocrx_word' id='word_1_7' title='bbox 259 554 514 625; x_wconf 78' lang='grc' dir='ltr'>γελικῆς</span> <span class='ocrx_word' id='word_1_8' title='bbox 551 554 900 618; x_wconf 73' lang='grc' dir='ltr'><strong>διδασκαλίας</strong></span> <span class='ocrx_word' id='word_1_9' title='bbox 933 555 1232 627; x_wconf 84' lang='grc' dir='ltr'>μαθήματα</span> <span class='ocrx_word' id='word_1_10' title='bbox 1265 559 1662 630; x_wconf 83' lang='grc' dir='ltr'>κηρυττόμενα.</span> <span class='ocrx_word' id='word_1_11' title='bbox 1714 561 1843 614; x_wconf 63' lang='grc' dir='ltr'>’Λλλς</span> 
     </span>
    </p>
   </div>
   <div class='ocr_carea' id='block_1_3' title="bbox 1948 554 3544 635">
    <p class='ocr_par' dir='ltr' id='par_1_3' title="bbox 1974 561 3544 635">
     <span class='ocr_line' id='line_1_3' title="bbox 1974 561 3544 635; baseline 0.008 -19"><span class='ocrx_word' id='word_1_12' title='bbox 1974 561 2094 616; x_wconf 90' lang='lat' dir='ltr'><strong>sitis</strong></span> <span class='ocrx_word' id='word_1_13' title='bbox 2128 561 2263 616; x_wconf 86' lang='lat' dir='ltr'><strong>nihil</strong></span> <span class='ocrx_word' id='word_1_14' title='bbox 2299 563 2548 628; x_wconf 93' lang='lat' dir='ltr'><strong>inducit,</strong></span> <span class='ocrx_word' id='word_1_15' title='bbox 2579 564 2648 620; x_wconf 91' lang='lat' dir='ltr'><strong>ab</strong></span> <span class='ocrx_word' id='word_1_16' title='bbox 2675 566 2988 635; x_wconf 83' lang='lat' dir='ltr'><strong>evangelica</strong></span> <span class='ocrx_word' id='word_1_17' title='bbox 3022 580 3201 624; x_wconf 88' lang='lat' dir='ltr'><strong>autem</strong></span> <span class='ocrx_word' id='word_1_18' title='bbox 3246 570 3544 628; x_wconf 85' lang='lat' dir='ltr'><strong>Salvatoris</strong></span> 
     </span>
    </p>
   </div>
   <div class='ocr_carea' id='block_1_4' title="bbox 257 642 1843 730">
    <p class='ocr_par' dir='ltr' id='par_1_4' title="bbox 257 642 1818 722">
     <span class='ocr_line' id='line_1_4' title="bbox 257 642 1818 722; baseline 0.004 -22"><span class='ocrx_word' id='word_1_19' title='bbox 257 648 366 700; x_wconf 73' lang='grc' dir='ltr'><strong>καὶ</strong></span> <span class='ocrx_word' id='word_1_20' title='bbox 391 647 478 712; x_wconf 85' lang='grc' dir='ltr'>ὡς</span> <span class='ocrx_word' id='word_1_21' title='bbox 509 646 669 710; x_wconf 86' lang='grc' dir='ltr'>εἰδὼς</span> <span class='ocrx_word' id='word_1_22' title='bbox 695 642 753 700; x_wconf 74' lang='grc' dir='ltr'><strong>εὖ</strong></span> <span class='ocrx_word' id='word_1_23' title='bbox 789 648 933 719; x_wconf 86' lang='grc' dir='ltr'>μάλα</span> <span class='ocrx_word' id='word_1_24' title='bbox 958 647 1019 701; x_wconf 82' lang='grc' dir='ltr'><strong>τὸ</strong></span> <span class='ocrx_word' id='word_1_25' title='bbox 1050 668 1066 699; x_wconf 89' lang='grc' dir='ltr'><strong>ι</strong></span> <span class='ocrx_word' id='word_1_26' title='bbox 1102 648 1309 704; x_wconf 79' lang='grc' dir='ltr'>κλαίειν</span> <span class='ocrx_word' id='word_1_27' title='bbox 1338 651 1480 722; x_wconf 86' lang='grc' dir='ltr'><strong>μετά</strong></span> <span class='ocrx_word' id='word_1_28' title='bbox 1507 651 1818 706; x_wconf 89' lang='grc' dir='ltr'>κλαιόντων·</span> 
     </span>
    </p>
   </div>
   <div class='ocr_carea' id='block_1_5' title="bbox 1948 642 3542 730">
    <p class='ocr_par' dir='ltr' id='par_1_5' title="bbox 1977 651 3542 730">
     <span class='ocr_line' id='line_1_5' title="bbox 1977 651 3542 730; baseline 0.008 -26"><span class='ocrx_word' id='word_1_29' title='bbox 1977 651 2152 705; x_wconf 78' lang='lat' dir='ltr'><strong>nostri</strong></span> <span class='ocrx_word' id='word_1_30' title='bbox 2201 653 2451 706; x_wconf 76' lang='lat' dir='ltr'><strong>doctrina</strong></span> <span class='ocrx_word' id='word_1_31' title='bbox 2510 669 2618 708; x_wconf 92' lang='lat' dir='ltr'><strong>non</strong></span> <span class='ocrx_word' id='word_1_32' title='bbox 2671 654 2948 713; x_wconf 78' lang='lat' dir='ltr'><strong>abhorret.</strong></span> <span class='ocrx_word' id='word_1_33' title='bbox 2993 655 3136 712; x_wconf 87' lang='lat' dir='ltr'><strong>Dicit</strong></span> <span class='ocrx_word' id='word_1_34' title='bbox 3185 659 3347 730; x_wconf 84' lang='lat' dir='ltr'><strong>igitur</strong></span> <span class='ocrx_word' id='word_1_35' title='bbox 3391 660 3542 730; x_wconf 85' lang='lat' dir='ltr'><strong>ipse,</strong></span> 
     </span>
    </p>
   </div>
   <div class='ocr_carea' id='block_1_6' title="bbox 257 739 1843 822">
    <p class='ocr_par' dir='ltr' id='par_1_6' title="bbox 257 739 1800 812">
     <span class='ocr_line' id='line_1_6' title="bbox 257 739 1800 812; baseline 0.003 -20"><span class='ocrx_word' id='word_1_36' title='bbox 257 740 363 792; x_wconf 73' lang='grc' dir='ltr'><strong>καὶ</strong></span> <span class='ocrx_word' id='word_1_37' title='bbox 396 739 486 802; x_wconf 79' lang='grc' dir='ltr'><strong>τὸ,</strong></span> <span class='ocrx_word' id='word_1_38' title='bbox 532 758 550 790; x_wconf 79' lang='grc' dir='ltr'><strong>ι</strong></span> <span class='ocrx_word' id='word_1_39' title='bbox 592 739 871 812; x_wconf 73' lang='grc' dir='ltr'><strong>Μακάριοι</strong></span> <span class='ocrx_word' id='word_1_40' title='bbox 913 741 960 793; x_wconf 79' lang='lat' dir='ltr'><strong>oi</strong></span> <span class='ocrx_word' id='word_1_41' title='bbox 1010 739 1306 806; x_wconf 74' lang='grc' dir='ltr'><strong>κλαίοντες,</strong></span> <span class='ocrx_word' id='word_1_42' title='bbox 1347 743 1428 796; x_wconf 81' lang='grc' dir='ltr'>ὅτι</span> <span class='ocrx_word' id='word_1_43' title='bbox 1462 743 1800 812; x_wconf 80' lang='grc' dir='ltr'><strong>γελάσονται,</strong></span> 
     </span>
    </p>
   </div>
   <div class='ocr_carea' id='block_1_7' title="bbox 1948 739 3547 822">
    <p class='ocr_par' dir='ltr' id='par_1_7' title="bbox 1975 742 3547 822">
     <span class='ocr_line' id='line_1_7' title="bbox 1975 742 3547 822; baseline 0.008 -25"><span class='ocrx_word' id='word_1_44' title='bbox 1975 742 2066 797; x_wconf 90' lang='lat' dir='ltr'><strong>ubi</strong></span> <span class='ocrx_word' id='word_1_45' title='bbox 2101 758 2254 797; x_wconf 90' lang='lat' dir='ltr'><strong>suam</strong></span> <span class='ocrx_word' id='word_1_46' title='bbox 2286 743 2458 813; x_wconf 85' lang='lat' dir='ltr'><strong>ipsius</strong></span> <span class='ocrx_word' id='word_1_47' title='bbox 2489 745 2654 800; x_wconf 88' lang='lat' dir='ltr'><strong>vitam</strong></span> <span class='ocrx_word' id='word_1_48' title='bbox 2685 749 2942 818; x_wconf 83' lang='lat' dir='ltr'><strong>exponit,</strong></span> <span class='ocrx_word' id='word_1_49' title='bbox 2993 758 3047 806; x_wconf 85' lang='lat' dir='ltr'><strong>ct</strong></span> <span class='ocrx_word' id='word_1_50' title='bbox 3096 751 3452 822; x_wconf 80' lang='lat' dir='ltr'><strong>arguentibus</strong></span> <span class='ocrx_word' id='word_1_51' title='bbox 3483 766 3547 810; x_wconf 72' lang='lat' dir='ltr'><strong>se</strong></span> 
     </span>
    </p>
   </div>
   <div class='ocr_carea' id='block_1_8' title="bbox 256 831 1843 914">
    <p class='ocr_par' dir='ltr' id='par_1_8' title="bbox 256 831 1843 906">
     <span class='ocr_line' id='line_1_8' title="bbox 256 831 1843 906; baseline 0.002 -22"><span class='ocrx_word' id='word_1_52' title='bbox 256 831 361 884; x_wconf 72' lang='grc' dir='ltr'><strong>καὶ</strong></span> <span class='ocrx_word' id='word_1_53' title='bbox 413 831 498 895; x_wconf 86' lang='grc' dir='ltr'><strong>τὺ,</strong></span> <span class='ocrx_word' id='word_1_54' title='bbox 551 851 570 884; x_wconf 81' lang='grc' dir='ltr'><strong>ι</strong></span> <span class='ocrx_word' id='word_1_55' title='bbox 622 833 687 884; x_wconf 91' lang='grc' dir='ltr'>Εί</span> <span class='ocrx_word' id='word_1_56' title='bbox 713 832 910 902; x_wconf 73' lang='grc' dir='ltr'>πάσχει</span> <span class='ocrx_word' id='word_1_57' title='bbox 941 831 997 885; x_wconf 79' lang='grc' dir='ltr'>ἓν</span> <span class='ocrx_word' id='word_1_58' title='bbox 1035 832 1214 902; x_wconf 83' lang='grc' dir='ltr'>μέλος,</span> <span class='ocrx_word' id='word_1_59' title='bbox 1252 835 1564 906; x_wconf 83' lang='grc' dir='ltr'>συμπάσχει</span> <span class='ocrx_word' id='word_1_60' title='bbox 1599 835 1773 890; x_wconf 80' lang='grc' dir='ltr'>πάντα</span> <span class='ocrx_word' id='word_1_61' title='bbox 1803 854 1843 889; x_wconf 80' lang='grc' dir='ltr'>τ;</span> 
     </span>
    </p>
   </div>
   <div class='ocr_carea' id='block_1_9' title="bbox 1948 831 3542 914">
    <p class='ocr_par' dir='ltr' id='par_1_9' title="bbox 1973 835 3542 914">
     <span class='ocr_line' id='line_1_9' title="bbox 1973 835 3542 914; baseline 0.007 -27"><span class='ocrx_word' id='word_1_62' title='bbox 1973 835 2163 895; x_wconf 82' lang='lat' dir='ltr'><strong>amicis</strong></span> <span class='ocrx_word' id='word_1_63' title='bbox 2195 837 2522 906; x_wconf 84' lang='lat' dir='ltr'><strong>respondet:</strong></span> <span class='ocrx_word' id='word_1_64' title='bbox 2558 857 2575 887; x_wconf 79' lang='grc' dir='ltr'><strong>ι</strong></span> <span class='ocrx_word' id='word_1_65' title='bbox 2607 837 2828 894; x_wconf 87' lang='lat' dir='ltr'><strong>Servavi</strong></span> <span class='ocrx_word' id='word_1_66' title='bbox 2860 842 3003 896; x_wconf 90' lang='lat' dir='ltr'><strong>enim</strong></span> <span class='ocrx_word' id='word_1_67' title='bbox 3038 843 3253 914; x_wconf 88' lang='lat' dir='ltr'><strong>inopem</strong></span> <span class='ocrx_word' id='word_1_68' title='bbox 3282 843 3348 898; x_wconf 89' lang='lat' dir='ltr'><strong>de</strong></span> <span class='ocrx_word' id='word_1_69' title='bbox 3376 859 3542 899; x_wconf 89' lang='lat' dir='ltr'><strong>manu</strong></span> 
     </span>
    </p>
   </div>
   <div class='ocr_carea' id='block_1_10' title="bbox 256 922 1843 1004">
    <p class='ocr_par' dir='ltr' id='par_1_10' title="bbox 256 922 1842 1001">
     <span class='ocr_line' id='line_1_10' title="bbox 256 922 1842 1001; baseline 0.005 -27"><span class='ocrx_word' id='word_1_70' title='bbox 256 922 441 994; x_wconf 80' lang='grc' dir='ltr'>μέλη,</span> <span class='ocrx_word' id='word_1_71' title='bbox 493 941 512 975; x_wconf 77' lang='grc' dir='ltr'><strong>ι</strong></span> <span class='ocrx_word' id='word_1_72' title='bbox 563 925 620 976; x_wconf 90' lang='grc' dir='ltr'><strong>ἐν</strong></span> <span class='ocrx_word' id='word_1_73' title='bbox 661 927 773 988; x_wconf 86' lang='grc' dir='ltr'>τοῖς</span> <span class='ocrx_word' id='word_1_74' title='bbox 809 924 910 994; x_wconf 80' lang='grc' dir='ltr'>τῆς</span> <span class='ocrx_word' id='word_1_75' title='bbox 941 925 1305 997; x_wconf 79' lang='grc' dir='ltr'>εὐαγγελικῆς</span> <span class='ocrx_word' id='word_1_76' title='bbox 1329 927 1674 992; x_wconf 81' lang='grc' dir='ltr'><strong>διδασκαλίας</strong></span> <span class='ocrx_word' id='word_1_77' title='bbox 1698 927 1842 1001; x_wconf 81' lang='grc' dir='ltr'>μαθή</span> 
     </span>
    </p>
   </div>
   <div class='ocr_carea' id='block_1_11' title="bbox 1948 922 3544 1004">
    <p class='ocr_par' dir='ltr' id='par_1_11' title="bbox 1971 927 3544 1004">
     <span class='ocr_line' id='line_1_11' title="bbox 1971 927 3544 1004; baseline 0.008 -25"><span class='ocrx_word' id='word_1_78' title='bbox 1971 927 2251 996; x_wconf 89' lang='lat' dir='ltr'><strong>potentis:</strong></span> <span class='ocrx_word' id='word_1_79' title='bbox 2292 936 2347 982; x_wconf 87' lang='lat' dir='ltr'><strong>et</strong></span> <span class='ocrx_word' id='word_1_80' title='bbox 2397 927 2638 998; x_wconf 92' lang='lat' dir='ltr'><strong>pupillo,</strong></span> <span class='ocrx_word' id='word_1_81' title='bbox 2671 931 2758 984; x_wconf 89' lang='lat' dir='ltr'><strong>cui</strong></span> <span class='ocrx_word' id='word_1_82' title='bbox 2812 947 2918 985; x_wconf 90' lang='lat' dir='ltr'><strong>non</strong></span> <span class='ocrx_word' id='word_1_83' title='bbox 2971 943 3086 987; x_wconf 82' lang='lat' dir='ltr'><strong>erat</strong></span> <span class='ocrx_word' id='word_1_84' title='bbox 3133 933 3372 1004; x_wconf 87' lang='lat' dir='ltr'><strong>adjutor,</strong></span> <span class='ocrx_word' id='word_1_85' title='bbox 3414 937 3544 991; x_wconf 87' lang='lat' dir='ltr'><strong>sub-</strong></span> 
     </span>
    </p>
   </div>
   <div class='ocr_carea' id='block_1_12' title="bbox 257 1015 1843 1096">
    <p class='ocr_par' dir='ltr' id='par_1_12' title="bbox 257 1015 1840 1091">
     <span class='ocr_line' id='line_1_12' title="bbox 257 1015 1840 1091; baseline 0.005 -25"><span class='ocrx_word' id='word_1_86' title='bbox 257 1029 413 1082; x_wconf 70' lang='grc' dir='ltr'>μασι</span> <span class='ocrx_word' id='word_1_87' title='bbox 441 1015 837 1086; x_wconf 80' lang='grc' dir='ltr'>περιεχόμενα,</span> <span class='ocrx_word' id='word_1_88' title='bbox 869 1016 930 1068; x_wconf 85' lang='grc' dir='ltr'><strong>τὸ</strong></span> <span class='ocrx_word' id='word_1_89' title='bbox 954 1015 1092 1088; x_wconf 83' lang='grc' dir='ltr'>πρὸς</span> <span class='ocrx_word' id='word_1_90' title='bbox 1127 1019 1255 1082; x_wconf 79' lang='grc' dir='ltr'>τοὺς</span> <span class='ocrx_word' id='word_1_91' title='bbox 1279 1020 1336 1071; x_wconf 84' lang='grc' dir='ltr'><strong>ἐν</strong></span> <span class='ocrx_word' id='word_1_92' title='bbox 1360 1019 1439 1090; x_wconf 75' lang='grc' dir='ltr'>τῷ</span> <span class='ocrx_word' id='word_1_93' title='bbox 1472 1019 1572 1091; x_wconf 83' lang='grc' dir='ltr'>βίῳ</span> <span class='ocrx_word' id='word_1_94' title='bbox 1591 1019 1840 1074; x_wconf 87' lang='grc' dir='ltr'>ταλαιπω</span> 
     </span>
    </p>
   </div>
   <div class='ocr_carea' id='block_1_13' title="bbox 1948 1015 3540 1096">
    <p class='ocr_par' dir='ltr' id='par_1_13' title="bbox 1969 1018 3540 1096">
     <span class='ocr_line' id='line_1_13' title="bbox 1969 1018 3540 1096; baseline 0.006 -24"><span class='ocrx_word' id='word_1_95' title='bbox 1969 1018 2113 1073; x_wconf 90' lang='lat' dir='ltr'><strong>veni.</strong></span> <span class='ocrx_word' id='word_1_96' title='bbox 2142 1018 2216 1074; x_wconf 90' lang='lat' dir='ltr'><strong>Os</strong></span> <span class='ocrx_word' id='word_1_97' title='bbox 2243 1028 2424 1074; x_wconf 90' lang='lat' dir='ltr'><strong>autem</strong></span> <span class='ocrx_word' id='word_1_98' title='bbox 2459 1021 2637 1076; x_wconf 67' lang='lat' dir='ltr'><strong>vidua:</strong></span> <span class='ocrx_word' id='word_1_99' title='bbox 2668 1023 2800 1076; x_wconf 92' lang='lat' dir='ltr'><strong>mihi</strong></span> <span class='ocrx_word' id='word_1_100' title='bbox 2833 1023 3108 1080; x_wconf 76' lang='lat' dir='ltr'><strong>benedixit</strong></span> <span class='ocrx_word' id='word_1_101' title='bbox 3133 1067 3148 1088; x_wconf 91' lang='lat'><strong>,</strong></span> <span class='ocrx_word' id='word_1_102' title='bbox 3175 1038 3242 1095; x_wconf 27' lang='lat' dir='ltr'><strong>et,</strong></span> <span class='ocrx_word' id='word_1_103' title='bbox 3269 1027 3540 1096; x_wconf 82' lang='lat' dir='ltr'><strong>justitiam</strong></span> 
     </span>
    </p>
   </div>
   <div class='ocr_carea' id='block_1_14' title="bbox 260 1107 1843 1190">
    <p class='ocr_par' dir='ltr' id='par_1_14' title="bbox 260 1107 1843 1182">
     <span class='ocr_line' id='line_1_14' title="bbox 260 1107 1843 1182; baseline 0.006 -24"><span class='ocrx_word' id='word_1_104' title='bbox 260 1107 583 1177; x_wconf 75' lang='grc' dir='ltr'>ρωμένους</span> <span class='ocrx_word' id='word_1_105' title='bbox 629 1107 1012 1180; x_wconf 76' lang='grc' dir='ltr'>φιλάνθρωπον</span> <span class='ocrx_word' id='word_1_106' title='bbox 1085 1110 1418 1175; x_wconf 88' lang='grc' dir='ltr'>ἐπεδείκνυε,</span> <span class='ocrx_word' id='word_1_107' title='bbox 1464 1112 1656 1182; x_wconf 89' lang='grc' dir='ltr'>λέγων·</span> <span class='ocrx_word' id='word_1_108' title='bbox 1730 1111 1843 1182; x_wconf 81' lang='grc' dir='ltr'><strong>Ἐγό</strong></span> 
     </span>
    </p>
   </div>
   <div class='ocr_carea' id='block_1_15' title="bbox 1948 1107 3542 1190">
    <p class='ocr_par' dir='ltr' id='par_1_15' title="bbox 1971 1109 3542 1190">
     <span class='ocr_line' id='line_1_15' title="bbox 1971 1109 3542 1190; baseline 0.008 -27"><span class='ocrx_word' id='word_1_109' title='bbox 1971 1109 2274 1168; x_wconf 83' lang='lat' dir='ltr'><strong>indumenti</strong></span> <span class='ocrx_word' id='word_1_110' title='bbox 2326 1110 2446 1165; x_wconf 90' lang='lat' dir='ltr'><strong>loco</strong></span> <span class='ocrx_word' id='word_1_111' title='bbox 2496 1113 2701 1184; x_wconf 89' lang='lat' dir='ltr'><strong>accepi.</strong></span> <span class='ocrx_word' id='word_1_112' title='bbox 2753 1113 3029 1170; x_wconf 86' lang='lat' dir='ltr'><strong>Adornavi</strong></span> <span class='ocrx_word' id='word_1_113' title='bbox 3085 1128 3269 1173; x_wconf 87' lang='lat' dir='ltr'><strong>autem</strong></span> <span class='ocrx_word' id='word_1_114' title='bbox 3325 1135 3410 1174; x_wconf 89' lang='lat' dir='ltr'><strong>me</strong></span> <span class='ocrx_word' id='word_1_115' title='bbox 3449 1118 3542 1190; x_wconf 77' lang='lat' dir='ltr'><strong>ju-</strong></span> 
     </span>
    </p>
   </div>
   <div class='ocr_carea' id='block_1_16' title="bbox 253 1197 1843 1276">
    <p class='ocr_par' dir='ltr' id='par_1_16' title="bbox 253 1197 1843 1273">
     <span class='ocr_line' id='line_1_16' title="bbox 253 1197 1843 1273; baseline 0.006 -21"><span class='ocrx_word' id='word_1_116' title='bbox 253 1197 320 1252; x_wconf 76' lang='grc' dir='ltr'>δὲ</span> <span class='ocrx_word' id='word_1_117' title='bbox 366 1200 466 1253; x_wconf 72' lang='grc' dir='ltr'>ἐπὶ</span> <span class='ocrx_word' id='word_1_118' title='bbox 502 1201 673 1254; x_wconf 73' lang='grc' dir='ltr'>παντὶ</span> <span class='ocrx_word' id='word_1_119' title='bbox 707 1201 955 1273; x_wconf 81' lang='grc' dir='ltr'><strong>ἀδυνάτῳ</strong></span> <span class='ocrx_word' id='word_1_120' title='bbox 984 1201 1242 1257; x_wconf 81' lang='grc' dir='ltr'>ἔκλαυσα·</span> <span class='ocrx_word' id='word_1_121' title='bbox 1282 1223 1300 1255; x_wconf 77' lang='grc' dir='ltr'><strong>ι</strong></span> <span class='ocrx_word' id='word_1_122' title='bbox 1340 1205 1601 1272; x_wconf 79' lang='grc' dir='ltr'>ἐστέναξα</span> <span class='ocrx_word' id='word_1_123' title='bbox 1643 1206 1699 1261; x_wconf 79' lang='grc' dir='ltr'>δὲ</span> <span class='ocrx_word' id='word_1_124' title='bbox 1745 1207 1843 1261; x_wconf 65' lang='grc' dir='ltr'>ίδὼε</span> 
     </span>
    </p>
   </div>
   <div class='ocr_carea' id='block_1_17' title="bbox 1948 1197 3541 1276">
    <p class='ocr_par' dir='ltr' id='par_1_17' title="bbox 1969 1199 3541 1276">
     <span class='ocr_line' id='line_1_17' title="bbox 1969 1199 3541 1276; baseline 0.009 -21"><span class='ocrx_word' id='word_1_125' title='bbox 1969 1199 2142 1264; x_wconf 87' lang='lat' dir='ltr'><strong>dicio,</strong></span> <span class='ocrx_word' id='word_1_126' title='bbox 2196 1201 2352 1271; x_wconf 90' lang='lat' dir='ltr'><strong>quasi</strong></span> <span class='ocrx_word' id='word_1_127' title='bbox 2385 1202 2590 1272; x_wconf 86' lang='lat' dir='ltr'><strong>duplici</strong></span> <span class='ocrx_word' id='word_1_128' title='bbox 2654 1205 3016 1276; x_wconf 83' lang='lat' dir='ltr'><strong>veStimento;</strong></span> <span class='ocrx_word' id='word_1_129' title='bbox 3070 1210 3263 1268; x_wconf 80' lang='lat' dir='ltr'><strong>oculus</strong></span> <span class='ocrx_word' id='word_1_130' title='bbox 3309 1211 3386 1266; x_wconf 76' lang='lat' dir='ltr'><strong>fui</strong></span> <span class='ocrx_word' id='word_1_131' title='bbox 3436 1228 3541 1269; x_wconf 69' lang='lat' dir='ltr'><strong>ca)-</strong></span> 
     </span>
    </p>
   </div>
   <div class='ocr_carea' id='block_1_18' title="bbox 252 1291 1843 1373">
    <p class='ocr_par' dir='ltr' id='par_1_18' title="bbox 252 1291 1843 1373">
     <span class='ocr_line' id='line_1_18' title="bbox 252 1291 1843 1373; baseline 0.004 -29"><span class='ocrx_word' id='word_1_132' title='bbox 252 1292 441 1362; x_wconf 74' lang='grc' dir='ltr'>ἆνδρα</span> <span class='ocrx_word' id='word_1_133' title='bbox 490 1293 557 1345; x_wconf 87' lang='grc' dir='ltr'><strong>ἐν</strong></span> <span class='ocrx_word' id='word_1_134' title='bbox 606 1293 896 1363; x_wconf 82' lang='grc' dir='ltr'>ἀνάγκαις.</span> <span class='ocrx_word' id='word_1_135' title='bbox 937 1314 955 1346; x_wconf 78' lang='grc' dir='ltr'><strong>ι</strong></span> <span class='ocrx_word' id='word_1_136' title='bbox 993 1291 1125 1350; x_wconf 83' lang='grc' dir='ltr'>Εἶτα</span> <span class='ocrx_word' id='word_1_137' title='bbox 1166 1298 1346 1363; x_wconf 83' lang='grc' dir='ltr'>πάλιν,</span> <span class='ocrx_word' id='word_1_138' title='bbox 1378 1298 1480 1368; x_wconf 87' lang='grc' dir='ltr'>τῆς</span> <span class='ocrx_word' id='word_1_139' title='bbox 1510 1299 1843 1373; x_wconf 79' lang='grc' dir='ltr'>εύαγγελικῆ.</span> 
     </span>
    </p>
   </div>
   <div class='ocr_carea' id='block_1_19' title="bbox 1948 1291 3535 1373">
    <p class='ocr_par' dir='ltr' id='par_1_19' title="bbox 1969 1293 3535 1373">
     <span class='ocr_line' id='line_1_19' title="bbox 1969 1293 3535 1373; baseline 0.008 -27"><span class='ocrx_word' id='word_1_140' title='bbox 1969 1306 2157 1347; x_wconf 89' lang='lat' dir='ltr'><strong>eorum</strong></span> <span class='ocrx_word' id='word_1_141' title='bbox 2177 1331 2192 1357; x_wconf 96' lang='lat'><strong>,</strong></span> <span class='ocrx_word' id='word_1_142' title='bbox 2222 1308 2316 1363; x_wconf 87' lang='lat' dir='ltr'><strong>pes</strong></span> <span class='ocrx_word' id='word_1_143' title='bbox 2348 1293 2665 1349; x_wconf 90' lang='lat' dir='ltr'><strong>claudorum</strong></span> <span class='ocrx_word' id='word_1_144' title='bbox 2693 1315 2705 1349; x_wconf 93' lang='lat'><strong>:</strong></span> <span class='ocrx_word' id='word_1_145' title='bbox 2737 1311 2837 1367; x_wconf 89' lang='lat' dir='ltr'><strong>ego</strong></span> <span class='ocrx_word' id='word_1_146' title='bbox 2869 1295 2944 1351; x_wconf 83' lang='lat' dir='ltr'><strong>fui</strong></span> <span class='ocrx_word' id='word_1_147' title='bbox 2975 1307 3130 1369; x_wconf 86' lang='lat' dir='ltr'><strong>pater</strong></span> <span class='ocrx_word' id='word_1_148' title='bbox 3160 1303 3381 1373; x_wconf 86' lang='lat' dir='ltr'><strong>inopum</strong></span> <span class='ocrx_word' id='word_1_149' title='bbox 3418 1306 3483 1358; x_wconf 75' lang='grc' dir='ltr'><strong>εδ.</strong></span> <span class='ocrx_word' id='word_1_150' title='bbox 3516 1325 3535 1358; x_wconf 71' lang='grc' dir='ltr'>δ</span> 
     </span>
    </p>
   </div>
   <div class='ocr_carea' id='block_1_20' title="bbox 247 1385 1864 1464">
    <p class='ocr_par' dir='ltr' id='par_1_20' title="bbox 247 1385 1864 1464">
     <span class='ocr_line' id='line_1_20' title="bbox 247 1385 1864 1464; baseline 0.007 -26"><span class='ocrx_word' id='word_1_151' title='bbox 247 1385 630 1450; x_wconf 68' lang='grc' dir='ltr'>διδασκαλίας</span> <span class='ocrx_word' id='word_1_152' title='bbox 655 1386 786 1450; x_wconf 78' lang='grc' dir='ltr'>τοὺς</span> <span class='ocrx_word' id='word_1_153' title='bbox 818 1387 1084 1458; x_wconf 84' lang='grc' dir='ltr'>ἀσέμνους</span> <span class='ocrx_word' id='word_1_154' title='bbox 1123 1389 1574 1464; x_wconf 83' lang='grc' dir='ltr'>ἀπαγορευούσης</span> <span class='ocrx_word' id='word_1_155' title='bbox 1603 1393 1864 1462; x_wconf 85' lang='grc' dir='ltr'>γέλωτας,</span> 
     </span>
    </p>
   </div>
   <div class='ocr_carea' id='block_1_21' title="bbox 248 1475 1864 1560">
    <p class='ocr_par' dir='ltr' id='par_1_21' title="bbox 248 1475 1864 1560">
     <span class='ocr_line' id='line_1_21' title="bbox 248 1475 1864 1560; baseline 0.008 -31"><span class='ocrx_word' id='word_1_156' title='bbox 248 1475 570 1550; x_wconf 75' lang='grc' dir='ltr'>προλαϐὼν</span> <span class='ocrx_word' id='word_1_157' title='bbox 603 1478 634 1530; x_wconf 84' lang='grc' dir='ltr'><strong>ὁ</strong></span> <span class='ocrx_word' id='word_1_158' title='bbox 680 1479 947 1550; x_wconf 85' lang='grc' dir='ltr'>μακάριος</span> <span class='ocrx_word' id='word_1_159' title='bbox 971 1482 1176 1547; x_wconf 71' lang='grc' dir='ltr'>οὐτοσὶ,</span> <span class='ocrx_word' id='word_1_160' title='bbox 1219 1486 1400 1554; x_wconf 70' lang='grc' dir='ltr'>φησιν·</span> <span class='ocrx_word' id='word_1_161' title='bbox 1454 1503 1472 1536; x_wconf 80' lang='grc' dir='ltr'><strong>ι</strong></span> <span class='ocrx_word' id='word_1_162' title='bbox 1526 1487 1588 1538; x_wconf 77' lang='lat' dir='ltr'><strong>EE</strong></span> <span class='ocrx_word' id='word_1_163' title='bbox 1620 1486 1676 1544; x_wconf 85' lang='grc' dir='ltr'>δὲ</span> <span class='ocrx_word' id='word_1_164' title='bbox 1719 1489 1864 1560; x_wconf 77' lang='grc' dir='ltr'>ὴμην</span> 
     </span>
    </p>
   </div>
   <div class='ocr_carea' id='block_1_22' title="bbox 246 1570 1863 1642">
    <p class='ocr_par' dir='ltr' id='par_1_22' title="bbox 246 1570 1863 1642">
     <span class='ocr_line' id='line_1_22' title="bbox 246 1570 1863 1642; baseline 0.007 -21"><span class='ocrx_word' id='word_1_165' title='bbox 246 1570 690 1641; x_wconf 73' lang='grc' dir='ltr'>πεπορευμένος</span> <span class='ocrx_word' id='word_1_166' title='bbox 720 1571 858 1642; x_wconf 82' lang='grc' dir='ltr'><strong>μετά</strong></span> <span class='ocrx_word' id='word_1_167' title='bbox 907 1572 1257 1640; x_wconf 84' lang='grc' dir='ltr'>γελοιαστῶν·</span> <span class='ocrx_word' id='word_1_168' title='bbox 1290 1576 1338 1628; x_wconf 83' lang='grc' dir='ltr'><strong>εί</strong></span> <span class='ocrx_word' id='word_1_169' title='bbox 1370 1576 1427 1630; x_wconf 81' lang='grc' dir='ltr'>δὲ</span> <span class='ocrx_word' id='word_1_170' title='bbox 1467 1578 1562 1632; x_wconf 63' lang='grc' dir='ltr'><strong>καὶ¹</strong></span> <span class='ocrx_word' id='word_1_171' title='bbox 1600 1580 1863 1633; x_wconf 83' lang='grc' dir='ltr'>ἐσπούδα-</span> 
     </span>
    </p>
   </div>
   <div class='ocr_carea' id='block_1_23' title="bbox 247 1662 1860 1744">
    <p class='ocr_par' dir='ltr' id='par_1_23' title="bbox 247 1662 1860 1744">
     <span class='ocr_line' id='line_1_23' title="bbox 247 1662 1860 1744; baseline 0.007 -31"><span class='ocrx_word' id='word_1_172' title='bbox 247 1677 358 1714; x_wconf 81' lang='grc' dir='ltr'><strong>σεν</strong></span> <span class='ocrx_word' id='word_1_173' title='bbox 387 1662 422 1714; x_wconf 82' lang='grc' dir='ltr'>ὁ</span> <span class='ocrx_word' id='word_1_174' title='bbox 451 1662 592 1726; x_wconf 84' lang='grc' dir='ltr'>ποῦς</span> <span class='ocrx_word' id='word_1_175' title='bbox 617 1681 718 1733; x_wconf 86' lang='grc' dir='ltr'><strong>μου</strong></span> <span class='ocrx_word' id='word_1_176' title='bbox 741 1666 823 1727; x_wconf 88' lang='grc' dir='ltr'><strong>είς</strong></span> <span class='ocrx_word' id='word_1_177' title='bbox 840 1664 1010 1729; x_wconf 89' lang='grc' dir='ltr'>δόλον,</span> <span class='ocrx_word' id='word_1_178' title='bbox 1033 1666 1270 1738; x_wconf 82' lang='grc' dir='ltr'>’ἑσταμαι</span> <span class='ocrx_word' id='word_1_179' title='bbox 1299 1669 1356 1723; x_wconf 80' lang='grc' dir='ltr'>δὲ</span> <span class='ocrx_word' id='word_1_180' title='bbox 1381 1670 1439 1724; x_wconf 86' lang='grc' dir='ltr'><strong>ἐν</strong></span> <span class='ocrx_word' id='word_1_181' title='bbox 1474 1670 1621 1741; x_wconf 78' lang='grc' dir='ltr'>ζυγῷ</span> <span class='ocrx_word' id='word_1_182' title='bbox 1650 1671 1860 1744; x_wconf 83' lang='grc' dir='ltr'>δικαίῳ,</span> 
     </span>
    </p>
   </div>
   <div class='ocr_carea' id='block_1_24' title="bbox 244 1749 1862 1837">
    <p class='ocr_par' dir='ltr' id='par_1_24' title="bbox 244 1749 1862 1837">
     <span class='ocr_line' id='line_1_24' title="bbox 244 1749 1862 1837; baseline 0.008 -31"><span class='ocrx_word' id='word_1_183' title='bbox 244 1749 374 1807; x_wconf 78' lang='grc' dir='ltr'>οἶδε</span> <span class='ocrx_word' id='word_1_184' title='bbox 399 1753 460 1806; x_wconf 83' lang='grc' dir='ltr'><strong>δέ</strong></span> <span class='ocrx_word' id='word_1_185' title='bbox 487 1757 518 1808; x_wconf 84' lang='grc' dir='ltr'><strong>ό</strong></span> <span class='ocrx_word' id='word_1_186' title='bbox 545 1754 751 1826; x_wconf 85' lang='grc' dir='ltr'>Κύριος</span> <span class='ocrx_word' id='word_1_187' title='bbox 774 1755 872 1828; x_wconf 83' lang='grc' dir='ltr'><strong>τὴν</strong></span> <span class='ocrx_word' id='word_1_188' title='bbox 899 1758 1138 1814; x_wconf 86' lang='grc' dir='ltr'>ἀκακίαν</span> <span class='ocrx_word' id='word_1_189' title='bbox 1163 1777 1286 1831; x_wconf 89' lang='grc' dir='ltr'>μου.</span> <span class='ocrx_word' id='word_1_190' title='bbox 1331 1761 1549 1835; x_wconf 83' lang='grc' dir='ltr'>Ἐπειδὴ</span> <span class='ocrx_word' id='word_1_191' title='bbox 1570 1763 1629 1817; x_wconf 86' lang='grc' dir='ltr'>δὲ</span> <span class='ocrx_word' id='word_1_192' title='bbox 1656 1766 1690 1817; x_wconf 83' lang='grc' dir='ltr'><strong>ό</strong></span> <span class='ocrx_word' id='word_1_193' title='bbox 1711 1764 1862 1837; x_wconf 70' lang='grc' dir='ltr'>παρὰ</span> 
     </span>
    </p>
   </div>
   <div class='ocr_carea' id='block_1_25' title="bbox 249 1847 1859 1924">
    <p class='ocr_par' dir='ltr' id='par_1_25' title="bbox 249 1847 1859 1924">
     <span class='ocr_line' id='line_1_25' title="bbox 249 1847 1859 1924; baseline 0.007 -25"><span class='ocrx_word' id='word_1_194' title='bbox 249 1847 461 1900; x_wconf 65' lang='lat' dir='ltr'><strong>Men-ss?</strong></span> <span class='ocrx_word' id='word_1_195' title='bbox 485 1847 646 1916; x_wconf 83' lang='grc' dir='ltr'>λόγος</span> <span class='ocrx_word' id='word_1_196' title='bbox 694 1848 991 1919; x_wconf 87' lang='grc' dir='ltr'>νομοθετεῖ,</span> <span class='ocrx_word' id='word_1_197' title='bbox 1015 1850 1206 1920; x_wconf 86' lang='grc' dir='ltr'>λέγων,</span> <span class='ocrx_word' id='word_1_198' title='bbox 1229 1871 1246 1903; x_wconf 83' lang='grc' dir='ltr'><strong>ι</strong></span> <span class='ocrx_word' id='word_1_199' title='bbox 1272 1854 1347 1907; x_wconf 89' lang='grc' dir='ltr'>Ού</span> <span class='ocrx_word' id='word_1_200' title='bbox 1369 1853 1692 1924; x_wconf 78' lang='grc' dir='ltr'>μοιχεύσεις,</span> <span class='ocrx_word' id='word_1_201' title='bbox 1721 1876 1738 1908; x_wconf 71' lang='grc' dir='ltr'><strong>ι</strong></span> <span class='ocrx_word' id='word_1_202' title='bbox 1765 1856 1859 1910; x_wconf 87' lang='grc' dir='ltr'>θά-</span> 
     </span>
    </p>
   </div>
   <div class='ocr_carea' id='block_1_26' title="bbox 1972 1382 3540 1462">
    <p class='ocr_par' dir='ltr' id='par_1_26' title="bbox 1972 1382 3540 1462">
     <span class='ocr_line' id='line_1_26' title="bbox 1972 1382 3540 1462; baseline 0.009 -25"><span class='ocrx_word' id='word_1_203' title='bbox 1972 1382 2226 1454; x_wconf 82' lang='lat' dir='ltr'><strong>15_l_psa</strong></span> <span class='ocrx_word' id='word_1_204' title='bbox 2270 1386 2383 1440; x_wconf 69' lang='lat' dir='ltr'><strong>haec</strong></span> <span class='ocrx_word' id='word_1_205' title='bbox 2420 1385 2585 1458; x_wconf 77' lang='lat' dir='ltr'><strong>igitur</strong></span> <span class='ocrx_word' id='word_1_206' title='bbox 2627 1387 2953 1444; x_wconf 89' lang='lat' dir='ltr'><strong>documenta</strong></span> <span class='ocrx_word' id='word_1_207' title='bbox 3002 1391 3159 1462; x_wconf 85' lang='lat' dir='ltr'><strong>plane</strong></span> <span class='ocrx_word' id='word_1_208' title='bbox 3186 1396 3372 1456; x_wconf 86' lang='lat' dir='ltr'><strong>eadem</strong></span> <span class='ocrx_word' id='word_1_209' title='bbox 3412 1404 3540 1452; x_wconf 86' lang='lat' dir='ltr'><strong>sunt</strong></span> 
     </span>
    </p>
   </div>
   <div class='ocr_carea' id='block_1_27' title="bbox 1967 1476 3540 1556">
    <p class='ocr_par' dir='ltr' id='par_1_27' title="bbox 1967 1476 3540 1556">
     <span class='ocr_line' id='line_1_27' title="bbox 1967 1476 3540 1556; baseline 0.008 -25"><span class='ocrx_word' id='word_1_210' title='bbox 1967 1491 2090 1531; x_wconf 90' lang='lat' dir='ltr'><strong>cum</strong></span> <span class='ocrx_word' id='word_1_211' title='bbox 2117 1476 2205 1544; x_wconf 91' lang='lat' dir='ltr'><strong>iis,</strong></span> <span class='ocrx_word' id='word_1_212' title='bbox 2249 1493 2370 1548; x_wconf 80' lang='lat' dir='ltr'><strong>qua:</strong></span> <span class='ocrx_word' id='word_1_213' title='bbox 2397 1480 2652 1536; x_wconf 90' lang='lat' dir='ltr'><strong>omnibus</strong></span> <span class='ocrx_word' id='word_1_214' title='bbox 2698 1481 2856 1537; x_wconf 91' lang='lat' dir='ltr'><strong>nobis</strong></span> <span class='ocrx_word' id='word_1_215' title='bbox 2900 1499 2997 1552; x_wconf 90' lang='lat' dir='ltr'><strong>per</strong></span> <span class='ocrx_word' id='word_1_216' title='bbox 3040 1486 3411 1556; x_wconf 81' lang='lat' dir='ltr'><strong>evangelicum</strong></span> <span class='ocrx_word' id='word_1_217' title='bbox 3441 1487 3540 1543; x_wconf 87' lang='lat' dir='ltr'><strong>do-</strong></span> 
     </span>
    </p>
   </div>
   <div class='ocr_carea' id='block_1_28' title="bbox 1965 1568 3538 1651">
    <p class='ocr_par' dir='ltr' id='par_1_28' title="bbox 1965 1568 3538 1651">
     <span class='ocr_line' id='line_1_28' title="bbox 1965 1568 3538 1651; baseline 0.011 -31"><span class='ocrx_word' id='word_1_218' title='bbox 1965 1568 2200 1627; x_wconf 89' lang='lat' dir='ltr'><strong>ctrinam</strong></span> <span class='ocrx_word' id='word_1_219' title='bbox 2252 1571 2396 1625; x_wconf 88' lang='lat' dir='ltr'><strong>tradi</strong></span> <span class='ocrx_word' id='word_1_220' title='bbox 2435 1573 2787 1645; x_wconf 87' lang='lat' dir='ltr'><strong>nuntiarique</strong></span> <span class='ocrx_word' id='word_1_221' title='bbox 2829 1577 2990 1632; x_wconf 89' lang='lat' dir='ltr'><strong>solita</strong></span> <span class='ocrx_word' id='word_1_222' title='bbox 3033 1587 3161 1633; x_wconf 91' lang='lat' dir='ltr'><strong>sunt</strong></span> <span class='ocrx_word' id='word_1_223' title='bbox 3195 1597 3208 1632; x_wconf 91' lang='lat'><strong>:</strong></span> <span class='ocrx_word' id='word_1_224' title='bbox 3241 1582 3538 1651; x_wconf 86' lang='lat' dir='ltr'><strong>quinetiam</strong></span> 
     </span>
    </p>
   </div>
   <div class='ocr_carea' id='block_1_29' title="bbox 1965 1661 3541 1740">
    <p class='ocr_par' dir='ltr' id='par_1_29' title="bbox 1965 1661 3541 1740">
     <span class='ocr_line' id='line_1_29' title="bbox 1965 1661 3541 1740; baseline 0.011 -27"><span class='ocrx_word' id='word_1_225' title='bbox 1965 1661 2128 1727; x_wconf 86' lang='lat' dir='ltr'><strong>veluti</strong></span> <span class='ocrx_word' id='word_1_226' title='bbox 2158 1663 2205 1720; x_wconf 91' lang='lat' dir='ltr'><strong>is</strong></span> <span class='ocrx_word' id='word_1_227' title='bbox 2237 1665 2328 1734; x_wconf 91' lang='lat' dir='ltr'><strong>qui</strong></span> <span class='ocrx_word' id='word_1_228' title='bbox 2361 1665 2495 1721; x_wconf 85' lang='lat' dir='ltr'><strong>bene</strong></span> <span class='ocrx_word' id='word_1_229' title='bbox 2521 1667 2651 1721; x_wconf 92' lang='lat' dir='ltr'><strong>illud</strong></span> <span class='ocrx_word' id='word_1_230' title='bbox 2684 1678 2907 1724; x_wconf 86' lang='lat' dir='ltr'><strong>nosset:</strong></span> <span class='ocrx_word' id='word_1_231' title='bbox 2943 1689 2963 1724; x_wconf 72' lang='grc' dir='ltr'><strong>ι</strong></span> <span class='ocrx_word' id='word_1_232' title='bbox 2993 1669 3148 1738; x_wconf 75' lang='lat' dir='ltr'><strong>Flere</strong></span> <span class='ocrx_word' id='word_1_233' title='bbox 3193 1689 3318 1740; x_wconf 83' lang='lat' dir='ltr'><strong>cum</strong></span> <span class='ocrx_word' id='word_1_234' title='bbox 3363 1673 3541 1730; x_wconf 79' lang='lat' dir='ltr'><strong>ﬂenti-</strong></span> 
     </span>
    </p>
   </div>
   <div class='ocr_carea' id='block_1_30' title="bbox 1963 1753 3542 1838">
    <p class='ocr_par' dir='ltr' id='par_1_30' title="bbox 1963 1753 3542 1838">
     <span class='ocr_line' id='line_1_30' title="bbox 1963 1753 3542 1838; baseline 0.01 -29"><span class='ocrx_word' id='word_1_235' title='bbox 1963 1753 2069 1812; x_wconf 79' lang='lat' dir='ltr'><strong>bus</strong></span> <span class='ocrx_word' id='word_1_236' title='bbox 2087 1756 2172 1808; x_wconf 81' lang='lat'><strong>“:</strong></span> <span class='ocrx_word' id='word_1_237' title='bbox 2215 1776 2234 1808; x_wconf 74' lang='grc' dir='ltr'><strong>ι</strong></span> <span class='ocrx_word' id='word_1_238' title='bbox 2267 1765 2320 1812; x_wconf 90' lang='lat' dir='ltr'><strong>et</strong></span> <span class='ocrx_word' id='word_1_239' title='bbox 2367 1759 2524 1824; x_wconf 90' lang='lat' dir='ltr'><strong>illud,</strong></span> <span class='ocrx_word' id='word_1_240' title='bbox 2555 1778 2572 1809; x_wconf 77' lang='grc' dir='ltr'><strong>ι</strong></span> <span class='ocrx_word' id='word_1_241' title='bbox 2611 1759 2762 1816; x_wconf 86' lang='lat' dir='ltr'><strong>Beati</strong></span> <span class='ocrx_word' id='word_1_242' title='bbox 2803 1763 2898 1833; x_wconf 90' lang='lat' dir='ltr'><strong>qui</strong></span> <span class='ocrx_word' id='word_1_243' title='bbox 2946 1765 3148 1836; x_wconf 79' lang='lat' dir='ltr'><strong>lugent,</strong></span> <span class='ocrx_word' id='word_1_244' title='bbox 3181 1769 3438 1838; x_wconf 90' lang='lat' dir='ltr'><strong>quoniam</strong></span> <span class='ocrx_word' id='word_1_245' title='bbox 3463 1768 3542 1825; x_wconf 83' lang='lat' dir='ltr'><strong>ri-</strong></span> 
     </span>
    </p>
   </div>
   <div class='ocr_carea' id='block_1_31' title="bbox 1963 1843 3535 1930">
    <p class='ocr_par' dir='ltr' id='par_1_31' title="bbox 1963 1843 3535 1930">
     <span class='ocr_line' id='line_1_31' title="bbox 1963 1843 3535 1930; baseline 0.01 -30"><span class='ocrx_word' id='word_1_246' title='bbox 1963 1843 2244 1914; x_wconf 68' lang='lat' dir='ltr'><strong>debunt“,</strong></span> <span class='ocrx_word' id='word_1_247' title='bbox 2277 1868 2296 1900; x_wconf 75' lang='grc' dir='ltr'><strong>ι</strong></span> <span class='ocrx_word' id='word_1_248' title='bbox 2335 1856 2388 1903; x_wconf 89' lang='lat' dir='ltr'><strong>et</strong></span> <span class='ocrx_word' id='word_1_249' title='bbox 2419 1849 2588 1905; x_wconf 90' lang='lat' dir='ltr'><strong>illud:</strong></span> <span class='ocrx_word' id='word_1_250' title='bbox 2629 1869 2646 1903; x_wconf 87' lang='grc' dir='ltr'><strong>ι</strong></span> <span class='ocrx_word' id='word_1_251' title='bbox 2688 1851 2744 1906; x_wconf 90' lang='lat' dir='ltr'><strong>Si</strong></span> <span class='ocrx_word' id='word_1_252' title='bbox 2777 1870 2943 1909; x_wconf 82' lang='lat' dir='ltr'><strong>unum</strong></span> <span class='ocrx_word' id='word_1_253' title='bbox 2981 1859 3280 1926; x_wconf 82' lang='lat' dir='ltr'><strong>membrum</strong></span> <span class='ocrx_word' id='word_1_254' title='bbox 3313 1861 3535 1930; x_wconf 89' lang='lat' dir='ltr'><strong>patitur,</strong></span> 
     </span>
    </p>
   </div>
   <div class='ocr_carea' id='block_1_32' title="bbox 247 1937 1843 2020">
    <p class='ocr_par' dir='ltr' id='par_1_32' title="bbox 247 1938 1843 2018">
     <span class='ocr_line' id='line_1_32' title="bbox 247 1938 1843 2018; baseline 0.008 -29"><span class='ocrx_word' id='word_1_255' title='bbox 247 1938 425 1991; x_wconf 80' lang='grc' dir='ltr'>νατόν</span> <span class='ocrx_word' id='word_1_256' title='bbox 453 1955 515 1991; x_wconf 82' lang='grc' dir='ltr'><strong>τε</strong></span> <span class='ocrx_word' id='word_1_257' title='bbox 547 1939 691 1992; x_wconf 85' lang='grc' dir='ltr'><strong>κατά</strong></span> <span class='ocrx_word' id='word_1_258' title='bbox 723 1940 926 2010; x_wconf 85' lang='grc' dir='ltr'>μοιχῶν</span> <span class='ocrx_word' id='word_1_259' title='bbox 967 1941 1376 2014; x_wconf 68' lang='grc' dir='ltr'>ἐπιψηφίξεται·</span> <span class='ocrx_word' id='word_1_260' title='bbox 1409 1945 1438 1999; x_wconf 93' lang='grc' dir='ltr'><strong>ό</strong></span> <span class='ocrx_word' id='word_1_261' title='bbox 1469 1945 1526 1998; x_wconf 84' lang='grc' dir='ltr'><strong>δὲ</strong></span> <span class='ocrx_word' id='word_1_262' title='bbox 1560 1947 1660 2018; x_wconf 82' lang='grc' dir='ltr'>τῆς</span> <span class='ocrx_word' id='word_1_263' title='bbox 1691 1949 1843 2016; x_wconf 88' lang='grc' dir='ltr'>εύαγ-</span> 
     </span>
    </p>
   </div>
   <div class='ocr_carea' id='block_1_33' title="bbox 1948 1937 3537 2020">
    <p class='ocr_par' dir='ltr' id='par_1_33' title="bbox 1961 1940 3537 2020">
     <span class='ocr_line' id='line_1_33' title="bbox 1961 1940 3537 2020; baseline 0.013 -30"><span class='ocrx_word' id='word_1_264' title='bbox 1961 1950 2084 1991; x_wconf 83' lang='lat' dir='ltr'><strong>cum</strong></span> <span class='ocrx_word' id='word_1_265' title='bbox 2111 1954 2176 1993; x_wconf 89' lang='lat' dir='ltr'><strong>eo</strong></span> <span class='ocrx_word' id='word_1_266' title='bbox 2222 1940 2385 1995; x_wconf 91' lang='lat' dir='ltr'><strong>simul</strong></span> <span class='ocrx_word' id='word_1_267' title='bbox 2419 1943 2603 1998; x_wconf 83' lang='lat' dir='ltr'><strong>omnia</strong></span> <span class='ocrx_word' id='word_1_268' title='bbox 2650 1946 2893 2000; x_wconf 89' lang='lat' dir='ltr'><strong>membra</strong></span> <span class='ocrx_word' id='word_1_269' title='bbox 2940 1950 3308 2018; x_wconf 62' lang='lat' dir='ltr'><strong>patiuntur“.</strong></span> <span class='ocrx_word' id='word_1_270' title='bbox 3349 1972 3366 2003; x_wconf 75' lang='grc' dir='ltr'><strong>ι</strong></span> <span class='ocrx_word' id='word_1_271' title='bbox 3405 1954 3537 2020; x_wconf 68' lang='lat' dir='ltr'><strong>Quae</strong></span> 
     </span>
    </p>
   </div>
   <div class='ocr_carea' id='block_1_34' title="bbox 251 2030 1856 2114">
    <p class='ocr_par' dir='ltr' id='par_1_34' title="bbox 251 2030 1856 2114">
     <span class='ocr_line' id='line_1_34' title="bbox 251 2030 1856 2114; baseline 0.009 -33"><span class='ocrx_word' id='word_1_272' title='bbox 251 2030 495 2102; x_wconf 81' lang='grc' dir='ltr'>γελικῆς</span> <span class='ocrx_word' id='word_1_273' title='bbox 548 2031 900 2097; x_wconf 80' lang='grc' dir='ltr'>διδασκαλίας</span> <span class='ocrx_word' id='word_1_274' title='bbox 950 2035 1042 2089; x_wconf 80' lang='grc' dir='ltr'>τὸν</span> <span class='ocrx_word' id='word_1_275' title='bbox 1098 2037 1259 2108; x_wconf 88' lang='grc' dir='ltr'>νόμον</span> <span class='ocrx_word' id='word_1_276' title='bbox 1312 2039 1612 2107; x_wconf 89' lang='grc' dir='ltr'>ἐπιτείνων,</span> <span class='ocrx_word' id='word_1_277' title='bbox 1677 2043 1856 2114; x_wconf 72' lang='grc' dir='ltr'>φησίν·</span> 
     </span>
    </p>
   </div>
   <div class='ocr_carea' id='block_1_35' title="bbox 259 2123 1859 2204">
    <p class='ocr_par' dir='ltr' id='par_1_35' title="bbox 259 2123 1859 2204">
     <span class='ocr_line' id='line_1_35' title="bbox 259 2123 1859 2204; baseline 0.009 -29"><span class='ocrx_word' id='word_1_278' title='bbox 259 2141 283 2174; x_wconf 76' lang='grc' dir='ltr'><strong>ι</strong></span> <span class='ocrx_word' id='word_1_279' title='bbox 356 2123 595 2197; x_wconf 75' lang='grc' dir='ltr'>Ἐρρέθη</span> <span class='ocrx_word' id='word_1_280' title='bbox 629 2128 746 2188; x_wconf 82' lang='grc' dir='ltr'>τοῖς</span> <span class='ocrx_word' id='word_1_281' title='bbox 800 2127 1074 2199; x_wconf 83' lang='grc' dir='ltr'>ἀρχαίοις·</span> <span class='ocrx_word' id='word_1_282' title='bbox 1119 2131 1192 2184; x_wconf 84' lang='grc' dir='ltr'><strong>Οὐ</strong></span> <span class='ocrx_word' id='word_1_283' title='bbox 1254 2133 1580 2202; x_wconf 83' lang='grc' dir='ltr'>μοιχεύσεις·</span> <span class='ocrx_word' id='word_1_284' title='bbox 1643 2134 1755 2204; x_wconf 85' lang='grc' dir='ltr'><strong>ἐγὼ</strong></span> <span class='ocrx_word' id='word_1_285' title='bbox 1802 2136 1859 2190; x_wconf 83' lang='grc' dir='ltr'><strong>δὲ</strong></span> 
     </span>
    </p>
   </div>
   <div class='ocr_carea' id='block_1_36' title="bbox 251 2215 1857 2296">
    <p class='ocr_par' dir='ltr' id='par_1_36' title="bbox 251 2215 1857 2296">
     <span class='ocr_line' id='line_1_36' title="bbox 251 2215 1857 2296; baseline 0.009 -27"><span class='ocrx_word' id='word_1_286' title='bbox 251 2215 410 2284; x_wconf 77' lang='grc' dir='ltr'>λέγω</span> <span class='ocrx_word' id='word_1_287' title='bbox 437 2218 592 2286; x_wconf 81' lang='grc' dir='ltr'>ὑμῖν,</span> <span class='ocrx_word' id='word_1_288' title='bbox 620 2218 754 2290; x_wconf 86' lang='grc' dir='ltr'>μηδὲ</span> <span class='ocrx_word' id='word_1_289' title='bbox 774 2219 1058 2292; x_wconf 87' lang='grc' dir='ltr'>τὴνάρχὴν</span> <span class='ocrx_word' id='word_1_290' title='bbox 1083 2222 1389 2294; x_wconf 79' lang='grc' dir='ltr'>ἐπιθυμεῖν·</span> <span class='ocrx_word' id='word_1_291' title='bbox 1419 2244 1438 2276; x_wconf 70' lang='grc' dir='ltr'><strong>ι</strong></span> <span class='ocrx_word' id='word_1_292' title='bbox 1461 2226 1729 2296; x_wconf 74' lang='grc' dir='ltr'>σκέψασθε</span> <span class='ocrx_word' id='word_1_293' title='bbox 1757 2246 1857 2282; x_wconf 91' lang='grc' dir='ltr'>κα-</span> 
     </span>
    </p>
   </div>
   <div class='ocr_carea' id='block_1_37' title="bbox 250 2307 1856 2393">
    <p class='ocr_par' dir='ltr' id='par_1_37' title="bbox 250 2307 1856 2393">
     <span class='ocr_line' id='line_1_37' title="bbox 250 2307 1856 2393; baseline 0.011 -33"><span class='ocrx_word' id='word_1_294' title='bbox 250 2307 372 2373; x_wconf 78' lang='grc' dir='ltr'>λῶς</span> <span class='ocrx_word' id='word_1_295' title='bbox 411 2309 506 2362; x_wconf 79' lang='grc' dir='ltr'><strong>τὸν</strong></span> <span class='ocrx_word' id='word_1_296' title='bbox 556 2313 689 2382; x_wconf 74' lang='grc' dir='ltr'>περὶ</span> <span class='ocrx_word' id='word_1_297' title='bbox 730 2308 792 2365; x_wconf 74' lang='grc' dir='ltr'><strong>οὗ</strong></span> <span class='ocrx_word' id='word_1_298' title='bbox 832 2312 927 2366; x_wconf 90' lang='grc' dir='ltr'><strong>νῦν</strong></span> <span class='ocrx_word' id='word_1_299' title='bbox 972 2316 1001 2368; x_wconf 89' lang='grc' dir='ltr'><strong>ό</strong></span> <span class='ocrx_word' id='word_1_300' title='bbox 1031 2315 1206 2385; x_wconf 87' lang='grc' dir='ltr'>λόγος,</span> <span class='ocrx_word' id='word_1_301' title='bbox 1237 2317 1316 2381; x_wconf 80' lang='grc' dir='ltr'>ὃς,</span> <span class='ocrx_word' id='word_1_302' title='bbox 1351 2319 1494 2373; x_wconf 88' lang='grc' dir='ltr'><strong>κατά</strong></span> <span class='ocrx_word' id='word_1_303' title='bbox 1523 2321 1586 2374; x_wconf 80' lang='grc' dir='ltr'>τὸ</span> <span class='ocrx_word' id='word_1_304' title='bbox 1621 2322 1856 2393; x_wconf 82' lang='grc' dir='ltr'>Χριστοῦ</span> 
     </span>
    </p>
   </div>
   <div class='ocr_carea' id='block_1_38' title="bbox 253 2399 1856 2479">
    <p class='ocr_par' dir='ltr' id='par_1_38' title="bbox 253 2399 1856 2479">
     <span class='ocr_line' id='line_1_38' title="bbox 253 2399 1856 2479; baseline 0.007 -27"><span class='ocrx_word' id='word_1_305' title='bbox 253 2399 414 2469; x_wconf 71' lang='grc' dir='ltr'>βιοὺς</span> <span class='ocrx_word' id='word_1_306' title='bbox 435 2401 790 2470; x_wconf 77' lang='grc' dir='ltr'>εὐαγγέλιον,</span> <span class='ocrx_word' id='word_1_307' title='bbox 821 2405 915 2457; x_wconf 61' lang='grc' dir='ltr'><strong>καὶ⁸</strong></span> <span class='ocrx_word' id='word_1_308' title='bbox 941 2403 1002 2458; x_wconf 83' lang='grc' dir='ltr'><strong>τὸ</strong></span> <span class='ocrx_word' id='word_1_309' title='bbox 1034 2407 1150 2477; x_wconf 68' lang='grc' dir='ltr'>μετ’</span> <span class='ocrx_word' id='word_1_310' title='bbox 1182 2407 1472 2479; x_wconf 80' lang='grc' dir='ltr'>ἐπιθυμίας</span> <span class='ocrx_word' id='word_1_311' title='bbox 1503 2409 1856 2465; x_wconf 85' lang='grc' dir='ltr'>ἀκολαστότε-</span> 
     </span>
    </p>
   </div>
   <div class='ocr_carea' id='block_1_39' title="bbox 257 2493 1850 2574">
    <p class='ocr_par' dir='ltr' id='par_1_39' title="bbox 257 2493 1850 2574">
     <span class='ocr_line' id='line_1_39' title="bbox 257 2493 1850 2574; baseline 0.008 -28"><span class='ocrx_word' id='word_1_312' title='bbox 257 2511 353 2565; x_wconf 86' lang='grc' dir='ltr'><strong>ρον</strong></span> <span class='ocrx_word' id='word_1_313' title='bbox 384 2493 688 2566; x_wconf 78' lang='grc' dir='ltr'>ἐμσλέπειν</span> <span class='ocrx_word' id='word_1_314' title='bbox 721 2497 1184 2568; x_wconf 77' lang='grc' dir='ltr'>παρεφυλάττετο,</span> <span class='ocrx_word' id='word_1_315' title='bbox 1209 2501 1292 2570; x_wconf 67' lang='grc' dir='ltr'><strong>ἐφ’</strong></span> <span class='ocrx_word' id='word_1_316' title='bbox 1317 2495 1360 2569; x_wconf 81' lang='grc' dir='ltr'>ᾧ</span> <span class='ocrx_word' id='word_1_317' title='bbox 1388 2504 1480 2556; x_wconf 63' lang='grc' dir='ltr'><strong>κα)⁸</strong></span> <span class='ocrx_word' id='word_1_318' title='bbox 1509 2503 1850 2574; x_wconf 86' lang='grc' dir='ltr'>ἐσεμνύνετο,</span> 
     </span>
    </p>
   </div>
   <div class='ocr_carea' id='block_1_40' title="bbox 253 2587 1854 2670">
    <p class='ocr_par' dir='ltr' id='par_1_40' title="bbox 253 2587 1854 2670">
     <span class='ocr_line' id='line_1_40' title="bbox 253 2587 1854 2670; baseline 0.006 -29"><span class='ocrx_word' id='word_1_319' title='bbox 253 2587 450 2657; x_wconf 85' lang='grc' dir='ltr'>λέγων·</span> <span class='ocrx_word' id='word_1_320' title='bbox 485 2609 505 2642; x_wconf 75' lang='grc' dir='ltr'><strong>ι</strong></span> <span class='ocrx_word' id='word_1_321' title='bbox 538 2591 604 2644; x_wconf 71' lang='lat' dir='ltr'><strong>Et</strong></span> <span class='ocrx_word' id='word_1_322' title='bbox 624 2591 681 2644; x_wconf 86' lang='grc' dir='ltr'>δὲ</span> <span class='ocrx_word' id='word_1_323' title='bbox 702 2591 796 2645; x_wconf 83' lang='grc' dir='ltr'>καὶ</span> <span class='ocrx_word' id='word_1_324' title='bbox 819 2591 899 2662; x_wconf 81' lang='grc' dir='ltr'><strong>τῷ</strong></span> <span class='ocrx_word' id='word_1_325' title='bbox 918 2592 1180 2665; x_wconf 74' lang='grc' dir='ltr'>ὀφθαλμῷ</span> <span class='ocrx_word' id='word_1_326' title='bbox 1208 2595 1641 2668; x_wconf 71' lang='grc' dir='ltr'>ἐπηκολούθησεν</span> <span class='ocrx_word' id='word_1_327' title='bbox 1665 2599 1697 2669; x_wconf 84' lang='grc' dir='ltr'><strong>ἡ</strong></span> <span class='ocrx_word' id='word_1_328' title='bbox 1719 2615 1854 2670; x_wconf 90' lang='grc' dir='ltr'>καρ-</span> 
     </span>
    </p>
   </div>
   <div class='ocr_carea' id='block_1_41' title="bbox 252 2682 1851 2760">
    <p class='ocr_par' dir='ltr' id='par_1_41' title="bbox 252 2682 1851 2760">
     <span class='ocr_line' id='line_1_41' title="bbox 252 2682 1851 2760; baseline 0.005 -25"><span class='ocrx_word' id='word_1_329' title='bbox 252 2682 345 2736; x_wconf 83' lang='grc' dir='ltr'><strong>δία</strong></span> <span class='ocrx_word' id='word_1_330' title='bbox 384 2701 488 2752; x_wconf 88' lang='grc' dir='ltr'><strong>μου</strong></span> <span class='ocrx_word' id='word_1_331' title='bbox 532 2684 756 2752; x_wconf 79' lang='grc' dir='ltr'>γυναικὶ</span> <span class='ocrx_word' id='word_1_332' title='bbox 803 2684 996 2756; x_wconf 83' lang='grc' dir='ltr'>ἀνδρὸς</span> <span class='ocrx_word' id='word_1_333' title='bbox 1035 2685 1246 2756; x_wconf 86' lang='grc' dir='ltr'>ἐτέρου·</span> <span class='ocrx_word' id='word_1_334' title='bbox 1292 2706 1310 2738; x_wconf 73' lang='grc' dir='ltr'><strong>ι</strong></span> <span class='ocrx_word' id='word_1_335' title='bbox 1354 2688 1566 2742; x_wconf 79' lang='grc' dir='ltr'>καὶτὸν</span> <span class='ocrx_word' id='word_1_336' title='bbox 1596 2689 1851 2760; x_wconf 78' lang='grc' dir='ltr'>λογισμὸν</span> 
     </span>
    </p>
   </div>
   <div class='ocr_carea' id='block_1_42' title="bbox 253 2769 1850 2849">
    <p class='ocr_par' dir='ltr' id='par_1_42' title="bbox 253 2769 1850 2849">
     <span class='ocr_line' id='line_1_42' title="bbox 253 2769 1850 2849; baseline 0.008 -27"><span class='ocrx_word' id='word_1_337' title='bbox 253 2769 587 2824; x_wconf 77' lang='grc' dir='ltr'>ἀποδίδωσιν</span> <span class='ocrx_word' id='word_1_338' title='bbox 618 2770 747 2840; x_wconf 78' lang='grc' dir='ltr'>ἐξῆς</span> <span class='ocrx_word' id='word_1_339' title='bbox 777 2771 1016 2841; x_wconf 77' lang='grc' dir='ltr'>ἐπάγων·</span> <span class='ocrx_word' id='word_1_340' title='bbox 1063 2792 1082 2824; x_wconf 75' lang='grc' dir='ltr'><strong>ι</strong></span> <span class='ocrx_word' id='word_1_341' title='bbox 1119 2773 1302 2844; x_wconf 81' lang='grc' dir='ltr'>Θυμδς</span> <span class='ocrx_word' id='word_1_342' title='bbox 1347 2776 1456 2848; x_wconf 85' lang='grc' dir='ltr'><strong>γάρ</strong></span> <span class='ocrx_word' id='word_1_343' title='bbox 1493 2777 1685 2849; x_wconf 77' lang='grc' dir='ltr'>ἀνδρὸς</span> <span class='ocrx_word' id='word_1_344' title='bbox 1713 2780 1850 2834; x_wconf 87' lang='grc' dir='ltr'>ἀκα-</span> 
     </span>
    </p>
   </div>
   <div class='ocr_carea' id='block_1_43' title="bbox 252 2860 1850 2942">
    <p class='ocr_par' dir='ltr' id='par_1_43' title="bbox 252 2860 1850 2942">
     <span class='ocr_line' id='line_1_43' title="bbox 252 2860 1850 2942; baseline 0.009 -30"><span class='ocrx_word' id='word_1_345' title='bbox 252 2860 522 2931; x_wconf 76' lang='grc' dir='ltr'>τάσχετος</span> <span class='ocrx_word' id='word_1_346' title='bbox 564 2863 628 2916; x_wconf 78' lang='grc' dir='ltr'>τὸ</span> <span class='ocrx_word' id='word_1_347' title='bbox 687 2865 874 2934; x_wconf 80' lang='grc' dir='ltr'>μιᾶναι</span> <span class='ocrx_word' id='word_1_348' title='bbox 925 2866 1116 2937; x_wconf 84' lang='grc' dir='ltr'>ἀνδρὸς</span> <span class='ocrx_word' id='word_1_349' title='bbox 1161 2871 1415 2936; x_wconf 87' lang='grc' dir='ltr'>γυναῖκα·</span> <span class='ocrx_word' id='word_1_350' title='bbox 1452 2869 1563 2941; x_wconf 90' lang='grc' dir='ltr'><strong>πῦρ</strong></span> <span class='ocrx_word' id='word_1_351' title='bbox 1595 2871 1704 2942; x_wconf 88' lang='grc' dir='ltr'><strong>γάρ</strong></span> <span class='ocrx_word' id='word_1_352' title='bbox 1735 2873 1850 2926; x_wconf 86' lang='grc' dir='ltr'>ἐστι</span> 
     </span>
    </p>
   </div>
   <div class='ocr_carea' id='block_1_44' title="bbox 253 2954 1846 3038">
    <p class='ocr_par' dir='ltr' id='par_1_44' title="bbox 253 2954 1846 3038">
     <span class='ocr_line' id='line_1_44' title="bbox 253 2954 1846 3038; baseline 0.005 -30"><span class='ocrx_word' id='word_1_353' title='bbox 253 2958 548 3026; x_wconf 79' lang='grc' dir='ltr'>καιόμενον</span> <span class='ocrx_word' id='word_1_354' title='bbox 581 2957 674 3009; x_wconf 72' lang='grc' dir='ltr'><strong>ἐπὶ</strong></span> <span class='ocrx_word' id='word_1_355' title='bbox 708 2958 924 3012; x_wconf 83' lang='grc' dir='ltr'>πάντων</span> <span class='ocrx_word' id='word_1_356' title='bbox 962 2958 1070 3011; x_wconf 84' lang='grc' dir='ltr'><strong>τῶν</strong></span> <span class='ocrx_word' id='word_1_357' title='bbox 1115 2959 1315 3031; x_wconf 85' lang='grc' dir='ltr'>μερῶν·</span> <span class='ocrx_word' id='word_1_358' title='bbox 1347 2954 1406 3014; x_wconf 82' lang='grc' dir='ltr'><strong>οῦ</strong></span> <span class='ocrx_word' id='word_1_359' title='bbox 1435 2963 1480 3015; x_wconf 81' lang='grc' dir='ltr'>δ’</span> <span class='ocrx_word' id='word_1_360' title='bbox 1507 2961 1573 3016; x_wconf 83' lang='grc' dir='ltr'>ἂν</span> <span class='ocrx_word' id='word_1_361' title='bbox 1611 2964 1846 3038; x_wconf 80' lang='grc' dir='ltr'>εἰσέλθῃ,</span> 
     </span>
    </p>
   </div>
   <div class='ocr_carea' id='block_1_45' title="bbox 252 3049 1848 3128">
    <p class='ocr_par' dir='ltr' id='par_1_45' title="bbox 252 3049 1848 3128">
     <span class='ocr_line' id='line_1_45' title="bbox 252 3049 1848 3128; baseline 0.006 -24"><span class='ocrx_word' id='word_1_362' title='bbox 252 3051 319 3104; x_wconf 84' lang='grc' dir='ltr'><strong>ἐκ</strong></span> <span class='ocrx_word' id='word_1_363' title='bbox 351 3051 519 3122; x_wconf 71' lang='grc' dir='ltr'>ῥιζῶν</span> <span class='ocrx_word' id='word_1_364' title='bbox 547 3049 851 3105; x_wconf 80' lang='grc' dir='ltr'>ἀπώλεσεν.</span> <span class='ocrx_word' id='word_1_365' title='bbox 890 3069 908 3102; x_wconf 75' lang='grc' dir='ltr'><strong>ι</strong></span> <span class='ocrx_word' id='word_1_366' title='bbox 955 3051 1111 3106; x_wconf 87' lang='grc' dir='ltr'>Ἀλλά</span> <span class='ocrx_word' id='word_1_367' title='bbox 1143 3053 1238 3105; x_wconf 75' lang='grc' dir='ltr'>καὶ</span> <span class='ocrx_word' id='word_1_368' title='bbox 1266 3054 1328 3107; x_wconf 81' lang='grc' dir='ltr'>τὸ</span> <span class='ocrx_word' id='word_1_369' title='bbox 1357 3054 1450 3108; x_wconf 85' lang='grc' dir='ltr'><strong>τοῦ</strong></span> <span class='ocrx_word' id='word_1_370' title='bbox 1480 3056 1682 3128; x_wconf 87' lang='grc' dir='ltr'>τρόπου</span> <span class='ocrx_word' id='word_1_371' title='bbox 1713 3059 1848 3112; x_wconf 88' lang='grc' dir='ltr'>ἀδω-</span> 
     </span>
    </p>
   </div>
   <div class='ocr_carea' id='block_1_46' title="bbox 261 3135 1845 3222">
    <p class='ocr_par' dir='ltr' id='par_1_46' title="bbox 261 3135 1845 3222">
     <span class='ocr_line' id='line_1_46' title="bbox 261 3135 1845 3222; baseline 0.006 -28"><span class='ocrx_word' id='word_1_372' title='bbox 261 3143 548 3213; x_wconf 82' lang='grc' dir='ltr'>ροδόκητον</span> <span class='ocrx_word' id='word_1_373' title='bbox 581 3143 908 3215; x_wconf 83' lang='grc' dir='ltr'>παρίστησιν</span> <span class='ocrx_word' id='word_1_374' title='bbox 935 3135 1056 3198; x_wconf 86' lang='grc' dir='ltr'>ὦδε·</span> <span class='ocrx_word' id='word_1_375' title='bbox 1091 3163 1109 3195; x_wconf 78' lang='grc' dir='ltr'><strong>ι</strong></span> <span class='ocrx_word' id='word_1_376' title='bbox 1139 3146 1271 3199; x_wconf 80' lang='grc' dir='ltr'>Είδέ</span> <span class='ocrx_word' id='word_1_377' title='bbox 1299 3147 1390 3200; x_wconf 76' lang='grc' dir='ltr'><strong>καὶ</strong></span> <span class='ocrx_word' id='word_1_378' title='bbox 1409 3150 1528 3212; x_wconf 76' lang='grc' dir='ltr'>ταῖς</span> <span class='ocrx_word' id='word_1_379' title='bbox 1556 3149 1710 3220; x_wconf 85' lang='grc' dir='ltr'>χερσί</span> <span class='ocrx_word' id='word_1_380' title='bbox 1744 3169 1845 3222; x_wconf 91' lang='grc' dir='ltr'><strong>μου</strong></span> 
     </span>
    </p>
   </div>
   <div class='ocr_carea' id='block_1_47' title="bbox 259 3234 1841 3311">
    <p class='ocr_par' dir='ltr' id='par_1_47' title="bbox 259 3234 1841 3311">
     <span class='ocr_line' id='line_1_47' title="bbox 259 3234 1841 3311; baseline 0.003 -22"><span class='ocrx_word' id='word_1_381' title='bbox 259 3235 484 3306; x_wconf 56' lang='grc' dir='ltr'>ἡψάμην</span> <span class='ocrx_word' id='word_1_382' title='bbox 531 3234 744 3307; x_wconf 85' lang='grc' dir='ltr'>δώρων,</span> <span class='ocrx_word' id='word_1_383' title='bbox 800 3236 1085 3308; x_wconf 83' lang='grc' dir='ltr'>σπείραιμι</span> <span class='ocrx_word' id='word_1_384' title='bbox 1123 3236 1249 3309; x_wconf 72' lang='grc' dir='ltr'>ἄρα,</span> <span class='ocrx_word' id='word_1_385' title='bbox 1287 3239 1380 3292; x_wconf 77' lang='grc' dir='ltr'><strong>καὶ</strong></span> <span class='ocrx_word' id='word_1_386' title='bbox 1411 3239 1560 3293; x_wconf 80' lang='grc' dir='ltr'>ἄλλοι</span> <span class='ocrx_word' id='word_1_387' title='bbox 1601 3240 1841 3311; x_wconf 83' lang='grc' dir='ltr'>φάγοιεν·</span> 
     </span>
    </p>
   </div>
   <div class='ocr_carea' id='block_1_48' title="bbox 257 3328 1846 3399">
    <p class='ocr_par' dir='ltr' id='par_1_48' title="bbox 257 3328 1846 3399">
     <span class='ocr_line' id='line_1_48' title="bbox 257 3328 1846 3399; baseline 0.004 -20"><span class='ocrx_word' id='word_1_388' title='bbox 257 3328 480 3398; x_wconf 74' lang='grc' dir='ltr'>άρριζος</span> <span class='ocrx_word' id='word_1_389' title='bbox 507 3328 566 3380; x_wconf 83' lang='grc' dir='ltr'><strong>δέ</strong></span> <span class='ocrx_word' id='word_1_390' title='bbox 596 3328 852 3399; x_wconf 83' lang='grc' dir='ltr'>γενοίμην</span> <span class='ocrx_word' id='word_1_391' title='bbox 883 3328 976 3381; x_wconf 77' lang='grc' dir='ltr'>ἐπὶ</span> <span class='ocrx_word' id='word_1_392' title='bbox 996 3329 1117 3399; x_wconf 83' lang='grc' dir='ltr'>γῆς.</span> <span class='ocrx_word' id='word_1_393' title='bbox 1151 3350 1169 3382; x_wconf 84' lang='grc'>›</span> <span class='ocrx_word' id='word_1_394' title='bbox 1213 3330 1397 3394; x_wconf 81' lang='grc' dir='ltr'>Ὅπως</span> <span class='ocrx_word' id='word_1_395' title='bbox 1418 3331 1473 3384; x_wconf 80' lang='grc' dir='ltr'><strong>δὲ</strong></span> <span class='ocrx_word' id='word_1_396' title='bbox 1511 3333 1602 3386; x_wconf 77' lang='grc' dir='ltr'><strong>καὶ</strong></span> <span class='ocrx_word' id='word_1_397' title='bbox 1634 3337 1746 3396; x_wconf 87' lang='grc' dir='ltr'>τοῖς</span> <span class='ocrx_word' id='word_1_398' title='bbox 1768 3335 1846 3386; x_wconf 83' lang='lat' dir='ltr'><strong>ol-</strong></span> 
     </span>
    </p>
   </div>
   <div class='ocr_carea' id='block_1_49' title="bbox 257 3417 1844 3492">
    <p class='ocr_par' dir='ltr' id='par_1_49' title="bbox 257 3417 1844 3492">
     <span class='ocr_line' id='line_1_49' title="bbox 257 3417 1844 3492; baseline 0.005 -21"><span class='ocrx_word' id='word_1_399' title='bbox 257 3419 422 3482; x_wconf 84' lang='grc' dir='ltr'>κείοις</span> <span class='ocrx_word' id='word_1_400' title='bbox 456 3420 849 3490; x_wconf 77' lang='grc' dir='ltr'>προσεφέρετο,</span> <span class='ocrx_word' id='word_1_401' title='bbox 897 3420 1086 3491; x_wconf 84' lang='grc' dir='ltr'>μαθεῖν</span> <span class='ocrx_word' id='word_1_402' title='bbox 1119 3421 1287 3487; x_wconf 74' lang='grc' dir='ltr'>ἐστιν,</span> <span class='ocrx_word' id='word_1_403' title='bbox 1331 3423 1425 3492; x_wconf 73' lang='grc' dir='ltr'><strong>ἀφ’</strong></span> <span class='ocrx_word' id='word_1_404' title='bbox 1465 3417 1540 3479; x_wconf 82' lang='grc' dir='ltr'>ὧν</span> <span class='ocrx_word' id='word_1_405' title='bbox 1583 3424 1844 3490; x_wconf 81' lang='grc' dir='ltr'>διδάσκει,</span> 
     </span>
    </p>
   </div>
   <div class='ocr_carea' id='block_1_50' title="bbox 257 3511 1845 3588">
    <p class='ocr_par' dir='ltr' id='par_1_50' title="bbox 257 3511 1845 3588">
     <span class='ocr_line' id='line_1_50' title="bbox 257 3511 1845 3588; baseline 0.003 -23"><span class='ocrx_word' id='word_1_406' title='bbox 257 3513 502 3580; x_wconf 79' lang='grc' dir='ltr'>φάσκων·</span> <span class='ocrx_word' id='word_1_407' title='bbox 542 3531 561 3563; x_wconf 78' lang='grc' dir='ltr'><strong>ι</strong></span> <span class='ocrx_word' id='word_1_408' title='bbox 606 3513 668 3564; x_wconf 80' lang='grc' dir='ltr'><strong>Εἰ</strong></span> <span class='ocrx_word' id='word_1_409' title='bbox 690 3511 746 3564; x_wconf 78' lang='grc' dir='ltr'>δὲ</span> <span class='ocrx_word' id='word_1_410' title='bbox 781 3513 874 3566; x_wconf 77' lang='grc' dir='ltr'>καὶ</span> <span class='ocrx_word' id='word_1_411' title='bbox 898 3513 1163 3582; x_wconf 82' lang='grc' dir='ltr'>ἐφαύλισα</span> <span class='ocrx_word' id='word_1_412' title='bbox 1184 3514 1358 3586; x_wconf 85' lang='grc' dir='ltr'>κρίμα</span> <span class='ocrx_word' id='word_1_413' title='bbox 1388 3515 1720 3586; x_wconf 77' lang='grc' dir='ltr'>θεράποντάς</span> <span class='ocrx_word' id='word_1_414' title='bbox 1743 3534 1845 3588; x_wconf 86' lang='grc' dir='ltr'><strong>μου</strong></span> 
     </span>
    </p>
   </div>
   <div class='ocr_carea' id='block_1_51' title="bbox 255 3601 1847 3676">
    <p class='ocr_par' dir='ltr' id='par_1_51' title="bbox 255 3601 1847 3676">
     <span class='ocr_line' id='line_1_51' title="bbox 255 3601 1847 3676; baseline 0.005 -22"><span class='ocrx_word' id='word_1_415' title='bbox 255 3601 288 3672; x_wconf 76' lang='grc' dir='ltr'><strong>ἢ</strong></span> <span class='ocrx_word' id='word_1_416' title='bbox 311 3601 671 3675; x_wconf 81' lang='grc' dir='ltr'>θεραπαίνης,</span> <span class='ocrx_word' id='word_1_417' title='bbox 702 3603 1033 3674; x_wconf 82' lang='grc' dir='ltr'>κρινομένων</span> <span class='ocrx_word' id='word_1_418' title='bbox 1053 3604 1231 3657; x_wconf 80' lang='grc' dir='ltr'>αὐτῶν</span> <span class='ocrx_word' id='word_1_419' title='bbox 1261 3605 1396 3676; x_wconf 88' lang='grc' dir='ltr'>πρὸς</span> <span class='ocrx_word' id='word_1_420' title='bbox 1420 3606 1537 3676; x_wconf 84' lang='grc' dir='ltr'>ἐμέ·</span> <span class='ocrx_word' id='word_1_421' title='bbox 1569 3625 1588 3658; x_wconf 73' lang='grc' dir='ltr'><strong>ι</strong></span> <span class='ocrx_word' id='word_1_422' title='bbox 1616 3607 1708 3660; x_wconf 73' lang='grc' dir='ltr'><strong>καὶ</strong></span> <span class='ocrx_word' id='word_1_423' title='bbox 1743 3607 1847 3662; x_wconf 89' lang='grc' dir='ltr'>πά-</span> 
     </span>
    </p>
   </div>
   <div class='ocr_carea' id='block_1_52' title="bbox 255 3695 1843 3770">
    <p class='ocr_par' dir='ltr' id='par_1_52' title="bbox 255 3695 1843 3770">
     <span class='ocr_line' id='line_1_52' title="bbox 255 3695 1843 3770; baseline 0.005 -23"><span class='ocrx_word' id='word_1_424' title='bbox 255 3695 334 3748; x_wconf 90' lang='grc' dir='ltr'><strong>λιν</strong></span> <span class='ocrx_word' id='word_1_425' title='bbox 350 3696 442 3748; x_wconf 71' lang='grc' dir='ltr'>τὸν</span> <span class='ocrx_word' id='word_1_426' title='bbox 459 3695 723 3765; x_wconf 78' lang='grc' dir='ltr'>λογισμὸν</span> <span class='ocrx_word' id='word_1_427' title='bbox 745 3695 1057 3749; x_wconf 84' lang='grc' dir='ltr'>ἀποδίδωσι·</span> <span class='ocrx_word' id='word_1_428' title='bbox 1081 3716 1098 3748; x_wconf 84' lang='grc' dir='ltr'><strong>ι</strong></span> <span class='ocrx_word' id='word_1_429' title='bbox 1133 3697 1196 3749; x_wconf 89' lang='grc' dir='ltr'><strong>Τί</strong></span> <span class='ocrx_word' id='word_1_430' title='bbox 1215 3697 1324 3768; x_wconf 72' lang='grc' dir='ltr'>γὰρ</span> <span class='ocrx_word' id='word_1_431' title='bbox 1355 3699 1582 3770; x_wconf 84' lang='grc' dir='ltr'>ποιήσω,</span> <span class='ocrx_word' id='word_1_432' title='bbox 1607 3700 1699 3753; x_wconf 79' lang='grc' dir='ltr'><strong>ἐάν</strong></span> <span class='ocrx_word' id='word_1_433' title='bbox 1719 3700 1843 3755; x_wconf 81' lang='grc' dir='ltr'>ἕτα-</span> 
     </span>
    </p>
   </div>
   <div class='ocr_carea' id='block_1_53' title="bbox 258 3787 1844 3863">
    <p class='ocr_par' dir='ltr' id='par_1_53' title="bbox 258 3787 1844 3863">
     <span class='ocr_line' id='line_1_53' title="bbox 258 3787 1844 3863; baseline 0.003 -23"><span class='ocrx_word' id='word_1_434' title='bbox 258 3787 338 3840; x_wconf 87' lang='grc' dir='ltr'><strong>σίν</strong></span> <span class='ocrx_word' id='word_1_435' title='bbox 365 3806 469 3858; x_wconf 83' lang='grc' dir='ltr'><strong>μου</strong></span> <span class='ocrx_word' id='word_1_436' title='bbox 486 3788 705 3856; x_wconf 83' lang='grc' dir='ltr'>ποιῆται</span> <span class='ocrx_word' id='word_1_437' title='bbox 729 3788 757 3839; x_wconf 80' lang='grc' dir='ltr'><strong>ό</strong></span> <span class='ocrx_word' id='word_1_438' title='bbox 778 3788 939 3852; x_wconf 87' lang='grc' dir='ltr'>Θεός;</span> <span class='ocrx_word' id='word_1_439' title='bbox 978 3789 1202 3860; x_wconf 86' lang='grc' dir='ltr'>πότερον</span> <span class='ocrx_word' id='word_1_440' title='bbox 1231 3790 1328 3859; x_wconf 86' lang='grc' dir='ltr'><strong>οὐχ</strong></span> <span class='ocrx_word' id='word_1_441' title='bbox 1349 3790 1424 3852; x_wconf 80' lang='grc' dir='ltr'><strong>ὡς</strong></span> <span class='ocrx_word' id='word_1_442' title='bbox 1450 3789 1558 3858; x_wconf 81' lang='grc' dir='ltr'><strong>ἐγὼ</strong></span> <span class='ocrx_word' id='word_1_443' title='bbox 1579 3791 1844 3863; x_wconf 84' lang='grc' dir='ltr'>ἐγενόμην</span> 
     </span>
    </p>
   </div>
   <div class='ocr_carea' id='block_1_54' title="bbox 253 3878 1840 3955">
    <p class='ocr_par' dir='ltr' id='par_1_54' title="bbox 253 3878 1840 3955">
     <span class='ocr_line' id='line_1_54' title="bbox 253 3878 1840 3955; baseline 0.003 -22"><span class='ocrx_word' id='word_1_444' title='bbox 253 3882 309 3933; x_wconf 82' lang='grc' dir='ltr'><strong>ἐν</strong></span> <span class='ocrx_word' id='word_1_445' title='bbox 325 3881 513 3952; x_wconf 81' lang='grc' dir='ltr'>σαρκὶ,</span> <span class='ocrx_word' id='word_1_446' title='bbox 538 3878 714 3934; x_wconf 78' lang='grc' dir='ltr'>οὕτως</span> <span class='ocrx_word' id='word_1_447' title='bbox 727 3881 966 3932; x_wconf 86' lang='grc' dir='ltr'>κάκεῖνοι</span> <span class='ocrx_word' id='word_1_448' title='bbox 988 3881 1246 3949; x_wconf 86' lang='grc' dir='ltr'>γεγόνασι</span> <span class='ocrx_word' id='word_1_449' title='bbox 1262 3898 1276 3940; x_wconf 88' lang='grc'>;</span> <span class='ocrx_word' id='word_1_450' title='bbox 1300 3882 1602 3952; x_wconf 85' lang='grc' dir='ltr'>γεγόναμεν</span> <span class='ocrx_word' id='word_1_451' title='bbox 1620 3883 1677 3936; x_wconf 80' lang='grc' dir='ltr'>δὲ</span> <span class='ocrx_word' id='word_1_452' title='bbox 1699 3885 1756 3936; x_wconf 88' lang='grc' dir='ltr'><strong>ἐν</strong></span> <span class='ocrx_word' id='word_1_453' title='bbox 1775 3887 1840 3955; x_wconf 81' lang='grc' dir='ltr'><strong>τῇ</strong></span> 
     </span>
    </p>
   </div>
   <div class='ocr_carea' id='block_1_55' title="bbox 254 3969 1845 4043">
    <p class='ocr_par' dir='ltr' id='par_1_55' title="bbox 254 3969 1845 4043">
     <span class='ocr_line' id='line_1_55' title="bbox 254 3969 1845 4043; baseline 0 -17"><span class='ocrx_word' id='word_1_454' title='bbox 254 3972 388 4042; x_wconf 79' lang='grc' dir='ltr'>αὐτῇ</span> <span class='ocrx_word' id='word_1_455' title='bbox 419 3971 620 4042; x_wconf 79' lang='grc' dir='ltr'>κοιλία.</span> <span class='ocrx_word' id='word_1_456' title='bbox 659 3989 677 4022; x_wconf 75' lang='grc' dir='ltr'><strong>ι</strong></span> <span class='ocrx_word' id='word_1_457' title='bbox 712 3971 933 4034; x_wconf 87' lang='grc' dir='ltr'>Τούτοις</span> <span class='ocrx_word' id='word_1_458' title='bbox 960 3969 1219 4040; x_wconf 85' lang='grc' dir='ltr'>ἐπιλέγει·</span> <span class='ocrx_word' id='word_1_459' title='bbox 1264 3991 1282 4022; x_wconf 81' lang='grc' dir='ltr'><strong>ι</strong></span> <span class='ocrx_word' id='word_1_460' title='bbox 1318 3973 1511 4043; x_wconf 80' lang='grc' dir='ltr'>Χήρας</span> <span class='ocrx_word' id='word_1_461' title='bbox 1537 3971 1628 4026; x_wconf 85' lang='grc' dir='ltr'><strong>τὸν</strong></span> <span class='ocrx_word' id='word_1_462' title='bbox 1652 3974 1845 4043; x_wconf 78' lang='grc' dir='ltr'>ὀφθαλ-</span> 
     </span>
    </p>
   </div>
   <div class='ocr_carea' id='block_1_56' title="bbox 255 4063 1841 4136">
    <p class='ocr_par' dir='ltr' id='par_1_56' title="bbox 255 4063 1841 4136">
     <span class='ocr_line' id='line_1_56' title="bbox 255 4063 1841 4136; baseline 0.003 -21"><span class='ocrx_word' id='word_1_463' title='bbox 255 4064 350 4135; x_wconf 74' lang='grc' dir='ltr'>μὺν</span> <span class='ocrx_word' id='word_1_464' title='bbox 376 4066 481 4117; x_wconf 79' lang='grc' dir='ltr'><strong>οὐκ</strong></span> <span class='ocrx_word' id='word_1_465' title='bbox 510 4063 760 4134; x_wconf 78' lang='grc' dir='ltr'>ἐξέτηξα·</span> <span class='ocrx_word' id='word_1_466' title='bbox 810 4064 859 4115; x_wconf 88' lang='grc' dir='ltr'><strong>εί</strong></span> <span class='ocrx_word' id='word_1_467' title='bbox 909 4064 966 4116; x_wconf 86' lang='grc' dir='ltr'><strong>δέ</strong></span> <span class='ocrx_word' id='word_1_468' title='bbox 999 4064 1091 4116; x_wconf 74' lang='grc' dir='ltr'><strong>καὶ</strong></span> <span class='ocrx_word' id='word_1_469' title='bbox 1133 4065 1225 4116; x_wconf 83' lang='grc' dir='ltr'><strong>τὸν</strong></span> <span class='ocrx_word' id='word_1_470' title='bbox 1259 4063 1451 4136; x_wconf 77' lang='grc' dir='ltr'>ψωμόν</span> <span class='ocrx_word' id='word_1_471' title='bbox 1495 4082 1595 4135; x_wconf 86' lang='grc' dir='ltr'><strong>μου</strong></span> <span class='ocrx_word' id='word_1_472' title='bbox 1641 4065 1841 4136; x_wconf 72' lang='grc' dir='ltr'>ἔφαγον</span> 
     </span>
    </p>
   </div>
   <div class='ocr_carea' id='block_1_57' title="bbox 253 4155 1841 4228">
    <p class='ocr_par' dir='ltr' id='par_1_57' title="bbox 253 4155 1841 4228">
     <span class='ocr_line' id='line_1_57' title="bbox 253 4155 1841 4228; baseline 0.001 -18"><span class='ocrx_word' id='word_1_473' title='bbox 253 4156 430 4226; x_wconf 83' lang='grc' dir='ltr'>μόνος,</span> <span class='ocrx_word' id='word_1_474' title='bbox 466 4158 560 4210; x_wconf 74' lang='grc' dir='ltr'>καὶ</span> <span class='ocrx_word' id='word_1_475' title='bbox 580 4158 701 4228; x_wconf 77' lang='grc' dir='ltr'>οὐχὶ</span> <span class='ocrx_word' id='word_1_476' title='bbox 724 4155 946 4227; x_wconf 82' lang='grc' dir='ltr'>ὀρφανῷ</span> <span class='ocrx_word' id='word_1_477' title='bbox 982 4156 1259 4227; x_wconf 86' lang='grc' dir='ltr'>μετέδωκα</span> <span class='ocrx_word' id='word_1_478' title='bbox 1285 4157 1345 4224; x_wconf 81' lang='grc' dir='ltr'>ἐξ</span> <span class='ocrx_word' id='word_1_479' title='bbox 1373 4158 1558 4211; x_wconf 84' lang='grc' dir='ltr'>αὑτοῦ·</span> <span class='ocrx_word' id='word_1_480' title='bbox 1594 4161 1642 4212; x_wconf 90' lang='grc' dir='ltr'>εἰ</span> <span class='ocrx_word' id='word_1_481' title='bbox 1668 4159 1724 4212; x_wconf 82' lang='grc' dir='ltr'>δὲ</span> <span class='ocrx_word' id='word_1_482' title='bbox 1748 4160 1841 4212; x_wconf 79' lang='grc' dir='ltr'><strong>καὶ</strong></span> 
     </span>
    </p>
   </div>
   <div class='ocr_carea' id='block_1_58' title="bbox 248 4247 1840 4320">
    <p class='ocr_par' dir='ltr' id='par_1_58' title="bbox 248 4247 1840 4320">
     <span class='ocr_line' id='line_1_58' title="bbox 248 4247 1840 4320; baseline 0.001 -19"><span class='ocrx_word' id='word_1_483' title='bbox 248 4247 384 4303; x_wconf 78' lang='grc' dir='ltr'>εἶδον</span> <span class='ocrx_word' id='word_1_484' title='bbox 426 4249 638 4319; x_wconf 83' lang='grc' dir='ltr'>γυμνὸν</span> <span class='ocrx_word' id='word_1_485' title='bbox 670 4248 1058 4319; x_wconf 86' lang='grc' dir='ltr'>ἀπολλύμενον,</span> <span class='ocrx_word' id='word_1_486' title='bbox 1107 4249 1202 4303; x_wconf 76' lang='grc' dir='ltr'><strong>καὶ</strong></span> <span class='ocrx_word' id='word_1_487' title='bbox 1251 4251 1352 4303; x_wconf 75' lang='grc' dir='ltr'><strong>οὐκ</strong></span> <span class='ocrx_word' id='word_1_488' title='bbox 1379 4249 1641 4320; x_wconf 76' lang='grc' dir='ltr'>ὴμφίεσα.</span> <span class='ocrx_word' id='word_1_489' title='bbox 1679 4269 1696 4300; x_wconf 74' lang='grc' dir='ltr'><strong>ι</strong></span> <span class='ocrx_word' id='word_1_490' title='bbox 1729 4251 1840 4303; x_wconf 69' lang='grc' dir='ltr'>Καὶ</span> 
     </span>
    </p>
   </div>
   <div class='ocr_carea' id='block_1_59' title="bbox 247 4341 1837 4413">
    <p class='ocr_par' dir='ltr' id='par_1_59' title="bbox 247 4341 1837 4413">
     <span class='ocr_line' id='line_1_59' title="bbox 247 4341 1837 4413; baseline 0 -18"><span class='ocrx_word' id='word_1_491' title='bbox 247 4342 408 4395; x_wconf 61' lang='grc' dir='ltr'><strong>⁴πᾶλιν</strong></span> <span class='ocrx_word' id='word_1_492' title='bbox 442 4341 652 4406; x_wconf 73' lang='grc' dir='ltr'>ὑποϐὰς</span> <span class='ocrx_word' id='word_1_493' title='bbox 684 4341 868 4410; x_wconf 89' lang='grc' dir='ltr'>λέγει·</span> <span class='ocrx_word' id='word_1_494' title='bbox 903 4360 924 4392; x_wconf 74' lang='grc' dir='ltr'><strong>ι</strong></span> <span class='ocrx_word' id='word_1_495' title='bbox 966 4343 1029 4394; x_wconf 79' lang='grc' dir='ltr'><strong>Εἰ</strong></span> <span class='ocrx_word' id='word_1_496' title='bbox 1062 4341 1118 4394; x_wconf 89' lang='grc' dir='ltr'>δὲ</span> <span class='ocrx_word' id='word_1_497' title='bbox 1151 4342 1245 4395; x_wconf 71' lang='grc' dir='ltr'><strong>καὶ</strong></span> <span class='ocrx_word' id='word_1_498' title='bbox 1275 4341 1406 4413; x_wconf 85' lang='grc' dir='ltr'>λίθῳ</span> <span class='ocrx_word' id='word_1_499' title='bbox 1431 4342 1711 4394; x_wconf 87' lang='grc' dir='ltr'>πολυτελεῖ</span> <span class='ocrx_word' id='word_1_500' title='bbox 1739 4345 1837 4395; x_wconf 87' lang='grc' dir='ltr'>ἐπ-</span> 
     </span>
    </p>
   </div>
   <div class='ocr_carea' id='block_1_60' title="bbox 1963 2025 3534 2112">
    <p class='ocr_par' dir='ltr' id='par_1_60' title="bbox 1963 2025 3534 2112">
     <span class='ocr_line' id='line_1_60' title="bbox 1963 2025 3534 2112; baseline 0.011 -32"><span class='ocrx_word' id='word_1_501' title='bbox 1963 2025 2018 2081; x_wconf 92' lang='lat' dir='ltr'><strong>in</strong></span> <span class='ocrx_word' id='word_1_502' title='bbox 2053 2027 2356 2100; x_wconf 63' lang='lat' dir='ltr'><strong>disciplinae</strong></span> <span class='ocrx_word' id='word_1_503' title='bbox 2406 2033 2732 2104; x_wconf 71' lang='lat' dir='ltr'><strong>evangeliea:</strong></span> <span class='ocrx_word' id='word_1_504' title='bbox 2775 2035 3119 2095; x_wconf 88' lang='lat' dir='ltr'><strong>documentis</strong></span> <span class='ocrx_word' id='word_1_505' title='bbox 3165 2042 3534 2112; x_wconf 80' lang='lat' dir='ltr'><strong>continentur,</strong></span> 
     </span>
    </p>
   </div>
   <div class='ocr_carea' id='block_1_61' title="bbox 1960 2117 3534 2200">
    <p class='ocr_par' dir='ltr' id='par_1_61' title="bbox 1960 2117 3534 2200">
     <span class='ocr_line' id='line_1_61' title="bbox 1960 2117 3534 2200; baseline 0.013 -30"><span class='ocrx_word' id='word_1_506' title='bbox 1960 2117 2256 2176; x_wconf 87' lang='lat' dir='ltr'><strong>humanum</strong></span> <span class='ocrx_word' id='word_1_507' title='bbox 2308 2132 2362 2177; x_wconf 90' lang='lat' dir='ltr'><strong>et</strong></span> <span class='ocrx_word' id='word_1_508' title='bbox 2407 2125 2818 2182; x_wconf 88' lang='lat' dir='ltr'><strong>misericordem</strong></span> <span class='ocrx_word' id='word_1_509' title='bbox 2870 2145 2996 2200; x_wconf 83' lang='lat' dir='ltr'><strong>erga</strong></span> <span class='ocrx_word' id='word_1_510' title='bbox 3042 2132 3272 2188; x_wconf 89' lang='lat' dir='ltr'><strong>miseros</strong></span> <span class='ocrx_word' id='word_1_511' title='bbox 3327 2133 3383 2188; x_wconf 90' lang='lat' dir='ltr'><strong>in</strong></span> <span class='ocrx_word' id='word_1_512' title='bbox 3426 2137 3534 2190; x_wconf 87' lang='lat' dir='ltr'><strong>vita</strong></span> 
     </span>
    </p>
   </div>
   <div class='ocr_carea' id='block_1_62' title="bbox 1960 2211 3532 2298">
    <p class='ocr_par' dir='ltr' id='par_1_62' title="bbox 1960 2211 3532 2298">
     <span class='ocr_line' id='line_1_62' title="bbox 1960 2211 3532 2298; baseline 0.011 -34"><span class='ocrx_word' id='word_1_513' title='bbox 1960 2211 2202 2266; x_wconf 89' lang='lat' dir='ltr'><strong>animum</strong></span> <span class='ocrx_word' id='word_1_514' title='bbox 2239 2214 2635 2272; x_wconf 79' lang='lat' dir='ltr'><strong>demonstravit</strong></span> <span class='ocrx_word' id='word_1_515' title='bbox 2674 2219 2904 2278; x_wconf 90' lang='lat' dir='ltr'><strong>dicens:</strong></span> <span class='ocrx_word' id='word_1_516' title='bbox 2946 2242 2963 2274; x_wconf 81' lang='grc' dir='ltr'><strong>ι</strong></span> <span class='ocrx_word' id='word_1_517' title='bbox 2998 2223 3110 2296; x_wconf 84' lang='lat' dir='ltr'><strong>Ego</strong></span> <span class='ocrx_word' id='word_1_518' title='bbox 3158 2234 3338 2281; x_wconf 90' lang='lat' dir='ltr'><strong>autem</strong></span> <span class='ocrx_word' id='word_1_519' title='bbox 3371 2243 3532 2298; x_wconf 87' lang='lat' dir='ltr'><strong>super</strong></span> 
     </span>
    </p>
   </div>
   <div class='ocr_carea' id='block_1_63' title="bbox 1958 2303 3534 2382">
    <p class='ocr_par' dir='ltr' id='par_1_63' title="bbox 1958 2303 3534 2382">
     <span class='ocr_line' id='line_1_63' title="bbox 1958 2303 3534 2382; baseline 0.01 -24"><span class='ocrx_word' id='word_1_520' title='bbox 1958 2303 2108 2358; x_wconf 92' lang='lat' dir='ltr'><strong>omni</strong></span> <span class='ocrx_word' id='word_1_521' title='bbox 2145 2305 2308 2377; x_wconf 88' lang='lat' dir='ltr'><strong>inope</strong></span> <span class='ocrx_word' id='word_1_522' title='bbox 2350 2305 2494 2372; x_wconf 83' lang='lat' dir='ltr'><strong>ﬂevi,</strong></span> <span class='ocrx_word' id='word_1_523' title='bbox 2535 2317 2588 2364; x_wconf 92' lang='lat' dir='ltr'><strong>et</strong></span> <span class='ocrx_word' id='word_1_524' title='bbox 2629 2312 2902 2382; x_wconf 86' lang='lat' dir='ltr'><strong>suspiravi</strong></span> <span class='ocrx_word' id='word_1_525' title='bbox 2942 2330 3065 2369; x_wconf 90' lang='lat' dir='ltr'><strong>cum</strong></span> <span class='ocrx_word' id='word_1_526' title='bbox 3107 2318 3284 2372; x_wconf 91' lang='lat' dir='ltr'><strong>virum</strong></span> <span class='ocrx_word' id='word_1_527' title='bbox 3327 2319 3438 2374; x_wconf 87' lang='lat' dir='ltr'><strong>vidi</strong></span> <span class='ocrx_word' id='word_1_528' title='bbox 3480 2319 3534 2374; x_wconf 92' lang='lat' dir='ltr'><strong>in</strong></span> 
     </span>
    </p>
   </div>
   <div class='ocr_carea' id='block_1_64' title="bbox 1957 2397 3535 2468">
    <p class='ocr_par' dir='ltr' id='par_1_64' title="bbox 1957 2397 3535 2468">
     <span class='ocr_line' id='line_1_64' title="bbox 1957 2397 3535 2468; baseline 0.012 -20"><span class='ocrx_word' id='word_1_529' title='bbox 1957 2397 2382 2454; x_wconf 85' lang='lat' dir='ltr'><strong>necessitatibus</strong></span> <span class='ocrx_word' id='word_1_530' title='bbox 2405 2399 2470 2454; x_wconf 82' lang='lat'><strong>°°.</strong></span> <span class='ocrx_word' id='word_1_531' title='bbox 2508 2421 2526 2454; x_wconf 74' lang='grc' dir='ltr'><strong>ι</strong></span> <span class='ocrx_word' id='word_1_532' title='bbox 2565 2401 2765 2461; x_wconf 88' lang='lat' dir='ltr'><strong>Deinde</strong></span> <span class='ocrx_word' id='word_1_533' title='bbox 2795 2422 2989 2463; x_wconf 89' lang='lat' dir='ltr'><strong>rursus</strong></span> <span class='ocrx_word' id='word_1_534' title='bbox 3019 2425 3143 2464; x_wconf 90' lang='lat' dir='ltr'><strong>cum</strong></span> <span class='ocrx_word' id='word_1_535' title='bbox 3176 2411 3535 2468; x_wconf 84' lang='lat' dir='ltr'><strong>immodestos</strong></span> 
     </span>
    </p>
   </div>
   <div class='ocr_carea' id='block_1_65' title="bbox 1955 2486 3534 2570">
    <p class='ocr_par' dir='ltr' id='par_1_65' title="bbox 1955 2486 3534 2570">
     <span class='ocr_line' id='line_1_65' title="bbox 1955 2486 3534 2570; baseline 0.013 -32"><span class='ocrx_word' id='word_1_536' title='bbox 1955 2487 2102 2542; x_wconf 86' lang='lat' dir='ltr'><strong>risus</strong></span> <span class='ocrx_word' id='word_1_537' title='bbox 2159 2486 2410 2544; x_wconf 87' lang='lat' dir='ltr'><strong>doctrina</strong></span> <span class='ocrx_word' id='word_1_538' title='bbox 2465 2495 2774 2564; x_wconf 88' lang='lat' dir='ltr'><strong>evangelica</strong></span> <span class='ocrx_word' id='word_1_539' title='bbox 2812 2509 3055 2570; x_wconf 79' lang='lat' dir='ltr'><strong>respuat,</strong></span> <span class='ocrx_word' id='word_1_540' title='bbox 3090 2502 3281 2559; x_wconf 83' lang='lat' dir='ltr'><strong>beatus</strong></span> <span class='ocrx_word' id='word_1_541' title='bbox 3331 2504 3417 2559; x_wconf 90' lang='lat' dir='ltr'><strong>hic</strong></span> <span class='ocrx_word' id='word_1_542' title='bbox 3447 2505 3534 2560; x_wconf 88' lang='lat' dir='ltr'><strong>vir</strong></span> 
     </span>
    </p>
   </div>
   <div class='ocr_carea' id='block_1_66' title="bbox 1953 2585 3532 2662">
    <p class='ocr_par' dir='ltr' id='par_1_66' title="bbox 1953 2585 3532 2662">
     <span class='ocr_line' id='line_1_66' title="bbox 1953 2585 3532 2662; baseline 0.015 -31"><span class='ocrx_word' id='word_1_543' title='bbox 1953 2586 2108 2633; x_wconf 89' lang='lat' dir='ltr'><strong>tanto</strong></span> <span class='ocrx_word' id='word_1_544' title='bbox 2141 2589 2266 2636; x_wconf 88' lang='lat' dir='ltr'><strong>ante</strong></span> <span class='ocrx_word' id='word_1_545' title='bbox 2299 2585 2656 2652; x_wconf 89' lang='lat' dir='ltr'><strong>pronuntiat:</strong></span> <span class='ocrx_word' id='word_1_546' title='bbox 2691 2607 2709 2639; x_wconf 83' lang='grc' dir='ltr'><strong>ι</strong></span> <span class='ocrx_word' id='word_1_547' title='bbox 2743 2588 2800 2643; x_wconf 88' lang='lat' dir='ltr'><strong>Si</strong></span> <span class='ocrx_word' id='word_1_548' title='bbox 2833 2608 2961 2647; x_wconf 90' lang='lat' dir='ltr'><strong>vero</strong></span> <span class='ocrx_word' id='word_1_549' title='bbox 2990 2595 3413 2662; x_wconf 60' lang='lat' dir='ltr'><strong>ambulavicum</strong></span> <span class='ocrx_word' id='word_1_550' title='bbox 3436 2599 3532 2655; x_wconf 86' lang='lat' dir='ltr'><strong>de-</strong></span> 
     </span>
    </p>
   </div>
   <div class='ocr_carea' id='block_1_67' title="bbox 1954 2670 3532 2750">
    <p class='ocr_par' dir='ltr' id='par_1_67' title="bbox 1954 2670 3532 2750">
     <span class='ocr_line' id='line_1_67' title="bbox 1954 2670 3532 2750; baseline 0.011 -25"><span class='ocrx_word' id='word_1_551' title='bbox 1954 2670 2242 2735; x_wconf 84' lang='lat' dir='ltr'><strong>risoribus,</strong></span> <span class='ocrx_word' id='word_1_552' title='bbox 2274 2682 2329 2728; x_wconf 88' lang='lat' dir='ltr'><strong>et</strong></span> <span class='ocrx_word' id='word_1_553' title='bbox 2361 2675 2406 2729; x_wconf 91' lang='lat' dir='ltr'><strong>si</strong></span> <span class='ocrx_word' id='word_1_554' title='bbox 2439 2675 2711 2732; x_wconf 84' lang='lat' dir='ltr'><strong>festinavit</strong></span> <span class='ocrx_word' id='word_1_555' title='bbox 2738 2695 2832 2750; x_wconf 91' lang='lat' dir='ltr'><strong>pes</strong></span> <span class='ocrx_word' id='word_1_556' title='bbox 2874 2698 3027 2740; x_wconf 91' lang='lat' dir='ltr'><strong>meus</strong></span> <span class='ocrx_word' id='word_1_557' title='bbox 3054 2683 3120 2740; x_wconf 87' lang='lat' dir='ltr'><strong>ad</strong></span> <span class='ocrx_word' id='word_1_558' title='bbox 3154 2685 3360 2749; x_wconf 83' lang='lat' dir='ltr'><strong>dolum,</strong></span> <span class='ocrx_word' id='word_1_559' title='bbox 3397 2703 3532 2743; x_wconf 86' lang='lat' dir='ltr'><strong>con-</strong></span> 
     </span>
    </p>
   </div>
   <div class='ocr_carea' id='block_1_68' title="bbox 1953 2763 3532 2848">
    <p class='ocr_par' dir='ltr' id='par_1_68' title="bbox 1953 2763 3532 2848">
     <span class='ocr_line' id='line_1_68' title="bbox 1953 2763 3532 2848; baseline 0.011 -31"><span class='ocrx_word' id='word_1_560' title='bbox 1953 2763 2068 2818; x_wconf 84' lang='lat' dir='ltr'><strong>stiti</strong></span> <span class='ocrx_word' id='word_1_561' title='bbox 2097 2764 2151 2818; x_wconf 89' lang='lat' dir='ltr'><strong>in</strong></span> <span class='ocrx_word' id='word_1_562' title='bbox 2184 2772 2386 2821; x_wconf 85' lang='lat' dir='ltr'><strong>statera</strong></span> <span class='ocrx_word' id='word_1_563' title='bbox 2422 2767 2592 2837; x_wconf 87' lang='lat' dir='ltr'><strong>justa,</strong></span> <span class='ocrx_word' id='word_1_564' title='bbox 2624 2780 2677 2826; x_wconf 91' lang='lat' dir='ltr'><strong>et</strong></span> <span class='ocrx_word' id='word_1_565' title='bbox 2710 2775 2862 2827; x_wconf 90' lang='lat' dir='ltr'><strong>novit</strong></span> <span class='ocrx_word' id='word_1_566' title='bbox 2898 2773 3162 2834; x_wconf 88' lang='lat' dir='ltr'><strong>Dominus</strong></span> <span class='ocrx_word' id='word_1_567' title='bbox 3206 2779 3532 2848; x_wconf 72' lang='lat' dir='ltr'><strong>simplicita-</strong></span> 
     </span>
    </p>
   </div>
   <div class='ocr_carea' id='block_1_69' title="bbox 1951 2856 3534 2940">
    <p class='ocr_par' dir='ltr' id='par_1_69' title="bbox 1951 2856 3534 2940">
     <span class='ocr_line' id='line_1_69' title="bbox 1951 2856 3534 2940; baseline 0.012 -35"><span class='ocrx_word' id='word_1_568' title='bbox 1951 2859 2058 2906; x_wconf 84' lang='lat' dir='ltr'><strong>tem</strong></span> <span class='ocrx_word' id='word_1_569' title='bbox 2087 2868 2262 2908; x_wconf 87' lang='lat' dir='ltr'><strong>meam</strong></span> <span class='ocrx_word' id='word_1_570' title='bbox 2285 2856 2350 2911; x_wconf 81' lang='grc' dir='ltr'><strong>⁷ο.</strong></span> <span class='ocrx_word' id='word_1_571' title='bbox 2391 2876 2408 2909; x_wconf 74' lang='grc' dir='ltr'><strong>ι</strong></span> <span class='ocrx_word' id='word_1_572' title='bbox 2447 2857 2711 2924; x_wconf 83' lang='lat' dir='ltr'><strong>Quoniam</strong></span> <span class='ocrx_word' id='word_1_573' title='bbox 2751 2878 2879 2918; x_wconf 88' lang='lat' dir='ltr'><strong>vero</strong></span> <span class='ocrx_word' id='word_1_574' title='bbox 2911 2863 3076 2920; x_wconf 86' lang='lat' dir='ltr'><strong>Mosis</strong></span> <span class='ocrx_word' id='word_1_575' title='bbox 3100 2868 3262 2922; x_wconf 89' lang='lat' dir='ltr'><strong>verba</strong></span> <span class='ocrx_word' id='word_1_576' title='bbox 3289 2869 3378 2923; x_wconf 89' lang='lat' dir='ltr'><strong>illa</strong></span> <span class='ocrx_word' id='word_1_577' title='bbox 3400 2868 3534 2940; x_wconf 80' lang='lat' dir='ltr'><strong>legis</strong></span> 
     </span>
    </p>
   </div>
   <div class='ocr_carea' id='block_1_70' title="bbox 1952 2943 3534 3024">
    <p class='ocr_par' dir='ltr' id='par_1_70' title="bbox 1952 2943 3534 3024">
     <span class='ocr_line' id='line_1_70' title="bbox 1952 2943 3534 3024; baseline 0.012 -27"><span class='ocrx_word' id='word_1_578' title='bbox 1952 2943 2070 2999; x_wconf 93' lang='lat' dir='ltr'><strong>loco</strong></span> <span class='ocrx_word' id='word_1_579' title='bbox 2092 2958 2400 3017; x_wconf 89' lang='lat' dir='ltr'><strong>pr0ponunt</strong></span> <span class='ocrx_word' id='word_1_580' title='bbox 2425 2969 2436 3004; x_wconf 92' lang='lat'><strong>:</strong></span> <span class='ocrx_word' id='word_1_581' title='bbox 2472 2970 2490 3001; x_wconf 81' lang='grc' dir='ltr'><strong>ι</strong></span> <span class='ocrx_word' id='word_1_582' title='bbox 2525 2949 2642 3006; x_wconf 82' lang='grc' dir='ltr'>Νοιι</span> <span class='ocrx_word' id='word_1_583' title='bbox 2671 2953 2994 3012; x_wconf 84' lang='lat' dir='ltr'><strong>adulterium</strong></span> <span class='ocrx_word' id='word_1_584' title='bbox 3020 2960 3328 3016; x_wconf 87' lang='lat' dir='ltr'><strong>committes</strong></span> <span class='ocrx_word' id='word_1_585' title='bbox 3349 2960 3446 3024; x_wconf 65' lang='lat' dir='ltr'><strong>&quot;,i</strong></span> <span class='ocrx_word' id='word_1_586' title='bbox 3479 2970 3534 3016; x_wconf 89' lang='lat' dir='ltr'><strong>et</strong></span> 
     </span>
    </p>
   </div>
   <div class='ocr_carea' id='block_1_71' title="bbox 1951 3043 3530 3124">
    <p class='ocr_par' dir='ltr' id='par_1_71' title="bbox 1951 3043 3530 3124">
     <span class='ocr_line' id='line_1_71' title="bbox 1951 3043 3530 3124; baseline 0.011 -35"><span class='ocrx_word' id='word_1_587' title='bbox 1951 3043 2179 3093; x_wconf 87' lang='lat' dir='ltr'><strong>mortem</strong></span> <span class='ocrx_word' id='word_1_588' title='bbox 2217 3048 2405 3096; x_wconf 88' lang='lat' dir='ltr'><strong>contra</strong></span> <span class='ocrx_word' id='word_1_589' title='bbox 2442 3043 2720 3103; x_wconf 80' lang='lat' dir='ltr'><strong>adulteros</strong></span> <span class='ocrx_word' id='word_1_590' title='bbox 2759 3064 2976 3118; x_wconf 62' lang='lat' dir='ltr'><strong>pinnam</strong></span> <span class='ocrx_word' id='word_1_591' title='bbox 3031 3051 3405 3108; x_wconf 86' lang='lat' dir='ltr'><strong>constituunt:</strong></span> <span class='ocrx_word' id='word_1_592' title='bbox 3437 3053 3530 3124; x_wconf 90' lang='lat' dir='ltr'><strong>qui</strong></span> 
     </span>
    </p>
   </div>
   <div class='ocr_carea' id='block_1_72' title="bbox 1951 3131 3525 3212">
    <p class='ocr_par' dir='ltr' id='par_1_72' title="bbox 1951 3131 3525 3212">
     <span class='ocr_line' id='line_1_72' title="bbox 1951 3131 3525 3212; baseline 0.01 -30"><span class='ocrx_word' id='word_1_593' title='bbox 1951 3137 2129 3199; x_wconf 84' lang='lat' dir='ltr'><strong>autem</strong></span> <span class='ocrx_word' id='word_1_594' title='bbox 2162 3131 2426 3190; x_wconf 69' lang='lat' dir='ltr'><strong>doctrina:</strong></span> <span class='ocrx_word' id='word_1_595' title='bbox 2473 3140 2801 3210; x_wconf 71' lang='lat' dir='ltr'><strong>evangelium</strong></span> <span class='ocrx_word' id='word_1_596' title='bbox 2826 3141 2998 3211; x_wconf 82' lang='lat' dir='ltr'><strong>legem</strong></span> <span class='ocrx_word' id='word_1_597' title='bbox 3016 3141 3298 3212; x_wconf 84' lang='lat' dir='ltr'><strong>describit,</strong></span> <span class='ocrx_word' id='word_1_598' title='bbox 3318 3146 3391 3200; x_wconf 84' lang='lat' dir='ltr'><strong>ita</strong></span> <span class='ocrx_word' id='word_1_599' title='bbox 3414 3146 3525 3198; x_wconf 88' lang='lat' dir='ltr'><strong>ait:</strong></span> 
     </span>
    </p>
   </div>
   <div class='ocr_carea' id='block_1_73' title="bbox 1957 3217 3530 3302">
    <p class='ocr_par' dir='ltr' id='par_1_73' title="bbox 1957 3217 3530 3302">
     <span class='ocr_line' id='line_1_73' title="bbox 1957 3217 3530 3302; baseline 0.013 -33"><span class='ocrx_word' id='word_1_600' title='bbox 1957 3237 1975 3269; x_wconf 81' lang='grc' dir='ltr'><strong>ι</strong></span> <span class='ocrx_word' id='word_1_601' title='bbox 2017 3217 2225 3276; x_wconf 90' lang='lat' dir='ltr'><strong>Dictum</strong></span> <span class='ocrx_word' id='word_1_602' title='bbox 2247 3230 2329 3278; x_wconf 89' lang='lat' dir='ltr'><strong>est</strong></span> <span class='ocrx_word' id='word_1_603' title='bbox 2353 3225 2593 3296; x_wconf 88' lang='lat' dir='ltr'><strong>antiquis</strong></span> <span class='ocrx_word' id='word_1_604' title='bbox 2623 3246 2635 3282; x_wconf 90' lang='lat'><strong>:</strong></span> <span class='ocrx_word' id='word_1_605' title='bbox 2673 3226 2792 3282; x_wconf 87' lang='lat' dir='ltr'><strong>Non</strong></span> <span class='ocrx_word' id='word_1_606' title='bbox 2833 3230 3234 3298; x_wconf 73' lang='lat' dir='ltr'><strong>mmchaberis;</strong></span> <span class='ocrx_word' id='word_1_607' title='bbox 3270 3249 3370 3302; x_wconf 74' lang='lat' dir='ltr'><strong>ego</strong></span> <span class='ocrx_word' id='word_1_608' title='bbox 3401 3250 3530 3289; x_wconf 90' lang='lat' dir='ltr'><strong>vero</strong></span> 
     </span>
    </p>
   </div>
   <div class='ocr_carea' id='block_1_74' title="bbox 1956 3309 3530 3397">
    <p class='ocr_par' dir='ltr' id='par_1_74' title="bbox 1956 3309 3530 3397">
     <span class='ocr_line' id='line_1_74' title="bbox 1956 3309 3530 3397; baseline 0.012 -34"><span class='ocrx_word' id='word_1_609' title='bbox 1956 3309 2079 3376; x_wconf 84' lang='lat' dir='ltr'><strong>dico</strong></span> <span class='ocrx_word' id='word_1_610' title='bbox 2109 3314 2285 3377; x_wconf 87' lang='lat' dir='ltr'><strong>vobis,</strong></span> <span class='ocrx_word' id='word_1_611' title='bbox 2330 3332 2397 3371; x_wconf 89' lang='lat' dir='ltr'><strong>ne</strong></span> <span class='ocrx_word' id='word_1_612' title='bbox 2432 3319 2500 3372; x_wconf 83' lang='lat' dir='ltr'><strong>ab</strong></span> <span class='ocrx_word' id='word_1_613' title='bbox 2547 3319 2702 3374; x_wconf 88' lang='lat' dir='ltr'><strong>initio</strong></span> <span class='ocrx_word' id='word_1_614' title='bbox 2747 3321 2967 3390; x_wconf 90' lang='lat' dir='ltr'><strong>quidem</strong></span> <span class='ocrx_word' id='word_1_615' title='bbox 3007 3327 3266 3395; x_wconf 76' lang='lat' dir='ltr'><strong>cupere“</strong></span> <span class='ocrx_word' id='word_1_616' title='bbox 3301 3343 3314 3378; x_wconf 90' lang='lat'><strong>:</strong></span> <span class='ocrx_word' id='word_1_617' title='bbox 3359 3346 3376 3379; x_wconf 76' lang='grc' dir='ltr'><strong>ι</strong></span> <span class='ocrx_word' id='word_1_618' title='bbox 3406 3343 3530 3397; x_wconf 84' lang='lat' dir='ltr'><strong>spc-</strong></span> 
     </span>
    </p>
   </div>
   <div class='ocr_carea' id='block_1_75' title="bbox 1954 3409 3528 3488">
    <p class='ocr_par' dir='ltr' id='par_1_75' title="bbox 1954 3409 3528 3488">
     <span class='ocr_line' id='line_1_75' title="bbox 1954 3409 3528 3488; baseline 0.01 -28"><span class='ocrx_word' id='word_1_619' title='bbox 1954 3415 2164 3462; x_wconf 89' lang='lat' dir='ltr'><strong>ctemus</strong></span> <span class='ocrx_word' id='word_1_620' title='bbox 2202 3409 2371 3478; x_wconf 87' lang='lat' dir='ltr'><strong>probe</strong></span> <span class='ocrx_word' id='word_1_621' title='bbox 2397 3409 2560 3476; x_wconf 88' lang='lat' dir='ltr'><strong>hunc,</strong></span> <span class='ocrx_word' id='word_1_622' title='bbox 2594 3413 2660 3466; x_wconf 88' lang='lat' dir='ltr'><strong>de</strong></span> <span class='ocrx_word' id='word_1_623' title='bbox 2693 3430 2801 3484; x_wconf 90' lang='lat' dir='ltr'><strong>quo</strong></span> <span class='ocrx_word' id='word_1_624' title='bbox 2831 3429 3011 3470; x_wconf 90' lang='lat' dir='ltr'><strong>sermo</strong></span> <span class='ocrx_word' id='word_1_625' title='bbox 3039 3425 3142 3480; x_wconf 93' lang='lat' dir='ltr'><strong>est,</strong></span> <span class='ocrx_word' id='word_1_626' title='bbox 3171 3418 3528 3488; x_wconf 62' lang='lat' dir='ltr'><strong>quemadnme</strong></span> 
     </span>
    </p>
   </div>
   <div class='ocr_carea' id='block_1_76' title="bbox 1951 3496 3528 3577">
    <p class='ocr_par' dir='ltr' id='par_1_76' title="bbox 1951 3496 3528 3577">
     <span class='ocr_line' id='line_1_76' title="bbox 1951 3496 3528 3577; baseline 0.01 -27"><span class='ocrx_word' id='word_1_627' title='bbox 1951 3496 2079 3550; x_wconf 89' lang='lat' dir='ltr'><strong>dum</strong></span> <span class='ocrx_word' id='word_1_628' title='bbox 2121 3501 2421 3555; x_wconf 92' lang='lat' dir='ltr'><strong>secundum</strong></span> <span class='ocrx_word' id='word_1_629' title='bbox 2451 3502 2658 3560; x_wconf 88' lang='lat' dir='ltr'><strong>Christi</strong></span> <span class='ocrx_word' id='word_1_630' title='bbox 2689 3505 3037 3577; x_wconf 83' lang='lat' dir='ltr'><strong>Evangelium</strong></span> <span class='ocrx_word' id='word_1_631' title='bbox 3071 3510 3279 3572; x_wconf 86' lang='lat' dir='ltr'><strong>vivens,</strong></span> <span class='ocrx_word' id='word_1_632' title='bbox 3303 3526 3372 3565; x_wconf 84' lang='lat' dir='ltr'><strong>ne</strong></span> <span class='ocrx_word' id='word_1_633' title='bbox 3404 3527 3528 3566; x_wconf 90' lang='lat' dir='ltr'><strong>cum</strong></span> 
     </span>
    </p>
   </div>
   <div class='ocr_carea' id='block_1_77' title="bbox 1951 3590 3528 3671">
    <p class='ocr_par' dir='ltr' id='par_1_77' title="bbox 1951 3590 3528 3671">
     <span class='ocr_line' id='line_1_77' title="bbox 1951 3590 3528 3671; baseline 0.01 -29"><span class='ocrx_word' id='word_1_634' title='bbox 1951 3590 2249 3660; x_wconf 87' lang='lat' dir='ltr'><strong>cupiditate</strong></span> <span class='ocrx_word' id='word_1_635' title='bbox 2297 3593 2552 3650; x_wconf 89' lang='lat' dir='ltr'><strong>licentius</strong></span> <span class='ocrx_word' id='word_1_636' title='bbox 2605 3598 2896 3666; x_wconf 86' lang='lat' dir='ltr'><strong>aspiceret,</strong></span> <span class='ocrx_word' id='word_1_637' title='bbox 2931 3601 3095 3662; x_wconf 86' lang='lat' dir='ltr'><strong>cavit.</strong></span> <span class='ocrx_word' id='word_1_638' title='bbox 3133 3601 3186 3654; x_wconf 94' lang='lat' dir='ltr'><strong>in</strong></span> <span class='ocrx_word' id='word_1_639' title='bbox 3217 3617 3326 3671; x_wconf 94' lang='lat' dir='ltr'><strong>quo</strong></span> <span class='ocrx_word' id='word_1_640' title='bbox 3362 3603 3528 3657; x_wconf 89' lang='lat' dir='ltr'><strong>etiam</strong></span> 
     </span>
    </p>
   </div>
   <div class='ocr_carea' id='block_1_78' title="bbox 1947 3679 3528 3750">
    <p class='ocr_par' dir='ltr' id='par_1_78' title="bbox 1947 3679 3528 3750">
     <span class='ocr_line' id='line_1_78' title="bbox 1947 3679 3528 3750; baseline 0.013 -20"><span class='ocrx_word' id='word_1_641' title='bbox 1947 3679 2308 3747; x_wconf 87' lang='lat' dir='ltr'><strong>gloriabatur,</strong></span> <span class='ocrx_word' id='word_1_642' title='bbox 2345 3682 2538 3740; x_wconf 89' lang='lat' dir='ltr'><strong>dicens</strong></span> <span class='ocrx_word' id='word_1_643' title='bbox 2568 3705 2580 3739; x_wconf 91' lang='lat'><strong>:</strong></span> <span class='ocrx_word' id='word_1_644' title='bbox 2613 3705 2630 3736; x_wconf 80' lang='grc' dir='ltr'><strong>ι</strong></span> <span class='ocrx_word' id='word_1_645' title='bbox 2670 3685 2726 3740; x_wconf 92' lang='lat' dir='ltr'><strong>Si</strong></span> <span class='ocrx_word' id='word_1_646' title='bbox 2749 3703 2880 3744; x_wconf 88' lang='lat' dir='ltr'><strong>vero</strong></span> <span class='ocrx_word' id='word_1_647' title='bbox 2907 3691 3127 3744; x_wconf 90' lang='lat' dir='ltr'><strong>oculum</strong></span> <span class='ocrx_word' id='word_1_648' title='bbox 3163 3701 3411 3747; x_wconf 89' lang='lat' dir='ltr'><strong>secutum</strong></span> <span class='ocrx_word' id='word_1_649' title='bbox 3443 3705 3528 3750; x_wconf 91' lang='lat' dir='ltr'><strong>est</strong></span> 
     </span>
    </p>
   </div>
   <div class='ocr_carea' id='block_1_79' title="bbox 1946 3776 3523 3843">
    <p class='ocr_par' dir='ltr' id='par_1_79' title="bbox 1946 3776 3523 3843">
     <span class='ocr_line' id='line_1_79' title="bbox 1946 3776 3523 3843; baseline 0.011 -18"><span class='ocrx_word' id='word_1_650' title='bbox 1946 3787 2044 3826; x_wconf 90' lang='lat' dir='ltr'><strong>cor</strong></span> <span class='ocrx_word' id='word_1_651' title='bbox 2072 3789 2250 3828; x_wconf 90' lang='lat' dir='ltr'><strong>meum</strong></span> <span class='ocrx_word' id='word_1_652' title='bbox 2284 3776 2339 3830; x_wconf 92' lang='lat' dir='ltr'><strong>in</strong></span> <span class='ocrx_word' id='word_1_653' title='bbox 2372 3777 2598 3834; x_wconf 89' lang='lat' dir='ltr'><strong>muliere</strong></span> <span class='ocrx_word' id='word_1_654' title='bbox 2624 3779 2850 3837; x_wconf 88' lang='lat' dir='ltr'><strong>alterius</strong></span> <span class='ocrx_word' id='word_1_655' title='bbox 2884 3783 3081 3837; x_wconf 77' lang='lat' dir='ltr'><strong>viri&quot;:</strong></span> <span class='ocrx_word' id='word_1_656' title='bbox 3121 3805 3139 3836; x_wconf 73' lang='grc' dir='ltr'><strong>ι</strong></span> <span class='ocrx_word' id='word_1_657' title='bbox 3177 3794 3231 3841; x_wconf 89' lang='lat' dir='ltr'><strong>et</strong></span> <span class='ocrx_word' id='word_1_658' title='bbox 3259 3787 3523 3843; x_wconf 69' lang='lat' dir='ltr'><strong>rationem</strong></span> 
     </span>
    </p>
   </div>
   <div class='ocr_carea' id='block_1_80' title="bbox 1948 3865 3526 3944">
    <p class='ocr_par' dir='ltr' id='par_1_80' title="bbox 1948 3865 3526 3944">
     <span class='ocr_line' id='line_1_80' title="bbox 1948 3865 3526 3944; baseline 0.011 -26"><span class='ocrx_word' id='word_1_659' title='bbox 1948 3865 2190 3936; x_wconf 84' lang='lat' dir='ltr'><strong>assignat</strong></span> <span class='ocrx_word' id='word_1_660' title='bbox 2227 3867 2484 3942; x_wconf 86' lang='lat' dir='ltr'><strong>deinceps</strong></span> <span class='ocrx_word' id='word_1_661' title='bbox 2531 3871 2834 3944; x_wconf 84' lang='lat' dir='ltr'><strong>adjungens</strong></span> <span class='ocrx_word' id='word_1_662' title='bbox 2867 3894 2878 3929; x_wconf 91' lang='lat'><strong>:</strong></span> <span class='ocrx_word' id='word_1_663' title='bbox 2918 3894 2937 3927; x_wconf 81' lang='grc' dir='ltr'><strong>ι</strong></span> <span class='ocrx_word' id='word_1_664' title='bbox 2974 3876 3204 3934; x_wconf 81' lang='lat' dir='ltr'><strong>Animus</strong></span> <span class='ocrx_word' id='word_1_665' title='bbox 3245 3881 3388 3933; x_wconf 91' lang='lat' dir='ltr'><strong>enim</strong></span> <span class='ocrx_word' id='word_1_666' title='bbox 3425 3882 3526 3936; x_wconf 87' lang='lat' dir='ltr'><strong>viri</strong></span> 
     </span>
    </p>
   </div>
   <div class='ocr_carea' id='block_1_81' title="bbox 1945 3959 3525 4042">
    <p class='ocr_par' dir='ltr' id='par_1_81' title="bbox 1945 3959 3525 4042">
     <span class='ocr_line' id='line_1_81' title="bbox 1945 3959 3525 4042; baseline 0.008 -28"><span class='ocrx_word' id='word_1_667' title='bbox 1945 3959 2247 4018; x_wconf 90' lang='lat' dir='ltr'><strong>dissolutus</strong></span> <span class='ocrx_word' id='word_1_668' title='bbox 2301 3963 2370 4018; x_wconf 92' lang='lat' dir='ltr'><strong>ad</strong></span> <span class='ocrx_word' id='word_1_669' title='bbox 2419 3966 2809 4034; x_wconf 87' lang='lat' dir='ltr'><strong>inquinandam</strong></span> <span class='ocrx_word' id='word_1_670' title='bbox 2860 3968 2964 4022; x_wconf 88' lang='lat' dir='ltr'><strong>viri</strong></span> <span class='ocrx_word' id='word_1_671' title='bbox 3014 3969 3338 4033; x_wconf 85' lang='lat' dir='ltr'><strong>mulierem.</strong></span> <span class='ocrx_word' id='word_1_672' title='bbox 3384 3973 3525 4042; x_wconf 87' lang='lat' dir='ltr'><strong>ignis</strong></span> 
     </span>
    </p>
   </div>
   <div class='ocr_carea' id='block_1_82' title="bbox 1943 4053 3525 4134">
    <p class='ocr_par' dir='ltr' id='par_1_82' title="bbox 1943 4053 3525 4134">
     <span class='ocr_line' id='line_1_82' title="bbox 1943 4053 3525 4134; baseline 0.006 -25"><span class='ocrx_word' id='word_1_673' title='bbox 1943 4053 2088 4109; x_wconf 91' lang='lat' dir='ltr'><strong>enim</strong></span> <span class='ocrx_word' id='word_1_674' title='bbox 2129 4063 2212 4110; x_wconf 88' lang='lat' dir='ltr'><strong>est</strong></span> <span class='ocrx_word' id='word_1_675' title='bbox 2243 4056 2444 4112; x_wconf 90' lang='lat' dir='ltr'><strong>ardens</strong></span> <span class='ocrx_word' id='word_1_676' title='bbox 2485 4058 2540 4112; x_wconf 93' lang='lat' dir='ltr'><strong>in</strong></span> <span class='ocrx_word' id='word_1_677' title='bbox 2590 4061 2844 4116; x_wconf 83' lang='lat' dir='ltr'><strong>omnibus</strong></span> <span class='ocrx_word' id='word_1_678' title='bbox 2903 4061 3152 4131; x_wconf 89' lang='lat' dir='ltr'><strong>partibus</strong></span> <span class='ocrx_word' id='word_1_679' title='bbox 3209 4063 3299 4119; x_wconf 57' lang='grc' dir='ltr'>’δι</span> <span class='ocrx_word' id='word_1_680' title='bbox 3359 4066 3525 4134; x_wconf 89' lang='lat' dir='ltr'><strong>quod-</strong></span> 
     </span>
    </p>
   </div>
   <div class='ocr_carea' id='block_1_83' title="bbox 1946 4149 3526 4225">
    <p class='ocr_par' dir='ltr' id='par_1_83' title="bbox 1946 4149 3526 4225">
     <span class='ocr_line' id='line_1_83' title="bbox 1946 4149 3526 4225; baseline 0.008 -25"><span class='ocrx_word' id='word_1_681' title='bbox 1946 4162 2164 4216; x_wconf 87' lang='lat' dir='ltr'><strong>cunque</strong></span> <span class='ocrx_word' id='word_1_682' title='bbox 2204 4155 2385 4202; x_wconf 87' lang='lat' dir='ltr'><strong>autem</strong></span> <span class='ocrx_word' id='word_1_683' title='bbox 2424 4149 2705 4215; x_wconf 89' lang='lat' dir='ltr'><strong>invaserit,</strong></span> <span class='ocrx_word' id='word_1_684' title='bbox 2738 4151 3001 4209; x_wconf 89' lang='lat' dir='ltr'><strong>radicitus</strong></span> <span class='ocrx_word' id='word_1_685' title='bbox 3033 4155 3259 4225; x_wconf 88' lang='lat' dir='ltr'><strong>perdere</strong></span> <span class='ocrx_word' id='word_1_686' title='bbox 3290 4172 3526 4214; x_wconf 88' lang='lat' dir='ltr'><strong>consue-</strong></span> 
     </span>
    </p>
   </div>
   <div class='ocr_carea' id='block_1_84' title="bbox 1941 4240 3520 4317">
    <p class='ocr_par' dir='ltr' id='par_1_84' title="bbox 1941 4240 3520 4317">
     <span class='ocr_line' id='line_1_84' title="bbox 1941 4240 3520 4317; baseline 0.008 -25"><span class='ocrx_word' id='word_1_687' title='bbox 1941 4240 2048 4305; x_wconf 85' lang='lat' dir='ltr'><strong>vit;</strong></span> <span class='ocrx_word' id='word_1_688' title='bbox 2081 4260 2098 4292; x_wconf 74' lang='grc' dir='ltr'><strong>ι</strong></span> <span class='ocrx_word' id='word_1_689' title='bbox 2120 4241 2214 4296; x_wconf 86' lang='lat' dir='ltr'><strong>sed</strong></span> <span class='ocrx_word' id='word_1_690' title='bbox 2231 4241 2393 4296; x_wconf 85' lang='lat' dir='ltr'><strong>etiam</strong></span> <span class='ocrx_word' id='word_1_691' title='bbox 2412 4241 2757 4315; x_wconf 89' lang='lat' dir='ltr'><strong>incorruptos</strong></span> <span class='ocrx_word' id='word_1_692' title='bbox 2777 4245 2829 4299; x_wconf 90' lang='lat' dir='ltr'><strong>in</strong></span> <span class='ocrx_word' id='word_1_693' title='bbox 2838 4246 3062 4317; x_wconf 69' lang='lat' dir='ltr'><strong>iudiciis</strong></span> <span class='ocrx_word' id='word_1_694' title='bbox 3085 4265 3265 4305; x_wconf 88' lang='lat' dir='ltr'><strong>mores</strong></span> <span class='ocrx_word' id='word_1_695' title='bbox 3291 4251 3520 4316; x_wconf 76' lang='lat' dir='ltr'><strong>inducit,</strong></span> 
     </span>
    </p>
   </div>
   <div class='ocr_carea' id='block_1_85' title="bbox 1939 4337 3520 4413">
    <p class='ocr_par' dir='ltr' id='par_1_85' title="bbox 1939 4337 3520 4413">
     <span class='ocr_line' id='line_1_85' title="bbox 1939 4337 3520 4413; baseline 0.003 -21"><span class='ocrx_word' id='word_1_696' title='bbox 1939 4337 2019 4392; x_wconf 89' lang='lat' dir='ltr'><strong>sic</strong></span> <span class='ocrx_word' id='word_1_697' title='bbox 2043 4359 2056 4393; x_wconf 88' lang='lat'><strong>:</strong></span> <span class='ocrx_word' id='word_1_698' title='bbox 2083 4359 2101 4391; x_wconf 85' lang='grc' dir='ltr'><strong>ι</strong></span> <span class='ocrx_word' id='word_1_699' title='bbox 2143 4339 2200 4396; x_wconf 92' lang='lat' dir='ltr'><strong>Si</strong></span> <span class='ocrx_word' id='word_1_700' title='bbox 2232 4350 2412 4398; x_wconf 90' lang='lat' dir='ltr'><strong>autem</strong></span> <span class='ocrx_word' id='word_1_701' title='bbox 2437 4343 2688 4400; x_wconf 91' lang='lat' dir='ltr'><strong>manibus</strong></span> <span class='ocrx_word' id='word_1_702' title='bbox 2718 4345 2850 4399; x_wconf 88' lang='lat' dir='ltr'><strong>meis</strong></span> <span class='ocrx_word' id='word_1_703' title='bbox 2881 4345 3032 4413; x_wconf 85' lang='lat' dir='ltr'><strong>attigi</strong></span> <span class='ocrx_word' id='word_1_704' title='bbox 3063 4359 3308 4406; x_wconf 88' lang='lat' dir='ltr'><strong>munera,</strong></span> <span class='ocrx_word' id='word_1_705' title='bbox 3342 4360 3520 4400; x_wconf 90' lang='lat' dir='ltr'><strong>seram</strong></span> 
     </span>
    </p>
   </div>
   <div class='ocr_carea' id='block_1_86' title="bbox 247 4431 1843 4505">
    <p class='ocr_par' dir='ltr' id='par_1_86' title="bbox 247 4433 1836 4505">
     <span class='ocr_line' id='line_1_86' title="bbox 247 4433 1836 4505; baseline 0 -19"><span class='ocrx_word' id='word_1_706' title='bbox 247 4435 535 4504; x_wconf 86' lang='grc' dir='ltr'>εποίθησα·</span> <span class='ocrx_word' id='word_1_707' title='bbox 570 4436 617 4486; x_wconf 85' lang='grc' dir='ltr'><strong>εί</strong></span> <span class='ocrx_word' id='word_1_708' title='bbox 660 4433 718 4486; x_wconf 83' lang='grc' dir='ltr'><strong>δέ</strong></span> <span class='ocrx_word' id='word_1_709' title='bbox 755 4433 846 4486; x_wconf 74' lang='grc' dir='ltr'>καὶ</span> <span class='ocrx_word' id='word_1_710' title='bbox 881 4433 1201 4505; x_wconf 67' lang='grc' dir='ltr'>ηὐφράνθην</span> <span class='ocrx_word' id='word_1_711' title='bbox 1250 4433 1444 4486; x_wconf 85' lang='grc' dir='ltr'>πολλοῦ</span> <span class='ocrx_word' id='word_1_712' title='bbox 1480 4433 1708 4487; x_wconf 83' lang='grc' dir='ltr'>πλούτου</span> <span class='ocrx_word' id='word_1_713' title='bbox 1747 4452 1836 4504; x_wconf 88' lang='grc' dir='ltr'><strong>μοι</strong></span> 
     </span>
    </p>
   </div>
   <div class='ocr_carea' id='block_1_87' title="bbox 1948 4431 3520 4505">
    <p class='ocr_par' dir='ltr' id='par_1_87' title="bbox 1948 4431 3520 4505">
     <span class='ocr_line' id='line_1_87' title="bbox 1948 4431 3520 4505; baseline 0.003 -21"><span class='ocrx_word' id='word_1_714' title='bbox 1948 4431 2090 4500; x_wconf 90' lang='lat' dir='ltr'><strong>ipse,</strong></span> <span class='ocrx_word' id='word_1_715' title='bbox 2133 4443 2186 4488; x_wconf 89' lang='lat' dir='ltr'><strong>et</strong></span> <span class='ocrx_word' id='word_1_716' title='bbox 2230 4435 2321 4488; x_wconf 91' lang='lat' dir='ltr'><strong>alii</strong></span> <span class='ocrx_word' id='word_1_717' title='bbox 2361 4433 2674 4497; x_wconf 73' lang='lat' dir='ltr'><strong>comedunt,</strong></span> <span class='ocrx_word' id='word_1_718' title='bbox 2697 4443 2750 4491; x_wconf 87' lang='lat' dir='ltr'><strong>et</strong></span> <span class='ocrx_word' id='word_1_719' title='bbox 2787 4436 2906 4491; x_wconf 90' lang='lat' dir='ltr'><strong>sine</strong></span> <span class='ocrx_word' id='word_1_720' title='bbox 2951 4437 3122 4505; x_wconf 89' lang='lat' dir='ltr'><strong>stirpe</strong></span> <span class='ocrx_word' id='word_1_721' title='bbox 3169 4437 3430 4489; x_wconf 82' lang='lat' dir='ltr'><strong>exsistam</strong></span> <span class='ocrx_word' id='word_1_722' title='bbox 3465 4436 3520 4488; x_wconf 90' lang='lat' dir='ltr'><strong>in</strong></span> 
     </span>
    </p>
   </div>
   <div class='ocr_carea' id='block_1_88' title="bbox 245 4521 1843 4598">
    <p class='ocr_par' dir='ltr' id='par_1_88' title="bbox 245 4525 1836 4598">
     <span class='ocr_line' id='line_1_88' title="bbox 245 4525 1836 4598; baseline 0.001 -20"><span class='ocrx_word' id='word_1_723' title='bbox 245 4525 560 4596; x_wconf 84' lang='grc' dir='ltr'>γενομένου·</span> <span class='ocrx_word' id='word_1_724' title='bbox 589 4527 636 4578; x_wconf 85' lang='grc' dir='ltr'><strong>εί</strong></span> <span class='ocrx_word' id='word_1_725' title='bbox 661 4526 717 4579; x_wconf 82' lang='grc' dir='ltr'>δὲ</span> <span class='ocrx_word' id='word_1_726' title='bbox 743 4527 836 4579; x_wconf 70' lang='grc' dir='ltr'><strong>καὶ</strong></span> <span class='ocrx_word' id='word_1_727' title='bbox 880 4527 964 4579; x_wconf 78' lang='grc' dir='ltr'>ἐπ’</span> <span class='ocrx_word' id='word_1_728' title='bbox 1003 4525 1391 4597; x_wconf 80' lang='grc' dir='ltr'>ἀναριθμήτοις</span> <span class='ocrx_word' id='word_1_729' title='bbox 1439 4526 1641 4598; x_wconf 74' lang='grc' dir='ltr'>ἐθέμην</span> <span class='ocrx_word' id='word_1_730' title='bbox 1678 4527 1836 4598; x_wconf 82' lang='grc' dir='ltr'>χεῖρὰ</span> 
     </span>
    </p>
   </div>
   <div class='ocr_carea' id='block_1_89' title="bbox 1948 4521 3518 4598">
    <p class='ocr_par' dir='ltr' id='par_1_89' title="bbox 1948 4521 3518 4595">
     <span class='ocr_line' id='line_1_89' title="bbox 1948 4521 3518 4595; baseline 0.006 -23"><span class='ocrx_word' id='word_1_731' title='bbox 1948 4526 2085 4573; x_wconf 81' lang='lat' dir='ltr'><strong>terra</strong></span> <span class='ocrx_word' id='word_1_732' title='bbox 2109 4521 2177 4575; x_wconf 77' lang='grc'><strong>⁷⁵.</strong></span> <span class='ocrx_word' id='word_1_733' title='bbox 2214 4541 2232 4572; x_wconf 75' lang='grc' dir='ltr'><strong>ι</strong></span> <span class='ocrx_word' id='word_1_734' title='bbox 2259 4521 2542 4588; x_wconf 88' lang='lat' dir='ltr'><strong>Quomodo</strong></span> <span class='ocrx_word' id='word_1_735' title='bbox 2565 4531 2746 4578; x_wconf 87' lang='lat' dir='ltr'><strong>autem</strong></span> <span class='ocrx_word' id='word_1_736' title='bbox 2771 4541 2830 4580; x_wconf 89' lang='lat' dir='ltr'><strong>se</strong></span> <span class='ocrx_word' id='word_1_737' title='bbox 2848 4541 2976 4595; x_wconf 76' lang='lat' dir='ltr'><strong>erga</strong></span> <span class='ocrx_word' id='word_1_738' title='bbox 3004 4524 3336 4581; x_wconf 90' lang='lat' dir='ltr'><strong>domesticos</strong></span> <span class='ocrx_word' id='word_1_739' title='bbox 3365 4541 3518 4595; x_wconf 64' lang='lat' dir='ltr'><strong>gere«</strong></span> 
     </span>
    </p>
   </div>
   <div class='ocr_carea' id='block_1_90' title="bbox 247 4614 1843 4696">
    <p class='ocr_par' dir='ltr' id='par_1_90' title="bbox 247 4614 1831 4688">
     <span class='ocr_line' id='line_1_90' title="bbox 247 4614 1831 4688; baseline -0.003 -16"><span class='ocrx_word' id='word_1_740' title='bbox 247 4635 368 4688; x_wconf 83' lang='grc' dir='ltr'>μου.</span> <span class='ocrx_word' id='word_1_741' title='bbox 407 4638 426 4670; x_wconf 72' lang='grc' dir='ltr'><strong>ι</strong></span> <span class='ocrx_word' id='word_1_742' title='bbox 480 4619 594 4670; x_wconf 79' lang='grc' dir='ltr'><strong>Καὶ</strong></span> <span class='ocrx_word' id='word_1_743' title='bbox 633 4618 723 4670; x_wconf 82' lang='grc' dir='ltr'><strong>τὸν</strong></span> <span class='ocrx_word' id='word_1_744' title='bbox 770 4617 1029 4688; x_wconf 75' lang='grc' dir='ltr'>λογισμὸν</span> <span class='ocrx_word' id='word_1_745' title='bbox 1065 4614 1221 4680; x_wconf 79' lang='grc' dir='ltr'>αὖθις</span> <span class='ocrx_word' id='word_1_746' title='bbox 1255 4616 1514 4686; x_wconf 84' lang='grc' dir='ltr'>ἐπιλέγει·</span> <span class='ocrx_word' id='word_1_747' title='bbox 1556 4635 1573 4668; x_wconf 80' lang='grc' dir='ltr'><strong>ι</strong></span> <span class='ocrx_word' id='word_1_748' title='bbox 1621 4618 1692 4668; x_wconf 84' lang='grc' dir='ltr'><em>Ἢ</em></span> <span class='ocrx_word' id='word_1_749' title='bbox 1733 4617 1831 4686; x_wconf 83' lang='grc' dir='ltr'><strong>οῦχ</strong></span> 
     </span>
    </p>
   </div>
   <div class='ocr_carea' id='block_1_91' title="bbox 1948 4614 3517 4696">
    <p class='ocr_par' dir='ltr' id='par_1_91' title="bbox 1948 4614 3517 4686">
     <span class='ocr_line' id='line_1_91' title="bbox 1948 4614 3517 4686; baseline 0.003 -22"><span class='ocrx_word' id='word_1_750' title='bbox 1948 4623 2020 4667; x_wconf 84' lang='lat' dir='ltr'><strong>ret</strong></span> <span class='ocrx_word' id='word_1_751' title='bbox 2044 4628 2107 4668; x_wconf 77' lang='lat' dir='ltr'><strong>ex</strong></span> <span class='ocrx_word' id='word_1_752' title='bbox 2133 4614 2199 4668; x_wconf 89' lang='lat' dir='ltr'><strong>iis</strong></span> <span class='ocrx_word' id='word_1_753' title='bbox 2220 4615 2345 4670; x_wconf 91' lang='lat' dir='ltr'><strong>licet</strong></span> <span class='ocrx_word' id='word_1_754' title='bbox 2369 4615 2566 4670; x_wconf 90' lang='lat' dir='ltr'><strong>intueri</strong></span> <span class='ocrx_word' id='word_1_755' title='bbox 2591 4632 2712 4686; x_wconf 69' lang='lat' dir='ltr'><strong>qua:</strong></span> <span class='ocrx_word' id='word_1_756' title='bbox 2735 4615 2915 4678; x_wconf 89' lang='lat' dir='ltr'><strong>docet,</strong></span> <span class='ocrx_word' id='word_1_757' title='bbox 2945 4631 3070 4670; x_wconf 90' lang='lat' dir='ltr'><strong>cum</strong></span> <span class='ocrx_word' id='word_1_758' title='bbox 3099 4615 3181 4670; x_wconf 66' lang='lat' dir='ltr'><strong>ait.</strong></span> <span class='ocrx_word' id='word_1_759' title='bbox 3211 4631 3222 4666; x_wconf 93' lang='lat'><strong>:</strong></span> <span class='ocrx_word' id='word_1_760' title='bbox 3251 4634 3270 4666; x_wconf 83' lang='grc' dir='ltr'><strong>ι</strong></span> <span class='ocrx_word' id='word_1_761' title='bbox 3304 4615 3360 4669; x_wconf 86' lang='lat' dir='ltr'><strong>Si</strong></span> <span class='ocrx_word' id='word_1_762' title='bbox 3385 4631 3517 4670; x_wconf 91' lang='lat' dir='ltr'><strong>con-</strong></span> 
     </span>
    </p>
   </div>
   <div class='ocr_carea' id='block_1_92' title="bbox 241 4707 1833 4783">
    <p class='ocr_par' dir='ltr' id='par_1_92' title="bbox 241 4707 1833 4783">
     <span class='ocr_line' id='line_1_92' title="bbox 241 4707 1833 4783; baseline -0.002 -19"><span class='ocrx_word' id='word_1_763' title='bbox 241 4711 460 4783; x_wconf 79' lang='grc' dir='ltr'>όρῶμεν</span> <span class='ocrx_word' id='word_1_764' title='bbox 499 4710 651 4781; x_wconf 74' lang='grc' dir='ltr'>ἥλιον</span> <span class='ocrx_word' id='word_1_765' title='bbox 679 4710 1088 4780; x_wconf 80' lang='grc' dir='ltr'>ἐπιφαύσκοντα</span> <span class='ocrx_word' id='word_1_766' title='bbox 1116 4709 1209 4763; x_wconf 77' lang='grc' dir='ltr'>καὶ</span> <span class='ocrx_word' id='word_1_767' title='bbox 1240 4707 1578 4771; x_wconf 80' lang='grc' dir='ltr'>ἐκλείποντα,</span> <span class='ocrx_word' id='word_1_768' title='bbox 1618 4709 1710 4761; x_wconf 79' lang='grc' dir='ltr'><strong>καὶ</strong></span> <span class='ocrx_word' id='word_1_769' title='bbox 1750 4725 1833 4761; x_wconf 86' lang='grc' dir='ltr'>σε·</span> 
     </span>
    </p>
   </div>
   <div class='ocr_carea' id='block_1_93' title="bbox 242 4793 1830 4872">
    <p class='ocr_par' dir='ltr' id='par_1_93' title="bbox 242 4793 1830 4872">
     <span class='ocr_line' id='line_1_93' title="bbox 242 4793 1830 4872; baseline -0.001 -21"><span class='ocrx_word' id='word_1_770' title='bbox 242 4800 408 4872; x_wconf 81' lang='grc' dir='ltr'>λήνην</span> <span class='ocrx_word' id='word_1_771' title='bbox 453 4798 512 4852; x_wconf 78' lang='grc' dir='ltr'>δὲ</span> <span class='ocrx_word' id='word_1_772' title='bbox 548 4797 874 4866; x_wconf 75' lang='grc' dir='ltr'>φθίνουσανς</span> <span class='ocrx_word' id='word_1_773' title='bbox 920 4817 937 4848; x_wconf 77' lang='grc' dir='ltr'><strong>ι</strong></span> <span class='ocrx_word' id='word_1_774' title='bbox 978 4793 1109 4850; x_wconf 74' lang='grc' dir='ltr'>Εἶτα</span> <span class='ocrx_word' id='word_1_775' title='bbox 1143 4797 1306 4852; x_wconf 86' lang='grc' dir='ltr'>πάλιν</span> <span class='ocrx_word' id='word_1_776' title='bbox 1339 4797 1437 4869; x_wconf 87' lang='grc' dir='ltr'>τῆς</span> <span class='ocrx_word' id='word_1_777' title='bbox 1471 4797 1830 4869; x_wconf 84' lang='grc' dir='ltr'>εύαγγελικῆς</span> 
     </span>
    </p>
   </div>
   <div class='ocr_carea' id='block_1_94' title="bbox 239 4890 1826 4962">
    <p class='ocr_par' dir='ltr' id='par_1_94' title="bbox 239 4890 1826 4962">
     <span class='ocr_line' id='line_1_94' title="bbox 239 4890 1826 4962; baseline 0 -18"><span class='ocrx_word' id='word_1_778' title='bbox 239 4891 596 4954; x_wconf 85' lang='grc' dir='ltr'>διδασκαλίας</span> <span class='ocrx_word' id='word_1_779' title='bbox 669 4891 943 4961; x_wconf 79' lang='grc' dir='ltr'>φησάσης,</span> <span class='ocrx_word' id='word_1_780' title='bbox 1001 4909 1020 4942; x_wconf 79' lang='grc' dir='ltr'><strong>ι</strong></span> <span class='ocrx_word' id='word_1_781' title='bbox 1093 4890 1321 4962; x_wconf 71' lang='grc' dir='ltr'>Ἐρρέθη</span> <span class='ocrx_word' id='word_1_782' title='bbox 1373 4893 1485 4954; x_wconf 87' lang='grc' dir='ltr'>τοῖς</span> <span class='ocrx_word' id='word_1_783' title='bbox 1540 4891 1826 4962; x_wconf 86' lang='grc' dir='ltr'>ἀρχαίοις·</span> 
     </span>
    </p>
   </div>
   <div class='ocr_carea' id='block_1_95' title="bbox 251 4981 1829 5055">
    <p class='ocr_par' dir='ltr' id='par_1_95' title="bbox 251 4981 1829 5055">
     <span class='ocr_line' id='line_1_95' title="bbox 251 4981 1829 5055; baseline -0.002 -18"><span class='ocrx_word' id='word_1_784' title='bbox 251 4985 590 5055; x_wconf 69' lang='grc' dir='ltr'>Ἀγαπήσεις</span> <span class='ocrx_word' id='word_1_785' title='bbox 610 4983 702 5035; x_wconf 83' lang='grc' dir='ltr'><strong>τὸν</strong></span> <span class='ocrx_word' id='word_1_786' title='bbox 728 4982 952 5054; x_wconf 89' lang='grc' dir='ltr'>πλησίον</span> <span class='ocrx_word' id='word_1_787' title='bbox 981 5000 1094 5046; x_wconf 90' lang='grc' dir='ltr'>σου,</span> <span class='ocrx_word' id='word_1_788' title='bbox 1125 4983 1219 5036; x_wconf 71' lang='grc' dir='ltr'>καὶ</span> <span class='ocrx_word' id='word_1_789' title='bbox 1247 4983 1498 5053; x_wconf 84' lang='grc' dir='ltr'>μισήσεις</span> <span class='ocrx_word' id='word_1_790' title='bbox 1518 4983 1608 5035; x_wconf 86' lang='grc' dir='ltr'><strong>τὸν</strong></span> <span class='ocrx_word' id='word_1_791' title='bbox 1637 4981 1829 5052; x_wconf 86' lang='grc' dir='ltr'>ἐχθρόν</span> 
     </span>
    </p>
   </div>
   <div class='ocr_carea' id='block_1_96' title="bbox 241 5073 1830 5147">
    <p class='ocr_par' dir='ltr' id='par_1_96' title="bbox 241 5073 1830 5147">
     <span class='ocr_line' id='line_1_96' title="bbox 241 5073 1830 5147; baseline -0.004 -15"><span class='ocrx_word' id='word_1_792' title='bbox 241 5093 352 5132; x_wconf 86' lang='grc' dir='ltr'>σου.</span> <span class='ocrx_word' id='word_1_793' title='bbox 397 5074 546 5144; x_wconf 86' lang='grc' dir='ltr'><strong>Ἐγὼ</strong></span> <span class='ocrx_word' id='word_1_794' title='bbox 587 5075 645 5128; x_wconf 84' lang='grc' dir='ltr'>δὲ</span> <span class='ocrx_word' id='word_1_795' title='bbox 696 5073 837 5144; x_wconf 89' lang='grc' dir='ltr'>λέγω</span> <span class='ocrx_word' id='word_1_796' title='bbox 887 5076 1032 5147; x_wconf 87' lang='grc' dir='ltr'>ὑμῖν·</span> <span class='ocrx_word' id='word_1_797' title='bbox 1092 5077 1368 5144; x_wconf 81' lang='grc' dir='ltr'>Ἀγαπᾶτε</span> <span class='ocrx_word' id='word_1_798' title='bbox 1431 5075 1556 5138; x_wconf 80' lang='grc' dir='ltr'>τοὺς</span> <span class='ocrx_word' id='word_1_799' title='bbox 1602 5073 1830 5146; x_wconf 83' lang='grc' dir='ltr'>ἐχθροὺς</span> 
     </span>
    </p>
   </div>
   <div class='ocr_carea' id='block_1_97' title="bbox 239 5165 1825 5239">
    <p class='ocr_par' dir='ltr' id='par_1_97' title="bbox 239 5165 1825 5239">
     <span class='ocr_line' id='line_1_97' title="bbox 239 5165 1825 5239; baseline -0.003 -17"><span class='ocrx_word' id='word_1_800' title='bbox 239 5166 416 5239; x_wconf 79' lang='grc' dir='ltr'>ὑμῶν,</span> <span class='ocrx_word' id='word_1_801' title='bbox 457 5186 475 5218; x_wconf 74' lang='grc' dir='ltr'><strong>ι</strong></span> <span class='ocrx_word' id='word_1_802' title='bbox 509 5167 774 5236; x_wconf 80' lang='grc' dir='ltr'>αὐτοφυεί</span> <span class='ocrx_word' id='word_1_803' title='bbox 807 5167 1126 5237; x_wconf 71' lang='grc' dir='ltr'>διδασκαλία</span> <span class='ocrx_word' id='word_1_804' title='bbox 1150 5165 1434 5238; x_wconf 80' lang='grc' dir='ltr'>προλαϐὼν</span> <span class='ocrx_word' id='word_1_805' title='bbox 1463 5166 1492 5217; x_wconf 89' lang='grc' dir='ltr'><strong>ό</strong></span> <span class='ocrx_word' id='word_1_806' title='bbox 1525 5165 1825 5236; x_wconf 85' lang='grc' dir='ltr'>θαυμάσιος</span> 
     </span>
    </p>
   </div>
   <div class='ocr_carea' id='block_1_98' title="bbox 237 5255 1824 5333">
    <p class='ocr_par' dir='ltr' id='par_1_98' title="bbox 237 5255 1824 5333">
     <span class='ocr_line' id='line_1_98' title="bbox 237 5255 1824 5333; baseline 0 -21"><span class='ocrx_word' id='word_1_807' title='bbox 237 5255 468 5333; x_wconf 75' lang='grc' dir='ltr'>τοῦργον</span> <span class='ocrx_word' id='word_1_808' title='bbox 499 5258 839 5331; x_wconf 83' lang='grc' dir='ltr'>ἀπεπλήρου.</span> <span class='ocrx_word' id='word_1_809' title='bbox 867 5260 955 5313; x_wconf 87' lang='grc' dir='ltr'>Διό</span> <span class='ocrx_word' id='word_1_810' title='bbox 984 5277 1168 5332; x_wconf 79' lang='grc' dir='ltr'>φησιν·</span> <span class='ocrx_word' id='word_1_811' title='bbox 1211 5279 1228 5310; x_wconf 80' lang='grc' dir='ltr'><strong>ι</strong></span> <span class='ocrx_word' id='word_1_812' title='bbox 1269 5260 1330 5312; x_wconf 80' lang='lat' dir='ltr'><strong>El</strong></span> <span class='ocrx_word' id='word_1_813' title='bbox 1349 5258 1403 5312; x_wconf 84' lang='grc' dir='ltr'>δὲ</span> <span class='ocrx_word' id='word_1_814' title='bbox 1438 5259 1531 5310; x_wconf 78' lang='grc' dir='ltr'>καὶ</span> <span class='ocrx_word' id='word_1_815' title='bbox 1553 5258 1824 5330; x_wconf 84' lang='grc' dir='ltr'>ἐπιχαρὴς</span> 
     </span>
    </p>
   </div>
   <div class='ocr_carea' id='block_1_99' title="bbox 239 5347 1820 5425">
    <p class='ocr_par' dir='ltr' id='par_1_99' title="bbox 239 5347 1820 5425">
     <span class='ocr_line' id='line_1_99' title="bbox 239 5347 1820 5425; baseline -0.001 -19"><span class='ocrx_word' id='word_1_816' title='bbox 239 5353 508 5425; x_wconf 85' lang='grc' dir='ltr'>ἐγενόμην</span> <span class='ocrx_word' id='word_1_817' title='bbox 538 5353 630 5406; x_wconf 75' lang='grc' dir='ltr'><strong>ἐπὶ</strong></span> <span class='ocrx_word' id='word_1_818' title='bbox 661 5351 914 5424; x_wconf 84' lang='grc' dir='ltr'>πτώματι</span> <span class='ocrx_word' id='word_1_819' title='bbox 942 5351 1138 5424; x_wconf 87' lang='grc' dir='ltr'>ἐχθροῦ</span> <span class='ocrx_word' id='word_1_820' title='bbox 1167 5369 1289 5422; x_wconf 89' lang='grc' dir='ltr'>μου,</span> <span class='ocrx_word' id='word_1_821' title='bbox 1326 5351 1420 5404; x_wconf 72' lang='grc' dir='ltr'>καὶ</span> <span class='ocrx_word' id='word_1_822' title='bbox 1450 5347 1601 5404; x_wconf 85' lang='grc' dir='ltr'>εἶπεν</span> <span class='ocrx_word' id='word_1_823' title='bbox 1627 5352 1660 5421; x_wconf 82' lang='grc' dir='ltr'>ἡ</span> <span class='ocrx_word' id='word_1_824' title='bbox 1684 5367 1820 5420; x_wconf 89' lang='grc' dir='ltr'>καρ-</span> 
     </span>
    </p>
   </div>
   <div class='ocr_carea' id='block_1_100' title="bbox 236 5440 1820 5519">
    <p class='ocr_par' dir='ltr' id='par_1_100' title="bbox 236 5440 1820 5519">
     <span class='ocr_line' id='line_1_100' title="bbox 236 5440 1820 5519; baseline -0.003 -19"><span class='ocrx_word' id='word_1_825' title='bbox 236 5447 317 5500; x_wconf 81' lang='grc' dir='ltr'><strong>δία</strong></span> <span class='ocrx_word' id='word_1_826' title='bbox 344 5464 472 5519; x_wconf 84' lang='grc' dir='ltr'>μου,</span> <span class='ocrx_word' id='word_1_827' title='bbox 509 5441 675 5514; x_wconf 78' lang='grc' dir='ltr'>Εὖγε,</span> <span class='ocrx_word' id='word_1_828' title='bbox 716 5446 944 5515; x_wconf 68' lang='grc' dir='ltr'>ἤκουσεν</span> <span class='ocrx_word' id='word_1_829' title='bbox 977 5444 1085 5515; x_wconf 82' lang='grc' dir='ltr'>ἄρα</span> <span class='ocrx_word' id='word_1_830' title='bbox 1111 5444 1172 5496; x_wconf 83' lang='grc' dir='ltr'><strong>τὸ</strong></span> <span class='ocrx_word' id='word_1_831' title='bbox 1203 5440 1296 5506; x_wconf 80' lang='grc' dir='ltr'>οὖς</span> <span class='ocrx_word' id='word_1_832' title='bbox 1324 5461 1422 5514; x_wconf 90' lang='grc' dir='ltr'><strong>μου</strong></span> <span class='ocrx_word' id='word_1_833' title='bbox 1450 5443 1551 5514; x_wconf 88' lang='grc' dir='ltr'><strong>τὴν</strong></span> <span class='ocrx_word' id='word_1_834' title='bbox 1575 5442 1820 5514; x_wconf 88' lang='grc' dir='ltr'>κατάραν</span> 
     </span>
    </p>
   </div>
   <div class='ocr_carea' id='block_1_101' title="bbox 239 5533 1819 5609">
    <p class='ocr_par' dir='ltr' id='par_1_101' title="bbox 239 5533 1819 5609">
     <span class='ocr_line' id='line_1_101' title="bbox 239 5533 1819 5609; baseline -0.003 -18"><span class='ocrx_word' id='word_1_835' title='bbox 239 5557 356 5609; x_wconf 82' lang='grc' dir='ltr'>μου.</span> <span class='ocrx_word' id='word_1_836' title='bbox 373 5559 392 5591; x_wconf 74' lang='grc' dir='ltr'><strong>ι</strong></span> <span class='ocrx_word' id='word_1_837' title='bbox 421 5540 532 5594; x_wconf 76' lang='grc' dir='ltr'><strong>Καὶ</strong></span> <span class='ocrx_word' id='word_1_838' title='bbox 558 5535 848 5604; x_wconf 81' lang='grc' dir='ltr'>ἐπιλέγει·ι</span> <span class='ocrx_word' id='word_1_839' title='bbox 876 5535 1022 5602; x_wconf 83' lang='grc' dir='ltr'>Ἔξω</span> <span class='ocrx_word' id='word_1_840' title='bbox 1035 5535 1093 5589; x_wconf 80' lang='grc' dir='ltr'>δὲ</span> <span class='ocrx_word' id='word_1_841' title='bbox 1116 5535 1217 5588; x_wconf 79' lang='grc' dir='ltr'><strong>οὐκ</strong></span> <span class='ocrx_word' id='word_1_842' title='bbox 1241 5533 1489 5606; x_wconf 78' lang='grc' dir='ltr'>ηὐλίζετο</span> <span class='ocrx_word' id='word_1_843' title='bbox 1519 5533 1686 5598; x_wconf 81' lang='grc' dir='ltr'>ξένος,</span> <span class='ocrx_word' id='word_1_844' title='bbox 1711 5533 1819 5604; x_wconf 84' lang='grc' dir='ltr'><strong>ήδὲ</strong></span> 
     </span>
    </p>
   </div>
   <div class='ocr_carea' id='block_1_102' title="bbox 234 5625 1814 5706">
    <p class='ocr_par' dir='ltr' id='par_1_102' title="bbox 234 5625 1814 5706">
     <span class='ocr_line' id='line_1_102' title="bbox 234 5625 1814 5706; baseline -0.005 -20"><span class='ocrx_word' id='word_1_845' title='bbox 234 5632 368 5706; x_wconf 80' lang='grc' dir='ltr'>θύρα</span> <span class='ocrx_word' id='word_1_846' title='bbox 400 5651 500 5704; x_wconf 86' lang='grc' dir='ltr'><strong>μου</strong></span> <span class='ocrx_word' id='word_1_847' title='bbox 531 5631 698 5686; x_wconf 73' lang='grc' dir='ltr'>παντὶ</span> <span class='ocrx_word' id='word_1_848' title='bbox 724 5629 924 5684; x_wconf 87' lang='grc' dir='ltr'>ἐλθόντι</span> <span class='ocrx_word' id='word_1_849' title='bbox 952 5630 1214 5700; x_wconf 84' lang='grc' dir='ltr'>ἀνέῳκτο,</span> <span class='ocrx_word' id='word_1_850' title='bbox 1245 5648 1264 5680; x_wconf 72' lang='grc' dir='ltr'><strong>ι</strong></span> <span class='ocrx_word' id='word_1_851' title='bbox 1299 5627 1422 5681; x_wconf 72' lang='grc' dir='ltr'>ἐπεὶ</span> <span class='ocrx_word' id='word_1_852' title='bbox 1441 5627 1514 5698; x_wconf 88' lang='grc' dir='ltr'><strong>μὴ</strong></span> <span class='ocrx_word' id='word_1_853' title='bbox 1535 5625 1814 5697; x_wconf 87' lang='grc' dir='ltr'>ἀλλότριος</span> 
     </span>
    </p>
   </div>
   <div class='ocr_carea' id='block_1_103' title="bbox 317 5785 1843 5912">
    <p class='ocr_par' dir='ltr' id='par_1_103' title="bbox 317 5785 1843 5912">
     <span class='ocr_line' id='line_1_103' title="bbox 317 5785 1843 5852; baseline -0.005 -5"><span class='ocrx_word' id='word_1_854' title='bbox 317 5792 365 5823; x_wconf 84' lang='grc'><strong>⁸⁵</strong></span> <span class='ocrx_word' id='word_1_855' title='bbox 424 5789 532 5847; x_wconf 83' lang='lat' dir='ltr'><strong>Job</strong></span> <span class='ocrx_word' id='word_1_856' title='bbox 586 5806 760 5852; x_wconf 75' lang='lat' dir='ltr'><strong>xxix,</strong></span> <span class='ocrx_word' id='word_1_857' title='bbox 816 5787 1005 5843; x_wconf 79' lang='lat' dir='ltr'><strong>Il-I6.</strong></span> <span class='ocrx_word' id='word_1_858' title='bbox 1083 5789 1126 5819; x_wconf 80' lang='grc'><strong>⁸⁵</strong></span> <span class='ocrx_word' id='word_1_859' title='bbox 1191 5786 1348 5841; x_wconf 82' lang='lat' dir='ltr'><strong>Rom.</strong></span> <span class='ocrx_word' id='word_1_860' title='bbox 1397 5802 1498 5847; x_wconf 83' lang='lat' dir='ltr'><strong>xu,</strong></span> <span class='ocrx_word' id='word_1_861' title='bbox 1563 5786 1652 5839; x_wconf 76' lang='grc'><strong>15.</strong></span> <span class='ocrx_word' id='word_1_862' title='bbox 1731 5785 1775 5816; x_wconf 81' lang='grc'><strong>⁸⁷</strong></span> <span class='ocrx_word' id='word_1_863' title='bbox 1825 5787 1843 5840; x_wconf 81' lang='lat' dir='ltr'><strong>ll</strong></span> 
     </span>
     <span class='ocr_line' id='line_1_104' title="bbox 317 5855 1843 5912; baseline -0.001 0"><span class='ocrx_word' id='word_1_864' title='bbox 317 5880 326 5912; x_wconf 74' lang='grc' dir='ltr'><strong>ι</strong></span> <span class='ocrx_word' id='word_1_865' title='bbox 370 5879 503 5912; x_wconf 81' lang='grc' dir='ltr'><strong>ιιι.</strong></span> <span class='ocrx_word' id='word_1_866' title='bbox 554 5861 646 5912; x_wconf 72' lang='lat'><strong>25.</strong></span> <span class='ocrx_word' id='word_1_867' title='bbox 765 5860 809 5888; x_wconf 73' lang='lat'><strong>7°</strong></span> <span class='ocrx_word' id='word_1_868' title='bbox 847 5857 949 5912; x_wconf 80' lang='lat' dir='ltr'><strong>Joh</strong></span> <span class='ocrx_word' id='word_1_869' title='bbox 1027 5875 1177 5912; x_wconf 77' lang='lat' dir='ltr'><strong>xxxi.</strong></span> <span class='ocrx_word' id='word_1_870' title='bbox 1217 5859 1271 5912; x_wconf 84' lang='grc'>6.</span> <span class='ocrx_word' id='word_1_871' title='bbox 1330 5858 1387 5910; x_wconf 86' lang='grc'><strong>7.</strong></span> <span class='ocrx_word' id='word_1_872' title='bbox 1489 5857 1530 5889; x_wconf 83' lang='grc'>⁷⁸</span> <span class='ocrx_word' id='word_1_873' title='bbox 1579 5855 1748 5911; x_wconf 82' lang='lat' dir='ltr'><strong>Exod.</strong></span> <span class='ocrx_word' id='word_1_874' title='bbox 1816 5873 1843 5910; x_wconf 89' lang='lat' dir='ltr'><strong>x</strong></span> 
     </span>
    </p>
   </div>
   <div class='ocr_carea' id='block_1_104' title="bbox 1948 5785 2729 5912">
    <p class='ocr_par' dir='ltr' id='par_1_104' title="bbox 1948 5788 2729 5912">
     <span class='ocr_line' id='line_1_105' title="bbox 1948 5788 2729 5858; baseline 0.009 -18"><span class='ocrx_word' id='word_1_875' title='bbox 1948 5788 2017 5842; x_wconf 83' lang='lat' dir='ltr'><strong>Lh.</strong></span> <span class='ocrx_word' id='word_1_876' title='bbox 2065 5807 2118 5854; x_wconf 89' lang='lat' dir='ltr'><strong>v,</strong></span> <span class='ocrx_word' id='word_1_877' title='bbox 2187 5791 2254 5858; x_wconf 81' lang='lat'><strong>5;</strong></span> <span class='ocrx_word' id='word_1_878' title='bbox 2324 5791 2454 5846; x_wconf 84' lang='lat' dir='ltr'><strong>Luc.</strong></span> <span class='ocrx_word' id='word_1_879' title='bbox 2502 5809 2580 5858; x_wconf 79' lang='lat' dir='ltr'><strong>vr,</strong></span> <span class='ocrx_word' id='word_1_880' title='bbox 2635 5793 2729 5847; x_wconf 72' lang='lat' dir='ltr'><strong>2L</strong></span> 
     </span>
     <span class='ocr_line' id='line_1_106' title="bbox 1956 5859 2729 5912; baseline 0 0"><span class='ocrx_word' id='word_1_881' title='bbox 1956 5859 2041 5912; x_wconf 65' lang='grc'><strong>16.</strong></span> <span class='ocrx_word' id='word_1_882' title='bbox 2151 5862 2194 5892; x_wconf 78' lang='grc'><strong>⁷³</strong></span> <span class='ocrx_word' id='word_1_883' title='bbox 2251 5862 2436 5912; x_wconf 80' lang='lat' dir='ltr'><strong>Matth.</strong></span> <span class='ocrx_word' id='word_1_884' title='bbox 2479 5881 2509 5910; x_wconf 78' lang='grc' dir='ltr'><strong>ν</strong></span> <span class='ocrx_word' id='word_1_885' title='bbox 2569 5863 2660 5912; x_wconf 72' lang='lat'><strong>‘27-</strong></span> <span class='ocrx_word' id='word_1_886' title='bbox 2702 5865 2729 5912; x_wconf 63' lang='grc' dir='ltr'><strong>(Ξ</strong></span> 
     </span>
    </p>
   </div>
   <div class='ocr_carea' id='block_1_105' title="bbox 1531 5872 2041 6008">
    <p class='ocr_par' dir='ltr' id='par_1_105' title="bbox 1531 5872 2041 5983">
     <span class='ocr_line' id='line_1_107' title="bbox 1579 5872 2041 5920; baseline 0.015 -13"><span class='ocrx_word' id='word_1_887' title='bbox 1579 5872 1748 5911; x_wconf 72' lang='lat' dir='ltr'><strong>onu.</strong></span> <span class='ocrx_word' id='word_1_888' title='bbox 1816 5873 1910 5920; x_wconf 87' lang='lat' dir='ltr'><strong>xx,</strong></span> <span class='ocrx_word' id='word_1_889' title='bbox 1956 5872 2041 5916; x_wconf 79' lang='lat' dir='ltr'><strong>M.</strong></span> 
     </span>
     <span class='ocr_line' id='line_1_108' title="bbox 1531 5927 1972 5983; baseline 0.007 -3"><span class='ocrx_word' id='word_1_890' title='bbox 1531 5928 1573 5958; x_wconf 79' lang='grc'><strong>⁷⁷</strong></span> <span class='ocrx_word' id='word_1_891' title='bbox 1617 5927 1748 5982; x_wconf 88' lang='lat' dir='ltr'><strong>ibid.</strong></span> <span class='ocrx_word' id='word_1_892' title='bbox 1787 5927 1972 5983; x_wconf 75' lang='lat' dir='ltr'><strong>I-I-IS.</strong></span> 
     </span>
    </p>
   </div>
   <div class='ocr_carea' id='block_1_106' title="bbox 231 5857 1387 5920">
    <p class='ocr_par' dir='ltr' id='par_1_106' title="bbox 231 5857 1387 5920">
     <span class='ocr_line' id='line_1_109' title="bbox 231 5857 1387 5920; baseline -0.004 -6"><span class='ocrx_word' id='word_1_893' title='bbox 231 5861 326 5916; x_wconf 83' lang='lat' dir='ltr'><strong>Job</strong></span> <span class='ocrx_word' id='word_1_894' title='bbox 370 5879 503 5920; x_wconf 87' lang='grc' dir='ltr'><strong>ιιι.</strong></span> <span class='ocrx_word' id='word_1_895' title='bbox 554 5861 646 5918; x_wconf 70' lang='grc'><strong>25.</strong></span> <span class='ocrx_word' id='word_1_896' title='bbox 765 5860 809 5888; x_wconf 79' lang='grc' dir='ltr'><strong>⁷ο</strong></span> <span class='ocrx_word' id='word_1_897' title='bbox 847 5857 949 5912; x_wconf 80' lang='lat' dir='ltr'><strong>Joh</strong></span> <span class='ocrx_word' id='word_1_898' title='bbox 1027 5875 1177 5919; x_wconf 77' lang='lat' dir='ltr'><strong>xxxi,</strong></span> <span class='ocrx_word' id='word_1_899' title='bbox 1217 5859 1271 5920; x_wconf 84' lang='grc'>6,</span> <span class='ocrx_word' id='word_1_900' title='bbox 1330 5858 1387 5910; x_wconf 87' lang='grc'><strong>7.</strong></span> 
     </span>
    </p>
   </div>
   <div class='ocr_carea' id='block_1_107' title="bbox 231 5927 1436 6012">
    <p class='ocr_par' dir='ltr' id='par_1_107' title="bbox 231 5927 1436 6012">
     <span class='ocr_line' id='line_1_110' title="bbox 231 5927 1436 6012; baseline -0.002 -27"><span class='ocrx_word' id='word_1_901' title='bbox 231 5933 270 5963; x_wconf 74' lang='grc'><strong>’⁵</strong></span> <span class='ocrx_word' id='word_1_902' title='bbox 307 5932 440 5988; x_wconf 87' lang='lat' dir='ltr'><strong>Ibid.</strong></span> <span class='ocrx_word' id='word_1_903' title='bbox 479 5931 565 5986; x_wconf 73' lang='lat' dir='ltr'><strong>I2.</strong></span> <span class='ocrx_word' id='word_1_904' title='bbox 646 5931 692 5964; x_wconf 85' lang='grc'><strong>⁷⁵</strong></span> <span class='ocrx_word' id='word_1_905' title='bbox 729 5929 858 5982; x_wconf 89' lang='lat' dir='ltr'><strong>Ibid.</strong></span> <span class='ocrx_word' id='word_1_906' title='bbox 906 5930 1021 5985; x_wconf 89' lang='lat'><strong>7-8.</strong></span> <span class='ocrx_word' id='word_1_907' title='bbox 1184 5927 1312 6010; x_wconf 82' lang='lat' dir='ltr'><strong>Ibid.</strong></span> <span class='ocrx_word' id='word_1_908' title='bbox 1356 5927 1436 5983; x_wconf 79' lang='lat'><strong>1&#39;5.</strong></span> 
     </span>
    </p>
   </div>
   <div class='ocr_carea' id='block_1_108' title="bbox 1934 4706 3517 4778">
    <p class='ocr_par' dir='ltr' id='par_1_108' title="bbox 1934 4706 3517 4778">
     <span class='ocr_line' id='line_1_111' title="bbox 1934 4706 3517 4778; baseline 0.001 -18"><span class='ocrx_word' id='word_1_909' title='bbox 1934 4706 2128 4775; x_wconf 87' lang='lat' dir='ltr'><strong>tempsi</strong></span> <span class='ocrx_word' id='word_1_910' title='bbox 2168 4706 2351 4762; x_wconf 86' lang='lat' dir='ltr'><strong>subire</strong></span> <span class='ocrx_word' id='word_1_911' title='bbox 2376 4707 2643 4778; x_wconf 87' lang='lat' dir='ltr'><strong>judicium</strong></span> <span class='ocrx_word' id='word_1_912' title='bbox 2677 4724 2802 4762; x_wconf 88' lang='lat' dir='ltr'><strong>cum</strong></span> <span class='ocrx_word' id='word_1_913' title='bbox 2847 4723 3004 4764; x_wconf 79' lang='lat' dir='ltr'><strong>servo</strong></span> <span class='ocrx_word' id='word_1_914' title='bbox 3050 4723 3194 4771; x_wconf 86' lang='lat' dir='ltr'><strong>meo.</strong></span> <span class='ocrx_word' id='word_1_915' title='bbox 3234 4715 3288 4764; x_wconf 93' lang='lat' dir='ltr'><strong>et</strong></span> <span class='ocrx_word' id='word_1_916' title='bbox 3322 4709 3517 4763; x_wconf 88' lang='lat' dir='ltr'><strong>ancilla</strong></span> 
     </span>
    </p>
   </div>
   <div class='ocr_carea' id='block_1_109' title="bbox 1937 4797 3518 4870">
    <p class='ocr_par' dir='ltr' id='par_1_109' title="bbox 1937 4797 3518 4870">
     <span class='ocr_line' id='line_1_112' title="bbox 1937 4797 3518 4870; baseline 0.003 -20"><span class='ocrx_word' id='word_1_917' title='bbox 1937 4811 2080 4861; x_wconf 89' lang='lat' dir='ltr'><strong>mea,</strong></span> <span class='ocrx_word' id='word_1_918' title='bbox 2113 4813 2237 4851; x_wconf 91' lang='lat' dir='ltr'><strong>cum</strong></span> <span class='ocrx_word' id='word_1_919' title='bbox 2269 4797 2639 4870; x_wconf 88' lang='lat' dir='ltr'><strong>disceptarent</strong></span> <span class='ocrx_word' id='word_1_920' title='bbox 2663 4799 2952 4854; x_wconf 88' lang='lat' dir='ltr'><strong>adversum</strong></span> <span class='ocrx_word' id='word_1_921' title='bbox 2975 4801 3156 4856; x_wconf 80' lang='lat' dir='ltr'><strong>me&quot;:</strong></span> <span class='ocrx_word' id='word_1_922' title='bbox 3180 4821 3198 4852; x_wconf 72' lang='grc' dir='ltr'><strong>ι</strong></span> <span class='ocrx_word' id='word_1_923' title='bbox 3236 4809 3290 4856; x_wconf 91' lang='lat' dir='ltr'><strong>et</strong></span> <span class='ocrx_word' id='word_1_924' title='bbox 3322 4800 3518 4855; x_wconf 88' lang='lat' dir='ltr'><strong>deinde</strong></span> 
     </span>
    </p>
   </div>
   <div class='ocr_carea' id='block_1_110' title="bbox 1934 4891 3513 4964">
    <p class='ocr_par' dir='ltr' id='par_1_110' title="bbox 1934 4891 3513 4964">
     <span class='ocr_line' id='line_1_113' title="bbox 1934 4891 3513 4964; baseline 0.002 -21"><span class='ocrx_word' id='word_1_925' title='bbox 1934 4891 2201 4948; x_wconf 85' lang='lat' dir='ltr'><strong>rationem</strong></span> <span class='ocrx_word' id='word_1_926' title='bbox 2232 4891 2474 4964; x_wconf 87' lang='lat' dir='ltr'><strong>assignat</strong></span> <span class='ocrx_word' id='word_1_927' title='bbox 2500 4911 2512 4946; x_wconf 92' lang='lat'><strong>:</strong></span> <span class='ocrx_word' id='word_1_928' title='bbox 2552 4912 2570 4944; x_wconf 81' lang='grc' dir='ltr'><strong>ι</strong></span> <span class='ocrx_word' id='word_1_929' title='bbox 2601 4893 2741 4960; x_wconf 86' lang='lat' dir='ltr'><strong>Quid</strong></span> <span class='ocrx_word' id='word_1_930' title='bbox 2765 4894 2910 4949; x_wconf 90' lang='lat' dir='ltr'><strong>enim</strong></span> <span class='ocrx_word' id='word_1_931' title='bbox 2927 4893 3145 4960; x_wconf 80' lang='lat' dir='ltr'><strong>faciam,</strong></span> <span class='ocrx_word' id='word_1_932' title='bbox 3179 4895 3223 4950; x_wconf 91' lang='lat' dir='ltr'><strong>si</strong></span> <span class='ocrx_word' id='word_1_933' title='bbox 3247 4893 3513 4964; x_wconf 90' lang='lat' dir='ltr'><strong>judicium</strong></span> 
     </span>
    </p>
   </div>
   <div class='ocr_carea' id='block_1_111' title="bbox 1935 4987 3516 5058">
    <p class='ocr_par' dir='ltr' id='par_1_111' title="bbox 1935 4987 3516 5058">
     <span class='ocr_line' id='line_1_114' title="bbox 1935 4987 3516 5058; baseline 0.001 -19"><span class='ocrx_word' id='word_1_934' title='bbox 1935 4992 2127 5039; x_wconf 89' lang='lat' dir='ltr'><strong>contra</strong></span> <span class='ocrx_word' id='word_1_935' title='bbox 2163 5002 2248 5042; x_wconf 91' lang='lat' dir='ltr'><strong>me</strong></span> <span class='ocrx_word' id='word_1_936' title='bbox 2280 4988 2587 5042; x_wconf 84' lang='lat' dir='ltr'><strong>exercuerit</strong></span> <span class='ocrx_word' id='word_1_937' title='bbox 2612 4987 2793 5043; x_wconf 84' lang='lat' dir='ltr'><strong>Deus?</strong></span> <span class='ocrx_word' id='word_1_938' title='bbox 2823 4988 3070 5058; x_wconf 88' lang='lat' dir='ltr'><strong>nunquid</strong></span> <span class='ocrx_word' id='word_1_939' title='bbox 3106 5003 3216 5044; x_wconf 92' lang='lat' dir='ltr'><strong>non</strong></span> <span class='ocrx_word' id='word_1_940' title='bbox 3252 4990 3516 5057; x_wconf 86' lang='lat' dir='ltr'><strong>quemad-</strong></span> 
     </span>
    </p>
   </div>
   <div class='ocr_carea' id='block_1_112' title="bbox 1935 5077 3515 5148">
    <p class='ocr_par' dir='ltr' id='par_1_112' title="bbox 1935 5077 3515 5148">
     <span class='ocr_line' id='line_1_115' title="bbox 1935 5077 3515 5148; baseline 0.001 -19"><span class='ocrx_word' id='word_1_941' title='bbox 1935 5077 2156 5131; x_wconf 88' lang='lat' dir='ltr'><strong>modum</strong></span> <span class='ocrx_word' id='word_1_942' title='bbox 2192 5092 2293 5148; x_wconf 77' lang='lat' dir='ltr'><strong>ego</strong></span> <span class='ocrx_word' id='word_1_943' title='bbox 2336 5079 2514 5135; x_wconf 82' lang='lat' dir='ltr'><strong>factus</strong></span> <span class='ocrx_word' id='word_1_944' title='bbox 2549 5095 2670 5136; x_wconf 87' lang='lat' dir='ltr'><strong>sum</strong></span> <span class='ocrx_word' id='word_1_945' title='bbox 2721 5080 2776 5134; x_wconf 92' lang='lat' dir='ltr'><strong>in</strong></span> <span class='ocrx_word' id='word_1_946' title='bbox 2823 5094 3010 5144; x_wconf 86' lang='lat' dir='ltr'><strong>carne,</strong></span> <span class='ocrx_word' id='word_1_947' title='bbox 3043 5086 3098 5135; x_wconf 90' lang='lat' dir='ltr'><strong>et</strong></span> <span class='ocrx_word' id='word_1_948' title='bbox 3143 5079 3222 5135; x_wconf 91' lang='lat' dir='ltr'><strong>sic</strong></span> <span class='ocrx_word' id='word_1_949' title='bbox 3271 5079 3345 5132; x_wconf 91' lang='lat' dir='ltr'><strong>illi</strong></span> <span class='ocrx_word' id='word_1_950' title='bbox 3387 5077 3515 5133; x_wconf 82' lang='lat' dir='ltr'><strong>facti</strong></span> 
     </span>
    </p>
   </div>
   <div class='ocr_carea' id='block_1_113' title="bbox 1935 5167 3514 5239">
    <p class='ocr_par' dir='ltr' id='par_1_113' title="bbox 1935 5167 3514 5239">
     <span class='ocr_line' id='line_1_116' title="bbox 1935 5167 3514 5239; baseline 0.001 -16"><span class='ocrx_word' id='word_1_951' title='bbox 1935 5167 2103 5223; x_wconf 87' lang='lat' dir='ltr'><strong>sunt?</strong></span> <span class='ocrx_word' id='word_1_952' title='bbox 2135 5167 2261 5222; x_wconf 79' lang='lat' dir='ltr'><strong>facti</strong></span> <span class='ocrx_word' id='word_1_953' title='bbox 2300 5185 2465 5239; x_wconf 80' lang='lat' dir='ltr'><strong>porro</strong></span> <span class='ocrx_word' id='word_1_954' title='bbox 2509 5186 2698 5227; x_wconf 90' lang='lat' dir='ltr'><strong>sumus</strong></span> <span class='ocrx_word' id='word_1_955' title='bbox 2743 5172 2800 5226; x_wconf 91' lang='lat' dir='ltr'><strong>in</strong></span> <span class='ocrx_word' id='word_1_956' title='bbox 2840 5171 3030 5227; x_wconf 89' lang='lat' dir='ltr'><strong>eodem</strong></span> <span class='ocrx_word' id='word_1_957' title='bbox 3074 5180 3231 5226; x_wconf 89' lang='lat' dir='ltr'><strong>utero</strong></span> <span class='ocrx_word' id='word_1_958' title='bbox 3258 5171 3325 5225; x_wconf 86' lang='lat'><strong>&quot;.</strong></span> <span class='ocrx_word' id='word_1_959' title='bbox 3359 5190 3378 5222; x_wconf 80' lang='grc' dir='ltr'><strong>ι</strong></span> <span class='ocrx_word' id='word_1_960' title='bbox 3418 5169 3514 5225; x_wconf 88' lang='lat' dir='ltr'><strong>llis</strong></span> 
     </span>
    </p>
   </div>
   <div class='ocr_carea' id='block_1_114' title="bbox 1929 5257 3513 5330">
    <p class='ocr_par' dir='ltr' id='par_1_114' title="bbox 1929 5257 3513 5330">
     <span class='ocr_line' id='line_1_117' title="bbox 1929 5257 3513 5330; baseline 0.003 -18"><span class='ocrx_word' id='word_1_961' title='bbox 1929 5259 2179 5330; x_wconf 82' lang='lat' dir='ltr'><strong>adjungit</strong></span> <span class='ocrx_word' id='word_1_962' title='bbox 2211 5275 2224 5311; x_wconf 90' lang='lat'><strong>:</strong></span> <span class='ocrx_word' id='word_1_963' title='bbox 2262 5280 2280 5313; x_wconf 78' lang='grc' dir='ltr'><strong>ι</strong></span> <span class='ocrx_word' id='word_1_964' title='bbox 2321 5257 2510 5317; x_wconf 66' lang='lat' dir='ltr'><strong>Viduw</strong></span> <span class='ocrx_word' id='word_1_965' title='bbox 2551 5263 2769 5318; x_wconf 83' lang='lat' dir='ltr'><strong>oculum</strong></span> <span class='ocrx_word' id='word_1_966' title='bbox 2813 5277 2924 5317; x_wconf 92' lang='lat' dir='ltr'><strong>non</strong></span> <span class='ocrx_word' id='word_1_967' title='bbox 2951 5262 3256 5330; x_wconf 84' lang='lat' dir='ltr'><strong>liquescere</strong></span> <span class='ocrx_word' id='word_1_968' title='bbox 3288 5259 3390 5316; x_wconf 83' lang='lat' dir='ltr'><strong>feci</strong></span> <span class='ocrx_word' id='word_1_969' title='bbox 3420 5281 3433 5316; x_wconf 92' lang='lat'><strong>:</strong></span> <span class='ocrx_word' id='word_1_970' title='bbox 3467 5263 3513 5318; x_wconf 91' lang='lat' dir='ltr'><strong>si</strong></span> 
     </span>
    </p>
   </div>
   <div class='ocr_carea' id='block_1_115' title="bbox 1929 5351 3513 5422">
    <p class='ocr_par' dir='ltr' id='par_1_115' title="bbox 1929 5351 3513 5422">
     <span class='ocr_line' id='line_1_118' title="bbox 1929 5351 3513 5422; baseline 0.002 -19"><span class='ocrx_word' id='word_1_971' title='bbox 1929 5358 2110 5405; x_wconf 86' lang='lat' dir='ltr'><strong>autem</strong></span> <span class='ocrx_word' id='word_1_972' title='bbox 2134 5359 2186 5408; x_wconf 90' lang='lat' dir='ltr'><strong>et</strong></span> <span class='ocrx_word' id='word_1_973' title='bbox 2211 5351 2518 5422; x_wconf 77' lang='lat' dir='ltr'><strong>buccellatn</strong></span> <span class='ocrx_word' id='word_1_974' title='bbox 2543 5369 2718 5409; x_wconf 82' lang='lat' dir='ltr'><strong>meam</strong></span> <span class='ocrx_word' id='word_1_975' title='bbox 2734 5353 2948 5408; x_wconf 89' lang='lat' dir='ltr'><strong>comedi</strong></span> <span class='ocrx_word' id='word_1_976' title='bbox 2979 5351 3152 5416; x_wconf 86' lang='lat' dir='ltr'><strong>solus,</strong></span> <span class='ocrx_word' id='word_1_977' title='bbox 3170 5362 3224 5407; x_wconf 86' lang='lat' dir='ltr'><strong>et</strong></span> <span class='ocrx_word' id='word_1_978' title='bbox 3251 5367 3357 5407; x_wconf 92' lang='lat' dir='ltr'><strong>non</strong></span> <span class='ocrx_word' id='word_1_979' title='bbox 3387 5368 3513 5406; x_wconf 91' lang='lat' dir='ltr'><strong>cum</strong></span> 
     </span>
    </p>
   </div>
   <div class='ocr_carea' id='block_1_116' title="bbox 1929 5440 3510 5515">
    <p class='ocr_par' dir='ltr' id='par_1_116' title="bbox 1929 5440 3510 5515">
     <span class='ocr_line' id='line_1_119' title="bbox 1929 5440 3510 5515; baseline 0.002 -21"><span class='ocrx_word' id='word_1_980' title='bbox 1929 5440 2136 5511; x_wconf 87' lang='lat' dir='ltr'><strong>pupillo</strong></span> <span class='ocrx_word' id='word_1_981' title='bbox 2163 5443 2564 5500; x_wconf 87' lang='lat' dir='ltr'><strong>communicavi</strong></span> <span class='ocrx_word' id='word_1_982' title='bbox 2589 5461 2602 5496; x_wconf 86' lang='lat'><strong>:</strong></span> <span class='ocrx_word' id='word_1_983' title='bbox 2632 5452 2685 5498; x_wconf 90' lang='lat' dir='ltr'><strong>et</strong></span> <span class='ocrx_word' id='word_1_984' title='bbox 2717 5445 2764 5499; x_wconf 90' lang='lat' dir='ltr'><strong>si</strong></span> <span class='ocrx_word' id='word_1_985' title='bbox 2796 5445 2905 5499; x_wconf 89' lang='lat' dir='ltr'><strong>vidi</strong></span> <span class='ocrx_word' id='word_1_986' title='bbox 2935 5446 3140 5499; x_wconf 91' lang='lat' dir='ltr'><strong>nudum</strong></span> <span class='ocrx_word' id='word_1_987' title='bbox 3171 5452 3510 5515; x_wconf 89' lang='lat' dir='ltr'><strong>pereuntem,</strong></span> 
     </span>
    </p>
   </div>
   <div class='ocr_carea' id='block_1_117' title="bbox 1927 5535 3509 5608">
    <p class='ocr_par' dir='ltr' id='par_1_117' title="bbox 1927 5535 3509 5608">
     <span class='ocr_line' id='line_1_120' title="bbox 1927 5535 3509 5608; baseline 0 -20"><span class='ocrx_word' id='word_1_988' title='bbox 1927 5541 1982 5588; x_wconf 88' lang='lat' dir='ltr'><strong>et</strong></span> <span class='ocrx_word' id='word_1_989' title='bbox 2012 5549 2121 5588; x_wconf 90' lang='lat' dir='ltr'><strong>non</strong></span> <span class='ocrx_word' id='word_1_990' title='bbox 2148 5535 2426 5589; x_wconf 71' lang='lat' dir='ltr'><strong>vestivi&quot;.</strong></span> <span class='ocrx_word' id='word_1_991' title='bbox 2471 5556 2488 5587; x_wconf 73' lang='grc' dir='ltr'><strong>ι</strong></span> <span class='ocrx_word' id='word_1_992' title='bbox 2527 5535 2593 5591; x_wconf 84' lang='lat' dir='ltr'><strong>Et</strong></span> <span class='ocrx_word' id='word_1_993' title='bbox 2634 5537 2894 5608; x_wconf 87' lang='lat' dir='ltr'><strong>deinceps</strong></span> <span class='ocrx_word' id='word_1_994' title='bbox 2931 5551 3259 5608; x_wconf 84' lang='lat' dir='ltr'><strong>progressus</strong></span> <span class='ocrx_word' id='word_1_995' title='bbox 3308 5537 3389 5593; x_wconf 90' lang='lat' dir='ltr'><strong>sic</strong></span> <span class='ocrx_word' id='word_1_996' title='bbox 3423 5535 3509 5589; x_wconf 92' lang='lat' dir='ltr'><strong>di-</strong></span> 
     </span>
    </p>
   </div>
   <div class='ocr_carea' id='block_1_118' title="bbox 1924 5624 3508 5710">
    <p class='ocr_par' dir='ltr' id='par_1_118' title="bbox 1924 5624 3508 5710">
     <span class='ocr_line' id='line_1_121' title="bbox 1924 5624 3508 5710; baseline 0.001 -30"><span class='ocrx_word' id='word_1_997' title='bbox 1924 5624 1999 5680; x_wconf 91' lang='lat' dir='ltr'><strong>cit</strong></span> <span class='ocrx_word' id='word_1_998' title='bbox 2027 5645 2040 5678; x_wconf 91' lang='lat'><strong>:</strong></span> <span class='ocrx_word' id='word_1_999' title='bbox 2076 5643 2095 5678; x_wconf 86' lang='grc' dir='ltr'><strong>ι</strong></span> <span class='ocrx_word' id='word_1_1000' title='bbox 2135 5624 2194 5680; x_wconf 92' lang='lat' dir='ltr'><strong>Si</strong></span> <span class='ocrx_word' id='word_1_1001' title='bbox 2225 5641 2354 5682; x_wconf 89' lang='lat' dir='ltr'><strong>vero</strong></span> <span class='ocrx_word' id='word_1_1002' title='bbox 2385 5635 2440 5683; x_wconf 88' lang='lat' dir='ltr'><strong>et</strong></span> <span class='ocrx_word' id='word_1_1003' title='bbox 2481 5629 2535 5683; x_wconf 94' lang='lat' dir='ltr'><strong>in</strong></span> <span class='ocrx_word' id='word_1_1004' title='bbox 2560 5628 2738 5700; x_wconf 90' lang='lat' dir='ltr'><strong>lapide</strong></span> <span class='ocrx_word' id='word_1_1005' title='bbox 2766 5630 3007 5701; x_wconf 89' lang='lat' dir='ltr'><strong>pretioso</strong></span> <span class='ocrx_word' id='word_1_1006' title='bbox 3037 5630 3290 5684; x_wconf 85' lang='lat' dir='ltr'><strong>liduciam</strong></span> <span class='ocrx_word' id='word_1_1007' title='bbox 3318 5629 3508 5710; x_wconf 56' lang='lat' dir='ltr'><strong>habui,</strong></span> 
     </span>
    </p>
   </div>
   <div class='ocr_carea' id='block_1_119' title="bbox 2809 5790 3508 5855">
    <p class='ocr_par' dir='ltr' id='par_1_119' title="bbox 2809 5790 3508 5855">
     <span class='ocr_line' id='line_1_122' title="bbox 2809 5790 3508 5855; baseline -0.009 -9"><span class='ocrx_word' id='word_1_1008' title='bbox 2809 5794 2852 5824; x_wconf 80' lang='lat'>“</span> <span class='ocrx_word' id='word_1_1009' title='bbox 2891 5791 2912 5845; x_wconf 89' lang='lat' dir='ltr'><strong>l</strong></span> <span class='ocrx_word' id='word_1_1010' title='bbox 2951 5791 3076 5846; x_wconf 87' lang='lat' dir='ltr'><strong>Cor.</strong></span> <span class='ocrx_word' id='word_1_1011' title='bbox 3123 5808 3232 5855; x_wconf 82' lang='grc' dir='ltr'>ιιι,</span> <span class='ocrx_word' id='word_1_1012' title='bbox 3292 5790 3384 5842; x_wconf 65' lang='lat'><strong>26.</strong></span> <span class='ocrx_word' id='word_1_1013' title='bbox 3465 5792 3508 5822; x_wconf 66' lang='lat'><strong>‘9</strong></span> 
     </span>
    </p>
   </div>
   <div class='ocr_carea' id='block_1_120' title="bbox 2151 5861 3501 5937">
    <p class='ocr_par' dir='ltr' id='par_1_120' title="bbox 2151 5861 3501 5937">
     <span class='ocr_line' id='line_1_123' title="bbox 2151 5861 3501 5937; baseline -0.001 -21"><span class='ocrx_word' id='word_1_1014' title='bbox 2151 5862 2198 5937; x_wconf 81' lang='lat'><strong>&quot;_’_</strong></span> <span class='ocrx_word' id='word_1_1015' title='bbox 2227 5862 2527 5937; x_wconf 24' lang='lat' dir='ltr'><strong>blatthi‘v.</strong></span> <span class='ocrx_word' id='word_1_1016' title='bbox 2569 5863 2660 5932; x_wconf 71' lang='lat'><strong>‘27,</strong></span> <span class='ocrx_word' id='word_1_1017' title='bbox 2702 5865 2809 5937; x_wconf 37' lang='lat'><strong>‘28..</strong></span> <span class='ocrx_word' id='word_1_1018' title='bbox 2901 5864 2966 5930; x_wconf 44' lang='grc' dir='ltr'><strong>⁷δὶ</strong></span> <span class='ocrx_word' id='word_1_1019' title='bbox 3006 5861 3108 5917; x_wconf 82' lang='lat' dir='ltr'><strong>Job</strong></span> <span class='ocrx_word' id='word_1_1020' title='bbox 3166 5879 3313 5926; x_wconf 62' lang='lat' dir='ltr'><strong>sum,</strong></span> <span class='ocrx_word' id='word_1_1021' title='bbox 3354 5927 3365 5933; x_wconf 92' lang='lat'>_</span> <span class='ocrx_word' id='word_1_1022' title='bbox 3391 5861 3501 5914; x_wconf 81' lang='lat'><strong>7-9.</strong></span> 
     </span>
    </p>
   </div>
   <div class='ocr_carea' id='block_1_121' title="bbox 2082 5931 2520 5990">
    <p class='ocr_par' dir='ltr' id='par_1_121' title="bbox 2082 5931 2520 5990">
     <span class='ocr_line' id='line_1_124' title="bbox 2082 5931 2520 5990; baseline 0.011 -5"><span class='ocrx_word' id='word_1_1023' title='bbox 2082 5931 2127 5962; x_wconf 81' lang='grc'><strong>⁷⁸</strong></span> <span class='ocrx_word' id='word_1_1024' title='bbox 2167 5933 2294 5988; x_wconf 88' lang='lat' dir='ltr'><strong>ibid.</strong></span> <span class='ocrx_word' id='word_1_1025' title='bbox 2342 5934 2520 5990; x_wconf 68' lang='lat' dir='ltr'><strong>lii-I9.</strong></span> 
     </span>
    </p>
   </div>
  </div>
