4018 6514
533 431 601 486 55
1163 442 1433 502 EUSEBll
1469 449 1948 506 CESARIENSIS
1981 448 2130 508 OPP.
2156 451 2350 538 'PARS
2391 449 2454 506 ll.
2497 482 2566 493 ——
2597 447 3098 507 APOLOGETICA.
3693 451 3758 506 56

532 567 584 613 et
607 559 817 614 laetatus
848 577 990 624 sum,
1020 577 1142 616 cum
1174 565 1354 617 multae
1373 565 1500 620 mihi
1525 566 1724 622 divitiae
1747 577 1948 633 essent,
1977 571 2100 625 etsi

2204 569 2294 624 τοῦ
2331 572 2400 640 φή
2411 587 2622 632 σαντοςο
2638 589 2654 620 ι
2681 569 2885 641 Ξένοςῆ
2895 587 3019 640 μην,
3039 569 3134 621 καὶ
3153 565 3486 640 συνηγάγετέ
3507 585 3592 638 με.
3609 587 3633 621 ι
3662 567 3758 622 Οἷα

535 650 603 702 ad
639 652 1054 708 innumerabilia
1079 655 1231 724 posui
1255 672 1476 710 manum
1509 675 1682 714 meam
1705 661 1769 716 τ’.
1803 681 1822 714 ι
1863 664 1966 734 16
1990 663 2097 717 Ra-

531 743 843 814 tionemque
871 745 996 799 item
1027 745 1271 816 adjungit
1299 763 1313 798 :
1352 767 1369 798 ι
1405 749 1486 804 An
1519 765 1628 805 non
1655 753 1902 808 videmus
1929 756 2096 809 solem

531 834 666 888 oriri
704 849 768 888 ac
808 833 1059 898 deiicere,
1103 837 1396 906 lunamque
1441 839 1690 896 desinere
1707 843 1792 896 ³⁸⁸1
1825 861 1843 893 ι
1882 841 2095 900 Rursus

532 939 660 978 cu
693 925 940 979 doctrina
977 928 1288 996 evangelica
1328 929 1474 982 dicat
1502 949 1514 984 :
1548 949 1566 981 ‹
1603 932 1812 988 Dictum
1843 941 1926 990 est
1955 936 2092 990 anti-

531 1019 657 1088 quis
684 1037 697 1070 :
731 1017 930 1088 Diliges
959 1021 1260 1088 proximum
1295 1027 1468 1086 tuum,
1500 1031 1553 1076 et
1587 1025 1710 1079 odio
1739 1027 1962 1083 habebis
1995 1029 2098 1082 ini-

530 1111 731 1166 micum
757 1119 929 1164 tuum.
955 1111 1068 1182 Ego
1103 1120 1281 1167 autem
1315 1115 1440 1169 dico
1474 1116 1648 1183 vobis,
1682 1119 1886 1189 diligite
1915 1121 2098 1174 inimi-

533 1217 628 1258 cos
656 1211 868 1257 vestros
887 1204 927 1235 '“
951 1223 962 1256 :
999 1225 1016 1256 ι
1043 1204 1379 1260 admirabilis
1403 1207 1493 1261 hic
1527 1209 1608 1262 vir
1637 1210 1821 1264 innata
1845 1212 2095 1268 doctrina

531 1295 888 1366 praeveniens,
922 1300 1095 1365 ipsum
1125 1313 1263 1367 opus
1310 1301 1620 1370 complevit.
1653 1301 1796 1372 Ergo
1821 1305 1899 1360 sic
1928 1307 2098 1376 loqui-

529 1395 658 1438 tur:
699 1405 716 1437 ι
751 1387 806 1441 Si
841 1389 1060 1459 gavisus
1099 1405 1220 1444 sum
1255 1406 1422 1460 super
1465 1393 1619 1446 ruina
1651 1395 1856 1450 inimici
1883 1399 2010 1462 mei,
2043 1406 2098 1453 et

531 1477 670 1532 dixit
699 1495 794 1532 cor
821 1497 1021 1548 meum,
1053 1481 1217 1552 Euge,
1245 1483 1429 1537 audiat
1455 1499 1586 1540 sane
1615 1487 1764 1543 auris
1794 1503 1911 1543 mea
1940 1505 2097 1546 exse-

531 1573 829 1629 crationem
875 1590 1046 1629 meam
1065 1578 1132 1632 δ’.
1171 1597 1190 1628 ι
1227 1577 1365 1633 Tum
1407 1580 1656 1652 adjungit
1694 1599 1708 1633 :
1750 1602 1770 1634 ι
1803 1583 1958 1639 Foris
2001 1600 2097 1640 au-

531 1673 642 1720 tem
675 1681 782 1720 non
813 1667 1014 1722 mansit
1041 1668 1388 1741 Peregrinus,
1429 1682 1483 1728 et
1505 1675 1705 1728 ostium
1736 1691 1917 1731 meum
1951 1678 2099 1733 omni

530 1759 768 1812 venienti
801 1761 975 1828 patuit
995 1761 1062 1826 ⁸³,
1105 1782 1123 1814 ι
1155 1777 1221 1816 eo
1254 1765 1396 1833 quod
1437 1781 1546 1820 non
1587 1767 1800 1824 alienus
1841 1779 1985 1824 esset
2030 1771 2099 1827 ab

531 1863 598 1904 eo
620 1850 864 1918 quidixit
889 1871 902 1906 :
941 1871 958 1904 ι
989 1852 1314 1924 Peregrinus
1338 1873 1480 1925 sum,
1503 1859 1864 1930 etcollegistis
1889 1877 1972 1916 me
1993 1861 2090 1916 ⁸⁸.»

2201 661 2258 714 δὲ
2286 660 2448 715 αὐτοῦ
2471 661 2563 714 καὶ
2591 660 2660 713 τὰ
2681 662 2805 730 περί
2825 660 2934 712 τῶν
2961 660 3226 712 ἀκουσίων
3261 657 3758 729 πλημμελημάτων,
3799 717 3802 719 λ

2203 755 2500 808 ἐπάκουσον
2537 753 2800 822 λέγοντος
2839 773 2858 804 ι
2909 753 2972 804 Εἰ
3011 751 3064 804 δὲ
3091 751 3183 804 καὶ
3213 749 3467 821 ἁμαρτὼν
3499 748 3764 814 ἀκουσίως

2203 845 2411 920 ἔκρυψα
2434 847 2530 918 τὴν
2583 846 2852 916 ἁμαρτίαν
2887 862 3006 915 μου,
3049 845 3110 897 οὐ
3152 843 3258 915 γὰρ
3281 841 3572 915 διετράπην
3599 842 3762 894 πολυ-

2202 939 2383 1010 οχλίαν
2411 938 2773 1010 πλήθους,τοῦ
2807 937 2880 1008 μὴ
2917 936 3267 1008 ἐξαγορεῦσαι
3307 933 3532 988 ἐνώπιον
3565 933 3760 987 αὐτῶν.

2203 1031 2267 1084 Ei
2297 1031 2352 1084 δέ
2379 1031 2472 1084 καὶ
2495 1031 2648 1084 εῐαιτα
2669 1029 2928 1082 ἀδύνατον
2947 1028 3176 1094 ἐξελθεῖν
3203 1027 3299 1100 τὴν
3320 1027 3490 1098 θύραν
3515 1043 3612 1097 μου
3643 1025 3766 1079 κόλ-

2205 1141 2292 1193 πῳ
2327 1123 2484 1194 κενῷ,
2516 1125 2672 1194 χεῖρα
2695 1122 2750 1174 δὲ
2785 1121 2986 1192 Κυρίου
3011 1123 3057 1173 εί
3087 1120 3160 1190 μὴ
3192 1120 3494 1182 ἐδεδοίκειν,
3530 1134 3768 1190 συγγρα-

2204 1213 2310 1284 φὴν
2340 1212 2395 1265 δέ
2417 1215 2482 1283 ἣν
2518 1208 2661 1282 εῐχον
2703 1211 2844 1264 κατά
2861 1228 3024 1275 τινος,
3061 1212 3107 1262 εί
3159 1210 3230 1281 μὴ
3268 1205 3432 1280 ρἦας
3465 1207 3632 1278 αὐτὴν
3661 1207 3768 1260 ἀπ-

2203 1306 2399 1370 έδωκα,
2421 1305 2569 1359 οὐδὲν
2609 1305 2782 1358 λαϐὼν
2817 1305 2962 1377 παρά
3003 1301 3409 1375 χρεωφειλέτου.
3441 1321 3459 1353 ι
3488 1299 3672 1354 Ταῦτα
3699 1296 3768 1370 ἦν

2203 1399 2296 1450 καὶ
2319 1397 2386 1450 τὰ
2414 1397 2634 1451 τοιαῦτα
2662 1397 2771 1450 τῶν
2803 1396 2907 1467 πρὸ
2951 1395 3194 1457 Μωσέως
3259 1393 3516 1462 θεοφιλῶν
3559 1392 3770 1462 ἀνδρῶν

2206 1487 2284 1558 (ἐξ
2316 1489 2434 1551 ἑνὸς
2455 1487 2562 1560 γὰρ
2597 1489 2691 1541 καὶ
2714 1488 2804 1541 τὸν
2835 1487 2942 1540 τῶν
2963 1487 3164 1539 λοιπῶν
3187 1483 3578 1555 τεκμαίρεσθαι
3609 1499 3772 1554 προσ-

2205 1580 2328 1652 ήκει
2359 1579 2514 1652 βίον),
2548 1579 2616 1633 τά
2648 1581 2990 1652 περιύμνητα
3028 1579 3126 1648 τῆς
3165 1577 3474 1640 θεοσεϐείας
3501 1573 3658 1638 ἆθλα,
3699 1576 3768 1628 δι’

2203 1669 2240 1723 ἀ
2263 1671 2403 1739 φίλοι
2428 1671 2561 1725 Θεοῦ
2605 1671 2699 1724 καὶ
2737 1670 3011 1742 προφῆται
3037 1666 3466 1739 κατηξιώθησαν.
3499 1668 3541 1719 Τ
3545 1665 3776 1728 οιούτοις

2203 1765 2247 1818 δ’
2267 1760 2406 1829 οὖσι,
2433 1765 2518 1827 τίς
2545 1763 2623 1816 ἔτι
2647 1763 2801 1835 χρεία
2823 1758 2890 1832 ἦν
2913 1761 3020 1814 τῶν
3067 1760 3217 1832 παρά
3241 1761 3430 1814 Μωσεί
3457 1757 3771 1830 παραγγελ-

2209 1857 2392 1928 μάτων
2439 1853 2659 1924 φαῦλοις
2701 1854 2921 1926 ἀνδράσι
2957 1854 3049 1906 καὶ
3084 1852 3372 1923 μοχθηροῖς
3415 1851 3775 1923 παραδεδομέ-

531 1943 723 2010 Qualia
757 1960 922 2014 porro
965 1947 1094 2010 sint,
1134 1964 1254 2017 quae
1293 1949 1435 2005 idem
1479 1952 1678 2006 sentiat
1718 1953 1786 2008 de
1835 1955 2093 2024 peccatis,

2204 1959 2332 2010 νων;
2371 1942 2578 1996 Οὐκοῦν
2619 1942 2706 1994 διὰ
2735 1941 2936 1995 τούτων
2977 1942 3232 1995 ἁπάντων
3266 1941 3356 1994 τὸν
3391 1941 3772 2012 ἀρχαιότατον,

531 2049 655 2106 quae
695 2049 889 2108 praeter
937 2040 1271 2095 voluntatem
1326 2035 1776 2112 committuntur,
1795 2047 1922 2102 audi
1965 2063 2102 2102 eun-

532 2130 654 2184 dem
681 2129 950 2188 dicentem
977 2149 992 2187 :
1021 2152 1039 2184 ι
1080 2131 1236 2199 Quod
1265 2135 1311 2189 si
1358 2135 1549 2192 nolens
1583 2138 1699 2208 ipse
1741 2139 2098 2207 peccaverim,

531 2227 586 2274 et
610 2227 894 2290 peccatum
938 2237 1117 2276 meum
1161 2223 1571 2291 occultaverim,
1602 2243 1709 2280 non
1739 2228 1884 2282 enim
1913 2228 2098 2282 horrui

529 2311 917 2366 turbul‘entiam
963 2313 1348 2377 multitudinis,
1397 2331 1465 2372 ne
1499 2317 1840 2374 enuntiarem
1884 2319 1940 2374 in
1965 2335 2099 2375 eon-

535 2415 722 2472 spectu
768 2421 956 2460 eorum
990 2425 1002 2460 :
1046 2409 1091 2461 si
1127 2421 1255 2462 vero
1291 2406 1514 2478 permisi
1545 2408 1759 2479 inopem
1794 2411 1944 2466 abire
1976 2413 2100 2466 sinu

531 2507 726 2562 vacuo,
758 2503 812 2549 et
839 2509 1058 2548 manum
1102 2494 1315 2550 Domini
1356 2497 1402 2550 si
1447 2511 1558 2551 non
1597 2499 1842 2564 extimui,
1873 2515 2101 2572 syngra-

529 2583 694 2652 pham
737 2591 942 2650 autem,
975 2601 1136 2656 quam
1168 2586 1334 2640 habui
1369 2587 1630 2645 adversus
1669 2591 2012 2661 quempiam,
2053 2593 2097 2647 si

529 2687 640 2725 non
671 2673 902 2728 scissam
951 2689 1070 2729 eam
1113 2675 1344 2740 reddidi,
1399 2679 1534 2733 nihil
1582 2682 1855 2751 accipiens
1887 2695 1916 2732 a
1946 2679 2098 2734 debi-

531 2765 732 2823 tore”.
765 2783 786 2817 ι
818 2765 942 2820 Haec
979 2766 1144 2836 igitur
1173 2763 1334 2837 atque
1365 2769 1676 2840 bujusmodi
1711 2778 1866 2826 erant
1897 2772 1950 2825 in
1995 2771 2096 2836 iis,

533 2858 628 2929 qui
691 2864 818 2912 ante
871 2857 1073 2913 Mosem
1123 2857 1364 2926 fuerunt,
1413 2861 1547 2917 viris
1602 2863 1807 2918 sanctis
1854 2863 1941 2934 (de
1990 2864 2100 2918 vita

532 2949 679 3004 enim
706 2947 869 3003 unius
903 2947 1234 3017 reliquorum
1263 2949 1390 3002 item
1425 2952 1700 3021 conjicere
1723 2953 1890 3006 vitam
1927 2954 2098 3026 licet),

533 3055 632 3110 pro
661 3039 920 3110 religione
945 3041 1195 3096 videlicet
1243 3042 1442 3098 divinis
1477 3043 1728 3100 laudibus
1775 3046 2098 3103 celebranda

533 3131 856 3193 certamina,
893 3145 990 3201 per
1031 3148 1150 3202 quae
1195 3140 1249 3188 et
1299 3133 1458 3188 amici
1485 3134 1600 3198 Dei,
1641 3141 1694 3190 et
1733 3137 2007 3206 prophetae
2039 3145 2100 3191 ut

533 3221 881 3286 exsisterent,
928 3223 1076 3294 digiti
1106 3224 1280 3279 ell‘ecti
1339 3235 1485 3280 sunt.
1537 3225 1695 3282 Tales
1753 3237 1934 3284 autem
1973 3245 2098 3284 cum

533 3323 736 3377 essent,
767 3315 896 3385 quid
927 3315 1033 3368 illis
1065 3325 1330 3387 pmcepta
1366 3317 1531 3372 Musis
1557 3319 1816 3389 prodesse
1830 3315 2098 3390 poterant,

533 3419 655 3474 quae
687 3406 1000 3477 vulgaribus
1047 3417 1207 3480 atque
1257 3411 1619 3465 insolentibus
1660 3411 1794 3466 viris
1829 3412 2102 3482 descripta

534 3507 588 3552 et
619 3497 818 3552 tradita
850 3502 1016 3555 sunt?
1042 3501 1114 3556 Ex
1151 3502 1233 3557 his
1273 3502 1438 3573 igitur
1479 3504 1735 3558 omnibus
1762 3503 1908 3574 quod
1949 3513 2106 3558 vetu-

536 3587 836 3644 stissimum
893 3591 1192 3660 primorum
1244 3591 1465 3646 Patrum
1515 3593 1794 3664 religionis
1860 3609 2099 3658 morem,

534 3683 749 3735 cunctis
773 3682 1024 3751 gentibus
1054 3683 1254 3741 Christi
1285 3684 1508 3740 verbum
1537 3685 1960 3749 denuntiaverit,
1983 3700 2101 3738 ma-

535 3773 887 3829 nifestissime
919 3783 1161 3846 apparet,
1187 3791 1254 3830 ne
1283 3775 1685 3832 Testamentum
1716 3776 1924 3832 Novum
1957 3778 2104 3834 aliud

536 3881 658 3918 esse
679 3870 952 3934 putemus,
987 3881 1149 3936 quam
1179 3865 1618 3936 antiquissimam
1651 3867 1797 3921 illam
1832 3866 2099 3922 Mosaica-

534 3971 657 4010 rum
682 3964 985 4027 temporum
1019 3957 1267 4029 religioni
1297 3959 1640 4028 conjunctam
1671 3959 1882 4014 civilem
1906 3961 2103 4014 oratio-

535 4063 681 4112 nem,
710 4055 769 4103 ut
797 4058 848 4104 et
881 4057 1034 4104 vetus
1085 4051 1307 4119 pariter,
1338 4057 1392 4104 et
1425 4049 1568 4104 idem
1599 4064 1800 4105 novum
1831 4051 2104 4120 possimus

535 4139 723 4196 dicere
748 4157 762 4193 :
797 4149 953 4197 vetus
985 4141 1202 4211 quidem
1245 4149 1468 4213 propter
1495 4157 1558 4198 ea
1584 4157 1707 4213 qtae
1730 4143 2103 4199 demonstrata

533 4239 664 4286 sunt
693 4247 705 4283 :
735 4247 934 4287 novum
963 4240 1140 4288 autem
1175 4241 1478 4303 propterea,
1513 4233 1658 4303 quod
1683 4235 1842 4305 longo
1868 4243 1992 4304 post
2022 4235 2105 4289 in-

531 4323 766 4379 tervallo
791 4325 948 4394 quasi
993 4323 1308 4378 hominibus
1349 4322 1751 4390 absconditum,
1783 4340 1976 4380 rursus
2005 4335 2103 4395 per

536 4416 836 4472 Salvatoris
855 4417 1028 4472 nostri
1058 4416 1362 4471 doctrinam
1391 4416 1645 4471 revixeri—t
1669 4432 1682 4468 :
1708 4425 1821 4470 toto
1853 4432 1981 4470 vero
2001 4416 2105 4470 hoc

535 4510 718 4564 medio
747 4510 814 4566 de
843 4525 957 4580 quo
1005 4511 1211 4565 dictum
1245 4516 1330 4566 est
1379 4517 1639 4578 tempore,
1686 4509 1926 4580 quandiu
1967 4508 2100 4564 Novi

533 4598 868 4656 Testamenti
889 4617 1026 4667 mos,
1051 4611 1112 4657 ut
1143 4603 1389 4657 homines
1415 4602 1628 4663 lateret,
1657 4611 1709 4656 et
1739 4602 1898 4672 quasi
1921 4601 2102 4671 quiete

2199 2033 2300 2103 τῆς
2325 2031 2433 2084 τῶν
2467 2031 2822 2103 προπατόρων
2847 2030 3152 2093 θεοσεϐείας
3193 2030 3414 2101 τρόπον,
3451 2033 3480 2082 ὁ
3530 2030 3771 2102 Χριστοῦ

2201 2127 2370 2195 Λόγος
2393 2126 2524 2178 πᾶσι
2561 2123 2920 2192 καταγγείλας
2951 2127 3061 2186 τοῖς
3095 2121 3273 2176 ἔθνεσι
3309 2123 3601 2194 προφανῶς
3629 2125 3773 2177 ἀπο·-

2200 2215 2480 2279 δέδεικται,
2495 2214 2569 2277 ώς
2579 2211 2713 2266 εἶναι
2729 2214 2828 2285 τὴν
2842 2213 3044 2283 Καινὴν
3055 2211 3588 2284 Διαθήκηνούδ’(5“⁶)
3605 2213 3775 2284 ἄλλην

2201 2307 2412 2378 ἐκείνης
2431 2307 2529 2377 τῆς
2558 2303 2917 2376 ἀρχαιοτάτης
2947 2304 3053 2357 τῶν
3083 2305 3324 2368 Μωσέως
3357 2305 3560 2376 χρόνων
3615 2305 3776 2358 εὐσε-

2201 2399 2329 2463 ϐοῦς
2369 2398 2664 2462 πολιτείας,
2699 2397 2838 2451 ὥστε
2877 2396 3014 2469 ὁμοῦ
3049 2399 3142 2450 καὶ
3170 2397 3406 2451 παλαιάν
3427 2398 3596 2468 αὐτὴν
3629 2395 3778 2452 εἶναι

2201 2492 2300 2544 καὶ.
2343 2491 2484 2545 νέαν·
2531 2489 2896 2560 παλαιοτάτην
2939 2491 3036 2560 μὲν
3071 2488 3160 2543 διὰ
3207 2489 3276 2542 τά
3322 2489 3776 2559 ἀποδεδειγμένα,

2201 2583 2326 2635 νέαν
2359 2583 2416 2636 δὲ
2461 2579 2614 2647 αὖθις
2649 2583 2736 2636 διά
2781 2583 2861 2648 τὸ,
2903 2585 3132 2654 μακροῖς
3176 2585 3290 2646 τοῖς
3333 2582 3534 2652 μεταξὺ
3559 2583 3772 2654 χρόνοις

2200 2676 2386 2748 ὥσπερ
2413 2678 2812 2750 ἀποκρυϐεῖσαν
2841 2677 2900 2742 ἐξ
2933 2675 3250 2749 ἀνθρώπων,
3284 2672 3438 2740 αὖθις
3465 2675 3772 2730 ἀναϐεϐιω-

2199 2769 2352 2822 κέναι
2383 2768 2470 2821 διά
2494 2769 2594 2839 τῆς
2624 2770 2718 2822 τοῦ
2739 2769 2990 2841 Σωτῆρος
3008 2768 3160 2839 ἡμῶν
3179 2767 3541 2830 διδασκαλίας.
3566 2766 3774 2820 Τοῦτόν

2200 2861 2264 2929 γέ
2289 2877 2370 2913 τοι
2401 2861 2492 2914 τὸν
2528 2861 2726 2931 μεταξὺ
2753 2860 3076 2932 δηλούμενον
3117 2860 3304 2931 χρόνον
3341 2859 3446 2921 ἓως
3493 2857 3778 2912 συνέϐαινε

2199 2951 2477 3006 λανθάνειν
2492 2951 2827 3022 ἀνθρώπους,
2851 2953 2943 3004 καὶ
2959 2950 3146 3022 ὥσπερ
3174 2949 3534 3020 ὲφησυχάζεω
3557 2950 3646 3002 τὸν
3671 2950 3774 3020 τῆς

2200 3042 2406 3112 Καινῆς
2446 3042 2715 3114 Διαθήκης
2745 3043 2963 3114 τρόπον,
3010 3043 3038 3094 ὁ
3067 3041 3306 3105 Μωσέως
3333 3044 3391 3094 ὲν
3439 3041 3516 3111 τῷ
3567 3041 3778 3112 μεταξὺ

2201 3132 2571 3202 παρεισελθὼν
2599 3135 2781 3204 νόμος,
2810 3131 2898 3188 οἷά
2917 3152 3000 3198 τις
3021 3134 3230 3205 νηπίων
3249 3135 3344 3187 καὶ
3364 3133 3570 3187 ἀτελῶν
3581 3133 3778 3202 ψυχῶν.

2202 3224 2490 3295 ἐπίτροπος
2511 3227 2603 3278 καὶ
2621 3227 2919 3296 οἰκονόμος,
2945 3226 2977 3296 ἢ
3000 3226 3092 3278 xui.
3113 3224 3313 3296 ἰατρὸς,
3331 3225 3476 3296 δεινῇ
3502 3225 3771 3292 καὶΑίγυ-

2205 3319 2408 3386 πτιακῇ
2432 3317 2570 3386 νόσῳ
2592 3318 2988 3389 τετρυχωμένῳ
3014 3318 3090 3389 τῷ
3117 3319 3277 3370 παντὶ
3309 3315 3578 3370 Ἰουδαίων
3607 3315 3770 3380 ἔθνει,

2204 3409 2390 3472 αὐτοῖς
2421 3408 2483 3480 δὴ
2515 3413 2627 3472 τοῖς
2659 3409 2754 3462 τοῦ
2815 3409 3062 3482 Ἀϐραὰμ
3099 3410 3386 3478 ἀπογόνοις
3421 3409 3494 3480 μὴ
3533 3409 3664 3471 οἵοις
3711 3425 3774 3462 τε

2203 3495 2350 3554 οὖσιν
2379 3500 2577 3572 ὁμοίως
2607 3503 2717 3564 τοῖς
2759 3501 3098 3572 προπάτορσι
3141 3499 3458 3572 κατορθοῦν,
3504 3500 3596 3552 τὸν
3637 3500 3774 3552 ὑπο-

2203 3595 2472 3666 ϐεϐηκότα
2497 3595 2590 3648 καὶ
2623 3594 2784 3664 ἀτελῆ
2821 3593 2934 3664 βίον
2977 3594 3282 3664 παρεδίδου.
3337 3592 3551 3662 Ἐπειδὴ
3579 3591 3685 3662 γάρ
3711 3593 3774 3644 ἐν

2202 3691 2267 3760 τῇ
2299 3688 2428 3759 παρ’
2457 3686 2770 3756 Αἰγυπτίοις
2797 3685 3041 3757 διατριϐῇ
3061 3681 3204 3740 οὗτοι
3241 3685 3375 3756 μετὰ
3405 3685 3500 3755 τὴν
3519 3683 3624 3737 τῶν
3651 3683 3772 3737 θεο-

2203 3779 2372 3849 φιλῶν
2438 3778 2793 3850 προπατόρων
2853 3777 3129 3848 τελευτὴν,
3173 3781 3294 3839 ταῖς
3374 3777 3772 3844 Αίγυπτιακαῖς

2203 3869 2601 3940 όμοιοτροπίαις
2621 3868 2976 3938 ἀπαχθέντες,
2993 3869 3087 3921 ἐπὶ
3097 3869 3194 3941 τὴν
3217 3868 3494 3931 πολύθεον,
3515 3866 3588 3930 ὼς
3613 3857 3774 3938 ἔφην,

2203 3961 2618 4031 δεισιδαιμονίαν
2651 3961 3140 4025 ἀποπεπτώκεσαν,
3169 3963 3244 4025 ὡς
3275 3961 3439 4033 μηδὲν
3474 3960 3581 4013 τῶν
3608 3963 3774 4030 Αἰγυ-

2205 4055 2373 4108 πτίων
2403 4054 2560 4107 πλέον
2591 4053 2734 4124 ἔχειν
2778 4055 2976 4116 δοκεῖν,
3017 4055 3294 4124 γεγονέναι
3334 4057 3390 4108 δὲ
3429 4055 3568 4109 κατὰ
3595 4053 3773 4108 πάντα

2203 4147 2420 4218 ὁμοίους
2447 4147 2647 4213 αὐτοῖς,
2682 4147 2821 4200 κατά
2847 4165 2906 4200 τε
2939 4147 3036 4218 τὴν
3066 4147 3172 4200 τῶν
3204 4146 3432 4200 εἰδώλων
3455 4147 3682 4217 πλάνην,
3715 4144 3770 4198 ἐν

2202 4256 2262 4291 τε
2285 4241 2398 4303 τοῖς
2426 4238 2604 4302 ἄλλοις
2640 4240 3031 4312 ἐγχειρήμασιν
3049 4257 3062 4269 ·
3093 4239 3338 4304 εἰκότως,
3365 4239 3552 4311 ῶσπερ
3581 4241 3646 4290 ἐκ
3676 4235 3776 4307 βυ-

2207 4329 2300 4382 θοῦ
2337 4329 2520 4382 κακῶν
2553 4327 2895 4400 ἀνιμώμενος
2923 4329 3120 4392 αὐτοὺς
3143 4331 3170 4381 ό
3190 4329 3415 4398 Μωσῆς,
3445 4329 3646 4399 ἀφίστη
3675 4328 3773 4398 μὲν

2205 4420 2305 4492 τῆς
2337 4419 2496 4474 ἀθέου
2540 4419 2844 4482 πολυθεῖας,
2883 4419 3054 4490 ἀνῆγε
3085 4420 3142 4474 δὲ
3187 4421 3276 4474 ἐπὶ
3309 4421 3401 4472 τὸν
3435 4418 3648 4470 πάντων
3680 4417 3774 4488 δη-

2211 4510 2466 4582 μιουργὸν
2515 4511 2667 4574 Θεὸν,
2715 4511 2928 4583 πρῶτον
2965 4513 3172 4565 ἐκεῖνον
3217 4509 3421 4580 βαθμὸν
3471 4508 3770 4572 εὐσεϐείας,

2208 4602 2282 4666 ὡς
2324 4603 2381 4654 ἐν
2425 4603 2752 4670 εἰσαγωγαῖς
2795 4604 2888 4656 καὶ
2921 4601 3246 4674 προθύροις,
3288 4599 3397 4654 τῶν
3429 4599 3772 4671 τελεωτέρων

533 4707 598 4746 ac
656 4693 874 4749 silentio
924 4701 1221 4759 teneretur,
1263 4697 1487 4751 evenit:
1531 4693 1698 4748 Mosis
1761 4695 1966 4750 interea
2011 4695 2098 4750 lex

2207 4692 2661 4764 προϐεϐλημένος.
2701 4693 2929 4747 Ἔπειτα
2973 4694 3032 4746 οὐ
3087 4693 3350 4762 φονεύειν,
3381 4693 3442 4746 οὐ
3479 4691 3771 4763 μοιχεύειν,

533 4783 782 4853 ingressa
823 4787 980 4857 quasi
1025 4787 1314 4858 puerilium
1369 4785 1918 4855 imperfectorumque
1983 4785 2102 4840 ani-

535 4889 750 4930 marum
806 4878 1048 4952 curatrix
1100 4877 1384 4948 quaedam,
1437 4885 1490 4933 et
1553 4877 1946 4948 gubernatrix,
2007 4885 2102 4932 aut

535 4967 700 5022 etiam
735 4968 930 5024 medici
971 4968 1260 5037 cujusdam
1297 4968 1496 5032 instar,
1539 4969 1688 5038 gravi
1745 4968 2104 5039 Egyptiaco-

532 5075 640 5128 que
669 5059 782 5130 17
826 5061 1016 5116 morbo
1043 5061 1308 5114 laboranti
1339 5060 1606 5116 universa:
1647 5059 1958 5116 Judzeorum
2001 5076 2102 5115 na-

533 5153 693 5216 tioni,
743 5153 878 5224 ipsis
923 5155 1170 5210 videlicet
1209 5153 1440 5208 Abrahae
1481 5153 1799 5224 nepotibus,
1846 5162 1902 5210 et
1944 5155 2013 5210 ab
2039 5169 2104 5210 eo

533 5261 706 5312 genus
753 5247 1114 5308 trahentibus,
1161 5245 1250 5316 qui
1305 5259 1410 5298 non
1455 5245 1908 5314 quemadmodum
1941 5246 2104 5314 primi

537 5342 739 5401 patres,
767 5335 840 5388 ita
882 5336 984 5407 ipsi
1022 5353 1200 5402 suam,
1227 5351 1348 5406 qua:
1381 5334 1678 5391 subsecuta
1705 5343 1808 5402 est,
1843 5335 2102 5406 imperfe-

535 5427 762 5479 ctiorem
791 5427 959 5481 vitam
993 5429 1228 5502 dirigere
1265 5439 1536 5502 poterant,
1584 5425 1785 5485 tradita
1831 5433 1932 5481 est.
1967 5425 2102 5480 Nam

535 5519 662 5585 quia
699 5531 824 5573 cum
857 5517 1128 5590 Egyptiis
1173 5533 1451 5581 versantes
1495 5530 1619 5595 post
1661 5527 1973 5574 sanctorum
2005 5517 2108 5572 Pa-

535 5617 680 5664 trum
715 5619 968 5674 mortem,
1003 5611 1446 5684 iligyptiacorum
1492 5627 1704 5670 morum
1755 5610 2107 5666 similitudine

2206 4785 2266 4837 οὐ
2312 4784 2592 4852 κλέπτειν,
2643 4787 2743 4839 οὐκ
2790 4787 3086 4857 ἐπιορκεῖν,
3143 4786 3244 4838 οὐκ
3279 4784 3514 4856 ἄρρενας
3549 4783 3775 4855 ἄρρεσιν

2209 4875 2606 4947 ἐπιμαίνεσθαι,
2640 4879 2698 4930 οὐ
2741 4877 3029 4948 μητράσιν,
3058 4875 3158 4929 οὐκ
3197 4875 3481 4944 ἀδελφαῖς,
3513 4875 3574 4928 οὐ
3606 4873 3775 4941 θυγα-

2209 4967 2400 5040 τράσιν
2455 4969 2859 5040 ἐπιμίγνυσθαι,
2920 4969 3028 5022 οὐδ’
3069 4969 3169 5021 ὅσα
3211 4967 3436 5022 τοιαῦτα
3485 4968 3596 5029 τοῖς
3651 4965 3774 5018 τότε

2207 5060 2470 5132 πράττειν
2521 5061 2670 5130 ἐξῆν,
2715 5059 2932 5129 ἀφόϐοις
2981 5056 3296 5129 συνεχώρει.
3332 5056 3666 5128 Παραλαϐὼν
3715 5055 3778 5110 δὲ

2206 5151 2268 5216 ἐξ
2295 5151 2568 5224 ἀνημέρου
2599 5151 2693 5206 καὶ
2725 5151 3019 5222 θηριώδους
3043 5151 3155 5222 βίου
3173 5149 3536 5220 λογικωτέραν
3561 5147 3654 5201 καὶ
3685 5145 3766 5200 εὖ·

2206 5261 2369 5315 νομον
2403 5247 2462 5297 ἐν
2499 5247 2608 5307 tot;
2656 5243 2774 5296 τότε
2816 5243 3028 5313 χρόνοις
3071 5241 3366 5303 πολιτείαν,
3410 5239 3624 5310 πρῶτος
3681 5239 3776 5291 ἐπὶ

2207 5339 2310 5408 γῆς
2345 5337 2432 5391 διὰ
2457 5335 2676 5408 γραφῆς
2709 5335 3073 5404 συνεστήσατο
3093 5372 3106 5396 ,
3139 5331 3291 5384 οὔπω
3325 5331 3444 5385 τότε
3477 5332 3638 5384 πᾶσιν
3679 5329 3774 5382 ἀν-

2211 5427 2447 5500 θρώποις
2497 5425 2760 5493 ἐκφανοῦς
2808 5425 2959 5487 ὄντος
3015 5422 3137 5496 οὐδὲ
3174 5422 3268 5477 τοῦ
3311 5421 3510 5476 τοιουδὶ
3549 5418 3775 5488 τρόπου.

2211 5515 2342 5571 Εἶτα
2373 5519 2428 5572 δὲ
2454 5517 2598 5570 ὼσάν
2627 5515 2868 5568 ἀτελέσιν
2911 5513 3156 5569 ἀπειπὼν
3186 5513 3284 5586 τὴν
3316 5509 3776 5582 εἰδωλολατρείαν,

2215 5609 2424 5672 θυσίαις
2471 5607 2560 5660 καί
2603 5623 2708 5659 τισι
2763 5605 3234 5676 σωματικωτέροις
3277 5605 3365 5658 τὸν
3405 5603 3502 5654 Eva.
3547 5599 3642 5654 καὶ
3683 5601 3776 5654 ἐπὶ

607 5703 652 5734 ⁷⁸⁵
696 5701 800 5758 Job
845 5719 997 5762 xxvi.
1025 5704 1211 5760 24«‘25.
1290 5709 1336 5740 ³ο
1371 5709 1501 5763 ibid.
1543 5707 1632 5760 26.
1709 5704 1749 5733 ‘“
1788 5701 1975 5756 Matth.
2034 5722 2083 5772 ι’,

2204 5707 2210 5754 ὶ
2245 5705 2328 5758 44.
2407 5703 2449 5734 θ’
2479 5701 2578 5755 ,ἰτὼ
2673 5716 2818 5764 xxvi,
2845 5699 3030 5764 29,50.
3107 5700 3151 5732 "
3185 5697 3314 5754 Ibid.
3351 5696 3438 5751 32.
3513 5695 3557 5727 ⁸*
3583 5693 3771 5749 Matth.

537 5787 665 5834 xxv,
687 5771 776 5827 55.
851 5773 899 5805 ⁸⁸
925 5772 1027 5828 Job
1057 5793 1206 5841 xm,
1239 5777 1434 5834 53—35.

611 5862 754 5934 (5⁵⁸⁸)
792 5862 947 5918 Οὐδ’.
979 5863 1136 5922 Forte
1169 5865 1452 5935 legendum
1483 5869 1598 5923 οὐκ.
1641 5867 1795 5926 Entr.
