4018 6480
272 414 358 471 57
1242 422 1894 480 DEMONSTRATIONIS
1929 423 2383 480 EVANGELICIE
2426 426 2553 481 [ΑΒ.
2596 425 2634 480 Ι.
3487 428 3555 485 58

273 532 550 587 πάντων
600 534 735 588 Θεὸν
796 533 1114 607 θεραπεύειν
1184 537 1539 606 παρεκέλευε,
1595 538 1684 591 διά
1736 556 1851 592 τινα

1951 566 1969 614 ι
1997 538 2173 592 allecti
2196 547 2370 605 erant,
2404 546 2458 594 et
2491 540 2542 592 in
2577 539 2872 595 multorum
2919 539 3166 606 deorum,
3203 549 3262 594 ut
3300 541 3432 606 dixi,
3461 559 3557 600 su-

268 623 784 698 ἀπὸρῤητοτέρων
819 628 922 698 ἰδίᾳ
957 627 1234 698 συμϐόλων
1271 630 1368 699 τὴν
1411 632 1528 683 κατ’
1567 631 1726 684 αὐτὸν
1759 630 1851 702 θρη

1994 631 2363 698 perstitionem
2395 630 2728 693 deciderant,
2760 631 2894 684 adeo
2941 632 3180 701 quidem,
3207 640 3264 686 ut
3289 632 3556 704 [Egyptiis

274 715 511 770 σκείιιν
543 719 817 771 ἐπιτελεῖν
843 720 1224 791 νομοθετήσας,
1254 721 1319 791 ἢν
1357 722 1449 774 καὶ
1482 721 1793 792 θαυμασίως
1818 739 1851 774 τι

1993 722 2223 790 amplius
2256 721 2391 774 nihil
2440 721 2658 785 habere,
2686 728 2740 776 et
2775 721 2882 777 illis
2927 725 2981 776 in
3027 725 3282 778 omnibus
3325 727 3552 793 similes,

268 803 434 874 θειῳ
467 808 768 879 Πνεύματι
829 810 1050 863 συνιδὼν
1084 811 1182 864 οὐκ
1219 813 1297 875 είς
1339 813 1560 883 ἄπειρον
1593 813 1700 866 δεῖν
1741 830 1851 882 περι

1989 820 2105 865 tum
2151 813 2206 866 in
2243 827 2426 867 errore
2459 802 2899 876 simulacrorum,
2943 822 3056 867 tum
3088 815 3141 868 in
3187 816 3310 871 aliis
3337 832 3554 886 quoque

265 895 489 964 επεν,
531 901 625 969 ὑφ’
661 901 760 955 ἕνα
788 902 949 955 τόπον
969 903 1349 974 περιέγραψεν,
1394 905 1579 977 ὁρίσας
1614 905 1687 977 μὴ
1726 905 1851 958 ἀλλα

1990 903 2324 959 facinoribus
2363 907 2602 959 evasisse
2643 906 3004 960 viderentur:
3035 907 3229 960 merito
3277 908 3432 976 quasi
3487 925 3555 964 ex

264 990 423 1059 χόπ
465 992 754 1046 συντελεῖν
793 993 860 1046 τὰ
901 995 1020 1048 κατ’
1048 996 1206 1048 αὑτὸν
1235 997 1439 1067 νόμιμα
1472 997 1504 1067 ἢ
1539 999 1596 1049 ὲν
1633 999 1775 1068 μόνῳ
1809 999 1851 1050 ἑκ

1989 992 2256 1063 profundo
2280 994 2544 1046 malorum
2584 993 2730 1061 ipsos
2780 994 3038 1049 hauriens
3064 993 3261 1059 Moses,
3286 997 3354 1050 ab
3391 997 3555 1066 impia

192 1152 200 1164 ⁸
265 1080 482 1152 τόπῳ·
514 1078 675 1147 οὗτος
711 1084 754 1137 δ’
782 1080 849 1155 ἧν
885 1086 913 1137 ὁ
940 1088 996 1139 ὲν
1035 1086 1450 1157 Ἱεροσολύμοις’
1480 1087 1582 1154 ἔξω
1617 1089 1670 1140 δὲ
1700 1089 1851 1142 τούτο

1988 1084 2212 1140 deorum
2236 1084 2581 1139 multitudine
2602 1085 2822 1148 amovit,
2855 1092 2906 1139 et
2938 1085 3005 1137 ad
3034 1086 3282 1154 opiﬁcem
3314 1087 3554 1142 universi

184 1165 192 1170 ’
273 1172 549 1242 μηκέτι·
581 1173 707 1226 ὅθεν
755 1177 834 1233 εἰς
856 1175 938 1228 ἔτι
972 1176 1064 1229 καὶ
1107 1177 1263 1248 δεῦρο
1290 1179 1472 1232 παισὶν
1518 1179 1779 1250 Ἐϐραίων
1825 1199 1851 1234 ο

1986 1176 2156 1232 Deum
2190 1177 2426 1243 reduxit,
2467 1176 2855 1246 perfectiornm
2903 1178 3120 1230 illorum
3165 1177 3354 1241 vitam,
3393 1179 3554 1248 quasi

270 1263 535 1332 θεμιτὸν
578 1265 774 1319 ἄλλοσε
831 1268 984 1331 ἐκτὸς
1014 1268 1112 1339 τῆς
1152 1269 1535 1342 καθῃρημένης
1568 1273 1744 1325 αύτῶν
1779 1292 1850 1345 μη

1985 1268 2043 1322 in
2076 1269 2410 1339 ingressibus
2455 1279 2508 1323 et
2559 1268 2864 1333 vestibulis,
2906 1283 3005 1336 pro
3029 1267 3202 1336 primo
3230 1267 3400 1338 gradu
3435 1270 3552 1340 pie-

265 1355 625 1424 τροτοόλεως
657 1356 783 1409 οὔτε
827 1358 973 1412 θύειν
1012 1358 1152 1412 κατὰ
1186 1360 1278 1413 τὸν
1322 1361 1502 1430 νόμον,
1553 1361 1674 1414 οὔτε
1722 1364 1851 1434 ἱερὸν

1983 1360 2112 1415 tatis
2144 1359 2426 1430 obiicienti.
2458 1359 2662 1414 Deinde
2690 1375 2797 1414 non
2832 1359 3100 1423 occidere,
3125 1374 3232 1412 non
3263 1359 3548 1426 moechari,

203 1437 216 1502 Ξ
263 1445 422 1499 οὔτε
463 1447 859 1520 θυσιαστήριον
891 1451 1141 1521 ἐγείρειν,
1171 1449 1292 1503 οὔτε
1326 1452 1498 1523 χρίειν
1535 1453 1729 1523 ἱερέας,
1760 1454 1851 1508 οὔτ

1982 1467 2092 1506 non
2138 1450 2332 1516 furari,
2379 1467 2490 1505 non
2530 1452 2792 1521 peierare,
2833 1465 2943 1504 non
2985 1465 3164 1504 mares
3209 1451 3264 1504 in
3306 1451 3552 1507 maribus

269 1538 593 1607 βας-τὼ,
639 1540 764 1594 οὔτε
807 1541 906 1606 τὰς
957 1543 1094 1596 κατὰ
1148 1544 1346 1596 Μωσέα
1397 1546 1726 1618 πανηγύρεις
1788 1567 1851 1602 κα

1983 1543 2243 1607 insanire,
2264 1559 2371 1598 non
2405 1544 2693 1606 matribus,
2726 1557 2833 1595 non
2864 1541 3165 1607 sororibus,
3197 1557 3305 1596 non
3336 1541 3550 1597 ﬁliabus

266 1632 500 1701 ἑορτὰς
533 1633 800 1697 ἐκτελεῖν,
830 1634 893 1685 οὑ
939 1634 1174 1704 μιασμοῦ
1203 1635 1578 1706 καθαίρεσθαι,
1612 1639 1672 1690 ού
1702 1639 1851 1710 πλημ

1980 1635 2201 1690 misceri
2234 1654 2249 1690 :
2282 1651 2381 1690 nec
2432 1635 2538 1688 alia
2583 1635 2898 1704 huiusmodi
2944 1649 3282 1704 quaecunque
3326 1634 3550 1704 impune

273 1725 534 1794 μελείας
561 1726 912 1792 ἀπολύεσθαι,
937 1729 995 1780 οὐ
1016 1727 1160 1800 δῶρα
1184 1728 1260 1799 τῷ
1273 1729 1389 1800 Θεῷ
1416 1732 1756 1803 προσφέρειν,
1785 1735 1851 1805 ού]

1980 1726 2049 1780 ab
2082 1726 2296 1780 illorum
2325 1733 2628 1795 temporum
2649 1725 2957 1780 hominibus
2983 1725 3247 1778 committi
3274 1731 3547 1793 poterant,

273 1815 586 1869 ἱλεοῦσθαι
632 1819 773 1871 κατὰ
815 1817 885 1870 τὰ
923 1819 1402 1890 νενομοθετημένα.
1455 1821 1654 1894 Διόπερ
1687 1826 1781 1877 καὶ
1813 1832 1851 1878 τέ

1979 1819 2262 1887 permisit:
2305 1827 2582 1888 acceptam
2629 1833 2758 1873 vero
2806 1833 2871 1873 ex
2915 1816 3110 1870 immiti
3152 1824 3206 1871 et
3252 1817 3366 1871 fera
3418 1815 3546 1880 vita,

270 1907 553 1972 Μωσέως
581 1910 808 1973 εἰκότως
841 1909 1230 1982 ὑποϐέϐληνται
1269 1912 1499 1984 κατάρᾳ,
1526 1915 1583 1966 ἐν
1611 1915 1764 1986 μέρει
1782 1917 1847 1986 μὲ

1980 1911 2180 1964 rationi
2214 1912 2387 1981 magis
2415 1911 2786 1980 coniunctam,
2824 1909 3093 1978 bonisque
3117 1909 3438 1962 innitentem
3468 1909 3548 1962 le-

274 1997 599 2068 φυλὰττειν
627 2000 752 2054 τινὰ
783 2001 1128 2072 πειρώμενοι,
1157 2005 1214 2056 ὲν
1241 2003 1298 2056 δὲ
1323 2007 1434 2066 τοῖς
1465 2005 1606 2069 ὅλοις
1639 2023 1850 2077 παρανο

1976 2002 2155 2073 gibus,
2192 2019 2290 2073 per
2317 2003 2410 2056 illa
2455 2011 2699 2072 tempora
2742 2000 2953 2054 civilem
2993 2000 3392 2054 institutionem
3433 1999 3549 2068 pri-

278 2091 559 2160 μοῦντες,
602 2093 894 2165 διαρρήδην
930 2095 1168 2157 Μωσέως
1211 2096 1644 2166 ἀποφηναμένου·
1677 2117 1696 2150 ι
1756 2100 1850 2151 Ὄτ

1973 2107 2097 2147 mus
2131 2093 2187 2146 in
2213 2094 2376 2149 terris
2419 2094 2624 2163 scripto
2657 2090 3074 2155 commendavit,
3112 2091 3204 2160 qui
3251 2105 3380 2144 sane
3424 2103 3544 2144 mos

274 2181 355 2252 δὴ
403 2183 808 2254 ὲπικατάρατος
843 2186 970 2251 πᾶς,
1002 2185 1060 2249 ὃς
1090 2187 1189 2240 οὐκ
1236 2188 1462 2258 ὲμμενεῖ
1489 2189 1546 2243 ὲν
1581 2191 1713 2242 πᾶσι
1761 2193 1851 2243 τοῖς

1973 2184 2225 2240 omnibus
2238 2184 2552 2239 hominibus
2570 2183 2808 2238 nondum
2836 2184 2972 2236 satis
2997 2189 3157 2236 notus
3174 2190 3311 2235 erat.
3338 2180 3544 2235 Deinde

1973 2274 2128 2344 quasi
2171 2273 2506 2343 imperfectis
2547 2273 2676 2336 illis,
2710 2270 3131 2325 simulacrorum
3175 2268 3324 2321 cultu
3371 2268 3546 2320 inter-

281 2274 778 2345 ἐγγεγραμμένοις
805 2277 884 2347 τῷ
904 2277 1072 2348 νόμῳ,
1103 2278 1194 2331 τοῦ
1229 2279 1448 2349 ποιῆσαι
1480 2282 1635 2336 αὐτά.
1679 2301 1699 2333 ι
1732 2283 1871 2335 Τού-

278 2377 409 2424 τοις
444 2363 501 2414 δὲ
538 2365 673 2416 πᾶσι
722 2365 1229 2436 περιπεπτώκασιν,
1262 2368 1426 2422 αὐτοῦ
1453 2370 1692 2434 Μωσέως
1741 2371 1870 2443 θείῳ

282 2449 578 2521 Πνεύματι
607 2454 1010 2524 προειληφότος,
1035 2456 1114 2508 ὅτι
1139 2455 1224 2526 δὴ,
1251 2457 1349 2527 τῆς
1375 2457 1461 2510 διὰ
1491 2461 1725 2530 Χριστοῦ
1745 2463 1871 2515 Και-

285 2541 393 2611 νῆς
433 2542 715 2614 Διαθήκης
746 2545 1171 2617 ἀνανεωθείσης,
1209 2549 1301 2600 καὶ
1337 2552 1448 2613 τοῖς
1488 2553 1650 2604 πᾶσιν
1695 2553 1868 2606 ἔθνεσι

289 2632 788 2703 καταγγελθείσης,
824 2637 1045 2706 περιττή
1080 2653 1163 2700 τις
1195 2636 1345 2691 ἔσται
1375 2640 1407 2710 ἡ
1444 2641 1563 2692 κατ’
1596 2641 1756 2696 αὑτὸν
1785 2660 1870 2696 νο-

293 2722 528 2792 μοθεσία
553 2740 566 2753 ·
596 2725 664 2795 ἣν
692 2726 912 2789 εἰκότως
940 2728 1026 2796 ὑφ’
1059 2728 1154 2781 ἕνα
1181 2729 1343 2782 τόπον
1377 2731 1700 2803 περιώρισεν
1719 2773 1732 2797 ,
1759 2736 1865 2798 ἵνα,

289 2813 480 2867 εἴπατε
525 2815 717 2868 τούτου
745 2818 1072 2890 στερηθεῖεν,
1108 2821 1199 2872 καὶ
1238 2821 1640 2878 ἀποκλεισθεῖεν
1669 2826 1764 2897 τῆς
1791 2829 1868 2878 οί-

291 2907 451 2970 κείας
477 2908 812 2981 ἐλευθερίας,
846 2911 1034 2982 μηκέτ’
1063 2914 1242 2976 αὐτοῖς
1272 2913 1389 2979 ἐξὸν
1419 2917 1504 2986 εἴη
1534 2918 1624 2970 ἐπὶ
1650 2918 1748 2988 τῆς
1783 2919 1868 2972 ἁλ-

290 2997 532 3070 λοδαπῆς
558 3000 629 3053 τὰ
659 3003 778 3054 κατ’
809 3003 967 3058 αὑτὸν
991 3005 1195 3076 νόμιμα
1231 3007 1524 3072 συντελεῖν,
1553 3009 1628 3072 ὡς
1672 3011 1764 3063 καὶ
1806 3011 1865 3076 ἐξ

291 3089 538 3160 ἀνάγκης
560 3091 659 3162 τὴν
685 3091 937 3163 δευτέραν
961 3095 1230 3166 Διαθήκην
1257 3095 1353 3167 τὴν
1378 3098 1465 3151 διὰ
1496 3100 1731 3171 Χριστοῦ
1764 3120 1862 3155 κα-

290 3182 490 3252 τηγγε)
503 3184 679 3254 μένην
702 3185 944 3253 γενέσθαι
963 3188 1338 3257 παραδεκτέον.
1355 3191 1494 3244 Αὐτὸ
1515 3193 1578 3264 δὴ
1596 3190 1686 3248 οῦν
1709 3195 1864 3249 τοῦτο

1972 2366 2140 2430 dicto,
2176 2380 2272 2434 per
2300 2366 2547 2436 quaedam
2589 2378 2790 2417 arcana
2826 2377 3074 2417 seorsum
3121 2361 3300 2430 signa,
3327 2367 3421 2412 aut
3454 2374 3544 2412 re-

1971 2456 2223 2527 ligionem
2263 2470 2425 2526 quam
2456 2454 2571 2526 ipse
2601 2452 2862 2523 probabat
2890 2452 3400 2520 complecterentur,
3419 2449 3539 2503 cdi-

1971 2565 2122 2614 cens,
2155 2548 2441 2606 sacriﬁciis
2481 2558 2547 2603 et;
2571 2547 2896 2618 quibusdam
2947 2543 3325 2612 corporalibus
3365 2556 3537 2595 caere-

1969 2643 2190 2710 moniis,
2224 2657 2392 2696 unum
2423 2655 2588 2710 supra
2611 2640 2792 2693 omnia
2824 2637 2990 2692 Deum
3020 2643 3078 2689 ut
3107 2635 3370 2692 colerent.
3395 2647 3532 2702 pra:-

1969 2735 2144 2804 cepit;
2175 2748 2336 2803 quam
2370 2746 2501 2786 sane
2534 2730 2852 2800 religionem
2885 2742 3008 2781 cum
3041 2724 3433 2779 admirabiliter
3462 2724 3542 2778 di-

1966 2827 2093 2881 vino
2141 2824 2384 2878 monitus
2428 2823 2655 2892 spiritu,
2702 2834 2810 2874 non
2854 2820 2910 2872 in
2940 2805 3281 2888 perpetuum
3325 2814 3538 2870 servari

1966 2924 2218 2986 Oportcre
2265 2914 2588 2983 intelligeret
2620 2931 2631 2966 :
2671 2925 2840 2964 unum
2878 2909 3142 2962 duntaxat
3186 2905 3536 2960 circumscri-

1964 3008 2072 3078 psit
2095 3007 2295 3072 locum,
2341 3004 2525 3058 addito
2557 3010 2847 3073 praecepto,
2881 3016 2947 3054 ne
2973 3015 3202 3068 usquam
3246 2998 3372 3052 alibi
3414 3011 3532 3062 eos,

1965 3100 2058 3169 qui
2089 3098 2157 3152 ab
2196 3098 2315 3167 ipso
2355 3097 2712 3151 tradebantur
2743 3094 2904 3156 ritus,
2949 3107 3111 3161 quam
3147 3100 3294 3146 certo
3339 3089 3432 3143 illo
3479 3090 3534 3142 in

1965 3191 2084 3244 loco
2112 3189 2436 3260 perﬁcerent
2472 3204 2485 3240 :
2519 3188 2607 3242 hic
2638 3197 2816 3242 autem
2846 3192 2963 3240 erat
2998 3183 3410 3254 Hierosolymis,
3439 3198 3534 3236 ex-

286 3275 534 3339 Μιάσέως
563 3280 1048 3348 προηγορευκότος,
1083 3282 1214 3352 ὁμοῦ
1273 3300 1329 3335 τε
1361 3286 1388 3336 ό
1411 3286 1642 3355 Χριστὸς
1669 3287 1851 3359 ἐπεδή-

1967 3286 2052 3334 tra
2096 3281 2242 3335 hunc
2274 3296 2404 3335 vero
2441 3280 2754 3349 neutiquam
2787 3299 2800 3333 :
2829 3295 2896 3333 ex
2937 3293 3045 3348 quo
3081 3277 3257 3330 adhuc
3291 3273 3532 3328 Hebraeis

289 3385 379 3436 μει
416 3367 498 3438 τῷ
528 3368 649 3439 βίῳ,
683 3371 774 3422 καὶ.
801 3371 898 3440 τῆς
941 3374 1148 3444 Καινῆς
1175 3375 1444 3446 Διαθήκης
1500 3377 1860 3448 προεϐάλλετο

283 3464 397 3525 τοῖς
452 3459 634 3513 ἔθνεσι
687 3462 1036 3527 διδασκαλία,
1090 3468 1428 3538 παραχρῆμά
1473 3485 1531 3521 τε
1599 3471 1856 3541 Ῥωμαῖοι

282 3551 384 3622 τὴν
405 3551 560 3606 πόλιν
584 3553 794 3616 ἑλόντες
818 3553 1098 3628 πολιορκίᾳ
1118 3558 1364 3612 καθεῖλον
1386 3560 1450 3614 τὰ
1486 3561 1854 3633 Ἱεροσόλυμα,

287 3647 377 3698 καὶ
407 3644 500 3698 τὸν
528 3645 718 3698 αὐτόθι
751 3644 885 3699 νεών
905 3664 918 3677 ·
951 3648 1139 3702 λέλυτό
1167 3668 1227 3703 τε
1272 3651 1467 3706 αὐτίκα
1491 3655 1639 3706 πᾶσα
1667 3657 1699 3720 ὴ
1730 3657 1858 3709 Μω-

289 3735 423 3800 σέως
445 3737 711 3801 διάταξις,
745 3741 836 3792 καὶ
856 3740 924 3794 τὰ
945 3741 1042 3812 τῆς
1070 3743 1308 3808 Παλαιᾱς
1336 3745 1632 3818 περιῄρητο
1663 3748 1857 3819 Διαθῆ-

287 3847 406 3900 κης,
441 3830 511 3883 τά
552 3848 613 3883 τε
653 3833 752 3902 τῆς
795 3835 932 3904 ἀρᾶς
976 3837 1161 3906 μετῄει
1207 3838 1331 3902 τοὺς
1373 3840 1522 3911 παρὰ
1566 3842 1755 3912 καιρὸν
1787 3843 1854 3896 τὰ

284 3920 527 3985 Μωσέως
567 3923 823 3992 πράττειν
858 3925 1318 3996 παρανομοῦντας,
1379 3931 1459 3992 εἰς
1496 3930 1633 3984 αὐτὰ
1670 3931 1850 4000 βιαζο-

288 4011 510 4080 μένουςο
549 4014 900 4084 ἀντεισήγετο
936 4017 992 4068 δὲ
1021 4018 1154 4087 όμοῦ
1197 4020 1289 4072 καὶ
1330 4020 1470 4074 κατὰ
1506 4022 1567 4075 τὸ
1600 4024 1728 4076 αὐτὸ
1756 4024 1851 4093 τῆς

283 4103 408 4168 νέας
433 4105 527 4156 καί
557 4105 802 4169 ἐντελοῦς
826 4107 1168 4173 διδασκαλίας
1193 4111 1262 4162 τὰ
1289 4112 1512 4182 νόμιμα.
1545 4114 1741 4184 Διόπερ
1771 4117 1848 4166 εἰ-

284 4192 454 4255 κότως
488 4192 516 4243 ό
545 4193 736 4264 Σωτὴρ
768 4197 858 4248 καὶ
892 4197 1094 4268 Κύριος
1138 4199 1295 4269 ἡμῶν
1340 4204 1451 4264 τοῖς
1492 4203 1753 4273 οἰομένοις
1791 4206 1848 4257 ἐν

286 4283 419 4354 μόνῃ
443 4286 509 4353 τῇ
553 4284 924 4357 Ἰερουσαλὴμ,
952 4289 985 4359 ἢ
1015 4291 1072 4343 ὲν
1098 4289 1244 4360 όρεσί
1269 4310 1410 4345 τισιν
1450 4294 1482 4363 ἢ
1522 4295 1705 4359 τόποις
1747 4296 1848 4366 ἀφ·-

277 4377 603 4447 ηρισμένοις
623 4379 735 4431 δεῖν
759 4379 847 4433 τὸν
861 4380 992 4437 Θεὸν
1016 4387 1354 4454 προσκυνεῖν,
1385 4387 1545 4458 φησίν
1564 4405 1577 4418 υ
1612 4407 1630 4439 ι
1661 4390 1848 4460 Ἔρχε-

277 4482 366 4520 ται
388 4466 530 4537 ὥρα,
564 4469 659 4521 καὶ
686 4468 780 4522 νῦν
818 4471 982 4535 ἐστιν,
1007 4473 1094 4524 ὅτε
1136 4475 1182 4526 οἱ
1208 4474 1447 4545 ἀληθινοὶ
1479 4479 1844 4550 προσκυνηταὶ

277 4560 750 4630 προσκυνήσουσιν
779 4559 900 4614 οὔτε
939 4565 996 4616 ὲν
1028 4563 1104 4634 τῷ
1141 4563 1255 4634 ὄρει
1282 4567 1476 4637 τούτῳ,
1505 4566 1626 4621 οὔτε
1653 4570 1709 4623 ἐν
1749 4571 1844 4623 Ἰεο

279 4651 561 4722 ρουσαλὴμ
586 4651 679 4722 τῷ
711 4653 883 4728 Πατρί
903 4671 914 4683 ·
958 4655 1173 4727 πνεῦμα
1202 4657 1309 4729 γὰρ
1336 4661 1364 4712 ὁ
1391 4660 1543 4727 Θεὸς,
1593 4662 1686 4716 καὶ
1717 4665 1842 4727 τοὺς

277 4740 718 4809 προσκυνοῦντας
763 4744 944 4807 αὑτὸν,
969 4747 1028 4798 ὲν
1067 4745 1333 4818 πνεύματι
1374 4751 1465 4804 καὶ
1498 4751 1723 4824 ἀληθείᾳ
1763 4754 1844 4808 δεῖ

277 4833 622 4899 προσκυνεῖν.
664 4851 684 4884 ι
717 4835 826 4888 Καὶ
854 4835 1027 4890 ταῦτα
1059 4839 1345 4909 φήσαντος,
1379 4844 1718 4915 παραχρῆμα
1748 4848 1841 4900 καὶ

275 4921 371 4973 οὐκ
408 4923 490 4985 εἰς
521 4922 731 4994 μακρὸν
779 4925 1240 4999 πολιορκηθέντων
1272 4930 1378 4984 τῶν
1434 4933 1837 5006 Ἱεροσολύμων,

271 5009 361 5066 τοῦ
386 5011 434 5064 τ’
465 5013 653 5066 αὐτόθι
687 5015 1039 5087 ἁγιάσματος,
1074 5021 1272 5075 καὶτοῦ
1306 5022 1441 5093 πρὸς
1475 5025 1620 5096 αὐτῷ
1650 5025 1837 5080 θυσιαο

275 5104 524 5175 στηρίου,
551 5105 654 5176 τῆς
674 5125 735 5159 τε
764 5107 905 5162 κατὰ
958 5111 1161 5165 Μωσέα
1186 5111 1437 5186 λατρείας
1464 5116 1604 5170 κατὰ
1627 5119 1724 5190 τὴν
1743 5121 1841 5174 αὑ-

269 5195 362 5248 τοῦ
405 5197 653 5261 Μωσέως
691 5199 931 5268 διάταξιν
993 5207 1435 5278 περιῃρημένης,
1467 5209 1730 5279 ἀνέφανεν
1759 5213 1839 5276 είς

1961 3371 2115 3426 nefas
2143 3377 2247 3434 est,
2279 3377 2434 3424 extra
2484 3370 2729 3438 ipsorum
2765 3383 3015 3423 eversam
3063 3365 3405 3436 n'ietrcpolim
3437 3380 3530 3420 us-

1959 3479 2143 3534 quam,
2177 3470 2269 3517 aut
2300 3479 2366 3516 ex
2400 3463 2516 3532 lege
2562 3462 2893 3525 sacriﬁcare,
2928 3467 3025 3514 aut
3062 3459 3269 3521 fanum,
3313 3470 3530 3510 aramve

1957 3555 2190 3625 erigere,
2223 3561 2316 3607 aut
2349 3553 2663 3608 sacerdotes
2688 3567 2909 3623 regesve
2948 3552 3231 3619 inungere,
3265 3557 3357 3601 aut
3385 3549 3528 3602 cele-

1956 3647 2184 3703 britates
2213 3645 2570 3714 solenniaque
2600 3660 2696 3714 per
2714 3643 2917 3698 Mosem
2953 3641 3201 3696 instituta
3230 3639 3523 3708 perﬁcere:

1956 3755 2067 3794 non
2098 3739 2165 3793 ab
2186 3738 2363 3808 aliqua
2390 3737 2729 3791 immunditie
2758 3735 3001 3806 purgari,
3029 3750 3139 3788 non
3169 3733 3304 3788 solvi
3336 3747 3368 3786 a
3397 3748 3525 3803 pec-

1954 3842 2097 3896 cato,
2130 3847 2239 3886 non
2261 3829 2452 3885 otl‘erre
2483 3829 2593 3883 Deo
2618 3843 2862 3892 munera,
2899 3843 3008 3882 non
3037 3827 3100 3880 ad
3125 3826 3524 3896 pr0pitiandum

1954 3922 2160 3993 aliquid
2188 3921 2367 3977 facere
2400 3937 2467 3976 ex
2509 3921 2739 3991 legibus.
2771 3919 3038 3985 Quocirca
3080 3918 3134 3972 in
3173 3917 3338 3973 Mosis
3367 3933 3523 3973 exse-

1953 4017 2247 4070 orationem
2280 4015 2474 4069 merito
2499 4014 2698 4083 relapsi
2729 4013 3127 4082 intelliguntur,
3172 4013 3369 4081 quippe
3397 4026 3521 4064 cum

1952 4110 2005 4164 in
2037 4117 2187 4179 parte
2218 4108 2323 4177 18
2351 4107 2568 4176 quidem
2608 4107 2902 4161 observare
2943 4105 3205 4160 nonnulla
3229 4112 3521 4168 conentur,

1951 4200 2007 4255 in
2048 4201 2304 4255 universo
2345 4207 2524 4254 autem
2567 4214 2597 4252 a
2637 4199 2846 4269 legibus
2893 4198 3009 4254 suis
3060 4198 3349 4261 aberrent,
3401 4196 3514 4265 ipsc

1951 4290 2106 4358 plane
2140 4287 2286 4344 Mose
2317 4289 2702 4358 pronuntiante
2736 4296 2898 4358 atque
2929 4285 3227 4340 allirmante
3255 4305 3266 4340 :
3307 4303 3323 4335 ι
3363 4283 3516 4352 Quod

1947 4380 2297 4436 exsecrabilis
2325 4380 2397 4434 sit
2426 4381 2601 4434 oninis
2619 4379 2932 4448 quicunque
2977 4393 3085 4431 non
3130 4384 3236 4432 stet
3264 4376 3516 4430 omnibus

1946 4487 2066 4542 qua:
2106 4471 2314 4541 scripta
2359 4479 2486 4525 sunt
2524 4472 2579 4524 in
2625 4471 2762 4539 lege,
2795 4477 2852 4523 ut
2894 4484 2957 4522 ea
3006 4468 3248 4521 faciat“.
3287 4487 3305 4518 ι
3350 4466 3512 4536 Lapsi

1946 4571 2126 4624 autem
2148 4563 2261 4632 iam
2289 4569 2418 4616 sunt
2453 4561 2507 4614 in
2538 4561 2652 4614 hate
2685 4561 2890 4623 omnia,
2925 4575 3049 4614 cum
3093 4568 3146 4613 et
3179 4558 3294 4628 ipse
3334 4557 3513 4612 Muses

1873 4627 1916 4681 Β
1945 4655 2128 4710 divino
2148 4627 2361 4724 ‘Spiritu
2379 4651 2610 4715 afflatus,
2642 4651 2938 4722 providerit
2965 4666 3106 4706 novo
3121 4627 3216 4720 per
3235 4649 3512 4704 Christum

1942 4747 2245 4800 instaurate
2269 4741 2642 4811 Testamento,
2673 4742 3053 4812 universisque
3085 4741 3338 4812 gentibus
3367 4755 3512 4794 nun-

1941 4839 2094 4901 tiato,
2128 4852 2519 4906 supervacuam
2568 4837 2805 4891 futuram
2840 4851 2983 4899 esse,
3026 4849 3145 4905 quae
3171 4833 3237 4887 ab
3260 4834 3378 4903 ipso
3406 4847 3508 4903 po—

1941 4929 2047 4986 sita
2077 4939 2182 4993 est,
2214 4930 2390 5000 legum
2421 4928 2880 4992 observationem,
2909 4943 3070 4997 quam
3101 4942 3210 4981 uno
3244 4927 3508 4981 duntaxat

1942 5022 2083 5085 loco,
2118 5022 2312 5076 merito
2359 5021 2693 5084 terminavit,
2737 5030 2794 5074 ut
2837 5021 2883 5075 si
2923 5020 3141 5090 quando
3179 5035 3244 5074 ex
3289 5034 3354 5074 eo
3385 5019 3504 5075 loco

1938 5111 2286 5182 pellerentur,
2321 5121 2374 5166 et
2408 5111 2638 5181 patriam
2671 5110 2976 5166 libertatem
3021 5112 3352 5172 amitterent,
3391 5122 3503 5163 non

1938 5203 2168 5273 amplius
2193 5202 2300 5258 illis
2331 5202 2413 5258 fas
2434 5211 2600 5270 esset,
2631 5217 2767 5274 quas
2787 5202 2900 5272 ipse
2921 5202 3215 5272 posuisset,
3243 5201 3388 5270 leges
3409 5210 3502 5255 aut

270 5288 476 5352 πάντας
491 5287 810 5360 ἀνθρώπους
826 5293 916 5347 καὶ
930 5294 1228 5366 ἐξέλαμψεν
1243 5300 1275 5368 ἡ
1294 5299 1596 5370 ἀρχέτυπος
1610 5302 1718 5356 τῶν
1734 5305 1837 5373 πρὸ

1951 5295 2073 5348 'itus
2093 5309 2312 5349 servare
2347 5313 2360 5350 :
2396 5303 2456 5349 ut
2481 5294 2591 5364 iam
2626 5293 2990 5348 conﬁtendum
3024 5294 3114 5356 sit,
3148 5292 3377 5346 alterum
3418 5299 3500 5346 te-

270 5379 511 5444 Μωσέως
551 5381 810 5450 θεοφιλῶν
852 5386 1058 5458 ἀνδρῶν
1087 5389 1354 5455 εὐσέϐεια,
1384 5393 1417 5462 ἦ
1449 5409 1510 5446 τε
1561 5393 1626 5446 δι’
1669 5396 1836 5466 αὐτῆς

269 5473 526 5536 πᾶσιτοῖς
541 5472 748 5527 ἔθνεσιν
764 5476 1144 5550 ὲπηγγελμένη
1156 5480 1498 5550 εύλογία,ὰπὸ
1513 5482 1606 5535 τοῦ
1621 5483 1833 5554 πρώτου

272 5559 480 5631 βαθμοῦ
513 5564 607 5616 καὶ
638 5568 746 5619 ἀπὸ
781 5569 876 5637 τῆς
907 5569 1126 5642 πρώτης
1156 5575 1540 5643 στοιχειώσεως
1558 5576 1654 5644 τῆς
1682 5576 1825 5630 ’κατὰ

269 5653 467 5708 Μωσέα
501 5654 754 5727 λατρείας
792 5661 882 5713 ἐπὶ
923 5662 1010 5714 τὸν
1058 5664 1335 5733 κρείττονα
1377 5668 1468 5722 καὶ
1503 5667 1827 5740 τελειότερον

332 5829 380 5860 ⁸⁸
410 5829 566 5886 Deut.
603 5850 770 5900 xxvii,
791 5835 878 5890 9.6.

1937 5395 2263 5442 stamentum
2304 5390 2448 5458 quod
2501 5405 2596 5460 per
2644 5387 2920 5442 Christum
2968 5386 3042 5440 sit
3092 5386 3493 5450 denuntiatum,

1936 5482 2244 5536 necessario
2270 5496 2390 5536 esse
2421 5478 2958 5535 introductum.Cum
2982 5480 3162 5549 itaque
3190 5477 3367 5532 Moses
3391 5477 3497 5533 hoc

1934 5577 2110 5646 ipsum
2143 5577 2382 5634 futurum
2420 5589 2541 5629 esse
2585 5572 2943 5642 praedixisset,
2980 5586 3211 5642 moxque
3240 5579 3292 5624 et
3332 5567 3495 5623 (ηπ-ὲ

1933 5678 2050 5727 stus
2080 5671 2199 5730 vita:
2232 5669 2395 5741 huius
2425 5669 2914 5741 peregrinationem
2937 5667 3282 5738 explevisset,
3319 5674 3369 5719 et
3392 5677 3493 5736 pa-
