4018 6502
529 417 598 475 59
1171 412 1440 470 EUSEBI‘I
1477 411 1958 470 (ἙᾸΞΞΑΒΙΕΝΒΙΒ
1993 412 2091 470 ΟΡ]

2189 409 2364 468 rans
2395 409 2459 468 ιι.
2501 441 2570 451 -
2600 405 3096 478 APOLOGE'I‘ICA.
3673 405 3758 463 60

527 534 662 592 riter
697 533 765 588 ad
813 547 1002 590 omnes
1053 539 1238 602 gentes
1277 529 1416 588 Novi
1465 529 1796 586 Testamenti
1841 531 2089 584 doctrina

2195 527 2538 601 προσάγουσα
2562 526 2685 586 τοὺς
2719 521 3034 594 προσιόντας
3060 521 3193 592 αὐτῇ
3219 519 3350 592 βίον.
3379 520 3580 574 Αὐτίκα
3619 522 3764 590 γοῦν

525 624 882 700 perferretur,
919 633 1034 677 tum
1064 623 1316 693 protinus
1345 621 1594 687 Romani,
1624 638 1748 676 cum
1785 623 1971 676 urbem
1997 621 2092 676 ob-

526 717 740 773 sidione
785 715 1106 778 cinxissent,
1139 713 1511 785 Hierosolyma
1555 714 1694 783 ipsa,
1741 721 1796 768 et
1833 712 1980 782 quod
2018 711 2090 766 ibi

525 815 644 860 erat
679 805 939 874 templum
979 811 1313 867 everterunt,
1358 803 1642 872 solutaque
1687 811 1770 856 est
1803 800 2090 856 confestim

523 896 706 950 omnis
737 894 904 950 Mosis
949 895 1292 958 constitutio,
1333 901 1388 948 et
1421 909 1760 962 quaecunque
1789 893 1857 946 de
1899 891 2090 948 Vetere

526 985 876 1042 Testamento
919 989 1299 1050 servabantur,
1335 987 1546 1041 sublata
1587 993 1732 1040 sunt.
1773 983 2088 1040 Exsecratio

527 1087 707 1134 autem
731 1080 796 1132 ad
821 1081 944 1136 illos
976 1081 1142 1146 venit,
1178 1079 1302 1150 quia
1337 1093 1458 1132 cum
1486 1092 1548 1132 ea
1573 1091 1692 1146 quae
1718 1093 1746 1130 a
1775 1075 1922 1131 Mose
1951 1091 2090 1146 pra:-

529 1179 684 1240 cepta
727 1178 854 1225 sunt
887 1180 1082 1240 praeter
1116 1171 1285 1240 legem
1322 1167 1500 1224 facere
1531 1170 1750 1234 vellent,
1777 1169 1831 1222 in
1863 1183 1980 1222 eam
2009 1169 2089 1238 ip-

530 1276 645 1316 sam
671 1263 1100 1316 exsecrationem
1129 1262 1181 1314 vi
1205 1259 1436 1330 quadam
1459 1259 1632 1315 coacti
1667 1267 1796 1316 sunt
1829 1260 2087 1316 recidere.

529 1351 572 1406 E
605 1355 884 1408 contrario
929 1362 1107 1408 autem
1151 1353 1314 1408 simul
1347 1361 1400 1406 et
1437 1351 1624 1416 eodem
1673 1359 1914 1424 tempore
1949 1353 2087 1422 ejus,

530 1460 650 1516 quae
681 1445 736 1498 in
757 1444 906 1508 Novo
927 1445 1274 1515 perfectoque
1299 1443 1650 1500 Testamento
1673 1445 1980 1498 continetur
2001 1443 2093 1496 do-

533 1537 739 1600 ctrinae,
793 1547 846 1591 et
891 1538 1055 1607 leges,
1105 1545 1161 1590 et
1197 1536 1337 1590 ritus
1375 1535 1670 1590 introducti
1721 1543 1868 1604 sunt.
1913 1533 2091 1600 Quare

531 1625 728 1680 merito
759 1625 1010 1682 Salvator
1040 1634 1096 1682 et
1125 1625 1408 1690 Dominus,
1445 1627 1510 1682 ad
1555 1641 1652 1682 eos
1691 1626 1784 1697 qui
1831 1626 2091 1696 putabant

529 1717 587 1771 in
627 1718 744 1772 sola
783 1717 1108 1782 Jerusalem,
1177 1727 1272 1772 aut
1319 1719 1374 1772 in
1415 1719 1690 1773 montibus
1736 1717 2090 1788 quibusdam,

530 1807 647 1864 sive
671 1809 836 1864 certis
859 1807 1342 1880 determinatisque
1357 1811 1488 1865 locis
1505 1810 1672 1865 Deum
1695 1810 1907 1863 adorari
1929 1823 2092 1878 opor-

2190 619 2296 674 τῶν
2325 615 2605 688 μακαρίων
2647 613 2867 668 ἐκείνων
2913 613 3005 666 καὶ
3050 611 3326 680 θεοφιλῶν,
3357 611 3461 664 τῶν
3487 613 3630 684 ἀμφὶ
3657 612 3762 668 τὸν

2203 707 2448 779 Ἀϐραὰμ
2469 706 2628 774 λέγω,
2654 704 2752 756 οὐκ
2773 703 3164 775 ἀφωρισμένως
3191 701 3247 754 ἐν
3273 718 3377 754 τινι
3409 701 3558 772 τόπῳ
3583 717 3762 772 προσ-

2190 803 2488 856 κυνούντων
2509 843 2524 866 ,
2581 801 2700 854 οὐδὲ
2753 800 2840 852 διά
2883 797 3160 870 συμϐόλων
3202 797 3296 850 καὶ
3331 796 3538 862 τύπων,
3567 796 3685 850 ἀλλ’

2191 913 2352 967 φησιν
2404 896 2434 947 ὁ
2465 893 2647 964 Σωτὴρ
2695 892 2788 946 καὶ
2825 891 3027 961 Κύριος
3059 889 3234 961 ἡμῶν,
3265 891 3324 941 ὲν
3357 887 3628 958 πνεύματι
3655 889 3756 941 καὶ

2189 986 2437 1058 ἀληθείᾳ,
2463 985 2498 1056 ἢ
2530 984 2619 1038 διά
2665 983 2765 1052 τῆς
2807 981 2900 1034 τοῦ
2949 981 3196 1052 Σωτῆρος
3231 978 3388 1050 ἡμῶν
3429 979 3754 1048 ἐπιφανείας

2189 1077 2358 1132 ἆπασι
2387 1079 2496 1140 τοῖς
2528 1075 2734 1130 ἔθνεσιν
2767 1073 2996 1146 ὑπῆρξε,
3024 1073 3131 1128 τῶν
3161 1072 3323 1126 πάλαι
3339 1071 3630 1144 προφητῶν
3655 1073 3752 1126 καὶ

2188 1169 2344 1222 τοῦτο
2365 1167 2794 1240 τεθεωρηκότων.
2809 1165 2967 1234 Λέγει
2995 1164 3037 1216 δ’
3065 1160 3162 1240 οὖνΔ
3181 1163 3435 1236 ἄντικρυς
3457 1164 3745 1232 Σοφονίας·

2195 1278 2214 1310 ι
2239 1260 2654 1329 Ἐπιφανήσεται
2675 1257 2876 1330 Κύριος
2897 1258 2983 1310 ἐπ’
3015 1237 3230 1321 αὐτούς,
3257 1257 3350 1308 καὶ
3381 1255 3750 1326 ἐξολοθρεύσει

2192 1353 2396 1415 πάντας
2425 1353 2548 1416 τοὺς
2573 1345 2724 1414 θεοὺς
2751 1349 2860 1402 τῶν
2893 1347 3058 1402 ἐθνῶν
3092 1347 3190 1416 τῆς
3229 1347 3352 1416 γῆς,
3383 1347 3477 1400 καὶ
3511 1363 3754 1418 προσκυ-

2190 1447 2439 1516 νήσουσιν
2473 1443 2650 1514 αὐτῷ,
2683 1443 2910 1505 ἕκαστος
2959 1441 3021 1494 ἐκ
3053 1439 3145 1504 τοῦ
3175 1439 3337 1494 τόπου
3384 1439 3582 1492 αὐτῶν.
3615 1456 3638 1491 ι
3687 1438 3752 1490 '0

2189 1537 2246 1591 δὲ
2281 1537 2563 1608 Μαλαχίας
2597 1535 2730 1608 ὁμοῦ
2776 1534 2912 1608 πρὸς
2949 1533 3072 1596 τοὺς
3107 1535 3169 1586 ἐκ
3203 1533 3496 1604 περιτομῆς
3529 1530 3750 1586 ἀποτείιο

2191 1645 2356 1694 νεται,
2379 1628 2472 1681 καὶ
2519 1627 2646 1698 περὶ
2679 1625 2786 1678 τῶν
2819 1625 2982 1680 ἐθνῶν
3011 1625 3182 1678 ταῦτα
3217 1625 3610 1695 προαναφωνεί,
3645 1623 3755 1691 φά-

2193 1721 2512 1776 σκων-«Οὐκ
2533 1719 2646 1772 ἐστι
2673 1735 2772 1789 μου
2797 1716 3024 1788 θέλημα,
3049 1715 3198 1784 λέγει
3219 1714 3420 1786 Κύριος
3445 1713 3752 1784 παντοκρά-

2191 1831 2324 1884 τωρ,
2377 1813 2470 1866 καὶ
2517 1811 2705 1874 θυσίας
2759 1810 2818 1862 οὐ
2863 1806 3218 1880 προσδέξαμαι
3271 1809 3334 1860 ἐκ
3398 1806 3503 1858 τῶν
3549 1804 3750 1876 χειρῶν

531 1907 666 1964 tere,
707 1901 786 1956 sic
817 1901 934 1954 ait:
975 1919 994 1954 ι
1039 1899 1200 1956 Venit
1239 1903 1394 1966 liora,
1447 1911 1500 1957 et
1537 1915 1684 1956 nunc
1728 1909 1843 1964 est,
1876 1899 2091 1970 quando

2195 1903 2366 1975 ὑμῶν,
2395 1903 2527 1956 διότι
2575 1903 2670 1956 ἀπ’
2711 1901 2993 1972 ἀνατολῆς,
3055 1900 3149 1954 καὶ
3191 1898 3352 1970 μέχρι
3383 1897 3642 1968 δυσμῶν,
3683 1895 3750 1948 τὸ

527 1991 640 2046 veri
669 1991 990 2046 aduratores
1023 1991 1327 2046 adorabunt
1356 1991 1594 2054 Patrem,
1627 2007 1797 2061 neque
1827 1991 1882 2044 in
1912 1996 2092 2046 monte

531 2083 670 2146 hoc,
708 2099 882 2154 neque
915 2085 969 2137 in
999 2081 1321 2142 Jerusalem.
1359 2083 1594 2154 Spiritus
1637 2083 1782 2137 enim
1819 2081 1980 2147 Deus,
2038 2088 2092 2136 et

529 2175 706 2245 ipsum
737 2175 1050 2242 adorantes,
1081 2177 1135 2229 in
1168 2177 1364 2246 spiritu
1391 2183 1446 2232 et
1481 2178 1707 2232 veritate
1725 2185 1940 2246 oportet
1961 2176 2092 2230 ado-

527 2283 650 2321 rare
667 2267 733 2322 ⁸⁷.
775 2287 794 2320 ι
823 2267 1033 2334 Quibus
1069 2271 1232 2324 rebus
1267 2269 1338 2323 ita
1368 2270 1436 2324 ab
1475 2271 1566 2325 illo
1597 2269 1888 2340 praedictis,
1917 2269 2092 2324 conti-

527 2369 636 2408 nuo
662 2369 760 2410 nec
779 2357 941 2428 longo
971 2365 1090 2426 post
1114 2365 1374 2428 tempore,
1397 2357 1784 2430 Hierosolymis
1809 2359 2090 2414 obsidione

525 2449 827 2520 oppressis,
858 2457 912 2505 et
945 2451 1066 2520 ejus
1095 2452 1198 2506 loci
1247 2451 1635 2518 sanctificatio,
1663 2459 1717 2506 et
1740 2451 1806 2506 ad
1839 2453 2086 2507 eumdem

525 2555 680 2594 usum
717 2549 1090 2597 constructum
1127 2545 1314 2608 altare,
1339 2553 1392 2599 et
1426 2543 1692 2606 adoratio,
1720 2559 1838 2614 quae
1885 2559 1914 2596 a
1943 2544 2088 2600 Mose

525 2631 725 2686 tradita
769 2633 963 2698 fuerat,
1011 2636 1222 2690 sublata
1260 2651 1556 2704 eversaque
1599 2645 1745 2690 sunt.
1785 2635 2088 2706 Eodemque

521 2731 768 2794 tempore
793 2727 846 2779 in
871 2742 1060 2781 omnes
1087 2728 1334 2782 homines
1355 2727 1624 2796 patefacta
1651 2735 1755 2790 est,
1793 2733 1845 2781 et
1869 2728 2089 2781 emicuit

523 2829 610 2880 ea,
646 2831 768 2885 qua:
791 2823 916 2870 ante
958 2817 1160 2873 Mosem
1197 2819 1331 2872 vii-is
1372 2819 1577 2873 sanctis
1613 2833 1644 2871 a
1681 2819 1946 2888 principio
1967 2820 2088 2871 data

525 2905 726 2972 fuerat,
765 2907 936 2976 pietas
981 2916 1032 2962 et
1079 2909 1286 2979 religio,
1331 2917 1384 2964 ct
1431 2927 1550 2980 quae
1591 2925 1687 2980 per
1729 2911 1874 2962 illam
1912 2911 2088 2963 omni-

523 2996 630 3052 bus
675 2999 926 3069 gentibus
975 3001 1240 3070 promissa
1291 3001 1464 3056 fuerat
1508 3001 1832 3066 benedictio,
1878 3019 1996 3072 qua:
2057 3017 2086 3056 ιι

523 3090 704 3158 primo
737 3105 998 3145 ascensus
1025 3091 1218 3162 gradu,
1249 3101 1302 3146 et
1327 3107 1356 3146 a
1395 3092 1584 3162 ptimis
1619 3093 1727 3147 illis
1755 3093 2086 3147 adorationis

529 3181 633 3251 19
667 3181 914 3236 Mosaicae
959 3183 1260 3252 clementis,
1300 3201 1416 3246 eos,
1472 3185 1564 3254 qui
1598 3185 1664 3238 ad
1690 3199 1748 3238 se
1795 3184 2082 3252 accedunt,
2113 3215 2154 3272 ο

525 3272 594 3326 ad
630 3273 905 3328 meliorem
931 3275 1420 3346 perfection-cuique
1461 3279 1625 3332 vitam
1668 3276 1907 3332 adducit.
1977 3276 2085 3330 Ita-

525 3379 630 3436 que
655 3366 904 3434 protinus
933 3367 1153 3436 quando
1187 3369 1374 3422 beatzs
1423 3369 1566 3432 illos,
1631 3367 1846 3438 Deoque
1883 3369 2086 3424 amicos

525 3459 694 3522 viros,
725 3473 819 3514 eos
845 3457 966 3513 dico
991 3459 1084 3529 qui
1133 3459 1442 3514 Abrahamo
1494 3461 1699 3516 similes
1741 3462 2085 3529 exstiterunt,

523 3563 634 3606 non
661 3551 717 3604 in
750 3550 930 3626 aliquo
956 3559 1106 3607 certo
1144 3552 1610 3624 delcrminatoque
1667 3555 1785 3608 loco
1830 3555 2088 3610 adorasse

523 3651 762 3706 constat,
806 3660 981 3714 neque
1026 3645 1128 3700 sub
1176 3646 1301 3700 ullis
1363 3645 1534 3715 signis
1586 3655 1678 3700 aut
1735 3645 1942 3716 ﬁguris,
1991 3645 2084 3700 sed

525 3735 798 3804 quomodo
829 3735 1076 3798 Salvator
1098 3744 1284 3790 noster
1317 3743 1370 3790 et
1393 3736 1652 3792 Dominus
1679 3747 1857 3800 uocet,
1887 3737 1940 3790 in
1977 3737 2088 3806 Spi-

523 3831 636 3882 ritu
665 3834 718 3882 et
757 3827 1009 3892 veritate,
1040 3829 1226 3882 eadem
1257 3827 1522 3883 adorandi
1549 3829 1690 3881 ratio
1723 3844 1820 3899 per
1844 3829 2086 3898 ejusdem

525 3921 826 3976 Salvatoris
848 3921 1023 3976 nostri
1062 3919 1350 3978 adventum
1383 3921 1635 3974 omnibus
1677 3922 1924 3990 gentibus
1957 3921 2091 3976 insi-

522 4021 692 4068 nuata
725 4021 827 4069 est.
856 4011 1010 4079 Quod
1036 4013 1254 4084 quidem
1287 4013 1550 4075 futurum,
1598 4012 1758 4076 etiam
1813 4012 2088 4084 prophetae

522 4113 734 4162 veteres
769 4113 920 4160 tanto
947 4113 1072 4170 ante
1099 4113 1484 4175 cognoverant.
1522 4105 1656 4162 Dicit
1720 4105 1902 4176 itaque
1932 4107 2090 4176 plane

527 4195 832 4266 Sophonias
866 4213 878 4248 :
917 4215 935 4247 ι
969 4196 1261 4266 Apparebit
1279 4195 1539 4252 Dominus
1567 4211 1728 4268 super
1749 4211 1864 4262 eos,
1891 4203 1942 4249 et
1967 4211 2091 4264 per-

525 4285 618 4339 dct
641 4300 832 4340 omnes
859 4286 990 4342 deos
1020 4287 1266 4356 gentium
1304 4295 1482 4354 terrm,
1515 4297 1568 4343 et
1599 4289 1905 4343 adorabunt
1965 4303 2088 4342 cum

523 4375 904 4448 unusquisque
922 4377 989 4432 de
1025 4379 1145 4433 loco
1170 4393 1270 4434 suo
1299 4378 1364 4433 ³⁸.
1413 4400 1432 4434 ι
1469 4381 1766 4436 lllalacliias
1797 4389 1976 4434 autem
2019 4379 2090 4433 si-

525 4469 662 4532 mul,
694 4479 748 4525 et
767 4471 834 4526 ad
858 4487 952 4528 eos
982 4472 1076 4542 qui
1123 4487 1189 4527 ex
1225 4473 1642 4528 circumcisione
1673 4483 1818 4540 sunt,
1885 4486 2090 4530 sermo-

523 4575 649 4616 nem
676 4563 880 4635 dirigit,
899 4573 952 4618 et
977 4565 1042 4620 de
1063 4565 1315 4635 gentibus
1341 4567 1468 4619 talia
1502 4565 1742 4634 praedicit
1769 4584 1780 4619 :
1806 4583 1824 4616 ι
1863 4563 1980 4618 Non
2011 4575 2092 4620 est
2125 4554 2168 4616 Ι)

524 4655 777 4711 voluntas
816 4669 957 4722 mea,
1009 4657 1138 4710 dicit
1192 4656 1452 4712 Dominus
1508 4659 1872 4728 omnipotens,
1902 4667 1954 4712 et
2003 4675 2090 4713 sa-

527 4745 791 4800 crificium
815 4761 922 4800 non
953 4747 1247 4817 suscipiam
1277 4749 1344 4804 de
1377 4750 1628 4804 manibus
1685 4751 1905 4812 vestris,
1955 4767 2089 4820 quo-

527 4837 674 4891 niam
709 4837 776 4891 ab
805 4845 926 4892 ortu
953 4855 1126 4910 usque
1156 4839 1222 4894 ad
1251 4855 1504 4896 occasum
1537 4856 1734 4896 nomen
1765 4857 1942 4896 meum
1971 4843 2087 4912 glo-

527 4929 800 4984 riticatum
851 4937 934 4986 est
993 4931 1048 4984 in
1109 4933 1382 5002 gentibus,
1436 4941 1489 4987 et
1545 4933 1599 4986 in
1641 4933 1786 4986 omni
1835 4934 1953 4988 loco
2007 4934 2091 4988 in-

529 5037 753 5080 censum
783 5023 1004 5078 oﬂ‘ertur
1027 5025 1232 5078 nomini
1259 5041 1399 5092 meo,
1456 5033 1507 5084 et
1553 5026 1880 5084 sacrificium
1928 5041 2086 5080 mun-

528 5115 658 5170 dum
677 5117 740 5171 ".
775 5137 794 5169 ι
829 5115 984 5183 Quod
1019 5119 1162 5173 enim
1199 5117 1250 5170 in
1275 5117 1420 5171 omni
1446 5119 1564 5170 loco
1599 5117 1751 5180 dicit,
1805 5119 2086 5172 incensum

527 5213 584 5261 et
631 5209 957 5262 sacrificium
1006 5209 1188 5264 offerri
1245 5209 1376 5274 Deo,
1427 5209 1556 5278 quid
1600 5209 1746 5263 aliud
1796 5210 2083 5281 significat,

527 5298 636 5352 nisi
673 5318 691 5350 ‹
733 5317 842 5354 non
871 5301 1260 5374 Hierosolymis
1283 5303 1349 5368 9°,
1383 5323 1399 5352 ι
1435 5317 1610 5372 neque
1653 5301 1870 5358 definite
1901 5304 1955 5358 in
1985 5303 2087 5359 hoc

528 5397 626 5444 aut
655 5390 710 5444 in
735 5393 828 5447 illo
861 5395 978 5450 loco
1005 5397 1055 5450 id
1090 5395 1368 5450 futurum?
1402 5395 1495 5450 sed
1529 5396 1582 5448 in
1607 5397 1752 5449 omni
1787 5396 2004 5466 regione
2035 5401 2090 5450 et

531 5481 588 5536 in
626 5483 877 5540 omnibus
905 5489 1181 5556 gentibus,
1221 5505 1341 5560 qua:
1370 5487 1585 5558 quidem
1615 5495 1668 5546 et
1707 5489 1967 5544 orationis
2009 5489 2091 5542 in-

531 5588 752 5629 censum
781 5583 834 5630 et
865 5579 1213 5642 sacrificium,
1249 5581 1392 5650 quod
1440 5579 1698 5634 mundum
1744 5581 1948 5634 dictum
1981 5587 2086 5643 cst,

531 5679 640 5722 non
681 5681 774 5735 per
805 5681 1050 5726 cruores.
1107 5671 1202 5724 sed
1251 5687 1347 5739 per
1411 5673 1528 5741 pias
1574 5673 1836 5736 actiones,
1877 5685 2090 5726 summo

597 5759 640 5791 ⁸⁷
671 5757 829 5813 Joan.
871 5773 946 5820 iv,
977 5760 1166 5814 εει-ει.
1231 5761 1277 5792 ⁸⁸⁸
1312 5761 1554 5830 Sophon.
1593 5779 1652 5828 n,
1690 5765 1772 5818 ll.

601 5850 768 5922 (3""j
799 5851 954 5908 Οὐδ’.
983 5851 1142 5910 Forte
1174 5854 1292 5912 οὐκ.
1325 5852 1478 5910 Enn.

2191 1995 2363 2068 ὄνομά
2415 2013 2514 2067 μου
2557 1993 2860 2058 δεδόξασται
2885 1995 3077 2056 ἐντοῖς
3121 1991 3317 2056 ἔθνεσι,
3361 1990 3453 2044 καὶ
3489 1991 3546 2042 ἐν
3585 1989 3748 2043 παντὶ

2191 2087 2340 2157 τόπῳ
2367 2086 2614 2156 θυμίαμα
2647 2085 2974 2156 προσάγεται
2997 2082 3073 2154 τῷ
3117 2082 3338 2152 ὀνόματί
3365 2099 3486 2151 μου,
3535 2081 3626 2134 καὶ
3653 2079 3750 2134 θυ-

2194 2181 2282 2236 σία
2316 2180 2546 2252 καθαρά.
2589 2197 2606 2228 ι
2651 2179 2723 2230 Τὸ
2753 2177 2862 2248 γάρ
2885 2177 2941 2232 ὲν
2967 2176 3124 2230 παντὶ
3165 2175 3315 2245 τόπῳ
3365 2173 3612 2246 θυμίαμα
3653 2173 3749 2226 καὶ

2191 2273 2378 2326 θυσίαν
2417 2269 2775 2342 ἀναφέρεσθαι
2825 2268 2960 2340 Θεῷ,
2996 2267 3049 2322 τί
3100 2267 3281 2338 ἕτερον
3321 2267 3664 2337 παρίστησιν,
3708 2265 3744 2336 ἢ

2189 2367 2268 2418 ὄτι
2299 2366 2372 2436 μὴ
2414 2367 2470 2417 ὲν
2523 2361 2928 2434 Ἰεροσολύμοις,
2961 2361 3080 2431 μηδ’
3107 2361 3499 2430 ἀφωρισμένως
3551 2361 3608 2412 ὲν
3640 2357 3748 2428 τῷ-

2188 2457 2244 2510 δε
2295 2455 2374 2526 τῷ
2413 2455 2581 2525 τόπῳ,
2615 2455 2674 2506 ἐν
2729 2454 2877 2526 πάσῃ
2907 2453 2964 2505 δὲ
3015 2451 3186 2523 χώρᾳ,
3241 2453 3333 2505 καὶ
3373 2453 3430 2504 ὲν
3467 2452 3600 2504 πᾶσι
3629 2453 3746 2514 τοῖς

2189 2549 2384 2610 ἔθνεσι,
2413 2549 2658 2619 μέλλουσι
2689 2546 2749 2598 τὸ
2773 2547 2840 2600 δι’
2875 2544 3048 2615 εὐχῶν
3066 2544 3330 2615 θυμίαμα,
3353 2544 3446 2596 καὶ
3465 2543 3559 2613 τὴν
3591 2544 3650 2596 οὐ
3675 2543 3742 2596 δι’

2189 2643 2453 2714 αἱμάτων,
2491 2641 2624 2695 ἀλλά
2659 2641 2725 2694 δι’
2761 2639 2932 2710 ἔργων
2971 2635 3208 2690 εὐσεϐῶν
3241 2635 3483 2706 καθαρὰν
3531 2635 3746 2705 ὠνομα-

2191 2733 2390 2804 σμένην
2435 2731 2620 2786 θυσίαν
2670 2731 2748 2802 τῷ
2781 2731 2871 2783 ἐπὶ
2906 2731 3066 2782 πᾶσιν
3109 2729 3398 2798 ἀναφέρειν
3445 2725 3596 2796 Θεῷ;
3637 2727 3746 2798 Βοᾷ

2187 2824 2243 2878 δὲ
2284 2823 2616 2895 διαρρήδην,
2644 2825 2736 2876 καὶ
2777 2823 3043 2893 κέκραγεν
3097 2825 3125 2874 ὁ
3179 2821 3425 2882 Ἡσαΐας,
3474 2820 3744 2884 θεσπίζων

2189 2915 2303 2986 ἅμα
2333 2916 2424 2968 καὶ
2447 2915 2616 2982 λέγων
2635 2931 2647 2944 ·
2683 2933 2701 2966 ι
2743 2915 2934 2966 Ἔσται
2967 2913 3341 2982 θυσιαστήριον
3362 2910 3438 2982 τῷ
3467 2909 3654 2981 Κυρίῳ
3683 2913 3744 2964 ἐν

2188 3007 2339 3078 χώρᾳ
2369 3006 2662 3075 Αἰγύπτου,
2691 3007 2784 3060 καὶ
2827 3005 3062 3074 γνωστὸς
3095 3003 3246 3058 ἔσται
3279 3005 3478 3076 Κύριος
3497 3005 3608 3067 τοῖς
3637 3003 3740 3056 Δί-

2187 3097 2452 3166 γυπτίοις,
2485 3097 2578 3150 καὶ
2631 3095 2915 3150 ἀποστελεί
2945 3095 3122 3158 αὐτοῖς
3173 3093 3452 3165 ἄνθρωπον
3487 3093 3546 3157 ὃς
3579 3091 3744 3148 σώσει

2187 3188 2400 3252 αὐτοὺς,
2448 3189 2540 3242 καὶ
2588 3186 2882 3256 γνώσονται
2929 3187 2977 3240 οἱ
3023 3185 3304 3254 Αἰγύπτιοι
3329 3185 3420 3238 τὸν
3454 3185 3654 3256 Κύριον
3685 3187 3746 3238 ὲν

2186 3285 2252 3354 τεῇ
2281 3281 2461 3352 ἡμέρᾳ
2487 3281 2688 3352 ἐκείνῃ,
2723 3278 2817 3332 καὶ
2845 3277 3121 3349 ποιήσουσι
3157 3277 3362 3344 θυσίας,
3385 3277 3476 3330 καὶ
3499 3275 3744 3340 εὔξονται

2187 3389 2350 3460 εὺχάς
2373 3387 2448 3458 τῷ
2489 3387 2697 3458 Κυρίῳ,
2755 3387 2848 3438 καὶ
2893 3383 3247 3438 ἀποδώσουσι.
3276 3381 3366 3436 καὶ
3413 3381 3748 3450 ἐπιστραφή-

2187 3499 2368 3534 σονται
2413 3481 2548 3552 πρὸς
2589 3479 2812 3550 Κύριον,
2865 3477 2959 3530 καὶ
3013 3475 3386 3528 είσακούσεται
3423 3473 3620 3534 αὐτῶν,
3651 3474 3748 3538 καὶ

2190 3573 2394 3627 ἰάσεται
2455 3569 2670 3632 αὐτούς.
2709 3588 2726 3619 i
2755 3565 2900 3640 *Δρά
2939 3583 3019 3620 σοι
3051 3565 3308 3636 δοκοῦμεν
3353 3564 3523 3634 ἀληθῆ
3567 3563 3746 3630 λέγειν

2191 3663 2475 3734 μετάθεσιν
2503 3660 2596 3714 τοῦ
2619 3659 2860 3722 Μωσέως
2883 3657 3066 3728 νόμου,
3125 3654 3319 3726 μᾶλλον
3339 3653 3394 3706 δὲ
3425 3651 3631 3706 παῦλαν
3652 3652 3748 3704 καὶ

2186 3755 2335 3808 λύσιν
2359 3754 2652 3824 φάσκοντες
2683 3751 2770 3804 διά
2808 3749 2916 3802 τῶν
2945 3747 3292 3819 προφητικῶν
3337 3745 3526 3815 φωνῶν
3555 3741 3746 3796 θεσπί-

2188 3849 2218 3912 ζ
2221 3848 2372 3900 εσθαι
2387 3864 2401 3910 ;
2431 3848 2488 3898 Ὁ
2521 3845 2618 3916 μέν
2631 3863 2692 3914 γε
2706 3844 2906 3914 Μωσῆς
2921 3841 3298 3909 θυσιαστήριον
3315 3838 3406 3889 καὶ
3425 3835 3614 3898 θυσίας
3631 3833 3740 3886 οὐδ’

2192 3940 2356 4008 (5⁸·’”)
2402 3937 2660 4006 ἀλλαχόσε
2677 3937 2778 4006 γῆς
2807 3935 2838 4003 ἢ
2867 3937 2923 3986 ὲν
2944 3935 3078 4004 μόνῃ
3089 3935 3152 4002 τῇ
3169 3928 3416 4000 Ἰουδαίᾳ,
3437 3927 3530 3980 καὶ
3543 3925 3747 3996 ταύτης

2189 4031 2244 4082 ἐν
2269 4031 2368 4100 μιᾷ
2399 4028 2548 4081 πόλει
2573 4026 2939 4096 συστήσασθαι
2967 4024 3244 4094 νομοθετεῖ
3263 4038 3276 4051 '
3305 4023 3338 4092 ὴ
3363 4021 3418 4073 δὲ
3443 4017 3746 4090 προφητεία

2189 4123 2246 4174 ὲν
2283 4121 2434 4191 χώρᾳ
2485 4119 2648 4190 φησὶν
2693 4117 2965 4184 Αἰγύπτου
3009 4113 3086 4184 τῷ
3137 4113 3324 4186 Κυρίῳ
3369 4112 3746 4182 θυσιαστήριον

2190 4209 2584 4284 ἱδρυθήσεσθαι,
2615 4207 2706 4262 καὶ
2729 4209 2852 4268 τοὺς
2879 4205 3204 4274 Αἰγυπτίους
3228 4205 3424 4267 αὐτοὺς
3453 4205 3531 4274 τῷ
3561 4201 3748 4272 Κυρίῳ

2189 4311 2295 4366 τῶν
2327 4310 2634 4384 προφητῶν,
2657 4307 2778 4362 ’ἀλλ’
2801 4307 2980 4360 οὐκέτι
3011 4307 3122 4369 τοῖς
3149 4305 3420 4376 πατρῴοις
3448 4305 3588 4366 θεοῖς
3617 4301 3748 4356 καλ-

2187 4411 2453 4482 λιερήσειν
2475 4408 2570 4470 τὰς
2602 4405 2811 4468 θυσίας,
2843 4404 2936 4457 καὶ
2961 4401 3060 4474 τῆς
3089 4399 3408 4470 θεογνωσίας
3439 4397 3500 4450 οὐ
3545 4395 3748 4450 Βὶωσέα

2193 4501 2380 4566 αἴτιον,
2409 4500 2514 4552 οὐδ’
2541 4499 2723 4568 ἕτερον
2746 4495 2852 4550 τῶν
2873 4493 3164 4566 προφητῶν
3192 4493 3370 4552 αὐτοῖς
3404 4487 3744 4558 γενήσεσθαι,

2193 4593 2328 4650 ἀλλά
2351 4607 2473 4646 τινα
2503 4589 2682 4643 καινὸν
2707 4589 2799 4642 καὶ
2821 4590 2938 4642 νέον
2967 4587 3247 4656 ἄνθρωπον
3275 4579 3456 4633 θεόθεν
3481 4577 3746 4632 ἀπεσταλ-

2195 4693 2372 4766 μένον.
2423 4689 2854 4760 Μετατιθεμένου
2873 4688 2928 4740 δὲ
2958 4685 3048 4738 τοῦ
3085 4681 3462 4752 θυσιαστηρίου
3495 4679 3643 4750 παρά
3675 4677 3744 4731 τά

2191 4781 2274 4852 τῷ
2305 4783 2490 4834 Μωσεῖ
2511 4778 2787 4842 δοκοῦντα,
2840 4776 3051 4843 ἀνάγκη
3098 4774 3246 4825 πᾶσα
3269 4773 3362 4824 καὶ⁹
3385 4769 3478 4822 τοῦ
3503 4767 3744 4831 Μωσέως

2192 4877 2355 4946 νόμου
2388 4870 2682 4942 μεταϐολὴν
2703 4868 2969 4939 γενέσθαι.
2991 4863 3121 4919 Εἶτα
3146 4863 3200 4916 δὲ
3220 4863 3436 4926 θύοντες
3463 4859 3744 4929 Αἰγύπτιοι

2191 4967 2268 5038 τῷ
2309 4965 2398 5018 ἐπὶ
2451 4963 2666 5018 πάντων
2711 4961 2827 5031 Θεῷ
2847 5003 2860 5027 ,
2899 4959 3110 5020 πάντως
3149 4973 3249 5008 που
3296 4957 3389 5008 καὶ
3453 4951 3746 5024 ἱερωσύνης

2182 5057 2591 5126 ἀξιωθήσονται.
2627 5052 2954 5124 Ἱερωμένων
3003 5049 3136 5120 δῆτα
3173 5045 3481 5116 Αἰγυπτίων
3515 5044 3581 5097 τά
3619 5043 3745 5114 περὶ

2183 5159 2418 5213 Λευῖτῶν
2451 5159 2544 5212 καί
2593 5155 2699 5208 τῶν
2757 5157 2818 5206 ἐκ
2855 5151 3100 5222 διαδοχῆς
3147 5147 3349 5219 Ἀαρὼν
3385 5147 3608 5202 Marios?
3633 5145 3744 5198 δια-

2181 5259 2504 5330 τεταγμένα,
2522 5256 2695 5311 ούκὲτ’
2711 5255 2774 5308 ἂν
2794 5253 2998 5320 γένοιτο
3015 5253 3124 5313 τοῖς
3143 5249 3458 5318 Αἰγυπτίοις
3481 5249 3738 5320 χρήσιμα.

2185 5370 2326 5440 Ὥρα
2364 5367 2426 5436 δὴ
2463 5361 2552 5418 οὖν
2583 5361 2771 5430 καινῆς
2797 5359 3112 5430 νομοθεσίας
3137 5359 3244 5412 δεῖν
3270 5360 3346 5422 εἰς
3375 5359 3470 5430 τὴν
3505 5355 3610 5410 τῶν
3650 5354 3744 5426 δη-

2189 5459 2459 5530 λουμένων
2507 5455 2781 5508 σύστασιν.
2819 5453 2884 5504 Τί
2911 5452 2966 5505 δὲ
3017 5447 3154 5524 ἆρα;
3201 5452 3318 5522 εἰκῇ
3365 5449 3514 5504 ταῦτ’
3543 5449 3744 5516 ἁναπετ

2191 5561 2464 5633 φώνηταις
2495 5559 2528 5628 ἦ
2553 5559 2644 5612 καὶ
2675 5555 2823 5620 τέλος
2859 5557 3209 5628 ὲπενήνεκται
3237 5559 3347 5619 τοῖς
3379 5555 3582 5622 λόγοιςς
3609 5552 3743 5608 Σκέ-

2187 5669 2284 5740 ψαι
2313 5669 2356 5721 δ’
2379 5661 2470 5720 οὗν
2501 5665 2550 5717 εἰ
2580 5661 2654 5732 μὴ
2683 5662 2940 5732 σήμερον.
2965 5661 3104 5732 λέγω
3126 5661 3190 5733 δὴ
3211 5661 3330 5716 καθ’
3357 5659 3499 5732 ἡμᾶς
3523 5657 3741 5726 αὐτοὺς,

1851 5765 1894 5796 ⁸⁹
1919 5762 2148 5818 Mal-acti.
2185 5777 2221 5828 i,
2256 5759 2438 5827 10,“.
2477 5827 2479 5830 ι
2517 5755 2563 5788 ⁹⁰
2591 5753 2751 5812 Joan.
2783 5770 2856 5822 Iv,
2889 5754 2977 5811 ει.
