4018 6502
158 418 220 479 Gl

1107 417 1762 475 DEMONSTRATIONIS
1791 417 2252 478 EVANGELICA‘J
2294 419 2422 475 LIB.
2463 419 2503 475 1.

3359 423 3431 478 62

157 541 460 612 ὀφθαλμοῖς
500 539 588 608 (4)
628 537 855 610 ὁρῶνται
883 537 942 590 ού
972 537 1132 607 μόνον
1163 539 1470 607 Αἰγύπτιοι,
1493 539 1629 593 ἀλλά
1661 539 1756 593 καὶ

1878 538 1968 594 )eo
2004 547 2187 596 essent
2209 541 2471 596 oblaturre
2489 509 2776 608 ?)Clamat'
2801 547 2984 596 autem
3031 541 3208 610 palam
3248 545 3303 593 et
3333 555 3422 592 vo-

161 633 260 686 πᾶν
279 629 443 699 γένος
472 627 600 681 τῶν
628 629 753 699 πρὶν
797 626 1194 701 εἰδωλολατρῶν
1250 627 1570 701 ἀνθρώπων,
1597 627 1690 692 οὓς
1719 629 1754 698 ἠ

160 725 468 795 πρόρρησις
505 721 606 774 διὰ
627 720 734 774 τῶν
756 721 1066 787 Αἰγυπτίων
1097 721 1358 793 ᾐνίττετο,
1395 721 1493 790 τῆς
1525 721 1623 791 μέν
1657 738 1756 774 που

159 815 340 868 λυθέου
370 814 475 866 καὶ
496 814 829 885 δαιμονικῆς
857 815 1277 886 ἀπηλλαγμένον
1312 813 1540 886 πλάνης,
1571 815 1664 866 τὸν
1701 814 1758 867 δέ

159 911 260 963 τῶν
290 907 608 979 προφητῶν
635 905 768 960 Θεὸν
800 906 1256 977 ἀνακαλούμενον.
1294 907 1401 958 Καὶ
1435 905 1679 976 εὔχονται
1702 906 1759 960 δὲ

160 1003 330 1057 οὐκέτι
357 1000 592 1052 πλείοσι
631 999 862 1071 κυρίοις,
912 1000 992 1052 ἐνὶ
1015 999 1070 1052 δὲ
1101 998 1179 1069 τῷ
1214 999 1360 1069 μόνῳ
1398 999 1588 1070 Κυρίῳ
1618 999 1760 1053 κατὰ

163 1094 218 1148 τό
273 1094 423 1163 ἱερὸν
477 1091 693 1160 λόγιον,
736 1091 826 1144 καὶ
878 1090 1051 1161 τούτῳ
1091 1090 1474 1161 θυσιαστήριον
1516 1090 1759 1160 ἀναίμων

167 1189 250 1240 καὶ
282 1183 535 1250 λογικῶν
595 1182 815 1248 θυσιῶν,
848 1183 987 1236 κατὰ
1041 1183 1108 1236 τὰ
1155 1182 1314 1236 καινά
1352 1184 1624 1254 μυστήρια
1661 1185 1759 1254 τῆς

168 1279 277 1337 νέας
310 1274 407 1326 καὶ
442 1273 656 1343 καινῆς
679 1272 973 1343 Διαθήκης,
1006 1271 1128 1324 καθ’
1153 1271 1281 1343 ὅλης
1312 1273 1411 1343 τῆς
1459 1270 1759 1344 ἀνθρώπων

166 1367 488 1436 οἰκουμένης
546 1366 934 1438 ἁνεγήγερται,
965 1367 1021 1415 ἐν
1073 1365 1209 1436 αὐτῇ
1247 1382 1307 1416 τε
1341 1364 1623 1435 Αἰγύπτῳ,
1667 1365 1762 1418 καὶ

166 1457 501 1521 τοίςλοιποῐς
536 1456 717 1511 ἔθνεσι
761 1454 850 1508 τὸν
901 1455 1103 1526 τρόπον
1151 1452 1580 1524 Αίγυπτιάζουσι
1621 1455 1761 1509 κατά

165 1550 252 1620 τὴν
282 1547 678 1618 δεισιδαίμονα
719 1546 957 1617 πλάνηνο
989 1545 1083 1600 νῦν
1129 1546 1250 1600 καθ’
1285 1547 1432 1618 ἡμᾶς
1461 1547 1492 1616 ἡ
1517 1545 1611 1599 τοῦ
1655 1546 1762 1599 τῶν

167 1644 290 1696 ἂων
313 1641 456 1695 Θεοῦ
492 1641 707 1710 γνῶσις
725 1640 1124 1710 διαλάμπουσα,
1167 1639 1266 1711 τὴν
1298 1640 1481 1693 πίστιν
1527 1638 1765 1710 ἀναμφί-

167 1736 345 1788 λεκτον
390 1732 509 1787 τῶν
542 1732 1058 1804 προθεσπισθέντων
1079 1729 1554 1802 ἐπισφραγίξεται.
1581 1729 1764 1783 Ταῦτα

170 1827 220 1879 δὲ
246 1826 424 1897 ἔργοις
461 1823 869 1903 ἐπιτελούμενα
897 1823 1059 1894 δρῶν,
1089 1822 1203 1876 ἀλλ’
1230 1821 1410 1876 οὐκέτ’
1433 1822 1570 1892 ἁκοῇ
1599 1839 1765 1892 προσ-

171 1920 466 1990 δοκώμενα,
502 1920 606 1995 τὸν
647 1918 854 1990 καιρὸν,
893 1917 1087 1971 ὁπόθεν
1125 1917 1224 1990 τὴν
1257 1919 1431 1990 ἀρχὴν
1471 1918 1579 1972 τῶν
1627 1935 1768 1990 πρα-

174 2011 384 2081 γμάτων
409 2010 667 2082 εἴληχεν,
687 2009 795 2063 οὐδ’
815 2008 913 2080 (4⁸)
934 2007 1089 2062 ἄλλον
1105 2008 1450 2079 ἀναζητήσας
1462 2009 1716 2080 εὑρήσεις
1731 2007 1765 2078 ἢ

174 2103 253 2154 τὸν
294 2103 393 2173 τῆς
437 2100 724 2172 σωτηρίου
765 2100 1104 2169 ἐπιφανείας.
1139 2101 1311 2163 Λύτὸς
1351 2101 1458 2171 ἄρα
1495 2092 1653 2163 οὗτος
1699 2094 1768 2169 ἦν

179 2195 389 2256 ἐκεῖνος,
426 2193 490 2246 ὃν
541 2194 578 2246 ὁ
601 2189 844 2264 χρησμὸς
888 2189 1096 2261 ἐδήλου,
1127 2189 1305 2260 φήσας
1327 2186 1648 2242 ἀποστελεῖν
1677 2185 1769 2240 τὸν

178 2286 273 2338 τῶν
321 2286 459 2338 ὅλων
493 2285 662 2348 θεὸν,
694 2283 790 2338 καὶ
822 2282 1027 2354 Κύριον
1062 2283 1176 2345 τοῖς
1206 2280 1527 2348 Αἰγυπτίοις
1562 2277 1771 2350 ἀνθρω-

181 2393 290 2440 πον,
312 2377 369 2440 ὃς
395 2375 580 2429 σώσει
613 2374 831 2438 αύτούς·
867 2373 926 2426 ὃν
951 2373 1045 2426 καὶ
1072 2371 1140 2426 τὰ
1167 2371 1411 2435 Μωσέως
1463 2370 1652 2442 ἐδήλου
1685 2370 1772 2423 λό-

182 2486 284 2536 για,
309 2468 372 2522 δι’
397 2461 475 2521 ὧν
506 2468 718 2538 ἔφησεν
739 2484 753 2496 ·
794 2485 812 2518 ‹
868 2463 1242 2532 Ἐξελεύσεται
1274 2462 1368 2518 ἄνθ
1380 2480 1556 2533 ρωπος
1585 2465 1649 2515 ἐκ
1675 2461 1768 2515 τοῦ

187 2559 484 2630 σπέρματος
555 2557 756 2622 αὐτοῦ,
798 2556 892 2610 καὶ
933 2554 1212 2626 κυριεύσει
1283 2552 1452 2606 ἐθνῶν
1493 2551 1765 2604 πολλῶνοι

188 2653 238 2703 ἐν
262 2648 336 2714 οἷς
366 2651 562 2704 ἔθνεσι
596 2631 691 2704 καί
724 2648 1008 2716 Αἰγύπτιοι
1054 2645 1320 2718 δήπουθεν
1361 2644 1770 2717 καταριθμοίντ’

189 2743 262 2796 ἀν.
301 2742 459 2796 Ἀλλὰ
492 2742 636 2814 περὶ
668 2742 767 2812 μὲν
801 2740 1002 2792 τούτων
1033 2738 1244 2810 μακρὸς
1279 2737 1344 2794 ἂν
1365 2737 1448 2808 εἴη
1473 2737 1652 2806 λόγος,
1684 2738 1769 2789 ἐπ’

192 2833 374 2898 οἰκείας
389 2833 600 2904 σχολῆς
618 2831 793 2884 ἐντελέ
802 2847 888 2883 στε
897 2847 988 2903 ρον
1005 2828 1489 2900 ἀποδοθησόμενος
1511 2828 1571 2880 τό
1586 2845 1646 2895 γε
1667 2827 1770 2898 μὴν

194 2926 343 2994 παρὸν
374 2925 823 2997 ὲπιτετηρήσθω,
863 2927 944 2978 ὅτι
979 2923 1048 2976 τά
1076 2920 1465 2993 προηγούμενα
1513 2918 1623 2972 οὐδ’
1647 2917 1771 2987 (ιη)

199 3018 411 3089 ἄλλοτεῆ
431 3019 587 3089 μετά
611 3018 708 3088 τὴν
726 3017 1048 3086 ἐπιφάνειαν
1065 3012 1239 3086 Ἰησοῦ
1256 3012 1504 3083 τούΣωτῆ
1511 3029 1600 3083 ρος
1616 3009 1773 3083 ἡμῶν

198 3112 499 3183 ἐπληροῦτο.
545 3110 635 3176 Ἐξ
651 3110 858 3164 ἐκείνου
876 3110 985 3180 γάρ
1001 3126 1080 3161 τοι
1098 3109 1191 3161 καὶ
1215 3109 1294 3170 είς
1310 3106 1471 3177 δεῦρο
1488 3106 1637 3175 παρὰ
1666 3107 1775 3167 τοῖς

1798 1888 1842 1944 Β

1859 629 2121 686 ciferatur
2152 630 2318 687 Isaias
2334 631 2640 687 vaticinans
2661 632 2847 698 simul,
2895 647 2959 687 ac
2989 631 3178 687 dicens
3216 650 3229 686 :
3259 650 3277 682 ς
3314 630 3432 686 Erit

1859 723 2029 782 altare
2055 721 2281 778 Domino
2309 722 2363 776 in
2397 732 2538 778 terra
2568 721 2806 793 A3gypti,
2836 732 2890 779 et
2934 729 3298 792 cognoscetur
3326 720 3428 775 Do-

1859 813 2040 867 minus
2075 812 2142 867 ab
2172 811 2464 884 Egyptiis,
2495 819 2548 868 et
2571 813 2747 867 mittet
2775 815 2854 868 eis
2889 814 3159 882 hominem
3199 813 3292 882 qui
3321 812 3432 866 sal-

1859 917 1956 956 vos
1986 901 2147 957 faciet
2175 917 2289 966 eos,
2329 909 2383 957 et
2410 910 2739 973 cognoscent
2785 900 3024 973 {Egyptii
3055 901 3344 956 Dominum
3377 900 3432 955 in

1859 995 1946 1051 die
1979 995 2088 1060 illa,
2123 1005 2176 1050 et
2204 995 2404 1058 facient
2424 996 2714 1060 sacrificia,
2747 1003 2800 1050 et
2824 994 3096 1049 vovehunt
3151 1003 3276 1048 vota
3333 993 3436 1048 Do-

1860 1091 2029 1153 mino,
2055 1098 2110 1144 et
2142 1089 2390 1154 reddent,
2423 1097 2477 1145 et
2503 1098 2890 1145 convertentur
2917 1089 2984 1142 ad
3019 1087 3332 1149 Dominum,
3379 1095 3434 1142 et

1860 1179 2113 1235 exaudiet
2141 1195 2256 1244 eos,
2285 1189 2338 1237 et
2367 1182 2581 1236 sanabit
2606 1197 2702 1237 eos
2730 1181 2796 1235 9‘.
2834 1200 2852 1231 )
2893 1179 3099 1249 Ecquid
3125 1180 3226 1232 tibi
3276 1178 3434 1232 vide-

1861 1289 1983 1326 mur
2009 1289 2191 1328 veram
2205 1273 2338 1344 legis
2370 1273 2505 1329 Mosi
2536 1273 2952 1328 conversionem
2985 1271 3206 1326 dicere?
3236 1287 3304 1324 an
3335 1286 3434 1341 po-

1861 1366 1972 1421 tius
2005 1366 2165 1421 tinem
2191 1375 2244 1422 et
2280 1365 2604 1422 solutionem
2636 1367 2957 1432 enuntiare,
2999 1373 3053 1420 et
3100 1365 3436 1434 propheticis

1863 1460 2091 1514 vocibus
2128 1459 2413 1514 vaticinari
2443 1459 2465 1513 Ἰ
2501 1459 2713 1514 Etenim
2732 1459 2909 1514 Moses
2953 1459 3124 1512 altare
3144 1464 3197 1512 et
3229 1456 3440 1512 sacrifi-

1863 1552 1947 1605 cia
1980 1567 2249 1622 nusquam
2268 1559 2536 1607 terrarum
2572 1551 2628 1605 in
2668 1551 2783 1606 sola
2835 1549 3021 1606 Judtea
3051 1558 3106 1606 et
3163 1551 3219 1605 in
3273 1551 3440 1622 hujus

1865 1656 1973 1696 una
1996 1641 2263 1695 duntaxat
2288 1641 2509 1696 civitate
2537 1640 2820 1707 constitui,
2859 1641 2978 1712 lege
2998 1658 3028 1696 a
3059 1658 3118 1698 se
3145 1642 3324 1713 posita
3350 1643 3445 1712 ju-

1864 1733 1993 1789 bet:
2029 1733 2312 1804 prophetia
2343 1744 2524 1788 autem
2580 1734 2634 1788 in
2670 1740 2818 1788 terra
2867 1732 3086 1805 Egypti
3138 1734 3216 1788 ait
3269 1735 3442 1790 altare

1872 1825 2097 1882 Domino
2127 1827 2448 1883 struendum
2487 1826 2890 1898 dicandumque
2909 1844 3051 1893 esse,
3073 1836 3126 1884 et
3155 1827 3442 1899 IEgyptios

1871 1921 2021 1990 ipsos
2044 1936 2153 1976 non
2183 1921 2419 1990 amplius
2450 1921 2557 1976 diis
2591 1921 2784 1991 patriis
2815 1936 2928 1976 rem
2959 1936 3195 1984 sacram,
3221 1922 3316 1976 sed
3338 1921 3444 1992 ipsi

1870 2013 2253 2084 prophetarum
2286 2013 2396 2070 Deo
2428 2011 2707 2067 facturos:
2740 2020 2794 2068 et
2851 2013 2995 2082 quod
3052 2029 3240 2069 verum
3274 2013 3444 2068 Deum

1871 2105 1977 2160 siut
2009 2105 2266 2176 agnituri,
2317 2121 2426 2159 non
2457 2104 2639 2160 Mosen
2672 2105 2779 2160 illis
2801 2120 2977 2175 neque
3028 2105 3194 2159 alium
3218 2121 3284 2158 ex
3315 2120 3446 2174 pro-

1871 2199 2050 2270 phetis
2081 2199 2390 2270 quempiam
2417 2206 2692 2253 auctorem
2727 2199 2861 2261 fore,
2895 2199 2988 2254 sed
3025 2213 3225 2252 novum
3255 2211 3446 2267 quem-

1871 2289 1994 2342 dam
2029 2289 2288 2344 diviuitus
2320 2289 2550 2344 missum
2580 2289 2877 2344 hominem.
2913 2289 3022 2358 2ο
3051 2287 3222 2342 Porro
3261 2294 3446 2342 autem

1872 2381 2139 2435 translato
2188 2388 2630 2449 commutataque
2673 2379 2828 2433 altari
2867 2390 3060 2448 praeter
3111 2379 3279 2433 Mosis
3308 2393 3448 2433 eon-

1873 2471 2186 2526 stitutiones
2213 2480 2372 2540 atque
2399 2470 2636 2533 decreta,
2674 2485 2898 2525 necesse
2921 2478 3004 2525 est
3035 2469 3251 2540 penitus
3281 2471 3448 2524 etiam

1873 2562 2008 2631 legis
2041 2559 2206 2617 Mosis
2235 2560 2350 2615 fieri
2385 2561 2758 2614 mutationem.
2788 2559 2944 2625 Quod
2979 2560 3024 2613 si
3066 2575 3281 2613 summo
3335 2559 3451 2613 Deo

1875 2654 2231 2710 sacrificaturi
2265 2663 2393 2706 sunt
2420 2651 2678 2723 JEgyptii,
2717 2667 2942 2722 prorsus
2981 2652 3146 2706 etiam
3191 2651 3450 2707 sacerdo-

1875 2747 1936 2800 tii
1968 2762 2166 2800 munus
2195 2754 2320 2799 sunt
2350 2743 2619 2815 adepturi.
2645 2744 2713 2798 At
2745 2743 3015 2816 lEgyptiis
3063 2744 3130 2797 ad
3166 2744 3274 2798 tale
3326 2758 3449 2796 mu-

1875 2854 1998 2906 nus,
2026 2838 2321 2907 assumptis
2353 2852 2473 2906 quae
2489 2837 2555 2891 de
2585 2835 2787 2894 Levitis
2808 2845 2860 2891 et
2901 2837 3084 2890 Aaron
3117 2834 3453 2891 successori-

1876 2931 1979 2986 bus
2007 2948 2035 2983 a
2059 2929 2206 2984 Moss
2241 2937 2367 2986 sunt
2396 2929 2714 2993 constituta,
2749 2931 2881 2984 nulli
2909 2930 3071 3000 plane
3119 2928 3241 2982 usui
3284 2925 3452 2997 1Egy-

1878 3022 2006 3092 ptiis
2029 3021 2261 3092 amplius
2302 3037 2425 3077 esse
2463 3037 2622 3091 posse
2666 3020 3014 3092 perspicuum
3073 3029 3178 3074 est.
3211 3016 3456 3086 Tempus

1879 3116 2168 3186 igiturjam
2197 3123 2310 3169 tum
2343 3115 2527 3179 fuerit,
2569 3116 2737 3186 legem
2761 3131 2957 3170 novam
2987 3113 3054 3171 ad
3107 3129 3171 3168 ea
3221 3127 3341 3182 qua:
3370 3111 3456 3164 di-

199 3199 622 3266 Δίγυπτίοις,κα“ι
639 3217 713 3252 πα
722 3198 788 3269 ρὰ
807 3196 1258 3270 ῐιέρσαις,Σύροις
1271 3214 1328 3249 τε
1342 3197 1434 3250 καὶ
1451 3197 1775 3268 Ἀρμενίοις,

1881 3211 1968 3256 cla
1995 3213 2120 3258 sunt
2143 3203 2538 3269 confirmanda,
2572 3220 2775 3274 ponere
2812 3220 2951 3274 opus
2975 3220 3117 3259 esse.
3176 3202 3315 3269 Quid
3352 3201 3456 3272 igi-

203 3293 283 3345 καὶ
302 3293 583 3364 παρὰτοῖς
599 3292 698 3355 τὰς
715 3290 970 3362 ἐσχατιὰς
990 3291 1090 3360 τῆς
1106 3290 1210 3360 γῆς
1225 3287 1433 3342 οἰκοῦσι
1453 3287 1773 3359 βαρϐάροις,

204 3386 361 3450 αὐτοῖς
391 3405 449 3440 τε
479 3389 602 3450 τοῖς
640 3386 699 3439 τὸ
734 3387 862 3458 πρὶν
899 3383 1344 3458 ἀνημερωτάτοις
1391 3383 1484 3435 καὶ
1521 3381 1778 3452 θηριωδε-

208 3479 395 3543 στάτοις
439 3481 662 3541 ἔθνεσι,
706 3479 795 3532 ναὶ
825 3477 928 3549 μὴν
970 3478 1064 3530 καὶ
1111 3476 1262 3547 παρὰ
1295 3478 1407 3538 τοῖς
1440 3473 1538 3537 τὰς
1583 3473 1778 3546 νήσους

206 3571 418 3626 οἱκοῦσιν
453 3574 574 3644 (ὅτι
599 3572 664 3644 δὴ
698 3572 789 3624 καὶ
824 3569 1029 3624 τούτων
1086 3569 1288 3638 ἠξίωσε
1331 3569 1609 3638 μνήμη-,νή
1648 3583 1781 3638 προ-

209 3668 383 3735 φητεία
413 3664 797 3737 ποιήσασθαι),
819 3663 955 3734 αὑτὴ
977 3663 1159 3732 ἐκείνη
1183 3664 1216 3733 ἡ
1245 3661 1386 3714 κατά
1417 3661 1505 3713 τὸν
1534 3658 1781 3732 Ἀϐραὰμ

213 3760 450 3826 πολιτεία,
481 3762 587 3816 καὶ
617 3762 644 3813 ό
671 3758 1030 3820 παλαιότατος
1064 3756 1159 3809 καὶ
1183 3755 1398 3808 πάντων
1423 3753 1780 3826 ἀρχαιότατος

212 3853 298 3922 τῆς
323 3853 636 3918 θεοσεϐείας
663 3853 864 3924 τρόπος
904 3849 1284 3914 σπουδάζεται.
1314 3849 1427 3902 Καὶ
1466 3847 1550 3910 τίς
1589 3846 1688 3899 οὐκ
1717 3845 1782 3899 ἂν

216 3942 492 4017 ἐκπλαγείη
542 3945 606 3997 τὸ
645 3941 951 4015 παράδοξον
997 3940 1090 3994 τοῦ
1129 3941 1480 4011 πράγματος,
1533 3939 1580 3990 εί
1625 3937 1688 4008 δὴ
1735 3936 1784 3988 οἱ

217 4036 266 4102 ἐξ
293 4039 476 4104 αίῶνος
516 4037 709 4100 λίθοις,
732 4036 825 4090 καὶ
855 4035 1050 4100 ξύλοις,
1086 4035 1180 4087 καὶ
1211 4034 1451 4103 δαίμοσι,
1485 4029 1692 4102 θηρίοις
1724 4046 1784 4080 τε

223 4128 663 4203 ἁνθρωποϐὀροις,
689 4129 783 4183 καὶ
828 4130 1076 4200 ἑρπετοῖς
1107 4126 1353 4188 ἰοϐόλοις,
1386 4125 1542 4189 ζώοις
1566 4141 1624 4175 τε
1654 4138 1788 4174 παν-

222 4222 383 4287 τοίοις,
415 4224 517 4278 καὶ
549 4221 812 4292 εἰδεχθέσι
847 4220 1158 4282 κνωδάλοις,
1187 4219 1320 4291 πυρί
1354 4235 1412 4270 τε
1449 4217 1544 4277 καὶ
1575 4218 1667 4286 γῇ,
1695 4214 1788 4268 καὶ

225 4314 317 4376 τοῖς
357 4314 446 4368 τού
499 4314 702 4376 παντὸς
745 4312 972 4382 ἀψύχοις
1021 4309 1304 4380 στοιχείοις
1358 4308 1456 4379 τὴν
1500 4306 1790 4374 σεϐάσμιον

230 4410 369 4482 τιμὴν
395 4411 803 4486 περιτιθέντες,
837 4409 926 4461 τὸν
989 4407 1212 4477 ὕψιστον
1243 4405 1397 4467 Θεὸν,
1435 4403 1525 4455 τὸν
1559 4399 1790 4472 ούρανοῦ

231 4504 309 4556 καὶ
338 4506 436 4576 γῆς
484 4502 821 4577 δημιουργὸν
845 4542 859 4566 ,
891 4500 1052 4555 αὑτὸν
1098 4499 1163 4570 δὴ
1217 4498 1306 4550 τὸν
1356 4495 1462 4550 τῶν
1497 4493 1792 4567 προφητῶν

1875 3297 1999 3352 tur?
2028 3305 2231 3351 temere
2264 3297 2377 3351 haec
2409 3299 2691 3352 enuntiata
2725 3298 2892 3352 sunt?
2918 3313 2986 3350 an
3006 3297 3213 3352 exitum
3251 3295 3458 3349 invenit

1877 3389 2094 3444 oratio?
2128 3389 2334 3458 inspice
2359 3389 2522 3460 igitur
2551 3389 2597 3444 si
2625 3405 2732 3442 non
2759 3390 2944 3453 hodie,
2983 3389 3086 3443 hoc
3125 3397 3209 3443 est
3251 3387 3460 3442 nostris

1879 3480 2096 3535 interim
2137 3480 2377 3550 ipsorum
2413 3481 2772 3550 temporibus,
2800 3481 2933 3549 ipsis
2957 3480 3131 3534 oculis
3159 3487 3460 3532 cernuntur

1880 3586 1990 3625 non
2023 3572 2196 3624 solum
2220 3571 2483 3640 Aﬁgyptii,
2511 3585 2701 3624 verum
2730 3571 2894 3624 etiam
2933 3585 3095 3623 omne
3153 3552 3325 3640 genus
3362 3570 3461 3622 ho-

1882 3663 2086 3716 minum
2127 3662 2217 3732 qui
2255 3662 2484 3716 antehac
2507 3661 2820 3716 simulacris
2845 3660 3045 3714 addicti
3071 3668 3246 3723 erant,
3294 3676 3462 3726 quos-

1883 3769 1988 3822 que
2015 3751 2390 3824 A‘Zgyptiorum
2416 3751 2776 3822 appellatione
2809 3750 3128 3822 prophetica
3174 3751 3456 3820 praedictio

1885 3843 2174 3914 significat,
2211 3859 2240 3896 a
2267 3844 2561 3898 multorum
2595 3843 2825 3898 deorum
2845 3858 2907 3898 ac
2949 3843 3259 3897 daemonum
3295 3842 3463 3911 impio

1886 3937 2036 3990 cultu
2063 3934 2374 4000 liberatum,
2406 3944 2460 3990 et
2490 3950 2679 3989 verum
2712 3935 3104 4004 prophetarum
3152 3931 3320 3989 Deum
3375 3938 3462 3986 iu—

1887 4040 2088 4082 vocans
2120 4034 2171 4079 et
2197 4027 2456 4081 adorans.
2495 4024 2632 4080 Vota
2657 4035 2838 4080 autem
2880 4025 3111 4089 faciunt,
3141 4040 3252 4079 non
3294 4024 3463 4094 pluri-

1887 4117 1991 4172 hus
2027 4117 2260 4186 amplius
2305 4117 2566 4183 dominis,
2602 4118 2692 4174 sed
2730 4118 2822 4171 uni
2859 4119 2960 4174 soli
2992 4117 3241 4181 Domino,
3275 4133 3467 4187 quem-

1889 4208 2179 4266 admodum
2203 4223 2419 4264 sacrum
2442 4209 2693 4278 prmdixit
2724 4210 3030 4265 oraculum.
3088 4207 3151 4262 Et
3182 4208 3308 4262 huic
3346 4209 3468 4276 qui-

1890 4298 2012 4354 dem
2050 4299 2218 4354 altare
2246 4301 2654 4354 iucruentarum
2681 4307 2733 4354 et
2757 4301 3103 4354 rationalium
3129 4299 3462 4355 hostiarum,

1893 4397 1952 4444 ut
1993 4405 2131 4444 nova
2159 4389 2295 4445 Novi
2337 4389 2671 4446 Testamenti
2724 4393 2982 4462 mysteria
3025 4390 3323 4462 postulant,
3373 4402 3468 4456 per

1895 4490 2067 4536 totum
2097 4489 2367 4536 terrarum
2388 4482 2576 4536 Ol'bClll
2608 4491 2851 4538 εΐροιυιη
2874 4490 2957 4536 est
2994 4497 3015 4534 'J
3039 4488 3236 4535 etcum
3272 4480 3325 4532 in
3378 4476 3471 4531 1E-

234 4570 428 4666 Κύριον,
463 4570 576 4651 ea;
599 4570 746 4649 est};
778 4593 1027 4664 Ἀϐραὰμ
1065 4591 1158 4644 καὶ
1205 4589 1312 4642 τῶν
1338 4586 1526 4640 τούτου
1578 4601 1775 4656 προπα-

1895 4582 2078 4647 gypto,
2110 4584 2225 4629 tum
2254 4576 2312 4631 in
2342 4574 2567 4645 reliquis
2594 4575 2866 4645 gentibus,
2903 4589 3024 4644 quae
3058 4589 3239 4628 mores
3297 4570 3468 4640 IEgy-

230 4687 401 4758 τόρων,
437 4688 580 4761 μετά
606 4687 706 4762 τὴν
738 4685 830 4740 τοῦ
857 4683 1108 4756 Σωτῆρος
1140 4679 1296 4753 ἡμῶν
1329 4677 1630 4750 παρουσίαν
1656 4676 1789 4729 ἀνα-

237 4779 538 4846 καλοῦνται;
573 4778 669 4832 καὶ
695 4778 744 4830 οἱ
777 4775 956 4848 μικρῷ
983 4772 1218 4848 πρόσθεν
1258 4768 1675 4842 μητρογαμίαις.
1697 4767 1792 4821 καὶ

240 4866 705 4944 θυγατρομιξίαις,
757 4865 1202 4938 ἀλληλοφθορίαις
1255 4881 1315 4916 τε
1368 4863 1460 4916 καὶ
1509 4861 1793 4923 παντοίαις

246 4965 550 5032 μιαιφονίαις
579 4960 1070 5032 ἐγκαλινδούμενοι,
1099 4959 1148 5010 οἱ
1203 4955 1368 5027 μηδέν
1407 4973 1460 5008 τι
1503 4953 1792 5024 ἀνημέρων

245 5053 422 5127 θηρίων
454 5057 550 5111 τὸν
607 5056 804 5128 τρόπον
849 5053 1225 5123 διαφέροντες,
1273 5048 1391 5102 νυνὶ
1431 5046 1519 5100 διὰ
1560 5047 1659 5117 τῆς
1698 5046 1790 5099 τοῦ

248 5145 468 5221 Σωτῆρος
499 5149 658 5221 ἡμῶν
685 5147 864 5201 ἐνθέου
903 5146 1184 5215 δυνάμεως
1221 5139 1665 5214 μεταϐληθέντες,
1699 5140 1794 5193 καὶ¹

249 5237 411 5314 ὥσπερ
442 5243 501 5310 ἐξ
534 5242 734 5313 ἐτέρων
776 5239 956 5310 ἕτεροι
995 5235 1300 5306 γεγονότες,
1329 5233 1520 5301 λόγους
1565 5230 1792 5302 ἀρετῆς,

256 5333 329 5385 καὶ
348 5335 692 5408 σωφροσύνης
725 5331 1086 5402 παιδεύματα,
1137 5327 1407 5390 συνιόντες
1433 5327 1512 5389 εἰς
1547 5324 1616 5378 τά
1644 5323 1796 5376 κοινά

254 5424 264 5468 δ
297 5424 592 5488 δασκαλεῖα,
631 5425 988 5497 μανθάνουσιν
1011 5439 1024 5453 ·
1056 5421 1132 5484 ὼς
1160 5421 1260 5491 τὴν
1295 5417 1554 5472 ἀνωτάτω
1582 5417 1798 5485 φιλοσο-

261 5515 399 5580 ηίαν,
446 5519 542 5590 τὴν
595 5516 718 5589 μηδ’
761 5514 1051 5586 ἐμϐλέπειν
1099 5511 1416 5573 ἀκολάστοις
1468 5506 1796 5577 ὀφθαλμοῖς,

319 5656 360 5687 ’⁸
390 5659 486 5714 lsa.
519 5675 636 5725 nx,
679 5657 875 5724 19,20.

324 5795 389 5864 (ll
417 5798 571 5854 Forte
603 5800 733 5868 leg.,
765 5796 880 5850 καθ’
910 5798 1073 5868 ἡμᾶς,
1114 5799 1292 5860 αὐτοῖς
1331 5799 1438 5859 τοῖς
1463 5793 1584 5864 όφθ.
1625 5809 1769 5852 non.

328 5868 412 5939 μ’)
446 5871 595 5927 οὐδ’.
626 5867 784 5926 Forte
812 5868 928 5922 οὐκ.
961 5867 1113 5922 Enn.

1894 4669 2131 4739 ptiorum
2157 4667 2454 4730 imitantes,
2473 4665 2882 4737 superstitionis
2895 4681 3081 4721 errore
3112 4664 3466 4719 tenebantur:

1895 4759 1997 4814 hac
2025 4759 2142 4831 ipsa
2171 4766 2331 4812 actate
2359 4765 2547 4812 nostra
2579 4757 2824 4828 cognitio
2861 4757 2976 4812 veri
3037 4756 3130 4811 Dei
3192 4756 3470 4816 relucens,

1896 4853 2054 4908 fidem
2089 4853 2155 4907 iis
2205 4867 2324 4922 qua:
2353 4865 2383 4903 a
2415 4851 2696 4920 prophetis
2727 4849 2983 4920 praedicta
3015 4857 3164 4912 sunt,
3198 4847 3473 4901 indubita-

1895 4957 2007 5002 tam
2047 4945 2314 5016 adjungit.
2349 4941 2474 4998 llaec
2509 4952 2690 4997 autem
2723 4959 2846 4998 cum
2879 4946 3059 5013 reipsa
3092 4942 3308 4996 interim
3351 4953 3474 5008 per-

1902 5038 1986 5092 fici
2016 5038 2222 5101 videas,
2258 5051 2357 5090 nec
2415 5037 2668 5106 amplius,
2729 5043 2787 5089 ut
2835 5034 3107 5106 quondam
3167 5032 3344 5088 audita
3379 5047 3475 5084 ex-

1903 5128 2157 5198 spectari,
2187 5128 2234 5183 si
2260 5135 2477 5196 tempus
2515 5143 2726 5198 quzeras
2761 5128 2906 5181 unde
2955 5124 3282 5197 principium
3324 5124 3473 5190 ejus-

1903 5221 2049 5277 modi
2078 5237 2165 5275 res
2199 5223 2489 5291 acceperit,
2525 5237 2631 5274 non
2665 5221 2810 5275 a!iud
2844 5219 3106 5283 invenies,
3145 5232 3306 5285 quam
3349 5233 3473 5272 cum

1908 5315 2158 5370 Salvator
2191 5323 2378 5370 noster
2404 5314 2644 5367 advenit.
2671 5314 2788 5382 Ipse
2819 5312 2985 5381 igitur
3013 5309 3102 5363 ille
3134 5309 3256 5376 fuit,
3310 5324 3472 5378 quem

1903 5408 2184 5462 oraculum
2216 5405 2581 5476 significabat,
2609 5419 2734 5457 cum
2761 5403 2968 5456 diceret
2996 5401 3164 5454 Deum
3195 5412 3250 5454 et
3292 5398 3475 5453 Domi-

1905 5516 2036 5556 num
2061 5499 2324 5563 universi,
2375 5498 2670 5552 missurum
2727 5494 2999 5567 Aigyptiis
3053 5493 3326 5550 hominem
3380 5490 3474 5564 qui

2128 5788 2280 5844 Οὐδ’.
2310 5786 2471 5843 Forte
2502 5786 2618 5842 οὐκ.
2652 5783 2806 5840 Eutr.
