4018 6512
527 433 598 491 63
1182 429 1453 486 EUSEBll
1492 429 1972 487 CxESARlENSlS
2001 429 2152 489 OPP.
2196 428 2376 484 PARS
2408 426 2469 486 il.
2516 456 2585 469 —-
2623 425 3126 484 APOLOGETlCA.

3716 424 3820 482 64

527 555 709 611 salvos
740 552 903 609 faciat
926 568 1042 618 eos,
1074 568 1237 623 quem
1260 562 1314 609 et
1339 552 1506 611 Mosis
1526 555 1785 610 vaticinia
1843 555 2087 625 perbibe-

2201 554 2334 625 μηδὲ
2363 552 2522 623 μέχρι
2545 552 2721 621 λόγων
2742 553 3075 624 ἀδιαφορεῖν,
3099 550 3231 622 μηδὲ
3261 547 3330 603 τὰ
3347 543 3511 603 κοινά-
3535 546 3632 602 καὶ
3669 549 3818 610 τοῖς

526 646 677 708 bant,
700 645 791 700 ubi
818 645 925 698 ait:
946 644 1267 715 Egredietur
1286 644 1449 700 homo
1465 645 1533 702 de
1551 647 1760 702 semine
1790 647 1909 716 ejus
1939 655 1994 702 et
2007 647 2105 701 doc

525 736 824 792 minabitur
845 737 1097 808 gentibus
1122 736 1309 793 multis
1335 739 1417 805 "i
1451 738 1508 792 in
1535 739 1738 809 quibus
1757 754 1889 795 sane
1924 741 2102 811 genti-

525 825 633 882 bus
649 834 701 881 et
718 824 1006 898 Egyptios
1023 828 1298 882 numerari
1324 844 1423 899 par
1443 837 1548 885 est.
1568 829 1767 885 Verum
1785 830 1852 886 de
1872 832 1957 885 his
1981 832 2104 902 qui-

524 918 646 974 dem
675 919 887 990 longior
911 929 1059 975 esset
1087 920 1285 984 oratio.
1310 929 1364 976 et
1400 936 1496 992 per
1524 922 1697 977 otium
1727 922 1855 977 huic
1888 922 1990 993 ipsi
2022 923 2102 978 rei

524 1013 785 1079 dicatum,
837 1015 1141 1071 absolutius
1178 1016 1454 1071 reddenda
1542 1014 1697 1083 Quod
1742 1027 1923 1074 autem
1963 1035 2102 1089 pra:-

524 1106 694 1162 sentis
723 1107 827 1161 loci
858 1111 928 1163 sit
962 1109 1267 1179 proprium,
1310 1108 1442 1163 illud
1486 1118 1741 1165 teneatur
1793 1126 1808 1163 :
1857 1127 1920 1168 ea
1981 1128 2101 1183 quae

522 1199 782 1269 przedicta
810 1207 960 1265 sunt,
994 1216 1102 1255 non
1138 1200 1275 1255 alias
1299 1216 1461 1270 quam
1501 1210 1623 1271 post
1651 1203 1942 1257 adventum
1969 1203 2100 1260 Jesu

456 1332 459 1337 .
523 1288 824 1345 Salvatoris
876 1290 1052 1345 nostri
1083 1305 1203 1345 esse
1228 1290 1519 1359 completa.
1552 1291 1633 1345 Ab
1683 1293 1776 1347 illo
1832 1294 1976 1348 enim
2031 1295 2099 1349 ad

519 1380 667 1434 hunc
697 1396 871 1449 usque
907 1381 1051 1435 diem
1097 1382 1239 1451 apud
1288 1381 1595 1453 Egyptios,
1654 1384 1797 1453 apud
1859 1384 2053 1442 Persas
2080 1426 2096 1452 ,

523 1471 712 1543 Syros,
766 1472 1077 1539 Armenios,
1135 1473 1280 1544 apud
1327 1482 1601 1530 extremas
1645 1486 1916 1531 terrarum
1970 1494 2098 1534 oras

519 1564 820 1621 incolentes
872 1566 1173 1631 barbaros,
1221 1574 1274 1620 et
1332 1581 1456 1620 cum
1487 1568 1589 1636 21
1623 1568 1765 1638 apud
1804 1569 1903 1624 has
1949 1570 2098 1640 ipsas

520 1654 672 1724 prius
730 1655 1159 1711 immanissimas
1202 1662 1257 1711 et
1302 1653 1605 1711 ferissimas
1661 1659 1934 1723 nationes,
1983 1668 2097 1713 tum

517 1761 647 1800 vero
678 1748 839 1802 etiam
889 1748 1032 1818 apud
1079 1764 1175 1803 eos
1227 1747 1320 1818 qui
1364 1748 1574 1803 insulas
1630 1753 1819 1804 colunt
1854 1750 2096 1821 (quando

516 1847 573 1895 et
621 1840 689 1894 de
735 1840 820 1896 his
871 1841 1159 1911 prophetia
1207 1856 1318 1895 non
1360 1840 1643 1911 indignum
1680 1842 1889 1912 putavit
1917 1843 2095 1898 facere

517 1930 882 1999 mentionem)
952 1931 1070 2000 ipsa
1130 1929 1219 1983 illa
1254 1969 1269 1994 ,
1335 1944 1458 1998 qua:
1529 1939 1754 1986 auctore
1814 1931 2090 1987 Abraham

518 2023 911 2095 comprobatur
962 2022 1140 2077 civilis
1194 2023 1373 2087 ratio,
1427 2031 1481 2078 et
1527 2023 1771 2078 omnium
1822 2025 2092 2096 antiquis-

517 2115 691 2171 simus
724 2115 934 2170 colendi
970 2113 1138 2169 Deum
1170 2130 1310 2184 mos,
1360 2115 1691 2172 celebratur.
1721 2115 1788 2170 Et
1820 2123 1946 2187 quis
1978 2133 2090 2173 non

516 2205 636 2276 ipsa
686 2205 765 2261 rei
794 2205 1145 2261 mirabilitate
1193 2206 1599 2277 Obstupescat?
1635 2224 1759 2263 cum
1790 2224 1886 2265 eos
1929 2210 2024 2280 qui
2057 2227 2089 2265 τι

515 2300 737 2355 condito
771 2314 920 2366 azvo,
957 2298 1259 2370 lapidibus,
1291 2307 1346 2355 et
1374 2300 1555 2373 lignis,
1619 2309 1673 2357 et
1723 2304 2084 2372 daemonibus,

513 2391 818 2463 belluisque
843 2392 1080 2446 humana
1111 2408 1275 2448 carne
1302 2392 1681 2449 victitantibus
1712 2402 1766 2450 et
1801 2396 2087 2466 reptilibus

511 2489 814 2553 venenatis,
871 2488 1307 2559 animalibusque
1360 2488 1542 2545 omnis
1584 2491 1820 2562 generis,
1855 2499 1908 2547 et
1954 2491 2087 2549 feris

513 2576 861 2645 informibus,
914 2580 1156 2651 ignique,
1191 2590 1245 2635 et
1279 2590 1468 2646 terrae,
1525 2589 1581 2638 et
1625 2583 1798 2653 ipsius
1844 2584 2086 2640 universi

510 2667 829 2724 inanimatis
878 2671 1183 2737 elementis,
1215 2672 1460 2727 divinum
1510 2674 1770 2729 honorem
1796 2684 1850 2730 et
1879 2677 2085 2730 cultum

508 2760 826 2817 tribuebant
862 2781 876 2818 :
920 2763 1246 2819 altissimum
1289 2763 1458 2819 Deum
1486 2806 1500 2831 ,
1556 2773 1611 2821 et
1663 2766 1786 2820 caeli
1834 2780 1898 2820 ac
1928 2776 2089 2822 terrae

509 2850 779 2921 opiﬁcem,
839 2853 1017 2922 ipsum
1070 2856 1257 2925 utique
1309 2857 1698 2927 prophetarum
1756 2857 2082 2924 Dominum,

511 2937 791 3013 Deumque
834 2945 1129 3009 Abraham,
1164 2956 1217 3001 et
1239 2963 1465 3001 avorum
1504 2948 1772 3017 ejusdem,
1805 2958 1929 3021 post
1965 2949 2086 3005 Sal-

510 3032 718 3088 valoris
746 3036 919 3089 nostri
952 3035 1265 3100 adventum,
1296 3039 1477 3094 videat
1510 3040 1833 3093 invocantes
1869 3058 1882 3093 :
1915 3047 1970 3094 et
1989 3055 2089 3095 eos

507 3122 606 3193 qui
639 3124 801 3193 paulo
834 3133 958 3180 ante
980 3140 1009 3179 a
1040 3128 1304 3185 matribus
1354 3138 1408 3185 et
1440 3130 1655 3186 ﬁliabus
1683 3129 1957 3185 libidinem
1974 3146 2086 3184 non

510 3218 896 3283 abstinebant,
928 3235 1094 3292 seque
1128 3231 1319 3277 mutuo
1374 3225 1516 3279 inter
1553 3240 1612 3281 se
1637 3226 2083 3296 corrumpebant,

507 3317 562 3364 et
587 3311 767 3367 omnis
795 3313 1011 3382 generis
1042 3315 1518 3393 cruentationibus
1546 3325 1599 3371 et
1634 3316 1875 3371 ciedibus
1899 3317 2081 3387 inqui-
2107 3311 2117 3387 ξ

2206 644 2338 696 πᾶσι
2378 641 2580 713 συνήθη
2625 641 3051 713 διαπράττεσθαι
3085 640 3486 711 παραινοῦσαν,
3525 639 3585 691 ού
3624 639 3814 709 μόνον

2204 734 2425 805 ἄνδρας,
2448 733 2582 787 ἀλλά
2603 733 2697 786 καὶ
2718 737 3001 803 γυναῖκας,
3020 733 3260 802 πένητάς
3281 749 3337 786 τε
3365 731 3457 786 καὶ
3474 730 3808 794 πλουσίους,

2202 826 2416 894 λογίους
2439 841 2499 877 τε
2520 825 2614 877 καὶ
2643 824 2873 888 ἰδιώτας,
2907 824 3067 895 μέχρι
3092 824 3188 877 καὶ.
3215 823 3440 886 παίδων,
3465 823 3561 876 καὶ
3582 823 3811 895 ἀνδρα-

2204 918 2400 981 πόδων,
2426 917 2482 969 ὲν
2509 918 2631 979 ταῖς
2657 916 2799 968 κατά
2826 914 2980 967 πόλιν
3000 916 3092 968 καὶ⁵
3122 916 3242 967 κατ’
3264 913 3469 985 ἀγροὺς
3481 911 3810 984 διατριϐαῖς

2203 1007 2574 1073 παιδεύεσθαι,
2608 1008 2895 1079 μανθάνειν
2919 1024 2979 1059 τε
3010 1006 3185 1078 ἀληθῆ
3210 1006 3429 1077 τρόπον,
3460 1004 3584 1058 καθῗ
3613 1006 3673 1056 ὃν
3692 1004 3807 1057 τὸν

2204 1102 2295 1153 ἐπὶ
2332 1101 2549 1154 πάντων
2591 1101 2858 1173 προσήκει
2905 1100 3035 1153 Θεὸν
3069 1098 3279 1162 σέϐειν,
3315 1098 3411 1152 καὶ
3457 1095 3808 1168 θεραπεύειν

2203 1195 2261 1249 ὲν
2293 1194 2453 1247 παντὶ
2478 1194 2646 1264 τόπῳ,
2666 1193 2805 1246 κατά
2834 1191 2933 1265 τὴν
2963 1194 3211 1264 φήσασαν
3240 1191 3575 1264 προφητείαν
3591 1207 3605 1221 ο
3629 1209 3650 1241 ι
3674 1190 3809 1245 Καὶ

2204 1290 2670 1359 προσκυνήσουσιν
2700 1286 2866 1357 αύτῷ,
2889 1287 3120 1349 ἕκαστος
3151 1287 3216 1339 ὲκ
3235 1286 3327 1338 τοῦ
3349 1286 3515 1338 τόπου
3543 1282 3733 1337 αὑτοῦ.
3770 1304 3796 1336 υ

2201 1378 2505 1449 Προσκυνεῖ
2546 1376 2680 1447 δῆτα
2713 1373 2806 1430 οὖν
2839 1378 2947 1440 πᾶς
2978 1375 3056 1447 τῷ
3103 1377 3195 1429 ἐπὶ
3230 1376 3447 1429 πάντων
3475 1374 3593 1446 Θεῷ
3645 1374 3802 1447 βάρ-

2201 1469 2365 1541 ϐαρος
2405 1470 2499 1523 καὶ
2543 1469 2762 1539 Ἕλλην,
2814 1469 2873 1522 ού
2925 1468 3138 1540 τρέχων
3173 1468 3267 1522 ἐπὶ
3301 1467 3370 1521 τὰ
3412 1466 3797 1538 Ἰεροσόλυμα,

2200 1562 2306 1615 οὐδ’
2342 1564 2534 1633 αἵμασι
2566 1562 2661 1616 καὶ
2685 1562 2895 1626 θυσίαις
2925 1562 3335 1633 ἀφοσιούμενος,
3358 1562 3567 1616 οἴκοθεν
3596 1562 3656 1616 δὲ
3686 1560 3801 1616 καὶ

2198 1656 2283 1725 ἐφ’
2334 1654 2511 1726 ἐαυτῷ
2553 1654 2764 1727 μένων,
2814 1656 2909 1708 καὶ
2951 1652 3223 1724 πνεύματι
3260 1655 3355 1707 καὶ
3407 1652 3635 1724 ἀληθείᾳ
3680 1651 3798 1725 τὴν

2199 1745 2425 1816 ἄναιμον
2461 1747 2555 1799 καὶ
2593 1744 2843 1816 καθαρὰν
2875 1745 3161 1808 ἀποδιδοὺς
3186 1744 3333 1816 αὐτῷ
3363 1745 3637 1817 λατρείαν.
3670 1746 3798 1799 Καὶ

2198 1838 2335 1908 αὐτή
2371 1854 2436 1906 γε
2464 1833 2532 1909 ἦν
2563 1838 2597 1909 ἡ
2632 1838 2811 1909 Καινὴ
2839 1837 3101 1909 Διαθήκη,
3145 1837 3206 1889 οὐ
3236 1836 3378 1890 κατὰ
3407 1836 3506 1907 τὴν
3542 1836 3794 1894 παλαιὰν

2128 1907 2170 1965 Β
2198 1907 2556 1999 τυγχάνουσα.
2588 1907 2838 1983 *Παλαιάν
2861 1929 2918 1982 δὲ
2955 1907 3115 2000 μήτοι
3146 1928 3381 2001 νομίσῃς·
3403 1928 3654 1999 λέγεσθαι
3679 1930 3794 2001 τὴν

2197 2020 2307 2074 τῶν
2366 2021 2473 2092 πρὸ
2508 2021 2750 2086 Μωσέως
2792 2020 3053 2089 θεοφιλῶν
3096 2020 3324 2093 ἀνδρῶν,
3360 2022 3496 2075 ἀλλά
3541 2022 3639 2095 τὴν
3674 2024 3790 2077 ὑπὸ

2197 2112 2441 2177 Μωσέως
2500 2113 2664 2166 αὐτοῦ
2688 2114 2765 2183 τῷ
2799 2114 3066 2167 Ἰουδαίων
3095 2113 3235 2168 ἔθνει
3256 2114 3784 2186 νενομοθετημένην.

2210 2204 2489 2275 Ἐπιφέρει
2523 2203 2654 2270 γοῦν
2678 2206 2707 2257 ὁ
2742 2203 2896 2272 λόγος
2928 2203 3229 2275 διασαφῶν,
3258 2206 3380 2259 τίνα
3398 2206 3598 2276 ἔφησεν
3637 2201 3789 2260 εἶναι

2195 2295 2298 2367 τὴν
2330 2296 2585 2361 παλαιὰν,
2708 2296 2871 2367 μηδὲν
2915 2298 3099 2368 ὅμοιον
3131 2298 3354 2370 σχήσειν
3396 2297 3634 2353 διδάσκει
3678 2299 3788 2371 τὴν

2196 2390 2407 2461 καινὴν,
2449 2388 2654 2458 λέγων·
2700 2408 2719 2440 ι
2752 2388 3086 2461 Διαθήσομαι
3133 2391 3407 2464 Διαθήκην
3443 2393 3680 2465 Καινὴν,
3711 2393 3786 2448 οὐ

2196 2481 2339 2534 κατά
2367 2481 2466 2553 τὴν
2500 2479 2797 2553 Διαθήκην,
2824 2482 2889 2553 ἢν
2930 2481 3186 2554 διεθέμην
3216 2487 3327 2548 τοῖς
3371 2486 3673 2557 πατράσιν,
3717 2489 3787 2539 ὲν

2193 2572 2379 2644 ἡμέρᾳ
2419 2572 2812 2644 ἐπιλαϐομένου
2848 2592 2949 2645 μου
2984 2575 3083 2645 τῆς
3115 2576 3297 2647 χειρὸς
3340 2577 3551 2643 αὐτῶν,
3579 2578 3791 2648 ἐξαγα-

2194 2667 2310 2732 γεῖν
2356 2665 2551 2729 αὐτοὺς
2601 2667 2665 2718 ὲκ
2714 2667 2817 2737 γῆς
2864 2666 3158 2736 Αἰγύπτου.
3188 2688 3207 2719 ι
3260 2669 3335 2722 Ού
3382 2670 3520 2722 κατὰ
3567 2669 3789 2741 ταύτην

2193 2754 2324 2824 γοῦν
2355 2772 2485 2827 φησι
2519 2756 2614 2827 τὴν
2647 2758 2752 2810 ὑπὸ
2778 2760 3022 2823 Μωσέως
3082 2759 3597 2833 νενομοθετημένην.
3624 2762 3783 2836 Αὕτη

2194 2846 2303 2918 γὰρ
2327 2844 2395 2920 ἦν
2423 2850 2562 2901 κατά
2590 2849 2690 2919 τὴν
2723 2850 2899 2917 ἔξοδον
2935 2852 3034 2921 τὴν
3067 2853 3161 2906 ἀπ’
3189 2852 3464 2922 Αἰγύπτου
3491 2858 3605 2919 τοῖς
3642 2855 3781 2909 Ἰου-

2192 2938 2364 3003 δαίοις
2397 2944 2779 3013 παραδοθεῖσα.
2810 2943 3025 3010 Ἔδοξεν
3052 2943 3117 2997 ἂν
3143 2940 3237 2997 οὖν
3254 2944 3501 2999 ὲναντίαν
3527 2946 3784 3015 εἰσάγειν

2193 3030 2290 3100 τὴν
2317 3030 2525 3102 Καινὴν
2558 3032 2831 3105 Διαθήκην
2855 3032 2947 3087 τοῦ
2976 3034 3177 3106 τρόπου
3201 3035 3299 3106 τῆς
3329 3034 3633 3100 θεοσεϐείας
3661 3038 3785 3093 τῶν
3847 3102 3853 3107 ,

2192 3123 2337 3193 ἀμφὶ
2362 3123 2453 3175 τὸν
2488 3123 2739 3196 Ἀϐραὰμ
2774 3125 3056 3193 θεοφιλῶν,
3088 3127 3138 3178 εἰ
3181 3125 3252 3197 μὴ
3284 3128 3529 3197 ἀκριϐῶς
3568 3130 3778 3202 ἐπεση-

2197 3218 2422 3290 μήνατο,
2456 3219 2663 3289 φήσαςο
2716 3238 2734 3270 ι
2777 3219 2849 3273 Ού
2883 3220 3021 3273 κατά
3061 3219 3158 3292 τὴν
3194 3220 3472 3293 Διαθήκην
3507 3224 3573 3294 ἣν
3600 3222 3778 3279 suos;

2189 3326 2297 3380 μην
2325 3312 2439 3372 τοῖς
2468 3310 2741 3380 πατράσιν
2766 3309 2944 3363 αὐτῶν
2975 3310 3095 3363 κατ’
3118 3313 3294 3367 ἐκεῖνο
3326 3313 3542 3385 καιροῦ,
3572 3313 3693 3367 καθ’
3712 3314 3778 3368 δν

509 3403 735 3468 nabant,
772 3406 864 3474 qui
918 3405 1053 3459 nihil
1087 3407 1157 3461 ab
1186 3406 1517 3463 immanibus
1580 3406 1729 3472 feris,
1771 3408 1912 3463 victu
1962 3409 2081 3478 ipso

2189 3403 2450 3474 ἐξήγαγον
2479 3405 2675 3467 αὐτοὺς
2708 3407 2771 3457 ἐκ
2802 3405 2905 3475 γῆς
2931 3405 3225 3474 Αἰγύπτου.
3257 3426 3277 3459 ι
3308 3408 3385 3460 Οὐ
3400 3406 3539 3461 κατά
3553 3407 3651 3478 τὴν
3665 3406 3777 3459 ὑπὸ

504 3494 845 3564 diﬁerebant,
877 3513 1021 3553 nunc
1056 3514 1150 3569 per
1174 3497 1473 3554 Salvatoris
1506 3501 1679 3556 nostri
1708 3499 1949 3555 divinam
1978 3503 2084 3556 vir-

506 3594 680 3644 tutem
713 3597 974 3653 mutatos,
1011 3599 1064 3645 et
1109 3592 1269 3661 quasi
1300 3608 1369 3647 ex
1409 3593 1534 3648 aliis
1558 3593 1696 3648 alios
1730 3592 1929 3658 factos,
1963 3609 2082 3649 ser-

505 3696 699 3737 mones
748 3682 816 3737 de
860 3684 1080 3747 virtute,
1137 3686 1523 3756 modestiaque
1574 3696 1839 3757 praecepta
1870 3696 1930 3741 ut
1969 3688 2081 3742 dis-

504 3783 654 3837 cant,
685 3776 739 3829 in
770 3790 1091 3831 communes
1121 3777 1342 3833 scholas
1392 3780 1612 3835 assidue
1650 3782 2035 3837 convenientes
2058 3784 2085 3836 ?

504 3872 671 3933 atque
718 3865 852 3921 adeo
885 3866 1126 3936 quidem,
1162 3880 1220 3921 ut
1247 3878 1355 3922 tam
1383 3869 1597 3925 femina:
1626 3886 1788 3940 quam
1817 3873 1938 3935 viri,
1970 3881 2078 3927 tam

506 3972 774 4027 pauperes
802 3974 966 4029 quam
980 3961 1197 4024 divites,
1231 3970 1341 4015 tam
1366 3963 1618 4033 vulgares
1647 3974 1701 4019 et
1731 3966 2080 4036 ignariquam

504 4046 651 4103 docti
683 4049 844 4104 etiam
877 4053 1051 4119 pueri,
1074 4061 1127 4108 et
1156 4054 1449 4124 mancipia,
1499 4070 1609 4109 non
1634 4056 1813 4112 minus
1840 4058 1891 4111 in
1909 4058 2077 4128 agris,

506 4155 670 4211 quam
694 4141 747 4194 in
779 4142 1029 4206 urbibus.
1060 4143 1116 4197 in
1166 4144 1284 4198 loca
1333 4152 1484 4200 certa
1518 4147 1863 4212 conveniant,
1899 4156 1956 4201 ut
1986 4164 2081 4203 su-

505 4246 747 4301 premam
771 4231 913 4285 illam
932 4234 1329 4304 pbilosophiam
1354 4236 1623 4299 ediscant,
1650 4253 1770 4307 qua:
1799 4238 2076 4305 admonet,

503 4336 574 4375 ne
605 4320 803 4377 intueri
833 4323 1052 4392 quidem
1085 4324 1457 4394 petulantibus
1486 4328 1661 4383 oculis
1694 4328 1776 4392 ias
1806 4345 1951 4393 esse,
1985 4346 2081 4386 nev-

503 4426 611 4485 que
636 4413 860 4469 verbum
894 4416 1142 4472 emittere
1180 4418 1437 4484 otiosum,
1480 4435 1655 4491 neque
1684 4436 1746 4475 ea
1774 4437 1895 4492 quae
1923 4438 2079 4476 com.

502 4505 689 4559 munia
720 4513 869 4574 sunt,
909 4515 962 4561 et
1003 4508 1258 4564 omnibus
1318 4520 1578 4566 consueta
1628 4525 1864 4582 patrare,
1893 4521 1947 4569 et
1976 4514 2076 4568 do-

501 4606 733 4651 ceantur
758 4614 942 4653 verum
979 4599 1129 4654 illum
1149 4617 1375 4668 morem,
1408 4620 1568 4674 quem
1599 4605 1799 4675 ubique
1835 4606 2075 4661 locorum
2109 4627 2154 4681 ι)

500 4684 560 4740 in
592 4687 742 4741 cultu
764 4697 819 4741 ct
850 4687 1114 4760 obsequio
1136 4694 1335 4747 summi
1364 4692 1457 4747 Dei
1507 4710 1727 4751 servare
1768 4700 2075 4763 conveniat,

501 4776 647 4832 sicut
677 4776 815 4832 dixit
857 4779 1141 4849 prophetia
1182 4801 1194 4837 :
1239 4800 1257 4833 ι
1299 4781 1363 4836 Et
1391 4782 1700 4840 adorabunt
1747 4802 1871 4842 eum
1908 4804 2078 4846 unus-

500 4867 735 4939 quisque
759 4869 827 4924 de
861 4870 980 4927 loco
1029 4887 1130 4927 suo
1173 4873 1237 4928 ⁹³.
1287 4892 1306 4925 ι
1340 4874 1583 4932 Adorant
1606 4879 1771 4951 igitur
1803 4897 2077 4938 summum

499 4957 673 5015 Deum
716 4976 907 5018 omnes
963 4963 1182 5019 barbari
1227 4976 1281 5019 et
1333 4966 1530 5035 Graeci,
1561 4986 1669 5025 non
1701 4971 2077 5046 Hierosolyma

499 5061 993 5126 currentes,neque
1015 5058 1305 5115 cruoribus
1339 5069 1432 5115 aut
1462 5062 1749 5119 sacriﬁciis
1770 5066 2072 5136 placantes,

498 5147 597 5205 sed
625 5148 771 5205 domi
812 5165 925 5205 suae
959 5150 1103 5222 apud
1147 5152 1359 5223 seipsos
1391 5156 1443 5208 in
1489 5156 1684 5226 spiritu
1735 5166 1789 5213 et
1822 5171 2069 5225 veritate,

443 5260 451 5315 ξ
499 5238 787 5296 incruento
832 5256 1079 5313 puroque
1106 5244 1370 5315 obsequio
1402 5246 1552 5299 illum
1591 5248 1852 5303 colentes.
1893 5248 2071 5305 Etboc

499 5329 680 5388 fuerat
707 5331 884 5401 ipsum
907 5331 1119 5388 Novum
1140 5333 1737 5407 Testamentum,quod
1764 5356 1871 5394 non
1896 5341 2072 5395 instar

442 5424 447 5461 έ
498 5425 699 5494 prioris
725 5424 890 5491 illius,
921 5433 975 5481 et
1001 5428 1199 5483 veteris
1232 5428 1436 5485 factum
1458 5439 1562 5484 est.
1583 5427 1753 5487 Vetus
1785 5445 1965 5487 autem
1987 5434 2068 5488 in-

498 5518 749 5587 telliglto,
782 5534 891 5572 non
924 5528 1240 5576 sanctorum
1279 5522 1558 5577 hominum
1584 5525 1676 5595 qui
1713 5533 1839 5581 ante
1864 5525 2068 5581 Mosem

500 5610 673 5675 fuere,
714 5608 813 5666 sed
838 5611 983 5680 quod
1014 5613 1147 5684 legis
1173 5616 1291 5671 loco
1310 5618 1578 5673 universae
1605 5614 1917 5673 Iudaeorum
1965 5635 2065 5672 na-

2186 3496 2430 3561 Μωσέως
2467 3496 2575 3567 ἄρα
2621 3496 2714 3549 ἐπὶ
2769 3497 2869 3567 τῆς
2910 3495 3112 3562 ἐξόδου,
3144 3499 3238 3553 καὶ
3261 3499 3352 3552 ἐπὶ
3374 3499 3474 3569 τῆς
3503 3497 3643 3551 κατά
3671 3500 3775 3569 τὴν

2183 3587 2389 3660 ἔρημον
2453 3586 2732 3659 διατριϐῆς
2792 3588 3328 3661 νενομοθετημένην,
3390 3589 3609 3643 ἔσεσθαι
3668 3590 3776 3661 τὴν

2182 3679 2389 3753 Καινὴν
2413 3677 2717 3744 ὲθέσπιζεν,
2738 3677 2872 3733 ἀλλά
2905 3682 3024 3733 κατ’
3046 3682 3261 3753 ἐκείνην
3291 3681 3491 3753 δηλαδὴ
3520 3684 3620 3753 τὴν
3646 3681 3776 3754 πρό-

2183 3771 2352 3825 παλαι
2397 3771 2881 3844 πολιτευσαμένην,
2915 3773 2982 3826 δι’
3005 3768 3073 3845 ἦς
3097 3773 3541 3844 κατορθώσαντες
3564 3774 3775 3844 ἀνεφάπ

2182 3881 2351 3935 νησαν
2381 3866 2430 3917 οἱ
2460 3865 2565 3937 πρὸ
2595 3865 2855 3929 Μωσέως.
2898 3867 2974 3919 Δι’
3000 3866 3035 3920 δι
3068 3866 3131 3937 δὴ
3161 3865 3349 3919 λοιπὸν
3391 3866 3494 3938 ἥδη
3527 3864 3771 3939 θαρρῶν,

2181 3958 2279 4021 τὰς
2297 3957 2405 4010 τῶν
2421 3957 2691 4011 θεοσεϐεῖν
2707 3959 3189 4030 ἐπαγγελλομένων
3210 3959 3554 4031 προαιρέσεις
3579 3960 3652 4031 μὴ
3677 3961 3773 4014 ὲπὶ

2181 4050 2293 4115 δύο,
2322 4048 2457 4103 ἀλλά
2483 4049 2608 4120 τρία
2634 4050 2842 4123 διαιροῖ)
2873 4052 3150 4122 τάγματα·
3179 4052 3240 4105 τό
3270 4070 3329 4106 τε
3351 4053 3458 4107 τῶν
3493 4053 3773 4118 παντελῶς

2182 4140 2602 4213 εἰδωλολατρῶν,
2630 4141 2739 4195 τῶν
2769 4143 2833 4215 δὴ
2869 4143 2961 4196 ἐπὶ
2984 4145 3083 4215 τὴν
3115 4144 3375 4198 πολύθεον
3403 4145 3607 4218 πλάνην
3632 4148 3772 4200 ἀπο-

2183 4232 2568 4297 πεπτωκότων,
2604 4234 2698 4287 καὶ
2723 4233 2783 4287 τὸ
2819 4232 2928 4286 τῶν
2957 4236 3021 4288 ὲκ
3048 4237 3349 4307 περιτομῆς
3396 4236 3485 4291 διά
3518 4236 3767 4301 Μωσέως

2183 4324 2274 4376 ἐπὶ
2304 4323 2397 4377 τὸν
2424 4324 2637 4397 πρῶτον
2660 4323 3064 4396 ἀνεληλυθότων
3097 4325 3197 4396 τῆς
3219 4326 3497 4389 εὐσεϐείας
3529 4327 3764 4396 βαθμὸν·

2184 4416 2279 4469 καὶ
2307 4417 2488 4488 τρίτον
2516 4417 2576 4470 τὸ
2605 4416 2714 4471 τῶν
2743 4416 3232 4490 ἐπαναϐεϐηκότων
3271 4419 3357 4474 δΞά
3388 4416 3492 4487 τῆς
3521 4415 3766 4484 εὐαγγε-

2180 4508 2337 4581 λικῆξ
2370 4510 2740 4575 διδασκαλίας,
2779 4511 2807 4563 δ
2840 4511 3068 4564 καὶτῶν
3103 4511 3246 4563 δυεῖν
3276 4508 3440 4579 μέσον
3473 4509 3767 4581 παρεμϐα-

2182 4600 2319 4666 λὼν,
2359 4601 2549 4672 μηκέθ’
2584 4601 2719 4672 ἡγοῦ
2751 4604 2874 4665 τοὺς
2912 4602 3019 4655 ἀπὸ
3065 4600 3332 4654 Ἰουδαίων
3366 4600 3768 4671 ἀφισταμένους

2188 4695 2403 4759 πάντως
2428 4694 2537 4747 δεῖν
2580 4697 2665 4765 ἐφ’
2708 4693 3060 4764 Ἐλληνισμδν
3101 4692 3421 4758 ἐκπίπτειν,
3460 4692 3594 4764 μηδὲ
3637 4692 3768 4757 τοὺς

2186 4785 2247 4851 ἐξ
2275 4786 2540 4857 Ἑλλήνων
2574 4785 2986 4858 ἀναχωροῦντας
3015 4783 3074 4848 ἐξ
3100 4783 3347 4854 ἀνάγκης
3388 4784 3585 4856 χρῆναι
3629 4780 3764 4837 Ἰου-

2184 4878 2371 4941 δαίους
2420 4876 2669 4931 ἔσεσθαι·
2716 4877 2825 4931 τῶν
2866 4876 2924 4930 δὲ
2979 4876 3160 4948 μέσων
3208 4874 3341 4928 ἐλὼν
3393 4876 3484 4929 τὸν
3536 4874 3761 4947 τρόπον,

2183 4970 2436 5041 εὑρήσεις
2460 4968 2571 5022 ἀνω
2598 4987 2698 5023 που
2726 4968 2955 5031 ἑστῶτα,
2982 4970 3076 5022 καὶ
3095 4966 3282 5039 ὥσπερ
3309 4969 3393 5038 ἐφ’
3422 4966 3761 5039 ύψηλοτάτης

2182 5060 2493 5132 ἀκρωρείας
2536 5059 2943 5131 ἀναϐεϐηκότα,
2981 5059 3319 5131 ἑκατέρωθεν
3359 5059 3416 5113 δὲ
3448 5059 3597 5113 κάτω
3633 5059 3763 5124 τοὺς

2178 5152 2399 5217 λοιποὺς
2425 5153 2836 5207 ἀπολελοιπότα.
2870 5152 3136 5223 Ἑλλήνων
3169 5151 3267 5222 μὲν
3313 5150 3422 5222 γάρ
3452 5151 3759 5220 ἐκπέφευγε

2179 5246 2278 5317 τὴν
2314 5245 2469 5300 ἄθεον
2520 5246 2615 5300 καὶ
2660 5244 2973 5315 πολυπλανῆ
3022 5243 3440 5315 δεισιδαιμονίαν
3465 5283 3480 5309 ,
3533 5244 3759 5309 καὶτὰς

2178 5338 2468 5409 ἀνειμένας
2504 5338 2760 5410 πορνείας
2804 5354 2863 5390 τε
2908 5338 3005 5392 καὶ
3051 5338 3353 5407 ἀκοσμίας·
3394 5337 3657 5391 Ἰουδαίων
3699 5336 3757 5389 δὲ

2179 5428 2441 5493 ὡσαύτως
2471 5428 2569 5501 τὴν
2630 5429 2736 5483 ὑπὸ
2778 5429 3020 5493 Μωσέως
3061 5427 3227 5499 ἀτελῆ
3276 5429 3372 5481 καὶ
3418 5423 3506 5481 οἷα
3543 5427 3756 5498 νηπίοις

2180 5523 2273 5575 καὶ
2295 5522 2541 5577 ἀσθενέσι
2569 5522 2901 5594 κατάλληλον
2922 5521 3391 5594 ὲθελοθρησκείαν.
3418 5520 3521 5574 Τὸν
3557 5522 3755 5574 οἰκεῖον

2173 5613 2229 5665 δὲ
2265 5613 2467 5667 ἄνωθεν
2496 5614 2555 5667 ού
2608 5614 2769 5685 μόνον
2836 5614 3142 5679 Ἰουδαίοις,
3194 5612 3331 5668 ἀλλὰ
3382 5611 3476 5667 καὶ
3526 5610 3752 5682 Ἕλλησι

501 5703 636 5763 tioni
658 5704 726 5759 ab
749 5703 866 5773 ipso
898 5702 1046 5759 Mose
1073 5705 1309 5775 positum
1335 5717 1437 5762 est.
1472 5709 1742 5775 Quocirca
1778 5710 2063 5765 oraculum

2189 5704 2264 5757 (αἱ
2301 5703 2627 5779 βαρϐάροις,
2687 5709 2777 5762 καὶ
2834 5709 2944 5771 τοῖς
2994 5707 3082 5778 ὑφ’
3133 5706 3270 5779 ἡλίῳ
3324 5706 3487 5761 πᾶσιν
3543 5702 3753 5760 ἔθνεσιν

571 5862 621 5899 ⁹²
651 5864 810 5921 Deut.
848 5877 1004 5931 xviii,
1040 5863 1107 5919 l5
1199 5866 1242 5897 υ
1282 5866 1385 5920 lsa.
1422 5882 1543 5935 XLV,
1585 5866 1664 5922 ll.
