4018 6498
223 366 306 421 65

1158 367 1812 429 DEMONSTRATlONlS
1850 377 2312 437 EVANGEL‘ICE.
2354 382 2483 439 LIB.
2525 385 2567 442 1.

3430 386 3500 439 66

219 481 608 551 ἐπιϐοώμενος
659 480 865 552 νόμον,
918 482 1022 555 δρα
1066 484 1118 536 τί
1176 503 1369 557 φησιν’
1406 484 1476 541 Ὠ
1529 489 1780 563 ἄνθρωπε

1889 540 1892 550 .
1918 492 2094 563 ipsum
2120 496 2227 567 22
2257 497 2503 569 adjungit
2526 515 2613 565 ea,
2638 500 2837 572 quibus
2858 504 3080 575 planum
3108 507 3293 575 t'aciat,
3313 498 3502 582 quot-1"

213 574 324 627 καὶ
360 572 586 643 σύμπαν
632 574 694 625 τὸ
743 574 951 645 θνητῶν
987 576 1179 644 γένος,
1235 578 1264 627 ὀ
1316 579 1414 649 μὲν
1446 580 1510 650 δὴ
1569 582 1818 646 Μωσέως

215 666 399 737 νόμος
421 706 436 729 ,
509 667 606 735 ἀφ’
662 666 781 729 ἐνὸς
848 668 1038 735 γένους
1105 667 1405 741 ἀνθρώπων
1470 672 1772 743 ἀρξάμενος
1798 713 1815 738 ,

213 759 447 830 πρῶτον
500 758 761 812 ἁπάντων
814 758 876 811 τὸ
940 759 1207 813 Ἰουδαίων
1274 762 1430 830 γένος
1456 801 1471 824 ,
1525 763 1625 832 τῆς
1680 765 1816 838 πρὸς

210 853 351 913 τοὺς
399 850 673 918 θεοφιλεῖς
718 851 1067 923 προπάτορας
1113 853 1289 907 αὐτῶν
1335 855 1665 923 ἐπαγγελίας
1700 859 1816 912 ἕνε-

207 959 334 1002 κεν,
367 942 468 995 ἐπὶ
508 942 606 1014 τὴν
638 941 732 995 τοῦ
776 943 895 1007 ἑνὸς
933 942 1069 996 Θεοῦ
1108 944 1310 1012 γνῶσιν
1354 947 1684 1012 ἀνεκαλεῖτο,
1714 951 1813 1022 τῆς

207 1034 432 1102 πικρᾶς
481 1032 591 1084 τῶν
646 1032 912 1102 δαιμόνων
965 1032 1207 1096 δουλείας
1258 1035 1384 1099 τοὺς
1444 1034 1814 1103 ὑπακούοντας

208 1123 594 1177 ἀπαλλάττων
617 1140 630 1153 ⁸
663 1123 772 1191 ἐγὼ
799 1123 856 1175 δὲ
888 1125 1051 1176 πᾶσιν
1078 1124 1402 1196 ἀνθρώποις,
1432 1129 1525 1181 καὶ
1554 1133 1663 1194 τοῖς
1689 1131 1811 1184 καθ’

207 1215 338 1285 ὅλης
375 1216 487 1285 τῆς
525 1214 852 1283 οἰκουμένης
879 1213 1056 1268 ἔθνεσι
1077 1215 1177 1286 τὴν
1214 1217 1688 1291 ἐπαναϐεϐηκυῖαν
1716 1222 1809 1275 τοῦ

207 1306 348 1359 Θεοῦ
384 1307 599 1375 γνῶσιν
639 1307 733 1360 καὶ
774 1306 1053 1361 εὐσέϐειαν
1083 1309 1489 1380 προαγγέλλων,
1521 1314 1658 1365 κατὰ
1685 1314 1811 1377 τοὺς

204 1395 356 1465 ἀμφὶ
403 1396 507 1449 τὸν
554 1395 824 1468 Ἀϐραὰμ,
857 1397 1107 1460 καὶτοὺς
1153 1395 1232 1449 ἔτι
1280 1398 1666 1470 παλαιοτέρους
1703 1400 1808 1473 πρὸ

205 1488 474 1551 Μωσέως
514 1487 724 1558 χρόνων
761 1486 907 1557 βιοῦν
941 1487 1209 1557 παραινῶ,
1255 1489 1312 1541 ἐν
1375 1485 1455 1552 οἷς
1488 1490 1545 1556 ἐξ
1581 1490 1807 1546 ἀλλοδα-

197 1579 327 1631 πῶν
360 1578 542 1631 ἐθνῶν
576 1579 792 1643 πλείους
829 1580 914 1631 ἐπ’
950 1580 1201 1652 εὐσεϐείᾳ
1236 1581 1661 1651 μνημονεύονται
1695 1585 1808 1638 δια-

195 1668 557 1740 λάμψαντες.
595 1671 705 1724 Kal.
739 1670 934 1724 πάλινο
970 1672 1028 1724 'U
1064 1672 1161 1741 μὲν
1213 1674 1455 1737 Μωσέως
1487 1677 1668 1746 νόμος,
1710 1679 1794 1747 ἐφ’

195 1761 299 1816 ενα
340 1763 476 1815 τινὰ
521 1761 625 1831 τῆς
650 1763 751 1833 γῆς
796 1764 1179 1835 ἀφωρισμένον
1210 1765 1373 1819 τόπον
1404 1769 1529 1832 τοὺς
1563 1770 1804 1824 εὐσεϐεῖν

199 1854 640 1926 προῃρημένους
692 1853 942 1907 σπεύδειν
988 1855 1324 1926 πανταχόθεν
1368 1859 1799 1930 παρεκελεύετο·
1834 1834 1877 1889 Β

197 1944 312 2014 ἐγὼ
336 1945 399 1998 δὲ
434 1948 554 2007 τοῖς
577 1946 744 1997 πᾶσιν
785 1944 850 1998 ἂν
882 1946 962 2008 είς
988 1946 1086 2015 τὴν
1125 1946 1456 2020 ἐλευθερίαν,
1484 1951 1583 2003 οὑκ
1612 1954 1668 2004 ὲν
1694 1969 1803 2021 γω-

196 2038 289 2109 νίᾳ
318 2039 455 2109 γῆς,
498 2038 610 2092 οὐδ’
649 2039 709 2091 ὲν
751 2038 954 2111 δρεσιν,
999 2040 1032 2111 ἦ
1075 2057 1186 2093 τισι
1222 2044 1616 2114 χειροποιήτοις
1656 2050 1802 2111 ναοῖς

195 2127 386 2201 ζητεῖν
417 2132 517 2185 τὸν
550 2133 643 2185 ἐπὶ
670 2132 886 2186 πάντων
930 2132 1084 2196 Θεὸν,
1126 2131 1336 2187 οἴκοθεν
1369 2134 1427 2188 δὲ
1457 2135 1684 2190 ἕκαστον
1716 2140 1802 2193 σέ-

196 2220 313 2275 ϐειν
352 2222 531 2276 αὐτὸν
557 2224 653 2276 καὶ
689 2229 1013 2295 προσκυνεῖν
1059 2226 1318 2284 παιδεύω,
1350 2230 1461 2283 Ka‘t
1501 2232 1661 2285 πάλιν
1685 2250 1699 2264 ’
1741 2236 1798 2288 ’0

200 2312 299 2383 μὲν
330 2312 579 2377 παλαιὸς
625 2316 789 2385 νόμος
822 2315 1033 2379 θυσίαις
1071 2321 1192 2381 ταῖς
1223 2317 1311 2371 διὰ
1342 2317 1496 2382 ζώων
1541 2327 1794 2392 σφαγαῖς,

192 2404 505 2459 λιϐανωτοῦ
539 2423 600 2459 τε
644 2406 738 2459 καὶ
778 2407 967 2477 πυρὸς,
996 2408 1089 2462 καί
1125 2427 1288 2464 τινων
1320 2411 1493 2465 ἄλλων
1518 2416 1796 2486 ὁμοιοτρό-

193 2505 312 2545 πων
334 2492 440 2545 τοῦ
468 2491 725 2562 σώματος
752 2494 1050 2566 καθαρμῶν
1078 2495 1400 2568 θρησκεύειν
1425 2502 1515 2554 τὸν
1544 2504 1636 2556 ἐπὶ
1663 2506 1797 2558 πάν-

192 2598 300 2635 των
333 2583 478 2636 Θεὸν
512 2584 914 2657 παρεκελεύετο
938 2603 951 2616 ·
995 2585 1106 2654 ἐγὼ
1143 2587 1199 2640 δὲ
1242 2589 1309 2643 τὰ
1345 2590 1523 2662 ψυχῆς
1567 2596 1795 2665 παραδι-

186 2672 314 2738 δοὺς
361 2674 537 2746 ὄργια
569 2675 779 2747 διανοίᾳ
824 2676 1185 2751 καθαρωτάτη
1220 2681 1314 2733 καὶ
1362 2681 1437 2750 νῷ
1466 2683 1695 2752 διαυγεῖ,
1736 2688 1793 2739 ἐν

197 2765 536 2838 σωφροσύνῃ
580 2767 676 2820 καὶ
704 2766 782 2835 τῷ
816 2769 936 2819 κατ’
975 2768 1179 2841 ἀρετὴν
1211 2768 1330 2840 βίῳ,
1358 2772 1590 2841 δόγμασί
1614 2792 1671 2828 τε
1700 2777 1792 2847 ὁρ-

194 2854 302 2920 θοῖς
324 2857 431 2912 καὶ
465 2857 718 2911 εὐσεϐέσι
739 2858 800 2910 τὸ
831 2859 971 2911 θεῖον
1006 2859 1283 2931 γεραίρειν
1310 2864 1651 2934 προστάττω.
1682 2868 1791 2921 Καὶ

191 2952 352 3005 πάλιν
378 2968 394 2982 ·
430 2952 641 3023 Μωσῆς
682 2952 780 3021 μὲν
818 2952 964 3006 ὡσὰν
996 2954 1299 3022 μιαιφόνοις
1327 2952 1446 3009 οὖσι
1500 2960 1615 3020 τοῖς
1666 2959 1788 3012 τότε

194 3044 266 3114 μὴ
292 3043 560 3113 φονεύειν
589 3045 829 3115 παρῄνει
854 3062 867 3075 ο
895 3044 1007 3107 ἐγὼ
1039 3046 1095 3100 δὲ
1134 3050 1245 3111 τοῖς
1278 3050 1335 3102 ὲν
1365 3049 1536 3119 τούτῳ
1562 3068 1791 3122 προπαι-

1919 601 2045 641 nam
2069 587 2237 645 Vetus
2266 591 2397 646 illud
2423 593 2625 648 dixerit
2671 610 2794 675 esse
2823 616 2837 652 :
2879 600 2969 654 cui
3011 601 3233 669 quidem
3283 604 3497 660 novum"

1919 680 2056 734 nihil
2077 682 2255 737 simile
2270 683 2585 739 habiturum
2620 689 2881 757 ostendit,
2912 692 3005 747 ubi
3033 693 3207 749 dicit:
3242 694 3489 753 Condam

1921 772 2327 829 Testamentum
2350 776 2581 841 Novum,
2614 796 2724 836 non
2758 785 3061 840 secundum
3078 785 3488 843 Testamentum

1916 864 2062 933 quod
2110 865 2331 920 condidi
2359 869 2605 937 patribus
2635 872 2690 926 in
2712 872 2821 937 die,
2860 889 2984 928 eum
3016 891 3118 946 ego
3154 878 3491 947 apprehendi

1916 956 2040 1010 illos
2061 973 2250 1022 manu,
2276 965 2337 1013 ut
2361 960 2649 1017 educerem
2682 978 2778 1018 eos
2822 965 2890 1020 de
2939 974 3087 1023 terra
3114 966 3335 1039 Egypti
3358 971 3424 1024 “.
3464 989 3484 1023 ι

1914 1046 2103 1118 Itaque
2131 1065 2255 1104 cum
2282 1052 2583 1107 secundum
2613 1054 2718 1109 hoc
2739 1056 2892 1120 dicit,
2929 1060 3231 1115 secundum
3262 1061 3316 1115 id
3340 1062 3487 1132 quod

1912 1140 2047 1210 legis
2099 1141 2219 1197 loco
2243 1158 2272 1197 a
2301 1142 2448 1200 Mose
2480 1146 2716 1214 positum
2749 1154 2852 1212 est,
2886 1149 3157 1222 intelligit.
3190 1152 3302 1207 Hoc
3340 1155 3488 1210 enim

1914 1230 2045 1287 illud
2078 1242 2183 1298 est,
2239 1235 2385 1306 quod
2425 1234 2662 1301 Iudaeis,
2713 1255 2823 1309 quo
2882 1248 3126 1311 tempore
3155 1245 3223 1300 de
3251 1245 3487 1317 Egypto

1912 1326 2119 1394 egressi
2153 1335 2301 1391 sunt,
2358 1328 2614 1390 traditum
2642 1337 2747 1386 est.
2786 1330 2953 1389 Visus
2987 1335 3156 1405 igitur
3207 1346 3353 1394 esset
3378 1338 3485 1393 No-

1909 1433 2035 1471 vum
2066 1417 2475 1476 Testamentum
2508 1422 2877 1488 introducere,
2912 1436 3172 1498 tanquam
3205 1429 3322 1498 ejus
3342 1431 3483 1486 ritus

1909 1515 2265 1579 contrarium,
2296 1531 2454 1585 quem
2486 1519 2659 1571 sancti
2685 1519 2760 1572 illi
2791 1519 3023 1574 Abrahm
3051 1521 3258 1577 similes
3291 1523 3394 1576 viri
3425 1525 3481 1579 in

1908 1605 2094 1659 divino
2127 1608 2274 1661 cultu
2333 1609 2721 1677 sequebantur,
2752 1611 2860 1665 nisi
2911 1612 3072 1681 plane
3117 1612 3250 1681 ipsis
3298 1614 3482 1669 verbis

1905 1698 2291 1769 signiﬁcasset,
2346 1702 2437 1755 ubi
2482 1702 2656 1757 dixit:
2692 1722 2716 1754 ι
2753 1701 2871 1757 Non
2921 1703 3222 1758 secundum
3286 1704 3481 1760 Testa-

1907 1800 2146 1843 mentum
2177 1792 2320 1861 quod
2350 1792 2569 1847 condidi
2594 1795 2839 1864 patribus
2860 1810 3072 1860 eorum,
3102 1812 3210 1866 quo
3238 1806 3483 1868 tempore

1907 1880 2069 1934 eduxi
2099 1896 2193 1935 eos
2213 1883 2280 1936 de
2311 1890 2456 1936 terra
2487 1883 2707 1955 Egypti
2738 1884 2842 1941 πθ.
2865 1883 3010 1955 Ergo
3044 1898 3149 1939 non
3176 1887 3480 1943 secundum

1905 1973 2036 2027 illud
2086 1976 2229 2043 quod
2283 1974 2413 2045 legis
2467 1976 2590 2030 loco
2625 1992 2655 2030 a
2693 1975 2843 2032 Mose
2900 1978 3137 2047 positum
3187 1988 3312 2044 est,
3349 1994 3480 2036 cum

1903 2065 2105 2135 egressi
2163 2072 2311 2129 sunt,
2357 2072 2410 2120 et
2445 2081 2566 2120 cum
2603 2067 2657 2121 in
2685 2068 2903 2123 deserto
2955 2070 3331 2129 morabantur.
3362 2069 3479 2124 No-

1901 2174 2027 2213 vum
2061 2159 2162 2214 hoc
2197 2159 2439 2214 futurum
2491 2162 2794 2231 reSpondit,
2845 2161 2941 2219 sed
2987 2162 3288 2218 secundum
3336 2163 3476 2219 illud

1900 2244 2173 2312 videlicet,
2198 2252 2343 2320 quod
2378 2252 2569 2320 primis
2592 2253 2932 2322 temporibus
2964 2254 3019 2307 in
3054 2255 3165 2306 vita
3195 2253 3343 2307 civili
3368 2269 3474 2308 se-

1899 2349 2129 2407 ctantes,
2160 2341 2252 2412 qui
2273 2352 2399 2398 ante
2433 2344 2637 2423 Mosem
2676 2344 2999 2410 ﬂoruerunt,
3032 2355 3291 2415 tanquam
3319 2347 3356 2400 ii
3380 2347 3474 2416 qui

1898 2436 2058 2504 plene
2090 2423 2264 2490 ollicio
2321 2451 2421 2491 suo
2452 2436 2623 2491 functi
2668 2444 2885 2501 essent,
2943 2438 3283 2506 comprobati
3320 2450 3469 2493 sunt.

1897 2522 2045 2588 Quas
2074 2525 2292 2594 quidem
2328 2527 2397 2581 ob
2429 2542 2545 2588 res,
2576 2526 2688 2596 jam
2718 2538 2775 2580 tu
2813 2529 2980 2597 plane
3002 2529 3286 2584 conlidens
3316 2536 3471 2598 post-

1896 2615 2019 2679 bac,
2048 2633 2173 2671 cum
2226 2623 2525 2673 sententias
2550 2628 2607 2673 et
2639 2620 2913 2688 proposita
2945 2636 3159 2685 eorum,
3208 2621 3301 2691 qui
3327 2621 3469 2675 divi-

1894 2724 2024 2763 num
2056 2710 2290 2780 aliquem
2325 2713 2529 2765 cultum
2560 2711 2901 2781 profitentur,
2950 2728 3062 2767 non
3093 2713 3146 2767 in
3177 2714 3338 2777 duos,
3371 2715 3469 2769 sed

1893 2802 1948 2855 in
1987 2809 2100 2857 tres
2139 2803 2392 2858 diviseris
2425 2803 2667 2867 ordines,
2700 2819 2870 2858 unum
2901 2818 3089 2860 eorum
3113 2805 3207 2875 qui
3237 2821 3469 2875 prorsus

1892 2894 2204 2949 simulacris
2247 2895 2470 2961 addicti,
2526 2897 2582 2950 in
2626 2896 2921 2951 multorum
2952 2896 3178 2952 deorum
3223 2914 3466 2967 errorem

1884 2984 2213 3040 deciderunt
2244 3003 2258 3040 :
2289 2987 2520 3040 alterum
2573 3003 2785 3050 eorum,
2813 2988 2907 3057 qui
2940 2989 3008 3042 de
3039 2972 3464 3045 circumcisione

1889 3091 1986 3146 per
2019 3076 2220 3133 Mesem
2242 3078 2295 3130 in
2327 3077 2563 3146 primum
2581 3078 2798 3146 pictatis
2814 3076 3038 3147 gradum
3060 3080 3462 3135 ascenderunt:

190 3132 592 3207 δαγωγηθείσι,
626 3135 723 3189 καὶ
745 3136 843 3206 τὴν
869 3135 1092 3209 πρώτην
1125 3139 1343 3210 ἐντολὴν
1377 3142 1783 3213 κατωρθωκόσι,

1890 3172 2110 3225 tertium
2143 3186 2330 3225 eorum
2355 3210 2368 3232 ,
2404 3175 2494 3240 qui
2533 3186 2847 3240 supremum
2899 3171 3077 3225 locum
3118 3188 3214 3243 per
3256 3172 3464 3228 doctri-

194 3229 478 3299 νομοθετῶ
506 3229 608 3301 τὴν
634 3229 994 3299 τελειοτέραν,
1032 3231 1152 3302 μηδ’
1178 3232 1345 3302 ὀργῆς
1378 3233 1655 3304 ἐνέχεσθαι
1682 3236 1787 3290 πά-

194 3319 268 3373 θει
290 3322 681 3393 προστάττων.
711 3321 822 3372 Καὶ
876 3317 1032 3385 αὖθις
1051 3340 1065 3353 ο
1110 3324 1167 3376 Ὀ
1196 3325 1294 3393 μὲν
1322 3325 1524 3395 Μωσῆς
1557 3331 1784 3397 μοιχοῖς,

191 3412 277 3463 καὶ
300 3412 637 3475 ἀκολάστοις
669 3411 974 3466 διετάττετο
998 3414 1060 3467 τὸ
1088 3414 1160 3485 μὴ
1191 3414 1482 3485 μοιχεύειν,
1521 3418 1656 3488 μηδὲ
1688 3421 1787 3489 ἀρ-

194 3507 543 3568 σενοκοιτείν,
581 3503 718 3574 μηδὲ
758 3502 858 3567 τὰς
899 3503 1050 3576 παρὰ
1103 3504 1264 3573 φύσιν
1313 3506 1505 3577 ἡδονὰς
1546 3506 1781 3573 διώκειν,

193 3590 423 3646 θάνατον
454 3594 557 3664 τὴν
596 3593 866 3663 τιμωρίαν
910 3596 1023 3656 τοῖς
1067 3595 1493 3667 παραϐαίνουσιν
1526 3598 1744 3665 ἐπάγων
1765 3614 1781 3630 ⁸

191 3684 292 3751 ἐγὼ
320 3685 383 3737 δὲ
418 3685 547 3755 μηδ’
582 3684 874 3754 ἐμϐλέπειν
909 3687 1139 3753 γυναῖκα
1175 3688 1293 3758 μετ’
1322 3688 1611 3759 ἐπιθυμίας
1653 3691 1784 3744 ἀκο-

190 3772 383 3829 λάστου
426 3776 559 3838 τοὺς
603 3776 770 3846 ἐμοὺς
813 3775 1073 3848 βούλομαι
1123 3778 1389 3849 μαθητάς.
1436 3782 1546 3834 Καὶ
1580 3782 1738 3837 πάλιν
1763 3802 1776 3815 ·

201 3865 252 3918 '0
280 3868 387 3936 μὲν
436 3866 643 3935 ἔλεγεν’
684 3884 702 3916 ι
731 3866 844 3920 Οὐκ
877 3868 1248 3940 ἐπιορκήσεις,
1281 3870 1577 3937 ἀποδώσεις
1604 3875 1660 3928 δὲ
1703 3876 1780 3947 τῷ

189 3955 297 4029 Θεῷ
316 3959 453 4022 τοὺς
490 3958 689 4028 ὅρκους
720 3975 833 4011 σου*
876 3958 985 4028 ἐγὼ
1013 3960 1070 4013 δὲ
1118 3960 1259 4031 λέγω
1286 3962 1432 4033 ὑμῖν,
1475 3964 1548 4035 μὴ
1586 3966 1778 4037 ὀμόσαι

189 4049 339 4114 ὅλως,
372 4050 489 4105 ἀλλ’
518 4049 673 4104 ἔσται
709 4052 738 4103 ό
762 4051 917 4118 λόγος
938 4051 1091 4123 ὑμῶν
1122 4053 1229 4117 ναὶ,
1252 4053 1339 4107 ναί
1359 4070 1372 4085 ·
1399 4054 1485 4119 οὒ,
1516 4055 1575 4109 οὗ
1603 4075 1615 4088 ’
1635 4059 1696 4111 τὸ
1720 4060 1777 4113 δὲ

190 4144 448 4217 περισσόν
477 4142 683 4196 τούτων
716 4144 778 4195 ὲκ
805 4141 900 4196 τοῦ
943 4143 1178 4215 πονηροῦ
1217 4147 1351 4198 ἐστι.
1389 4166 1407 4198 ι
1434 4147 1546 4202 Καὶ
1574 4148 1735 4202 πάλιν
1758 4168 1771 4181 '

201 4235 251 4288 '0
295 4236 403 4307 μὲν
449 4235 578 4297 τοὺς
622 4234 941 4298 ἀδικοῦντας
974 4235 1282 4305 ἀμύνασθαι
1329 4238 1423 4293 καὶ
1468 4241 1776 4294 ἀνταδικεῖν

189 4324 609 4397 παρεκελεύετο,
624 4324 816 4392 λέγων·
831 4342 848 4376 ι
890 4324 1197 4396 Ὀφθαλμὸν
1213 4328 1334 4381 ἀντὶ
1358 4327 1655 4400 ὀφθαλμοῦ,
1682 4332 1775 4385 καὶ

189 4415 372 4472 ὀδόντα
407 4418 533 4470 ἀντὶ
604 4416 814 4480 ὀδόντος
834 4434 847 4447 ·
897 4416 1009 4486 ἐγὼ
1034 4418 1092 4472 δὲ
1127 4418 1270 4487 λέγω
1298 4420 1446 4490 ὑμῖν,
1486 4422 1558 4492 μὴ
1622 4424 1771 4477 ἀντι-

191 4511 377 4579 στῆναι
425 4508 507 4580 ςτῷ
551 4508 795 4580 πονηρῷ,
841 4509 954 4563 ἀλλ’
984 4511 1134 4572 ὅστις
1173 4528 1229 4563 σε
1267 4512 1484 4582 ραπίσει
1530 4514 1625 4567 ἐπὶ
1672 4514 1769 4586 τὴν
1803 4512 1845 4567 D

190 4599 365 4668 δεξιὰν
416 4602 645 4670 σιαγόνα
680 4618 793 4665 σου,
836 4601 1067 4672 στρέψον
1107 4601 1256 4672 αὐτῷ
1294 4606 1388 4657 καὶ
1430 4604 1527 4676 τὴν
1567 4606 1733 4678 ἄλλην
1756 4624 1770 4637 ο

192 4692 273 4744 καὶ
299 4690 386 4762 τῷ
411 4689 621 4743 θέλοντί
652 4707 732 4743 σοι
764 4691 1042 4763 κριθῆναι,
1066 4693 1161 4746 καὶ
1193 4693 1285 4747 τὸν
1326 4694 1528 4764 χιτῶνά
1556 4714 1648 4749 σου
1673 4697 1769 4750 λα-

190 4783 313 4847 δεῖν,
346 4784 489 4852 ἄφες
514 4782 665 4853 αὐτῷ
694 4784 789 4837 καὶ
813 4784 872 4837 τὸ
903 4784 1135 4855 ἱμάτιον.
1153 4804 1170 4835 ι
1202 4784 1308 4837 Καὶ
1336 4786 1495 4840 πάλιν
1517 4804 1530 4816 ·
1572 4788 1630 4840 Ὀ
1668 4788 1767 4857 μὲν

190 4877 416 4948 παρῄνει
469 4876 562 4929 τὸν
625 4876 723 4946 μὲν
781 4876 933 4944 φίλον
986 4877 1225 4947 ἀγαπᾷν,
1289 4881 1466 4946 μισεῖν
1526 4878 1582 4932 δὲ
1639 4880 1766 4941 τοὺς

189 4968 410 5040 ἐχθρούς
431 4986 446 4999 ·
493 4966 604 5037 ἐγὼ
630 4967 687 5020 δὲ
728 4966 847 5021 καθ’
881 4967 1187 5040 ὑπερϐολὴν
1231 4968 1639 5041 φιλανθρωπίας
1671 4973 1763 5026 καὶ

189 5060 556 5130 ἀνεξικακίας,
590 5061 810 5131 ἀγαπᾷν
859 5060 985 5123 τοὺς
1027 5058 1254 5130 ἐχθροὺς
1289 5060 1420 5131 ὑμῖν
1470 5063 1765 5132 νομοθετῶ.

189 5154 271 5207 καὶ
300 5150 707 5224 προσεύχεσθαι
745 5151 884 5222 ὑπὲρ
927 5149 1037 5203 τῶν
1065 5149 1388 5211 διωκόντων,
1420 5151 1569 5215 ὅπως
1606 5152 1767 5223 γένη-

190 5243 272 5298 σθε
302 5243 412 5297 υἱοὶ
443 5242 539 5295 τοῦ
570 5241 783 5314 Πατρὸς
805 5240 958 5313 ὑμῶν
989 5242 1082 5295 τοῦ
1113 5242 1170 5293 ἐν
1199 5242 1468 5314 οὐρανοῖς,
1501 5244 1647 5309 ὅστις
1675 5247 1765 5299 τὸν

188 5335 325 5406 ἣλιον
362 5334 658 5389 ἀνατέλλει-
689 5335 780 5387 ἐπὶ
810 5334 1079 5404 πονηροὺς
1101 5334 1194 5388 καὶ
1227 5334 1485 5404 ἀγαθοὺς,
1514 5338 1608 5390 καὶ
1641 5336 1765 5409 βρέ-

189 5443 260 5494 χει
321 5427 415 5479 ἐτεί
459 5424 702 5488 δικαίους
745 5425 837 5478 καὶ
870 5425 1107 5489 ἀδίκους.
1158 5426 1267 5479 Kal.
1306 5427 1397 5480 ἐπὶ
1419 5427 1626 5493 τούτοις
1649 5447 1662 5460 ·
1701 5432 1757 5484 Ὀ

191 5517 276 5584 μὲν
306 5518 445 5588 πρὸς
484 5516 584 5587 τὴν
623 5516 732 5569 τῶν
776 5516 987 5569 πολλῶν
1033 5516 1295 5588 σκληρῶν
1333 5518 1621 5590 ἡρμόζετο,
1662 5520 1754 5574 καὶ

186 5612 285 5674 τοῖς
314 5608 590 5682 ἐμπαθέσι
631 5608 939 5681 κατάλληλα
980 5609 1308 5673 διετάττετο,
1353 5610 1751 5682 ἐξηλλαγμένον

246 5794 289 5825 ⁸⁸
314 5790 521 5849 Jerem.
556 5807 707 5851 xm.
738 5793 827 5855 3!,
855 5792 942 5849 5‘3.
1020 5792 1068 5824 ”
1091 5789 1223 5847 Ibid.
1259 5792 1347 5849 32.

1886 3280 2013 3318 nam
2059 3264 2425 3334 evangelicam
2477 3265 2781 3318 obtinuere.
2815 3262 2881 3317 Et
2920 3264 3065 3320 hunc
3111 3265 3355 3336 quidem,
3412 3266 3461 3321 si

1886 3354 2122 3409 medium
2167 3356 2400 3407 duorum
2456 3352 2831 3416 constitueris,
2882 3369 2949 3407 ne
2983 3361 3172 3424 putato
3226 3355 3462 3426 amplius

1883 3461 2000 3511 eos,
2033 3446 2123 3515 qui
2159 3461 2188 3499 a
2215 3444 2417 3500 Judaeis
2446 3443 2749 3506 discedant,
2794 3444 2848 3497 in
2873 3443 3093 3499 Graecos
3138 3446 3278 3502 ritus
3308 3463 3463 3517 opor-

1883 3548 2003 3593 tere
2031 3539 2140 3592 ullo
2164 3538 2323 3592 modo
2362 3538 2624 3600 recidere,
2658 3553 2835 3607 neque
2856 3539 2949 3607 qui
2981 3555 3012 3593 a
3042 3538 3246 3593 Graecis
3280 3540 3459 3593 abdu-

1882 3628 2098 3695 cantur,
2145 3631 2364 3685 Judazes
2423 3630 2537 3685 fieri
2581 3630 2930 3694 necessario,
2965 3630 3061 3685 sed
3090 3630 3182 3684 ubi
3208 3630 3459 3707 .tertium

1882 3724 2182 3793 acceperis,
2210 3734 2264 3778 et
2292 3724 2473 3778 medio
2505 3724 2629 3776 loco
2689 3724 3065 3786 constitueris,
3126 3723 3459 3778 eminentem

1881 3831 2156 3886 supraque
2188 3816 2330 3871 alios
2351 3822 2657 3871 exstantem
2689 3815 2969 3879 invenies,
3005 3822 3061 3870 et
3099 3815 3256 3885 quasi
3290 3830 3460 3885 super

1880 3910 2185 3966 celsissima
2214 3907 2447 3979 quadam
2480 3909 2703 3979 specula
2755 3909 3044 3965 sublimem
3104 3907 3453 3968 collocatum,

1879 4003 2120 4072 reliquos
2152 4002 2291 4055 duos
2323 4000 2554 4056 inferius
2585 4003 2845 4071 utrinque
2887 4001 3190 4070 despicere.
3256 3998 3458 4069 Ell‘ngit

1877 4096 2020 4150 enim
2045 4101 2098 4148 et
2123 4091 2434 4147 GRPCOI‘UIII
2466 4092 2708 4161 impiam,
2742 4101 2904 4161 atque
2927 4091 3207 4146 erroribus
3239 4090 3454 4160 plenam

1878 4184 2326 4254 superstitionem
2361 4222 2378 4247 ,
2425 4183 2833 4253 dissolutasque
2895 4182 3313 4245 fornicationes,
3361 4188 3451 4236 at-

1876 4290 1982 4344 que
2008 4275 2366 4330 insolentias:
2414 4282 2469 4330 et
2496 4272 2807 4330 Iudaeorum
2852 4274 3063 4338 itidem,
3099 4288 3221 4343 qua:
3245 4289 3277 4327 a
3302 4272 3456 4330 Mose

1874 4367 2117 4437 perfecta
2146 4373 2250 4430 est,
2302 4366 2675 4436 imperfectam
2706 4376 2757 4420 et
2797 4366 2957 4434 quasi
2998 4365 3242 4434 parvulis
3285 4373 3452 4433 atque

1876 4459 2109 4515 inﬁrmis
2131 4459 2595 4512 accommodatam
2628 4458 3054 4512 observantiam.
3084 4455 3448 4511 Domesticam

1876 4570 2059 4626 porro,
2092 4563 2255 4623 atque
2278 4552 2345 4606 ab
2374 4552 2530 4606 initio
2552 4552 2827 4621 propriam
2860 4565 2967 4604 non
3010 4550 3187 4603 solum
3218 4550 3444 4613 Judreis,

1871 4649 1967 4704 sed
1987 4656 2041 4703 et
2070 4646 2296 4711 Graecis,
2326 4655 2381 4700 et
2408 4630 2680 4708 barbaris,
2733 4650 2788 4698 et
2813 4658 3153 4713 qumcunque
3180 4642 3283 4696 sub
3332 4642 3448 4697 sole

1868 4748 2020 4804 sunt,
2056 4740 2311 4809 gentibus
2362 4738 2667 4793 inclamans
2704 4736 2896 4806 legem,
2932 4734 3056 4789 vide
3094 4733 3225 4803 quid
3252 4733 3441 4787 dicat:

1868 4832 1912 4888 Ο
1966 4833 2151 4895 homo,
2208 4841 2264 4887 et
2323 4833 2637 4885 universum
2700 4829 3010 4884 mortalium
3089 4841 3283 4897 genus,
3336 4823 3443 4893 23

1866 4922 2031 4979 Mosis
2079 4923 2298 4993 quidem
2367 4923 2453 4977 lex
2516 4921 2581 4974 ab
2619 4936 2726 4975 uno
2767 4935 2965 4991 genere
3023 4918 3303 4973 hominum
3358 4917 3445 4968 in-

1866 5014 2095 5082 etpiens,
2127 5013 2371 5067 omnium
2420 5012 2655 5082 primum
2703 5012 3014 5066 Judteorum
3060 5024 3252 5078 genus,
3295 5005 3441 5059 illius

1866 5103 2249 5172 promissionis
2305 5106 2500 5174 gratia,
2532 5119 2653 5173 quae
2708 5102 2774 5157 ad
2820 5102 2940 5171 pios
2981 5098 3184 5166 Deique
3231 5095 3439 5148 amicos

1865 5196 2105 5265 ipsorum
2140 5205 2351 5265 patres,
2387 5197 2526 5249 facta
2580 5205 2681 5257 est,
2717 5194 2784 5248 ad
2822 5193 2985 5246 unius
3026 5188 3121 5242 Dei
3165 5184 3436 5255 cognitio-

1861 5304 1983 5342 nem
2031 5287 2344 5356 cultumque
2390 5286 2639 5347 vocabat,
2685 5292 2744 5337 ut
2790 5283 2935 5336 dicto
2991 5277 3308 5337 audientes,
3367 5274 3439 5328 ab

1862 5379 2189 5434 intolerabili
2219 5378 2524 5433 daemonum
2552 5372 2840 5447 tyrannide
2879 5371 3151 5424 liberaret.
3186 5366 3296 5437 Ego
3336 5382 3438 5421 au-

1863 5483 1970 5531 tem
2023 5475 2276 5530 omnibus
2318 5472 2651 5534 hominibus,
2687 5477 2740 5524 et
2769 5482 2888 5537 qua:
2920 5464 3121 5535 ubique
3165 5472 3435 5517 terrarum

1862 5574 2011 5633 sunt,
2043 5566 2295 5638 gentibus
2355 5563 2643 5621 sublimius
2692 5565 3007 5632 provectam
3049 5554 3142 5611 Dei
3176 5551 3437 5627 cognitio-
