4018 6512
564 371 636 438 σι’
1199 381 1469 438 EUSEBll
1507 377 1984 436 CAESARIENSIS
2022 375 2171 434 opp.
2215 372 2392 431 rans
2429 372 2496 428 tt.
2536 405 2603 414 -
2653 363 3155 431 APOLOGE‘IICA.
3749 372 3834 430 ss

564 511 708 560 nem,
737 499 791 552 et
829 498 1084 566 pietatem
1120 505 1440 566 apportans,
1475 505 1538 550 ut
1569 497 1635 550 ad
1661 495 1903 566 regulam
1927 507 2133 556 eorum,

2243 488 2337 541 καὶ
2367 485 2742 556 ὑποϐεϐηκὸτα
2787 486 2938 556 παρὰ
2979 485 3070 539 τὸν
3102 487 3328 540 παλαιον
3353 485 3552 558 τρόπον
3584 487 3834 555 rapuit-‘-

563 586 656 653 ιμιί
687 599 812 638 cum
837 585 1109 640 Abraham
1136 586 1409 656 vixerunt,
1435 583 1636 652 quique
1665 591 1790 636 ante
1817 580 1981 636 Mosis
2007 589 2137 634 teta-

565 683 672 729 tem
716 677 993 746 degentes,
1042 677 1161 746 ipso
1211 691 1426 746 quoque
1450 675 1758 728 Abrahamo
1801 673 2134 743 antiquiores

561 769 841 830 exstitere,
869 769 992 823 vitae
1026 783 1138 823 sua:
1169 768 1521 821 moderentur
1539 765 1822 828 adhortor,
1855 767 1908 818 in
1937 764 2136 834 quibus

561 861 632 915 ab
661 861 901 916 externis
941 860 1197 929 gentibus
1225 856 1478 928 profecti,
1515 857 1606 926 qui
1637 855 1705 909 de
1735 855 1894 909 laude
1918 855 2137 924 pictatis

561 951 790 1019 gloriam
822 949 1003 1022 adepti
1019 956 1167 1012 sunt,
1187 947 1372 1018 plures
1392 953 1786 1000 memorantur.
1817 943 1880 997 Et
1901 957 2093 999 rursus
2120 961 2134 997 :

563 1039 730 1096 Mosis
762 1040 979 1110 quidem
1028 1039 1136 1102 lex,
1181 1037 1236 1091 in
1276 1051 1446 1090 unum
1487 1043 1646 1092 terrae
1670 1043 1878 1089 certum
1911 1049 1976 1089 ac
2004 1033 2139 1088 deli-

559 1133 734 1186 nitum
777 1133 976 1194 locum,
1006 1145 1100 1186 eos
1149 1129 1244 1199 qui
1287 1127 1566 1199 religionis
1613 1125 1948 1196 propositum
1987 1139 2136 1179 com-

560 1224 703 1295 plexi
726 1231 926 1287 essent,
951 1238 1016 1277 ex
1040 1221 1162 1276 aliis
1194 1219 1451 1276 omnibus
1483 1219 1618 1274 locis
1645 1217 2132 1289 currerejubebat:

557 1329 659 1386 ego
719 1323 902 1369 autem
944 1313 1249 1368 condonata
1298 1311 1552 1366 omnibus
1601 1311 1874 1375 libertate,
1915 1325 2024 1364 non
2078 1309 2134 1363 in

559 1405 794 1476 quodam
826 1413 980 1458 terra:
1008 1403 1227 1474 angulo,
1259 1417 1436 1473 neque
1465 1402 1519 1456 in
1549 1401 1850 1466 montibus,
1882 1408 1976 1454 aut
2015 1402 2136 1470 qui;

557 1497 790 1552 busdam
840 1511 1006 1550 manu
1053 1493 1212 1550 factis
1249 1495 1488 1566 templis,
1531 1495 1698 1550 Deum
1744 1509 2008 1566 quan‘ere,
2039 1495 2134 1550 sed

557 1589 835 1645 domisum
853 1601 1294 1656 unumquemque
1312 1587 1462 1642 illum
1494 1587 1674 1641 colere
1705 1596 1869 1657 atque
1903 1586 2134 1642 adorare

556 1679 834 1750 pratcipio.
883 1677 948 1731 Et
987 1693 1183 1734 rursus
1209 1696 1222 1732 ε
1249 1677 1418 1733 Vetus
1441 1677 1658 1747 quidem
1699 1679 1808 1743 lex,
1849 1679 2134 1734 sacrificiis

556 1781 614 1827 et
661 1771 978 1825 animalium
1029 1769 1289 1835 caedibus,
1327 1769 1596 1839 thurcque
1639 1779 1693 1825 et
1736 1771 1880 1841 igne,
1913 1777 1968 1826 et
2013 1769 2134 1823 aliis

2235 579 2359 642 δοὺς
2403 577 2684 641 εὐσεϐείας
2707 595 2719 608 ·
2757 578 2866 647 ἐγὼ
2899 578 2956 630 δὲ
2997 579 3090 630 ἐπὶ
3121 579 3212 631 τὸν
3242 578 3516 652 πρόπαλαι
3557 578 3835 647 θεοφιλῶν

2237 670 2446 743 ἀνδρῶν
2497 671 2691 741 εὐσεϐῆ
2725 671 2818 724 καί
2859 670 3080 742 θεοφιλῆ
3125 671 3237 741 βίον
3272 670 3645 741 άνακαλοῦμαι
3691 671 3836 732 τοὺς

2237 764 2464 826 πάντας.
2500 761 2610 814 Καὶ
2657 762 2740 830 ἐφ’
2777 763 2977 815 ἅπασιν
3001 779 3014 791 ·
3053 765 3081 816 6
3134 763 3232 833 ubi:
3274 763 3378 833 γῆν
3411 763 3640 833 ῥέουσαν
3676 761 3836 830 γάλα

2237 855 2332 907 καὶ
2361 853 2500 924 μέλι,
2517 847 2610 906 οἷα
2638 852 3259 925 νηπίοις,,ὲπηγγέλλετο
3277 870 3290 884 ’
3319 853 3429 922 ἐγὼ
3456 853 3511 906 δὲ
3541 853 3836 923 βασιλείαν

2238 945 2480 1018 οὐρανῶν
2506 946 2616 1007 τοῖς
2660 945 2792 1007 οἵοις
2835 961 2894 997 τε
2944 947 3142 1016 χωρεῖν
3183 944 3446 1016 προξενῶ.
3487 945 3674 999 Ταῦτα
3723 945 3832 998 καὶ

2237 1035 2305 1088 τὰ
2349 1033 2591 1096 τοιαῦτα,
2635 1035 2664 1087 ὁ
2707 1034 2806 1103 τῆς
2833 1035 3040 1105 Καινῆς
3079 1035 3350 1105 Διαθήκης
3385 1035 3542 1104 λόγος
3585 1035 3673 1089 διὰ
3722 1035 3834 1108 τῆς

2239 1127 2477 1199 Χριστοῦ
2521 1127 2868 1190 διδασκαλίας
2917 1129 3050 1181 πᾶσι
3093 1128 3420 1199 κατήγγειλε
3464 1131 3576 1192 τοῖς
3619 1128 3830 1184 ἔθνεσι.

2236 1219 2347 1272 Καὶ
2373 1219 2542 1272 ταῦτα
2565 1215 2653 1289 ἦν,
2691 1219 2727 1272 ἂ
2756 1223 2868 1284 τοῖς
2909 1219 3074 1273 αὐτοῦ
3107 1220 3374 1292 μαθηταῖς
3405 1222 3434 1272 6
3459 1221 3695 1292 Χριστὸς
3723 1218 3832 1274 τοῦ

2237 1310 2371 1364 Θεοῦ
2415 1314 2548 1365 πᾶσι
2595 1314 2707 1374 τοῖς
2753 1311 2930 1364 ἔθνεσι
2981 1312 3368 1380 καταγγέλλειν
3414 1313 3668 1386 παρῄνει,
3711 1315 3830 1385 φή-

2239 1417 2372 1468 σας⁴
2426 1421 2444 1456 ι
2491 1403 2856 1476 Πορευθέντες
2905 1403 3280 1476 μαθητεύσατε
3325 1405 3504 1458 πάντα
3551 1403 3622 1458 τὰ
3652 1404 3818 1477 ἔθνη,

2235 1499 2575 1565 διδάσκοντες
2619 1501 2814 1564 αὐτοὺς
2857 1505 3044 1573 τηρεῖν
3095 1501 3270 1555 πάντα
3317 1503 3418 1555 ὅσα
3461 1502 3832 1574 ἐνετειλάμην

2237 1590 2366 1660 ὑμῖν
2391 1605 2404 1620 ο
2439 1609 2456 1640 ι
2485 1589 2520 1644 ἆ
2549 1592 2640 1643 καὶ
2665 1593 2830 1644 πᾶσιν
2854 1590 3182 1663 ἀνθρώποις,
3215 1591 3437 1663 Ἕλλησί
3465 1609 3522 1645 τε
3551 1593 3644 1645 καὶ
3689 1592 3832 1663 βαρ-

2237 1679 2425 1752 ϐάροις
2451 1681 2738 1749 φυλάττειν
2758 1681 3101 1751 παραδιδοὺς,
3131 1682 3342 1751 σαφῶς,
3371 1682 3424 1735 τί
3452 1683 3582 1735 ποτέ
3613 1684 3767 1734 ἐστιν
3797 1683 3829 1736 ὁ

2235 1773 2684 1842 Χριστιανισμὸς,
2716 1772 2962 1845 ἐξέφηνε,
2991 1773 3130 1838 τίνες
3163 1775 3406 1846 θ’ήμεῖς,
3441 1771 3534 1827 atat
3567 1777 3752 1838 ὁποῖος
3795 1774 3831 1828 ὁ

555 1859 880 1932 quibusdam
913 1859 1156 1928 ejusdem
1190 1859 1406 1929 generis
1423 1861 1844 1931 purgationibus
1865 1861 2130 1932 corporis,

2236 1863 2343 1916 τῶν
2383 1864 2602 1918 τοιῶνδε
2645 1865 2817 1933 λόγων
2855 1883 2914 1918 τε
2957 1866 3050 1919 καὶ
3097 1866 3435 1939 μαθημάτων
3479 1867 3825 1932 διδάσκαλος,

555 1971 828 2012 summum
861 1952 1030 2010 Deum
1061 1954 1240 2010 colere
1283 1955 1605 2010 hortabatur
1640 1975 1652 2010 :
1685 1972 1785 2026 ego
1827 1965 2007 2013 autem
2040 1973 2131 2012 sa-

553 2065 648 2105 cra
700 2049 896 2104 animae
937 2047 1179 2114 tradens,
1242 2057 1423 2104 mente
1477 2050 1791 2119 purissima,
1843 2051 2133 2120 animoque

553 2140 906 2208 nitidissima,
946 2157 1070 2196 cum
1113 2139 1381 2196 modestia
1429 2141 1802 2212 virtutumque
1843 2143 2130 2198 sectatrice

552 2235 686 2297 vita,
717 2235 991 2304 rectisque
1023 2232 1334 2294 sententiis,
1358 2238 1412 2288 et
1437 2233 1696 2302 pietatem
1723 2247 1834 2304 prae
1864 2249 1922 2288 sc
1955 2232 2132 2288 feren-

553 2325 723 2389 tibus,
739 2323 1074 2379 divinitatem
1090 2323 1340 2378 venerari
1369 2323 1595 2392 impero.
1613 2320 1678 2375 Et
1701 2337 1891 2377 rursus
1913 2342 1925 2376 :
1951 2322 2129 2378 Moses

553 2415 774 2487 qui-dem
801 2417 1016 2470 illorum
1057 2423 1364 2486 temporum
1393 2415 1728 2478 hominibus,
1761 2417 1916 2486 quasi
1947 2417 2014 2472 iis
2033 2417 2128 2487 qu’i

553 2508 1086 2580 czedibusinquinari
1107 2508 1252 2564 soliti
1277 2514 1483 2570 essent,
1499 2523 1606 2561 non
1632 2507 1883 2562 occidere
1901 2509 2129 2578 impera-

554 2601 800 2670 bat:ego
827 2609 1007 2655 autem
1049 2601 1138 2664 iis,
1180 2600 1273 2670 qui
1303 2599 1409 2653 hoc
1439 2600 1616 2668 ipsum
1649 2607 1807 2654 antea
1833 2597 2130 2654 didicerint

551 2702 607 2749 et
620 2695 792 2763 primo
807 2693 880 2745 illi
899 2699 1164 2762 praecepto
1178 2689 1570 2755 satisfecerint,
1587 2693 1814 2746 alterum
1831 2689 2056 2760 perfecti
2067 2706 2096 2742 u
2108 2703 2135 2744 s

555 2783 804 2853 impono,
837 2793 1000 2852 atque
1027 2789 1087 2836 ut
1115 2797 1184 2836 ne
1213 2780 1308 2835 irae
1340 2781 1556 2850 quidem
1584 2781 1994 2851 perturbatione
2018 2781 2137 2835 vin-

551 2875 1063 2944 cantur,pra:'cipio.
1081 2873 1144 2927 Et
1161 2876 1389 2929 rurSus:
1427 2872 1604 2928 Moses
1621 2873 1840 2943 quidem
1872 2873 2134 2928 adulteris

551 2966 940 3036 dissolutisque
973 2964 1286 3019 hominibus
1305 2963 1474 3035 legem
1494 2964 1678 3034 posuit
1703 2979 1814 3019 non
1839 2965 2131 3029 muechari,

551 3059 794 3113 maribus
840 3074 952 3112 non
1001 3057 1244 3122 misceri,
1283 3057 1592 3127 voluptates
1653 3065 1851 3127 przetcr
1878 3065 2134 3110 naturam

549 3163 662 3205 non
717 3150 938 3214 sectari,
996 3157 1051 3205 et.
1101 3148 1430 3218 supplicium
1486 3147 1684 3205 mortis
1729 3149 1820 3209 iis.
1870 3148 1964 3219 qui
2023 3163 2132 3202 non

2235 1955 2397 2019 αὐτὸς
2427 1958 2454 2008 6
2489 1956 2678 2028 Σωτὴρ
2704 1957 2796 2010 καὶ
2839 1957 3044 2028 Κύριος
3073 1959 3228 2029 ἡμῶν
3275 1958 3479 2031 Ἰησοῦς
3523 1963 3552 2014 6
3581 1961 3828 2032 Χριστὸς
3881 2011 3888 2024 ι

2233 2047 2326 2100 τοῦ
2367 2047 2524 2111 Θεοῦ,
2547 2051 2576 2102 6
2603 2049 2700 2119 τὴν
2730 2049 2922 2119 καινὴν
2958 2050 3162 2121 ταύτην
3193 2053 3286 2104 καὶ
3326 2053 3629 2125 πανάρετον
3661 2054 3823 2107 πολι-

2233 2138 2386 2192 τείαν
2409 2139 2530 2192 καθ’
2554 2140 2675 2193 ὅλου
2701 2141 2794 2194 τοῦ
2822 2144 3026 2214 κόσμου
3066 2144 3503 2216 συστησάμενος·
3537 2147 3677 2200 ὥστε
3708 2165 3826 2200 τοι-

2235 2231 2374 2284 αὖτα
2411 2232 2722 2302 μανθάνειν.
2773 2235 2864 2287 καὶ
2907 2236 3212 2306 φιλοσοφεῖν
3267 2237 3340 2309 μὴ
3391 2239 3548 2308 μόνον
3591 2238 3820 2308 ἄνδρας,

2235 2323 2369 2376 ἀλλὰ
2413 2325 2508 2377 καὶ
2554 2327 2837 2392 γυναῖκας,
2875 2327 3164 2394 πλουσίους
3204 2346 3264 2381 τε
3298 2329 3393 2382 καὶ
3434 2330 3692 2400 πένητας,
3721 2331 3824 2382 καὶ

2233 2413 2454 2478 δούλους
2477 2417 2593 2486 ἅμα
2641 2416 2950 2480 δεσπόταις.
2981 2420 3089 2473 Καὶ
3127 2419 3232 2491 μὴν
3262 2422 3290 2474 6
3326 2421 3428 2490 τῆς
3468 2423 3659 2492 καινῆς
3685 2421 3826 2474 ταύ-

2233 2523 2333 2576 της
2365 2507 2686 2577 νομοθεσίας
2713 2509 3075 2577 εἰσαγωγεὺς.
3111 2510 3178 2563 τὰ
3209 2511 3384 2564 πάντα
3410 2510 3550 2564 κατά
3579 2512 3668 2564 τὸν
3695 2513 3827 2564 Μω-

2237 2597 2378 2660 σέως
2423 2599 2585 2668 νόμον
2637 2599 2886 2670 εἰσῆκται
2927 2601 3420 2673 πεπολιτευμένοςο
3463 2603 3492 2655 ὃ
3543 2603 3635 2656 καὶ
3683 2601 3828 2656 αὐτὸ

2237 2687 2532 2757 θαυμάζειν
2563 2689 2731 2753 ἄξιον,
2775 2691 2856 2744 ὅτι
2902 2691 2988 2764 δὴ,
3035 2691 3160 2756 νέας
3206 2691 3476 2758 πολιτείας
3520 2694 3826 2766 νομοθέτης

2239 2779 2446 2849 μέλλων
2487 2782 2925 2853 καταστήσεσθαι
2963 2785 3064 2855 τῆς
3095 2785 3236 2838 κατὰ
3279 2786 3340 2840 τὸ
3372 2785 3686 2856 εὐαγγέλιον
3717 2787 3825 2839 αὑ-

2235 2869 2328 2922 τοῦ
2375 2873 2582 2942 Καινῆς
2610 2874 2900 2946 Διαθήκης,
2935 2877 3031 2948 οὐχ
3064 2878 3138 2942 ὡς
3171 2879 3337 2951 ἐχθρὰ
3371 2881 3464 2934 καὶ
3499 2881 3716 2934 ἐναντία
3747 2881 3824 2934 τὰ

2235 2961 2476 3028 Μωσέως
2511 2967 2881 3038 παρῃτήσατο.
2913 2963 2988 3021 Ἦ
3031 2969 3138 3042 γὰρ
3181 2971 3248 3025 ἂν
3279 2973 3538 3046 ἐνομίσθη
3604 2973 3672 3027 τὰ
3720 2991 3826 3028 πο-
3919 2967 3924 2972 ’

2237 3053 2398 3124 λέμια
2430 3057 2618 3110 Μωσεῐ
2660 3057 3057 3128 διατάττεσθαι,
3105 3062 3246 3116 οὕτω
3308 3081 3368 3118 τε
3407 3065 3473 3118 ἂν
3515 3065 3608 3120 καὶ
3671 3085 3825 3140 παρ-

2237 3147 2364 3218 έσχε
2417 3149 2514 3220 τῆς
2569 3150 2708 3204 κατὰ
2751 3153 2998 3217 Μωσέως
3049 3155 3140 3208 καὶ
3192 3156 3300 3211 τῶν
3354 3161 3648 3232 προφητῶν
3704 3165 3824 3226 τοῖς

549 3244 1054 3315 obtemperassent,
1089 3213 1337 3313 adjunxit
1365 3259 1377 3294 :
1410 3255 1511 3312 ego
1546 3247 1726 3297 autem
1775 3213 1928 3296 meos
1963 3240 2133 3296 disci-

2240 3240 2420 3304 ἀθέοις
2477 3233 2824 3313 αἱρεσιώταις
2873 3245 3129 3318 πλείστης
3173 3249 3483 3324 δυσφημίας
3537 3253 3822 3319 ὑπόθεσιν,

549 3337 708 3408 pulos
751 3337 875 3393 volo
925 3352 993 3392 ne
1043 3333 1242 3389 intueri
1284 3333 1502 3402 quidem
1545 3332 1828 3388 mulierem
1876 3347 2001 3387 cum
2039 3347 2133 3402 pe-

555 3427 755 3481 tulanti
806 3425 1120 3496 cupiditate.
1169 3421 1236 3477 Et
1267 3437 1464 3478 rursus
1499 3442 1511 3476 :
1557 3421 1650 3478 llle
1691 3421 1910 3492 quidem
1951 3415 2129 3474 dixit:

553 3535 576 3572 ε
615 3518 734 3572 Non
765 3517 1054 3589 pejerabis,
1087 3515 1182 3572 sed
1213 3516 1412 3572 reddes
1446 3514 1557 3570 Deo
1587 3529 1711 3585 quae
1741 3513 1959 3584 jurattts
2012 3512 2131 3568 lue-

547 3613 626 3668 ris
673 3630 688 3668 :
737 3628 836 3684 ego
865 3617 1044 3666 autem
1073 3609 1198 3666 dico
1225 3609 1403 3673 vobis.
1460 3623 1564 3664 non
1621 3607 1810 3678 jurare
1877 3605 2129 3670 omnino,

2241 3333 2351 3393 τοῖς
2401 3349 2459 3384 τε
2507 3333 2572 3386 ἐκ
2621 3336 2922 3407 περιτομῆς
2954 3337 3172 3408 εὔλογον
3219 3342 3318 3412 τῆς
3364 3345 3482 3397 κατ’
3515 3347 3678 3400 αὐτοῦ
3724 3367 3823 3403 συ-

2242 3421 2438 3493 σκευῆς
2463 3424 2661 3490 αἰτίαν,
2691 3426 2740 3478 οἳ
2769 3425 2854 3498 δὴ,
2881 3428 2956 3492 ὡς
2987 3431 3275 3506 παραϐάτῃ
3306 3435 3398 3488 καὶ
3421 3435 3696 3509 ἀποστάτῃ
3719 3439 3822 3494 τοῦ

2239 3515 2426 3587 νόμου,
2475 3516 2572 3588 τὴν
2594 3515 2730 3590 πρὸς
2757 3519 2984 3576 θάνατον
3000 3525 3290 3599 ἐπιϐουλὴν
3319 3529 3466 3602 αὐτῷ
3492 3533 3822 3588 συνεσκευά-

2243 3623 2424 3661 σαντο.

548 3707 646 3763 sed
685 3706 790 3760 erit
827 3719 1008 3761 sermo
1047 3713 1228 3758 vester
1269 3719 1284 3756 :
1324 3709 1430 3766 est,
1481 3707 1566 3756 est
1597 3719 1610 3755 :
1637 3715 1768 3766 non,
1820 3715 1967 3754 non:
1998 3700 2142 3769 quod
2179 3709 2359 3754 autem
2402 3701 2488 3757 his
2522 3701 2888 3763 abundantius
2933 3715 3038 3772 est,
3089 3725 3118 3764 a
3151 3712 3294 3768 malo
3323 3724 3406 3769 est
3434 3716 3500 3769 ’⁸.
3539 3734 3560 3769 υ
3605 3715 3668 3772 Et
3687 3735 3820 3776 rur-

549 3813 646 3856 sus
681 3819 693 3854 :
725 3799 820 3854 ille
873 3797 1093 3868 quidem
1139 3797 1370 3867 injurias
1419 3795 1653 3860 ulcisci,
1709 3802 1763 3850 et
1831 3793 2190 3850 inferentibus
2242 3795 2460 3851 easdem
2509 3797 2716 3857 referre
2777 3803 3101 3860 hortabatur
3134 3844 3147 3868 ,
3199 3805 3386 3864 dicens
3442 3830 3456 3865 :
3522 3829 3542 3863 ι
3582 3811 3816 3872 Oculum

545 3911 649 3963 pro
673 3895 851 3962 oculo,
875 3901 926 3948 ct
963 3894 1178 3950 dentem
1203 3907 1302 3963 pro
1321 3892 1514 3948 dente:
1568 3889 1676 3962 24
1693 3905 1792 3961 ego
1808 3898 1986 3944 autem
2009 3889 2132 3945 dico
2171 3891 2344 3956 vobis,
2407 3907 2514 3947 non
2577 3895 2834 3952 resistere
2896 3901 3059 3966 malo,
3097 3903 3190 3957 sed
3224 3903 3267 3959 si
3299 3905 3421 3976 quis
3445 3913 3498 3962 te
3525 3923 3817 3978 percusse-

552 3987 624 4042 rit
649 3987 704 4041 in
731 3987 1014 4042 dexteram
1047 3985 1322 4040 maxillam
1345 3991 1520 4046 tuam,
1549 3982 1852 4037 convertite
1874 3981 1940 4036 ad
1965 3981 2114 4035 illum
2155 3991 2209 4037 et
2239 3983 2462 4037 alteram
2493 4001 2507 4038 :
2537 3993 2590 4038 et
2639 3987 2733 4056 qui
2788 3989 2916 4043 velit
2957 3999 3133 4047 tecum
3197 3995 3402 4064 judicio
3452 4002 3807 4069 contendere,

547 4091 605 4139 et
638 4083 879 4137 tunicam
919 4089 1067 4135 tuam
1106 4080 1318 4144 tollere,
1369 4077 1577 4133 dimitte
1634 4077 1682 4132 ei
1715 4083 1768 4132 et
1803 4075 2026 4146 pallium
2051 4077 2094 4108 ³⁷
2139 4086 2158 4128 ι
2207 4075 2270 4131 Ει
2317 4089 2514 4131 rursus
2548 4095 2560 4130 :
2592 4077 2687 4133 llle
2730 4080 2948 4150 quidem
3007 4082 3236 4140 docebat
3271 4089 3508 4144 amicum
3559 4093 3808 4164 diligere,

547 4183 602 4234 et
625 4175 875 4232 inimicos
897 4174 1156 4230 insectari
1191 4173 1362 4228 odio:
1422 4186 1522 4243 ego
1582 4178 1762 4226 autem
1823 4185 1888 4226 ex
1943 4169 2274 4226 abundantia
2331 4170 2685 4228 humanitatis
2721 4179 2776 4228 et
2820 4175 3137 4244 clementiae,
3193 4187 3252 4234 ut
3300 4181 3552 4239 inimicos
3593 4195 3812 4241 vestros

549 4274 808 4345 diligatis,
843 4279 897 4328 et
931 4286 1030 4343 pro
1071 4267 1525 4342 persequentibus
1567 4281 1663 4322 vos
1714 4268 1904 4331 oretis,
1951 4265 2122 4335 legem
2161 4265 2318 4321 vobis
2344 4279 2509 4335 pono,
2547 4284 2564 4318 ι
2605 4275 2665 4321 ιιι
2695 4267 2817 4325 sitis
2847 4269 2942 4325 ﬁlii
2967 4268 3148 4328 Patris
3193 4277 3383 4342 vestri,
3429 4278 3522 4349 qui
3560 4277 3614 4332 in
3650 4279 3810 4333 caelis

547 4367 761 4438 cst,qui
787 4366 954 4422 solem
972 4379 1132 4420 suum
1159 4365 1290 4417 oriri
1320 4363 1448 4417 facit
1467 4377 1630 4432 super
1653 4363 1823 4416 bonos
1845 4367 1900 4416 et
1949 4359 2142 4424 malos,
2177 4367 2230 4414 et
2265 4359 2398 4429 pluit
2426 4374 2590 4430 super
2613 4359 2792 4431 justos
2842 4370 2895 4418 et
2943 4363 3179 4436 injustos
3203 4366 3270 4422 ⁸⁸.
3309 4385 3329 4421 ι
3367 4369 3448 4422 Ad
3494 4369 3609 4426 bzec
3657 4391 3670 4426 :
3713 4373 3808 4428 llle

548 4461 765 4532 quidem
797 4477 854 4516 sc
884 4460 952 4514 ad
985 4460 1279 4514 multorum
1335 4459 1588 4513 duritiam
1646 4457 2109 4520 accommodabat,
2151 4463 2204 4510 et
2251 4456 2316 4510 iis
2364 4464 2509 4526 apta,
2547 4456 2637 4527 qui
2671 4459 3172 4528 perturbationibus
3225 4465 3370 4534 pleni
3407 4473 3610 4532 essent,
3668 4483 3808 4536 pra:-

549 4557 804 4628 cipicbat,
858 4565 1019 4627 atque
1065 4557 1407 4610 immutatum
1437 4553 1724 4623 quemdam
1760 4567 1790 4605 a
1837 4559 2020 4607 vetere
2047 4551 2161 4615 illo,
2203 4551 2624 4622 interioremque
2647 4543 2932 4624 religionis
2966 4557 3183 4611 modum
3220 4557 3510 4614 tradebat:
3561 4576 3661 4630 ego
3705 4577 3807 4616 au-

549 4657 660 4704 tem
699 4651 764 4704 ad
799 4651 964 4720 piam,
1033 4650 1456 4720 rcligiosamquc
1501 4647 1663 4700 vitam
1725 4661 1936 4710 eorum,
1991 4645 2081 4714 qui
2114 4644 2308 4714 priscis
2353 4645 2458 4702 illis
2502 4647 2834 4716 temporibus
2883 4657 3071 4703 sancte
3111 4649 3384 4718 vixerunt,
3435 4667 3630 4707 revoco
3687 4655 3810 4707 uni-

547 4759 756 4802 versos.
788 4744 1050 4815 Denique,
1079 4745 1169 4800 ille
1197 4744 1414 4814 quidem
1453 4752 1650 4797 terram
1675 4742 1932 4797 ﬂuentem
1961 4742 2047 4796 lac
2095 4749 2149 4796 et
2189 4742 2317 4808 mel,
2367 4742 2522 4812 quasi
2579 4743 2818 4824 parvulis
2875 4746 3222 4813 promittebat
3269 4764 3283 4801 :
3343 4763 3444 4818 ego
3498 4755 3678 4804 autem
3735 4749 3805 4806 iis

550 4839 644 4911 qui
673 4855 868 4909 capere
897 4841 1127 4910 possint,
1161 4855 1390 4910 regnum
1433 4841 1654 4895 cmlcste
1705 4837 1959 4893 concilio.
1987 4837 2113 4892 llzec
2153 4847 2317 4908 atque
2359 4838 2624 4907 ejusmodi
2659 4839 2784 4904 alia,
2839 4837 2975 4894 Novi
3016 4839 3351 4896 Testamenti
3383 4844 3539 4910 ratio,
3573 4843 3803 4901 docente

549 4935 791 4998 Christo,
827 4935 1079 4990 omnibus
1125 4937 1376 5006 gentibus
1427 4935 1714 4988 nuntiavit.
1753 4931 1819 4985 Et
1857 4933 1970 4986 haec
2003 4931 2119 5002 ipsa
2159 4939 2308 4996 sunt,
2359 4947 2480 5002 quae
2537 4947 2666 4988 suos
2717 4933 3016 5002 discipulos
3051 4933 3301 4990 Christus
3343 4935 3455 5002 Dei,
3511 4943 3570 4990 ut
3620 4937 3804 4992 omnis

551 5027 655 5084 bus
683 5027 932 5098 gentibus
959 5031 1292 5095 nuntiarent,
1326 5030 1645 5084 hortabatur
1691 5029 1880 5084 dicens
1936 5047 1948 5082 :
1999 5045 2016 5078 ι
2074 5027 2282 5082 Euntes
2336 5027 2680 5098 disciplinam
2733 5035 2968 5083 vestram
3009 5030 3206 5086 tradite
3247 5031 3497 5088 omnibus
3523 5033 3799 5104 gentibus,

550 5123 812 5177 docentes
865 5135 958 5176 cas
1005 5135 1222 5176 servare
1262 5123 1475 5188 omnia,
1523 5138 1862 5193 quaecunque
1903 5121 2134 5191 prmcepi
2177 5121 2329 5176 vobis
2377 5122 2443 5174 99.
2485 5141 2504 5173 ι
2539 5121 2669 5188 Qum
2696 5121 2857 5174 etiam
2887 5124 3099 5180 cunctis
3131 5123 3466 5189 hominibus,
3505 5133 3612 5178 tam
3666 5125 3797 5181 bar-

549 5215 698 5271 baris
739 5231 900 5286 quam
934 5213 1136 5271 Grmcis
1167 5231 1287 5270 cum
1334 5215 1672 5272 observanda
1712 5215 1967 5279 traderet,
2011 5213 2171 5283 plane
2219 5213 2480 5282 quidnam
2523 5214 2595 5267 sit
2637 5211 3090 5270 Christianismus
3147 5217 3402 5282 ostendit,
3460 5227 3510 5274 et
3573 5217 3796 5290 quinam

551 5314 722 5366 simus
763 5327 883 5374 nos,
925 5322 978 5367 ct
1017 5311 1322 5382 cujusmodi
1373 5313 1560 5364 talium
1613 5325 1924 5365 sermonum
1981 5323 2046 5362 ac
2101 5306 2511 5376 disciplinarum
2560 5308 2839 5378 magister,
2901 5325 3016 5380 Ipse
3052 5312 3242 5381 utique
3281 5312 3533 5368 Salvator
3586 5321 3640 5370 et
3683 5313 3794 5366 Do-

551 5403 733 5456 minus
768 5411 953 5458 nastcr
1013 5403 1190 5470 Jesus,
1233 5405 1324 5474 qui
1369 5401 1620 5458 Christus
1677 5413 1760 5458 est
1818 5401 1931 5466 Dei,
1981 5401 2076 5471 qui
2115 5415 2313 5454 novam
2365 5401 2506 5456 hanc
2531 5409 2586 5456 ct
2615 5415 2805 5455 omnes
2826 5403 3126 5473 amplexam
3154 5404 3380 5462 virtutes
3402 5406 3792 5477 rempublicam

551 5495 607 5549 in
657 5503 770 5548 toto
812 5495 944 5550 orbe
995 5498 1298 5561 constituit,
1331 5496 1464 5552 adeo
1507 5495 1744 5566 quidem,
1777 5502 1838 5548 ut
1871 5493 1998 5548 talia
2049 5491 2282 5556 discere,
2315 5491 2813 5562 philosopharique,
2879 5501 2988 5547 tam
3023 5493 3235 5552 femina:
3288 5515 3450 5569 quam
3501 5501 3626 5564 viri,
3677 5508 3790 5558 tam

552 5601 816 5658 pauperes
860 5603 1021 5658 quam
1067 5589 1285 5654 divites,
1341 5596 1448 5643 tam
1503 5587 1646 5644 servi
1687 5601 1849 5658 quam
1909 5585 2118 5642 domini
2161 5586 2393 5658 possint.
2435 5585 2500 5638 Et
2540 5593 2722 5640 tamen
2765 5600 2921 5641 novae
2969 5586 3198 5658 hujusce
3234 5591 3368 5662 legis
3423 5591 3794 5662 iutroductor,

623 5773 670 5803 θ’
695 5770 983 5846 EAxod._¥x,
1009 5770 1069 5846 ῖς
1105 5768 1287 5846 chi_t._
1308 5785 1418 5846 xix,
1445 5769 1528 5846 l2;
1563 5767 1723 5846 Deut.
1755 5785 1808 5832 v,
1837 5768 1941 5846 ηε
1969 5767 2133 5846 Matth

2236 5767 2456 5846 ,εδ-57.
2519 5769 2564 5799 ⁹⁷
2593 5767 2768 5846 lived.
2803 5769 2916 5836 ist,
2945 5771 3048 5840 9.4;
3101 5773 3270 5832 Levit.
3306 5790 3465 5844 xxiv,
3497 5775 3596 5846 20;
3625 5777 3778 5836 Deut.

597 5859 668 5910 :x,
722 5843 829 5908 2t;
873 5841 1059 5897 Matth.
1123 5859 1176 5907 v,
1223 5841 1408 5894 38-40.
1486 5841 1530 5872 ’3
1565 5837 1752 5892 Matth.
1781 5857 1832 5904 v,
1871 5839 1960 5893 45.
2025 5840 2084 5910 _"
2125 5837 2312 5891 Matth.
2351 5853 2544 5898 xsvttt.
2587 5839 2762 5894 iii-'20.
