4018 6502
1129 385 1738 464 οἳςιιοΝετιιΑτιοΝι

1848 408 2286 466 EVANGELICJE
2329 411 2462 468 LIB.
2507 414 2542 468 Ι.
3397 421 3465 477 70

184 540 458 598 tanquam
496 527 545 583 is
585 528 681 598 qui
733 527 786 582 in
827 529 972 582 omni
1004 528 1112 582 vita
1145 530 1316 600 legem
1367 529 1532 584 Mosis
1590 530 1908 593 servaverit,
1965 531 2314 588 introductus
2369 541 2453 590 est
2513 553 2524 589 :
2565 535 2708 606 quod
2771 550 2903 592 sane
2966 538 3142 609 ipsum
3204 541 3465 604 admirari

179 639 378 696 operae
397 625 634 695 pretium
660 626 874 696 est,qui
901 623 1148 680 videlicet
1175 623 1288 680 ﬁeri
1317 626 1510 696 possit,
1543 635 1601 680 ut
1625 641 1776 681 nova:
1814 627 2043 684 rationis
2073 635 2126 683 et
2168 629 2300 698 legis
2336 637 2529 684 auctor
2571 629 2808 697 futurus,
2855 631 2990 688 Novi
3037 633 3226 704 utique
3281 635 3467 691 Testa-

177 720 359 772 menti
395 734 492 788 per
515 717 895 790 Evangelium,
922 736 1032 774 non
1056 729 1312 792 tanquam
1345 723 1561 777 inimica
1586 731 1641 778 et
1689 723 1963 778 contraria
2002 739 2084 789 ca,
2137 741 2259 795 qua:
2304 741 2334 780 a
2371 725 2518 782 Mose
2559 729 2756 782 tradita
2801 737 2952 796 sunt,
2994 731 3329 787 recusaverit.
3401 729 3464 791 Si

174 810 332 864 enim
375 811 483 866 hoc
515 811 758 878 fecisset,
791 815 906 884 ipse
950 813 1192 869 vicissim
1233 808 1368 870 Mosi
1425 815 1651 872 adversa
1705 819 2050 874 existimatus
2099 827 2244 874 esset
2287 821 2603 890 praecipere,
2664 838 2731 876 cx
2790 838 2899 893 quo
2952 825 3134 894 impiis
3170 826 3461 896 impiarum

173 915 471 960 sectarum
514 908 831 963 auctoribus
877 916 1068 964 contra
1117 907 1320 966 Mesem
1364 918 1418 967 et
1469 911 1784 982 prophetas,
1835 913 2249 968 obtrectationis
2288 912 2394 983 25
2462 921 2515 968 et
2560 915 2951 971 maledicentia:
2998 918 3286 988 plurimam
3321 932 3460 988 prte-

171 996 398 1053 buisset
432 1002 746 1065 materiam,
801 1001 871 1057 iis
923 1007 1104 1056 autem
1153 1002 1247 1073 qui
1284 1018 1350 1059 ex
1395 1004 1815 1061 circumcisione
1879 1015 2004 1061 sunt
2051 1005 2478 1076 conspirationis
2526 1016 2714 1061 contra
2759 1025 2818 1063 se
2855 1009 3060 1080 justam
3110 1019 3163 1066 et
3205 1011 3460 1082 probabi-

174 1089 283 1145 lem
317 1107 578 1158 causam,
603 1095 696 1164 qui
730 1094 916 1164 utique
952 1093 1024 1161 ei,
1056 1097 1212 1166 quasi
1235 1099 1331 1169 qui
1361 1108 1551 1154 contra
1598 1098 1771 1170 legem
1810 1099 2032 1166 faceret,
2074 1108 2238 1172 atque
2276 1099 2345 1154 ab
2397 1116 2460 1156 ea
2497 1100 2774 1168 deﬁceret,
2821 1103 3049 1160 insidias
3091 1104 3158 1160 ad
3212 1103 3454 1161 inferen-

172 1186 299 1242 dam
331 1201 537 1242 necem
567 1194 1014 1244 construxerunt.

722 1308 1119 1364 ΚΕΦΑΛΑΙΟΝ
1166 1312 1240 1365 Ζ”.

2468 1303 2697 1360 CAPUT
2728 1303 2842 1360 VII.

171 1397 304 1462 Πῶς
320 1399 358 1451 ὁ
371 1398 660 1477 Χριστᾲι,
688 1404 771 1477 τὰ·
792 1400 951 1477 παρὰ
974 1402 1180 1477 Malae?
1213 1402 1514 1477 πρότερον,
1534 1399 1738 1454 ὲκτελέ

1873 1400 2147 1468 Quomodo
2171 1396 2436 1477 Qitristus,
2465 1407 2742 1477 postquam
2776 1413 2838 1449 ea
2866 1403 2984 1477 quo:
3017 1417 3048 1477 a_
3070 1398 3220 1477 More
3251 1406 3452 1462 tradita

188 404 260 456 G9

235 1486 382 1543 ονας,
427 1467 650 1539 καινῆς
678 1470 776 1523 καὶ
805 1471 950 1538 νέας
979 1467 1343 1543 εὶσαγωγέὺς
1380 1467 1636 1540 κατέστη
1665 1487 1771 1524 πο-

231 1542 476 1606 λιτείας
488 1579 502 1592 .

229 1654 378 1708 Νυνὶ
418 1655 483 1709 δὲ
522 1654 704 1708 πάντα
743 1655 883 1708 κατὰ
909 1655 998 1708 τὸν
1060 1655 1302 1719 Μωσέως
1344 1655 1505 1727 νόμον
1541 1654 1766 1708 πεπολι-

161 1747 464 1817 τευμένος,
496 1749 612 1811 τοῖς
645 1747 962 1811 ἀποστόλοις
987 1747 1151 1800 αὐτοῦ
1208 1748 1472 1819 κέχρηται
1500 1748 1765 1813 διακόνοις

164 1841 262 1910 τῆς
292 1839 504 1910 καινῆς
533 1840 698 1893 αὐτοῦ
732 1839 1068 1911 νομοθεσίας·
1105 1840 1239 1911 ὁμοῦ
1267 1842 1365 1913 μὲν
1395 1842 1488 1896 καὶ
1516 1841 1585 1895 τὰ
1636 1843 1765 1896 Μω-

164 1927 305 1992 σέως
325 1929 438 1982 οὐκ
465 1930 744 2001 ἀλλότρια,
771 1931 879 1983 οὐδ’
903 1930 1072 2002 ἐχθρά
1090 1931 1190 2001 τῆς
1221 1932 1427 1996 οἰκείας
1454 1931 1762 1999 θεοσεϐείας

161 2023 422 2092 ἡγεῖσθαι
455 2023 568 2076 δεῖν
596 2023 830 2091 διδάξας·
866 2024 999 2095 ὁμοῦ
1022 2024 1077 2077 δὲ
1105 2026 1196 2078 καὶ
1224 2025 1505 2097 αὐθέντης,
1540 2027 1760 2080 micio-

159 2116 377 2185 ηγητὴς
421 2115 553 2179 νέας
595 2117 690 2169 καὶ
737 2117 1001 2188 σωτηρίου
1038 2118 1200 2170 πᾶσιν
1245 2116 1550 2189 ἀνθρώποις
1589 2135 1757 2172 κατα-

162 2210 294 2272 στὰς
318 2209 674 2280 νομοθεσίας·
692 2211 767 2272 ὠς
791 2208 1054 2280 μηδαμῶς
1075 2211 1154 2273 είς
1177 2210 1245 2263 τὰ
1292 2211 1478 2263 Μωσεῑ
1499 2209 1756 2264 δοκοῦντα

161 2301 562 2372 παρανομῆσαι
594 2300 777 2365 αὐτὸν,
806 2301 956 2364 τέλος
987 2302 1030 2354 δ’
1064 2302 1291 2366 ἐκείνοις
1320 2301 1587 2356 ἐπιθεῖναι
1623 2303 1757 2374 πρό-

157 2411 334 2465 τερον,
369 2394 473 2447 καὶ
504 2394 797 2466 πληρωτὴν
820 2394 998 2448 αὐτῶν
1025 2396 1298 2464 γενέσθαι,
1326 2397 1419 2450 καὶ
1432 2396 1603 2461 οὕτως
1626 2397 1752 2467 περὶ

158 2483 251 2552 τὴν
275 2484 582 2538 αὐθεντίαν
612 2484 707 2538 τοῦ
768 2485 909 2539 κατά
951 2486 1010 2540 τὸ
1054 2487 1384 2556 Εὐαγγέλιον
1422 2487 1584 2558 νόμου
1615 2505 1754 2559 παρ-

157 2576 507 2646 εληλυθέναι.
533 2577 645 2631 Καὶ
670 2577 857 2631 τοῦτον
869 2581 1157 2634 ἀκουστέον
1186 2579 1346 2634 αὐτοῦ
1376 2581 1620 2650 λέγοντος
1661 2581 1749 2635 τὸν

158 2670 380 2742 τρόπον’
425 2689 446 2722 ε
478 2672 594 2724 Οὐκ
625 2667 788 2744 ἦλθον
810 2671 1109 2726 καταλῦσαι
1129 2672 1219 2726 τὸν
1247 2673 1431 2744 νόμον,
1454 2673 1588 2727 ἀλλὰ
1613 2673 1748 2744 πλη-

1942 1481 2088 1544 sunt,
2127 1469 2276 1538 plene
2299 1467 2609 1544 observavit,
2661 1483 2806 1520 noue
2852 1472 3074 1524 rationis
3113 1483 3161 1526 et
3201 1472 3329 1544 legis
3368 1479 3451 1530 iu-

1940 1539 2212 1594 troductor
2242 1539 2471 1592 exstitit.

1936 1651 2092 1707 Nunc
2123 1662 2303 1705 autem
2327 1659 2616 1720 postquam
2649 1651 2704 1705 in
2739 1653 2889 1706 omni
2930 1654 3040 1707 vita
3077 1652 3242 1710 .‘llosis
3274 1654 3450 1725 legem

1867 1744 2266 1815 comprobavit,
2297 1744 2564 1814 apostolis
2593 1745 2709 1800 suis
2745 1761 2882 1800 usus
2904 1754 2989 1801 est
3025 1762 3178 1802 novae
3226 1765 3336 1803 suae
3367 1751 3449 1805 le-

1864 1837 1949 1907 gis
1985 1836 2349 1903 administris,
2389 1837 2445 1890 in
2481 1836 2584 1891 hoc
2628 1836 2717 1892 ille
2757 1836 2979 1908 quidem
3041 1840 3205 1894 simul
3244 1841 3450 1899 docens

1863 1943 1925 1981 ea
1958 1944 2080 1998 qua:
2119 1944 2149 1982 a
2182 1927 2328 1983 lllose
2363 1927 2561 1982 tradita
2603 1938 2754 1994 sunt,
2810 1945 2910 1984 nec
2968 1945 2998 1983 a
3048 1946 3147 1985 sua
3187 1933 3450 2004 religione

1861 2020 2234 2085 abhorrentia,
2255 2036 2357 2076 nec
2387 2021 2560 2075 eidem
2588 2021 2807 2074 inimica
2826 2021 3138 2078 existimare
3169 2034 3446 2094 oportere,

1859 2119 1913 2166 et
1943 2113 2107 2168 simul
2151 2123 2428 2168 auctorem
2483 2128 2542 2168 se
2600 2121 2765 2184 atque
2821 2115 3256 2172 introductorem
3289 2133 3448 2172 nova:

1858 2215 1911 2262 ct
1940 2207 2156 2262 cunctis
2183 2207 2497 2263 hominibus
2541 2209 2801 2264 salutaris
2852 2210 3007 2280 legis,
3046 2211 3439 2268 constituens:

1857 2306 1918 2354 ut
1946 2300 2094 2355 nullo
2129 2310 2290 2371 pacto
2324 2301 2432 2356 dici
2459 2302 2632 2370 possit
2655 2301 2933 2373 quidpiam
2987 2303 3139 2358 illum
3179 2303 3444 2362 adversus

1855 2390 2024 2447 Mosis
2058 2391 2205 2462 leges
2236 2400 2327 2445 aut
2355 2392 2576 2447 decreta
2608 2393 2840 2449 fecisse:
2869 2395 3002 2464 quin
3055 2395 3238 2465 potius
3278 2395 3441 2452 linem

1855 2481 1965 2538 illis
1981 2483 2495 2554 priusimposuisse,
2516 2484 2814 2555 eademque
2831 2485 3070 2555 perfecte
3092 2487 3441 2554 observasse,

1853 2583 1907 2630 et
1934 2575 2015 2630 sic
2046 2575 2112 2630 ad
2160 2576 2562 2632 institutionem
2595 2579 2923 2648 evangelicae
2960 2577 3097 2649 legis
3126 2581 3436 2636 transiisse.

1857 2665 1921 2720 Et
1952 2667 2044 2737 qui
2081 2669 2300 2723 modum
2327 2669 2546 2740 quidem
2580 2669 2729 2725 hunc
2776 2672 2844 2725 ab
2906 2671 3027 2741 ipso
3087 2673 3441 2727 observatum

160 2761 351 2830 ρῶσαι.
388 2781 411 2813 ι
439 2763 504 2815 Ei
537 2761 637 2833 μὲν
666 2761 775 2834 γάρ
805 2763 1127 2834 παραϐάτης
1189 2762 1282 2816 τοῦ
1311 2764 1555 2827 Μωσέως
1587 2763 1738 2834 νόμοι

1855 2760 2024 2825 dicat,
2063 2777 2172 2814 non
2201 2761 2342 2816 alius
2385 2761 2690 2817 audiendus
2737 2771 2820 2818 est
2875 2778 3038 2832 quam
3102 2761 3239 2832 ipse.
3268 2783 3285 2814 ι
3318 2761 3438 2818 Non

161 2851 421 2924 κατέστη,
455 2853 562 2907 κᾶν
591 2853 828 2921 εὐλόγως
857 2851 1113 2924 ἐνομίσθη
1153 2852 1300 2906 λύειν
1329 2852 1486 2906 αὐτὸν
1517 2854 1609 2906 καὶ
1640 2871 1746 2907 πα-

162 2950 440 3016 ρανομεῖν·
469 2946 675 3016 φαῦλος
699 2946 757 3000 δέ
783 2964 866 3010 τις
891 2947 984 3000 καὶ
1007 2945 1321 3018 παράνομος
1347 2945 1624 3014 πεφυκὼς,
1648 2947 1747 3000 οὐκ

162 3036 217 3088 ἂν
257 3036 568 3108 ἐπιστεύθη
613 3037 774 3100 αὐτὸς
811 3032 948 3090 εἶναι
992 3038 1022 3091 ὁ
1065 3038 1312 3110 Χριστός.
1371 3037 1529 3091 Λύων
1575 3039 1632 3092 δὲ
1676 3039 1747 3093 τὰ

159 3132 426 3196 Μωσέως,
466 3131 586 3195 πῶς
647 3131 713 3184 ἂν
752 3130 1010 3202 ἐνομίσθη
1040 3131 1198 3195 αὐτὸς
1243 3132 1529 3202 ὑπάρχειν,
1570 3133 1598 3184 ὁ
1640 3133 1744 3186 ὐπὸ

160 3221 398 3286 Μωσέως
417 3222 515 3274 καὶ
547 3221 654 3275 τῶν
686 3221 976 3294 προφητῶν
995 3222 1462 3294 κατηγγελμένος;
1483 3223 1600 3288 πῶς
1618 3224 1660 3277 δ’
1678 3225 1742 3281 ἂν

159 3314 300 3385 ἔσχεν
336 3317 409 3369 τὸ
432 3317 748 3382 ἀξιόπιστον
770 3315 964 3386 καινῆς
992 3316 1337 3388 νομοθεσίας;
1368 3316 1512 3384 ἔδοξε
1542 3317 1650 3390 γὰρ
1678 3319 1742 3373 ἂν

159 3410 372 3474 εἰκότως
424 3410 528 3481 τῆς
559 3408 904 3482 παρανομίας
940 3408 1098 3481 χάριν
1136 3411 1229 3464 ἐπὶ
1263 3409 1361 3481 τὴν
1394 3411 1740 3482 καινοτομίαν

157 3503 493 3574 ἐληλυθέναι,
527 3502 746 3572 φεύγων
775 3502 873 3574 τὴν
905 3503 998 3556 ἐπὶ
1025 3505 1146 3566 ταῖς
1174 3503 1539 3574 παρανομίαις
1564 3522 1736 3576 τιμω-

160 3594 286 3665 ρίαν.
317 3594 444 3648 Νῦν
465 3595 525 3647 δὲ
553 3594 722 3666 μηδὲν
753 3593 1019 3666 μηδαμῶς
1043 3593 1151 3648 τῶν
1176 3595 1233 3647 ὲν
1260 3593 1338 3665 τῷ
1371 3595 1522 3667 νόμῳ
1547 3595 1734 3659 λύσας,

158 3687 449 3758 πληρωτὴς
493 3687 541 3740 δ’
569 3687 748 3741 αὐτῶν
787 3686 1110 3757 γενόμενος,
1149 3688 1244 3740 καὶ
1279 3685 1518 3750 τέλειος,
1561 3687 1635 3750 ὠς
1671 3686 1738 3740 ἄν

157 3797 228 3843 τις
240 3781 407 3843 είποι,
431 3780 573 3834 κατὰ
588 3780 810 3844 Μωσέα,
839 3781 960 3835 ἐπεὶ
988 3779 1184 3852 μηκέτι
1204 3781 1315 3842 τοῖς
1342 3778 1544 3843 λοιποῖς
1562 3777 1736 3834 ἔθνεσι

156 3871 364 3926 δυνατὸν
392 3868 463 3945 ἦν
480 3871 814 3944 ἐφαρμόζειν
835 3872 904 3926 τὰ
928 3871 1076 3943 παρὰ
1100 3870 1283 3924 Μωσεῖ
1309 3871 1513 3943 νόμιμα
1530 3871 1616 3926 διὰ
1636 3872 1736 3937 τὰς

160 3965 593 4036 προδηλωθείσας
632 3965 809 4028 αἰτίας
844 3965 1006 4036 (χρῆν
1057 3963 1114 4017 δὲ
1145 3964 1316 4034 δήπου
1356 3963 1736 4036 φιλανθρωπίᾳ

159 4059 239 4112 τοῦ
275 4059 606 4130 παναγάθου
651 4059 761 4113 τῶν
801 4059 936 4113 ὅλων
979 4058 1113 4112 Θεοῦ
1163 4057 1370 4122 πάντας
1415 4057 1734 4129 ἀνθρώπους

1855 2854 2002 2919 veni,
2033 2854 2233 2924 inquit,
2272 2853 2522 2910 scindere
2554 2855 2749 2924 legem,
2777 2853 2871 2908 sed
2903 2854 3177 2922 complere
3220 2854 3258 2908 ¹.
3297 2873 3315 2906 ι
3351 2854 3441 2908 Et-

1854 2947 2002 3001 enim
2037 2947 2082 3002 si
2110 2954 2457 3016 contemptor
2482 2945 2648 3003 lllosis
2676 2947 2811 3017 legis
2837 2946 3162 3012 exstitisset,
3185 2947 3436 3017 quamvis

1854 3037 2000 3092 illam
2035 3038 2378 3094 existimatus
2411 3047 2556 3094 esset
2592 3039 2948 3110 probabiliter
2992 3039 3264 3104 scindere,
3297 3054 3432 3094 COD-

1853 3139 2046 3200 traque
2079 3145 2198 3186 eam
2233 3129 2413 3186 facere
2445 3149 2458 3185 :
2496 3132 2796 3202 improbam
2827 3141 3009 3187 tamen
3041 3132 3356 3202 quamdam,
3380 3142 3438 3187 et

1852 3237 1882 3277 a
1914 3223 2126 3296 legibus
2159 3223 2392 3278 alienam
2430 3234 2679 3280 naturam
2709 3239 2819 3294 pra:
2848 3239 2907 3280 se
2946 3224 3149 3289 ferens,
3177 3225 3434 3282 Christus

1850 3329 1972 3369 esse
2007 3315 2250 3371 creditus
2295 3331 2404 3370 non
2443 3331 2608 3371 esset.
2661 3312 2834 3369 Porro
2880 3324 3059 3370 autem
3112 3315 3437 3372 rescindcns

1849 3420 1912 3460 ea
1939 3421 2060 3476 quaa
2083 3421 2113 3460 a
2149 3405 2298 3462 Mose
2331 3407 2508 3477 posita
2535 3413 2683 3471 sunt,
2716 3404 2990 3477 quomodo
3018 3407 3287 3476 potuisset
3314 3406 3432 3461 exi-

1849 3499 2059 3555 stimari
2097 3499 2145 3554 is
2174 3513 2320 3562 esse,
2358 3514 2519 3570 quem
2551 3498 2794 3553 futurum
2843 3498 3016 3554 Moses
3067 3507 3120 3553 et
3153 3498 3436 3568 prophetas

1845 3592 2233 3646 nuntiassent?
2257 3590 2532 3662 quomodo
2571 3600 2752 3645 autem
2784 3591 2942 3647 novis
2967 3591 3179 3662 legibus
3217 3607 3427 3661 ponen-

1846 3684 1934 3740 dis
1959 3684 2337 3739 auctoritatem
2366 3683 2685 3740 habuisset?
2721 3684 2920 3740 merito
2958 3684 3103 3740 enim
3135 3683 3304 3740 videri
3327 3699 3435 3755 po--

1846 3778 2062 3843 tuisset,
2095 3775 2420 3848 derogandae
2451 3776 2586 3848 legis
2619 3778 2816 3848 gratia,
2855 3776 2920 3832 ad
2956 3777 3304 3832 novationem
3333 3791 3428 3833 re-

1845 3887 1968 3927 rum
2017 3871 2254 3938 venisse,
2304 3878 2364 3924 ut
2423 3871 2773 3936 delictorum,
2825 3885 2946 3940 qua:
2999 3875 3193 3924 contra
3248 3868 3432 3940 legem—

1844 3965 2242 4032 commisissct,
2309 3963 2637 4034 supplicium
2691 3962 2966 4018 evaderet.
3028 3961 3185 4016 Nunc
3238 3970 3430 4017 autem-

1843 4058 1980 4113 nihil
2011 4059 2078 4113 de
2106 4057 2223 4128 lege
2253 4057 2476 4111 omnino
2507 4055 2800 4126 derogans,
2836 4063 2888 4108 et
2928 4054 3088 4124 plene
3122 4069 3242 4124 qua:
3278 4054 3332 4108 in
3357 4068 3428 4106 ea-

162 4155 414 4226 σωθηναι,
445 4155 544 4208 καὶ
573 4156 654 4217 εις
691 4153 981 4222 ἐπίγνωσιν
1005 4153 1262 4224 ἀληθείας
1288 4150 1504 4223 ἐλθεῖν),
1542 4149 1612 4204 τὰ
1635 4168 1736 4204 κα-

1848 4151 2192 4207 continentur
2232 4164 2480 4213 servans,
2523 4155 2708 4218 atque,
2741 4155 2799 4200 ut
2833 4146 2911 4203 sic
2933 4147 3136 4210 dicam,
3171 4144 3237 4198 ad
3261 4159 3421 4217 regu-

160 4247 385 4320 τάλληλα
412 4249 509 4301 καὶ
541 4247 778 4318 ἁρμόδια
818 4248 930 4309 τοῖς
961 4247 1126 4300 πᾶσιν
1173 4243 1560 4316 ἐνομοθέτησεν
1585 4261 1598 4274 ·
1635 4244 1734 4298 οὐκ

159 4340 214 4394 ἂν
232 4343 514 4412 φθονήσας
539 4341 635 4394 καὶ
689 4338 761 4392 τὰ
785 4338 1031 4402 Μωσέως
1059 4337 1147 4392 διὰ
1172 4337 1282 4391 τῶν
1305 4337 1618 4391 ἀποστόλων
1636 4337 1732 4390 αὐ-

160 4435 238 4488 τοῦ
265 4439 438 4490 πᾶσιν
465 4433 778 4505 ἀνθρώποις
808 4431 1185 4500 καταγγεῖλαι,
1221 4432 1269 4484 εἰ
1295 4430 1369 4502 μὴ
1391 4430 1451 4484 τὸ
1474 4430 1730 4484 ἀδύνατον

161 4529 396 4597 ἐμποδὼν
424 4525 516 4600 ἦν,
548 4527 624 4590 ὡς
652 4525 890 4579 διδάσκει
915 4525 1086 4593 λέγων
1121 4524 1455 4587 Ἀπόστολος·
1481 4541 1499 4574 ι
1530 4522 1601 4576 Τὸ
1621 4522 1730 4594 γὰρ

160 4621 403 4674 ἀδύνατον
433 4619 531 4673 τοῦ
558 4619 745 4689 νόμου,
780 4619 837 4670 ἐν
862 4610 906 4684 ᾧ
937 4615 1170 4685 ἠσθένει,
1204 4616 1232 4667 ὁ
1258 4615 1388 4678 Θεὸς
1417 4613 1506 4667 τὸν
1535 4613 1726 4667 ἑαυτοῦ

159 4709 264 4765 res
285 4713 518 4784 πέμψας
542 4715 599 4764 ὲν
621 4709 927 4782 ὁμοιώματι
953 4708 1152 4780 σαρκὸς
1173 4706 1465 4778 ἁμαρτίας,
1492 4725 1509 4758 ι
1538 4706 1632 4759 καὶ
1658 4706 1726 4760 τὰ

159 4803 278 4877 ιξῆς.
328 4801 621 4859 Ἀδύνατον
658 4803 715 4856 δὲ
752 4805 886 4856 πᾶσι
917 4802 1086 4874 δήπου
1119 4803 1229 4864 τοῖς
1257 4802 1462 4854 ἔθνεσιν
1493 4799 1724 4872 ὑπάρχει

158 4898 255 4967 τρὶς
301 4898 403 4954 τοῦ
438 4898 594 4962 ἔτους
629 4897 876 4967 ἁπαντᾷν
924 4897 1003 4957 είς
1057 4893 1399 4963 Ἰεροσόλυμα
1446 4892 1588 4946 κατὰ
1633 4893 1724 4946 τὸν

162 4991 384 5054 Μωσέως
406 4993 594 5060 νόμον,
622 4989 717 5043 καὶ
759 4987 866 5042 ἀπὸ
892 4986 998 5039 τῶν
1018 4986 1268 5057 περάτων
1283 4985 1381 5055 τῆς
1403 4985 1724 5056 οἰκουμένης

159 5082 235 5152 τὴν
259 5085 370 5139 ἀπὸ
400 5083 594 5153 λέχους
625 5085 860 5151 γυναῖκα
894 5081 1164 5143 σπεύδειν,
1195 5078 1380 5132 αὐτόθι
1412 5077 1482 5130 τὰ
1516 5077 1721 5149 καθάρ-

162 5189 232 5230 σια
257 5176 701 5248 ἀποθησομένην·
737 5176 829 5228 καὶ
861 5173 994 5228 ἄλλα
1024 5172 1212 5244 μυρία,
1246 5171 1282 5226 ἂ
1315 5171 1409 5224 καὶ
1441 5170 1615 5241 ἑαυτῷ
1639 5189 1721 5234 τις

161 5269 233 5323 ἐπὶ
251 5271 450 5343 σχολῆς
479 5267 800 5333 ἀναλέξαιτο
828 5267 911 5322 ἄν.
954 5264 1168 5336 Ἐπειδὴ
1193 5265 1372 5318 τοίνυν
1399 5263 1567 5317 ταῦτα
1598 5264 1718 5316 οὐδὲ

165 5363 489 5438 βουλομένοις
525 5360 727 5417 δυνατά
757 5357 826 5433 ἦν
870 5363 982 5422 τοῖς
1013 5359 1419 5431 ἀπῳκισμένοις
1443 5357 1543 5427 τῆς
1587 5359 1716 5411 Ἰου-

162 5451 288 5521 δαίας
336 5457 516 5510 ἔθνεσι
567 5453 874 5524 φυλάττειν,
916 5451 1140 5515 εἰκότως
1191 5451 1353 5522 μηδὲν
1401 5449 1605 5502 τούτων
1646 5450 1714 5502 δι’

165 5547 328 5603 ἑαυτοῦ
361 5549 529 5612 λύσας
558 5549 587 5601 ὁ
614 5545 804 5616 Σωτὴρ
845 5544 938 5598 καὶ
980 5542 1182 5615 Κύριος
1210 5541 1385 5613 ἡμῶν,
1421 5539 1712 5613 πληρωτὴς

163 5632 205 5696 δὲ
226 5648 510 5718 γενόμενος
539 5645 650 5699 τῶν
676 5645 733 5696 ὲν
765 5641 841 5712 τῷ
874 5641 1044 5712 νόμῳ,
1081 5641 1172 5693 καὶ
1199 5639 1379 5693 πίστιν
1415 5637 1712 5712 παρασχὼν

167 5739 249 5805 Ri;
270 5741 492 5815 ὁρῶσιν,
521 5740 599 5804 ὡς
624 5739 733 5811 ἄρα
763 5735 924 5798 αὐτός
957 5737 1102 5788 ἐστιν
1124 5737 1152 5787 ὁ
1176 5734 1409 5807 Χριστὸς
1434 5733 1528 5788 τοῦ
1554 5731 1710 5801 Θεοῦ,

132 5893 148 5919 ³
265 5900 454 5956 Matth.
489 5912 541 5966 ν,
579 5898 669 5953 l7.
712 5899 732 5930 '
763 5895 918 5952 Rom.
975 5910 1108 5963 vm,
1161 5894 1215 5949 5.

1841 4245 1949 4300 lam
1982 4243 2148 4299 Mosis
2196 4241 2494 4314 perlectus,
2544 4249 2834 4311 postquam
2871 4254 2980 4293 non
3036 4238 3271 4308 amplius
3302 4236 3432 4292 ﬁeri:

1838 4346 2074 4408 poterat,
2108 4345 2167 4390 ut
2201 4352 2262 4391 ea
2298 4351 2418 4405 quae
2445 4344 2574 4390 sunt
2601 4333 2656 4387 in
2687 4333 2802 4403 lege
2856 4331 3021 4386 Mesis
3065 4330 3292 4400 reliquis
3323 4344 3418 4382 ae-

1837 4430 2320 4487 commodarentur
2349 4427 2626 4499 gentibus,
2666 4432 2887 4496 propter
2916 4439 3010 4478 eas
3053 4437 3251 4477 causas
3293 4438 3413 4492 qua:

1835 4529 1996 4583 dicta:
2013 4526 2125 4595 jam
2145 4531 2292 4586 sunt,
2317 4521 2391 4593 (et
2410 4520 2695 4592 oportebat
2716 4519 2970 4572 nimirum
2991 4515 3235 4570 bonitate
3265 4531 3416 4570 sum-

1835 4621 1908 4676 mi
1944 4619 2040 4674 Dei
2068 4632 2259 4672 omnes
2292 4615 2542 4669 homines
2569 4613 2750 4668 salvos
2794 4610 2909 4665 ﬁeri
2945 4619 2998 4664 et
3045 4608 3109 4662 ad
3144 4609 3415 4680 cognitio-

1833 4728 1956 4768 nem
1983 4711 2234 4768 veritatis
2255 4710 2466 4776 venire)
2501 4724 2623 4778 quae
2655 4707 2914 4762 omnibus
2943 4712 3070 4775 apta
3103 4718 3421 4758 accommo-

1832 4807 2069 4876 dataque
2097 4811 2305 4867 essent,
2335 4803 2545 4873 legibus
2602 4802 2718 4857 suis
2775 4799 3046 4866 sancivit;
3086 4813 3150 4854 ac
3215 4815 3284 4854 ne
3321 4799 3416 4854 illa

1830 4900 2050 4970 quidem
2081 4913 2202 4968 quae
2235 4912 2263 4950 a
2299 4895 2446 4950 Mose
2482 4902 2749 4964 praecepta
2783 4899 2933 4955 sunt,
2968 4906 3098 4947 suos
3130 4891 3410 4961 apostolos

1829 4992 2152 5048 denuntiare
2187 4989 2404 5045 eunetis
2426 4989 2535 5059 26
2556 4986 2872 5042 hominibus
2903 4983 3294 5054 prohibuisset,
3320 4983 3408 5036 ni-

1829 5085 1874 5139 si
1910 5099 1971 5138 ca
2005 5099 2092 5137 res
2121 5081 2510 5151 impedimento
2543 5077 2756 5140 luisset,
2818 5076 2962 5147 quod
3001 5075 3090 5128 illa
3147 5073 3263 5127 ﬁeri
3295 5089 3404 5128 non

1827 5182 2072 5247 possent,
2100 5170 2561 5243 quemadmodum
2591 5169 2886 5239 Apostolus
2916 5168 3096 5230 docet,
3129 5151 3222 5220 ubi
3281 5165 3355 5218 ait
3381 5177 3403 5217 :

1831 5290 1848 5317 ι
1888 5265 2022 5320 Nam
2058 5263 2202 5334 quod
2235 5261 2573 5332 impossibile
2601 5268 2718 5316 erat
2743 5259 2869 5330 legi,
2902 5259 2957 5311 in
2999 5271 3108 5326 quo
3159 5253 3404 5309 inlirma-

1825 5361 2006 5425 batur,
2039 5359 2184 5414 Deus
2217 5357 2415 5411 Filium
2467 5371 2627 5410 suum
2655 5354 2877 5408 mittens
2902 5353 2957 5405 in
2989 5347 3401 5404 similitudinem

1825 5454 2008 5510 car-nis
2065 5450 2274 5522 peccati
2301 5453 2343 5514 ¹,
2384 5467 2402 5500 ι
2444 5455 2497 5502 et
2545 5453 2762 5500 extera.
2821 5440 3161 5512 lmpossihile
3214 5447 3400 5494 autem

1821 5555 1939 5603 erat
1968 5545 2248 5608 nimirum,
2277 5553 2336 5597 ut
2371 5557 2564 5596 omnes
2609 5549 2796 5609 gentes
2850 5544 2934 5592 ter
2975 5533 3207 5605 singulis
3235 5533 3399 5588 annis

1819 5657 1884 5696 ex
1915 5641 2030 5710 lege
2065 5638 2232 5692 Mosis
2263 5633 2640 5704 Hierosolyma
2665 5630 3040 5692 convenirent,
3097 5637 3152 5683 et
3198 5627 3400 5681 mulier

1819 5731 1996 5788 levata
2032 5737 2188 5803 partu
2214 5727 2282 5784 ab
2313 5725 2574 5785 extremis
2597 5734 2755 5781 terra:
2787 5723 2988 5781 linibus
3021 5721 3150 5777 illuc
3197 5733 3398 5793 prope,
