4018 6514
553 367 614 426 7i
1184 359 1452 419 EUSEBlI
1490 359 1971 418 οτΕδΑῑιςΕΝδιδ
2009 359 2159 416 OPP.
2199 355 2384 413 PARS
2420 357 2485 411 ll.
2526 387 2595 397 -—
2629 356 3128 413 APOLOGETICA.
3657 415 3662 420 ε
3715 363 3784 420 72

553 493 722 548 raret,
753 491 810 539 ut
839 499 958 554 quae
983 499 1082 555 pro
1111 485 1429 556 purgatione
1457 483 1702 538 instituta
1738 490 1887 546 sunt,
1923 482 2122 537 ibidem

2225 479 2254 532 6
2283 479 2417 550 πρὸς
2444 477 2550 530 τῶν
2582 479 2732 550 παρὰ
2772 479 3040 542 Ἰουδαίοις
3069 465 3556 548 πάλαιτγενομένων
3579 497 3788 553 προφη-

549 580 870 648 deponeret,
904 588 954 632 et
982 577 1087 631 alia
1139 577 1582 641 innumerabilia,
1631 591 1750 646 qua:
1805 591 1903 644 per
1951 573 2122 628 otium

553 668 928 738 unusquisque
957 675 1134 738 potest
1157 685 1252 739 per
1282 671 1520 738 scipsum
1555 666 1826 736 colligere.
1856 664 2124 731 Quoniam

553 760 722 830 igitur
755 760 868 812 brec
904 769 1091 828 gentes
1114 774 1142 810 a
1174 757 1361 812 Iudaea
1379 757 1566 828 procul
1611 756 1938 816 habitantes,
1961 753 2120 808 etiam

551 853 597 906 si
629 851 952 914 voluissent,
1008 865 1226 906 servare
1259 865 1368 904 non
1405 852 1656 918 poterant
1689 861 1702 896 :
1747 845 1941 899 merito
1988 842 2123 896 nihil

555 942 748 998 horum
782 960 878 1014 per
907 944 1142 1012 seipsum
1179 943 1496 998 rescindens
1557 939 1828 1003 Salvator,
1855 945 1908 992 et
1943 935 2124 989 Domi-

551 1051 658 1092 nus
693 1044 898 1098 noster,
943 1036 1037 1090 sed
1069 1035 1224 1105 plene
1265 1051 1510 1095 servans,
1535 1041 1591 1088 et
1622 1031 1858 1087 elliciens
1912 1045 1974 1085 ea
2004 1043 2124 1098 qua:

551 1131 610 1184 in
636 1129 752 1196 ipsa
777 1127 894 1197 lege
919 1127 1294 1190 continentur,
1329 1135 1382 1182 et
1427 1124 1798 1197 spectantibus
1849 1121 2008 1176 [idem
2042 1119 2122 1173 Γοι-

557 1220 723 1283 ciens,
759 1220 903 1288 quod
937 1221 1053 1288 ipse
1071 1228 1216 1274 esset
1245 1219 1498 1274 Christus
1531 1217 1647 1279 Dei,
1700 1217 1768 1271 de
1816 1231 1924 1286 quo
1955 1212 2121 1284 prisci

557 1309 860 1365 Iudaeorum
881 1311 1156 1380 prOpheta:
1184 1309 1555 1364 testimonium
1593 1306 1948 1377 protulissent
1968 1322 1982 1370 ;
2005 1312 2121 1357 tum

555 1399 694 1454 idem
729 1401 980 1453 omnibus
1009 1401 1261 1470 gentibus
1285 1399 1692 1454 accommodata
1717 1405 2003 1468 praecepta,
2027 1409 2123 1465 per

555 1489 850 1559 discipulos
883 1507 1012 1546 suos
1035 1491 1336 1561 proposuit.
1393 1491 1603 1546 Idcirco
1662 1505 1762 1544 nos
1810 1488 2120 1542 Judaeorum

551 1583 804 1650 proprios
832 1583 972 1637 ritus
1003 1583 1397 1646 recusavimus,
1433 1589 1690 1651 tanquam
1721 1596 1816 1636 eos
1842 1581 1932 1651 qui
1963 1581 2121 1635 nobis

549 1670 666 1740 lege
698 1673 861 1738 positi
891 1689 1000 1728 non
1031 1674 1163 1736 sint,
1198 1681 1251 1728 et
1275 1673 1527 1743 gentibus
1573 1674 1972 1728 accommodari
2011 1689 2120 1726 non

549 1762 781 1830 possint.
815 1763 884 1816 At
905 1764 1220 1818 eorumdem
1266 1763 1580 1834 prophetias
1635 1764 1865 1818 libentes
1910 1765 2120 1834 accepi-

2223 568 2332 622 τῶν
2377 569 2894 642 μεμαρτυρημένος·
2943 570 3080 642 μετά
3106 570 3275 623 ταῦτα
3304 573 3436 624 πᾶσι
3472 573 3582 636 τοῖς
3615 573 3792 628 ἔθνεσι

2224 661 2292 714 τὰ
2312 642 2545 732 ἁρμόδια
2571 661 3004 734 παραγγέλματα
3035 661 3121 716 διὰ
3153 661 3260 716 τῶν
3288 662 3502 716 οἰκείων
3535 661 3794 735 μαθητῶν

2225 751 2612 824 προϐέϐληται.
2667 753 2858 807 Ἔνθεν
2899 755 2993 808 καὶ
3031 755 3189 824 ἡμεῖς
3229 755 3290 808 τὸ
3341 755 3439 826 μὲν
3485 755 3792 820 Ἰουδαΐζειν

2225 845 2608 916 παρῃτήμεθα,
2659 845 2733 908 ὡς
2787 847 2916 916 ἡμῖν
2981 845 3054 916 μὴ
3097 847 3599 918 νενομοθετημένον,
3658 847 3793 920 μηδὲ

2223 937 2550 1008 ἐφαρμόζειν
2577 937 2688 998 τοῖς
2713 935 2888 990 ἔθνεσι
2916 937 3229 1006 δυνάμενον·
3260 938 3358 1000 τὰς
3385 937 3442 990 δὲ
3470 939 3620 1002 παρά
3658 941 3792 992 Ἰουο

2222 1027 2391 1090 δαίοις
2455 1027 2788 1099 προφητείας
2844 1027 3093 1097 ἀσμένως
3147 1028 3545 1099 κατεδεξάμεθα
3580 1073 3594 1095 ,
3643 1029 3794 1086 ὡσάν

2224 1116 2582 1188 περιεχούσας
2615 1117 2715 1180 τὰς
2757 1120 3110 1188 προρρήσεις.
3165 1117 3221 1171 Ὁ
3266 1117 3323 1170 δέ
3356 1136 3418 1187 γε
3448 1117 3660 1189 Σωτήρ,
3699 1121 3796 1174 καὶ

2221 1209 2538 1272 διδάσκαλος
2569 1209 2745 1279 ἡμῶν,
2780 1208 2875 1262 καὶ
2905 1208 3076 1272 ἄλλως
3106 1207 3398 1282 πληρωτὴς
3431 1209 3666 1282 ὑπάρχει
3697 1211 3796 1264 τοῦ

2221 1300 2462 1363 Μωσέως
2479 1300 2665 1370 νόμου,
2689 1302 2782 1352 καὶ
2803 1299 2910 1352 τῶν
2949 1302 3064 1371 μετ’
3081 1302 3240 1353 αὑτὸν
3269 1303 3582 1374 προφητῶν.
3613 1304 3740 1356 Ἑπε
3751 1322 3798 1356 ι-

2221 1392 2284 1460 δὴ
2311 1392 2419 1464 γὰρ
2446 1395 2556 1455 τοῖς
2595 1392 3039 1462 τεθεσπισμένοις
3075 1392 3143 1445 τὰ
3175 1392 3286 1446 τῶν
3315 1394 3798 1466 συμπερασμάτων

2223 1485 2392 1550 ἔλιπε,
2427 1485 2497 1538 τά
2527 1503 2586 1538 τε
2627 1486 2736 1539 τῶν
2776 1485 2945 1554 λόγων
2975 1485 3408 1556 ἀποτελέσματα,
3451 1489 3588 1558 χρῆν
3619 1489 3798 1559 δήπου

2222 1580 2314 1632 καὶ
2354 1579 2556 1632 τούτων
2600 1579 2779 1633 αὐτῶν
2825 1579 3112 1650 πληρωτὴν
3155 1580 3313 1634 αὐτὸν
3341 1579 3609 1648 γενέσθαι.
3644 1579 3794 1645 υἷον,

2221 1669 2295 1732 ὼς
2317 1669 2408 1722 ἐπὶ
2436 1669 2892 1741 παραδείγματος,
2921 1671 2953 1739 ὴ
2979 1670 3078 1739 μὲν
3123 1669 3274 1741 παρά
3295 1671 3482 1723 Μωσεῖ
3501 1688 3632 1742 φησι
3659 1687 3800 1744 προ-

2221 1761 2430 1832 φητεία·
2471 1781 2488 1812 ι
2528 1763 2818 1833 Προφήτην
2857 1763 2983 1833 ὑμῖν
3027 1763 3320 1834 ἀναστήσει
3363 1763 3563 1835 Κύριος
3599 1767 3628 1818 ὁ
3661 1763 3800 1828 Θεὸς

548 1867 694 1916 mus,
722 1861 977 1924 tanquam
1009 1870 1102 1908 eas
1125 1870 1246 1924 quae
1304 1855 1686 1924 praedictiones
1740 1855 1808 1909 de
1843 1855 2001 1910 nobis
2041 1855 2122 1909 fa-

2225 1853 2397 1924 ύμῶν,
2427 1854 2500 1916 ὡς
2527 1854 2646 1924 ἐμέο
2675 1853 2836 1908 αὑτοῦ
2873 1854 3166 1908 ἀκούσεσθε
3193 1855 3335 1910 κατά
3370 1857 3568 1919 πάντα,
3599 1859 3702 1910 ὅσα
3729 1857 3798 1911 ἂν

548 1955 666 2000 ctas
697 1947 1145 2017 complectantur.
1180 1946 1447 2001 Catterum
1479 1948 1595 2018 ipso
1627 1947 1876 2002 Salvator
1899 1955 1952 2001 et
1979 1963 2120 2017 prte-

549 2047 738 2106 ceptor
769 2046 975 2102 noster,
1008 2038 1114 2092 alia
1142 2054 1360 2108 quoque
1383 2039 1595 2094 ratione
1641 2037 1998 2107 complevisse
2053 2039 2125 2093 le-

467 2133 473 2138 '
549 2143 668 2198 gem
696 2127 861 2185 Mosis
893 2139 946 2184 et
976 2130 1360 2200 prephetarum
1395 2129 1486 2199 qui
1513 2138 1634 2200 post
1663 2129 1864 2184 Mosem
1885 2129 2120 2197 fuerunt,

550 2221 884 2292 agnoscitur.
926 2221 1194 2286 Quoniam
1225 2220 1366 2274 enim
1395 2220 1462 2274 iis
1494 2235 1613 2290 qua:
1642 2219 1905 2274 divinitus
1929 2219 2124 2288 pradiv-

549 2323 636 2367 cta
657 2313 1399 2374 l'uerant,consummationes
1419 2313 1663 2374 deerant,
1694 2321 1748 2366 et
1769 2313 2120 2366 oraculorum

547 2411 742 2459 eventa
765 2403 1219 2458 desiderabantur
1246 2421 1260 2468 ;
1297 2401 1554 2454 nimirum
1586 2403 1702 2471 ipsa
1726 2417 1944 2471 quoque
2008 2401 2120 2454 haec

549 2496 620 2550 ab
642 2496 830 2551 eodem
861 2495 1120 2565 compleri
1155 2494 1412 2563 oportuit.
1452 2493 1694 2563 Exempli
1726 2494 1897 2562 gratia
1931 2509 1946 2545 ι
1977 2491 2122 2562 apud

549 2588 753 2643 Mosetn
783 2597 866 2643 est
899 2589 1180 2658 prophetia
1213 2603 1332 2656 qua:
1366 2587 1446 2640 sic
1478 2586 1553 2640 ait
1588 2605 1599 2639 :
1635 2605 1652 2636 ε
1692 2585 2016 2655 Prophetam
2038 2600 2123 2638 vo-

549 2681 636 2734 bis
657 2681 944 2735 suscitabit
968 2680 1228 2735 Dominus
1265 2679 1409 2734 Deus
1445 2687 1646 2742 vester,
1697 2685 1955 2746 tanquam
2013 2692 2119 2739 me,

551 2776 700 2828 illum
726 2774 958 2828 audietis
983 2775 1038 2826 in
1091 2775 1347 2830 omnibus
1398 2787 1737 2842 quaecunque
1781 2772 1976 2826 dixerit
2026 2787 2122 2824 vo-

550 2866 636 2920 bis
668 2866 708 2919 ³.
748 2885 767 2917 ›
802 2863 916 2918 Hoc
953 2865 1118 2934 igitur
1173 2879 1296 2918 cum
1353 2865 1588 2924 deesset,
1651 2865 1742 2918 ille
1807 2863 2118 2931 complevit,

550 2959 686 3010 alter
709 2957 958 3011 videlicet
989 2966 1111 3026 post
1135 2957 1338 3011 Mosem
1373 2957 1552 3026 legum
1573 2964 1786 3022 auctor,
1820 2957 1910 3026 qui
1939 2971 2119 3010 veram

549 3047 804 3116 pietatem
846 3047 899 3100 in
943 3047 1112 3101 Deum
1155 3047 1420 3110 universi,
1473 3047 1787 3102 hominibus
1837 3048 2115 3102 indicavit.

547 3141 707 3211 Quod
753 3145 898 3198 enim
947 3142 1126 3198 Moses
1170 3159 1279 3197 non
1329 3141 1650 3212 simpliciter
1705 3143 1848 3196 dicat
1891 3143 2122 3214 prophe-

2225 1947 2352 2018 εἴπῃ
2379 1948 2505 2016 ύμῖν
2536 1950 2564 2000 6
2591 1949 2874 2019 προφήτης
2907 1951 3128 2011 ἐκεῖνος.
3161 1968 3179 2000 ι
3221 1949 3390 2002 Τοῦτο
3421 1950 3484 2020 δὴ
3517 1949 3576 2002 τὸ
3611 1950 3800 2004 λεῖπον

2224 2036 2557 2108 ἀπεπλήρου,
2581 2037 2830 2110 δεύτερος
2845 2038 2987 2092 κατά
3039 2039 3242 2092 Μωσέα
3263 2040 3556 2112 νομοθέτης
3585 2043 3800 2110 ἀναφα-
3821 2031 3838 2042 ’

2223 2129 2334 2190 vel;
2362 2128 2661 2200 ἀνθρώπων
2689 2129 2788 2200 τῆς
2820 2129 3052 2200 ἀληθοῦς
3083 2130 3360 2193 εὐσεϐείας
3393 2131 3484 2184 τοῦ
3518 2132 3624 2184 τῶν
3656 2132 3798 2186 ὅλων

2224 2218 2378 2273 Θεοῦ.
2409 2219 2480 2271 Τὸ
2501 2219 2608 2290 γὰρ
2645 2221 2718 2290 μὴ
2775 2221 2960 2284 ἁπλῶς
2999 2222 3225 2290 φάσκειν
3271 2222 3474 2276 Μωσέα
3507 2225 3796 2295 προφήτην

2225 2311 2640 2380 ἀναστήσεσθαι,
2671 2311 2802 2364 ἀλλά
2835 2311 2972 2382 μετά
3003 2313 3321 2384 προσθήκης
3355 2314 3473 2384 τῆς,
3506 2313 3581 2376 ὡς
3632 2313 3800 2371 αὐτὸν

2227 2403 2272 2468 (ι
2309 2403 2593 2472 προφήτην
2641 2401 2748 2472 γὰρ
2793 2403 2918 2472 ὑμῖν
2959 2404 3273 2474 ἀναστήσει,
3318 2405 3513 2474 φησὶν,
3543 2405 3798 2476 Κύριοςδ

2223 2489 2353 2553 Θεὸς
2391 2492 2563 2562 ὑμῶν,
2600 2493 2674 2556 ὼς
2717 2494 2836 2563 ἐμέ·
2879 2495 3041 2547 αὑτοῦ
3092 2495 3388 2548 ἀκούσεσθε
3427 2496 3571 2567 ι),τί
3609 2497 3800 2565 ἕτερον

2224 2584 2410 2654 ἐδήλου
2430 2625 2444 2648 ,
2481 2586 2513 2655 ἦ
2542 2586 2621 2637 δτι
2649 2585 2796 2655 αὐτῷ
2846 2588 3034 2640 Maiae?
3063 2587 3442 2658 παρισωμένος
3469 2603 3552 2650 τις
3573 2586 3797 2658 ἔμελλεν

2223 2677 2250 2727 ὁ
2281 2675 2818 2749 θεσπιζόμενος(4¹”)
2848 2695 2862 2742 ;
2887 2679 3092 2748 Μωσῆς
3124 2679 3179 2732 δὲ
3199 2679 3490 2750 νομοθέτης
3515 2680 3798 2744 εὐσεϐείας

2221 2764 2289 2838 ἦν
2333 2769 2425 2820 τοῦ
2470 2769 2562 2822 ἐπὶ
2610 2769 2826 2822 πάντων
2875 2771 3030 2822 Θεοῦ.
3075 2771 3282 2825 Οὐκοῦν
3331 2772 3426 2824 καὶ
3465 2773 3552 2826 τὸν
3577 2789 3797 2844 προφη-

2223 2861 2531 2930 τευόμενον,
2556 2863 2726 2932 ὅσπερ
2748 2861 2969 2932 ἔμελλεν
2993 2864 3176 2932 ὅμοιος
3229 2862 3552 2934 γενήσεσθαι
3581 2866 3794 2928 Μῶα-εἰ,

2223 2952 2517 3023 νομοθέτην
2581 2953 2771 3024 ἐκείνῳ
2834 2953 3210 3024 παραπλήσιον
3277 2953 3436 3022 φῦναι
3497 2953 3642 3016 εἰκὸς
3703 2950 3796 3024 ἦν.

2222 3045 2446 3116 Μυρίων
2492 3042 2622 3112 γοῦν
2669 3044 2809 3114 μετά
2855 3044 3026 3096 ταῦτα
3071 3044 3361 3115 προφητῶν
3397 3045 3532 3114 μετά
3589 3045 3802 3099 Μωσέα

2223 3137 2558 3205 γεγονότων,
2628 3137 2799 3194 οὐδεὶς
2855 3137 3038 3206 ὅμοιος
3101 3138 3290 3188 Μωσεί
3351 3135 3794 3208 μεμαρτύρηται·

550 3245 656 3289 tam
689 3243 1084 3298 surrecturum,
1122 3233 1218 3289 sed
1269 3249 1392 3288 cum
1439 3233 1734 3292 additione.
1779 3243 2036 3303 tanquam
2067 3250 2124 3290 se

2227 3229 2426 3292 πάντες
2470 3229 2578 3300 γὰρ
2629 3230 2708 3292 είς
2737 3231 2939 3282 ἐκεῖνον
2984 3229 3298 3298 ἀνέπεμπον
3344 3231 3466 3292 τοὺς
3511 3227 3802 3299 ἀκροωμέ-

550 3337 596 3394 (ι
631 3325 945 3396 prophetam
969 3325 1138 3388 enim,
1156 3326 1351 3394 inquit,
1377 3325 1531 3379 vobis
1555 3324 1840 3380 suscitabit
1863 3323 2122 3380 Dominus

549 3419 694 3475 Deus
713 3431 888 3474 vester
905 3428 1164 3488 tanquam
1185 3433 1292 3482 me,
1312 3419 1460 3472 illum
1480 3417 1712 3472 audietis
1736 3417 1804 3484 ι),
1829 3417 1957 3486 quid
1978 3417 2124 3470 aliud

549 3511 778 3582 intelligi
812 3511 946 3574 vult,
979 3511 1086 3565 nisi
1113 3525 1235 3564 eum
1267 3509 1360 3578 qui
1417 3508 1804 3578 praedicerelur
1852 3507 1950 3578 ipsi
1987 3507 2124 3563 Mosi

549 3603 889 3675 adaquatum
935 3617 1057 3656 esse
1113 3601 1438 3654 venturum?
1489 3599 1666 3655 Moses
1699 3605 1878 3653 autem
1925 3599 2118 3669 legem,

549 3703 614 3748 ut
652 3709 901 3750 summus
932 3692 1079 3748 Deus
1109 3693 1398 3754 coleretur,
1428 3701 1706 3761 posuerat.
1735 3692 1874 3762 Ergo
1899 3692 2124 3761 prophe-

489 3849 492 3854 ,
549 3802 658 3844 tam
696 3789 842 3843 hunc
892 3788 958 3842 de
1008 3803 1118 3856 quo
1155 3787 1412 3839 vaticinia
1476 3785 1746 3846 feruntur,
1790 3785 1932 3855 quod
1986 3785 2120 3839 Mosi

551 3881 746 3935 similis
778 3879 997 3934 futurus
1025 3877 1348 3948 esset,legis
1380 3884 1654 3932 auctorem
1679 3878 1754 3931 illi
1786 3879 2016 3932 similem
2036 3895 2121 3932 cx—

552 3972 759 4026 stitisse
787 3985 885 4040 par
908 3977 1012 4024 est.
1039 3969 1108 4020 At
1134 3969 1276 4022 enim
1293 3969 1542 4037 quamvis
1561 3969 1984 4023 innumerabiles
2000 3977 2120 4038 post

551 4062 752 4116 Mosem
769 4061 1042 4131 prophetia
1053 4059 1380 4120 exstiterint,
1397 4058 1461 4112 de
1479 4059 1627 4113 nullo
1648 4067 1823 4112 tamen
1851 4059 1953 4112 tale
1971 4061 2122 4112 testi-

549 4151 793 4206 monium
817 4152 1087 4220 prolatum
1110 4161 1214 4213 est,
1246 4148 1390 4218 quod
1423 4149 1556 4203 Mosi
1593 4149 1788 4204 similis
1827 4150 2112 4205 exstiterit.

551 4243 657 4312 27
675 4241 868 4296 Cuncti
900 4241 1044 4294 enim
1076 4239 1142 4292 ad
1179 4239 1329 4292 illum
1359 4239 1506 4307 ipsos
1533 4240 2122 4296 remittebantaudien-

552 4345 656 4388 tes.
689 4331 754 4386 lit
781 4349 912 4388 sane
945 4333 1122 4402 ipsum
1165 4332 1268 4385 hoc
1307 4331 1632 4386 testiﬁcatur
1668 4331 1971 4402 Scriptura,
2011 4351 2118 4388 non

555 4429 858 4482 surrexisse
888 4426 1204 4497 prophetam
1262 4423 1396 4477 Mosi
1442 4425 1696 4479 similem.
1737 4423 1923 4494 Neque
1959 4427 2122 4496 igitur

552 4519 838 4583 Jeremias,
875 4535 1051 4588 neque
1093 4517 1280 4578 Isaias,
1319 4533 1496 4585 neque
1524 4517 1664 4570 alius
1692 4517 1962 4586 quispiam
1993 4533 2119 4587 pro-

555 4612 840 4680 phetarum
882 4611 960 4664 illi
995 4611 1190 4666 similis
1225 4611 1412 4670 fuerit,
1441 4617 1725 4680 pr0pterea
1759 4609 1902 4677 quod
1945 4625 2010 4663 ne
2045 4611 2115 4663 le-

555 4718 680 4772 gum
710 4702 924 4772 quidem
956 4711 1146 4756 auctor
1187 4701 1288 4756 fuit
1321 4703 1536 4756 illorum
1587 4703 1806 4770 aliquis.
1836 4701 1970 4755 Cum
1993 4717 2122 4771 ergo

557 4809 622 4846 ex
646 4791 904 4845 vaticinio
937 4791 1122 4854 Mosis,
1157 4793 1420 4860 propheta
1455 4799 1508 4846 et
1539 4791 1816 4861 legislator
1847 4793 2125 4845 suscitan-

557 4885 660 4940 dus
681 4877 1110 4954 exspectaretur,
1136 4883 1357 4937 advenit
1393 4883 1482 4938 hic
1514 4883 1695 4942 Jesus.
1732 4885 1822 4952 qu=
1867 4884 2122 4938 Christus

558 4983 642 5031 est
681 4975 798 5041 Dei,
833 4975 1004 5044 legem
1030 4975 1244 5028 cunctis
1262 4981 1516 5048 gentibus
1537 4991 1772 5046 ponens,
1803 4983 1854 5028 et
1883 4989 2002 5045 qua:
2032 4993 2126 5030 su-

559 5077 746 5138 perent
777 5067 948 5136 ipsam
973 5067 1144 5136 legem
1177 5075 1540 5135 pertractans.
1589 5066 1724 5120 Illud
1755 5069 1895 5122 enim
1929 5089 1942 5122 -.
1983 5085 2000 5117 ‹
2033 5067 2125 5120 Di-

561 5167 706 5212 ctum
734 5167 816 5212 est
838 5159 1097 5227 antiquis.
1129 5173 1234 5210 non
1257 5159 1768 5228 mmchaberis;ego
1787 5167 1964 5211 autem
2001 5159 2126 5212 dico

560 5249 716 5302 vobis
759 5263 865 5301 non
915 5247 1310 5318 concupiscere
1351 5245 1390 5312 ⁸;
1437 5271 1454 5302 ι
1511 5257 1572 5300 et
1635 5247 1764 5300 illud
1807 5268 1818 5302 :
1863 5269 1878 5296 ι
1919 5249 2129 5304 Dictum

562 5349 645 5394 est
694 5341 954 5410 antiquis,
1021 5355 1128 5394 non
1193 5341 1444 5404 occides;
1491 5355 1590 5408 ego
1645 5349 1823 5394 autem
1876 5341 2000 5395 dico
2035 5357 2128 5396 vo—

561 5432 668 5492 bis,
725 5447 792 5486 ne
847 5433 1006 5485 irasci
1069 5431 1288 5500 quidem
1343 5433 1382 5494 ⁶;
1434 5451 1452 5482 ι
1515 5441 1570 5488 et
1597 5431 1728 5486 illud
1768 5451 1826 5486 ει
1870 5431 1984 5486 Νοη
2021 5449 2130 5485 am-

565 5525 706 5593 plius
738 5522 1148 5593 Hierosolymis,
1197 5527 1288 5581 sed
1335 5527 1388 5578 in
1430 5527 1576 5578 omni
1619 5526 1738 5578 loco
1783 5523 1999 5578 adorari
2022 5528 2061 5584 ⁶³;
2109 5544 2127 5574 ι

574 5623 632 5668 et
666 5614 818 5678 illud,
849 5630 957 5668 non
989 5616 1147 5669 thure
1195 5624 1248 5670 et
1296 5617 1598 5680 sacriﬁciis,
1639 5635 1656 5666 ι
1695 5616 1788 5670 sed
1823 5615 1876 5669 in
1907 5617 2122 5684 spiritu,

635 5709 656 5738 ³
685 5705 843 5762 Deut.
881 5723 1048 5768 xvm,
1097 5707 1182 5760 ib".
1259 5713 1280 5737 ⁵
1315 5707 1496 5770 Matth,
1531 5725 1581 5771 v,
1619 5707 1805 5762 27-28.

1883 5709 1904 5740 ⁸
1935 5705 2069 5761 Ibid.
2105 5699 2290 5762 2l-22.

2229 3335 2370 3382 νους.
2411 3321 2693 3391 Μαρτυρεῖ
2739 3319 2784 3372 δ’
2817 3315 2909 3372 οὖν
2933 3322 2966 3390 ή
3011 3319 3221 3390 Γραφὴ,
3267 3321 3347 3372 ὅτι
3376 3321 3474 3372 οὐκ
3503 3320 3800 3391 ἐγήγερται

2225 3412 2506 3483 προφήτης
2537 3412 2719 3482 ὅμοιος
2749 3411 2990 3474 Μωσέως
3024 3427 3036 3441 ’
3073 3411 3194 3465 οὔτε
3227 3407 3318 3464 οὖν
3360 3411 3644 3482 Ἱερεμίας,
3673 3409 3800 3463 οὕτε

2237 3497 2479 3566 Ἡσαΐας,
2513 3503 2635 3555 οὔτε
2669 3521 2750 3566 τις
2773 3503 2956 3574 ἕτερος
2983 3503 3090 3556 τῶν
3125 3505 3416 3575 προφητῶν
3447 3505 3629 3574 ὅμοιος
3649 3503 3804 3574 αὐτῷ

2224 3595 2289 3648 ἂν
2321 3595 2428 3666 εἴη,
2479 3595 2662 3666 ἐπειδὴ
2713 3595 2844 3666 μηδὲ
2897 3591 2978 3658 εἷς
3025 3595 3227 3648 τούτων
3261 3595 3555 3666 νομοθέτης
3611 3596 3806 3649 ἀναδέ-

2221 3686 2446 3739 δεικται.
2496 3686 2952 3758 Προσδοκωμένου
3033 3685 3206 3739 τοίνυν
3253 3684 3347 3738 τοῦ
3411 3685 3549 3738 κατά
3593 3686 3802 3748 Μωσέα

2227 3779 2506 3848 μέλλοντος
2541 3777 2934 3850 ἀναστήσεσθαι
2969 3779 3243 3848 προφήτου
3273 3794 3332 3829 τε
3356 3777 3450 3830 καὶ
3485 3777 3798 3846 νομοθέτου,

2224 3873 2402 3942 παρῆν
2434 3865 2587 3934 οὗτος
2628 3871 2832 3941 Ἰησοῦς
2861 3873 2887 3923 ὀ
2913 3870 3144 3941 Χριστὸς
3175 3867 3268 3922 τοῦ
3297 3862 3471 3934 Θεοῦ,
3497 3870 3800 3942 νομοθετῶν

2226 3965 2356 4016 πᾶσι
2378 3966 2488 4026 τοῖς
2507 3963 2702 4026 ἔθνεσι,
2717 3965 2810 4015 καὶ
2825 3962 2890 4014 τὰ
2907 3963 3044 4033 ὑπὲρ
3057 3962 3218 4032 νόμον
3233 3962 3706 4033 διαπραττόμενος.
3726 3963 3802 4014 Τὸ

2221 4056 2350 4128 ’γόιρ⁹
2387 4074 2404 4104 ί
2455 4053 2677 4124 Ἐλέχθη
2707 4057 2818 4116 τοῖς
2845 4053 3108 4124 ἀρχαίοις·
3141 4053 3212 4105 Οὐ
3246 4053 3548 4123 μοιχεύσεις
3567 4069 3580 4082 ·
3607 4051 3716 4120 ἐγὼ
3742 4053 3802 4106 δὲ

2220 4148 2361 4216 λέγω
2423 4148 2567 4218 ὑμῖν,
2629 4146 2761 4216 μηδὲ
2819 4145 3124 4216 ὲπιθυμεῖνο
3169 4165 3186 4196 r
3227 4147 3318 4198 καὶ
3369 4146 3459 4198 τό·
3487 4165 3504 4196 ‹
3575 4145 3798 4218 Ἐλέχθη

2220 4245 2332 4304 τοῖς
2365 4241 2629 4312 ἀρχαίοις,
2661 4241 2735 4292 Οὐ
2763 4238 3070 4306 φονεύσεις·
3113 4237 3224 4306 ἐγὼ
3256 4238 3311 4290 δὲ
3341 4238 3483 4305 λέγω
3509 4239 3634 4308 ὑμῖν
3663 4240 3801 4308 μηδὲ

2221 4333 2568 4404 ὀργίζεσθαι·
2607 4333 2700 4384 καὶ
2730 4330 2790 4383 τὸ
2819 4331 3014 4401 μηκέτι
3055 4333 3111 4383 ἐν
3154 4331 3558 4403 Ἰεροσολύμοις,
3595 4332 3707 4386 ἀλλ’
3740 4335 3799 4384 ἐν

2223 4427 2384 4478 παντὶ
2413 4427 2560 4495 τύπῳ
2589 4426 2909 4495 προσκυνεῖν
2927 4441 2939 4452 ·
2967 4425 3058 4476 καὶ
3089 4424 3148 4476 τὸ
3178 4425 3250 4495 μὴ
3275 4425 3555 4494 λιϐανωτῷ
3582 4425 3673 4478 καί⁵
3703 4425 3800 4478 θυ-

2225 4520 2386 4581 σίαις,
2415 4537 2432 4568 ι
2455 4519 2511 4569 ὲν
2539 4518 2807 4586 πνεύματι
2833 4516 2892 4568 δὲ
2911 4519 3003 4569 καὶ
3023 4517 3250 4588 ἀληθείᾳ
3283 4536 3300 4566 ι
3323 4516 3641 4587 θρησκεύειν
3659 4535 3672 4549 ο
3705 4521 3803 4574 καὶ

2224 4614 2324 4664 ὅσα
2351 4610 2570 4664 τοιαῦτα
2598 4613 2654 4663 ὲν
2683 4614 2747 4680 τῇ
2784 4609 2944 4662 αὐτοῦ
2981 4609 3200 4679 φέρεται
3232 4608 3566 4682 διδασκαλίᾳ,
3599 4614 3802 4665 πανσό-

2229 4721 2328 4773 φου
2361 4699 2426 4774 ἦν
2456 4701 2712 4772 ἄντικρυς
2741 4703 2832 4754 καὶ
2868 4701 3202 4754 τελειοτάτου
3237 4701 3545 4768 νομοθέτου.
3581 4704 3672 4756 Διὸ
3702 4707 3802 4759 καὶ

2226 4797 2275 4848 οἱ
2303 4793 2637 4865 ἀκροώμενοι
2672 4813 2688 4844 ‹
2714 4793 3112 4863 ἐξεπλήττοντο,
3149 4811 3166 4842 ι
3193 4794 3354 4862 φησὶν
3381 4797 3412 4864 ή
3443 4795 3559 4848 θεία
3585 4795 3798 4866 Γραφὴ,

2234 4906 2250 4934 ¢
2291 4887 2370 4937 ὅτι
2401 4885 2672 4937 ἐδίδασκεν
2703 4884 2882 4946 αὐτοῖς
2925 4883 2999 4946 ὡς
3029 4883 3274 4949 ἐξουσίαν
3309 4885 3463 4955 ἔχων,
3493 4886 3584 4938 καὶ
3599 4887 3695 4955 οὐχ
3721 4887 3802 4949 ὡς

2229 4979 2276 5028 οἱ
2306 4977 2648 5044 γραμματεῖς
2687 4973 2864 5028 αὐτῶν
2895 4974 2986 5026 καὶ
3014 4977 3060 5026 οἱ
3104 4976 3402 5046 Φαρισαῖοι.
3447 4996 3464 5027 ι
3499 4977 3606 5030 Καὶ
3640 4977 3802 5031 τοῦτο

2228 5065 2402 5117 τοίνυν
2433 5066 2492 5116 τὸ
2517 5065 2726 5128 λεῖπονῖ
2753 5068 2816 5135 τῇ
2873 5066 3113 5129 Μωσέως
3149 5067 3452 5138 προφητεία
3490 5068 3666 5137 λόγιον
3694 5072 3802 5122 ἀπ-

2229 5155 2494 5228 επλήρου·
2525 5157 2781 5219 ὡσαύτως
2807 5157 2862 5208 δὲ
2882 5159 2972 5208 καὶ
3012 5157 3080 5208 τὰ
3113 5157 3272 5210 λοιπά
3304 5159 3410 5210 τῶν
3455 5162 3799 5231 προφητειῶν

2229 5247 2335 5299 τῶν
2365 5249 2488 5318 περὶ
2537 5247 2722 5306 αὐτοῦ,
2765 5249 2856 5300 καὶ
2901 5249 3028 5320 περὶ
3069 5249 3166 5318 τῆς
3191 5249 3295 5302 τῶν
3343 5249 3510 5304 ἐθνῶν
3557 5251 3802 5322 κλήσεως

2231 5340 2591 5411 θεσπίσματα.
2627 5341 2816 5408 Γέγονε
2851 5341 3024 5394 τοίνυν
3054 5342 3338 5414 πληρωτὴς
3373 5343 3463 5396 τοῦ
3511 5343 3671 5414 νόμου
3705 5347 3800 5398 καὶ

2233 5433 2340 5488 τῶν
2373 5433 2686 5506 προφητῶν,
2719 5435 2818 5498 τὰς
2850 5435 2975 5506 περὶ
3009 5436 3198 5488 ἑαυτοῦ
3232 5441 3565 5510 προρρήσεις
3595 5441 3672 5500 είς
3697 5439 3798 5490 πέο

2236 5543 2334 5597 ρας
2365 5525 2583 5595 ἀγαγών
2604 5541 2616 5554 ⁸
2661 5527 2754 5579 καὶ
2787 5526 2945 5596 μέχρι
2982 5527 3076 5596 μὲν
3103 5527 3265 5581 αὐτοῦ
3309 5532 3508 5598 στήσας
3539 5529 3628 5582 τὸν
3663 5529 3762 5598 πρέ
3785 5559 3798 5568 -

2232 5635 2386 5690 τερον
2419 5619 2598 5688 νόμον,
2623 5619 2862 5690 ἀρχηγὸς
2891 5618 2944 5672 δὲ
2976 5621 3263 5688 ἀναφανεὶς
3291 5620 3538 5692 δευτέρου
3567 5619 3660 5674 τοῦ
3687 5621 3800 5684 τοῖς

2370 5711 2388 5741 ⁸
2419 5709 2576 5764 ,ιο;ιη.
2615 5726 2686 5774 tv,
2715 5712 2804 5764 21.

634 5801 776 5874 (Lm)
809 5801 1107 5857 Desiderari
1159 5801 1370 5860 videtur
1397 5799 1552 5867 εἶναι,
1583 5807 1661 5858 Vel
1700 5800 2034 5858 ἐλεύσεσθπο
2065 5801 2246 5859 Em”
