  <div class='ocr_page' id='page_1' title='image "/cluster/home/n/w/nwhite01/storage/ocr_20150623/22/hvd.32044020605168/044.png"; bbox 0 0 4018 6522; ppageno 0'>
   <div class='ocr_carea' id='block_1_1' title="bbox 201 395 3455 471">
    <p class='ocr_par' dir='ltr' id='par_1_1' title="bbox 201 395 3455 471">
     <span class='ocr_line' id='line_1_1' title="bbox 201 395 3455 471; baseline 0.007 -22"><span class='ocrx_word' id='word_1_1' title='bbox 201 395 267 449; x_wconf 80' lang='lat'><strong>75</strong></span> <span class='ocrx_word' id='word_1_2' title='bbox 1123 396 1780 459; x_wconf 68' lang='lat' dir='ltr'><strong>DEMONSTBATIONIS</strong></span> <span class='ocrx_word' id='word_1_3' title='bbox 1816 398 2278 462; x_wconf 65' lang='lat' dir='ltr'><strong>EVANGELIC/E</strong></span> <span class='ocrx_word' id='word_1_4' title='bbox 2317 403 2448 462; x_wconf 86' lang='lat' dir='ltr'><strong>LIB.</strong></span> <span class='ocrx_word' id='word_1_5' title='bbox 2491 405 2532 462; x_wconf 90' lang='grc'><strong>1.</strong></span> <span class='ocrx_word' id='word_1_6' title='bbox 3392 419 3455 471; x_wconf 74' lang='grc' dir='ltr'><strong><em>Ἠ</em></strong></span> 
     </span>
    </p>
   </div>
   <div class='ocr_carea' id='block_1_2' title="bbox 194 490 1763 573">
    <p class='ocr_par' dir='ltr' id='par_1_2' title="bbox 194 490 1763 573">
     <span class='ocr_line' id='line_1_2' title="bbox 194 490 1763 573; baseline 0.008 -30"><span class='ocrx_word' id='word_1_7' title='bbox 194 494 360 545; x_wconf 80' lang='grc' dir='ltr'>πᾶσιν</span> <span class='ocrx_word' id='word_1_8' title='bbox 394 492 576 547; x_wconf 78' lang='grc' dir='ltr'>ἔθνεσι</span> <span class='ocrx_word' id='word_1_9' title='bbox 636 490 1077 568; x_wconf 79' lang='grc' dir='ltr'>κατηγγελμένου</span> <span class='ocrx_word' id='word_1_10' title='bbox 1129 498 1229 568; x_wconf 80' lang='grc' dir='ltr'><strong>τῆς</strong></span> <span class='ocrx_word' id='word_1_11' title='bbox 1257 499 1469 570; x_wconf 76' lang='grc' dir='ltr'>Καινῆς</span> <span class='ocrx_word' id='word_1_12' title='bbox 1507 501 1763 573; x_wconf 75' lang='grc' dir='ltr'>Διαθήκης</span> 
     </span>
    </p>
   </div>
   <div class='ocr_carea' id='block_1_3' title="bbox 1865 490 2763 573">
    <p class='ocr_par' dir='ltr' id='par_1_3' title="bbox 1881 502 2763 558">
     <span class='ocr_line' id='line_1_3' title="bbox 1881 502 2763 558; baseline 0.003 -3"><span class='ocrx_word' id='word_1_13' title='bbox 1881 508 1936 556; x_wconf 91' lang='lat' dir='ltr'><strong>et</strong></span> <span class='ocrx_word' id='word_1_14' title='bbox 1985 503 2211 557; x_wconf 86' lang='lat' dir='ltr'><strong>veritate</strong></span> <span class='ocrx_word' id='word_1_15' title='bbox 2263 502 2430 556; x_wconf 90' lang='lat' dir='ltr'><strong>Deum</strong></span> <span class='ocrx_word' id='word_1_16' title='bbox 2489 504 2763 558; x_wconf 82' lang='lat' dir='ltr'><strong>colere&quot;:</strong></span> 
     </span>
    </p>
   </div>
   <div class='ocr_carea' id='block_1_4' title="bbox 191 583 1777 662">
    <p class='ocr_par' dir='ltr' id='par_1_4' title="bbox 191 583 1777 662">
     <span class='ocr_line' id='line_1_4' title="bbox 191 583 1777 662; baseline 0.008 -26"><span class='ocrx_word' id='word_1_17' title='bbox 191 583 379 652; x_wconf 65' lang='grc' dir='ltr'>νόμον,</span> <span class='ocrx_word' id='word_1_18' title='bbox 409 585 495 647; x_wconf 80' lang='grc' dir='ltr'>ὡς</span> <span class='ocrx_word' id='word_1_19' title='bbox 525 586 658 655; x_wconf 82' lang='grc' dir='ltr'>ὁμοῦ</span> <span class='ocrx_word' id='word_1_20' title='bbox 703 588 866 658; x_wconf 84' lang='grc' dir='ltr'>νόμου</span> <span class='ocrx_word' id='word_1_21' title='bbox 897 590 990 641; x_wconf 71' lang='grc' dir='ltr'>καὶ</span> <span class='ocrx_word' id='word_1_22' title='bbox 1023 591 1199 660; x_wconf 75' lang='grc' dir='ltr'>ἀρχῆς</span> <span class='ocrx_word' id='word_1_23' title='bbox 1228 593 1397 644; x_wconf 79' lang='grc' dir='ltr'>αἴτιον</span> <span class='ocrx_word' id='word_1_24' title='bbox 1441 594 1777 662; x_wconf 77' lang='grc' dir='ltr'>καταστῆναι</span> 
     </span>
    </p>
   </div>
   <div class='ocr_carea' id='block_1_5' title="bbox 188 674 1778 754">
    <p class='ocr_par' dir='ltr' id='par_1_5' title="bbox 188 674 1778 754">
     <span class='ocr_line' id='line_1_5' title="bbox 188 674 1778 754; baseline 0.006 -27"><span class='ocrx_word' id='word_1_25' title='bbox 188 674 293 728; x_wconf 80' lang='grc' dir='ltr'>τῶν</span> <span class='ocrx_word' id='word_1_26' title='bbox 334 675 491 729; x_wconf 87' lang='grc' dir='ltr'>δυεῖν</span> <span class='ocrx_word' id='word_1_27' title='bbox 535 678 864 742; x_wconf 82' lang='grc' dir='ltr'>ὑποθέσεων,</span> <span class='ocrx_word' id='word_1_28' title='bbox 924 680 1256 751; x_wconf 80' lang='grc' dir='ltr'>Ἰουδαϊσμοῦ</span> <span class='ocrx_word' id='word_1_29' title='bbox 1308 683 1451 750; x_wconf 83' lang='grc' dir='ltr'>λέγω</span> <span class='ocrx_word' id='word_1_30' title='bbox 1499 683 1594 736; x_wconf 74' lang='grc' dir='ltr'><strong>καὶ</strong></span> <span class='ocrx_word' id='word_1_31' title='bbox 1646 685 1778 754; x_wconf 83' lang='grc' dir='ltr'>Χρι-</span> 
     </span>
    </p>
   </div>
   <div class='ocr_carea' id='block_1_6' title="bbox 188 769 1776 848">
    <p class='ocr_par' dir='ltr' id='par_1_6' title="bbox 188 769 1776 848">
     <span class='ocr_line' id='line_1_6' title="bbox 188 769 1776 848; baseline 0.007 -29"><span class='ocrx_word' id='word_1_32' title='bbox 188 769 537 840; x_wconf 85' lang='grc' dir='ltr'>στιανισμοῦ.</span> <span class='ocrx_word' id='word_1_33' title='bbox 578 773 644 824; x_wconf 85' lang='grc' dir='ltr'><strong>’Ὀ</strong></span> <span class='ocrx_word' id='word_1_34' title='bbox 675 773 768 824; x_wconf 78' lang='grc' dir='ltr'><strong>καὶ</strong></span> <span class='ocrx_word' id='word_1_35' title='bbox 802 771 932 825; x_wconf 76' lang='grc' dir='ltr'>αὐτὸ</span> <span class='ocrx_word' id='word_1_36' title='bbox 965 774 1263 844; x_wconf 78' lang='grc' dir='ltr'><strong>θαυμάζειν</strong></span> <span class='ocrx_word' id='word_1_37' title='bbox 1292 775 1460 841; x_wconf 78' lang='grc' dir='ltr'>ἀξιον,</span> <span class='ocrx_word' id='word_1_38' title='bbox 1500 777 1597 848; x_wconf 77' lang='grc' dir='ltr'><strong>τὴν</strong></span> <span class='ocrx_word' id='word_1_39' title='bbox 1627 776 1776 830; x_wconf 80' lang='grc' dir='ltr'>Θείαν</span> 
     </span>
    </p>
   </div>
   <div class='ocr_carea' id='block_1_7' title="bbox 145 857 1774 941">
    <p class='ocr_par' dir='ltr' id='par_1_7' title="bbox 145 857 1774 941">
     <span class='ocr_line' id='line_1_7' title="bbox 145 857 1774 941; baseline 0.005 -28"><span class='ocrx_word' id='word_1_40' title='bbox 145 925 152 938; x_wconf 29' lang='grc' dir='ltr'>ι</span> <span class='ocrx_word' id='word_1_41' title='bbox 184 861 498 932; x_wconf 67' lang='grc' dir='ltr'>πρόρᾐησιν</span> <span class='ocrx_word' id='word_1_42' title='bbox 527 857 631 917; x_wconf 76' lang='grc' dir='ltr'><strong>ὦδέ</strong></span> <span class='ocrx_word' id='word_1_43' title='bbox 671 882 786 928; x_wconf 86' lang='grc' dir='ltr'><strong>πως</strong></span> <span class='ocrx_word' id='word_1_44' title='bbox 815 867 1192 934; x_wconf 68' lang='grc' dir='ltr'>ἀναφανοῦσαν</span> <span class='ocrx_word' id='word_1_45' title='bbox 1215 886 1229 898; x_wconf 75' lang='grc' dir='ltr'><strong>ο</strong></span> <span class='ocrx_word' id='word_1_46' title='bbox 1275 888 1293 920; x_wconf 80' lang='grc' dir='ltr'><strong>ι</strong></span> <span class='ocrx_word' id='word_1_47' title='bbox 1343 869 1472 923; x_wconf 81' lang='grc' dir='ltr'>Ἰδοὺ</span> <span class='ocrx_word' id='word_1_48' title='bbox 1501 870 1688 941; x_wconf 86' lang='grc' dir='ltr'>τίθημι</span> <span class='ocrx_word' id='word_1_49' title='bbox 1719 873 1774 921; x_wconf 85' lang='grc' dir='ltr'>ὲν</span> 
     </span>
    </p>
   </div>
   <div class='ocr_carea' id='block_1_8' title="bbox 182 953 1774 1031">
    <p class='ocr_par' dir='ltr' id='par_1_8' title="bbox 182 953 1774 1031">
     <span class='ocr_line' id='line_1_8' title="bbox 182 953 1774 1031; baseline 0.006 -26"><span class='ocrx_word' id='word_1_50' title='bbox 182 953 320 1006; x_wconf 81' lang='grc' dir='ltr'>Σιὼν</span> <span class='ocrx_word' id='word_1_51' title='bbox 367 956 525 1008; x_wconf 68' lang='grc' dir='ltr'>ἓΙθον</span> <span class='ocrx_word' id='word_1_52' title='bbox 572 957 846 1021; x_wconf 69' lang='grc' dir='ltr'>ἐκλεκτὸν,</span> <span class='ocrx_word' id='word_1_53' title='bbox 877 959 1290 1030; x_wconf 86' lang='grc' dir='ltr'>ἀκρογωνιαῖον,</span> <span class='ocrx_word' id='word_1_54' title='bbox 1339 961 1585 1031; x_wconf 80' lang='grc' dir='ltr'>ἔντιμον·</span> <span class='ocrx_word' id='word_1_55' title='bbox 1623 964 1714 1015; x_wconf 71' lang='grc' dir='ltr'><strong>καὶ</strong></span> <span class='ocrx_word' id='word_1_56' title='bbox 1745 961 1774 1015; x_wconf 89' lang='lat'><strong>6</strong></span> 
     </span>
    </p>
   </div>
   <div class='ocr_carea' id='block_1_9' title="bbox 183 1045 1775 1124">
    <p class='ocr_par' dir='ltr' id='par_1_9' title="bbox 183 1045 1775 1124">
     <span class='ocr_line' id='line_1_9' title="bbox 183 1045 1775 1124; baseline 0.007 -27"><span class='ocrx_word' id='word_1_57' title='bbox 183 1045 462 1100; x_wconf 65' lang='grc' dir='ltr'>πισπνᾶων</span> <span class='ocrx_word' id='word_1_58' title='bbox 492 1049 577 1110; x_wconf 82' lang='grc' dir='ltr'><strong>είς</strong></span> <span class='ocrx_word' id='word_1_59' title='bbox 604 1049 765 1102; x_wconf 79' lang='grc' dir='ltr'>αὑτὸν</span> <span class='ocrx_word' id='word_1_60' title='bbox 790 1053 850 1103; x_wconf 81' lang='grc' dir='ltr'><strong>οὐ</strong></span> <span class='ocrx_word' id='word_1_61' title='bbox 881 1053 1424 1124; x_wconf 67' lang='grc' dir='ltr'><strong>καταισχυνθήσεται.</strong></span> <span class='ocrx_word' id='word_1_62' title='bbox 1461 1074 1482 1105; x_wconf 80' lang='grc'>›</span> <span class='ocrx_word' id='word_1_63' title='bbox 1512 1055 1606 1118; x_wconf 86' lang='grc' dir='ltr'>Τίς</span> <span class='ocrx_word' id='word_1_64' title='bbox 1634 1055 1678 1108; x_wconf 75' lang='grc' dir='ltr'>δ’</span> <span class='ocrx_word' id='word_1_65' title='bbox 1711 1054 1775 1108; x_wconf 88' lang='grc' dir='ltr'><strong>ἂν</strong></span> 
     </span>
    </p>
   </div>
   <div class='ocr_carea' id='block_1_10' title="bbox 181 1141 1776 1220">
    <p class='ocr_par' dir='ltr' id='par_1_10' title="bbox 181 1141 1776 1220">
     <span class='ocr_line' id='line_1_10' title="bbox 181 1141 1776 1220; baseline 0.005 -26"><span class='ocrx_word' id='word_1_66' title='bbox 181 1141 260 1212; x_wconf 67' lang='grc' dir='ltr'>εἴη</span> <span class='ocrx_word' id='word_1_67' title='bbox 303 1144 730 1212; x_wconf 82' lang='grc' dir='ltr'>ἀκρογωνιαῖος.</span> <span class='ocrx_word' id='word_1_68' title='bbox 777 1146 809 1215; x_wconf 85' lang='grc' dir='ltr'>ἢ</span> <span class='ocrx_word' id='word_1_69' title='bbox 862 1142 1014 1210; x_wconf 72' lang='grc' dir='ltr'>οὗτος</span> <span class='ocrx_word' id='word_1_70' title='bbox 1057 1150 1086 1200; x_wconf 90' lang='lat'><strong>6</strong></span> <span class='ocrx_word' id='word_1_71' title='bbox 1120 1148 1227 1212; x_wconf 80' lang='grc' dir='ltr'><strong>ζῶν</strong></span> <span class='ocrx_word' id='word_1_72' title='bbox 1274 1147 1366 1203; x_wconf 74' lang='grc' dir='ltr'><strong>καὶ</strong></span> <span class='ocrx_word' id='word_1_73' title='bbox 1413 1150 1776 1220; x_wconf 73' lang='grc' dir='ltr'><strong>πολυτίμητος</strong></span> 
     </span>
    </p>
   </div>
   <div class='ocr_carea' id='block_1_11' title="bbox 182 1230 1774 1312">
    <p class='ocr_par' dir='ltr' id='par_1_11' title="bbox 182 1230 1774 1312">
     <span class='ocr_line' id='line_1_11' title="bbox 182 1230 1774 1312; baseline 0.008 -30"><span class='ocrx_word' id='word_1_74' title='bbox 182 1230 319 1294; x_wconf 86' lang='grc' dir='ltr'>λίθος</span> <span class='ocrx_word' id='word_1_75' title='bbox 379 1233 520 1303; x_wconf 84' lang='grc' dir='ltr'>μίαν</span> <span class='ocrx_word' id='word_1_76' title='bbox 549 1236 616 1287; x_wconf 87' lang='grc' dir='ltr'>ὲκ</span> <span class='ocrx_word' id='word_1_77' title='bbox 662 1235 806 1288; x_wconf 85' lang='grc' dir='ltr'>δυεῖν</span> <span class='ocrx_word' id='word_1_78' title='bbox 844 1239 1160 1309; x_wconf 84' lang='grc' dir='ltr'>οἰκοδομῶν,</span> <span class='ocrx_word' id='word_1_79' title='bbox 1209 1235 1652 1312; x_wconf 80' lang='grc' dir='ltr'>ὖποστησάμενος</span> <span class='ocrx_word' id='word_1_80' title='bbox 1688 1241 1774 1294; x_wconf 72' lang='grc' dir='ltr'><strong>διὰ</strong></span> 
     </span>
    </p>
   </div>
   <div class='ocr_carea' id='block_1_12' title="bbox 182 1323 1775 1404">
    <p class='ocr_par' dir='ltr' id='par_1_12' title="bbox 182 1323 1775 1404">
     <span class='ocr_line' id='line_1_12' title="bbox 182 1323 1775 1404; baseline 0.008 -30"><span class='ocrx_word' id='word_1_81' title='bbox 182 1323 274 1390; x_wconf 73' lang='grc' dir='ltr'>τῆς</span> <span class='ocrx_word' id='word_1_82' title='bbox 325 1325 509 1377; x_wconf 77' lang='grc' dir='ltr'>αὐτοῦ</span> <span class='ocrx_word' id='word_1_83' title='bbox 559 1326 935 1390; x_wconf 87' lang='grc' dir='ltr'>διδασκαλίας;</span> <span class='ocrx_word' id='word_1_84' title='bbox 967 1329 1064 1400; x_wconf 80' lang='grc' dir='ltr'>τὴν</span> <span class='ocrx_word' id='word_1_85' title='bbox 1108 1331 1214 1402; x_wconf 73' lang='grc' dir='ltr'>γὰρ</span> <span class='ocrx_word' id='word_1_86' title='bbox 1257 1332 1535 1396; x_wconf 81' lang='grc' dir='ltr'>Μωῡσέως</span> <span class='ocrx_word' id='word_1_87' title='bbox 1583 1334 1775 1404; x_wconf 80' lang='grc' dir='ltr'>μέχρις</span> 
     </span>
    </p>
   </div>
   <div class='ocr_carea' id='block_1_13' title="bbox 181 1417 1773 1498">
    <p class='ocr_par' dir='ltr' id='par_1_13' title="bbox 181 1417 1773 1498">
     <span class='ocr_line' id='line_1_13' title="bbox 181 1417 1773 1498; baseline 0.007 -29"><span class='ocrx_word' id='word_1_88' title='bbox 181 1417 338 1469; x_wconf 65' lang='grc' dir='ltr'>αὐτοῦ</span> <span class='ocrx_word' id='word_1_89' title='bbox 370 1421 792 1490; x_wconf 83' lang='grc' dir='ltr'>παραταθεῖσαν</span> <span class='ocrx_word' id='word_1_90' title='bbox 823 1425 1047 1492; x_wconf 75' lang='grc' dir='ltr'>στήσας,</span> <span class='ocrx_word' id='word_1_91' title='bbox 1084 1426 1148 1477; x_wconf 85' lang='grc' dir='ltr'>ἐκ</span> <span class='ocrx_word' id='word_1_92' title='bbox 1181 1425 1407 1495; x_wconf 84' lang='grc' dir='ltr'>θατέρου</span> <span class='ocrx_word' id='word_1_93' title='bbox 1447 1426 1642 1496; x_wconf 77' lang='grc' dir='ltr'>μέρους</span> <span class='ocrx_word' id='word_1_94' title='bbox 1678 1428 1773 1498; x_wconf 71' lang='grc' dir='ltr'><strong>’ὴν</strong></span> 
     </span>
    </p>
   </div>
   <div class='ocr_carea' id='block_1_14' title="bbox 181 1508 1774 1585">
    <p class='ocr_par' dir='ltr' id='par_1_14' title="bbox 181 1508 1774 1585">
     <span class='ocr_line' id='line_1_14' title="bbox 181 1508 1774 1585; baseline 0.009 -27"><span class='ocrx_word' id='word_1_95' title='bbox 181 1508 458 1575; x_wconf 61' lang='grc' dir='ltr'>ἡμετέραν</span> <span class='ocrx_word' id='word_1_96' title='bbox 497 1513 798 1581; x_wconf 72' lang='grc' dir='ltr'>ἐπισυνῆψε</span> <span class='ocrx_word' id='word_1_97' title='bbox 831 1515 930 1584; x_wconf 77' lang='grc' dir='ltr'>τὴν</span> <span class='ocrx_word' id='word_1_98' title='bbox 964 1515 1106 1568; x_wconf 80' lang='grc' dir='ltr'>κατὰ</span> <span class='ocrx_word' id='word_1_99' title='bbox 1151 1516 1210 1568; x_wconf 79' lang='grc' dir='ltr'><strong>τὸ</strong></span> <span class='ocrx_word' id='word_1_100' title='bbox 1259 1518 1587 1585; x_wconf 77' lang='grc' dir='ltr'>Εὑαγγέλιον</span> <span class='ocrx_word' id='word_1_101' title='bbox 1625 1521 1774 1572; x_wconf 82' lang='grc' dir='ltr'>οἱκο-</span> 
     </span>
    </p>
   </div>
   <div class='ocr_carea' id='block_1_15' title="bbox 178 1596 1774 1677">
    <p class='ocr_par' dir='ltr' id='par_1_15' title="bbox 178 1596 1774 1677">
     <span class='ocr_line' id='line_1_15' title="bbox 178 1596 1774 1677; baseline 0.009 -30"><span class='ocrx_word' id='word_1_102' title='bbox 178 1596 360 1668; x_wconf 71' lang='grc' dir='ltr'>δομήν.</span> <span class='ocrx_word' id='word_1_103' title='bbox 406 1600 580 1654; x_wconf 82' lang='grc' dir='ltr'>Ὅθεν</span> <span class='ocrx_word' id='word_1_104' title='bbox 639 1604 862 1668; x_wconf 67' lang='grc' dir='ltr'>εἰκότως</span> <span class='ocrx_word' id='word_1_105' title='bbox 889 1606 1278 1677; x_wconf 83' lang='grc' dir='ltr'>ἀκρογωνιαῐος</span> <span class='ocrx_word' id='word_1_106' title='bbox 1296 1606 1628 1677; x_wconf 82' lang='grc' dir='ltr'>ὠνόμασται.</span> <span class='ocrx_word' id='word_1_107' title='bbox 1668 1611 1774 1662; x_wconf 78' lang='grc' dir='ltr'>Καὶ</span> 
     </span>
    </p>
   </div>
   <div class='ocr_carea' id='block_1_16' title="bbox 179 1693 1773 1770">
    <p class='ocr_par' dir='ltr' id='par_1_16' title="bbox 179 1693 1773 1770">
     <span class='ocr_line' id='line_1_16' title="bbox 179 1693 1773 1770; baseline 0.005 -25"><span class='ocrx_word' id='word_1_108' title='bbox 179 1695 230 1745; x_wconf 79' lang='grc' dir='ltr'>ἐν</span> <span class='ocrx_word' id='word_1_109' title='bbox 258 1693 529 1764; x_wconf 67' lang='grc' dir='ltr'>Ψαλμοῖς</span> <span class='ocrx_word' id='word_1_110' title='bbox 557 1695 618 1748; x_wconf 76' lang='grc' dir='ltr'><strong>δὲ</strong></span> <span class='ocrx_word' id='word_1_111' title='bbox 651 1697 864 1768; x_wconf 76' lang='grc' dir='ltr'>εἴρηται</span> <span class='ocrx_word' id='word_1_112' title='bbox 887 1715 900 1727; x_wconf 89' lang='grc'><strong>·</strong></span> <span class='ocrx_word' id='word_1_113' title='bbox 945 1717 962 1747; x_wconf 79' lang='grc' dir='ltr'><strong>ι</strong></span> <span class='ocrx_word' id='word_1_114' title='bbox 999 1698 1158 1751; x_wconf 81' lang='grc' dir='ltr'>Λίθον</span> <span class='ocrx_word' id='word_1_115' title='bbox 1197 1698 1256 1751; x_wconf 86' lang='grc' dir='ltr'>ὃν</span> <span class='ocrx_word' id='word_1_116' title='bbox 1281 1700 1690 1770; x_wconf 81' lang='grc' dir='ltr'>ἀπεδοκίμασαν</span> <span class='ocrx_word' id='word_1_117' title='bbox 1724 1702 1773 1753; x_wconf 84' lang='grc' dir='ltr'>οἱ</span> 
     </span>
    </p>
   </div>
   <div class='ocr_carea' id='block_1_17' title="bbox 178 1782 1774 1861">
    <p class='ocr_par' dir='ltr' id='par_1_17' title="bbox 178 1782 1774 1861">
     <span class='ocr_line' id='line_1_17' title="bbox 178 1782 1774 1861; baseline 0.006 -27"><span class='ocrx_word' id='word_1_118' title='bbox 178 1783 612 1853; x_wconf 66' lang='grc' dir='ltr'>οἰκοδομοῦντες,</span> <span class='ocrx_word' id='word_1_119' title='bbox 629 1782 780 1848; x_wconf 71' lang='grc' dir='ltr'>οὗτος</span> <span class='ocrx_word' id='word_1_120' title='bbox 796 1787 1022 1859; x_wconf 79' lang='grc' dir='ltr'>ἐγενήθη</span> <span class='ocrx_word' id='word_1_121' title='bbox 1039 1789 1118 1850; x_wconf 83' lang='grc' dir='ltr'><strong>εἰς</strong></span> <span class='ocrx_word' id='word_1_122' title='bbox 1134 1788 1372 1858; x_wconf 79' lang='grc' dir='ltr'>κεφαλὴν</span> <span class='ocrx_word' id='word_1_123' title='bbox 1388 1791 1605 1857; x_wconf 76' lang='grc' dir='ltr'>γωνίας·</span> <span class='ocrx_word' id='word_1_124' title='bbox 1625 1791 1774 1861; x_wconf 74' lang='grc' dir='ltr'>παρὰ</span> 
     </span>
    </p>
   </div>
   <div class='ocr_carea' id='block_1_18' title="bbox 2799 504 3460 581">
    <p class='ocr_par' dir='ltr' id='par_1_18' title="bbox 2799 504 3460 581">
     <span class='ocr_line' id='line_1_18' title="bbox 2799 504 3460 581; baseline 0.008 -26"><span class='ocrx_word' id='word_1_125' title='bbox 2799 523 2822 555; x_wconf 71' lang='grc' dir='ltr'>-ι</span> <span class='ocrx_word' id='word_1_126' title='bbox 2861 512 2914 560; x_wconf 85' lang='lat' dir='ltr'><strong>et</strong></span> <span class='ocrx_word' id='word_1_127' title='bbox 2965 504 3068 560; x_wconf 86' lang='lat' dir='ltr'><strong>alia</strong></span> <span class='ocrx_word' id='word_1_128' title='bbox 3114 521 3460 581; x_wconf 74' lang='lat' dir='ltr'><strong>quzecnnque</strong></span> 
     </span>
    </p>
   </div>
   <div class='ocr_carea' id='block_1_19' title="bbox 1878 593 3455 668">
    <p class='ocr_par' dir='ltr' id='par_1_19' title="bbox 1878 593 3455 668">
     <span class='ocr_line' id='line_1_19' title="bbox 1878 593 3455 668; baseline 0.004 -22"><span class='ocrx_word' id='word_1_129' title='bbox 1878 593 1964 648; x_wconf 87' lang='lat' dir='ltr'><strong>his</strong></span> <span class='ocrx_word' id='word_1_130' title='bbox 1997 595 2268 648; x_wconf 86' lang='lat' dir='ltr'><strong>similiain</strong></span> <span class='ocrx_word' id='word_1_131' title='bbox 2302 596 2449 649; x_wconf 90' lang='lat' dir='ltr'><strong>illius</strong></span> <span class='ocrx_word' id='word_1_132' title='bbox 2472 596 2717 650; x_wconf 87' lang='lat' dir='ltr'><strong>doctrina</strong></span> <span class='ocrx_word' id='word_1_133' title='bbox 2741 597 3014 661; x_wconf 79' lang='lat' dir='ltr'><strong>feruntur,</strong></span> <span class='ocrx_word' id='word_1_134' title='bbox 3057 600 3455 668; x_wconf 73' lang='lat' dir='ltr'><strong>sapientissimi</strong></span> 
     </span>
    </p>
   </div>
   <div class='ocr_carea' id='block_1_20' title="bbox 1878 685 3456 759">
    <p class='ocr_par' dir='ltr' id='par_1_20' title="bbox 1878 685 3456 759">
     <span class='ocr_line' id='line_1_20' title="bbox 1878 685 3456 759; baseline 0.005 -21"><span class='ocrx_word' id='word_1_135' title='bbox 1878 685 2036 755; x_wconf 88' lang='lat' dir='ltr'><strong>plane</strong></span> <span class='ocrx_word' id='word_1_136' title='bbox 2066 687 2306 750; x_wconf 80' lang='lat' dir='ltr'><strong>fuerunt,</strong></span> <span class='ocrx_word' id='word_1_137' title='bbox 2331 695 2386 741; x_wconf 90' lang='lat' dir='ltr'><strong>et</strong></span> <span class='ocrx_word' id='word_1_138' title='bbox 2410 687 2797 756; x_wconf 71' lang='lat' dir='ltr'><strong>perfectissimi</strong></span> <span class='ocrx_word' id='word_1_139' title='bbox 2833 691 3007 759; x_wconf 86' lang='lat' dir='ltr'><strong>legum</strong></span> <span class='ocrx_word' id='word_1_140' title='bbox 3039 694 3303 746; x_wconf 84' lang='lat' dir='ltr'><strong>auctoris.</strong></span> <span class='ocrx_word' id='word_1_141' title='bbox 3335 711 3353 742; x_wconf 77' lang='grc' dir='ltr'><strong>ι</strong></span> <span class='ocrx_word' id='word_1_142' title='bbox 3380 692 3456 746; x_wconf 77' lang='lat' dir='ltr'><strong>Ex</strong></span> 
     </span>
    </p>
   </div>
   <div class='ocr_carea' id='block_1_21' title="bbox 1876 775 3457 852">
    <p class='ocr_par' dir='ltr' id='par_1_21' title="bbox 1876 775 3457 852">
     <span class='ocr_line' id='line_1_21' title="bbox 1876 775 3457 852; baseline 0.004 -22"><span class='ocrx_word' id='word_1_143' title='bbox 1876 791 1986 845; x_wconf 87' lang='lat' dir='ltr'><strong>quo</strong></span> <span class='ocrx_word' id='word_1_144' title='bbox 2015 775 2216 830; x_wconf 82' lang='lat' dir='ltr'><strong>factum</strong></span> <span class='ocrx_word' id='word_1_145' title='bbox 2233 785 2411 843; x_wconf 88' lang='lat' dir='ltr'><strong>est,ut</strong></span> <span class='ocrx_word' id='word_1_146' title='bbox 2440 779 2725 834; x_wconf 82' lang='lat' dir='ltr'><strong>audientes</strong></span> <span class='ocrx_word' id='word_1_147' title='bbox 2770 790 3172 850; x_wconf 80' lang='lat' dir='ltr'><strong>stupescerent,</strong></span> <span class='ocrx_word' id='word_1_148' title='bbox 3209 802 3227 834; x_wconf 78' lang='grc' dir='ltr'><strong>ι</strong></span> <span class='ocrx_word' id='word_1_149' title='bbox 3260 799 3457 852; x_wconf 87' lang='lat' dir='ltr'><strong>quem-</strong></span> 
     </span>
    </p>
   </div>
   <div class='ocr_carea' id='block_1_22' title="bbox 1877 867 3460 946">
    <p class='ocr_par' dir='ltr' id='par_1_22' title="bbox 1877 867 3460 946">
     <span class='ocr_line' id='line_1_22' title="bbox 1877 867 3460 946; baseline 0.006 -27"><span class='ocrx_word' id='word_1_150' title='bbox 1877 867 2168 922; x_wconf 83' lang='lat' dir='ltr'><strong>admodum</strong></span> <span class='ocrx_word' id='word_1_151' title='bbox 2222 868 2502 938; x_wconf 83' lang='lat' dir='ltr'><strong>Scriptura</strong></span> <span class='ocrx_word' id='word_1_152' title='bbox 2535 870 2715 924; x_wconf 85' lang='lat' dir='ltr'><strong>divina</strong></span> <span class='ocrx_word' id='word_1_153' title='bbox 2750 885 3140 928; x_wconf 90' lang='lat' dir='ltr'><strong>commemorat</strong></span> <span class='ocrx_word' id='word_1_154' title='bbox 3187 875 3230 941; x_wconf 82' lang='grc'>⁸;</span> <span class='ocrx_word' id='word_1_155' title='bbox 3269 894 3288 927; x_wconf 76' lang='grc' dir='ltr'><strong>ι</strong></span> <span class='ocrx_word' id='word_1_156' title='bbox 3331 892 3460 946; x_wconf 71' lang='grc' dir='ltr'>ρτιισ</span> 
     </span>
    </p>
   </div>
   <div class='ocr_carea' id='block_1_23' title="bbox 1877 960 3455 1034">
    <p class='ocr_par' dir='ltr' id='par_1_23' title="bbox 1877 960 3455 1034">
     <span class='ocr_line' id='line_1_23' title="bbox 1877 960 3455 1034; baseline 0.006 -24"><span class='ocrx_word' id='word_1_157' title='bbox 1877 965 2062 1028; x_wconf 90' lang='lat' dir='ltr'><strong>pterea</strong></span> <span class='ocrx_word' id='word_1_158' title='bbox 2094 960 2239 1029; x_wconf 89' lang='lat' dir='ltr'><strong>quod</strong></span> <span class='ocrx_word' id='word_1_159' title='bbox 2287 961 2518 1014; x_wconf 80' lang='lat' dir='ltr'><strong>docebat</strong></span> <span class='ocrx_word' id='word_1_160' title='bbox 2554 977 2648 1016; x_wconf 86' lang='lat' dir='ltr'><strong>eos</strong></span> <span class='ocrx_word' id='word_1_161' title='bbox 2694 973 2947 1033; x_wconf 88' lang='lat' dir='ltr'><strong>tanquam</strong></span> <span class='ocrx_word' id='word_1_162' title='bbox 2981 974 3302 1034; x_wconf 85' lang='lat' dir='ltr'><strong>potestatem</strong></span> <span class='ocrx_word' id='word_1_163' title='bbox 3359 968 3455 1020; x_wconf 88' lang='lat' dir='ltr'><strong>ha—</strong></span> 
     </span>
    </p>
   </div>
   <div class='ocr_carea' id='block_1_24' title="bbox 1877 1049 3451 1113">
    <p class='ocr_par' dir='ltr' id='par_1_24' title="bbox 1877 1049 3451 1113">
     <span class='ocr_line' id='line_1_24' title="bbox 1877 1049 3451 1113; baseline 0.008 -13"><span class='ocrx_word' id='word_1_164' title='bbox 1877 1049 2032 1112; x_wconf 86' lang='lat' dir='ltr'><strong>bens,</strong></span> <span class='ocrx_word' id='word_1_165' title='bbox 2055 1057 2107 1103; x_wconf 93' lang='lat' dir='ltr'><strong>et</strong></span> <span class='ocrx_word' id='word_1_166' title='bbox 2141 1065 2252 1102; x_wconf 89' lang='lat' dir='ltr'><strong>non</strong></span> <span class='ocrx_word' id='word_1_167' title='bbox 2285 1058 2344 1103; x_wconf 89' lang='lat' dir='ltr'><strong>ut</strong></span> <span class='ocrx_word' id='word_1_168' title='bbox 2372 1049 2577 1104; x_wconf 68' lang='lat' dir='ltr'><strong>Scribae</strong></span> <span class='ocrx_word' id='word_1_169' title='bbox 2612 1052 2825 1105; x_wconf 90' lang='lat' dir='ltr'><strong>illorum</strong></span> <span class='ocrx_word' id='word_1_170' title='bbox 2857 1060 2911 1107; x_wconf 90' lang='lat' dir='ltr'><strong>et</strong></span> <span class='ocrx_word' id='word_1_171' title='bbox 2953 1052 3236 1111; x_wconf 63' lang='lat' dir='ltr'><strong>Pharisaei.</strong></span> <span class='ocrx_word' id='word_1_172' title='bbox 3272 1075 3292 1110; x_wconf 72' lang='grc' dir='ltr'><strong>ι</strong></span> <span class='ocrx_word' id='word_1_173' title='bbox 3335 1054 3451 1113; x_wconf 82' lang='lat' dir='ltr'><strong>Hoc</strong></span> 
     </span>
    </p>
   </div>
   <div class='ocr_carea' id='block_1_25' title="bbox 1876 1137 3447 1218">
    <p class='ocr_par' dir='ltr' id='par_1_25' title="bbox 1876 1137 3447 1218">
     <span class='ocr_line' id='line_1_25' title="bbox 1876 1137 3447 1218; baseline 0.007 -27"><span class='ocrx_word' id='word_1_174' title='bbox 1876 1137 2046 1208; x_wconf 78' lang='lat' dir='ltr'><strong>igitur</strong></span> <span class='ocrx_word' id='word_1_175' title='bbox 2079 1141 2205 1194; x_wconf 88' lang='lat' dir='ltr'><strong>item</strong></span> <span class='ocrx_word' id='word_1_176' title='bbox 2252 1143 2544 1211; x_wconf 80' lang='lat' dir='ltr'><strong>complevit</strong></span> <span class='ocrx_word' id='word_1_177' title='bbox 2585 1144 2889 1204; x_wconf 89' lang='lat' dir='ltr'><strong>oraculum,</strong></span> <span class='ocrx_word' id='word_1_178' title='bbox 2924 1146 3069 1213; x_wconf 90' lang='lat' dir='ltr'><strong>quod</strong></span> <span class='ocrx_word' id='word_1_179' title='bbox 3111 1146 3275 1203; x_wconf 83' lang='lat' dir='ltr'><strong>Musis</strong></span> <span class='ocrx_word' id='word_1_180' title='bbox 3322 1164 3447 1218; x_wconf 83' lang='lat' dir='ltr'><strong>pro—</strong></span> 
     </span>
    </p>
   </div>
   <div class='ocr_carea' id='block_1_26' title="bbox 1876 1231 3430 1304">
    <p class='ocr_par' dir='ltr' id='par_1_26' title="bbox 1876 1231 3430 1304">
     <span class='ocr_line' id='line_1_26' title="bbox 1876 1231 3430 1304; baseline 0.007 -22"><span class='ocrx_word' id='word_1_181' title='bbox 1876 1231 2075 1298; x_wconf 76' lang='lat' dir='ltr'><strong>phetia:</strong></span> <span class='ocrx_word' id='word_1_182' title='bbox 2105 1232 2290 1286; x_wconf 83' lang='lat' dir='ltr'><strong>deerat</strong></span> <span class='ocrx_word' id='word_1_183' title='bbox 2322 1251 2334 1286; x_wconf 94' lang='lat'>:</span> <span class='ocrx_word' id='word_1_184' title='bbox 2369 1233 2558 1287; x_wconf 88' lang='lat' dir='ltr'><strong>eadem</strong></span> <span class='ocrx_word' id='word_1_185' title='bbox 2609 1249 2774 1304; x_wconf 89' lang='lat' dir='ltr'><strong>porro</strong></span> <span class='ocrx_word' id='word_1_186' title='bbox 2820 1235 3034 1290; x_wconf 88' lang='lat' dir='ltr'><strong>ratione</strong></span> <span class='ocrx_word' id='word_1_187' title='bbox 3080 1246 3273 1292; x_wconf 72' lang='lat' dir='ltr'><strong>Caetera</strong></span> <span class='ocrx_word' id='word_1_188' title='bbox 3308 1241 3430 1293; x_wconf 83' lang='lat' dir='ltr'><strong>iten.</strong></span> 
     </span>
    </p>
   </div>
   <div class='ocr_carea' id='block_1_27' title="bbox 1881 1323 3445 1395">
    <p class='ocr_par' dir='ltr' id='par_1_27' title="bbox 1881 1323 3445 1395">
     <span class='ocr_line' id='line_1_27' title="bbox 1881 1323 3445 1395; baseline 0.006 -21"><span class='ocrx_word' id='word_1_189' title='bbox 1881 1323 2452 1394; x_wconf 76' lang='lat' dir='ltr'><strong>prophetiaruni,qu:e</strong></span> <span class='ocrx_word' id='word_1_190' title='bbox 2499 1325 2567 1380; x_wconf 86' lang='lat' dir='ltr'><strong>de</strong></span> <span class='ocrx_word' id='word_1_191' title='bbox 2606 1327 2724 1394; x_wconf 91' lang='lat' dir='ltr'><strong>ipso</strong></span> <span class='ocrx_word' id='word_1_192' title='bbox 2757 1334 2811 1380; x_wconf 87' lang='lat' dir='ltr'><strong>et</strong></span> <span class='ocrx_word' id='word_1_193' title='bbox 2865 1329 3104 1395; x_wconf 89' lang='lat' dir='ltr'><strong>gentium</strong></span> <span class='ocrx_word' id='word_1_194' title='bbox 3166 1332 3445 1384; x_wconf 75' lang='lat' dir='ltr'><strong>vocatione</strong></span> 
     </span>
    </p>
   </div>
   <div class='ocr_carea' id='block_1_28' title="bbox 1877 1415 3448 1491">
    <p class='ocr_par' dir='ltr' id='par_1_28' title="bbox 1877 1415 3448 1491">
     <span class='ocr_line' id='line_1_28' title="bbox 1877 1415 3448 1491; baseline 0.007 -26"><span class='ocrx_word' id='word_1_195' title='bbox 1877 1415 2078 1482; x_wconf 87' lang='lat' dir='ltr'><strong>scripta</strong></span> <span class='ocrx_word' id='word_1_196' title='bbox 2105 1423 2233 1468; x_wconf 91' lang='lat' dir='ltr'><strong>sunt</strong></span> <span class='ocrx_word' id='word_1_197' title='bbox 2257 1417 2534 1470; x_wconf 83' lang='lat' dir='ltr'><strong>vaticinia.</strong></span> <span class='ocrx_word' id='word_1_198' title='bbox 2580 1416 2813 1472; x_wconf 86' lang='lat' dir='ltr'><strong>Constat</strong></span> <span class='ocrx_word' id='word_1_199' title='bbox 2849 1435 2980 1488; x_wconf 85' lang='lat' dir='ltr'><strong>ergo</strong></span> <span class='ocrx_word' id='word_1_200' title='bbox 3024 1420 3176 1473; x_wconf 90' lang='lat' dir='ltr'><strong>illum</strong></span> <span class='ocrx_word' id='word_1_201' title='bbox 3208 1427 3448 1491; x_wconf 88' lang='lat' dir='ltr'><strong>comple-</strong></span> 
     </span>
    </p>
   </div>
   <div class='ocr_carea' id='block_1_29' title="bbox 1874 1507 3448 1582">
    <p class='ocr_par' dir='ltr' id='par_1_29' title="bbox 1874 1507 3448 1582">
     <span class='ocr_line' id='line_1_29' title="bbox 1874 1507 3448 1582; baseline 0.004 -25"><span class='ocrx_word' id='word_1_202' title='bbox 1874 1507 2018 1560; x_wconf 86' lang='lat' dir='ltr'><strong>visse</strong></span> <span class='ocrx_word' id='word_1_203' title='bbox 2039 1515 2091 1560; x_wconf 89' lang='lat' dir='ltr'><strong>et</strong></span> <span class='ocrx_word' id='word_1_204' title='bbox 2126 1507 2296 1577; x_wconf 79' lang='lat' dir='ltr'><strong>legem</strong></span> <span class='ocrx_word' id='word_1_205' title='bbox 2329 1516 2381 1561; x_wconf 88' lang='lat' dir='ltr'><strong>et</strong></span> <span class='ocrx_word' id='word_1_206' title='bbox 2406 1509 2715 1578; x_wconf 85' lang='lat' dir='ltr'><strong>prophetas,</strong></span> <span class='ocrx_word' id='word_1_207' title='bbox 2751 1511 2968 1579; x_wconf 84' lang='lat' dir='ltr'><strong>quando</strong></span> <span class='ocrx_word' id='word_1_208' title='bbox 2997 1525 3061 1566; x_wconf 88' lang='lat' dir='ltr'><strong>ea</strong></span> <span class='ocrx_word' id='word_1_209' title='bbox 3091 1528 3210 1580; x_wconf 65' lang='lat' dir='ltr'><strong>quae</strong></span> <span class='ocrx_word' id='word_1_210' title='bbox 3232 1513 3298 1567; x_wconf 92' lang='lat' dir='ltr'><strong>de</strong></span> <span class='ocrx_word' id='word_1_211' title='bbox 3329 1515 3448 1582; x_wconf 89' lang='lat' dir='ltr'><strong>ipso</strong></span> 
     </span>
    </p>
   </div>
   <div class='ocr_carea' id='block_1_30' title="bbox 1873 1596 3441 1674">
    <p class='ocr_par' dir='ltr' id='par_1_30' title="bbox 1873 1596 3441 1674">
     <span class='ocr_line' id='line_1_30' title="bbox 1873 1596 3441 1674; baseline 0.004 -26"><span class='ocrx_word' id='word_1_212' title='bbox 1873 1596 2132 1664; x_wconf 65' lang='lat' dir='ltr'><strong>praedicta</strong></span> <span class='ocrx_word' id='word_1_213' title='bbox 2159 1606 2286 1651; x_wconf 90' lang='lat' dir='ltr'><strong>sunt</strong></span> <span class='ocrx_word' id='word_1_214' title='bbox 2309 1598 2398 1664; x_wconf 87' lang='lat' dir='ltr'><strong>,ad</strong></span> <span class='ocrx_word' id='word_1_215' title='bbox 2421 1601 2622 1654; x_wconf 76' lang='lat' dir='ltr'><strong>exitum</strong></span> <span class='ocrx_word' id='word_1_216' title='bbox 2642 1601 2916 1670; x_wconf 80' lang='lat' dir='ltr'><strong>perduxit,</strong></span> <span class='ocrx_word' id='word_1_217' title='bbox 2933 1611 2986 1656; x_wconf 89' lang='lat' dir='ltr'><strong>et</strong></span> <span class='ocrx_word' id='word_1_218' title='bbox 3011 1603 3245 1671; x_wconf 88' lang='lat' dir='ltr'><strong>priorem</strong></span> <span class='ocrx_word' id='word_1_219' title='bbox 3275 1606 3441 1674; x_wconf 78' lang='lat' dir='ltr'><strong>legem</strong></span> 
     </span>
    </p>
   </div>
   <div class='ocr_carea' id='block_1_31' title="bbox 1875 1689 3446 1766">
    <p class='ocr_par' dir='ltr' id='par_1_31' title="bbox 1875 1689 3446 1766">
     <span class='ocr_line' id='line_1_31' title="bbox 1875 1689 3446 1766; baseline 0.006 -25"><span class='ocrx_word' id='word_1_220' title='bbox 1875 1703 2050 1757; x_wconf 89' lang='lat' dir='ltr'><strong>usque</strong></span> <span class='ocrx_word' id='word_1_221' title='bbox 2079 1689 2146 1743; x_wconf 87' lang='lat' dir='ltr'><strong>ad</strong></span> <span class='ocrx_word' id='word_1_222' title='bbox 2181 1691 2418 1759; x_wconf 88' lang='lat' dir='ltr'><strong>seipsum</strong></span> <span class='ocrx_word' id='word_1_223' title='bbox 2447 1702 2591 1747; x_wconf 73' lang='lat' dir='ltr'><strong>stare</strong></span> <span class='ocrx_word' id='word_1_224' title='bbox 2611 1693 2800 1760; x_wconf 85' lang='lat' dir='ltr'><strong>jussit,</strong></span> <span class='ocrx_word' id='word_1_225' title='bbox 2823 1694 2935 1748; x_wconf 81' lang='lat' dir='ltr'><strong>dux</strong></span> <span class='ocrx_word' id='word_1_226' title='bbox 2966 1709 3094 1749; x_wconf 78' lang='lat' dir='ltr'><strong>vero</strong></span> <span class='ocrx_word' id='word_1_227' title='bbox 3108 1704 3163 1749; x_wconf 85' lang='lat' dir='ltr'><strong>et</strong></span> <span class='ocrx_word' id='word_1_228' title='bbox 3192 1695 3446 1766; x_wconf 79' lang='lat' dir='ltr'><strong>princeps</strong></span> 
     </span>
    </p>
   </div>
   <div class='ocr_carea' id='block_1_32' title="bbox 1875 1780 3447 1853">
    <p class='ocr_par' dir='ltr' id='par_1_32' title="bbox 1875 1780 3447 1853">
     <span class='ocr_line' id='line_1_32' title="bbox 1875 1780 3447 1853; baseline 0.007 -22"><span class='ocrx_word' id='word_1_229' title='bbox 1875 1780 2098 1833; x_wconf 83' lang='lat' dir='ltr'><strong>alterius</strong></span> <span class='ocrx_word' id='word_1_230' title='bbox 2153 1781 2288 1852; x_wconf 81' lang='lat' dir='ltr'><strong>legis</strong></span> <span class='ocrx_word' id='word_1_231' title='bbox 2331 1785 2560 1847; x_wconf 80' lang='lat' dir='ltr'><strong>exstitit,</strong></span> <span class='ocrx_word' id='word_1_232' title='bbox 2597 1799 2718 1853; x_wconf 65' lang='lat' dir='ltr'><strong>qua:</strong></span> <span class='ocrx_word' id='word_1_233' title='bbox 2778 1787 2833 1839; x_wconf 92' lang='lat' dir='ltr'><strong>in</strong></span> <span class='ocrx_word' id='word_1_234' title='bbox 2888 1785 3039 1840; x_wconf 85' lang='lat' dir='ltr'><strong>Novo</strong></span> <span class='ocrx_word' id='word_1_235' title='bbox 3097 1785 3447 1842; x_wconf 79' lang='lat' dir='ltr'><strong>Testamento</strong></span> 
     </span>
    </p>
   </div>
   <div class='ocr_carea' id='block_1_33' title="bbox 180 1871 1763 1953">
    <p class='ocr_par' dir='ltr' id='par_1_33' title="bbox 180 1876 1763 1953">
     <span class='ocr_line' id='line_1_33' title="bbox 180 1876 1763 1953; baseline 0.006 -27"><span class='ocrx_word' id='word_1_236' title='bbox 180 1876 375 1945; x_wconf 78' lang='grc' dir='ltr'>Κυρίου</span> <span class='ocrx_word' id='word_1_237' title='bbox 407 1877 638 1944; x_wconf 77' lang='grc' dir='ltr'>ἐγένετο</span> <span class='ocrx_word' id='word_1_238' title='bbox 662 1877 821 1949; x_wconf 70' lang='grc' dir='ltr'>αὕτη,</span> <span class='ocrx_word' id='word_1_239' title='bbox 841 1879 936 1931; x_wconf 82' lang='grc' dir='ltr'><strong>καὶ</strong></span> <span class='ocrx_word' id='word_1_240' title='bbox 960 1879 1073 1932; x_wconf 78' lang='grc' dir='ltr'>ἔστι</span> <span class='ocrx_word' id='word_1_241' title='bbox 1095 1878 1380 1952; x_wconf 83' lang='grc' dir='ltr'>θαυμαστὴ</span> <span class='ocrx_word' id='word_1_242' title='bbox 1399 1885 1456 1934; x_wconf 80' lang='grc' dir='ltr'>ὲν</span> <span class='ocrx_word' id='word_1_243' title='bbox 1476 1883 1763 1953; x_wconf 69' lang='grc' dir='ltr'>ὀφθαλμοῖς</span> 
     </span>
    </p>
   </div>
   <div class='ocr_carea' id='block_1_34' title="bbox 1865 1871 3447 1953">
    <p class='ocr_par' dir='ltr' id='par_1_34' title="bbox 1872 1876 3447 1950">
     <span class='ocr_line' id='line_1_34' title="bbox 1872 1876 3447 1950; baseline 0.006 -26"><span class='ocrx_word' id='word_1_244' title='bbox 1872 1876 2086 1928; x_wconf 89' lang='lat' dir='ltr'><strong>cunctis</strong></span> <span class='ocrx_word' id='word_1_245' title='bbox 2133 1876 2389 1944; x_wconf 80' lang='lat' dir='ltr'><strong>gentibus</strong></span> <span class='ocrx_word' id='word_1_246' title='bbox 2436 1877 2756 1931; x_wconf 88' lang='lat' dir='ltr'><strong>denuntiata</strong></span> <span class='ocrx_word' id='word_1_247' title='bbox 2819 1887 2922 1943; x_wconf 87' lang='lat' dir='ltr'><strong>est,</strong></span> <span class='ocrx_word' id='word_1_248' title='bbox 2981 1889 3041 1933; x_wconf 91' lang='lat' dir='ltr'><strong>ut</strong></span> <span class='ocrx_word' id='word_1_249' title='bbox 3103 1882 3265 1934; x_wconf 86' lang='lat' dir='ltr'><strong>simul</strong></span> <span class='ocrx_word' id='word_1_250' title='bbox 3315 1881 3447 1950; x_wconf 78' lang='lat' dir='ltr'><strong>legis</strong></span> 
     </span>
    </p>
   </div>
   <div class='ocr_carea' id='block_1_35' title="bbox 181 1967 1772 2044">
    <p class='ocr_par' dir='ltr' id='par_1_35' title="bbox 181 1967 1772 2044">
     <span class='ocr_line' id='line_1_35' title="bbox 181 1967 1772 2044; baseline 0.008 -26"><span class='ocrx_word' id='word_1_251' title='bbox 181 1967 343 2035; x_wconf 73' lang='grc' dir='ltr'>ἡμῶν.</span> <span class='ocrx_word' id='word_1_252' title='bbox 379 1988 402 2020; x_wconf 70' lang='grc' dir='ltr'><strong>ι</strong></span> <span class='ocrx_word' id='word_1_253' title='bbox 445 1969 623 2022; x_wconf 80' lang='grc' dir='ltr'>Ἔνθα</span> <span class='ocrx_word' id='word_1_254' title='bbox 653 1971 840 2038; x_wconf 81' lang='grc' dir='ltr'>σαφῶς</span> <span class='ocrx_word' id='word_1_255' title='bbox 867 1971 926 2023; x_wconf 80' lang='grc' dir='ltr'><strong>τὸ</strong></span> <span class='ocrx_word' id='word_1_256' title='bbox 955 1971 1130 2040; x_wconf 81' lang='grc' dir='ltr'>λόγιον</span> <span class='ocrx_word' id='word_1_257' title='bbox 1166 1973 1258 2026; x_wconf 76' lang='grc' dir='ltr'>καὶ</span> <span class='ocrx_word' id='word_1_258' title='bbox 1289 1975 1387 2044; x_wconf 72' lang='grc' dir='ltr'>τὴν</span> <span class='ocrx_word' id='word_1_259' title='bbox 1416 1977 1480 2028; x_wconf 81' lang='grc' dir='ltr'>ἐκ</span> <span class='ocrx_word' id='word_1_260' title='bbox 1508 1976 1601 2028; x_wconf 88' lang='grc' dir='ltr'><strong>τοῦ</strong></span> <span class='ocrx_word' id='word_1_261' title='bbox 1643 1979 1772 2029; x_wconf 80' lang='grc' dir='ltr'>Ἰου-</span> 
     </span>
    </p>
   </div>
   <div class='ocr_carea' id='block_1_36' title="bbox 179 2059 1770 2139">
    <p class='ocr_par' dir='ltr' id='par_1_36' title="bbox 179 2059 1770 2139">
     <span class='ocr_line' id='line_1_36' title="bbox 179 2059 1770 2139; baseline 0.007 -28"><span class='ocrx_word' id='word_1_262' title='bbox 179 2059 331 2113; x_wconf 77' lang='grc' dir='ltr'>δαίων</span> <span class='ocrx_word' id='word_1_263' title='bbox 369 2061 574 2125; x_wconf 81' lang='grc' dir='ltr'>ἔθνους</span> <span class='ocrx_word' id='word_1_264' title='bbox 607 2063 894 2135; x_wconf 74' lang='grc' dir='ltr'>ἐπιϐουλὴν</span> <span class='ocrx_word' id='word_1_265' title='bbox 920 2065 987 2134; x_wconf 87' lang='grc' dir='ltr'>ἢν</span> <span class='ocrx_word' id='word_1_266' title='bbox 1021 2065 1286 2119; x_wconf 82' lang='grc' dir='ltr'>πέπονθεν</span> <span class='ocrx_word' id='word_1_267' title='bbox 1310 2070 1338 2120; x_wconf 97' lang='lat'><strong>6</strong></span> <span class='ocrx_word' id='word_1_268' title='bbox 1364 2066 1770 2139; x_wconf 76' lang='grc' dir='ltr'>θεσπιζόμενος,</span> 
     </span>
    </p>
   </div>
   <div class='ocr_carea' id='block_1_37' title="bbox 177 2152 1772 2233">
    <p class='ocr_par' dir='ltr' id='par_1_37' title="bbox 177 2152 1772 2233">
     <span class='ocr_line' id='line_1_37' title="bbox 177 2152 1772 2233; baseline 0.008 -30"><span class='ocrx_word' id='word_1_269' title='bbox 177 2152 546 2225; x_wconf 59' lang='grc' dir='ltr'>διεσάφησεν·</span> <span class='ocrx_word' id='word_1_270' title='bbox 595 2157 1096 2229; x_wconf 79' lang='grc' dir='ltr'>ἀποδοκιμασθῆναι</span> <span class='ocrx_word' id='word_1_271' title='bbox 1146 2157 1241 2226; x_wconf 85' lang='grc' dir='ltr'><strong>μὲν</strong></span> <span class='ocrx_word' id='word_1_272' title='bbox 1294 2159 1454 2214; x_wconf 80' lang='grc' dir='ltr'>αὑτὸν</span> <span class='ocrx_word' id='word_1_273' title='bbox 1490 2162 1623 2233; x_wconf 81' lang='grc' dir='ltr'>πρὸς</span> <span class='ocrx_word' id='word_1_274' title='bbox 1666 2164 1772 2214; x_wconf 80' lang='grc' dir='ltr'><strong>τῶν</strong></span> 
     </span>
    </p>
   </div>
   <div class='ocr_carea' id='block_1_38' title="bbox 179 2243 1770 2321">
    <p class='ocr_par' dir='ltr' id='par_1_38' title="bbox 179 2243 1770 2321">
     <span class='ocr_line' id='line_1_38' title="bbox 179 2243 1770 2321; baseline 0.007 -27"><span class='ocrx_word' id='word_1_275' title='bbox 179 2243 260 2294; x_wconf 65' lang='grc' dir='ltr'>τὶν</span> <span class='ocrx_word' id='word_1_276' title='bbox 291 2246 537 2298; x_wconf 74' lang='grc' dir='ltr'>παλαιὸν</span> <span class='ocrx_word' id='word_1_277' title='bbox 567 2249 747 2317; x_wconf 82' lang='grc' dir='ltr'>τοῖχον</span> <span class='ocrx_word' id='word_1_278' title='bbox 773 2248 1194 2319; x_wconf 78' lang='grc' dir='ltr'>οἰκοδομοῦντων</span> <span class='ocrx_word' id='word_1_279' title='bbox 1216 2252 1587 2321; x_wconf 79' lang='grc' dir='ltr'>γραμματέων</span> <span class='ocrx_word' id='word_1_280' title='bbox 1614 2252 1770 2305; x_wconf 77' lang='grc' dir='ltr'>τινῶν</span> 
     </span>
    </p>
   </div>
   <div class='ocr_carea' id='block_1_39' title="bbox 178 2336 1771 2413">
    <p class='ocr_par' dir='ltr' id='par_1_39' title="bbox 178 2336 1771 2413">
     <span class='ocr_line' id='line_1_39' title="bbox 178 2336 1771 2413; baseline 0.006 -26"><span class='ocrx_word' id='word_1_281' title='bbox 178 2336 262 2387; x_wconf 58' lang='grc' dir='ltr'><strong>καὶ⁵</strong></span> <span class='ocrx_word' id='word_1_282' title='bbox 288 2337 638 2407; x_wconf 77' lang='grc' dir='ltr'>Φαρισαίων,</span> <span class='ocrx_word' id='word_1_283' title='bbox 669 2339 969 2410; x_wconf 75' lang='grc' dir='ltr'>ἀρχιερέων</span> <span class='ocrx_word' id='word_1_284' title='bbox 1012 2359 1070 2394; x_wconf 88' lang='grc' dir='ltr'><strong>τε</strong></span> <span class='ocrx_word' id='word_1_285' title='bbox 1104 2343 1196 2396; x_wconf 77' lang='grc' dir='ltr'><strong>καὶ</strong></span> <span class='ocrx_word' id='word_1_286' title='bbox 1236 2343 1454 2396; x_wconf 82' lang='grc' dir='ltr'>πάντων</span> <span class='ocrx_word' id='word_1_287' title='bbox 1487 2344 1592 2397; x_wconf 79' lang='grc' dir='ltr'><strong>τῶν</strong></span> <span class='ocrx_word' id='word_1_288' title='bbox 1625 2343 1771 2413; x_wconf 76' lang='grc' dir='ltr'>παρὰ</span> 
     </span>
    </p>
   </div>
   <div class='ocr_carea' id='block_1_40' title="bbox 189 2428 1770 2507">
    <p class='ocr_par' dir='ltr' id='par_1_40' title="bbox 189 2428 1770 2507">
     <span class='ocr_line' id='line_1_40' title="bbox 189 2428 1770 2507; baseline 0.005 -28"><span class='ocrx_word' id='word_1_289' title='bbox 189 2428 464 2492; x_wconf 76' lang='grc' dir='ltr'>Ἰουδαῖοις</span> <span class='ocrx_word' id='word_1_290' title='bbox 504 2431 780 2500; x_wconf 77' lang='grc' dir='ltr'>ἀρχόντων</span> <span class='ocrx_word' id='word_1_291' title='bbox 822 2433 1113 2501; x_wconf 55' lang='grc' dir='ltr'>φανέντων</span> <span class='ocrx_word' id='word_1_292' title='bbox 1147 2434 1284 2505; x_wconf 79' lang='grc' dir='ltr'>πλὴν</span> <span class='ocrx_word' id='word_1_293' title='bbox 1325 2435 1462 2487; x_wconf 78' lang='grc' dir='ltr'>ἀλλὰ</span> <span class='ocrx_word' id='word_1_294' title='bbox 1511 2435 1646 2504; x_wconf 80' lang='grc' dir='ltr'>μετὰ</span> <span class='ocrx_word' id='word_1_295' title='bbox 1671 2435 1770 2507; x_wconf 74' lang='grc' dir='ltr'>τὴν</span> 
     </span>
    </p>
   </div>
   <div class='ocr_carea' id='block_1_41' title="bbox 179 2518 1770 2595">
    <p class='ocr_par' dir='ltr' id='par_1_41' title="bbox 179 2518 1770 2595">
     <span class='ocr_line' id='line_1_41' title="bbox 179 2518 1770 2595; baseline 0.004 -25"><span class='ocrx_word' id='word_1_296' title='bbox 179 2518 230 2582; x_wconf 78' lang='grc' dir='ltr'><strong>ἐξ</strong></span> <span class='ocrx_word' id='word_1_297' title='bbox 255 2521 492 2573; x_wconf 76' lang='grc' dir='ltr'>ἐκείνων</span> <span class='ocrx_word' id='word_1_298' title='bbox 526 2522 750 2592; x_wconf 85' lang='grc' dir='ltr'>ἀτιμίαν</span> <span class='ocrx_word' id='word_1_299' title='bbox 780 2524 874 2576; x_wconf 71' lang='grc' dir='ltr'><strong>καὶ</strong></span> <span class='ocrx_word' id='word_1_300' title='bbox 898 2524 1168 2595; x_wconf 72' lang='grc' dir='ltr'>ἀποϐολὴν</span> <span class='ocrx_word' id='word_1_301' title='bbox 1192 2523 1454 2577; x_wconf 85' lang='grc' dir='ltr'>θεσπίσαν</span> <span class='ocrx_word' id='word_1_302' title='bbox 1487 2525 1646 2576; x_wconf 80' lang='grc' dir='ltr'>αὑτὸν</span> <span class='ocrx_word' id='word_1_303' title='bbox 1680 2542 1770 2592; x_wconf 81' lang='grc' dir='ltr'><strong>γε·</strong></span> 
     </span>
    </p>
   </div>
   <div class='ocr_carea' id='block_1_42' title="bbox 178 2612 1770 2686">
    <p class='ocr_par' dir='ltr' id='par_1_42' title="bbox 178 2612 1770 2686">
     <span class='ocr_line' id='line_1_42' title="bbox 178 2612 1770 2686; baseline 0.004 -24"><span class='ocrx_word' id='word_1_304' title='bbox 178 2612 432 2680; x_wconf 73' lang='grc' dir='ltr'>νὴσεσθαι</span> <span class='ocrx_word' id='word_1_305' title='bbox 479 2614 564 2676; x_wconf 82' lang='grc' dir='ltr'><strong>είς</strong></span> <span class='ocrx_word' id='word_1_306' title='bbox 617 2614 856 2683; x_wconf 80' lang='grc' dir='ltr'>κεφαλὴν</span> <span class='ocrx_word' id='word_1_307' title='bbox 887 2616 1086 2682; x_wconf 78' lang='grc' dir='ltr'>γωνίας</span> <span class='ocrx_word' id='word_1_308' title='bbox 1135 2615 1375 2686; x_wconf 78' lang='grc' dir='ltr'>ἀρχηγὸν</span> <span class='ocrx_word' id='word_1_309' title='bbox 1431 2617 1770 2668; x_wconf 75' lang='grc' dir='ltr'>καταστάντα</span> 
     </span>
    </p>
   </div>
   <div class='ocr_carea' id='block_1_43' title="bbox 179 2703 1771 2777">
    <p class='ocr_par' dir='ltr' id='par_1_43' title="bbox 179 2703 1771 2777">
     <span class='ocr_line' id='line_1_43' title="bbox 179 2703 1771 2777; baseline 0.001 -21"><span class='ocrx_word' id='word_1_310' title='bbox 179 2703 267 2772; x_wconf 78' lang='grc' dir='ltr'>τῆς</span> <span class='ocrx_word' id='word_1_311' title='bbox 319 2705 546 2773; x_wconf 71' lang='grc' dir='ltr'>Καινῆς</span> <span class='ocrx_word' id='word_1_312' title='bbox 575 2705 871 2777; x_wconf 74' lang='grc' dir='ltr'>Διαθὴκης,</span> <span class='ocrx_word' id='word_1_313' title='bbox 923 2705 1227 2768; x_wconf 79' lang='grc' dir='ltr'>ἀκολούθως</span> <span class='ocrx_word' id='word_1_314' title='bbox 1255 2709 1372 2768; x_wconf 83' lang='grc' dir='ltr'>ταῖς</span> <span class='ocrx_word' id='word_1_315' title='bbox 1400 2705 1771 2770; x_wconf 83' lang='grc' dir='ltr'>ἀποδοθείσαις</span> 
     </span>
    </p>
   </div>
   <div class='ocr_carea' id='block_1_44' title="bbox 177 2793 1765 2868">
    <p class='ocr_par' dir='ltr' id='par_1_44' title="bbox 177 2793 1765 2868">
     <span class='ocr_line' id='line_1_44' title="bbox 177 2793 1765 2868; baseline 0.004 -23"><span class='ocrx_word' id='word_1_316' title='bbox 177 2793 444 2865; x_wconf 80' lang='grc' dir='ltr'>θεωρίαις.</span> <span class='ocrx_word' id='word_1_317' title='bbox 489 2799 605 2849; x_wconf 71' lang='grc' dir='ltr'>Οὐκ</span> <span class='ocrx_word' id='word_1_318' title='bbox 659 2794 772 2859; x_wconf 77' lang='grc' dir='ltr'>οῦν,</span> <span class='ocrx_word' id='word_1_319' title='bbox 813 2799 1142 2860; x_wconf 79' lang='grc' dir='ltr'>ἀποστάντες</span> <span class='ocrx_word' id='word_1_320' title='bbox 1190 2799 1348 2868; x_wconf 81' lang='grc' dir='ltr'>ἡμεῖς</span> <span class='ocrx_word' id='word_1_321' title='bbox 1393 2796 1765 2868; x_wconf 75' lang='grc' dir='ltr'>Ἑλληνισμοῦ,</span> 
     </span>
    </p>
   </div>
   <div class='ocr_carea' id='block_1_45' title="bbox 177 2887 1768 2961">
    <p class='ocr_par' dir='ltr' id='par_1_45' title="bbox 177 2887 1768 2961">
     <span class='ocr_line' id='line_1_45' title="bbox 177 2887 1768 2961; baseline 0.005 -25"><span class='ocrx_word' id='word_1_322' title='bbox 177 2887 264 2938; x_wconf 73' lang='grc' dir='ltr'>οὐκ</span> <span class='ocrx_word' id='word_1_323' title='bbox 295 2891 384 2940; x_wconf 75' lang='grc' dir='ltr'>ἐπὶ</span> <span class='ocrx_word' id='word_1_324' title='bbox 426 2889 762 2959; x_wconf 78' lang='grc' dir='ltr'>Ἰουδαῖσμὺν</span> <span class='ocrx_word' id='word_1_325' title='bbox 782 2890 1309 2961; x_wconf 61' lang='grc' dir='ltr'>καταπεπώκαμεν,</span> <span class='ocrx_word' id='word_1_326' title='bbox 1338 2891 1477 2949; x_wconf 78' lang='grc' dir='ltr'>οὐδὲ,</span> <span class='ocrx_word' id='word_1_327' title='bbox 1513 2892 1768 2961; x_wconf 82' lang='grc' dir='ltr'>ἀποδεχό-</span> 
     </span>
    </p>
   </div>
   <div class='ocr_carea' id='block_1_46' title="bbox 181 2981 1768 3054">
    <p class='ocr_par' dir='ltr' id='par_1_46' title="bbox 181 2981 1768 3054">
     <span class='ocr_line' id='line_1_46' title="bbox 181 2981 1768 3054; baseline 0.003 -23"><span class='ocrx_word' id='word_1_328' title='bbox 181 2995 314 3046; x_wconf 79' lang='grc' dir='ltr'>μενοι</span> <span class='ocrx_word' id='word_1_329' title='bbox 345 2981 446 3033; x_wconf 81' lang='grc' dir='ltr'><strong>τὸν</strong></span> <span class='ocrx_word' id='word_1_330' title='bbox 497 2981 775 3046; x_wconf 78' lang='grc' dir='ltr'>Μωῦσὲως</span> <span class='ocrx_word' id='word_1_331' title='bbox 811 2983 994 3053; x_wconf 85' lang='grc' dir='ltr'>νόμον,</span> <span class='ocrx_word' id='word_1_332' title='bbox 1033 2985 1282 3048; x_wconf 75' lang='grc' dir='ltr'>καὶτοὺς</span> <span class='ocrx_word' id='word_1_333' title='bbox 1329 2984 1594 3054; x_wconf 79' lang='grc' dir='ltr'>Ἐϐραίων</span> <span class='ocrx_word' id='word_1_334' title='bbox 1635 2997 1768 3054; x_wconf 83' lang='grc' dir='ltr'>προ-</span> 
     </span>
    </p>
   </div>
   <div class='ocr_carea' id='block_1_47' title="bbox 182 3073 1766 3150">
    <p class='ocr_par' dir='ltr' id='par_1_47' title="bbox 182 3073 1766 3150">
     <span class='ocr_line' id='line_1_47' title="bbox 182 3073 1766 3150; baseline 0.003 -25"><span class='ocrx_word' id='word_1_335' title='bbox 182 3073 364 3141; x_wconf 67' lang='grc' dir='ltr'>φήτας,</span> <span class='ocrx_word' id='word_1_336' title='bbox 429 3077 510 3146; x_wconf 83' lang='grc' dir='ltr'>μὴ</span> <span class='ocrx_word' id='word_1_337' title='bbox 558 3075 801 3145; x_wconf 81' lang='grc' dir='ltr'>βιοῦντες</span> <span class='ocrx_word' id='word_1_338' title='bbox 830 3077 886 3130; x_wconf 80' lang='grc' dir='ltr'>δὲ</span> <span class='ocrx_word' id='word_1_339' title='bbox 945 3078 1269 3142; x_wconf 81' lang='grc' dir='ltr'>Ἰουδαϊκῶς,</span> <span class='ocrx_word' id='word_1_340' title='bbox 1316 3077 1450 3130; x_wconf 83' lang='grc' dir='ltr'>ἀλλὰ</span> <span class='ocrx_word' id='word_1_341' title='bbox 1501 3079 1640 3132; x_wconf 81' lang='grc' dir='ltr'><strong>κατά</strong></span> <span class='ocrx_word' id='word_1_342' title='bbox 1668 3079 1766 3150; x_wconf 78' lang='grc' dir='ltr'>τὴν</span> 
     </span>
    </p>
   </div>
   <div class='ocr_carea' id='block_1_48' title="bbox 182 3165 1765 3237">
    <p class='ocr_par' dir='ltr' id='par_1_48' title="bbox 182 3165 1765 3237">
     <span class='ocr_line' id='line_1_48' title="bbox 182 3165 1765 3237; baseline 0.005 -24"><span class='ocrx_word' id='word_1_343' title='bbox 182 3165 274 3234; x_wconf 65' lang='grc' dir='ltr'><strong>πρδ</strong></span> <span class='ocrx_word' id='word_1_344' title='bbox 303 3168 444 3219; x_wconf 70' lang='lat' dir='ltr'><strong>lile</strong></span> <span class='ocrx_word' id='word_1_345' title='bbox 456 3167 596 3228; x_wconf 86' lang='grc' dir='ltr'>σέως</span> <span class='ocrx_word' id='word_1_346' title='bbox 615 3166 722 3218; x_wconf 81' lang='grc' dir='ltr'><strong>τῶν</strong></span> <span class='ocrx_word' id='word_1_347' title='bbox 742 3166 1001 3234; x_wconf 80' lang='grc' dir='ltr'>θεοφιλῶν</span> <span class='ocrx_word' id='word_1_348' title='bbox 1024 3167 1230 3237; x_wconf 85' lang='grc' dir='ltr'>ἀνδρῶν</span> <span class='ocrx_word' id='word_1_349' title='bbox 1251 3167 1543 3231; x_wconf 85' lang='grc' dir='ltr'>πολιτείαν,</span> <span class='ocrx_word' id='word_1_350' title='bbox 1563 3170 1765 3222; x_wconf 81' lang='grc' dir='ltr'>πταίοι-</span> 
     </span>
    </p>
   </div>
   <div class='ocr_carea' id='block_1_49' title="bbox 1879 1963 3446 2040">
    <p class='ocr_par' dir='ltr' id='par_1_49' title="bbox 1879 1963 3446 2040">
     <span class='ocr_line' id='line_1_49' title="bbox 1879 1963 3446 2040; baseline 0.006 -26"><span class='ocrx_word' id='word_1_351' title='bbox 1879 1963 2325 2034; x_wconf 80' lang='lat' dir='ltr'><strong>prineipatusque</strong></span> <span class='ocrx_word' id='word_1_352' title='bbox 2377 1976 2569 2020; x_wconf 91' lang='lat' dir='ltr'><strong>auctor</strong></span> <span class='ocrx_word' id='word_1_353' title='bbox 2616 1968 2848 2023; x_wconf 91' lang='lat' dir='ltr'><strong>duorum</strong></span> <span class='ocrx_word' id='word_1_354' title='bbox 2885 1972 3312 2040; x_wconf 90' lang='lat' dir='ltr'><strong>propositorum,</strong></span> <span class='ocrx_word' id='word_1_355' title='bbox 3346 1968 3446 2025; x_wconf 79' lang='lat' dir='ltr'><strong>Ju-</strong></span> 
     </span>
    </p>
   </div>
   <div class='ocr_carea' id='block_1_50' title="bbox 1873 2053 3450 2132">
    <p class='ocr_par' dir='ltr' id='par_1_50' title="bbox 1873 2053 3450 2132">
     <span class='ocr_line' id='line_1_50' title="bbox 1873 2053 3450 2132; baseline 0.008 -26"><span class='ocrx_word' id='word_1_356' title='bbox 1873 2053 2067 2109; x_wconf 87' lang='lat' dir='ltr'><strong>daismi</strong></span> <span class='ocrx_word' id='word_1_357' title='bbox 2105 2057 2355 2111; x_wconf 83' lang='lat' dir='ltr'><strong>videlicet</strong></span> <span class='ocrx_word' id='word_1_358' title='bbox 2384 2058 2900 2130; x_wconf 81' lang='lat' dir='ltr'><strong>Cbristianismique</strong></span> <span class='ocrx_word' id='word_1_359' title='bbox 2926 2062 3107 2117; x_wconf 84' lang='lat' dir='ltr'><strong>fuerit.</strong></span> <span class='ocrx_word' id='word_1_360' title='bbox 3131 2062 3285 2130; x_wconf 84' lang='lat' dir='ltr'><strong>Quod</strong></span> <span class='ocrx_word' id='word_1_361' title='bbox 3321 2066 3450 2132; x_wconf 82' lang='lat' dir='ltr'><strong>qui-</strong></span> 
     </span>
    </p>
   </div>
   <div class='ocr_carea' id='block_1_51' title="bbox 1872 2146 3442 2223">
    <p class='ocr_par' dir='ltr' id='par_1_51' title="bbox 1872 2146 3442 2223">
     <span class='ocr_line' id='line_1_51' title="bbox 1872 2146 3442 2223; baseline 0.008 -24"><span class='ocrx_word' id='word_1_362' title='bbox 1872 2146 1994 2200; x_wconf 90' lang='lat' dir='ltr'><strong>dem</strong></span> <span class='ocrx_word' id='word_1_363' title='bbox 2021 2149 2196 2217; x_wconf 90' lang='lat' dir='ltr'><strong>ipsum</strong></span> <span class='ocrx_word' id='word_1_364' title='bbox 2232 2149 2493 2204; x_wconf 89' lang='lat' dir='ltr'><strong>admirari</strong></span> <span class='ocrx_word' id='word_1_365' title='bbox 2538 2167 2716 2220; x_wconf 64' lang='lat' dir='ltr'><strong>opera:</strong></span> <span class='ocrx_word' id='word_1_366' title='bbox 2758 2154 2989 2223; x_wconf 89' lang='lat' dir='ltr'><strong>pretium</strong></span> <span class='ocrx_word' id='word_1_367' title='bbox 3016 2164 3121 2221; x_wconf 80' lang='lat' dir='ltr'><strong>est,</strong></span> <span class='ocrx_word' id='word_1_368' title='bbox 3153 2168 3211 2209; x_wconf 90' lang='lat' dir='ltr'><strong>ut</strong></span> <span class='ocrx_word' id='word_1_369' title='bbox 3238 2157 3442 2211; x_wconf 83' lang='lat' dir='ltr'><strong>divini-</strong></span> 
     </span>
    </p>
   </div>
   <div class='ocr_carea' id='block_1_52' title="bbox 1872 2243 3441 2316">
    <p class='ocr_par' dir='ltr' id='par_1_52' title="bbox 1872 2243 3441 2316">
     <span class='ocr_line' id='line_1_52' title="bbox 1872 2243 3441 2316; baseline 0.006 -23"><span class='ocrx_word' id='word_1_370' title='bbox 1872 2249 1962 2294; x_wconf 92' lang='lat' dir='ltr'><strong>tus</strong></span> <span class='ocrx_word' id='word_1_371' title='bbox 1995 2243 2315 2310; x_wconf 72' lang='lat' dir='ltr'><strong>praedictum</strong></span> <span class='ocrx_word' id='word_1_372' title='bbox 2374 2245 2465 2298; x_wconf 90' lang='lat' dir='ltr'><strong>sit.</strong></span> <span class='ocrx_word' id='word_1_373' title='bbox 2508 2263 2526 2295; x_wconf 76' lang='grc' dir='ltr'><strong>ι</strong></span> <span class='ocrx_word' id='word_1_374' title='bbox 2567 2245 2729 2309; x_wconf 77' lang='lat' dir='ltr'><strong>Ecce,</strong></span> <span class='ocrx_word' id='word_1_375' title='bbox 2757 2246 2955 2316; x_wconf 85' lang='lat' dir='ltr'><strong>inquit,</strong></span> <span class='ocrx_word' id='word_1_376' title='bbox 2994 2262 3140 2316; x_wconf 91' lang='lat' dir='ltr'><strong>pono</strong></span> <span class='ocrx_word' id='word_1_377' title='bbox 3195 2249 3250 2302; x_wconf 89' lang='lat' dir='ltr'><strong>in</strong></span> <span class='ocrx_word' id='word_1_378' title='bbox 3312 2248 3441 2304; x_wconf 88' lang='lat' dir='ltr'><strong>Sion</strong></span> 
     </span>
    </p>
   </div>
   <div class='ocr_carea' id='block_1_53' title="bbox 1870 2331 3442 2410">
    <p class='ocr_par' dir='ltr' id='par_1_53' title="bbox 1870 2331 3442 2410">
     <span class='ocr_line' id='line_1_53' title="bbox 1870 2331 3442 2410; baseline 0.005 -26"><span class='ocrx_word' id='word_1_379' title='bbox 1870 2331 2106 2402; x_wconf 89' lang='lat' dir='ltr'><strong>lapidem</strong></span> <span class='ocrx_word' id='word_1_380' title='bbox 2163 2334 2418 2398; x_wconf 87' lang='lat' dir='ltr'><strong>electum,</strong></span> <span class='ocrx_word' id='word_1_381' title='bbox 2455 2338 2794 2406; x_wconf 81' lang='lat' dir='ltr'><strong>angularem,</strong></span> <span class='ocrx_word' id='word_1_382' title='bbox 2854 2339 3176 2406; x_wconf 87' lang='lat' dir='ltr'><strong>pretiosum,</strong></span> <span class='ocrx_word' id='word_1_383' title='bbox 3239 2349 3293 2394; x_wconf 89' lang='lat' dir='ltr'><strong>et</strong></span> <span class='ocrx_word' id='word_1_384' title='bbox 3352 2344 3442 2410; x_wconf 90' lang='lat' dir='ltr'><strong>qui</strong></span> 
     </span>
    </p>
   </div>
   <div class='ocr_carea' id='block_1_54' title="bbox 1871 2424 3428 2502">
    <p class='ocr_par' dir='ltr' id='par_1_54' title="bbox 1871 2424 3428 2502">
     <span class='ocr_line' id='line_1_54' title="bbox 1871 2424 3428 2502; baseline 0.005 -25"><span class='ocrx_word' id='word_1_385' title='bbox 1871 2424 2045 2478; x_wconf 89' lang='lat' dir='ltr'><strong>credit</strong></span> <span class='ocrx_word' id='word_1_386' title='bbox 2073 2425 2130 2478; x_wconf 93' lang='lat' dir='ltr'><strong>in</strong></span> <span class='ocrx_word' id='word_1_387' title='bbox 2181 2441 2304 2480; x_wconf 90' lang='lat' dir='ltr'><strong>eum</strong></span> <span class='ocrx_word' id='word_1_388' title='bbox 2340 2442 2448 2482; x_wconf 86' lang='lat' dir='ltr'><strong>non</strong></span> <span class='ocrx_word' id='word_1_389' title='bbox 2502 2430 2868 2483; x_wconf 79' lang='lat' dir='ltr'><strong>confundetur</strong></span> <span class='ocrx_word' id='word_1_390' title='bbox 2899 2431 2941 2484; x_wconf 81' lang='lat'><strong>’.</strong></span> <span class='ocrx_word' id='word_1_391' title='bbox 2975 2449 2994 2481; x_wconf 71' lang='grc' dir='ltr'><strong>ι</strong></span> <span class='ocrx_word' id='word_1_392' title='bbox 3030 2432 3098 2484; x_wconf 84' lang='lat' dir='ltr'><strong>At</strong></span> <span class='ocrx_word' id='word_1_393' title='bbox 3127 2434 3271 2486; x_wconf 89' lang='lat' dir='ltr'><strong>enim</strong></span> <span class='ocrx_word' id='word_1_394' title='bbox 3303 2436 3428 2502; x_wconf 83' lang='lat' dir='ltr'><strong>quis</strong></span> 
     </span>
    </p>
   </div>
   <div class='ocr_carea' id='block_1_55' title="bbox 1871 2517 3445 2594">
    <p class='ocr_par' dir='ltr' id='par_1_55' title="bbox 1871 2517 3445 2594">
     <span class='ocr_line' id='line_1_55' title="bbox 1871 2517 3445 2594; baseline 0.005 -26"><span class='ocrx_word' id='word_1_395' title='bbox 1871 2517 2089 2571; x_wconf 79' lang='lat' dir='ltr'><strong>tandem</strong></span> <span class='ocrx_word' id='word_1_396' title='bbox 2123 2517 2285 2573; x_wconf 83' lang='lat' dir='ltr'><strong>fuerit</strong></span> <span class='ocrx_word' id='word_1_397' title='bbox 2320 2521 2617 2590; x_wconf 85' lang='lat' dir='ltr'><strong>angularis,</strong></span> <span class='ocrx_word' id='word_1_398' title='bbox 2665 2522 2772 2576; x_wconf 90' lang='lat' dir='ltr'><strong>nisi</strong></span> <span class='ocrx_word' id='word_1_399' title='bbox 2813 2522 2904 2576; x_wconf 92' lang='lat' dir='ltr'><strong>hic</strong></span> <span class='ocrx_word' id='word_1_400' title='bbox 2954 2524 3109 2578; x_wconf 88' lang='lat' dir='ltr'><strong>vivus</strong></span> <span class='ocrx_word' id='word_1_401' title='bbox 3157 2537 3210 2578; x_wconf 87' lang='lat' dir='ltr'><strong>et</strong></span> <span class='ocrx_word' id='word_1_402' title='bbox 3245 2530 3445 2594; x_wconf 75' lang='lat' dir='ltr'><strong>pret;o—</strong></span> 
     </span>
    </p>
   </div>
   <div class='ocr_carea' id='block_1_56' title="bbox 1872 2607 3440 2678">
    <p class='ocr_par' dir='ltr' id='par_1_56' title="bbox 1872 2607 3440 2678">
     <span class='ocr_line' id='line_1_56' title="bbox 1872 2607 3440 2678; baseline 0.004 -17"><span class='ocrx_word' id='word_1_403' title='bbox 1872 2607 2144 2671; x_wconf 87' lang='lat' dir='ltr'><strong>sissimus,</strong></span> <span class='ocrx_word' id='word_1_404' title='bbox 2177 2610 2270 2678; x_wconf 88' lang='lat' dir='ltr'><strong>qui</strong></span> <span class='ocrx_word' id='word_1_405' title='bbox 2313 2625 2378 2664; x_wconf 83' lang='lat' dir='ltr'><strong>ex</strong></span> <span class='ocrx_word' id='word_1_406' title='bbox 2435 2613 2648 2666; x_wconf 88' lang='lat' dir='ltr'><strong>duabus</strong></span> <span class='ocrx_word' id='word_1_407' title='bbox 2678 2615 2976 2669; x_wconf 77' lang='lat' dir='ltr'><strong>structuris</strong></span> <span class='ocrx_word' id='word_1_408' title='bbox 3019 2630 3178 2668; x_wconf 88' lang='lat' dir='ltr'><strong>unam</strong></span> <span class='ocrx_word' id='word_1_409' title='bbox 3247 2617 3440 2670; x_wconf 73' lang='lat' dir='ltr'><strong>factam</strong></span> 
     </span>
    </p>
   </div>
   <div class='ocr_carea' id='block_1_57' title="bbox 1871 2699 3444 2778">
    <p class='ocr_par' dir='ltr' id='par_1_57' title="bbox 1871 2699 3444 2778">
     <span class='ocr_line' id='line_1_57' title="bbox 1871 2699 3444 2778; baseline 0.005 -25"><span class='ocrx_word' id='word_1_410' title='bbox 1871 2713 1968 2753; x_wconf 89' lang='lat' dir='ltr'><strong>sua</strong></span> <span class='ocrx_word' id='word_1_411' title='bbox 2001 2699 2250 2753; x_wconf 87' lang='lat' dir='ltr'><strong>doctrina</strong></span> <span class='ocrx_word' id='word_1_412' title='bbox 2308 2704 2730 2758; x_wconf 86' lang='lat' dir='ltr'><strong>sustinet?dum</strong></span> <span class='ocrx_word' id='word_1_413' title='bbox 2779 2707 2924 2760; x_wconf 86' lang='lat' dir='ltr'><strong>enim</strong></span> <span class='ocrx_word' id='word_1_414' title='bbox 2973 2706 3288 2768; x_wconf 84' lang='lat' dir='ltr'><strong>Mosaicam,</strong></span> <span class='ocrx_word' id='word_1_415' title='bbox 3321 2725 3444 2778; x_wconf 72' lang='lat' dir='ltr'><strong>qua:</strong></span> 
     </span>
    </p>
   </div>
   <div class='ocr_carea' id='block_1_58' title="bbox 1871 2789 3429 2865">
    <p class='ocr_par' dir='ltr' id='par_1_58' title="bbox 1871 2789 3429 2865">
     <span class='ocr_line' id='line_1_58' title="bbox 1871 2789 3429 2865; baseline 0.006 -23"><span class='ocrx_word' id='word_1_416' title='bbox 1871 2804 2047 2858; x_wconf 86' lang='lat' dir='ltr'><strong>usque</strong></span> <span class='ocrx_word' id='word_1_417' title='bbox 2076 2792 2142 2844; x_wconf 88' lang='lat' dir='ltr'><strong>ad</strong></span> <span class='ocrx_word' id='word_1_418' title='bbox 2179 2792 2356 2862; x_wconf 91' lang='lat' dir='ltr'><strong>ipsum</strong></span> <span class='ocrx_word' id='word_1_419' title='bbox 2395 2802 2645 2862; x_wconf 90' lang='lat' dir='ltr'><strong>protenta</strong></span> <span class='ocrx_word' id='word_1_420' title='bbox 2673 2806 2776 2857; x_wconf 88' lang='lat' dir='ltr'><strong>est,</strong></span> <span class='ocrx_word' id='word_1_421' title='bbox 2801 2806 2947 2851; x_wconf 88' lang='lat' dir='ltr'><strong>stare</strong></span> <span class='ocrx_word' id='word_1_422' title='bbox 2973 2799 3147 2865; x_wconf 82' lang='lat' dir='ltr'><strong>jubet,</strong></span> <span class='ocrx_word' id='word_1_423' title='bbox 3170 2789 3236 2853; x_wconf 80' lang='lat' dir='ltr'><strong>ex</strong></span> <span class='ocrx_word' id='word_1_424' title='bbox 3263 2801 3429 2853; x_wconf 85' lang='lat' dir='ltr'><strong>altera</strong></span> 
     </span>
    </p>
   </div>
   <div class='ocr_carea' id='block_1_59' title="bbox 1871 2885 3442 2960">
    <p class='ocr_par' dir='ltr' id='par_1_59' title="bbox 1871 2885 3442 2960">
     <span class='ocr_line' id='line_1_59' title="bbox 1871 2885 3442 2960; baseline 0.006 -26"><span class='ocrx_word' id='word_1_425' title='bbox 1871 2892 2024 2949; x_wconf 78' lang='lat' dir='ltr'><strong>parte</strong></span> <span class='ocrx_word' id='word_1_426' title='bbox 2059 2892 2303 2938; x_wconf 86' lang='lat' dir='ltr'><strong>nostram</strong></span> <span class='ocrx_word' id='word_1_427' title='bbox 2350 2901 2444 2955; x_wconf 88' lang='lat' dir='ltr'><strong>per</strong></span> <span class='ocrx_word' id='word_1_428' title='bbox 2480 2885 2831 2955; x_wconf 80' lang='lat' dir='ltr'><strong>Evangelium</strong></span> <span class='ocrx_word' id='word_1_429' title='bbox 2885 2889 3152 2957; x_wconf 79' lang='lat' dir='ltr'><strong>adjunxit.</strong></span> <span class='ocrx_word' id='word_1_430' title='bbox 3214 2889 3290 2943; x_wconf 81' lang='lat' dir='ltr'><strong>Ex</strong></span> <span class='ocrx_word' id='word_1_431' title='bbox 3333 2906 3442 2960; x_wconf 77' lang='lat' dir='ltr'><strong>quo</strong></span> 
     </span>
    </p>
   </div>
   <div class='ocr_carea' id='block_1_60' title="bbox 1869 2974 3442 3052">
    <p class='ocr_par' dir='ltr' id='par_1_60' title="bbox 1869 2974 3442 3052">
     <span class='ocr_line' id='line_1_60' title="bbox 1869 2974 3442 3052; baseline 0.008 -27"><span class='ocrx_word' id='word_1_432' title='bbox 1869 2974 2146 3043; x_wconf 85' lang='lat' dir='ltr'><strong>angularis</strong></span> <span class='ocrx_word' id='word_1_433' title='bbox 2170 2977 2365 3031; x_wconf 86' lang='lat' dir='ltr'><strong>merito</strong></span> <span class='ocrx_word' id='word_1_434' title='bbox 2393 2976 2576 3032; x_wconf 91' lang='lat' dir='ltr'><strong>dictus</strong></span> <span class='ocrx_word' id='word_1_435' title='bbox 2606 2989 2725 3045; x_wconf 87' lang='lat' dir='ltr'><strong>est;</strong></span> <span class='ocrx_word' id='word_1_436' title='bbox 2759 2981 2852 3035; x_wconf 90' lang='lat' dir='ltr'><strong>sed</strong></span> <span class='ocrx_word' id='word_1_437' title='bbox 2897 2982 2950 3035; x_wconf 92' lang='lat' dir='ltr'><strong>in</strong></span> <span class='ocrx_word' id='word_1_438' title='bbox 2977 2981 3207 3037; x_wconf 85' lang='lat' dir='ltr'><strong>Psalmis</strong></span> <span class='ocrx_word' id='word_1_439' title='bbox 3227 2997 3442 3052; x_wconf 83' lang='lat' dir='ltr'><strong>quoque</strong></span> 
     </span>
    </p>
   </div>
   <div class='ocr_carea' id='block_1_61' title="bbox 1869 3065 3437 3145">
    <p class='ocr_par' dir='ltr' id='par_1_61' title="bbox 1869 3065 3437 3145">
     <span class='ocr_line' id='line_1_61' title="bbox 1869 3065 3437 3145; baseline 0.008 -27"><span class='ocrx_word' id='word_1_440' title='bbox 1869 3065 2118 3136; x_wconf 79' lang='lat' dir='ltr'><strong>legitur:</strong></span> <span class='ocrx_word' id='word_1_441' title='bbox 2168 3087 2186 3119; x_wconf 90' lang='grc'><em>‹</em></span> <span class='ocrx_word' id='word_1_442' title='bbox 2239 3068 2494 3139; x_wconf 85' lang='lat' dir='ltr'><strong>Lapidem</strong></span> <span class='ocrx_word' id='word_1_443' title='bbox 2552 3088 2711 3142; x_wconf 88' lang='lat' dir='ltr'><strong>quem</strong></span> <span class='ocrx_word' id='word_1_444' title='bbox 2775 3076 3206 3145; x_wconf 81' lang='lat' dir='ltr'><strong>reprobavcrunt</strong></span> <span class='ocrx_word' id='word_1_445' title='bbox 3269 3079 3437 3132; x_wconf 63' lang='lat' dir='ltr'><strong>tediﬁ-</strong></span> 
     </span>
    </p>
   </div>
   <div class='ocr_carea' id='block_1_62' title="bbox 1869 3161 3439 3237">
    <p class='ocr_par' dir='ltr' id='par_1_62' title="bbox 1869 3161 3439 3237">
     <span class='ocr_line' id='line_1_62' title="bbox 1869 3161 3439 3237; baseline 0.006 -24"><span class='ocrx_word' id='word_1_446' title='bbox 1869 3171 2078 3222; x_wconf 84' lang='lat' dir='ltr'><strong>cantes,</strong></span> <span class='ocrx_word' id='word_1_447' title='bbox 2113 3161 2199 3214; x_wconf 87' lang='lat' dir='ltr'><strong>hic</strong></span> <span class='ocrx_word' id='word_1_448' title='bbox 2242 3161 2417 3217; x_wconf 82' lang='lat' dir='ltr'><strong>factus</strong></span> <span class='ocrx_word' id='word_1_449' title='bbox 2443 3171 2526 3217; x_wconf 91' lang='lat' dir='ltr'><strong>est</strong></span> <span class='ocrx_word' id='word_1_450' title='bbox 2562 3166 2615 3218; x_wconf 93' lang='lat' dir='ltr'><strong>in</strong></span> <span class='ocrx_word' id='word_1_451' title='bbox 2645 3175 2808 3236; x_wconf 90' lang='lat' dir='ltr'><strong>caput</strong></span> <span class='ocrx_word' id='word_1_452' title='bbox 2858 3169 3041 3237; x_wconf 87' lang='lat' dir='ltr'><strong>anguli</strong></span> <span class='ocrx_word' id='word_1_453' title='bbox 3077 3186 3091 3221; x_wconf 90' lang='lat'><strong>:</strong></span> <span class='ocrx_word' id='word_1_454' title='bbox 3133 3183 3162 3221; x_wconf 91' lang='lat' dir='ltr'><strong>a</strong></span> <span class='ocrx_word' id='word_1_455' title='bbox 3206 3169 3439 3224; x_wconf 86' lang='lat' dir='ltr'><strong>Domino</strong></span> 
     </span>
    </p>
   </div>
   <div class='ocr_carea' id='block_1_63' title="bbox 183 3217 1763 3332">
    <p class='ocr_par' dir='ltr' id='par_1_63' title="bbox 183 3257 1763 3332">
     <span class='ocr_line' id='line_1_63' title="bbox 183 3257 1763 3332; baseline 0.005 -26"><span class='ocrx_word' id='word_1_456' title='bbox 183 3271 266 3323; x_wconf 80' lang='grc' dir='ltr'><strong>μεν</strong></span> <span class='ocrx_word' id='word_1_457' title='bbox 280 3257 370 3312; x_wconf 78' lang='grc' dir='ltr'><strong>ἄν.</strong></span> <span class='ocrx_word' id='word_1_458' title='bbox 390 3258 518 3309; x_wconf 78' lang='grc' dir='ltr'><strong>Κάν</strong></span> <span class='ocrx_word' id='word_1_459' title='bbox 534 3257 706 3327; x_wconf 75' lang='grc' dir='ltr'>τούτῳ</span> <span class='ocrx_word' id='word_1_460' title='bbox 716 3258 824 3330; x_wconf 77' lang='grc' dir='ltr'><strong>γὰρ</strong></span> <span class='ocrx_word' id='word_1_461' title='bbox 837 3260 1069 3312; x_wconf 81' lang='grc' dir='ltr'>Μωῦσέα</span> <span class='ocrx_word' id='word_1_462' title='bbox 1086 3260 1314 3323; x_wconf 70' lang='grc' dir='ltr'>καὶτοὺς</span> <span class='ocrx_word' id='word_1_463' title='bbox 1331 3261 1445 3328; x_wconf 76' lang='grc' dir='ltr'>μετ’</span> <span class='ocrx_word' id='word_1_464' title='bbox 1458 3261 1620 3314; x_wconf 76' lang='grc' dir='ltr'>αὐτὸν</span> <span class='ocrx_word' id='word_1_465' title='bbox 1637 3279 1763 3332; x_wconf 88' lang='grc' dir='ltr'>προ-</span> 
     </span>
    </p>
   </div>
   <div class='ocr_carea' id='block_1_64' title="bbox 1865 3217 3440 3332">
    <p class='ocr_par' dir='ltr' id='par_1_64' title="bbox 1868 3251 3440 3318">
     <span class='ocr_line' id='line_1_64' title="bbox 1868 3251 3440 3318; baseline 0.009 -14"><span class='ocrx_word' id='word_1_466' title='bbox 1868 3251 2070 3311; x_wconf 78' lang='lat' dir='ltr'><strong>factum</strong></span> <span class='ocrx_word' id='word_1_467' title='bbox 2119 3262 2204 3308; x_wconf 86' lang='lat' dir='ltr'><strong>est</strong></span> <span class='ocrx_word' id='word_1_468' title='bbox 2255 3255 2420 3318; x_wconf 84' lang='lat' dir='ltr'><strong>ismd,</strong></span> <span class='ocrx_word' id='word_1_469' title='bbox 2473 3263 2526 3309; x_wconf 90' lang='lat' dir='ltr'><strong>et</strong></span> <span class='ocrx_word' id='word_1_470' title='bbox 2570 3265 2654 3313; x_wconf 86' lang='lat' dir='ltr'><strong>cst</strong></span> <span class='ocrx_word' id='word_1_471' title='bbox 2704 3259 2953 3314; x_wconf 90' lang='lat' dir='ltr'><strong>mirabile</strong></span> <span class='ocrx_word' id='word_1_472' title='bbox 3009 3263 3064 3314; x_wconf 90' lang='lat' dir='ltr'><strong>in</strong></span> <span class='ocrx_word' id='word_1_473' title='bbox 3111 3262 3284 3315; x_wconf 88' lang='lat' dir='ltr'><strong>oculis</strong></span> <span class='ocrx_word' id='word_1_474' title='bbox 3337 3279 3440 3318; x_wconf 90' lang='lat' dir='ltr'><strong>no-</strong></span> 
     </span>
    </p>
   </div>
   <div class='ocr_carea' id='block_1_65' title="bbox 177 3349 1762 3423">
    <p class='ocr_par' dir='ltr' id='par_1_65' title="bbox 177 3349 1762 3423">
     <span class='ocr_line' id='line_1_65' title="bbox 177 3349 1762 3423; baseline 0.003 -23"><span class='ocrx_word' id='word_1_475' title='bbox 177 3349 334 3416; x_wconf 76' lang='grc' dir='ltr'>φήτας</span> <span class='ocrx_word' id='word_1_476' title='bbox 365 3349 737 3420; x_wconf 79' lang='grc' dir='ltr'>ἀληθεύοντας</span> <span class='ocrx_word' id='word_1_477' title='bbox 762 3351 920 3403; x_wconf 87' lang='grc' dir='ltr'>ἀποδε</span> <span class='ocrx_word' id='word_1_478' title='bbox 931 3351 1045 3402; x_wconf 80' lang='grc' dir='ltr'>ίκνυ</span> <span class='ocrx_word' id='word_1_479' title='bbox 1055 3369 1174 3421; x_wconf 88' lang='grc' dir='ltr'>μεν,</span> <span class='ocrx_word' id='word_1_480' title='bbox 1207 3351 1295 3404; x_wconf 81' lang='grc' dir='ltr'><strong>τὸν</strong></span> <span class='ocrx_word' id='word_1_481' title='bbox 1320 3352 1408 3404; x_wconf 78' lang='grc' dir='ltr'><strong>ὑπ’</strong></span> <span class='ocrx_word' id='word_1_482' title='bbox 1435 3353 1609 3404; x_wconf 75' lang='grc' dir='ltr'>αὐτῶν</span> <span class='ocrx_word' id='word_1_483' title='bbox 1632 3369 1762 3423; x_wconf 86' lang='grc' dir='ltr'>προ-</span> 
     </span>
    </p>
   </div>
   <div class='ocr_carea' id='block_1_66' title="bbox 177 3441 1760 3512">
    <p class='ocr_par' dir='ltr' id='par_1_66' title="bbox 177 3441 1760 3512">
     <span class='ocr_line' id='line_1_66' title="bbox 177 3441 1760 3512; baseline 0.006 -23"><span class='ocrx_word' id='word_1_484' title='bbox 177 3441 588 3510; x_wconf 68' lang='grc' dir='ltr'>κεκηρυγμένον</span> <span class='ocrx_word' id='word_1_485' title='bbox 619 3441 852 3511; x_wconf 76' lang='grc' dir='ltr'>Χριστὸν</span> <span class='ocrx_word' id='word_1_486' title='bbox 881 3443 1286 3512; x_wconf 80' lang='grc' dir='ltr'>ἀποδεχόμενοι,</span> <span class='ocrx_word' id='word_1_487' title='bbox 1317 3444 1410 3496; x_wconf 74' lang='grc' dir='ltr'><strong>καὶ</strong></span> <span class='ocrx_word' id='word_1_488' title='bbox 1433 3444 1619 3496; x_wconf 77' lang='grc' dir='ltr'>τούτου</span> <span class='ocrx_word' id='word_1_489' title='bbox 1649 3449 1760 3510; x_wconf 90' lang='grc' dir='ltr'>τοῖς</span> 
     </span>
    </p>
   </div>
   <div class='ocr_carea' id='block_1_67' title="bbox 176 3528 1763 3604">
    <p class='ocr_par' dir='ltr' id='par_1_67' title="bbox 176 3528 1763 3604">
     <span class='ocr_line' id='line_1_67' title="bbox 176 3528 1763 3604; baseline 0.006 -25"><span class='ocrx_word' id='word_1_490' title='bbox 176 3528 348 3597; x_wconf 71' lang='grc' dir='ltr'>νόμοις</span> <span class='ocrx_word' id='word_1_491' title='bbox 379 3529 718 3600; x_wconf 80' lang='grc' dir='ltr'>πειθόμενοι,</span> <span class='ocrx_word' id='word_1_492' title='bbox 751 3534 870 3584; x_wconf 83' lang='grc' dir='ltr'>κατ’</span> <span class='ocrx_word' id='word_1_493' title='bbox 905 3532 1048 3601; x_wconf 76' lang='grc' dir='ltr'>ἴχνος</span> <span class='ocrx_word' id='word_1_494' title='bbox 1074 3550 1131 3585; x_wconf 91' lang='grc' dir='ltr'><strong>τε</strong></span> <span class='ocrx_word' id='word_1_495' title='bbox 1174 3534 1273 3604; x_wconf 88' lang='grc' dir='ltr'>τῆς</span> <span class='ocrx_word' id='word_1_496' title='bbox 1301 3535 1464 3587; x_wconf 78' lang='grc' dir='ltr'>αὐτοῦ</span> <span class='ocrx_word' id='word_1_497' title='bbox 1509 3536 1763 3589; x_wconf 83' lang='grc' dir='ltr'>διδασκα-</span> 
     </span>
    </p>
   </div>
   <div class='ocr_carea' id='block_1_68' title="bbox 176 3618 1760 3693">
    <p class='ocr_par' dir='ltr' id='par_1_68' title="bbox 176 3618 1760 3693">
     <span class='ocr_line' id='line_1_68' title="bbox 176 3618 1760 3693; baseline 0.008 -27"><span class='ocrx_word' id='word_1_498' title='bbox 176 3618 278 3683; x_wconf 56' lang='grc' dir='ltr'>λίας</span> <span class='ocrx_word' id='word_1_499' title='bbox 311 3620 532 3689; x_wconf 77' lang='grc' dir='ltr'>βαίνειν</span> <span class='ocrx_word' id='word_1_500' title='bbox 566 3621 632 3674; x_wconf 77' lang='grc' dir='ltr'>δι’</span> <span class='ocrx_word' id='word_1_501' title='bbox 661 3622 832 3692; x_wconf 76' lang='grc' dir='ltr'>εὐχῆς</span> <span class='ocrx_word' id='word_1_502' title='bbox 882 3623 1172 3692; x_wconf 81' lang='grc' dir='ltr'>τιθέμενοι,</span> <span class='ocrx_word' id='word_1_503' title='bbox 1210 3623 1358 3693; x_wconf 83' lang='grc' dir='ltr'><strong>αὑτῷ</strong></span> <span class='ocrx_word' id='word_1_504' title='bbox 1400 3627 1624 3678; x_wconf 82' lang='grc' dir='ltr'>Μωῦσεῖ</span> <span class='ocrx_word' id='word_1_505' title='bbox 1658 3628 1760 3678; x_wconf 81' lang='grc' dir='ltr'>κὰν</span> 
     </span>
    </p>
   </div>
   <div class='ocr_carea' id='block_1_69' title="bbox 177 3711 1762 3787">
    <p class='ocr_par' dir='ltr' id='par_1_69' title="bbox 177 3711 1762 3787">
     <span class='ocr_line' id='line_1_69' title="bbox 177 3711 1762 3787; baseline 0.006 -27"><span class='ocrx_word' id='word_1_506' title='bbox 177 3711 340 3782; x_wconf 74' lang='grc' dir='ltr'>ὀύτῳ</span> <span class='ocrx_word' id='word_1_507' title='bbox 370 3711 444 3764; x_wconf 72' lang='grc' dir='ltr'>τὰ</span> <span class='ocrx_word' id='word_1_508' title='bbox 475 3712 606 3780; x_wconf 68' lang='grc' dir='ltr'>φίλα</span> <span class='ocrx_word' id='word_1_509' title='bbox 646 3713 948 3776; x_wconf 72' lang='grc' dir='ltr'>ποιοῦντεςο</span> <span class='ocrx_word' id='word_1_510' title='bbox 991 3713 1069 3776; x_wconf 84' lang='grc' dir='ltr'>ὃς,</span> <span class='ocrx_word' id='word_1_511' title='bbox 1107 3715 1403 3784; x_wconf 72' lang='grc' dir='ltr'>προειπὼν,</span> <span class='ocrx_word' id='word_1_512' title='bbox 1452 3717 1532 3768; x_wconf 82' lang='grc' dir='ltr'>ὅτι</span> <span class='ocrx_word' id='word_1_513' title='bbox 1564 3734 1580 3766; x_wconf 80' lang='grc' dir='ltr'><strong>ι</strong></span> <span class='ocrx_word' id='word_1_514' title='bbox 1631 3734 1762 3787; x_wconf 81' lang='grc' dir='ltr'>προ-</span> 
     </span>
    </p>
   </div>
   <div class='ocr_carea' id='block_1_70' title="bbox 179 3801 1762 3875">
    <p class='ocr_par' dir='ltr' id='par_1_70' title="bbox 179 3801 1762 3875">
     <span class='ocr_line' id='line_1_70' title="bbox 179 3801 1762 3875; baseline 0.004 -23"><span class='ocrx_word' id='word_1_515' title='bbox 179 3801 342 3872; x_wconf 60' lang='grc' dir='ltr'>φξτην</span> <span class='ocrx_word' id='word_1_516' title='bbox 375 3803 675 3872; x_wconf 80' lang='grc' dir='ltr'>ἀναστήσει</span> <span class='ocrx_word' id='word_1_517' title='bbox 698 3803 898 3873; x_wconf 78' lang='grc' dir='ltr'>Κύριος</span> <span class='ocrx_word' id='word_1_518' title='bbox 925 3806 953 3856; x_wconf 91' lang='lat'><strong>6</strong></span> <span class='ocrx_word' id='word_1_519' title='bbox 973 3803 1103 3866; x_wconf 84' lang='grc' dir='ltr'>Θεὸς</span> <span class='ocrx_word' id='word_1_520' title='bbox 1135 3805 1316 3874; x_wconf 80' lang='grc' dir='ltr'>ὅμοιον</span> <span class='ocrx_word' id='word_1_521' title='bbox 1343 3805 1508 3875; x_wconf 74' lang='grc' dir='ltr'>αὐτῷ,</span> <span class='ocrx_word' id='word_1_522' title='bbox 1533 3825 1548 3855; x_wconf 76' lang='grc' dir='ltr'><strong>ι</strong></span> <span class='ocrx_word' id='word_1_523' title='bbox 1580 3808 1762 3860; x_wconf 79' lang='grc' dir='ltr'>ἐπιλέ-</span> 
     </span>
    </p>
   </div>
   <div class='ocr_carea' id='block_1_71' title="bbox 177 3898 1760 3971">
    <p class='ocr_par' dir='ltr' id='par_1_71' title="bbox 177 3898 1760 3971">
     <span class='ocr_line' id='line_1_71' title="bbox 177 3898 1760 3971; baseline 0.004 -25"><span class='ocrx_word' id='word_1_524' title='bbox 177 3909 279 3959; x_wconf 56' lang='lat' dir='ltr'><strong>ya-</strong></span> <span class='ocrx_word' id='word_1_525' title='bbox 321 3916 348 3947; x_wconf 72' lang='grc' dir='ltr'><strong><em>ι</em></strong></span> <span class='ocrx_word' id='word_1_526' title='bbox 386 3899 548 3950; x_wconf 74' lang='grc' dir='ltr'>Πᾶσα</span> <span class='ocrx_word' id='word_1_527' title='bbox 596 3899 652 3952; x_wconf 74' lang='grc' dir='ltr'>δὲ</span> <span class='ocrx_word' id='word_1_528' title='bbox 679 3899 844 3970; x_wconf 72' lang='grc' dir='ltr'>ψυχὴ,</span> <span class='ocrx_word' id='word_1_529' title='bbox 895 3900 1015 3968; x_wconf 74' lang='grc' dir='ltr'>ἥτις</span> <span class='ocrx_word' id='word_1_530' title='bbox 1047 3899 1119 3970; x_wconf 83' lang='grc' dir='ltr'>μὴ</span> <span class='ocrx_word' id='word_1_531' title='bbox 1173 3898 1460 3952; x_wconf 77' lang='grc' dir='ltr'>ἀκούσεται</span> <span class='ocrx_word' id='word_1_532' title='bbox 1500 3901 1594 3952; x_wconf 78' lang='grc' dir='ltr'><strong>τοῦ</strong></span> <span class='ocrx_word' id='word_1_533' title='bbox 1628 3919 1760 3971; x_wconf 80' lang='grc' dir='ltr'>προ-</span> 
     </span>
    </p>
   </div>
   <div class='ocr_carea' id='block_1_72' title="bbox 179 3989 1759 4062">
    <p class='ocr_par' dir='ltr' id='par_1_72' title="bbox 179 3989 1759 4062">
     <span class='ocr_line' id='line_1_72' title="bbox 179 3989 1759 4062; baseline 0.004 -21"><span class='ocrx_word' id='word_1_534' title='bbox 179 3989 338 4056; x_wconf 63' lang='grc' dir='ltr'>φήτου</span> <span class='ocrx_word' id='word_1_535' title='bbox 397 3990 648 4053; x_wconf 76' lang='grc' dir='ltr'>ἐκείνου,</span> <span class='ocrx_word' id='word_1_536' title='bbox 715 3990 1222 4062; x_wconf 81' lang='grc' dir='ltr'>ὲξολοθρευθήσεται</span> <span class='ocrx_word' id='word_1_537' title='bbox 1283 3993 1348 4044; x_wconf 78' lang='grc' dir='ltr'><strong>ἐκ</strong></span> <span class='ocrx_word' id='word_1_538' title='bbox 1409 3993 1503 4046; x_wconf 86' lang='grc' dir='ltr'><strong>τοῦ</strong></span> <span class='ocrx_word' id='word_1_539' title='bbox 1571 3993 1759 4062; x_wconf 84' lang='grc' dir='ltr'>γένους</span> 
     </span>
    </p>
   </div>
   <div class='ocr_carea' id='block_1_73' title="bbox 178 4081 1759 4155">
    <p class='ocr_par' dir='ltr' id='par_1_73' title="bbox 178 4081 1759 4155">
     <span class='ocr_line' id='line_1_73' title="bbox 178 4081 1759 4155; baseline 0.004 -25"><span class='ocrx_word' id='word_1_540' title='bbox 178 4081 358 4144; x_wconf 49' lang='grc' dir='ltr'>αὐτοις.</span> <span class='ocrx_word' id='word_1_541' title='bbox 403 4103 420 4130; x_wconf 72' lang='grc' dir='ltr'><strong>ι</strong></span> <span class='ocrx_word' id='word_1_542' title='bbox 461 4083 672 4134; x_wconf 75' lang='grc' dir='ltr'>Αὐτίκα</span> <span class='ocrx_word' id='word_1_543' title='bbox 733 4082 993 4145; x_wconf 87' lang='grc' dir='ltr'>Ἰουδαῖοι,</span> <span class='ocrx_word' id='word_1_544' title='bbox 1061 4082 1134 4153; x_wconf 86' lang='grc' dir='ltr'>μὴ</span> <span class='ocrx_word' id='word_1_545' title='bbox 1184 4083 1614 4155; x_wconf 78' lang='grc' dir='ltr'>παραδεξάμενοι</span> <span class='ocrx_word' id='word_1_546' title='bbox 1668 4085 1759 4138; x_wconf 82' lang='grc' dir='ltr'><strong>τὸν</strong></span> 
     </span>
    </p>
   </div>
   <div class='ocr_carea' id='block_1_74' title="bbox 197 4173 1756 4244">
    <p class='ocr_par' dir='ltr' id='par_1_74' title="bbox 197 4173 1756 4244">
     <span class='ocr_line' id='line_1_74' title="bbox 197 4173 1756 4244; baseline 0.004 -21"><span class='ocrx_word' id='word_1_547' title='bbox 197 4189 306 4242; x_wconf 53' lang='lat' dir='ltr'><strong>ego?</strong></span> <span class='ocrx_word' id='word_1_548' title='bbox 323 4176 480 4244; x_wconf 69' lang='grc' dir='ltr'>ῆτην,</span> <span class='ocrx_word' id='word_1_549' title='bbox 518 4174 641 4244; x_wconf 86' lang='grc' dir='ltr'>μηδ’</span> <span class='ocrx_word' id='word_1_550' title='bbox 682 4173 1085 4238; x_wconf 82' lang='grc' dir='ltr'>ὑπακούσαντες</span> <span class='ocrx_word' id='word_1_551' title='bbox 1128 4175 1290 4228; x_wconf 68' lang='grc' dir='ltr'>αὑτοῦ</span> <span class='ocrx_word' id='word_1_552' title='bbox 1320 4179 1431 4232; x_wconf 79' lang='grc' dir='ltr'>τοῖς</span> <span class='ocrx_word' id='word_1_553' title='bbox 1467 4175 1642 4243; x_wconf 84' lang='grc' dir='ltr'>ἁγίοις</span> <span class='ocrx_word' id='word_1_554' title='bbox 1668 4177 1756 4229; x_wconf 76' lang='grc' dir='ltr'><strong>λό-</strong></span> 
     </span>
    </p>
   </div>
   <div class='ocr_carea' id='block_1_75' title="bbox 178 4267 1755 4342">
    <p class='ocr_par' dir='ltr' id='par_1_75' title="bbox 178 4267 1755 4342">
     <span class='ocr_line' id='line_1_75' title="bbox 178 4267 1755 4342; baseline 0.003 -24"><span class='ocrx_word' id='word_1_555' title='bbox 178 4281 296 4330; x_wconf 65' lang='grc' dir='ltr'>γικ,</span> <span class='ocrx_word' id='word_1_556' title='bbox 338 4267 572 4338; x_wconf 76' lang='grc' dir='ltr'>ἔσχατον</span> <span class='ocrx_word' id='word_1_557' title='bbox 596 4268 892 4338; x_wconf 82' lang='grc' dir='ltr'>ὑπέμειναν</span> <span class='ocrx_word' id='word_1_558' title='bbox 924 4268 1164 4338; x_wconf 76' lang='grc' dir='ltr'>ὄλεθρον,</span> <span class='ocrx_word' id='word_1_559' title='bbox 1193 4268 1461 4322; x_wconf 82' lang='grc' dir='ltr'>ἀκόλουθα</span> <span class='ocrx_word' id='word_1_560' title='bbox 1492 4272 1557 4341; x_wconf 76' lang='grc' dir='ltr'>τῇ</span> <span class='ocrx_word' id='word_1_561' title='bbox 1584 4274 1755 4342; x_wconf 75' lang='grc' dir='ltr'>προρο</span> 
     </span>
    </p>
   </div>
   <div class='ocr_carea' id='block_1_76' title="bbox 183 4360 1756 4434">
    <p class='ocr_par' dir='ltr' id='par_1_76' title="bbox 183 4360 1756 4434">
     <span class='ocr_line' id='line_1_76' title="bbox 183 4360 1756 4434; baseline 0.003 -22"><span class='ocrx_word' id='word_1_562' title='bbox 183 4360 322 4428; x_wconf 81' lang='grc' dir='ltr'>ῥήσει</span> <span class='ocrx_word' id='word_1_563' title='bbox 359 4360 714 4423; x_wconf 81' lang='grc' dir='ltr'>πεπονθότες.</span> <span class='ocrx_word' id='word_1_564' title='bbox 753 4360 887 4414; x_wconf 71' lang='grc' dir='ltr'>Οὔτε</span> <span class='ocrx_word' id='word_1_565' title='bbox 921 4361 1029 4432; x_wconf 77' lang='grc' dir='ltr'>γὰρ</span> <span class='ocrx_word' id='word_1_566' title='bbox 1067 4361 1158 4413; x_wconf 79' lang='grc' dir='ltr'>τὸν</span> <span class='ocrx_word' id='word_1_567' title='bbox 1190 4360 1426 4431; x_wconf 74' lang='grc' dir='ltr'>Χριστοῦ</span> <span class='ocrx_word' id='word_1_568' title='bbox 1458 4363 1620 4432; x_wconf 83' lang='grc' dir='ltr'>νόμον</span> <span class='ocrx_word' id='word_1_569' title='bbox 1659 4365 1756 4434; x_wconf 74' lang='grc' dir='ltr'><strong>της</strong></span> 
     </span>
    </p>
   </div>
   <div class='ocr_carea' id='block_1_77' title="bbox 181 4447 1758 4524">
    <p class='ocr_par' dir='ltr' id='par_1_77' title="bbox 181 4447 1758 4524">
     <span class='ocr_line' id='line_1_77' title="bbox 181 4447 1758 4524; baseline 0.004 -24"><span class='ocrx_word' id='word_1_570' title='bbox 181 4447 378 4520; x_wconf 73' lang='grc' dir='ltr'>Καινῆς</span> <span class='ocrx_word' id='word_1_571' title='bbox 400 4449 679 4521; x_wconf 80' lang='grc' dir='ltr'>Διαθὴκης</span> <span class='ocrx_word' id='word_1_572' title='bbox 697 4451 1068 4517; x_wconf 79' lang='grc' dir='ltr'>κατεδέξαντο,</span> <span class='ocrx_word' id='word_1_573' title='bbox 1094 4451 1216 4504; x_wconf 74' lang='grc' dir='ltr'>οὔτε</span> <span class='ocrx_word' id='word_1_574' title='bbox 1242 4452 1308 4504; x_wconf 80' lang='grc' dir='ltr'>τὰ</span> <span class='ocrx_word' id='word_1_575' title='bbox 1328 4453 1601 4508; x_wconf 80' lang='grc' dir='ltr'>Μωῦσέως</span> <span class='ocrx_word' id='word_1_576' title='bbox 1620 4470 1758 4524; x_wconf 78' lang='grc' dir='ltr'>παρ-</span> 
     </span>
    </p>
   </div>
   <div class='ocr_carea' id='block_1_78' title="bbox 1864 3346 3440 3424">
    <p class='ocr_par' dir='ltr' id='par_1_78' title="bbox 1864 3346 3440 3424">
     <span class='ocr_line' id='line_1_78' title="bbox 1864 3346 3440 3424; baseline 0.003 -24"><span class='ocrx_word' id='word_1_577' title='bbox 1864 3346 1995 3400; x_wconf 88' lang='lat' dir='ltr'><strong>stris</strong></span> <span class='ocrx_word' id='word_1_578' title='bbox 2035 3346 2099 3400; x_wconf 86' lang='grc'><strong>¹⁰.</strong></span> <span class='ocrx_word' id='word_1_579' title='bbox 2135 3366 2153 3397; x_wconf 72' lang='grc' dir='ltr'><strong>ι</strong></span> <span class='ocrx_word' id='word_1_580' title='bbox 2180 3347 2289 3416; x_wconf 78' lang='lat'><strong>23</strong></span> <span class='ocrx_word' id='word_1_581' title='bbox 2314 3347 2470 3412; x_wconf 79' lang='lat' dir='ltr'><strong>Quod</strong></span> <span class='ocrx_word' id='word_1_582' title='bbox 2516 3350 2732 3418; x_wconf 87' lang='lat' dir='ltr'><strong>quidem</strong></span> <span class='ocrx_word' id='word_1_583' title='bbox 2783 3352 3064 3406; x_wconf 84' lang='lat' dir='ltr'><strong>oraculum</strong></span> <span class='ocrx_word' id='word_1_584' title='bbox 3088 3354 3247 3424; x_wconf 86' lang='lat' dir='ltr'><strong>plane</strong></span> <span class='ocrx_word' id='word_1_585' title='bbox 3273 3355 3440 3408; x_wconf 87' lang='lat' dir='ltr'><strong>etiam</strong></span> 
     </span>
    </p>
   </div>
   <div class='ocr_carea' id='block_1_79' title="bbox 1862 3435 3442 3512">
    <p class='ocr_par' dir='ltr' id='par_1_79' title="bbox 1862 3435 3442 3512">
     <span class='ocr_line' id='line_1_79' title="bbox 1862 3435 3442 3512; baseline 0.006 -24"><span class='ocrx_word' id='word_1_586' title='bbox 1862 3435 2149 3500; x_wconf 79' lang='lat' dir='ltr'><strong>indicavit,</strong></span> <span class='ocrx_word' id='word_1_587' title='bbox 2180 3456 2318 3508; x_wconf 85' lang='lat' dir='ltr'><strong>quas</strong></span> <span class='ocrx_word' id='word_1_588' title='bbox 2349 3455 2378 3491; x_wconf 91' lang='lat' dir='ltr'><strong>a</strong></span> <span class='ocrx_word' id='word_1_589' title='bbox 2424 3438 2626 3494; x_wconf 57' lang='lat' dir='ltr'><strong>Juda’is</strong></span> <span class='ocrx_word' id='word_1_590' title='bbox 2657 3441 2904 3508; x_wconf 88' lang='lat' dir='ltr'><strong>insidias,</strong></span> <span class='ocrx_word' id='word_1_591' title='bbox 2935 3443 3002 3497; x_wconf 88' lang='lat' dir='ltr'><strong>de</strong></span> <span class='ocrx_word' id='word_1_592' title='bbox 3042 3459 3151 3512; x_wconf 91' lang='lat' dir='ltr'><strong>quo</strong></span> <span class='ocrx_word' id='word_1_593' title='bbox 3175 3446 3442 3498; x_wconf 54' lang='lat' dir='ltr'><strong>vaticina.</strong></span> 
     </span>
    </p>
   </div>
   <div class='ocr_carea' id='block_1_80' title="bbox 1863 3533 3439 3600">
    <p class='ocr_par' dir='ltr' id='par_1_80' title="bbox 1863 3533 3439 3600">
     <span class='ocr_line' id='line_1_80' title="bbox 1863 3533 3439 3600; baseline 0.005 -19"><span class='ocrx_word' id='word_1_594' title='bbox 1863 3536 1973 3590; x_wconf 89' lang='lat' dir='ltr'><strong>tur,</strong></span> <span class='ocrx_word' id='word_1_595' title='bbox 2009 3545 2206 3598; x_wconf 87' lang='lat' dir='ltr'><strong>passus</strong></span> <span class='ocrx_word' id='word_1_596' title='bbox 2231 3538 2316 3584; x_wconf 85' lang='lat' dir='ltr'><strong>est</strong></span> <span class='ocrx_word' id='word_1_597' title='bbox 2354 3550 2367 3584; x_wconf 85' lang='grc' dir='ltr'><strong>ι</strong></span> <span class='ocrx_word' id='word_1_598' title='bbox 2407 3533 2628 3600; x_wconf 89' lang='lat' dir='ltr'><strong>quando</strong></span> <span class='ocrx_word' id='word_1_599' title='bbox 2668 3533 2820 3585; x_wconf 92' lang='lat' dir='ltr'><strong>illum</strong></span> <span class='ocrx_word' id='word_1_600' title='bbox 2856 3548 2885 3585; x_wconf 91' lang='lat' dir='ltr'><strong>a</strong></span> <span class='ocrx_word' id='word_1_601' title='bbox 2923 3533 3131 3588; x_wconf 80' lang='lat' dir='ltr'><strong>Scribis</strong></span> <span class='ocrx_word' id='word_1_602' title='bbox 3166 3545 3218 3588; x_wconf 92' lang='lat' dir='ltr'><strong>et</strong></span> <span class='ocrx_word' id='word_1_603' title='bbox 3243 3534 3439 3588; x_wconf 86' lang='lat' dir='ltr'><strong>Phari-</strong></span> 
     </span>
    </p>
   </div>
   <div class='ocr_carea' id='block_1_81' title="bbox 1863 3622 3440 3692">
    <p class='ocr_par' dir='ltr' id='par_1_81' title="bbox 1863 3622 3440 3692">
     <span class='ocr_line' id='line_1_81' title="bbox 1863 3622 3440 3692; baseline 0.002 -17"><span class='ocrx_word' id='word_1_604' title='bbox 1863 3622 2006 3681; x_wconf 65' lang='lat' dir='ltr'><strong>sseis.</strong></span> <span class='ocrx_word' id='word_1_605' title='bbox 2041 3631 2094 3676; x_wconf 90' lang='lat' dir='ltr'><strong>et</strong></span> <span class='ocrx_word' id='word_1_606' title='bbox 2124 3625 2465 3676; x_wconf 87' lang='lat' dir='ltr'><strong>sacerdotum</strong></span> <span class='ocrx_word' id='word_1_607' title='bbox 2497 3623 2858 3692; x_wconf 82' lang='lat' dir='ltr'><strong>principibus,</strong></span> <span class='ocrx_word' id='word_1_608' title='bbox 2883 3633 2933 3678; x_wconf 89' lang='lat' dir='ltr'><strong>et</strong></span> <span class='ocrx_word' id='word_1_609' title='bbox 2952 3627 3206 3680; x_wconf 91' lang='lat' dir='ltr'><strong>omnibus</strong></span> <span class='ocrx_word' id='word_1_610' title='bbox 3223 3623 3440 3680; x_wconf 61' lang='lat' dir='ltr'><strong>Judaeu-</strong></span> 
     </span>
    </p>
   </div>
   <div class='ocr_carea' id='block_1_82' title="bbox 1861 3713 3439 3785">
    <p class='ocr_par' dir='ltr' id='par_1_82' title="bbox 1861 3713 3439 3785">
     <span class='ocr_line' id='line_1_82' title="bbox 1861 3713 3439 3785; baseline 0.004 -18"><span class='ocrx_word' id='word_1_611' title='bbox 1861 3731 1982 3767; x_wconf 87' lang='lat' dir='ltr'><strong>rum</strong></span> <span class='ocrx_word' id='word_1_612' title='bbox 2019 3715 2446 3783; x_wconf 83' lang='lat' dir='ltr'><strong>magistratibus,</strong></span> <span class='ocrx_word' id='word_1_613' title='bbox 2475 3713 2567 3782; x_wconf 90' lang='lat' dir='ltr'><strong>qui</strong></span> <span class='ocrx_word' id='word_1_614' title='bbox 2595 3722 2831 3769; x_wconf 83' lang='lat' dir='ltr'><strong>veterem</strong></span> <span class='ocrx_word' id='word_1_615' title='bbox 2859 3718 3116 3785; x_wconf 88' lang='lat' dir='ltr'><strong>parietem</strong></span> <span class='ocrx_word' id='word_1_616' title='bbox 3152 3727 3439 3773; x_wconf 80' lang='lat' dir='ltr'><strong>construc-</strong></span> 
     </span>
    </p>
   </div>
   <div class='ocr_carea' id='block_1_83' title="bbox 1861 3807 3438 3879">
    <p class='ocr_par' dir='ltr' id='par_1_83' title="bbox 1861 3807 3438 3879">
     <span class='ocr_line' id='line_1_83' title="bbox 1861 3807 3438 3879; baseline 0.003 -19"><span class='ocrx_word' id='word_1_617' title='bbox 1861 3808 2012 3870; x_wconf 81' lang='lat' dir='ltr'><strong>bant,</strong></span> <span class='ocrx_word' id='word_1_618' title='bbox 2049 3809 2390 3877; x_wconf 87' lang='lat' dir='ltr'><strong>repudiatum</strong></span> <span class='ocrx_word' id='word_1_619' title='bbox 2420 3807 2610 3874; x_wconf 80' lang='lat' dir='ltr'><strong>fuisse,</strong></span> <span class='ocrx_word' id='word_1_620' title='bbox 2638 3807 2922 3861; x_wconf 82' lang='lat' dir='ltr'><strong>divinavit.</strong></span> <span class='ocrx_word' id='word_1_621' title='bbox 2947 3808 3052 3863; x_wconf 88' lang='lat' dir='ltr'><strong>Sed</strong></span> <span class='ocrx_word' id='word_1_622' title='bbox 3073 3818 3257 3863; x_wconf 84' lang='lat' dir='ltr'><strong>tamen</strong></span> <span class='ocrx_word' id='word_1_623' title='bbox 3286 3821 3438 3879; x_wconf 81' lang='lat' dir='ltr'><strong>post-</strong></span> 
     </span>
    </p>
   </div>
   <div class='ocr_carea' id='block_1_84' title="bbox 1861 3897 3431 3966">
    <p class='ocr_par' dir='ltr' id='par_1_84' title="bbox 1861 3897 3431 3966">
     <span class='ocr_line' id='line_1_84' title="bbox 1861 3897 3431 3966; baseline 0.003 -18"><span class='ocrx_word' id='word_1_624' title='bbox 1861 3912 2022 3964; x_wconf 89' lang='lat' dir='ltr'><strong>quam</strong></span> <span class='ocrx_word' id='word_1_625' title='bbox 2055 3897 2253 3949; x_wconf 88' lang='lat' dir='ltr'><strong>abillis</strong></span> <span class='ocrx_word' id='word_1_626' title='bbox 2280 3904 2621 3966; x_wconf 89' lang='lat' dir='ltr'><strong>contemptus</strong></span> <span class='ocrx_word' id='word_1_627' title='bbox 2662 3897 2734 3950; x_wconf 86' lang='lat' dir='ltr'><strong>sit</strong></span> <span class='ocrx_word' id='word_1_628' title='bbox 2767 3904 2820 3950; x_wconf 88' lang='lat' dir='ltr'><strong>et</strong></span> <span class='ocrx_word' id='word_1_629' title='bbox 2858 3898 3103 3966; x_wconf 86' lang='lat' dir='ltr'><strong>abjcctus</strong></span> <span class='ocrx_word' id='word_1_630' title='bbox 3126 3937 3141 3963; x_wconf 93' lang='lat'><strong>,</strong></span> <span class='ocrx_word' id='word_1_631' title='bbox 3186 3899 3431 3954; x_wconf 77' lang='lat' dir='ltr'><strong>futurum</strong></span> 
     </span>
    </p>
   </div>
   <div class='ocr_carea' id='block_1_85' title="bbox 1861 3987 3434 4060">
    <p class='ocr_par' dir='ltr' id='par_1_85' title="bbox 1861 3987 3434 4060">
     <span class='ocr_line' id='line_1_85' title="bbox 1861 3987 3434 4060; baseline 0.004 -20"><span class='ocrx_word' id='word_1_632' title='bbox 1861 3987 2014 4040; x_wconf 91' lang='lat' dir='ltr'><strong>illum</strong></span> <span class='ocrx_word' id='word_1_633' title='bbox 2040 3988 2090 4040; x_wconf 92' lang='lat' dir='ltr'><strong>in</strong></span> <span class='ocrx_word' id='word_1_634' title='bbox 2123 3996 2287 4056; x_wconf 86' lang='lat' dir='ltr'><strong>caput</strong></span> <span class='ocrx_word' id='word_1_635' title='bbox 2317 3988 2521 4058; x_wconf 87' lang='lat' dir='ltr'><strong>anguli,</strong></span> <span class='ocrx_word' id='word_1_636' title='bbox 2552 3996 2606 4042; x_wconf 91' lang='lat' dir='ltr'><strong>et</strong></span> <span class='ocrx_word' id='word_1_637' title='bbox 2635 3989 2826 4042; x_wconf 89' lang='lat' dir='ltr'><strong>ducem</strong></span> <span class='ocrx_word' id='word_1_638' title='bbox 2853 3991 3267 4060; x_wconf 88' lang='lat' dir='ltr'><strong>principemque</strong></span> <span class='ocrx_word' id='word_1_639' title='bbox 3298 3991 3434 4047; x_wconf 74' lang='lat' dir='ltr'><strong>Novi</strong></span> 
     </span>
    </p>
   </div>
   <div class='ocr_carea' id='block_1_86' title="bbox 1858 4073 3431 4145">
    <p class='ocr_par' dir='ltr' id='par_1_86' title="bbox 1858 4073 3431 4145">
     <span class='ocr_line' id='line_1_86' title="bbox 1858 4073 3431 4145; baseline 0.003 -15"><span class='ocrx_word' id='word_1_640' title='bbox 1858 4073 2194 4131; x_wconf 86' lang='lat' dir='ltr'><strong>Testamenti</strong></span> <span class='ocrx_word' id='word_1_641' title='bbox 2228 4079 2669 4132; x_wconf 82' lang='lat' dir='ltr'><strong>constituendum</strong></span> <span class='ocrx_word' id='word_1_642' title='bbox 2701 4095 2807 4133; x_wconf 91' lang='lat' dir='ltr'><strong>non</strong></span> <span class='ocrx_word' id='word_1_643' title='bbox 2850 4082 3040 4145; x_wconf 89' lang='lat' dir='ltr'><strong>tacuit,</strong></span> <span class='ocrx_word' id='word_1_644' title='bbox 3067 4095 3431 4139; x_wconf 84' lang='lat' dir='ltr'><strong>consentanea</strong></span> 
     </span>
    </p>
   </div>
   <div class='ocr_carea' id='block_1_87' title="bbox 1862 4166 3433 4242">
    <p class='ocr_par' dir='ltr' id='par_1_87' title="bbox 1862 4166 3433 4242">
     <span class='ocr_line' id='line_1_87' title="bbox 1862 4166 3433 4242; baseline 0.006 -24"><span class='ocrx_word' id='word_1_645' title='bbox 1862 4166 1930 4222; x_wconf 88' lang='lat' dir='ltr'><strong>iis</strong></span> <span class='ocrx_word' id='word_1_646' title='bbox 1960 4167 2264 4236; x_wconf 81' lang='lat' dir='ltr'><strong>proferens,</strong></span> <span class='ocrx_word' id='word_1_647' title='bbox 2297 4185 2416 4238; x_wconf 56' lang='lat' dir='ltr'><strong>quae</strong></span> <span class='ocrx_word' id='word_1_648' title='bbox 2445 4186 2474 4224; x_wconf 87' lang='lat' dir='ltr'><strong>a</strong></span> <span class='ocrx_word' id='word_1_649' title='bbox 2529 4171 2686 4226; x_wconf 89' lang='lat' dir='ltr'><strong>nobis</strong></span> <span class='ocrx_word' id='word_1_650' title='bbox 2749 4175 3002 4242; x_wconf 85' lang='lat' dir='ltr'><strong>superius</strong></span> <span class='ocrx_word' id='word_1_651' title='bbox 3060 4175 3433 4229; x_wconf 84' lang='lat' dir='ltr'><strong>demonstrata</strong></span> 
     </span>
    </p>
   </div>
   <div class='ocr_carea' id='block_1_88' title="bbox 1861 4260 3431 4332">
    <p class='ocr_par' dir='ltr' id='par_1_88' title="bbox 1861 4260 3431 4332">
     <span class='ocr_line' id='line_1_88' title="bbox 1861 4260 3431 4332; baseline 0.004 -18"><span class='ocrx_word' id='word_1_652' title='bbox 1861 4271 2009 4314; x_wconf 85' lang='lat' dir='ltr'><strong>sunt.</strong></span> <span class='ocrx_word' id='word_1_653' title='bbox 2053 4260 2161 4315; x_wconf 88' lang='lat' dir='ltr'><strong>Nos</strong></span> <span class='ocrx_word' id='word_1_654' title='bbox 2193 4262 2365 4332; x_wconf 75' lang='lat' dir='ltr'><strong>igitur</strong></span> <span class='ocrx_word' id='word_1_655' title='bbox 2397 4264 2644 4331; x_wconf 85' lang='lat' dir='ltr'><strong>quamvis</strong></span> <span class='ocrx_word' id='word_1_656' title='bbox 2676 4279 2706 4318; x_wconf 91' lang='lat' dir='ltr'><strong>a</strong></span> <span class='ocrx_word' id='word_1_657' title='bbox 2750 4263 2940 4320; x_wconf 66' lang='lat' dir='ltr'><strong>Graeco</strong></span> <span class='ocrx_word' id='word_1_658' title='bbox 2987 4267 3095 4320; x_wconf 90' lang='lat' dir='ltr'><strong>ritu</strong></span> <span class='ocrx_word' id='word_1_659' title='bbox 3133 4268 3431 4321; x_wconf 88' lang='lat' dir='ltr'><strong>recesseri-</strong></span> 
     </span>
    </p>
   </div>
   <div class='ocr_carea' id='block_1_89' title="bbox 1859 4353 3434 4425">
    <p class='ocr_par' dir='ltr' id='par_1_89' title="bbox 1859 4353 3434 4425">
     <span class='ocr_line' id='line_1_89' title="bbox 1859 4353 3434 4425; baseline 0.004 -22"><span class='ocrx_word' id='word_1_660' title='bbox 1859 4366 2001 4424; x_wconf 75' lang='lat' dir='ltr'><strong>mus.</strong></span> <span class='ocrx_word' id='word_1_661' title='bbox 2037 4368 2144 4406; x_wconf 90' lang='lat' dir='ltr'><strong>non</strong></span> <span class='ocrx_word' id='word_1_662' title='bbox 2195 4355 2487 4408; x_wconf 83' lang='lat' dir='ltr'><strong>recidimus</strong></span> <span class='ocrx_word' id='word_1_663' title='bbox 2524 4355 2578 4408; x_wconf 91' lang='lat' dir='ltr'><strong>in</strong></span> <span class='ocrx_word' id='word_1_664' title='bbox 2616 4353 2927 4418; x_wconf 84' lang='lat' dir='ltr'><strong>Judaicum,</strong></span> <span class='ocrx_word' id='word_1_665' title='bbox 2959 4372 3135 4425; x_wconf 89' lang='lat' dir='ltr'><strong>neque</strong></span> <span class='ocrx_word' id='word_1_666' title='bbox 3167 4357 3434 4425; x_wconf 80' lang='lat' dir='ltr'><strong>delinqui-</strong></span> 
     </span>
    </p>
   </div>
   <div class='ocr_carea' id='block_1_90' title="bbox 1860 4443 3431 4516">
    <p class='ocr_par' dir='ltr' id='par_1_90' title="bbox 1860 4443 3431 4516">
     <span class='ocr_line' id='line_1_90' title="bbox 1860 4443 3431 4516; baseline 0.005 -22"><span class='ocrx_word' id='word_1_667' title='bbox 1860 4457 2002 4507; x_wconf 91' lang='lat' dir='ltr'><strong>mus,</strong></span> <span class='ocrx_word' id='word_1_668' title='bbox 2037 4443 2163 4497; x_wconf 87' lang='lat' dir='ltr'><strong>licet</strong></span> <span class='ocrx_word' id='word_1_669' title='bbox 2209 4443 2374 4498; x_wconf 69' lang='lat' dir='ltr'><strong>Hosis</strong></span> <span class='ocrx_word' id='word_1_670' title='bbox 2431 4447 2601 4516; x_wconf 82' lang='lat' dir='ltr'><strong>legem</strong></span> <span class='ocrx_word' id='word_1_671' title='bbox 2633 4457 2688 4502; x_wconf 84' lang='lat' dir='ltr'><strong>et</strong></span> <span class='ocrx_word' id='word_1_672' title='bbox 2739 4446 3091 4501; x_wconf 70' lang='lat' dir='ltr'><strong>Hebraeorum</strong></span> <span class='ocrx_word' id='word_1_673' title='bbox 3137 4449 3431 4516; x_wconf 86' lang='lat' dir='ltr'><strong>prophetas</strong></span> 
     </span>
    </p>
   </div>
   <div class='ocr_carea' id='block_1_91' title="bbox 179 4536 1763 4611">
    <p class='ocr_par' dir='ltr' id='par_1_91' title="bbox 179 4537 1755 4611">
     <span class='ocr_line' id='line_1_91' title="bbox 179 4537 1755 4611; baseline 0.005 -23"><span class='ocrx_word' id='word_1_674' title='bbox 179 4539 490 4609; x_wconf 69' lang='grc' dir='ltr'>ατγέλματα</span> <span class='ocrx_word' id='word_1_675' title='bbox 538 4538 661 4609; x_wconf 84' lang='grc' dir='ltr'>δίχα</span> <span class='ocrx_word' id='word_1_676' title='bbox 706 4541 1049 4611; x_wconf 77' lang='grc' dir='ltr'>παρανομίας</span> <span class='ocrx_word' id='word_1_677' title='bbox 1094 4538 1193 4593; x_wconf 76' lang='grc' dir='ltr'>οἷοί</span> <span class='ocrx_word' id='word_1_678' title='bbox 1237 4543 1285 4592; x_wconf 89' lang='grc' dir='ltr'>τ’</span> <span class='ocrx_word' id='word_1_679' title='bbox 1319 4540 1383 4593; x_wconf 80' lang='grc' dir='ltr'><strong>ἂν</strong></span> <span class='ocrx_word' id='word_1_680' title='bbox 1417 4537 1524 4594; x_wconf 80' lang='grc' dir='ltr'>εἶεν</span> <span class='ocrx_word' id='word_1_681' title='bbox 1555 4543 1755 4611; x_wconf 77' lang='grc' dir='ltr'>φυλάσ-</span> 
     </span>
    </p>
   </div>
   <div class='ocr_carea' id='block_1_92' title="bbox 1865 4536 3430 4611">
    <p class='ocr_par' dir='ltr' id='par_1_92' title="bbox 1865 4536 3430 4605">
     <span class='ocr_line' id='line_1_92' title="bbox 1865 4536 3430 4605; baseline 0.003 -18"><span class='ocrx_word' id='word_1_682' title='bbox 1865 4536 2253 4605; x_wconf 80' lang='lat' dir='ltr'><strong>acceperimus,</strong></span> <span class='ocrx_word' id='word_1_683' title='bbox 2302 4551 2410 4590; x_wconf 89' lang='lat' dir='ltr'><strong>non</strong></span> <span class='ocrx_word' id='word_1_684' title='bbox 2455 4536 2681 4592; x_wconf 78' lang='lat' dir='ltr'><strong>Judaice</strong></span> <span class='ocrx_word' id='word_1_685' title='bbox 2707 4546 2908 4602; x_wconf 87' lang='lat' dir='ltr'><strong>autem,</strong></span> <span class='ocrx_word' id='word_1_686' title='bbox 2956 4537 3050 4592; x_wconf 86' lang='lat' dir='ltr'><strong>sed</strong></span> <span class='ocrx_word' id='word_1_687' title='bbox 3101 4538 3169 4591; x_wconf 89' lang='lat' dir='ltr'><strong>ad</strong></span> <span class='ocrx_word' id='word_1_688' title='bbox 3223 4554 3430 4593; x_wconf 83' lang='lat' dir='ltr'><strong>morem</strong></span> 
     </span>
    </p>
   </div>
   <div class='ocr_carea' id='block_1_93' title="bbox 181 4631 1754 4704">
    <p class='ocr_par' dir='ltr' id='par_1_93' title="bbox 181 4631 1754 4704">
     <span class='ocr_line' id='line_1_93' title="bbox 181 4631 1754 4704; baseline 0.003 -22"><span class='ocrx_word' id='word_1_689' title='bbox 181 4646 278 4684; x_wconf 77' lang='grc' dir='ltr'>σειν</span> <span class='ocrx_word' id='word_1_690' title='bbox 303 4649 320 4661; x_wconf 89' lang='grc'><strong>·</strong></span> <span class='ocrx_word' id='word_1_691' title='bbox 348 4631 434 4683; x_wconf 80' lang='grc' dir='ltr'><strong>διὸ</strong></span> <span class='ocrx_word' id='word_1_692' title='bbox 474 4632 569 4683; x_wconf 78' lang='grc' dir='ltr'><strong>καὶ</strong></span> <span class='ocrx_word' id='word_1_693' title='bbox 599 4634 666 4701; x_wconf 82' lang='grc' dir='ltr'>τῇ</span> <span class='ocrx_word' id='word_1_694' title='bbox 704 4632 945 4694; x_wconf 84' lang='grc' dir='ltr'>Μωσέως</span> <span class='ocrx_word' id='word_1_695' title='bbox 981 4632 1377 4703; x_wconf 77' lang='grc' dir='ltr'>ὑποϐέϐληνται</span> <span class='ocrx_word' id='word_1_696' title='bbox 1410 4634 1645 4704; x_wconf 71' lang='grc' dir='ltr'>κατάρᾳ,</span> <span class='ocrx_word' id='word_1_697' title='bbox 1677 4634 1754 4704; x_wconf 84' lang='grc' dir='ltr'>τῷ</span> 
     </span>
    </p>
   </div>
   <div class='ocr_carea' id='block_1_94' title="bbox 182 4719 1758 4797">
    <p class='ocr_par' dir='ltr' id='par_1_94' title="bbox 182 4719 1758 4797">
     <span class='ocr_line' id='line_1_94' title="bbox 182 4719 1758 4797; baseline 0.002 -20"><span class='ocrx_word' id='word_1_698' title='bbox 182 4723 300 4792; x_wconf 77' lang='grc' dir='ltr'>μηδὲ</span> <span class='ocrx_word' id='word_1_699' title='bbox 337 4722 569 4776; x_wconf 73' lang='grc' dir='ltr'>δυνατὸν</span> <span class='ocrx_word' id='word_1_700' title='bbox 610 4723 792 4787; x_wconf 79' lang='grc' dir='ltr'>αὐτοῖς</span> <span class='ocrx_word' id='word_1_701' title='bbox 822 4719 960 4776; x_wconf 83' lang='grc' dir='ltr'>εἶναι</span> <span class='ocrx_word' id='word_1_702' title='bbox 992 4723 1060 4776; x_wconf 77' lang='grc' dir='ltr'>τὰ</span> <span class='ocrx_word' id='word_1_703' title='bbox 1102 4723 1253 4794; x_wconf 77' lang='grc' dir='ltr'>παρὰ</span> <span class='ocrx_word' id='word_1_704' title='bbox 1294 4725 1516 4777; x_wconf 79' lang='grc' dir='ltr'>Μωῦσεῖ</span> <span class='ocrx_word' id='word_1_705' title='bbox 1539 4743 1758 4797; x_wconf 88' lang='grc' dir='ltr'>νενομο-</span> 
     </span>
    </p>
   </div>
   <div class='ocr_carea' id='block_1_95' title="bbox 177 4813 1754 4889">
    <p class='ocr_par' dir='ltr' id='par_1_95' title="bbox 177 4813 1754 4889">
     <span class='ocr_line' id='line_1_95' title="bbox 177 4813 1754 4889; baseline 0.004 -25"><span class='ocrx_word' id='word_1_706' title='bbox 177 4813 440 4887; x_wconf 83' lang='grc' dir='ltr'>θετημένα</span> <span class='ocrx_word' id='word_1_707' title='bbox 466 4815 762 4874; x_wconf 85' lang='grc' dir='ltr'>συντελεῖν,</span> <span class='ocrx_word' id='word_1_708' title='bbox 787 4821 1196 4887; x_wconf 76' lang='grc' dir='ltr'>περιῃρημένης</span> <span class='ocrx_word' id='word_1_709' title='bbox 1221 4816 1402 4869; x_wconf 71' lang='grc' dir='ltr'>αὐτῶν</span> <span class='ocrx_word' id='word_1_710' title='bbox 1423 4817 1522 4886; x_wconf 62' lang='grc' dir='ltr'>τῆς</span> <span class='ocrx_word' id='word_1_711' title='bbox 1552 4835 1754 4889; x_wconf 87' lang='grc' dir='ltr'>μητρο-</span> 
     </span>
    </p>
   </div>
   <div class='ocr_carea' id='block_1_96' title="bbox 178 4906 1752 4979">
    <p class='ocr_par' dir='ltr' id='par_1_96' title="bbox 178 4906 1752 4979">
     <span class='ocr_line' id='line_1_96' title="bbox 178 4906 1752 4979; baseline 0.002 -20"><span class='ocrx_word' id='word_1_712' title='bbox 178 4908 391 4971; x_wconf 69' lang='grc' dir='ltr'>πολεως.</span> <span class='ocrx_word' id='word_1_713' title='bbox 425 4906 524 4960; x_wconf 66' lang='grc' dir='ltr'><strong>καὶ</strong></span> <span class='ocrx_word' id='word_1_714' title='bbox 550 4907 1050 4979; x_wconf 70' lang='grc' dir='ltr'>ἀποκεκλεισμένης</span> <span class='ocrx_word' id='word_1_715' title='bbox 1079 4908 1175 4979; x_wconf 85' lang='grc' dir='ltr'>τῆς</span> <span class='ocrx_word' id='word_1_716' title='bbox 1217 4909 1376 4979; x_wconf 87' lang='grc' dir='ltr'>μόνον</span> <span class='ocrx_word' id='word_1_717' title='bbox 1409 4910 1594 4962; x_wconf 83' lang='grc' dir='ltr'>αὐτόοι</span> <span class='ocrx_word' id='word_1_718' title='bbox 1621 4927 1752 4978; x_wconf 76' lang='grc' dir='ltr'>συγ-</span> 
     </span>
    </p>
   </div>
   <div class='ocr_carea' id='block_1_97' title="bbox 177 4999 1742 5073">
    <p class='ocr_par' dir='ltr' id='par_1_97' title="bbox 177 4999 1742 5073">
     <span class='ocr_line' id='line_1_97' title="bbox 177 4999 1742 5073; baseline 0.004 -23"><span class='ocrx_word' id='word_1_719' title='bbox 177 4999 559 5071; x_wconf 78' lang='grc' dir='ltr'>κεχωρημένης</span> <span class='ocrx_word' id='word_1_720' title='bbox 614 4999 974 5052; x_wconf 80' lang='grc' dir='ltr'>ἐπιτελεῖσθαι</span> <span class='ocrx_word' id='word_1_721' title='bbox 1034 5001 1366 5073; x_wconf 78' lang='grc' dir='ltr'>Μωῦσαῖκῆς</span> <span class='ocrx_word' id='word_1_722' title='bbox 1431 5003 1742 5073; x_wconf 86' lang='grc' dir='ltr'>θρησκείας.</span> 
     </span>
    </p>
   </div>
   <div class='ocr_carea' id='block_1_98' title="bbox 186 5085 1744 5162">
    <p class='ocr_par' dir='ltr' id='par_1_98' title="bbox 186 5085 1744 5162">
     <span class='ocr_line' id='line_1_98' title="bbox 186 5085 1744 5162; baseline 0.003 -22"><span class='ocrx_word' id='word_1_723' title='bbox 186 5085 360 5158; x_wconf 52' lang='grc' dir='ltr'>Ἦμεξ</span> <span class='ocrx_word' id='word_1_724' title='bbox 389 5089 472 5150; x_wconf 88' lang='grc' dir='ltr'><strong>δὲ,</strong></span> <span class='ocrx_word' id='word_1_725' title='bbox 531 5086 622 5142; x_wconf 80' lang='grc' dir='ltr'>τὸν</span> <span class='ocrx_word' id='word_1_726' title='bbox 655 5089 760 5141; x_wconf 77' lang='grc' dir='ltr'>ὑπὸ</span> <span class='ocrx_word' id='word_1_727' title='bbox 803 5089 1044 5150; x_wconf 81' lang='grc' dir='ltr'>Μωσέως</span> <span class='ocrx_word' id='word_1_728' title='bbox 1090 5090 1182 5142; x_wconf 76' lang='grc' dir='ltr'>καὶ</span> <span class='ocrx_word' id='word_1_729' title='bbox 1215 5089 1324 5141; x_wconf 83' lang='grc' dir='ltr'>τῶν</span> <span class='ocrx_word' id='word_1_730' title='bbox 1374 5089 1573 5143; x_wconf 79' lang='grc' dir='ltr'>λοιπῶν</span> <span class='ocrx_word' id='word_1_731' title='bbox 1609 5109 1744 5162; x_wconf 87' lang='grc' dir='ltr'>προ-</span> 
     </span>
    </p>
   </div>
   <div class='ocr_carea' id='block_1_99' title="bbox 179 5179 1744 5253">
    <p class='ocr_par' dir='ltr' id='par_1_99' title="bbox 179 5179 1744 5253">
     <span class='ocr_line' id='line_1_99' title="bbox 179 5179 1744 5253; baseline -0.001 -19"><span class='ocrx_word' id='word_1_732' title='bbox 179 5182 346 5250; x_wconf 71' lang='grc' dir='ltr'>φητῶν</span> <span class='ocrx_word' id='word_1_733' title='bbox 375 5180 821 5250; x_wconf 82' lang='grc' dir='ltr'>κατηγγελμένον</span> <span class='ocrx_word' id='word_1_734' title='bbox 854 5179 1260 5250; x_wconf 77' lang='grc' dir='ltr'>ἀποδεξάμενοι,</span> <span class='ocrx_word' id='word_1_735' title='bbox 1292 5181 1384 5234; x_wconf 79' lang='grc' dir='ltr'>καί.</span> <span class='ocrx_word' id='word_1_736' title='bbox 1422 5182 1594 5253; x_wconf 74' lang='grc' dir='ltr'>τούτῳ</span> <span class='ocrx_word' id='word_1_737' title='bbox 1622 5184 1744 5238; x_wconf 80' lang='grc' dir='ltr'>πεί-</span> 
     </span>
    </p>
   </div>
   <div class='ocr_carea' id='block_1_100' title="bbox 178 5271 1745 5345">
    <p class='ocr_par' dir='ltr' id='par_1_100' title="bbox 178 5271 1745 5345">
     <span class='ocr_line' id='line_1_100' title="bbox 178 5271 1745 5345; baseline 0.004 -24"><span class='ocrx_word' id='word_1_738' title='bbox 178 5271 344 5326; x_wconf 79' lang='grc' dir='ltr'>θεσθαι</span> <span class='ocrx_word' id='word_1_739' title='bbox 364 5273 438 5325; x_wconf 88' lang='grc' dir='ltr'>δι’</span> <span class='ocrx_word' id='word_1_740' title='bbox 470 5272 634 5342; x_wconf 76' lang='grc' dir='ltr'>εὐχῆς</span> <span class='ocrx_word' id='word_1_741' title='bbox 665 5271 992 5342; x_wconf 78' lang='grc' dir='ltr'>ποιούμενοι,</span> <span class='ocrx_word' id='word_1_742' title='bbox 1023 5272 1305 5344; x_wconf 71' lang='grc' dir='ltr'>πληρωταὶ</span> <span class='ocrx_word' id='word_1_743' title='bbox 1340 5273 1404 5325; x_wconf 83' lang='grc' dir='ltr'>ἂν</span> <span class='ocrx_word' id='word_1_744' title='bbox 1432 5275 1620 5344; x_wconf 76' lang='grc' dir='ltr'>εἴημεν</span> <span class='ocrx_word' id='word_1_745' title='bbox 1649 5276 1745 5345; x_wconf 76' lang='grc' dir='ltr'>τῆς</span> 
     </span>
    </p>
   </div>
   <div class='ocr_carea' id='block_1_101' title="bbox 179 5358 1743 5432">
    <p class='ocr_par' dir='ltr' id='par_1_101' title="bbox 179 5358 1743 5432">
     <span class='ocr_line' id='line_1_101' title="bbox 179 5358 1743 5432; baseline 0.003 -22"><span class='ocrx_word' id='word_1_746' title='bbox 179 5359 441 5423; x_wconf 80' lang='grc' dir='ltr'>Μωῦσέως</span> <span class='ocrx_word' id='word_1_747' title='bbox 501 5360 908 5431; x_wconf 80' lang='grc' dir='ltr'>παραγγελίας,</span> <span class='ocrx_word' id='word_1_748' title='bbox 959 5360 1024 5414; x_wconf 88' lang='grc' dir='ltr'>δι’</span> <span class='ocrx_word' id='word_1_749' title='bbox 1076 5358 1143 5432; x_wconf 82' lang='grc' dir='ltr'>ἧς</span> <span class='ocrx_word' id='word_1_750' title='bbox 1208 5361 1436 5431; x_wconf 75' lang='grc' dir='ltr'>ἔφησεν·</span> <span class='ocrx_word' id='word_1_751' title='bbox 1503 5381 1520 5411; x_wconf 74' lang='grc' dir='ltr'><strong>ι</strong></span> <span class='ocrx_word' id='word_1_752' title='bbox 1571 5363 1743 5422; x_wconf 75' lang='grc' dir='ltr'>Αὑτοῦ</span> 
     </span>
    </p>
   </div>
   <div class='ocr_carea' id='block_1_102' title="bbox 177 5452 1742 5526">
    <p class='ocr_par' dir='ltr' id='par_1_102' title="bbox 177 5452 1742 5526">
     <span class='ocr_line' id='line_1_102' title="bbox 177 5452 1742 5526; baseline 0.003 -26"><span class='ocrx_word' id='word_1_753' title='bbox 177 5452 493 5506; x_wconf 71' lang='grc' dir='ltr'>ἀκούσεσθε·</span> <span class='ocrx_word' id='word_1_754' title='bbox 530 5454 678 5506; x_wconf 79' lang='grc' dir='ltr'>πᾶσα</span> <span class='ocrx_word' id='word_1_755' title='bbox 725 5453 778 5507; x_wconf 80' lang='grc' dir='ltr'>δὲ</span> <span class='ocrx_word' id='word_1_756' title='bbox 805 5452 970 5525; x_wconf 75' lang='grc' dir='ltr'>ψυχὴ,</span> <span class='ocrx_word' id='word_1_757' title='bbox 1019 5455 1141 5524; x_wconf 77' lang='grc' dir='ltr'>ἣτις</span> <span class='ocrx_word' id='word_1_758' title='bbox 1183 5454 1250 5507; x_wconf 86' lang='grc' dir='ltr'>ἂν</span> <span class='ocrx_word' id='word_1_759' title='bbox 1284 5454 1356 5524; x_wconf 84' lang='grc' dir='ltr'>μὴ</span> <span class='ocrx_word' id='word_1_760' title='bbox 1405 5453 1610 5526; x_wconf 81' lang='grc' dir='ltr'>ἀκούσῃ</span> <span class='ocrx_word' id='word_1_761' title='bbox 1650 5453 1742 5506; x_wconf 82' lang='grc' dir='ltr'><strong>τοῦ</strong></span> 
     </span>
    </p>
   </div>
   <div class='ocr_carea' id='block_1_103' title="bbox 179 5543 1745 5617">
    <p class='ocr_par' dir='ltr' id='par_1_103' title="bbox 179 5543 1745 5617">
     <span class='ocr_line' id='line_1_103' title="bbox 179 5543 1745 5617; baseline 0 -22"><span class='ocrx_word' id='word_1_762' title='bbox 179 5549 442 5617; x_wconf 66' lang='grc' dir='ltr'>προφήτου</span> <span class='ocrx_word' id='word_1_763' title='bbox 483 5543 718 5609; x_wconf 73' lang='grc' dir='ltr'>ἐκείνου,</span> <span class='ocrx_word' id='word_1_764' title='bbox 767 5545 1274 5615; x_wconf 76' lang='grc' dir='ltr'>ὲξολοθρευθὴσεται</span> <span class='ocrx_word' id='word_1_765' title='bbox 1318 5549 1381 5596; x_wconf 80' lang='grc' dir='ltr'>ὲκ</span> <span class='ocrx_word' id='word_1_766' title='bbox 1430 5543 1524 5596; x_wconf 84' lang='grc' dir='ltr'><strong>τοῦ</strong></span> <span class='ocrx_word' id='word_1_767' title='bbox 1557 5544 1745 5610; x_wconf 79' lang='grc' dir='ltr'>γένους</span> 
     </span>
    </p>
   </div>
   <div class='ocr_carea' id='block_1_104' title="bbox 179 5630 1743 5707">
    <p class='ocr_par' dir='ltr' id='par_1_104' title="bbox 179 5630 1743 5707">
     <span class='ocr_line' id='line_1_104' title="bbox 179 5630 1743 5707; baseline 0 -21"><span class='ocrx_word' id='word_1_768' title='bbox 179 5637 346 5707; x_wconf 74' lang='grc' dir='ltr'>αὐτῆς.</span> <span class='ocrx_word' id='word_1_769' title='bbox 383 5656 405 5689; x_wconf 74' lang='grc' dir='ltr'><strong>ι</strong></span> <span class='ocrx_word' id='word_1_770' title='bbox 439 5636 578 5690; x_wconf 82' lang='grc' dir='ltr'>Τίνα</span> <span class='ocrx_word' id='word_1_771' title='bbox 603 5635 659 5688; x_wconf 77' lang='grc' dir='ltr'>δὲ</span> <span class='ocrx_word' id='word_1_772' title='bbox 681 5635 958 5699; x_wconf 78' lang='grc' dir='ltr'>διετάξατο</span> <span class='ocrx_word' id='word_1_773' title='bbox 978 5639 1006 5688; x_wconf 91' lang='lat'><strong>6</strong></span> <span class='ocrx_word' id='word_1_774' title='bbox 1030 5638 1331 5706; x_wconf 74' lang='grc' dir='ltr'>προφήτης,</span> <span class='ocrx_word' id='word_1_775' title='bbox 1357 5630 1430 5690; x_wconf 79' lang='grc' dir='ltr'>ὧν</span> <span class='ocrx_word' id='word_1_776' title='bbox 1456 5635 1743 5689; x_wconf 73' lang='grc' dir='ltr'>ἐπακούειν</span> 
     </span>
    </p>
   </div>
   <div class='ocr_carea' id='block_1_105' title="bbox 235 5751 1335 5819">
    <p class='ocr_par' dir='ltr' id='par_1_105' title="bbox 235 5751 1335 5819">
     <span class='ocr_line' id='line_1_105' title="bbox 235 5751 1335 5819; baseline -0.004 -8"><span class='ocrx_word' id='word_1_777' title='bbox 235 5756 255 5784; x_wconf 82' lang='grc'><strong>⁷</strong></span> <span class='ocrx_word' id='word_1_778' title='bbox 285 5754 444 5811; x_wconf 77' lang='lat' dir='ltr'><strong>Joan.</strong></span> <span class='ocrx_word' id='word_1_779' title='bbox 471 5771 547 5818; x_wconf 83' lang='lat' dir='ltr'><strong>tv,</strong></span> <span class='ocrx_word' id='word_1_780' title='bbox 587 5754 680 5809; x_wconf 76' lang='lat'><strong>23.</strong></span> <span class='ocrx_word' id='word_1_781' title='bbox 755 5752 778 5783; x_wconf 82' lang='grc'>⁸</span> <span class='ocrx_word' id='word_1_782' title='bbox 811 5751 997 5806; x_wconf 83' lang='lat' dir='ltr'><strong>Matth.</strong></span> <span class='ocrx_word' id='word_1_783' title='bbox 1028 5769 1126 5819; x_wconf 87' lang='lat' dir='ltr'><strong>vn,</strong></span> <span class='ocrx_word' id='word_1_784' title='bbox 1149 5752 1335 5818; x_wconf 69' lang='lat'><strong>28,29.</strong></span> 
     </span>
    </p>
   </div>
   <div class='ocr_carea' id='block_1_106' title="bbox 187 5827 453 5890">
    <p class='ocr_par' dir='ltr' id='par_1_106' title="bbox 187 5827 453 5890">
     <span class='ocr_line' id='line_1_106' title="bbox 187 5827 453 5890; baseline 0.011 -14"><span class='ocrx_word' id='word_1_785' title='bbox 187 5839 325 5890; x_wconf 76' lang='lat' dir='ltr'><strong>xvm,</strong></span> <span class='ocrx_word' id='word_1_786' title='bbox 364 5827 453 5880; x_wconf 73' lang='lat'><strong>19.</strong></span> 
     </span>
    </p>
   </div>
   <div class='ocr_carea' id='block_1_107' title="bbox 416 5919 1098 5983">
    <p class='ocr_par' dir='ltr' id='par_1_107' title="bbox 416 5919 1098 5983">
     <span class='ocr_line' id='line_1_107' title="bbox 416 5919 1098 5983; baseline -0.004 0"><span class='ocrx_word' id='word_1_787' title='bbox 416 5922 498 5983; x_wconf 79' lang='grc' dir='ltr'><strong>ΡΑ</strong></span> <span class='ocrx_word' id='word_1_788' title='bbox 514 5935 691 5980; x_wconf 82' lang='lat' dir='ltr'><strong>rnoL.</strong></span> <span class='ocrx_word' id='word_1_789' title='bbox 727 5919 845 5981; x_wconf 84' lang='lat' dir='ltr'><strong>Gn.</strong></span> <span class='ocrx_word' id='word_1_790' title='bbox 895 5919 1098 5980; x_wconf 74' lang='lat' dir='ltr'><strong>XXII.</strong></span> 
     </span>
    </p>
   </div>
   <div class='ocr_carea' id='block_1_108' title="bbox 1442 5753 2367 5821">
    <p class='ocr_par' dir='ltr' id='par_1_108' title="bbox 1442 5753 2367 5821">
     <span class='ocr_line' id='line_1_108' title="bbox 1442 5753 2367 5821; baseline -0.001 -12"><span class='ocrx_word' id='word_1_791' title='bbox 1442 5755 1462 5786; x_wconf 79' lang='lat'><strong>’</strong></span> <span class='ocrx_word' id='word_1_792' title='bbox 1493 5754 1597 5809; x_wconf 90' lang='lat' dir='ltr'><strong>lsa.</strong></span> <span class='ocrx_word' id='word_1_793' title='bbox 1622 5767 1816 5819; x_wconf 76' lang='lat' dir='ltr'><strong>xxviii,</strong></span> <span class='ocrx_word' id='word_1_794' title='bbox 1851 5753 1948 5821; x_wconf 75' lang='lat'><strong>16;</strong></span> <span class='ocrx_word' id='word_1_795' title='bbox 2009 5753 2025 5806; x_wconf 92' lang='lat' dir='ltr'>I</span> <span class='ocrx_word' id='word_1_796' title='bbox 2058 5753 2204 5810; x_wconf 86' lang='lat' dir='ltr'><strong>Pctr.</strong></span> <span class='ocrx_word' id='word_1_797' title='bbox 2229 5770 2288 5818; x_wconf 84' lang='grc' dir='ltr'><strong>ιι,</strong></span> <span class='ocrx_word' id='word_1_798' title='bbox 2315 5754 2367 5808; x_wconf 85' lang='grc'><strong>6.</strong></span> 
     </span>
    </p>
   </div>
   <div class='ocr_carea' id='block_1_109' title="bbox 1858 4628 3432 4701">
    <p class='ocr_par' dir='ltr' id='par_1_109' title="bbox 1858 4628 3432 4701">
     <span class='ocr_line' id='line_1_109' title="bbox 1858 4628 3432 4701; baseline 0.001 -21"><span class='ocrx_word' id='word_1_799' title='bbox 1858 4635 2020 4696; x_wconf 89' lang='lat' dir='ltr'><strong>atque</strong></span> <span class='ocrx_word' id='word_1_800' title='bbox 2053 4628 2360 4682; x_wconf 89' lang='lat' dir='ltr'><strong>institutum</strong></span> <span class='ocrx_word' id='word_1_801' title='bbox 2408 4639 2725 4685; x_wconf 86' lang='lat' dir='ltr'><strong>sanctorum</strong></span> <span class='ocrx_word' id='word_1_802' title='bbox 2776 4631 2870 4701; x_wconf 87' lang='lat' dir='ltr'><strong>qui</strong></span> <span class='ocrx_word' id='word_1_803' title='bbox 2919 4639 3044 4684; x_wconf 89' lang='lat' dir='ltr'><strong>ante</strong></span> <span class='ocrx_word' id='word_1_804' title='bbox 3073 4629 3276 4685; x_wconf 84' lang='lat' dir='ltr'><strong>Moscm</strong></span> <span class='ocrx_word' id='word_1_805' title='bbox 3312 4629 3432 4683; x_wconf 75' lang='lat' dir='ltr'><strong>fue—</strong></span> 
     </span>
    </p>
   </div>
   <div class='ocr_carea' id='block_1_110' title="bbox 1856 4721 3431 4784">
    <p class='ocr_par' dir='ltr' id='par_1_110' title="bbox 1856 4721 3431 4784">
     <span class='ocr_line' id='line_1_110' title="bbox 1856 4721 3431 4784; baseline 0.003 -13"><span class='ocrx_word' id='word_1_806' title='bbox 1856 4727 1984 4772; x_wconf 88' lang='lat' dir='ltr'><strong>runt</strong></span> <span class='ocrx_word' id='word_1_807' title='bbox 2036 4722 2300 4784; x_wconf 84' lang='lat' dir='ltr'><strong>virorum,</strong></span> <span class='ocrx_word' id='word_1_808' title='bbox 2345 4722 2613 4777; x_wconf 87' lang='lat' dir='ltr'><strong>vivamus.</strong></span> <span class='ocrx_word' id='word_1_809' title='bbox 2656 4723 2710 4776; x_wconf 92' lang='lat' dir='ltr'><strong>ln</strong></span> <span class='ocrx_word' id='word_1_810' title='bbox 2746 4723 2848 4776; x_wconf 91' lang='lat' dir='ltr'><strong>hoc</strong></span> <span class='ocrx_word' id='word_1_811' title='bbox 2873 4724 3017 4776; x_wconf 88' lang='lat' dir='ltr'><strong>enim</strong></span> <span class='ocrx_word' id='word_1_812' title='bbox 3053 4735 3104 4777; x_wconf 88' lang='lat' dir='ltr'><strong>et</strong></span> <span class='ocrx_word' id='word_1_813' title='bbox 3142 4721 3344 4777; x_wconf 71' lang='lat' dir='ltr'><strong>Mosem</strong></span> <span class='ocrx_word' id='word_1_814' title='bbox 3378 4734 3431 4776; x_wconf 83' lang='lat' dir='ltr'><strong>et</strong></span> 
     </span>
    </p>
   </div>
   <div class='ocr_carea' id='block_1_111' title="bbox 1856 4813 3426 4883">
    <p class='ocr_par' dir='ltr' id='par_1_111' title="bbox 1856 4813 3426 4883">
     <span class='ocr_line' id='line_1_111' title="bbox 1856 4813 3426 4883; baseline 0.001 -18"><span class='ocrx_word' id='word_1_815' title='bbox 1856 4813 2147 4883; x_wconf 86' lang='lat' dir='ltr'><strong>prophetas</strong></span> <span class='ocrx_word' id='word_1_816' title='bbox 2166 4831 2324 4870; x_wconf 85' lang='lat' dir='ltr'><strong>veros</strong></span> <span class='ocrx_word' id='word_1_817' title='bbox 2356 4815 2525 4870; x_wconf 80' lang='lat' dir='ltr'><strong>fuisse</strong></span> <span class='ocrx_word' id='word_1_818' title='bbox 2553 4825 2704 4870; x_wconf 89' lang='lat' dir='ltr'><strong>vates</strong></span> <span class='ocrx_word' id='word_1_819' title='bbox 2733 4816 3096 4876; x_wconf 74' lang='lat' dir='ltr'><strong>ostendimus,</strong></span> <span class='ocrx_word' id='word_1_820' title='bbox 3115 4830 3240 4868; x_wconf 88' lang='lat' dir='ltr'><strong>cum</strong></span> <span class='ocrx_word' id='word_1_821' title='bbox 3276 4815 3426 4868; x_wconf 85' lang='lat' dir='ltr'><strong>illum</strong></span> 
     </span>
    </p>
   </div>
   <div class='ocr_carea' id='block_1_112' title="bbox 1853 4903 3428 4977">
    <p class='ocr_par' dir='ltr' id='par_1_112' title="bbox 1853 4903 3428 4977">
     <span class='ocr_line' id='line_1_112' title="bbox 1853 4903 3428 4977; baseline 0.001 -20"><span class='ocrx_word' id='word_1_822' title='bbox 1853 4903 2129 4959; x_wconf 88' lang='lat' dir='ltr'><strong>Christum</strong></span> <span class='ocrx_word' id='word_1_823' title='bbox 2154 4909 2486 4976; x_wconf 88' lang='lat' dir='ltr'><strong>accepimus,</strong></span> <span class='ocrx_word' id='word_1_824' title='bbox 2523 4917 2577 4962; x_wconf 90' lang='lat' dir='ltr'><strong>et</strong></span> <span class='ocrx_word' id='word_1_825' title='bbox 2607 4910 2755 4962; x_wconf 71' lang='lat' dir='ltr'><strong>illius</strong></span> <span class='ocrx_word' id='word_1_826' title='bbox 2787 4908 2999 4977; x_wconf 75' lang='lat' dir='ltr'><strong>legibus</strong></span> <span class='ocrx_word' id='word_1_827' title='bbox 3030 4909 3428 4970; x_wconf 85' lang='lat' dir='ltr'><strong>auscultamus,</strong></span> 
     </span>
    </p>
   </div>
   <div class='ocr_carea' id='block_1_113' title="bbox 1853 4998 3431 5068">
    <p class='ocr_par' dir='ltr' id='par_1_113' title="bbox 1853 4998 3431 5068">
     <span class='ocr_line' id='line_1_113' title="bbox 1853 4998 3431 5068; baseline 0 -19"><span class='ocrx_word' id='word_1_828' title='bbox 1853 5002 1908 5049; x_wconf 89' lang='lat' dir='ltr'><strong>et</strong></span> <span class='ocrx_word' id='word_1_829' title='bbox 1938 5011 2032 5065; x_wconf 91' lang='lat' dir='ltr'><strong>per</strong></span> <span class='ocrx_word' id='word_1_830' title='bbox 2054 4999 2279 5066; x_wconf 82' lang='lat' dir='ltr'><strong>vestigia</strong></span> <span class='ocrx_word' id='word_1_831' title='bbox 2309 4998 2571 5053; x_wconf 78' lang='lat' dir='ltr'><strong>doctrina:</strong></span> <span class='ocrx_word' id='word_1_832' title='bbox 2591 5001 2834 5068; x_wconf 88' lang='lat' dir='ltr'><strong>ejusdem</strong></span> <span class='ocrx_word' id='word_1_833' title='bbox 2869 4999 3117 5053; x_wconf 88' lang='lat' dir='ltr'><strong>incedere</strong></span> <span class='ocrx_word' id='word_1_834' title='bbox 3147 5000 3312 5052; x_wconf 81' lang='lat' dir='ltr'><strong>etiam</strong></span> <span class='ocrx_word' id='word_1_835' title='bbox 3341 5013 3431 5049; x_wconf 76' lang='lat' dir='ltr'><strong>V0—</strong></span> 
     </span>
    </p>
   </div>
   <div class='ocr_carea' id='block_1_114' title="bbox 1855 5088 3428 5161">
    <p class='ocr_par' dir='ltr' id='par_1_114' title="bbox 1855 5088 3428 5161">
     <span class='ocr_line' id='line_1_114' title="bbox 1855 5088 3428 5161; baseline 0.001 -21"><span class='ocrx_word' id='word_1_836' title='bbox 1855 5089 1925 5142; x_wconf 90' lang='lat' dir='ltr'><strong>tis</strong></span> <span class='ocrx_word' id='word_1_837' title='bbox 1941 5091 2264 5158; x_wconf 79' lang='lat' dir='ltr'><strong>expetimus,</strong></span> <span class='ocrx_word' id='word_1_838' title='bbox 2289 5107 2448 5160; x_wconf 89' lang='lat' dir='ltr'><strong>quem</strong></span> <span class='ocrx_word' id='word_1_839' title='bbox 2483 5093 2557 5145; x_wconf 92' lang='lat' dir='ltr'><strong>illi</strong></span> <span class='ocrx_word' id='word_1_840' title='bbox 2587 5100 2874 5146; x_wconf 86' lang='lat' dir='ltr'><strong>venturum</strong></span> <span class='ocrx_word' id='word_1_841' title='bbox 2899 5092 3294 5161; x_wconf 63' lang='lat' dir='ltr'><strong>prtedixerunt.</strong></span> <span class='ocrx_word' id='word_1_842' title='bbox 3321 5088 3428 5141; x_wconf 83' lang='lat' dir='ltr'><strong>Eo.</strong></span> 
     </span>
    </p>
   </div>
   <div class='ocr_carea' id='block_1_115' title="bbox 1853 5176 3426 5251">
    <p class='ocr_par' dir='ltr' id='par_1_115' title="bbox 1853 5176 3426 5251">
     <span class='ocr_line' id='line_1_115' title="bbox 1853 5176 3426 5251; baseline 0.003 -24"><span class='ocrx_word' id='word_1_843' title='bbox 1853 5176 1974 5228; x_wconf 90' lang='lat' dir='ltr'><strong>dem</strong></span> <span class='ocrx_word' id='word_1_844' title='bbox 2008 5179 2191 5246; x_wconf 83' lang='lat' dir='ltr'><strong>utique</strong></span> <span class='ocrx_word' id='word_1_845' title='bbox 2233 5181 2510 5248; x_wconf 85' lang='lat' dir='ltr'><strong>proposito</strong></span> <span class='ocrx_word' id='word_1_846' title='bbox 2554 5181 2657 5250; x_wconf 88' lang='lat' dir='ltr'><strong>ipsi</strong></span> <span class='ocrx_word' id='word_1_847' title='bbox 2695 5197 2916 5251; x_wconf 85' lang='lat' dir='ltr'><strong>quoque</strong></span> <span class='ocrx_word' id='word_1_848' title='bbox 2960 5180 3092 5233; x_wconf 79' lang='lat' dir='ltr'><strong>Mosi</strong></span> <span class='ocrx_word' id='word_1_849' title='bbox 3151 5195 3264 5232; x_wconf 91' lang='lat' dir='ltr'><strong>rem</strong></span> <span class='ocrx_word' id='word_1_850' title='bbox 3301 5195 3426 5248; x_wconf 85' lang='lat' dir='ltr'><strong>gra-</strong></span> 
     </span>
    </p>
   </div>
   <div class='ocr_carea' id='block_1_116' title="bbox 1853 5269 3422 5342">
    <p class='ocr_par' dir='ltr' id='par_1_116' title="bbox 1853 5269 3422 5342">
     <span class='ocr_line' id='line_1_116' title="bbox 1853 5269 3422 5342; baseline 0.003 -21"><span class='ocrx_word' id='word_1_851' title='bbox 1853 5277 1961 5322; x_wconf 88' lang='lat' dir='ltr'><strong>tam</strong></span> <span class='ocrx_word' id='word_1_852' title='bbox 2041 5269 2301 5325; x_wconf 81' lang='lat' dir='ltr'><strong>facientes</strong></span> <span class='ocrx_word' id='word_1_853' title='bbox 2336 5293 2347 5326; x_wconf 93' lang='lat'>:</span> <span class='ocrx_word' id='word_1_854' title='bbox 2382 5274 2475 5340; x_wconf 86' lang='lat' dir='ltr'><strong>qui</strong></span> <span class='ocrx_word' id='word_1_855' title='bbox 2527 5288 2651 5325; x_wconf 91' lang='lat' dir='ltr'><strong>cum</strong></span> <span class='ocrx_word' id='word_1_856' title='bbox 2711 5273 3042 5342; x_wconf 72' lang='lat' dir='ltr'><strong>prmdixerit.</strong></span> <span class='ocrx_word' id='word_1_857' title='bbox 3103 5273 3422 5340; x_wconf 84' lang='lat' dir='ltr'><strong>prophetam</strong></span> 
     </span>
    </p>
   </div>
   <div class='ocr_carea' id='block_1_117' title="bbox 1847 5361 3430 5425">
    <p class='ocr_par' dir='ltr' id='par_1_117' title="bbox 1847 5361 3430 5425">
     <span class='ocr_line' id='line_1_117' title="bbox 1847 5361 3430 5425; baseline 0.001 -12"><span class='ocrx_word' id='word_1_858' title='bbox 1847 5377 1876 5413; x_wconf 90' lang='lat' dir='ltr'><strong>a</strong></span> <span class='ocrx_word' id='word_1_859' title='bbox 1912 5361 2138 5415; x_wconf 84' lang='lat' dir='ltr'><strong>Domino</strong></span> <span class='ocrx_word' id='word_1_860' title='bbox 2171 5362 2277 5416; x_wconf 85' lang='lat' dir='ltr'><strong>Deo</strong></span> <span class='ocrx_word' id='word_1_861' title='bbox 2293 5371 2482 5415; x_wconf 89' lang='lat' dir='ltr'><strong>nostro</strong></span> <span class='ocrx_word' id='word_1_862' title='bbox 2509 5364 2611 5417; x_wconf 91' lang='lat' dir='ltr'><strong>sibi</strong></span> <span class='ocrx_word' id='word_1_863' title='bbox 2650 5364 2880 5416; x_wconf 87' lang='lat' dir='ltr'><strong>similem</strong></span> <span class='ocrx_word' id='word_1_864' title='bbox 2910 5364 3309 5425; x_wconf 83' lang='lat' dir='ltr'><strong>suscitandum,</strong></span> <span class='ocrx_word' id='word_1_865' title='bbox 3337 5365 3430 5417; x_wconf 85' lang='lat' dir='ltr'><strong>ad-</strong></span> 
     </span>
    </p>
   </div>
   <div class='ocr_carea' id='block_1_118' title="bbox 1843 5452 3450 5526">
    <p class='ocr_par' dir='ltr' id='par_1_118' title="bbox 1843 5452 3450 5526">
     <span class='ocr_line' id='line_1_118' title="bbox 1843 5452 3450 5526; baseline 0.003 -21"><span class='ocrx_word' id='word_1_866' title='bbox 1843 5454 2025 5523; x_wconf 87' lang='lat' dir='ltr'><strong>jungit</strong></span> <span class='ocrx_word' id='word_1_867' title='bbox 2058 5473 2070 5507; x_wconf 88' lang='lat'><strong>:</strong></span> <span class='ocrx_word' id='word_1_868' title='bbox 2106 5471 2123 5503; x_wconf 83' lang='grc' dir='ltr'><strong>ι</strong></span> <span class='ocrx_word' id='word_1_869' title='bbox 2155 5452 2345 5508; x_wconf 86' lang='lat' dir='ltr'><strong>Omnis</strong></span> <span class='ocrx_word' id='word_1_870' title='bbox 2383 5469 2512 5507; x_wconf 87' lang='lat' dir='ltr'><strong>vero</strong></span> <span class='ocrx_word' id='word_1_871' title='bbox 2547 5455 2726 5506; x_wconf 89' lang='lat' dir='ltr'><strong>anima</strong></span> <span class='ocrx_word' id='word_1_872' title='bbox 2767 5470 2888 5522; x_wconf 66' lang='lat' dir='ltr'><strong>quae</strong></span> <span class='ocrx_word' id='word_1_873' title='bbox 2927 5470 3036 5508; x_wconf 92' lang='lat' dir='ltr'><strong>non</strong></span> <span class='ocrx_word' id='word_1_874' title='bbox 3080 5455 3263 5508; x_wconf 89' lang='lat' dir='ltr'><strong>audiet</strong></span> <span class='ocrx_word' id='word_1_875' title='bbox 3291 5471 3450 5526; x_wconf 75' lang='lat' dir='ltr'><strong>pru—.</strong></span> 
     </span>
    </p>
   </div>
   <div class='ocr_carea' id='block_1_119' title="bbox 1849 5546 3420 5615">
    <p class='ocr_par' dir='ltr' id='par_1_119' title="bbox 1849 5546 3420 5615">
     <span class='ocr_line' id='line_1_119' title="bbox 1849 5546 3420 5615; baseline 0.003 -20"><span class='ocrx_word' id='word_1_876' title='bbox 1849 5546 2062 5614; x_wconf 82' lang='lat' dir='ltr'><strong>pbetam</strong></span> <span class='ocrx_word' id='word_1_877' title='bbox 2096 5546 2269 5605; x_wconf 86' lang='lat' dir='ltr'><strong>illum,</strong></span> <span class='ocrx_word' id='word_1_878' title='bbox 2302 5546 2569 5598; x_wconf 82' lang='lat' dir='ltr'><strong>delebiInr</strong></span> <span class='ocrx_word' id='word_1_879' title='bbox 2600 5561 2662 5597; x_wconf 75' lang='lat' dir='ltr'><strong>ex</strong></span> <span class='ocrx_word' id='word_1_880' title='bbox 2707 5561 2904 5615; x_wconf 84' lang='lat' dir='ltr'><strong>genere</strong></span> <span class='ocrx_word' id='word_1_881' title='bbox 2947 5549 3131 5599; x_wconf 80' lang='lat' dir='ltr'><strong>sun”.</strong></span> <span class='ocrx_word' id='word_1_882' title='bbox 3171 5566 3190 5595; x_wconf 78' lang='grc' dir='ltr'><strong>ι</strong></span> <span class='ocrx_word' id='word_1_883' title='bbox 3227 5546 3420 5599; x_wconf 84' lang='lat' dir='ltr'><strong>Conti-</strong></span> 
     </span>
    </p>
   </div>
   <div class='ocr_carea' id='block_1_120' title="bbox 1849 5633 3422 5705">
    <p class='ocr_par' dir='ltr' id='par_1_120' title="bbox 1849 5633 3422 5705">
     <span class='ocr_line' id='line_1_120' title="bbox 1849 5633 3422 5705; baseline 0 -17"><span class='ocrx_word' id='word_1_884' title='bbox 1849 5651 1957 5688; x_wconf 90' lang='lat' dir='ltr'><strong>nuo</strong></span> <span class='ocrx_word' id='word_1_885' title='bbox 1986 5635 2128 5688; x_wconf 90' lang='lat' dir='ltr'><strong>enim</strong></span> <span class='ocrx_word' id='word_1_886' title='bbox 2170 5633 2364 5698; x_wconf 73' lang='lat' dir='ltr'><strong>Judzei,</strong></span> <span class='ocrx_word' id='word_1_887' title='bbox 2401 5644 2688 5703; x_wconf 77' lang='lat' dir='ltr'><strong>postquam</strong></span> <span class='ocrx_word' id='word_1_888' title='bbox 2740 5635 2890 5688; x_wconf 90' lang='lat' dir='ltr'><strong>illum</strong></span> <span class='ocrx_word' id='word_1_889' title='bbox 2946 5636 3263 5705; x_wconf 84' lang='lat' dir='ltr'><strong>prophetam</strong></span> <span class='ocrx_word' id='word_1_890' title='bbox 3311 5649 3422 5688; x_wconf 84' lang='lat' dir='ltr'><strong>non</strong></span> 
     </span>
    </p>
   </div>
   <div class='ocr_carea' id='block_1_121' title="bbox 2476 5749 3416 5816">
    <p class='ocr_par' dir='ltr' id='par_1_121' title="bbox 2476 5749 3416 5816">
     <span class='ocr_line' id='line_1_121' title="bbox 2476 5749 3416 5816; baseline 0.002 -12"><span class='ocrx_word' id='word_1_891' title='bbox 2476 5756 2518 5784; x_wconf 84' lang='grc'><strong>¹⁰</strong></span> <span class='ocrx_word' id='word_1_892' title='bbox 2542 5753 2685 5808; x_wconf 79' lang='lat' dir='ltr'><strong>Psal.</strong></span> <span class='ocrx_word' id='word_1_893' title='bbox 2721 5770 2888 5816; x_wconf 78' lang='lat' dir='ltr'><strong>cxvii,</strong></span> <span class='ocrx_word' id='word_1_894' title='bbox 2917 5753 3105 5816; x_wconf 66' lang='lat'><strong>9.9.93.</strong></span> <span class='ocrx_word' id='word_1_895' title='bbox 3186 5753 3226 5784; x_wconf 81' lang='grc'>¹¹</span> <span class='ocrx_word' id='word_1_896' title='bbox 3261 5749 3416 5807; x_wconf 87' lang='lat' dir='ltr'><strong>Deut.</strong></span> 
     </span>
    </p>
   </div>
   <div class='ocr_carea' id='block_1_122' title="bbox 3178 5917 3215 5974">
    <p class='ocr_par' dir='ltr' id='par_1_122' title="bbox 3178 5917 3215 5974">
     <span class='ocr_line' id='line_1_122' title="bbox 3178 5917 3215 5974; baseline 0 0"><span class='ocrx_word' id='word_1_897' title='bbox 3178 5917 3215 5974; x_wconf 86' lang='lat'>3</span> 
     </span>
    </p>
   </div>
  </div>
