4018 6498
77 450 142 504 77
1004 440 1423 495 ῺΕΜΟΝΒΤΒΛ
1433 440 1660 494 TlONlS

1777 437 2162 499 ’ANGELICE
2203 442 2330 498 LIB.
2371 438 2413 498 l.
3285 446 3352 500 τε

28 583 38 610 ‘-
79 570 344 631 πολιτείας
376 567 614 638 τρόποςε
644 565 702 619 Ὀ
723 563 764 618 δ’
782 562 1139 634 ὕποϐεδηκὼς
1164 559 1668 632 ἀνθρωπινώτερος,

1777 561 2057 616 vinitatem
2094 562 2269 632 ipsam
2300 561 2580 630 placantes
2620 576 2780 618 suum
2810 571 2866 619 et
2910 579 3010 635 pro
3045 565 3263 634 seipsis.
3300 574 3354 620 et

76 658 177 725 οἶος
193 661 288 714 καὶ
311 660 532 729 γάμοις
551 657 893 726 συγκατιέναι
910 653 1148 732 σώφροσι
1175 653 1267 707 καὶ
1285 652 1669 717 παιδοποιίαις,

74 751 380 823 οἰκονομίας
406 769 473 804 τε
525 749 921 820 ἐπιμελεῖσθαι,
955 749 1068 811 τοῖς
1107 763 1165 800 τε
1204 745 1348 801 κατά
1377 747 1437 800 τὸ
1467 747 1670 810 δίκαιον

77 843 544 916 στρατευομένοις
572 844 638 895 τὰ
670 841 920 913 πρακτέα
967 838 1337 901 ὑποτίθεσθαι,
1367 838 1550 911 ἀγρῶν
1588 858 1668 902 τε,

77 937 158 988 καὶ
189 935 497 1005 ἐμπορίας,
532 936 626 987 καὶ
655 934 753 1004 τῆς
789 932 954 1002 ἄλλης
985 930 1413 1002 πολιτικωτέρας
1448 931 1671 1000 ἀγωγῆς

81 1025 204 1096 μετά
255 1023 353 1076 τοῦ
398 1022 708 1086 ’θεοσεϐοῦς
763 1022 1084 1092 φροντίζειν,
1135 1015 1216 1084 οἷς
1243 1017 1336 1074 καὶ
1387 1023 1671 1092 ἀσκῆσεως

80 1118 264 1187 καιροὶ,
291 1114 617 1184 μαθητείας
641 1131 699 1166 τε
724 1113 814 1165 καὶ
843 1111 950 1164 τῶν
971 1111 1128 1164 θείων
1160 1111 1332 1180 λόγων
1359 1114 1671 1186 ἀκροάσεως

80 1208 264 1280 ἡμέραι
313 1206 749 1278 ἀιρωρίσθησαν.
799 1206 906 1258 Καί
938 1223 1022 1268 τις
1061 1205 1271 1268 τούτοις
1306 1205 1554 1274 δεύτερος
1584 1207 1672 1258 εύ-

85 1301 279 1362 σεδείας
326 1298 670 1370 ἀπενεμήθη
717 1297 949 1369 βαθμδς,
997 1297 1327 1368 κατάλληλον
1379 1299 1456 1369 τῷ
1493 1298 1672 1369 τοιῳδὶ

87 1393 168 1462 βίῳ
199 1393 469 1462 παρέχων
502 1392 608 1463 τὴν
635 1390 922 1461 ὠφέλειαν,
950 1391 1026 1453 ὡς
1061 1391 1263 1462 μηδένα
1297 1392 1543 1462 ἀμοιρεῖν
1574 1391 1672 1460 τῆς

89 1487 334 1557 σωτηρίου
365 1485 712 1554 ἐπιφανείας
736 1500 748 1512 ·
792 1485 898 1536 πᾶν
919 1476 977 1536 ’δὲ
1007 1484 1163 1552 γένος
1201 1483 1523 1555 ἀνθρώπων,
1563 1485 1675 1536 Ἑλ·

87 1577 238 1646 λήνων
253 1577 396 1646 ὁμοῦ
416 1577 523 1629 καὶ
547 1575 861 1648 βαρϐάρων,
883 1574 984 1644 τῆς
1003 1575 1362 1645 εύαγγελικῆς
1378 1574 1670 1628 ἀπολαύειν

87 1668 438 1731 διδασκαλίας.

1776 667 1877 724 pro
1905 653 2046 717 aliis,
2101 655 2197 724 qui
2230 655 2472 722 ejusdem
2504 655 2614 710 sint
2661 657 2876 726 generis
2911 697 2925 718 .
2969 656 3354 711 administrant

1779 745 2169 801 sacerdotium.
2211 747 2320 817 30
2347 745 2412 801 Et
2433 747 2558 801 talis
2589 749 2807 817 quidem
2862 749 3084 811 exsistit
3116 750 3169 804 in
3193 750 3354 804 Chri-

1777 838 2066 891 stianismo
2092 838 2370 907 perfectus
2415 840 2540 894 vita
2568 839 2783 894 modus.
2823 840 2971 894 Alter
3002 856 3132 895 vero
3163 842 3356 894 remis-

1777 931 1891 984 sior
1914 939 2106 1004 \atque
2139 933 2468 998 humanior;
2503 932 2592 987 hic
2621 942 2674 988 et
2708 933 2955 988 modesto
2989 935 3269 1004 eonjugio,
3301 945 3356 988 et

1779 1023 1986 1078 sobolis
2010 1024 2396 1093 procuratione
2420 1025 2751 1095 implicatur.
2774 1035 2827 1081 et
2850 1028 2928 1080 rei
2959 1025 3245 1082 familiaris
3261 1045 3359 1082 cu-

1785 1129 1900 1166 ram
1925 1111 2264 1179 assdmit,‘et
2288 1118 2436 1186 juste
2470 1117 2863 1177 militantibus.
2893 1133 3014 1188 quae
3040 1120 3150 1172 sint
3189 1135 3360 1187 ageno

1779 1205 1868 1272 da,
1900 1206 2162 1263 describit
2191 1227 2203 1260 :
2228 1223 2388 1278 agros
2409 1225 2649 1279 quoque,
2670 1219 2724 1263 et
2750 1220 3137 1273 mercaturam,
3158 1211 3357 1264 alium-

1775 1314 1881 1368 que
1918 1300 2088 1369 magis
2118 1299 2334 1354 civilem
2396 1300 2611 1354 vivendi
2662 1316 2892 1362 morem,
2933 1300 3192 1369 adjuncta
3227 1303 3356 1356 reli-

1777 1393 1937 1462 gione
1967 1406 2074 1446 non
2110 1392 2333 1463 negligit
2363 1411 2376 1446 :
2405 1394 2472 1448 iis
2500 1402 2680 1448 autem
2709 1395 2801 1463 qui
2835 1395 2980 1449 hunc
3006 1395 3225 1449 modum
3245 1397 3360 1449 ele-

1777 1489 1994 1551 gerunt,
2050 1491 2103 1538 et
2145 1470 2600 1538 exercitationum
2653 1495 2936 1554 tempora,
2981 1494 3035 1540 et
3082 1488 3356 1550 discendi.

1775 1575 2110 1644 verbumque
2157 1576 2402 1629 divinum
2450 1578 2742 1640 audiendi,
2777 1579 2911 1632 certi
2940 1579 3058 1633 dies
3093 1579 3356 1648 assignati

1775 1675 1903 1720 sunt
1942 1684 1956 1720 :
1992 1677 2045 1721 et
2083 1668 2167 1723 his
2210 1669 2431 1739 quidem
2477 1671 2755 1726 secundus
2796 1671 3017 1738 pietatis
3054 1671 3355 1725 attributus

86 1765 405 1833 estgradus,
443 1744 583 1817 dum
623 1773 804 1835 aptam
837 1765 964 1821 huic
999 1766 1102 1835 ipsi
1149 1765 1331 1836 generi
1387 1764 1510 1817 vita:
1561 1763 1763 1833 prmbet
1805 1765 2116 1829 utilitatem,
2149 1773 2208 1819 ut
2275 1768 2457 1822 nullus
2517 1769 2680 1838 plane
2731 1769 2800 1824 ab
2853 1767 3088 1823 adventu
3131 1771 3359 1821 salutari

90 1867 375 1928 separetur,
422 1861 530 1913 sed
590 1876 754 1916 omne
801 1877 974 1932 genus
1043 1862 1322 1915 hominum
1364 1868 1475 1912 tam
1516 1861 1898 1927 barbarorum,
1935 1876 2096 1930 quam
2148 1861 2485 1927 Graecorum,
2541 1864 2866 1935 evangelica:
2908 1864 3173 1919 doctrina:
3246 1865 3360 1917 l'ru-

87 1962 215 2004 ctum
239 1952 546 2021 percipiat.

619 2072 1018 2126 ΚΕΦΛΛᾹΙΟΝ
1061 2070 1137 2124 6'.

100 2163 148 2214 Τί
185 2161 406 2227 δήποτε
450 2162 577 2233 IN"),
613 2165 827 2233 ὁμοίως
890 2165 1012 2230 τοῖς
1055 2165 1331 2229 audiam}:
1383 2166 1479 2218 καὶ
1537 2164 1671 2232 παρ’

227 2233 366 2303 ἡμῖν
397 2233 475 2286 τὰ
508 2232 625 2300 τῆς
649 2232 1058 2300 πολυπαιδίας
1101 2234 1516 2294 σπουδάζεται.

153 2325 354 2379 Τούτων
386 2320 496 2379 ὧδε
533 2327 794 2397 ἐχόντων,
834 2325 1067 2398 ζητήσαι
1115 2328 1179 2381 ἄν
1240 2345 1323 2391 τις
1353 2328 1599 2394 εἰκότως,
1626 2330 1674 2382 εἰ

97 2414 150 2486 ἰὴ
166 2417 295 2470 κατά
319 2419 449 2481 τοὺς
481 2418 660 2471 πάλαι
686 2418 778 2470 καὶ
805 2419 941 2488 πρὸς
966 2419 1264 2483 Μωῡσέως,
1289 2419 1556 2488 θεοφιλεῖς
1582 2420 1676 2473 ἀν-
1697 2439 1721 2456 ο

100 2504 208 2575 δρας
235 2508 327 2577 τὴν
353 2508 452 2560 τοῦ
485 2508 747 2578 Σωτῆρος
767 2507 921 2578 ἡμῶν
946 2509 1306 2581 εύαγγελικὴν
1327 2510 1675 2564 διδασκαλίαν

103 2593 340 2649 θεοσεϐεῖν
408 2597 780 2650 ὑποτίθεσθαί
814 2617 1020 2669 φαμεν·
1065 2599 1192 2669 μίαν
1215 2617 1272 2652 τε
1305 2600 1460 2670 ἡμῶν
1483 2619 1541 2653 τε
1573 2603 1672 2653 κά-

108 2688 267 2741 κείνων
321 2689 644 2753 εύσέῦειαν,
699 2691 792 2742 καὶ
838 2689 971 2744 Θεοῦ
1013 2691 1212 2754 γνῶσιν
1255 2692 1352 2763 τὴν
1387 2694 1587 2763 αὐτήνο
1621 2689 1674 2745 τί

108 2777 218 2849 δῆτα
240 2781 286 2832 οί
313 2782 415 2851 μὲν
464 2782 609 2852 περὶ
659 2783 868 2852 γάμους
903 2783 998 2835 καὶ
1036 2783 1378 2847 παιδοποιίας
1413 2783 1675 2854 πλείστην

111 2869 294 2939 εἰσῆγον
325 2873 600 2944 σπουδὴν,
637 2876 768 2944 ἡμῖν
795 2875 851 2928 δὲ
873 2874 1030 2928 τοῦτο
1056 2875 1448 2948 παραμελεῖται
1479 2877 1538 2929 τὸ
1573 2877 1674 2946 μὲ-

114 2977 200 3029 ρος.
228 2964 328 3016 Καὶ
361 2966 533 3020 πάλιν
567 2969 615 3018 οἱ
648 2966 745 3038 μὲν
775 2971 892 3032 ταῖς
909 2969 995 3022 διὰ
1025 2963 1177 3032 ζώων
1201 2969 1412 3033 θυσίαις
1443 2970 1676 3036 ἐξιλεού-

115 3069 237 3120 μενοι
250 3057 333 3109 τὸν
351 3058 488 3112 Θεὸν
513 3059 912 3130 ἀνεγράπσαν
927 3073 940 3091 ⁸
966 3064 1098 3132 ἡμῖν
1126 3061 1292 3114 δὲκαὶ
1311 3061 1466 3114 τοῦτο
1500 3063 1675 3134 πράτ-

114 3156 221 3212 τειν,
249 3147 317 3214 ὦς
345 3170 395 3205 τι
427 3152 551 3205 τῶν
585 3153 834 3227 ἀνοσίων,
860 3154 1252 3225 ἀπηγόρευται.
1275 3153 1379 3206 Δύο
1413 3154 1519 3226 γάρ
1539 3155 1676 3224 μόνα

118 3239 270 3305 ταῦτα,
303 3245 359 3296 οὐ
396 3246 642 3315 σμικρὸν
676 3245 865 3316 ἔχοντα
911 3246 1086 3314 λόγον,
1117 3245 1315 3310 δόξειεν
1345 3245 1408 3299 ἂν
1439 3251 1550 3312 τοῖς
1585 3249 1675 3318 ὑφ’

116 3335 243 3402 ’ἡμῶν
285 3339 604 3410 εἰρημένοις
659 3340 1020 3400 ἀντιπίπτειν,
1067 3339 1144 3400 ὡς
1204 3339 1278 3410 μὴ
1326 3339 1468 3393 κατά
1503 3341 1678 3395 ταῦτα

122 3427 191 3478 τὸν
220 3429 433 3483 παλαιὸν
471 3409 765 3502 σῳζόντων
812 3431 910 3501 τῆς
959 3409 1240 3494 εὐσεϐείας

124 3517 229 3585 πρὸς
261 3521 402 3574 ταῦτ’
432 3519 534 3576 οὖν
603 3522 814 3576 τοιάνδε
865 3521 1015 3574 λύσιν
1061 3522 1118 3588 ἐξ
1167 3522 1346 3574 αὐτῶν
1409 3523 1673 3595 πάρεστιν

126 3607 437 3676 ἀναλέξασθαι
469 3613 590 3668 τῶν
617 3611 801 3687 [παρ’]
835 3613 1102 3686 Ἑϐραίοις
1119 3615 1313 3683 λογίων
1335 3631 1350 3645 ο
1368 3616 1537 3687 οἱμὲν
1569 3618 1674 3688 πρὸ

126 3697 354 3768 Μωῦσέως
385 3707 472 3759 ἐπ’
501 3705 768 3778 εὐσεϐείᾳ
799 3723 1049 3778 μεμαρτυ
1061 3707 1303 3779 ρημένοι,
1332 3709 1505 3781 ἀρχὴν
1525 3710 1676 3781 ἕχον-

128 3805 197 3853 τῡς
222 3795 325 3849 τότε
345 3799 435 3850 καὶ
469 3799 870 3868 συνισταμένου
896 3797 989 3851 τοῦ
1019 3799 1154 3869 βίου,
1184 3799 1438 3867 γενέσθαι
1469 3819 1676 3873 μνημο-

131 3885 356 3941 νεύονταιο
386 3891 454 3948 τὰ
481 3891 549 3945 δὲ
582 3889 704 3944 καθ’
741 3891 890 3961 ἡμᾶς
925 3891 1051 3962 περὶ
1099 3891 1249 3954 τέλος
1281 3892 1545 3949 ἐλαύνειν.
1582 3893 1674 3948 Διὸ

133 3979 216 4040 τοῖς
246 3981 329 4048 μὲν
358 3984 764 4050 σπουδάζεσθαι
789 3984 886 4056 τὴν
912 3985 1020 4037 τῶν
1045 3985 1304 4057 διαδόχων
1335 3989 1572 4042 ἐπίδοσιν
1593 3990 1673 4052 είς

135 4068 565 4146 Ἦλυανθρωπίαν,
583 4069 838 4142 αὔξοντος
859 4081 976 4132 κατ’
1006 4083 1179 4135 ἐκεῖνο
1198 4081 1409 4154 καιροῦ,
1429 4084 1522 4136 καὶ
1537 4082 1675 4152 πλη-

136 4157 355 4230 δύνοντος,
407 4171 485 4234 εἰς
526 4170 718 4241 ἀκμήν
757 4187 816 4223 τε
858 4174 1136 4242 προϊόντος
1176 4173 1268 4226 τοῦ
1322 4173 1431 4227 τῶν
1464 4172 1674 4246 ἀνθρὼ-

142 4268 229 4305 τιυν
250 4259 418 4324 γένους
435 4278 448 4290 ·
473 4264 616 4332 ἡμῖν
642 4261 698 4314 δὲ
726 4263 800 4332 μὴ
831 4263 1035 4334 σφόδρα
1057 4281 1138 4316 τοι
1173 4264 1328 4317 τοῦτο
1365 4264 1568 4334 μέλειν,
1597 4265 1674 4327 ὡς

141 4341 189 4392 ἂν
212 4346 296 4416 ήδη
315 4350 412 4403 τῶν
441 4353 794 4426 πραγμάτων
819 4354 1111 4422 φθινόντων
1145 4357 1238 4408 καὶ
1263 4355 1667 4426 ἀποληγόντων,

145 4432 213 4484 ἐπὶ
237 4438 384 4509 πέρας
413 4461 469 4497 τε
494 4445 730 4516 ἔσχατον
756 4445 1105 4511 ἐλαυνόντων,
1127 4447 1420 4520 διαρρήδην
1457 4448 1554 4518 τῆς
1575 4449 1670 4502 τοῦ

149 4521 230 4587 iiw
268 4533 584 4598 συντελείας,
632 4537 739 4608 πρὸ
776 4538 874 4607 τῆς
919 4538 1277 4609 εὐαγγελικῆς
1321 4540 1671 4604 διδασκαλίας

149 4613 216 4667 ἐπὶ
238 4619 402 4691 θύραις
441 4625 694 4680 ἐλαύνειν
726 4625 1041 4698 λεγομένης,
1089 4627 1438 4692 ἀνανεώσεως
1473 4647 1530 4682 τε
1577 4630 1671 4682 καὶ

151 4709 504 4782 παλιγγενεσίας
551 4717 748 4782 αἰῶνος
777 4719 984 4789 ἐτέρου,
1033 4721 1154 4773 ὅσον
1197 4719 1351 4773 οΰπω
1383 4721 1669 4791 μέλλοντος

153 4797 497 4875 ἐπιπτήσεσθαι,
531 4813 1074 4884 προκηρυττομένης.
1117 4813 1232 4867 Μία
1265 4813 1364 4884 μὲν
1410 4809 1502 4866 οὖν
1530 4814 1668 4867 ἀπό-

150 4887 257 4958 δοσις
277 4900 397 4972 αὕτη
414 4921 426 4933 ·
453 4905 684 4977 δευτέρα
711 4905 754 4956 δ’
789 4904 854 4958 ἂν
881 4905 968 4974 εἴη
993 4904 1234 4976 τοιαύτη.
1272 4905 1395 4968 Τοῖς
1429 4906 1530 4974 μὲν
1560 4923 1666 4957 πα-

157 4979 298 5054 λαιῶς,
322 4994 593 5066 ἀνειμένον
631 4996 726 5049 καὶ
755 4995 1038 5066 ἐλεύθερον
1072 4993 1316 5065 μετιοῦσι
1355 4994 1491 5065 βίον,
1515 4996 1668 5050 οὐδὲν

157 5066 206 5139 ἦν
226 5081 434 5148 ἐμποδὼν
463 5089 616 5146 οἴκου
646 5089 739 5142 καὶ
775 5087 978 5141 παίδων
1010 5087 1372 5158 προΐστασθαι
1401 5087 1539 5158 μετὰ
1569 5089 1668 5160 τῆς

163 5170 253 5236 περὶ
270 5172 319 5224 τὸ
338 5175 478 5232 Θεῖον
500 5179 719 5251 σχολῆς,
738 5180 926 5243 αὐταῖς
947 5183 1233 5250 γαμεταῖς,
1259 5180 1352 5232 καὶ
1370 5179 1548 5243 παισὶ,
1574 5179 1669 5232 καὶ

162 5256 284 5324 ἅλοις
309 5265 557 5325 θεοσεϐεῖν
590 5272 1011 5343 ἀπερισπάστως
1048 5271 1381 5341 δυναμένοις,
1432 5270 1526 5324 καὶ
1561 5289 1667 5342 μη-

167 5344 300 5418 δαμῶς
326 5360 416 5414 ὑπὸ
452 5366 560 5418 τῶν
593 5363 750 5427 ἐκτὸς
795 5364 894 5434 τῆς
936 5363 1062 5434 περὶ
1095 5363 1163 5416 τὰ
1196 5363 1428 5433 κρείττω
1475 5363 1670 5435 προθέ-

171 5453 266 5508 σεως
286 5449 671 5528 ἀποσπωμένοις
694 5473 707 5485 ⁸
745 5455 815 5508 τά
837 5455 894 5508 δὲ
929 5455 1048 5509 καθ’
1078 5457 1246 5525 ἡμᾶς,
1276 5455 1443 5527 μυρία
1473 5455 1539 5507 τα
1580 5457 1670 5516 ὲκ-

173 5532 232 5596 ila;
255 5545 556 5616 καθίλκοντα,
590 5552 686 5606 καὶ
719 5553 798 5614 είς
837 5550 1155 5613 ἀλλοκότους
1203 5549 1489 5621 φροντίδας
1517 5566 1670 5618 περι-

176 5626 358 5700 ωὲρσντα,
380 5645 466 5714 τῆς
491 5664 548 5700 τε
578 5648 708 5718 περὶ
747 5644 816 5696 τά
857 5644 976 5716 Θεῷ
1010 5643 1217 5717 ἀρεστά
1263 5643 1496 5713 σπουδῆς
1544 5645 1670 5712 ἀφι-

179 5721 320 5782 στάντα
355 5741 605 5808 τυγχάνει.
642 5739 812 5792 Τοῦτο
851 5740 979 5808 γοῦν
1023 5739 1195 5793 αἴτιον
1242 5733 1379 5791 εἶναι
1427 5739 1523 5807 τῆς
1561 5736 1669 5790 τῶν

180 5811 314 5880 γάμων
340 5831 570 5904 συπολῆς
599 5833 929 5904 παρίστησιν
951 5833 979 5884 ό
1005 5831 1106 5901 τῆς
1131 5830 1492 5900 εύαγγελικῆς
1520 5829 1667 5882 διδα-

186 5907 340 5977 τιιλῖις
375 5918 528 5987 λόγος,
562 5925 788 5995 φάσκων
811 5942 824 5955 ·
881 5943 899 5975 ι
941 5923 1110 5976 Τοῦτο
1142 5923 1198 5976 δέ
1233 5939 1394 5992 φημι.
1426 5921 1664 5991 ἀδελφοὶ,

2381 2067 2610 2125 CAPUT
2650 2069 2737 2124 IX.

1777 2157 1954 2224 Quam
2007 2157 2071 2212 ob
2097 2176 2318 2213 causam
2344 2177 2452 2233 non
2481 2169 2539 2233 ut
2563 2162 2728 2230 prisci
2782 2160 2892 2233 illi,
2915 2163 2991 2215 ila
3030 2180 3123 2216 nos
3159 2178 3362 2233 quoque

2008 2247 2302 2286 numerosa:
2331 2284 2334 2289 ,
2363 2231 2528 2285 soboli
2594 2249 2808 2301 operam
2860 2231 3071 2290 damus.

1845 2317 1981 2374 Cum
2019 2321 2132 2376 haec
2166 2321 2239 2376 ita
2265 2335 2324 2374 se
2348 2321 2622 2385 habeant,
2679 2324 2876 2376 merito
2933 2323 3130 2393 aliquis
3161 2326 3361 2394 quami-

1776 2411 1900 2475 erit,
1931 2412 1976 2466 si
2001 2427 2130 2467 vere
2163 2412 2402 2466 dicimus
2432 2412 2501 2465 ab
2522 2414 2833 2482 evangelica
2853 2412 3154 2470 Salvatoris
3183 2419 3357 2469 ltOsll‘i

1777 2504 2048 2567 doctrina,
2085 2517 2204 2557 eam
2236 2501 2406 2556 divini
2443 2503 2626 2556 cultus
2664 2502 2928 2567 rationem
2958 2502 3354 2575 doceri,qua:n

1775 2595 1946 2665 prisci
1977 2595 2074 2657 illi,
2105 2595 2196 2663 qui
2219 2603 2344 2648 ante
2377 2593 2580 2649 Mosem
2609 2595 2861 2663 religiose
2890 2603 2944 2649 et
2999 2603 3188 2650 sancte
3206 2601 3358 2647 vixe-

1777 2673 1926 2749 runt,
1947 2684 2119 2738 secuti
2149 2692 2278 2736 sunt
2311 2703 2324 2738 :
2373 2699 2648 2754 unamque
2687 2700 2808 2739 esse
2841 2691 2896 2738 et
2928 2693 3194 2745 nostram,
3227 2693 3279 2738 et
3304 2688 3362 2738 il-

1777 2779 1954 2832 lorum
1986 2777 2324 2846 religionem,
2367 2778 2705 2846 eandemque
2735 2776 2804 2832 de
2840 2776 2948 2832 Deo
2977 2778 3306 2832 sententiam
3344 2793 3356 2827 :

1776 2884 2026 2942 quamam
2081 2886 2247 2924 causa
2285 2872 2357 2924 sit
2388 2911 2402 2929 ,
2437 2877 2495 2923 ut
2533 2871 2608 2925 illi
2644 2872 2868 2940 quidem
2926 2871 2981 2924 in
3046 2873 3252 2941 nuptiis
3307 2879 3362 2924 et

1777 2964 2157 3034 procreatione
2191 2963 2485 3017 liberorum
2522 2963 2816 3032 plurimum
2855 2962 3020 3017 studii
3053 2965 3357 3032 posuerint.

1777 3070 1878 3110 nos
1910 3070 2041 3110 vero
2067 3055 2207 3110 hanc
2237 3065 2444 3125 partem
2474 3054 2836 3125 negligamus.
2858 3054 2986 3108 Item
3018 3070 3142 3108 cum
3170 3055 3364 3109 deillis

1779 3147 2040 3215 scriptum
2078 3145 2169 3209 sit,
2220 3145 2364 3214 quod
2415 3146 2730 3198 animalium
2771 3145 3014 3199 cmdihus
3053 3146 3218 3200 Deum
3252 3153 3362 3216 pla-

1778 3243 1987 3298 carent,
2015 3251 2114 3290 cur
2149 3237 2221 3290 ita
2256 3251 2358 3289 nos
2417 3236 2562 3290 istud
2616 3235 2796 3291 facere
2820 3279 2835 3299 ,
2877 3238 3037 3305 quasi
3089 3239 3358 3292 nefarium

1777 3330 2058 3400 quidpiam
2138 3338 2193 3384 et
2277 3329 2605 3398 sacrilegum
2646 3369 2660 3391 ,
2750 3329 3159 3398 prohibeamur.
3236 3329 3361 3382 [hec

1287 3432 1510 3514 τρόπον.
1565 3434 1673 3485 Καὶ

1779 3424 1924 3476 enim
1965 3423 2074 3476 duo
2113 3422 2428 3486 duntaxat,
2477 3438 2597 3490 quze
2657 3436 2790 3476 sane
2834 3422 2976 3475 haud
3031 3417 3181 3490 parvi
3245 3438 3362 3475 uxo-

1779 3518 1946 3572 menti
1997 3525 2142 3580 sunt,
2187 3519 2456 3589 putaverit
2502 3517 2776 3586 quispiam
2807 3556 2824 3580 .
2872 3517 2938 3570 iis
2987 3533 3108 3586 qua:
3141 3532 3171 3568 a
3203 3517 3362 3569 nolm

1777 3609 1922 3662 dicta
1954 3617 2103 3670 sunt,
2158 3610 2458 3670 adversari,
2510 3623 2720 3677 nosque
2756 3624 2868 3671 non
2931 3610 3082 3662 omni
3149 3609 3361 3662 ratione

1775 3700 2010 3756 eundem
2063 3716 2188 3754 cum
2264 3702 2465 3770 priscis
2513 3701 2644 3761 illis.
2723 3701 2936 3755 colendi
3003 3701 3095 3756 Dei
3153 3717 3359 3754 morem

1779 3810 2018 3850 servare.
2055 3794 2225 3864 Igitur
2263 3795 2426 3848 etiam
2455 3794 2721 3849 adversus
2747 3794 2884 3858 haec,
2928 3794 3093 3847 talem
3135 3795 3260 3848 licet
3293 3812 3359 3848 ex

1776 3887 1911 3956 ipsis
1995 3886 2347 3941 Hebraeorum
2427 3887 2665 3940 oraculis
2736 3886 3004 3939 rationem
3076 3885 3354 3956 colligere.

1777 3982 2101 4051 Quicunque
2142 3989 2269 4035 ante
2326 3980 2529 4034 lllosem
2561 3981 2630 4034 de
2664 3980 2825 4033 laude
2870 3978 3092 4048 pietatis
3158 3995 3361 4035 nomen

1778 4075 1958 4144 adepti
1998 4082 2161 4134 sunt,
2195 4074 2246 4127 hi
2279 4081 2412 4127 tunc
2439 4074 2654 4127 initium
2694 4072 2949 4132 habente,
2980 4077 3222 4142 tuncque
3249 4071 3361 4140 pri-

1776 4184 1925 4222 mum
1957 4169 2256 4224 exsistente
2313 4168 2425 4220 vita
2461 4205 2475 4230 ,
2539 4166 2710 4220 fuisse
2763 4175 3182 4227 memorantur:
3239 4181 3362 4237 quro

1774 4277 1905 4318 vero
1951 4263 2018 4317 ad
2066 4277 2166 4316 nos
2216 4261 2509 4332 pertinent,
2575 4261 2801 4316 tendere
2841 4261 2910 4315 ad
2964 4262 3145 4315 linem.
3178 4261 3361 4326 Quart

1776 4355 1899 4410 illos
1933 4369 2142 4425 magna’
2162 4370 2284 4408 cmn
2314 4369 2444 4407 cura
2464 4392 2478 4415 ,
2511 4354 2720 4407 sobolis
2782 4353 3176 4408 incrementum
3207 4369 3360 4422 quae-

1775 4448 1990 4508 sivisse,
2026 4462 2150 4501 cum
2191 4461 2291 4516 per
2323 4445 2456 4499 illud
2489 4453 2703 4516 tempus
2758 4457 2812 4500 et
2868 4462 3130 4500 numerus
3185 4446 3360 4499 homi-

1774 4557 1907 4596 num
1943 4541 2046 4611 31
2089 4548 2404 4610 augesceret
2439 4549 2494 4594 et
2537 4540 2996 4610 multiplicaretur
3024 4581 3038 4600 ,
3093 4546 3257 4609 atque
3299 4540 3357 4592 in

1775 4634 1894 4689 dies
1922 4634 2090 4688 robur
2120 4635 2395 4702 acciperet
2415 4649 2587 4702 genus
2631 4633 2928 4685 humanum
2973 4652 2982 4684 :
3038 4632 3198 4684 nobis
3231 4647 3361 4687 vero

1776 4740 1884 4779 non
1912 4724 2206 4779 admodum
2240 4739 2386 4783 cura;
2411 4739 2532 4779 esse
2577 4723 2700 4781 hoc.
2725 4730 2914 4792 utpote
2945 4737 3068 4775 eum
3105 4737 3194 4776 res
3243 4721 3358 4790 jam

1776 4816 2001 4870 interire
2043 4831 2107 4869 ac
2149 4815 2438 4877 desinere;
2496 4821 2660 4884 atque
2713 4818 2778 4866 ad
2835 4819 3140 4867 extremum
3200 4811 3359 4866 linem

1776 4908 1996 4964 tendere
2022 4908 2319 4963 credantur
2345 4926 2358 4961 :
2394 4908 2614 4977 quando
2641 4907 2808 4976 plane
2829 4906 3052 4969 dicitur,
3087 4915 3211 4959 ante
3237 4903 3358 4957 vitae

1775 5003 2338 5068 consummationem,
2389 5001 2758 5071 evangelicam
2815 4999 2868 5053 in
2924 4998 3134 5054 intibus
3165 4997 3358 5052 adesse.

1773 5095 2080 5149 doctrinam
2112 5113 2124 5146 :
2168 5100 2221 5147 et
2260 5093 2542 5147 renovatio
2587 5106 2651 5145 ac
2693 5093 2974 5162 generatio
3004 5091 3230 5144 alterius
3254 5103 3357 5142 sa:-

1774 5189 1905 5249 culi,
1930 5185 2075 5256 quod
2108 5186 2259 5239 brevi
2291 5186 2456 5240 instet
2513 5186 2779 5249 futurum,
2812 5185 3192 5238 denuntiatur.
3237 5178 3353 5232 Um

1775 5279 1941 5349 igitur
1969 5278 2216 5331 defensio
2262 5276 2404 5339 hzec,
2456 5277 2625 5330 altera
2662 5285 2841 5328 autem
2880 5277 2986 5325 erit
3014 5272 3352 5339 hujusmodi.

1777 5369 1980 5423 Priscis
2020 5369 2128 5421 illis
2184 5369 2278 5438 qui
2310 5368 2680 5422 retnissiorem
2731 5382 2793 5420 ac
2841 5365 3150 5418 liberiorem
3192 5365 3354 5416 vitam

1768 5460 2022 5530 agebant,
2055 5455 2187 5511 nihil
2217 5469 2334 5510 erat
2371 5456 2784 5523 impedimento.
2816 5471 2882 5508 ne
2909 5455 3093 5506 domui
3133 5452 3351 5507 liberis-

1768 5566 1875 5620 que
1900 5555 2216 5619 prmessent,
2245 5564 2305 5601 ac
2340 5549 2544 5616 pariter
2591 5547 2790 5598 divina:
2829 5561 3046 5615 quoque
3082 5546 3155 5599 rei
3189 5557 3352 5596 vaca-

1768 5651 1911 5704 rcnt,
1936 5641 2155 5711 quando
2184 5656 2289 5693 una
2321 5655 2443 5692 cum
2476 5638 2740 5691 uxoribus
2773 5649 2826 5689 et
2855 5638 3060 5701 liberis,
3090 5642 3143 5687 et
3168 5635 3352 5693 domo,

1767 5736 2019 5804 religioni
2050 5735 2325 5788 assiduam
2371 5733 2500 5785 dare
2539 5747 2761 5800 operam
2802 5740 3084 5799 poterant.
3137 5736 3191 5781 et
3221 5743 3350 5779 nus-

1773 5843 1937 5898 quam
1985 5828 2054 5882 ob
2088 5828 2229 5880 ullas
2275 5842 2362 5880 res
2417 5835 2670 5879 externas
2730 5844 2758 5879 a
2806 5825 3026 5879 meliore
3074 5823 3351 5886 pronosito

1776 5920 2167 5974 avellebantur.
2229 5918 2336 5973 Res
2379 5936 2508 5974 vero
2553 5929 2754 5974 nostrzc
2808 5915 3225 5977 innumerabilia
3257 5915 3347 5967 ha-
