4018 6516
623 495 692 550 79
1294 493 1564 550 EUSEBII
1601 491 2084 549 C.ESARIENSIS
2123 488 2502 552 OPP.'PARS
2533 495 2594 549 ll.
2635 487 3234 550 ——‘APOLCGETICA.
3811 471 3886 550 8θ

621 613 770 674 bent,
803 627 922 682 qu:e
941 611 1284 666 extrinsecus
1322 620 1604 680 premant,
1655 619 1708 666 et
1737 627 1856 682 quae
1907 612 1962 665 in
1994 612 2168 666 aliena

2301 614 2330 664 ό
2363 613 2553 684 καιρὸς
2587 613 3034 684 συνεσταλμένος.
3071 611 3143 664 Τὸ
3173 611 3358 665 λοιπόν
3391 613 3560 676 ἐστιν,
3597 613 3685 668 ἵνα
3709 613 3808 669 καὶ
3833 617 3883 668 οἰ

617 719 781 760 curas
809 704 1049 776 undique
1081 705 1318 766 trahant,
1343 711 1398 758 et
1443 704 1511 757 ab
1543 719 1730 758 eurum
1765 719 1944 758 rerum
1975 703 2158 758 studio
2181 745 2195 766 ,

615 813 741 867 qu:e
775 797 880 852 Deo
930 799 1184 868 placent,
1237 796 1532 850 abducant.
1585 796 1735 851 lianc
1779 797 1941 868 igitur
1971 811 2198 852 causam

607 907 762 952 esse.
801 907 900 948 cur
936 891 1180 946 nubendi
1242 892 1381 946 ratio
1435 894 1777 948 contrahitur
1805 935 1820 958 ,
1869 896 2199 964 evangelicae

617 987 883 1042 doctrinae
911 988 1136 1042 verbum
1163 987 1502 1042 demonstrat
1531 1029 1544 1050 ,
1601 989 1690 1042 ubi
1724 990 1798 1043 ait
1832 1009 1844 1044 :
1884 1010 1902 1042 ι
1943 983 2196 1048 Ιῐοοάιι-

616 1090 726 1133 tem
759 1080 882 1134 dico
909 1079 1126 1144 fratres,
1160 1087 1376 1150 tempus
1408 1081 1569 1135 breve
1597 1089 1699 1138 est.
1730 1081 2022 1151 Reliquum
2065 1093 2148 1140 est
2177 1127 2192 1151 ,

616 1182 676 1226 ut
707 1181 760 1228 et
791 1173 882 1242 qni
928 1173 1130 1228 habent
1169 1189 1402 1240 uxores,
1449 1181 1710 1244 tanquam
1765 1191 1872 1230 non
1929 1177 2194 1232 habentes

615 1265 720 1318 sint
760 1280 770 1313 :
807 1273 862 1318 et
914 1263 1004 1332 qui
1043 1263 1202 1326 ﬂent,
1247 1271 1504 1334 tanquam
1563 1281 1672 1320 non
1727 1264 1919 1322 flentes
1951 1287 1962 1321 :
1995 1275 2050 1324 et
2099 1270 2192 1338 qui

613 1355 872 1424 gaudent,
906 1361 1164 1422 tanquam
1222 1371 1326 1407 non
1361 1357 1660 1424 gaudentes
1694 1377 1706 1412 ε
1741 1365 1794 1413 et
1839 1359 1928 1428 qui
1961 1369 2150 1414 emunt
2173 1402 2188 1426 ,

613 1455 874 1512 tanquam
929 1461 1036 1498 non
1099 1447 1496 1514 possidentes:
1557 1456 1610 1503 et
1660 1451 1752 1520 qui
1811 1458 2039 1504 utuntur
2083 1452 2188 1506 hoc

595 1533 826 1594 mundo,
865 1541 1122 1604 tanquam
1169 1552 1275 1592 non
1310 1539 1612 1594 abutentes.
1655 1538 1897 1595 Praeterit
1921 1545 2065 1596 enim
2103 1543 2166 1597 li-

593 1633 736 1690 θεοῖο
765 1623 926 1692 hujus
947 1627 1130 1682 mundi
1155 1647 1169 1696 ;
1194 1631 1315 1682 vnio
1339 1639 1518 1684 autem
1549 1647 1642 1686 vos
1665 1633 1782 1686 sine
1803 1633 2165 1686 Sollicitudine

575 1728 726 1770 -esse
755 1731 768 1766 :
801 1716 894 1784 qui
934 1717 1052 1774 sine
1084 1736 1254 1776 uxore
1296 1731 1397 1786 est,
1433 1722 1698 1777 sollicitus
1735 1735 1816 1778 est
1847 1725 1914 1779 de
1947 1726 2013 1779 iis
2046 1739 2164 1793 qu:e

609 1800 824 1858 Domini
854 1817 1000 1870 sunt,
1033 1811 1304 1878 quomodo
1345 1811 1555 1880 placeat
1588 1813 1833 1869 Domino.
1869 1814 1974 1882 Qui
2004 1825 2186 1872 autem

581 1907 730 1948 ecum
757 1911 928 1950 uxore
952 1907 1057 1966 est,
1097 1901 1366 1957 sollicitus
1397 1912 1480 1958 est
1520 1905 1586 1960 de
1611 1905 1698 1972 iis,
1729 1923 1850 1978 qu:e
1878 1917 2006 1964 sunt
2027 1925 2185 1965 muno

2303 706 2516 776 ἔχοντες
2538 710 2798 775 γυναῖκας
2831 705 2905 769 ὡς
2939 705 3012 777 μὴ
3035 705 3247 776 ἔχοντες
3279 697 3402 768 ὦσι,
3443 707 3537 759 καὶ
3579 707 3628 760 οἰ
3665 707 3872 761 κλαίον-

2251 811 2266 832 ‘
2293 818 2392 864 ητες
2423 799 2498 864 ὡς
2527 798 2602 870 μὴ
2627 797 2922 861 κλαίοντες,
2953 797 3048 850 καὶ
3071 799 3119 850 οἰ
3151 797 3431 869 χαίροντες
3465 797 3540 861 ὡς
3569 799 3642 869 μὴ
3674 799 3885 870 χαίρον-

2299 909 2410 954 τες,
2451 891 2546 943 καί¹
2591 891 2640 942 οἱ
2687 887 3046 959 ἀγοράζοντες
3086 888 3160 952 ὡς
3199 889 3273 960 μὴ
3321 890 3662 960 κατέχοντες,
3695 893 3792 945 καὶ
3829 893 3882 946 οἰ

2299 983 2568 1056 χρώμενοι
2611 981 2690 1052 τῷ
2733 982 2922 1050 κόσμῳ
2963 982 3136 1052 τούτῳ
3192 981 3268 1044 ὡς
3319 983 3392 1054 μὴ
3440 983 3876 1054 καταχρώμενοι.

2299 1077 2544 1147 Παρὰγει
2577 1075 2684 1146 γὰρ
2713 1075 2773 1128 τὸ
2821 1075 3007 1144 σχῆμα
3040 1075 3131 1128 τοῦ
3160 1076 3364 1146 κόσμου
3395 1076 3617 1130 τούτοιν
3649 1075 3788 1132 θέλω
3820 1079 3880 1134 δὲ

2297 1169 2441 1240 ὑμᾶς
2471 1168 2820 1240 ἀμερίμνους
2861 1165 3030 1221 εἶναι·
3070 1170 3098 1220 ό
3146 1168 3357 1240 ἄγαμος
3403 1171 3640 1242 μεριμνᾷ
3671 1171 3740 1225 τὰ
3781 1167 3878 1226 τοῦ

2295 1261 2526 1334 Κυρίου,
2571 1261 2688 1324 πῶς
2729 1261 2902 1334 ἀρέσῃ
2951 1259 3028 1330 τῷ
3059 1261 3278 1332 Κυρίῳ·
3327 1263 3354 1314 ὁ
3391 1261 3446 1314 δὲ
3488 1265 3743 1336 γαμήσας
3775 1281 3879 1334 με·

2299 1355 2465 1426 ριμνᾷ
2511 1353 2579 1406 τὰ
2627 1353 2719 1406 τοῦ
2755 1353 2981 1424 κόσμου,
3018 1353 3134 1416 πῶς
3179 1353 3349 1426 ἀρέσῃ
3393 1357 3456 1425 τῇ
3505 1358 3746 1422 γυναικὶ,
3779 1357 3882 1412 καὶ

2299 1448 2643 1517 μεμέρισται.
2691 1445 2800 1497 Καὶ
2845 1445 2878 1516 ἠ
2908 1443 3043 1516 γυνὴ
3075 1445 3110 1514 ἡ
3151 1443 3381 1512 ἄγαμος,
3411 1445 3503 1497 καὶ
3533 1447 3564 1516 ή
3605 1445 3880 1517 παρθένος

2297 1535 2534 1605 μεριμνᾷ
2566 1533 2633 1588 τὰ
2669 1534 2761 1586 τοῦ
2791 1533 3016 1606 Κυρίου,
3057 1534 3142 1586 ἵνα
3175 1534 3345 1605 ἀρέσῃ
3376 1533 3454 1606 τῷ
3479 1535 3686 1606 Κυρίῳ,
3723 1537 3808 1590 ἵνα

2293 1627 2422 1696 ἁγία
2463 1628 2556 1680 καὶ
2585 1625 2664 1698 τῷ
2697 1625 2929 1697 σώματι,
2967 1627 3070 1679 καὶ
3101 1625 3178 1696 τῷ
3206 1626 3476 1696 πνεύματι
3495 1644 3507 1656 ·
3537 1629 3570 1698 ὴ
3605 1627 3662 1679 δὲ
3691 1631 3848 1700 γαμή
3867 1659 3880 1666 -

2293 1737 2433 1772 σασα
2471 1721 2708 1792 μεριμνᾷ
2736 1718 2801 1771 τὰ
2831 1717 2926 1770 τοῦ
2969 1719 3196 1788 κόσμου,
3235 1717 3350 1782 πῶς
3379 1719 3552 1792 ἀρέσῃ
3583 1719 3660 1791 τῷ
3693 1717 3876 1792 ἀνδρίκ

2293 1803 2462 1866 Τοῦτο
2488 1811 2544 1866 δὲ
2573 1811 2708 1882 πρὸς
2738 1809 2797 1863 τὸ
2831 1807 2984 1880 ὑμῶν
3015 1808 3288 1880 συμφέρον
3311 1808 3472 1876 λέγω,
3505 1811 3601 1880 οὐχ
3628 1811 3714 1864 ἵνα
3747 1809 3880 1882 βρό-

2291 1923 2384 1976 χον
2419 1905 2545 1976 ὺμῖν
2575 1899 2867 1966 ἐπιϐάλλω,
2905 1901 3040 1954 ἀλλά
3075 1901 3210 1972 πρὸς
3244 1901 3302 1954 τὸ
3333 1901 3608 1974 εὔσχημον
3654 1903 3748 1956 καὶ
3778 1903 3878 1956 εὐ·-

591 1983 682 2048 ·ᾶί,
717 1989 993 2056 quomodo
1023 1991 1230 2059 placeat
1253 1995 1431 2058 πται-ἱ,
1455 2003 1508 2050 et
1533 1996 1741 2052 divisus
1759 2007 1863 2054 est.
1897 1999 1962 2054 Et
1992 2002 2173 2057 mulier

2291 1997 2560 2070 πάρεδρον
2618 1997 2695 2066 τῷ
2745 1994 2934 2067 Κυρίῳ
2987 1994 3428 2065 ἀπερισπάστως.
3485 2013 3502 2044 ι
3563 1993 3880 2066 Διαρρήδην

604 2075 855 2146 innupta,
887 2086 942 2132 et
977 2080 1128 2151 virgo
1157 2083 1362 2153 cogitat
1393 2101 1513 2155 qua:
1559 2086 1772 2144 Domini
1808 2099 1956 2158 sunt,
1991 2102 2048 2147 ut
2071 2093 2186 2163 pla.

609 2177 722 2222 reat
745 2167 994 2234 Domino,
1017 2181 1074 2225 ut
1095 2175 1165 2227 sit
1189 2184 1376 2230 saneta
1401 2185 1452 2232 et
1471 2193 1701 2250 corpore
1727 2189 1778 2236 et
1799 2185 1992 2254 spiritu
2021 2206 2033 2240 :
2065 2203 2186 2256 qu:e

601 2269 782 2315 autem
808 2263 972 2332 nupta
999 2273 1104 2329 est,
1135 2269 1338 2338 cogitat
1366 2285 1486 2339 qu:e
1516 2279 1644 2326 sunt
1669 2274 1878 2340 mundi,
1909 2279 2184 2346 quomodo

601 2351 813 2420 placeat
843 2353 979 2408 viro.
1015 2353 1186 2412 Porro
1216 2357 1318 2412 hoc
1349 2360 1416 2414 ad
1451 2361 1737 2418 utilitatem
1763 2374 2003 2422 vestram
2037 2367 2180 2430 diro,

601 2457 708 2496 non
735 2453 791 2498 ut
833 2443 1084 2514 laqueum
1124 2447 1280 2502 vobis
1337 2451 1576 2520 injiciam
1604 2495 1618 2519 ,
1667 2453 1760 2510 sed
1821 2455 1889 2510 ad
1941 2457 1993 2511 id
2036 2459 2181 2528 quod

599 2535 888 2590 honestum
921 2547 1026 2602 cst,
1051 2548 1102 2594 ct
1126 2540 1269 2610 quod
1303 2541 1610 2600 facultatem
1643 2546 1900 2616 przebeat,
1927 2551 2048 2605 sine
2079 2553 2178 2605 ini--

595 2627 909 2695 pedimento
937 2629 1222 2686 Dominum
1255 2635 1582 2690 obsecrandi
1623 2639 1684 2692 ¹³.
1725 2659 1743 2690 ι
1789 2638 1974 2694 Palam
2015 2644 2181 2713 igitur

593 2721 651 2772 in
681 2719 766 2774 his
797 2736 1044 2786 causam,
1073 2739 1172 2778 cur
1201 2743 1230 2780 a
1263 2729 1470 2798 nuptiis
1521 2731 1592 2782 sit
1637 2730 2022 2786 abstinendum
2051 2751 2178 2804 pro-

595 2811 748 2879 ponit
779 2854 793 2872 .
845 2815 936 2868 ubi
997 2826 1298 2888 temporum
1362 2836 1655 2890 rerumque
1695 2825 2039 2882 extrinsecus
2095 2829 2177 2883 in-

594 2907 906 2974 gruentium
941 2911 1290 2964 stoliditatem
1337 2915 1682 2983 reprehendit
1713 2935 1726 2970 :
1759 2933 1994 2988 quorum
2039 2923 2176 2976 nihil

593 2997 792 3064 priscis
819 2998 925 3052 illis
965 3001 1270 3056 accidebat.
1305 3005 1386 3057 Ad
1421 3005 1554 3072 haec,
1599 3007 1758 3060 tertia
1790 3025 2008 3082 quoque
2036 3015 2175 3068 ratio

595 3087 815 3158 adjungi
852 3097 1050 3159 potest,
1081 3101 1301 3162 propter
1334 3111 1498 3164 quam
1525 3105 1738 3154 veteres
1765 3101 1840 3154 illi
1877 3103 1967 3157 Dei
2004 3106 2178 3160 culto-

591 3194 702 3246 res,
735 3180 789 3233 in
822 3183 1197 3250 procreatione
1221 3185 1516 3240 liberorum
1547 3189 1840 3258 plurimum
1869 3195 2034 3250 studii
2061 3198 2175 3251 col-

589 3269 856 3326 locarent.
886 3272 1020 3328 Cum
1047 3275 1240 3345 reliqui
1275 3277 1523 3334 homines
1565 3281 1620 3334 in
1656 3297 1867 3338 morum
1901 3291 2174 3356 perversi-

2293 2085 2422 2154 γοῦν
2451 2089 2506 2138 ὲν
2527 2085 2736 2148 τούτοις
2761 2084 2820 2138 τὸ
2845 2081 3017 2136 αἴτιον
3043 2081 3142 2152 τῆς
3172 2083 3382 2154 ἀποχῆς
3413 2083 3507 2136 τοῦ
3530 2085 3706 2154 γάμου
3727 2103 3876 2157 παρ-

2295 2176 2496 2248 ίστησι,
2539 2178 2637 2248 τὴν
2684 2177 2793 2229 τῶν
2821 2175 3049 2248 καιρῶν,
3101 2176 3192 2230 καὶ
3217 2175 3324 2228 τῶν
3347 2176 3502 2239 ἐκτὸς
3529 2178 3878 2248 πραγμάτων

2289 2265 2610 2338 ἀϐελτερίαν
2651 2266 3127 2337 ἐπιμεμψάμενος,
3159 2259 3232 2320 ὧν
3270 2267 3421 2319 οὐδὲν
3465 2269 3576 2330 τοῖς
3621 2267 3878 2332 παλαιοῖς

2291 2358 2646 2429 προσέπιπτε.
2675 2359 2786 2412 Καὶ
2819 2360 3002 2430 τρίτος
3043 2358 3085 2410 δ’
3111 2358 3177 2412 ἂν
3197 2357 3280 2429 εἰη
3314 2359 3463 2429 παρὰ
3489 2359 3660 2412 ταῦτα
3687 2359 3874 2426 λόγος.

2281 2449 2412 2502 καθ’
2439 2450 2496 2502 ὂν
2523 2453 2570 2504 οἰ
2589 2451 2754 2504 πάλαι
2780 2449 3043 2517 θεοφιλεῖς
3067 2451 3406 2514 παιδοποιίας
3439 2449 3696 2522 πλείστην
3721 2453 3878 2505 ἐποι-

2287 2543 2442 2596 οῦντο
2501 2543 2753 2614 σπουδήν.
2790 2542 3136 2596 Τῶνιλοιπῶν
3167 2543 3465 2614 ἀνθρώπων
3494 2544 3573 2606 εἰς
3605 2560 3844 2614 κακοτρο

2287 2637 2419 2690 πίαν
2469 2637 2779 2702 ἐπιδόντων,
2829 2637 2908 2700 εἰς
2953 2635 3223 2707 ἀνήμερόν
3261 2653 3320 2688 τε
3369 2637 3461 2687 καὶ
3501 2635 3876 2708 ἀπάνθρωπον

2287 2733 2379 2785 καὶ
2412 2731 2648 2802 θηριώδη
2679 2731 2790 2801 βίον
2815 2731 3310 2794 ἀποπεπτωκότων,
3338 2730 3417 2794 είς
3445 2747 3504 2783 τε
3537 2731 3705 2800 ἀσεϐῆ
3735 2747 3870 2786 παν-

2283 2827 2454 2891 τελῶς
2508 2830 2599 2882 καὶ
2645 2829 2800 2883 ἄθεον
2859 2821 3059 2898 τρόπον
3111 2823 3590 2894 ἀπωλισθηκότων,
3646 2822 3872 2894 βραχεῖς

2287 2918 2492 2990 σφόδρα
2531 2921 2625 2972 καὶ
2669 2917 2887 2990 ἀριθμῷ
2917 2917 3112 2987 ληπτοὶ
3143 2915 3580 2986 περιλειπόμενοι
3611 2917 3753 2970 κατὰ
3797 2918 3870 2972 τὰ

2285 3009 2520 3082 πρόσθεν
2553 3013 2686 3082 ἡμῖν
2715 3009 2979 3080 εἰρημένα
3021 3006 3114 3060 τοῦ
3141 3007 3248 3060 τῶν
3275 3006 3484 3060 πολλῶν
3510 3007 3872 3072 ὑπεξίσταντο

2285 3103 2422 3175 βίου,
2459 3103 2554 3156 καὶ
2581 3103 2678 3172 τῆς
2715 3103 2898 3170 κοινῆς
2926 3099 3033 3153 τῶν
3065 3099 3267 3152 λοιπῶν
3306 3099 3606 3170 ἀνθρώπων
3637 3117 3868 3153 συνανα-

2283 3195 2542 3268 στροφῆς.
2597 3194 3034 3266 Κεχωρισμένως
3069 3192 3112 3244 δ’
3161 3189 3254 3245 οὖν
3305 3191 3413 3244 τῶν
3457 3191 3628 3243 ἄλλων
3670 3191 3868 3256 ἐθνῶν,

2283 3287 2380 3339 καὶ
2415 3283 2556 3338 κατὰ
2593 3284 2760 3355 μόνας
2805 3283 3065 3354 βιοῦντες,
3102 3283 3374 3335 πολιτείαν
3408 3281 3584 3352 ξένην,
3615 3281 3711 3334 καὶ
3748 3281 3868 3350 βίον

589 3372 699 3418 tate
731 3367 908 3434 majus
939 3367 992 3422 in
1033 3369 1148 3424 dies
1184 3371 1580 3428 incrementum
1615 3378 1978 3448 accepissent,
2011 3391 2173 3454 atque

2281 3377 2592 3447 φιλόσοφον,
2627 3377 2718 3428 καὶ
2763 3375 2838 3439 ὡς
2869 3375 3085 3445 ἀληθῶς
3126 3373 3373 3444 θεοσεϐῆ,
3409 3373 3502 3426 καὶ
3537 3375 3651 3436 τοῖς
3681 3372 3866 3438 ἄλλοις

589 3455 644 3510 in
679 3458 996 3526 immanem,
1030 3461 1136 3532 32
1169 3471 1222 3518 ct
1257 3463 1325 3517 ab
1355 3467 1504 3520 omni
1545 3467 1885 3527 humanitate
1918 3474 2172 3542 alienam,

585 3557 642 3604 ct
665 3552 824 3622 plane
855 3553 1084 3608 ferinam
1121 3557 1284 3609 vitam
1324 3558 1522 3628 relapsi
1555 3572 1759 3628 essent,
1783 3572 1836 3618 et
1863 3565 1915 3619 in
1947 3566 2172 3638 impium

585 3659 836 3715 prorsus.
866 3648 1126 3717 omnique
1153 3649 1402 3718 religioni
1442 3652 1721 3708 inimicum
1753 3673 1980 3724 morem,
2017 3659 2174 3716 facile

585 3739 928 3794 corruissent
955 3759 968 3794 :
1009 3741 1162 3794 valde
1191 3743 1371 3810 pauci,
1394 3751 1448 3796 et
1481 3743 1638 3799 facile
1665 3752 2054 3814 numerabiles,
2076 3755 2170 3824 qui

587 3841 927 3902 supererant,
971 3849 1034 3888 ea
1065 3843 1371 3898 sectantes,
1409 3853 1528 3906 qua:
1575 3839 1726 3906 prius
1755 3855 1785 3893 a
1819 3845 1978 3900 nobis
2028 3847 2172 3900 dit-ta

583 3931 737 3984 sunt,
766 3939 794 3976 a
845 3923 1139 3976 multorum
1171 3927 1568 3981 consuetudine
1599 3939 1651 3983 et
1681 3945 1710 3982 a
1740 3936 2014 3987 communi
2047 3951 2171 3990 cum

583 4016 811 4086 reliquis
841 4015 1156 4072 hominibus
1184 4018 1329 4072 victu
1350 4061 1364 4085 ,
1399 4036 1458 4076 se
1492 4024 1836 4078 amovebant.
1873 4023 2040 4080 Porro
2069 4043 2168 4082 au-

575 4119 692 4162 tem
731 4123 854 4160 cum
886 4123 1132 4163 seorsum
1179 4110 1248 4164 ab
1287 4111 1409 4168 aliis
1439 4115 1693 4182 gentibus
1723 4157 1738 4180 ,
1797 4117 2170 4190 singularique

586 4215 736 4256 more
769 4201 1034 4266 viverent,
1061 4217 1256 4256 novam
1301 4205 1580 4276 quandam
1635 4205 1967 4278 Reipublicae
2007 4213 2170 4266 ratio-

573 4309 729 4358 ‘nem,
763 4301 1040 4364 vntainque
1071 4295 1368 4350 studiosam
1397 4299 1696 4368 sapientiae,
1727 4319 1962 4374 vereque
1995 4305 2168 4374 ipsius

587 4385 676 4440 Dei
701 4386 1008 4448 cultricem,
1037 4393 1089 4440 et
1113 4387 1338 4456 reliquis
1361 4387 1676 4447 hominibus
1703 4393 2164 4464 impermiscuam,

583 4477 959 4531 instituerunt.
999 4475 1068 4531 Ut
1101 4478 1528 4550 igitur-posteris
1551 4499 1769 4554 quoque
1801 4485 2018 4540 illorum
2049 4502 2168 4556 pro-

523 4585 532 4596 -
581 4566 715 4636 prim
743 4569 1045 4632 religionis,
1065 4577 1320 4638 tanquam
1346 4573 1583 4628 scintilla
1601 4576 1846 4646 quaedam
1875 4579 2166 4648 rcparandi

579 4657 744 4728 ignis,
781 4659 854 4710 ita
887 4659 1106 4728 aliquod
1141 4677 1324 4716 semen
1357 4674 1686 4730 servaretur,
1713 4683 1888 4738 neque
1911 4686 2018 4724 una
2037 4687 2159 4726 cum

2280 3467 2588 3540 ἀνθρώποις
2619 3467 2976 3537 ἀνεπίμικτον
3003 3465 3337 3518 συνίσταντο.
3373 3464 3466 3517 Ἴν’
3494 3459 3586 3518 οὖν
3619 3464 3712 3518 καὶ
3747 3467 3866 3528 τοῖς

2280 3563 2576 3636 μετέπειτα
2604 3561 2702 3632 τῆς
2728 3561 2934 3623 οἰκείας
2964 3558 3272 3622 θεοσεϐείας
3307 3555 3555 3630 ζώπυρον
3589 3555 3647 3621 ἐξ
3677 3557 3864 3612 αὐτῶν

2277 3655 2500 3726 σπέρμα
2541 3653 2880 3724 φυλάττοιτο,
2933 3651 3052 3722 μηδ’
3078 3651 3287 3704 ἐκλίποι
3315 3649 3412 3702 καὶ
3457 3649 3708 3703 ἀπόλοιτο
3741 3649 3864 3719 ἅμα

2273 3753 2340 3822 τῇ
2375 3747 2482 3802 τῶν
2526 3745 2736 3816 ἀνδρῶν
2783 3744 3005 3814 τελευτῇ
3047 3743 3113 3796 τὰ
3149 3743 3250 3812 τῆς
3299 3743 3420 3795 κατ’
3463 3741 3658 3804 αὐτοὺς
3705 3741 3864 3793 εὗσε-

2273 3843 2446 3906 ϐείας,
2483 3841 2708 3903 εἰκότως
2755 3837 3096 3916 παιδοποιίας
3138 3838 3230 3889 καὶ
3279 3833 3668 3907 παιδοτροφίας
3717 3834 3858 3905 1:96-

2273 3945 2422 3984 νοιαν
2449 3929 2688 3998 εἰσῆγον,
2718 3927 2794 3991 ὡς
2833 3927 2899 3981 ἂν
2927 3925 3234 3980 διδάσκαλοι
3275 3925 3368 3977 καὶ
3413 3924 3719 3995 καθηγηταὶ
3763 3925 3860 3992 γέ·-

2271 4039 2444 4077 νοιντο
2487 4021 2596 4074 τῶν
2645 4019 2786 4074 ἰδίων
2835 4019 3057 4084 παίδων,
3109 4017 3383 4090 διαδόχους
3429 4017 3711 4080 εὐσεϐείας
3761 4015 3862 4068 καὶ

2271 4111 2368 4184 τῆς
2395 4113 2602 4176 οἰκείας
2643 4110 2845 4183 ἀρετῆς
2883 4109 3250 4180 κληρονόμους
3285 4111 3395 4171 τοῖς
3426 4107 3720 4178 μετέπειτα
3749 4121 3860 4160 κα-

2271 4205 2515 4258 ταλιπεῖν
2557 4203 2844 4257 σπουδαῖον
2891 4197 3030 4254 εἶναι
3079 4201 3389 4272 ἡγούμενοι.
3425 4199 3616 4252 Ἔνθεν
3663 4199 3855 4270 μυρίοι

2271 4295 2568 4366 προφῆται,
2603 4295 2697 4346 καὶ
2738 4293 2936 4347 δίκαιοι
2971 4293 3182 4363 ἄνδρες,
3213 4292 3374 4355 αὐτός
3404 4291 3450 4344 θ’
3483 4293 3510 4344 ὁ
3539 4290 3732 4362 Σωτὴρ
3757 4292 3858 4344 καὶ

2269 4387 2476 4458 Κύριος
2521 4384 2698 4457 ἡμῶν,
2733 4385 2786 4437 οἳ
2816 4401 2876 4437 τε
2919 4377 3107 4436 τούτου
3145 4381 3384 4453 μαθηταὶ
3431 4381 3526 4435 καὶ
3563 4381 3856 4436 ἀπόστολοι

2269 4481 2333 4532 ὲκ
2359 4479 2456 4549 τῆς
2489 4476 2664 4530 αὐτῶν
2691 4476 2912 4547 διδαχῆς
2945 4475 3372 4546 ἀναπεφήνασιν.
3403 4473 3467 4526 Εἰ
3491 4473 3547 4526 δέ
3581 4491 3730 4538 τινες
3757 4476 3858 4529 καὶ

2269 4569 2460 4640 φαῦλοι
2505 4569 2771 4641 προῆλθον
2805 4561 2882 4634 ἐξ
2915 4567 3114 4630 αὐτῶν,
3157 4567 3233 4630 ὡς
3267 4567 3381 4637 ἅμα
3421 4565 3553 4636 σίτῳ
3595 4566 3855 4638 καλάμης

2269 4661 2624 4733 ὑποφυείσης,
2665 4661 2778 4715 ἀλλ’
2817 4661 2968 4715 οὔπω
3013 4663 3136 4724 τοὺς
3181 4659 3508 4730 σπείραντας
3554 4660 3854 4728 αἰτιατέον,

579 4746 822 4818 ipsorum
851 4750 1082 4802 decessu
1113 4752 1354 4820 ipsorum
1387 4755 1562 4830 pietas
1596 4734 1870 4826 deﬁceret,
1894 4770 2055 4832 atque
2087 4767 2164 4818 in-

2279 4755 2386 4809 ita:
2413 4757 2538 4818 τοὺς
2576 4753 3054 4826 ἀναθρεψαμένους
3076 4770 3090 4782 ·
3127 4751 3250 4806 ἐπεὶ
3285 4752 3378 4804 καὶ
3407 4749 3513 4803 τῶν
3542 4747 3635 4802 τοῦ
3664 4750 3853 4820 Σωτῆο

579 4841 788 4906 terirct,
825 4843 1022 4897 merito
1054 4851 1108 4898 et
1133 4847 1462 4916 generandae
1509 4859 1561 4904 et
1602 4851 1808 4906 alenda:
1837 4853 2040 4909 sobolis
2063 4871 2163 4909 cu-

577 4949 694 4988 ram
727 4935 1110 5002 introduxere,
1154 4946 1212 4991 ut
1276 4939 1356 4994 sic
1413 4939 1671 4997 doctores
1704 4953 1866 5015 atque
1913 4947 2162 5018 magistri

577 5026 924 5096 propriorum
957 5027 1251 5082 liberorum
1281 5033 1612 5088 exsisterent
1640 5053 1652 5089 :
1702 5037 1902 5106 quippe
1931 5041 2021 5108 qni
2061 5056 2158 5108 po-

571 5120 740 5175 steris
775 5135 1128 5176 successores
1155 5125 1400 5191 pietatis,
1429 5127 1772 5197 proprimqtle
1800 5130 2017 5186 virtutis
2052 5133 2160 5188 bre-

579 5213 735 5266 redcs
763 5213 1072 5282 relinquere
1093 5255 1106 5280 ,
1157 5215 1447 5285 pulchrum
1495 5227 1660 5288 atque
1693 5219 1980 5275 honestum
2007 5221 2156 5292 judi-

501 5309 536 5386 ῖς
576 5310 785 5358 carent.
815 5302 954 5358 Hinc
988 5319 1120 5360 sane
1169 5307 1447 5378 propheta:
1487 5307 1935 5376 innumerabiles,
1975 5322 2028 5368 et
2055 5315 2158 5368 viri

521 5411 528 5436 τ
569 5395 704 5462 justi
733 5413 746 5449 :
775 5395 912 5464 quin
944 5397 1060 5466 ipse
1108 5415 1327 5469 quoque
1359 5399 1609 5456 Salvator
1651 5418 1715 5456 ac
1765 5402 2030 5459 Dominus
2061 5421 2158 5460 no-

571 5487 963 5558 stenejusqtte
1010 5489 1264 5561 discipuli
1297 5499 1461 5562 atque
1512 5495 1778 5565 apostoli,
1822 5497 1892 5552 ab
1937 5497 2154 5552 illorum

573 5577 866 5646 disciplina
899 5577 1126 5648 profecti
1167 5589 1313 5636 sunt.
1357 5583 1512 5649 Quod
1565 5585 1610 5640 si
1641 5587 1734 5656 qui
1763 5587 1926 5641 etiam
1969 5587 2154 5644 vitiosi

576 5669 645 5723 ab
677 5668 866 5726 iisdem
901 5669 1238 5740 prodierunt,
1258 5677 1414 5744 quasi
1439 5677 1605 5746 palea:
1635 5677 1798 5732 simul
1823 5693 1946 5732 cum
1971 5681 2154 5736 tritico

573 5758 993 5824 subnascentes,
1029 5773 1140 5812 non
1185 5759 1254 5814 ob
1295 5759 1344 5815 id
1391 5769 1570 5818 tamen
1621 5764 1878 5836 culpandi
1920 5766 2012 5838 qui
2063 5781 2153 5838 ge-

625 5933 630 5938 ’
722 5939 746 5992 ῐ
789 5937 916 5993 Cor.
957 5955 1026 5994 vn
1059 5981 1070 6005 ,
1103 5940 1296 5996 “29-33.

2269 4867 2358 4920 ρος
2396 4849 2650 4918 μαθητῶν
2685 4849 2842 4919 ἴσμεν
2871 4847 3022 4910 τινὰς
3065 4845 3121 4912 ἐξ
3169 4844 3520 4908 αὑτεξουσίου
3567 4859 3850 4914 παρατρο-

2265 4941 2374 5012 πῆς
2403 4941 2839 5010 ἀποσφαλέντας.
2881 4939 2946 4992 Ἦ
2977 4939 3074 5009 μὲν
3105 4933 3196 4990 οὖν
3233 4937 3380 4990 αἰτία
3409 4935 3508 5005 τῆς
3536 4934 3643 4986 τῶν
3677 4935 3852 4988 πάλαι

2267 5032 2529 5102 θεοφιλῶν
2578 5031 2786 5104 ἀνδρῶν
2820 5029 3158 5093 παιδοποιίας
3201 5027 3504 5099 ἀνῄρηται,
3547 5027 3612 5098 ἦν
3661 5026 3850 5080 οὐκέτι

2263 5127 2346 5194 ἐφ’
2381 5126 2537 5197 ἡμῶν
2585 5125 2767 5197 χώραν
2801 5125 2912 5195 ἔχει
2950 5123 3166 5192 λέγειντ
3211 5123 3299 5174 ὅτε
3346 5121 3442 5174 σὺν
3473 5119 3592 5189 Θεῷ
3619 5118 3707 5172 δῖά
3746 5120 3850 5189 τῆς

2261 5217 2351 5272 τοῦ
2403 5219 2652 5291 Σωτῆρος
2689 5217 2844 5290 ἡμῶν
2885 5215 3244 5286 εὐαγγελικῆς
3273 5213 3619 5276 διδασκαλίας
3670 5212 3844 5283 μυρία

2259 5310 2408 5381 ἔθνη,
2449 5311 2548 5364 -καὶ
2595 5309 2776 5374 λαοὺς,
2831 5309 2974 5364 κατά
3021 5325 3080 5362 τε
3131 5307 3314 5371 πόλεις
3357 5307 3451 5360 καὶ
3501 5304 3702 5378 χώρας,
3749 5305 3848 5359 καὶ

2263 5403 2465 5475 ἀγροὺς
2513 5405 2776 5474 πάρεστιν
2827 5405 2959 5476 ἡμῖν
3009 5401 3307 5474 ὀφθαλμοῖς
3361 5402 3494 5473 όρᾷν
3541 5397 3845 5452 σπειίδοντα

2263 5495 2404 5549 κατά
2442 5495 2503 5548 τὸ
2535 5495 2684 5558 αὐτὸ,
2715 5495 2810 5549 καὶ
2857 5495 3220 5566 συντρέχοντα
3263 5493 3356 5547 ἐπὶ
3394 5493 3492 5563 τὴν
3537 5489 3678 5544 κατά
3710 5488 3844 5542 Θεὸν

2267 5584 2500 5656 μάθησιν
2523 5585 2620 5656 τῆς
2659 5585 3017 5656 εὐαγγελικῆς
3043 5583 3389 5647 διδασκαλίας
3412 5599 3426 5612 ³
3457 5575 3534 5646 οἷς
3559 5579 3842 5651 ἀγαπητὸν

2261 5675 2523 5731 δύνασθαι
2553 5675 2802 5749 ἐξαρκεῖν
2825 5679 2951 5742 τοὺς
2976 5677 3322 5739 διδασκάλους
3347 5675 3441 5730 καὶ
3471 5676 3718 5746 κήρυκας
3743 5672 3838 5728 era"

2261 5767 2360 5838 τῆς
2409 5765 2715 5831 θεοσεϐείας
2761 5767 2941 5838 λόγου,
2993 5768 3208 5822 πάντων
3253 5764 3684 5835 ἀπολελυμένους
3727 5759 3838 5817 τῶν
