  <div class='ocr_page' id='page_1' title='image "/cluster/home/n/w/nwhite01/storage/ocr_20150623/22/hvd.32044020605168/049.png"; bbox 0 0 4018 6530; ppageno 0'>
   <div class='ocr_carea' id='block_1_1' title="bbox 63 5347 238 5494">
    <p class='ocr_par' dir='ltr' id='par_1_1' title="bbox 63 5347 238 5494">
     <span class='ocr_line' id='line_1_1' title="bbox 63 5347 238 5494; baseline 0 -14"><span class='ocrx_word' id='word_1_1' title='bbox 63 5347 238 5494; x_wconf 61' lang='grc' dir='ltr'><em>Ἀ</em></span> 
     </span>
    </p>
   </div>
   <div class='ocr_carea' id='block_1_2' title="bbox 591 426 2170 508">
    <p class='ocr_par' dir='ltr' id='par_1_2' title="bbox 591 439 2168 507">
     <span class='ocr_line' id='line_1_2' title="bbox 591 439 2168 507; baseline 0.002 -7"><span class='ocrx_word' id='word_1_2' title='bbox 591 446 660 500; x_wconf 76' lang='grc'><strong>85</strong></span> <span class='ocrx_word' id='word_1_3' title='bbox 1263 450 1528 507; x_wconf 83' lang='lat' dir='ltr'><strong>EUSEBII</strong></span> <span class='ocrx_word' id='word_1_4' title='bbox 1567 451 2044 507; x_wconf 75' lang='lat' dir='ltr'><strong>C:ESARIENSIS</strong></span> <span class='ocrx_word' id='word_1_5' title='bbox 2082 439 2168 505; x_wconf 84' lang='grc' dir='ltr'>ΟΡ</span> 
     </span>
    </p>
   </div>
   <div class='ocr_carea' id='block_1_3' title="bbox 2274 426 3872 508">
    <p class='ocr_par' dir='ltr' id='par_1_3' title="bbox 2274 426 3872 508">
     <span class='ocr_line' id='line_1_3' title="bbox 2274 426 3872 508; baseline -0.003 -4"><span class='ocrx_word' id='word_1_6' title='bbox 2274 449 2454 506; x_wconf 67' lang='lat' dir='ltr'><strong>rans</strong></span> <span class='ocrx_word' id='word_1_7' title='bbox 2483 449 2547 506; x_wconf 91' lang='grc' dir='ltr'><strong>ιι.</strong></span> <span class='ocrx_word' id='word_1_8' title='bbox 2588 483 2657 494; x_wconf 85' lang='grc'><strong>-</strong></span> <span class='ocrx_word' id='word_1_9' title='bbox 2693 426 3209 508; x_wconf 61' lang='grc' dir='ltr'>Αρυιιοαετιολξ</span> <span class='ocrx_word' id='word_1_10' title='bbox 3795 448 3872 500; x_wconf 71' lang='grc' dir='ltr'><strong>8-ι</strong></span> 
     </span>
    </p>
   </div>
   <div class='ocr_carea' id='block_1_4' title="bbox 591 561 3866 640">
    <p class='ocr_par' dir='ltr' id='par_1_4' title="bbox 591 561 3866 640">
     <span class='ocr_line' id='line_1_4' title="bbox 591 561 3866 640; baseline -0.001 -24"><span class='ocrx_word' id='word_1_11' title='bbox 591 571 805 620; x_wconf 80' lang='lat' dir='ltr'><strong>tantum</strong></span> <span class='ocrx_word' id='word_1_12' title='bbox 853 572 1118 640; x_wconf 84' lang='lat' dir='ltr'><strong>assumpti</strong></span> <span class='ocrx_word' id='word_1_13' title='bbox 1168 571 1278 627; x_wconf 86' lang='lat' dir='ltr'><strong>sint</strong></span> <span class='ocrx_word' id='word_1_14' title='bbox 1329 571 1620 626; x_wconf 74' lang='lat' dir='ltr'><strong>sacerdotii</strong></span> <span class='ocrx_word' id='word_1_15' title='bbox 1669 587 1890 634; x_wconf 89' lang='lat' dir='ltr'><strong>munus,</strong></span> <span class='ocrx_word' id='word_1_16' title='bbox 1940 570 2011 625; x_wconf 90' lang='lat' dir='ltr'><strong>iis</strong></span> <span class='ocrx_word' id='word_1_17' title='bbox 2062 569 2202 624; x_wconf 88' lang='lat' dir='ltr'><strong>idem</strong></span> <span class='ocrx_word' id='word_1_18' title='bbox 2276 582 2457 623; x_wconf 81' lang='lat' dir='ltr'><strong>sermo</strong></span> <span class='ocrx_word' id='word_1_19' title='bbox 2513 569 2732 626; x_wconf 88' lang='lat' dir='ltr'><strong>divinus</strong></span> <span class='ocrx_word' id='word_1_20' title='bbox 2790 569 3054 639; x_wconf 90' lang='lat' dir='ltr'><strong>indulget,</strong></span> <span class='ocrx_word' id='word_1_21' title='bbox 3119 582 3182 620; x_wconf 90' lang='lat' dir='ltr'><strong>ac</strong></span> <span class='ocrx_word' id='word_1_22' title='bbox 3231 562 3623 636; x_wconf 80' lang='lat' dir='ltr'><strong>propemodum</strong></span> <span class='ocrx_word' id='word_1_23' title='bbox 3673 561 3866 632; x_wconf 83' lang='lat' dir='ltr'><strong>palam</strong></span> 
     </span>
    </p>
   </div>
   <div class='ocr_carea' id='block_1_5' title="bbox 593 654 3858 736">
    <p class='ocr_par' dir='ltr' id='par_1_5' title="bbox 593 654 3858 736">
     <span class='ocr_line' id='line_1_5' title="bbox 593 654 3858 736; baseline -0.002 -24"><span class='ocrx_word' id='word_1_24' title='bbox 593 659 863 718; x_wconf 88' lang='lat' dir='ltr'><strong>omnibus</strong></span> <span class='ocrx_word' id='word_1_25' title='bbox 885 665 1168 734; x_wconf 63' lang='lat' dir='ltr'><strong>praedicat,</strong></span> <span class='ocrx_word' id='word_1_26' title='bbox 1201 664 1348 734; x_wconf 90' lang='lat' dir='ltr'><strong>quod</strong></span> <span class='ocrx_word' id='word_1_27' title='bbox 1384 665 1572 736; x_wconf 78' lang='lat' dir='ltr'><strong>utique</strong></span> <span class='ocrx_word' id='word_1_28' title='bbox 1605 685 1624 716; x_wconf 82' lang='grc' dir='ltr'>σ</span> <span class='ocrx_word' id='word_1_29' title='bbox 1667 666 1987 722; x_wconf 86' lang='lat' dir='ltr'><strong>honorabile</strong></span> <span class='ocrx_word' id='word_1_30' title='bbox 2017 663 2088 719; x_wconf 81' lang='lat' dir='ltr'><strong>sit</strong></span> <span class='ocrx_word' id='word_1_31' title='bbox 2116 660 2452 732; x_wconf 72' lang='lat' dir='ltr'><strong>coniugium,</strong></span> <span class='ocrx_word' id='word_1_32' title='bbox 2483 671 2537 716; x_wconf 89' lang='lat' dir='ltr'><strong>et</strong></span> <span class='ocrx_word' id='word_1_33' title='bbox 2575 671 2730 718; x_wconf 89' lang='lat' dir='ltr'><strong>torus</strong></span> <span class='ocrx_word' id='word_1_34' title='bbox 2761 662 3162 726; x_wconf 84' lang='lat' dir='ltr'><strong>immaculatus,</strong></span> <span class='ocrx_word' id='word_1_35' title='bbox 3217 658 3576 714; x_wconf 76' lang='lat' dir='ltr'><strong>fornicatores</strong></span> <span class='ocrx_word' id='word_1_36' title='bbox 3597 669 3652 712; x_wconf 84' lang='lat' dir='ltr'><strong>et</strong></span> <span class='ocrx_word' id='word_1_37' title='bbox 3705 654 3858 708; x_wconf 65' lang='lat' dir='ltr'><strong>adul-</strong></span> 
     </span>
    </p>
   </div>
   <div class='ocr_carea' id='block_1_6' title="bbox 592 757 3256 834">
    <p class='ocr_par' dir='ltr' id='par_1_6' title="bbox 592 757 3256 834">
     <span class='ocr_line' id='line_1_6' title="bbox 592 757 3256 834; baseline 0.002 -26"><span class='ocrx_word' id='word_1_38' title='bbox 592 769 746 812; x_wconf 71' lang='lat' dir='ltr'><strong>teros</strong></span> <span class='ocrx_word' id='word_1_39' title='bbox 779 760 1132 832; x_wconf 81' lang='lat' dir='ltr'><strong>judicaturus</strong></span> <span class='ocrx_word' id='word_1_40' title='bbox 1166 761 1237 816; x_wconf 87' lang='lat' dir='ltr'><strong>sit</strong></span> <span class='ocrx_word' id='word_1_41' title='bbox 1267 760 1409 818; x_wconf 89' lang='lat' dir='ltr'><strong>Deus</strong></span> <span class='ocrx_word' id='word_1_42' title='bbox 1441 764 1505 818; x_wconf 85' lang='lat'><strong>&quot;.</strong></span> <span class='ocrx_word' id='word_1_43' title='bbox 1541 784 1561 818; x_wconf 75' lang='grc' dir='ltr'><strong>ι</strong></span> <span class='ocrx_word' id='word_1_44' title='bbox 1603 763 1726 820; x_wconf 70' lang='lat' dir='ltr'><strong>Hmc</strong></span> <span class='ocrx_word' id='word_1_45' title='bbox 1766 765 1948 834; x_wconf 81' lang='lat' dir='ltr'><strong>itaque</strong></span> <span class='ocrx_word' id='word_1_46' title='bbox 1977 759 2137 816; x_wconf 89' lang='lat' dir='ltr'><strong>nobis</strong></span> <span class='ocrx_word' id='word_1_47' title='bbox 2169 757 2238 812; x_wconf 88' lang='lat' dir='ltr'><strong>ad</strong></span> <span class='ocrx_word' id='word_1_48' title='bbox 2267 757 2494 828; x_wconf 84' lang='lat' dir='ltr'><strong>primam</strong></span> <span class='ocrx_word' id='word_1_49' title='bbox 2531 757 2924 813; x_wconf 86' lang='lat' dir='ltr'><strong>dubitationem</strong></span> <span class='ocrx_word' id='word_1_50' title='bbox 2953 757 3097 812; x_wconf 88' lang='lat' dir='ltr'><strong>dicta</strong></span> <span class='ocrx_word' id='word_1_51' title='bbox 3124 757 3256 812; x_wconf 88' lang='lat' dir='ltr'><strong>sint.</strong></span> 
     </span>
    </p>
   </div>
   <div class='ocr_carea' id='block_1_7' title="bbox 1147 869 1626 941">
    <p class='ocr_par' dir='ltr' id='par_1_7' title="bbox 1147 869 1626 941">
     <span class='ocr_line' id='line_1_7' title="bbox 1147 869 1626 941; baseline -0.002 -16"><span class='ocrx_word' id='word_1_52' title='bbox 1147 869 1257 941; x_wconf 65' lang='lat'><strong>34</strong></span> <span class='ocrx_word' id='word_1_53' title='bbox 1289 869 1519 926; x_wconf 84' lang='lat' dir='ltr'><strong>CAPUT</strong></span> <span class='ocrx_word' id='word_1_54' title='bbox 1559 871 1626 924; x_wconf 73' lang='grc' dir='ltr'>Χ.</span> 
     </span>
    </p>
   </div>
   <div class='ocr_carea' id='block_1_8' title="bbox 595 961 2178 1033">
    <p class='ocr_par' dir='ltr' id='par_1_8' title="bbox 595 961 2178 1033">
     <span class='ocr_line' id='line_1_8' title="bbox 595 961 2178 1033; baseline 0.005 -21"><span class='ocrx_word' id='word_1_55' title='bbox 595 968 715 1026; x_wconf 66' lang='lat' dir='ltr'><strong>tgna</strong></span> <span class='ocrx_word' id='word_1_56' title='bbox 766 961 829 1014; x_wconf 79' lang='lat' dir='ltr'><strong>de</strong></span> <span class='ocrx_word' id='word_1_57' title='bbox 851 977 1022 1033; x_wconf 75' lang='lat' dir='ltr'><strong>causa</strong></span> <span class='ocrx_word' id='word_1_58' title='bbox 1052 979 1156 1015; x_wconf 82' lang='lat' dir='ltr'><strong>non</strong></span> <span class='ocrx_word' id='word_1_59' title='bbox 1201 964 1278 1016; x_wconf 86' lang='lat' dir='ltr'><strong>ita</strong></span> <span class='ocrx_word' id='word_1_60' title='bbox 1307 963 1478 1028; x_wconf 75' lang='lat' dir='ltr'><strong>nobis,</strong></span> <span class='ocrx_word' id='word_1_61' title='bbox 1511 965 1947 1033; x_wconf 81' lang='lat' dir='ltr'><strong>quemadmodum</strong></span> <span class='ocrx_word' id='word_1_62' title='bbox 1989 966 2178 1033; x_wconf 77' lang='lat' dir='ltr'><strong>priscis</strong></span> 
     </span>
    </p>
   </div>
   <div class='ocr_carea' id='block_1_9' title="bbox 672 1031 2178 1105">
    <p class='ocr_par' dir='ltr' id='par_1_9' title="bbox 672 1031 2178 1105">
     <span class='ocr_line' id='line_1_9' title="bbox 672 1031 2178 1105; baseline 0.003 -21"><span class='ocrx_word' id='word_1_63' title='bbox 672 1031 946 1086; x_wconf 75' lang='lat' dir='ltr'><strong>incendere</strong></span> <span class='ocrx_word' id='word_1_64' title='bbox 982 1042 1028 1086; x_wconf 84' lang='lat' dir='ltr'><strong>et</strong></span> <span class='ocrx_word' id='word_1_65' title='bbox 1087 1035 1393 1103; x_wconf 79' lang='lat' dir='ltr'><strong>sacriﬁcare</strong></span> <span class='ocrx_word' id='word_1_66' title='bbox 1433 1031 1536 1090; x_wconf 74' lang='lat' dir='ltr'><strong>Deo</strong></span> <span class='ocrx_word' id='word_1_67' title='bbox 1568 1037 1840 1089; x_wconf 74' lang='lat' dir='ltr'><strong>terrestria</strong></span> <span class='ocrx_word' id='word_1_68' title='bbox 1865 1031 2178 1105; x_wconf 71' lang='lat' dir='ltr'><strong>permissum</strong></span> 
     </span>
    </p>
   </div>
   <div class='ocr_carea' id='block_1_10' title="bbox 667 1111 766 1155">
    <p class='ocr_par' dir='ltr' id='par_1_10' title="bbox 667 1111 766 1155">
     <span class='ocr_line' id='line_1_10' title="bbox 667 1111 766 1155; baseline -0.02 0"><span class='ocrx_word' id='word_1_69' title='bbox 667 1111 766 1155; x_wconf 78' lang='lat' dir='ltr'><strong>est.</strong></span> 
     </span>
    </p>
   </div>
   <div class='ocr_carea' id='block_1_11' title="bbox 671 1210 2180 1288">
    <p class='ocr_par' dir='ltr' id='par_1_11' title="bbox 671 1210 2180 1288">
     <span class='ocr_line' id='line_1_11' title="bbox 671 1210 2180 1288; baseline 0.002 -20"><span class='ocrx_word' id='word_1_70' title='bbox 671 1210 779 1268; x_wconf 86' lang='lat' dir='ltr'><strong>Sed</strong></span> <span class='ocrx_word' id='word_1_71' title='bbox 814 1230 916 1270; x_wconf 85' lang='lat' dir='ltr'><strong>cur</strong></span> <span class='ocrx_word' id='word_1_72' title='bbox 955 1230 1064 1270; x_wconf 89' lang='lat' dir='ltr'><strong>non</strong></span> <span class='ocrx_word' id='word_1_73' title='bbox 1105 1231 1320 1271; x_wconf 87' lang='lat' dir='ltr'><strong>summo</strong></span> <span class='ocrx_word' id='word_1_74' title='bbox 1351 1217 1482 1282; x_wconf 90' lang='lat' dir='ltr'><strong>Deo,</strong></span> <span class='ocrx_word' id='word_1_75' title='bbox 1527 1218 1630 1288; x_wconf 90' lang='lat' dir='ltr'><strong>ipsi</strong></span> <span class='ocrx_word' id='word_1_76' title='bbox 1666 1234 1882 1288; x_wconf 86' lang='lat' dir='ltr'><strong>quoque</strong></span> <span class='ocrx_word' id='word_1_77' title='bbox 1922 1217 2180 1273; x_wconf 82' lang='lat' dir='ltr'><strong>animalia</strong></span> 
     </span>
    </p>
   </div>
   <div class='ocr_carea' id='block_1_12' title="bbox 521 1299 2180 1381">
    <p class='ocr_par' dir='ltr' id='par_1_12' title="bbox 521 1299 2180 1381">
     <span class='ocr_line' id='line_1_12' title="bbox 521 1299 2180 1381; baseline 0.004 -21"><span class='ocrx_word' id='word_1_78' title='bbox 521 1299 538 1312; x_wconf 66' lang='grc'><em>’</em></span> <span class='ocrx_word' id='word_1_79' title='bbox 599 1306 995 1370; x_wconf 82' lang='lat' dir='ltr'><strong>sacriﬁcemus,</strong></span> <span class='ocrx_word' id='word_1_80' title='bbox 1029 1324 1152 1364; x_wconf 86' lang='lat' dir='ltr'><strong>cum</strong></span> <span class='ocrx_word' id='word_1_81' title='bbox 1189 1318 1402 1364; x_wconf 83' lang='lat' dir='ltr'><strong>veteres</strong></span> <span class='ocrx_word' id='word_1_82' title='bbox 1445 1311 1526 1364; x_wconf 90' lang='lat' dir='ltr'><strong>illi</strong></span> <span class='ocrx_word' id='word_1_83' title='bbox 1571 1311 1662 1365; x_wconf 85' lang='lat' dir='ltr'><strong>Dei</strong></span> <span class='ocrx_word' id='word_1_84' title='bbox 1698 1320 1990 1378; x_wconf 86' lang='lat' dir='ltr'><strong>amatores,</strong></span> <span class='ocrx_word' id='word_1_85' title='bbox 2041 1325 2180 1381; x_wconf 90' lang='lat' dir='ltr'><strong>quo-</strong></span> 
     </span>
    </p>
   </div>
   <div class='ocr_carea' id='block_1_13' title="bbox 597 1398 2179 1469">
    <p class='ocr_par' dir='ltr' id='par_1_13' title="bbox 597 1398 2179 1469">
     <span class='ocr_line' id='line_1_13' title="bbox 597 1398 2179 1469; baseline 0.004 -19"><span class='ocrx_word' id='word_1_86' title='bbox 597 1410 724 1450; x_wconf 83' lang='lat' dir='ltr'><strong>rum</strong></span> <span class='ocrx_word' id='word_1_87' title='bbox 763 1412 866 1452; x_wconf 89' lang='lat' dir='ltr'><strong>nos</strong></span> <span class='ocrx_word' id='word_1_88' title='bbox 899 1398 1156 1467; x_wconf 86' lang='lat' dir='ltr'><strong>pietatem</strong></span> <span class='ocrx_word' id='word_1_89' title='bbox 1207 1401 1410 1454; x_wconf 87' lang='lat' dir='ltr'><strong>imitari</strong></span> <span class='ocrx_word' id='word_1_90' title='bbox 1451 1402 1706 1469; x_wconf 87' lang='lat' dir='ltr'><strong>dicimus,</strong></span> <span class='ocrx_word' id='word_1_91' title='bbox 1737 1402 1842 1457; x_wconf 90' lang='lat' dir='ltr'><strong>hoc</strong></span> <span class='ocrx_word' id='word_1_92' title='bbox 1893 1402 2179 1457; x_wconf 84' lang='lat' dir='ltr'><strong>factitave-</strong></span> 
     </span>
    </p>
   </div>
   <div class='ocr_carea' id='block_1_14' title="bbox 599 1490 2178 1566">
    <p class='ocr_par' dir='ltr' id='par_1_14' title="bbox 599 1490 2178 1566">
     <span class='ocr_line' id='line_1_14' title="bbox 599 1490 2178 1566; baseline 0.004 -24"><span class='ocrx_word' id='word_1_93' title='bbox 599 1490 732 1554; x_wconf 84' lang='lat' dir='ltr'><strong>rlut,</strong></span> <span class='ocrx_word' id='word_1_94' title='bbox 784 1491 910 1546; x_wconf 88' lang='lat' dir='ltr'><strong>talis</strong></span> <span class='ocrx_word' id='word_1_95' title='bbox 960 1508 990 1545; x_wconf 88' lang='lat' dir='ltr'><strong>a</strong></span> <span class='ocrx_word' id='word_1_96' title='bbox 1034 1494 1194 1548; x_wconf 90' lang='lat' dir='ltr'><strong>nobis</strong></span> <span class='ocrx_word' id='word_1_97' title='bbox 1255 1495 1396 1549; x_wconf 87' lang='lat' dir='ltr'><strong>ratio</strong></span> <span class='ocrx_word' id='word_1_98' title='bbox 1427 1495 1706 1552; x_wconf 85' lang='lat' dir='ltr'><strong>reddatur.</strong></span> <span class='ocrx_word' id='word_1_99' title='bbox 1748 1496 1824 1551; x_wconf 86' lang='lat' dir='ltr'><strong>De</strong></span> <span class='ocrx_word' id='word_1_100' title='bbox 1866 1496 1985 1566; x_wconf 90' lang='lat' dir='ltr'><strong>ipso</strong></span> <span class='ocrx_word' id='word_1_101' title='bbox 2028 1496 2178 1550; x_wconf 89' lang='lat' dir='ltr'><strong>cultu</strong></span> 
     </span>
    </p>
   </div>
   <div class='ocr_carea' id='block_1_15' title="bbox 597 1587 2181 1656">
    <p class='ocr_par' dir='ltr' id='par_1_15' title="bbox 597 1587 2181 1656">
     <span class='ocr_line' id='line_1_15' title="bbox 597 1587 2181 1656; baseline 0.005 -22"><span class='ocrx_word' id='word_1_102' title='bbox 597 1598 759 1652; x_wconf 90' lang='lat' dir='ltr'><strong>quem</strong></span> <span class='ocrx_word' id='word_1_103' title='bbox 800 1591 1012 1640; x_wconf 79' lang='lat' dir='ltr'><strong>veteres</strong></span> <span class='ocrx_word' id='word_1_104' title='bbox 1037 1596 1091 1640; x_wconf 90' lang='lat' dir='ltr'><strong>et</strong></span> <span class='ocrx_word' id='word_1_105' title='bbox 1126 1587 1288 1656; x_wconf 85' lang='lat' dir='ltr'><strong>primi</strong></span> <span class='ocrx_word' id='word_1_106' title='bbox 1311 1587 1558 1644; x_wconf 86' lang='lat' dir='ltr'><strong>homines</strong></span> <span class='ocrx_word' id='word_1_107' title='bbox 1582 1589 1780 1644; x_wconf 65' lang='lat' dir='ltr'><strong>divinae</strong></span> <span class='ocrx_word' id='word_1_108' title='bbox 1805 1597 2012 1646; x_wconf 71' lang='lat' dir='ltr'><strong>natura:</strong></span> <span class='ocrx_word' id='word_1_109' title='bbox 2032 1589 2181 1644; x_wconf 77' lang='lat' dir='ltr'><strong>exhi-</strong></span> 
     </span>
    </p>
   </div>
   <div class='ocr_carea' id='block_1_16' title="bbox 597 1675 2176 1753">
    <p class='ocr_par' dir='ltr' id='par_1_16' title="bbox 597 1675 2176 1753">
     <span class='ocr_line' id='line_1_16' title="bbox 597 1675 2176 1753; baseline 0.006 -26"><span class='ocrx_word' id='word_1_110' title='bbox 597 1675 809 1735; x_wconf 83' lang='lat' dir='ltr'><strong>herent.</strong></span> <span class='ocrx_word' id='word_1_111' title='bbox 849 1691 954 1730; x_wconf 88' lang='lat' dir='ltr'><strong>nou</strong></span> <span class='ocrx_word' id='word_1_112' title='bbox 993 1677 1134 1732; x_wconf 90' lang='lat' dir='ltr'><strong>idem</strong></span> <span class='ocrx_word' id='word_1_113' title='bbox 1167 1679 1314 1748; x_wconf 91' lang='lat' dir='ltr'><strong>quod</strong></span> <span class='ocrx_word' id='word_1_114' title='bbox 1343 1679 1546 1736; x_wconf 65' lang='lat' dir='ltr'><strong>Greecis</strong></span> <span class='ocrx_word' id='word_1_115' title='bbox 1587 1682 1765 1736; x_wconf 89' lang='lat' dir='ltr'><strong>visum</strong></span> <span class='ocrx_word' id='word_1_116' title='bbox 1799 1691 1904 1748; x_wconf 87' lang='lat' dir='ltr'><strong>est,</strong></span> <span class='ocrx_word' id='word_1_117' title='bbox 1947 1690 2002 1737; x_wconf 91' lang='lat' dir='ltr'><strong>et</strong></span> <span class='ocrx_word' id='word_1_118' title='bbox 2031 1683 2176 1753; x_wconf 81' lang='lat' dir='ltr'><strong>quod</strong></span> 
     </span>
    </p>
   </div>
   <div class='ocr_carea' id='block_1_17' title="bbox 597 1768 2180 1846">
    <p class='ocr_par' dir='ltr' id='par_1_17' title="bbox 597 1768 2180 1846">
     <span class='ocr_line' id='line_1_17' title="bbox 597 1768 2180 1846; baseline 0.006 -26"><span class='ocrx_word' id='word_1_119' title='bbox 597 1769 652 1820; x_wconf 88' lang='lat' dir='ltr'><strong>in</strong></span> <span class='ocrx_word' id='word_1_120' title='bbox 679 1768 856 1824; x_wconf 84' lang='lat' dir='ltr'><strong>sacris</strong></span> <span class='ocrx_word' id='word_1_121' title='bbox 888 1769 1238 1826; x_wconf 66' lang='lat' dir='ltr'><strong>llebrmorum</strong></span> <span class='ocrx_word' id='word_1_122' title='bbox 1277 1774 1431 1828; x_wconf 84' lang='lat' dir='ltr'><strong>libris</strong></span> <span class='ocrx_word' id='word_1_123' title='bbox 1461 1775 1757 1830; x_wconf 79' lang='lat' dir='ltr'><strong>invenitur.</strong></span> <span class='ocrx_word' id='word_1_124' title='bbox 1791 1774 1924 1828; x_wconf 83' lang='lat' dir='ltr'><strong>Nam</strong></span> <span class='ocrx_word' id='word_1_125' title='bbox 1955 1775 2030 1829; x_wconf 92' lang='lat' dir='ltr'><strong>illi</strong></span> <span class='ocrx_word' id='word_1_126' title='bbox 2059 1776 2180 1846; x_wconf 88' lang='lat' dir='ltr'><strong>qui-</strong></span> 
     </span>
    </p>
   </div>
   <div class='ocr_carea' id='block_1_18' title="bbox 595 1861 2176 1937">
    <p class='ocr_par' dir='ltr' id='par_1_18' title="bbox 595 1861 2176 1937">
     <span class='ocr_line' id='line_1_18' title="bbox 595 1861 2176 1937; baseline 0.006 -24"><span class='ocrx_word' id='word_1_127' title='bbox 595 1861 722 1914; x_wconf 82' lang='lat' dir='ltr'><strong>dem</strong></span> <span class='ocrx_word' id='word_1_128' title='bbox 772 1871 1102 1930; x_wconf 81' lang='lat' dir='ltr'><strong>putaverunt</strong></span> <span class='ocrx_word' id='word_1_129' title='bbox 1145 1863 1353 1933; x_wconf 84' lang='lat' dir='ltr'><strong>primos</strong></span> <span class='ocrx_word' id='word_1_130' title='bbox 1383 1865 1652 1932; x_wconf 79' lang='lat' dir='ltr'><strong>homines,</strong></span> <span class='ocrx_word' id='word_1_131' title='bbox 1689 1867 1897 1922; x_wconf 87' lang='lat' dir='ltr'><strong>nullum</strong></span> <span class='ocrx_word' id='word_1_132' title='bbox 1949 1883 2176 1937; x_wconf 86' lang='lat' dir='ltr'><strong>prorsus</strong></span> 
     </span>
    </p>
   </div>
   <div class='ocr_carea' id='block_1_19' title="bbox 594 1951 2177 2026">
    <p class='ocr_par' dir='ltr' id='par_1_19' title="bbox 594 1951 2177 2026">
     <span class='ocr_line' id='line_1_19' title="bbox 594 1951 2177 2026; baseline 0.008 -25"><span class='ocrx_word' id='word_1_133' title='bbox 594 1951 850 2006; x_wconf 82' lang='lat' dir='ltr'><strong>animalis</strong></span> <span class='ocrx_word' id='word_1_134' title='bbox 879 1969 1072 2022; x_wconf 84' lang='lat' dir='ltr'><strong>genus,</strong></span> <span class='ocrx_word' id='word_1_135' title='bbox 1105 1969 1281 2024; x_wconf 89' lang='lat' dir='ltr'><strong>neque</strong></span> <span class='ocrx_word' id='word_1_136' title='bbox 1313 1956 1644 2019; x_wconf 85' lang='lat' dir='ltr'><strong>sacriﬁcare,</strong></span> <span class='ocrx_word' id='word_1_137' title='bbox 1675 1973 1854 2026; x_wconf 89' lang='lat' dir='ltr'><strong>neque</strong></span> <span class='ocrx_word' id='word_1_138' title='bbox 1881 1957 2177 2014; x_wconf 85' lang='lat' dir='ltr'><strong>incendere</strong></span> 
     </span>
    </p>
   </div>
   <div class='ocr_carea' id='block_1_20' title="bbox 594 2042 2172 2120">
    <p class='ocr_par' dir='ltr' id='par_1_20' title="bbox 594 2042 2172 2120">
     <span class='ocr_line' id='line_1_20' title="bbox 594 2042 2172 2120; baseline 0.006 -23"><span class='ocrx_word' id='word_1_139' title='bbox 594 2042 789 2098; x_wconf 83' lang='lat' dir='ltr'><strong>solitos</strong></span> <span class='ocrx_word' id='word_1_140' title='bbox 822 2045 949 2113; x_wconf 90' lang='lat' dir='ltr'><strong>diis,</strong></span> <span class='ocrx_word' id='word_1_141' title='bbox 977 2047 1072 2102; x_wconf 88' lang='lat' dir='ltr'><strong>sed</strong></span> <span class='ocrx_word' id='word_1_142' title='bbox 1096 2063 1192 2102; x_wconf 89' lang='lat' dir='ltr'><strong>eos</strong></span> <span class='ocrx_word' id='word_1_143' title='bbox 1225 2049 1326 2104; x_wconf 79' lang='lat' dir='ltr'><strong>soli</strong></span> <span class='ocrx_word' id='word_1_144' title='bbox 1368 2060 1422 2104; x_wconf 90' lang='lat' dir='ltr'><strong>et</strong></span> <span class='ocrx_word' id='word_1_145' title='bbox 1449 2051 1676 2120; x_wconf 87' lang='lat' dir='ltr'><strong>reliquis</strong></span> <span class='ocrx_word' id='word_1_146' title='bbox 1705 2051 1828 2106; x_wconf 60' lang='lat' dir='ltr'><strong>caeli</strong></span> <span class='ocrx_word' id='word_1_147' title='bbox 1877 2050 2172 2115; x_wconf 87' lang='lat' dir='ltr'><strong>sideribus,</strong></span> 
     </span>
    </p>
   </div>
   <div class='ocr_carea' id='block_1_21' title="bbox 593 2137 2176 2212">
    <p class='ocr_par' dir='ltr' id='par_1_21' title="bbox 593 2137 2176 2212">
     <span class='ocr_line' id='line_1_21' title="bbox 593 2137 2176 2212; baseline 0.007 -24"><span class='ocrx_word' id='word_1_148' title='bbox 593 2137 684 2188; x_wconf 88' lang='lat' dir='ltr'><strong>ubi</strong></span> <span class='ocrx_word' id='word_1_149' title='bbox 730 2138 904 2192; x_wconf 81' lang='lat' dir='ltr'><strong>viride</strong></span> <span class='ocrx_word' id='word_1_150' title='bbox 958 2155 1206 2208; x_wconf 80' lang='lat' dir='ltr'><strong>gramen,</strong></span> <span class='ocrx_word' id='word_1_151' title='bbox 1239 2151 1292 2196; x_wconf 89' lang='lat' dir='ltr'><strong>et</strong></span> <span class='ocrx_word' id='word_1_152' title='bbox 1333 2143 1490 2211; x_wconf 85' lang='lat' dir='ltr'><strong>quasi</strong></span> <span class='ocrx_word' id='word_1_153' title='bbox 1533 2142 1798 2212; x_wconf 76' lang='lat' dir='ltr'><strong>quasdam</strong></span> <span class='ocrx_word' id='word_1_154' title='bbox 1839 2142 2176 2199; x_wconf 78' lang='lat' dir='ltr'><strong>fecundioris</strong></span> 
     </span>
    </p>
   </div>
   <div class='ocr_carea' id='block_1_22' title="bbox 592 2963 2172 3043">
    <p class='ocr_par' dir='ltr' id='par_1_22' title="bbox 592 2963 2172 3043">
     <span class='ocr_line' id='line_1_22' title="bbox 592 2963 2172 3043; baseline 0.008 -27"><span class='ocrx_word' id='word_1_155' title='bbox 592 2963 850 3019; x_wconf 78' lang='lat' dir='ltr'><strong>dicebant</strong></span> <span class='ocrx_word' id='word_1_156' title='bbox 881 2987 895 3022; x_wconf 90' lang='lat'><strong>:</strong></span> <span class='ocrx_word' id='word_1_157' title='bbox 924 2983 1031 3022; x_wconf 88' lang='lat' dir='ltr'><strong>non</strong></span> <span class='ocrx_word' id='word_1_158' title='bbox 1063 2985 1224 3025; x_wconf 88' lang='lat' dir='ltr'><strong>secus</strong></span> <span class='ocrx_word' id='word_1_159' title='bbox 1253 2987 1316 3025; x_wconf 89' lang='lat' dir='ltr'><strong>ac</strong></span> <span class='ocrx_word' id='word_1_160' title='bbox 1345 2972 1392 3026; x_wconf 92' lang='lat' dir='ltr'><strong>si</strong></span> <span class='ocrx_word' id='word_1_161' title='bbox 1425 2972 1635 3036; x_wconf 88' lang='lat' dir='ltr'><strong>eadem,</strong></span> <span class='ocrx_word' id='word_1_162' title='bbox 1671 2975 1997 3043; x_wconf 88' lang='lat' dir='ltr'><strong>similisque.</strong></span> <span class='ocrx_word' id='word_1_163' title='bbox 2029 2983 2082 3029; x_wconf 87' lang='lat' dir='ltr'><strong>ct</strong></span> <span class='ocrx_word' id='word_1_164' title='bbox 2117 2976 2172 3029; x_wconf 91' lang='lat' dir='ltr'><strong>in</strong></span> 
     </span>
    </p>
   </div>
   <div class='ocr_carea' id='block_1_23' title="bbox 535 3058 2171 3136">
    <p class='ocr_par' dir='ltr' id='par_1_23' title="bbox 535 3058 2171 3136">
     <span class='ocr_line' id='line_1_23' title="bbox 535 3058 2171 3136; baseline 0.003 -22"><span class='ocrx_word' id='word_1_165' title='bbox 535 3099 543 3114; x_wconf 94' lang='lat'><strong>.</strong></span> <span class='ocrx_word' id='word_1_166' title='bbox 593 3058 814 3113; x_wconf 85' lang='lat' dir='ltr'><strong>homine</strong></span> <span class='ocrx_word' id='word_1_167' title='bbox 854 3069 908 3114; x_wconf 91' lang='lat' dir='ltr'><strong>et</strong></span> <span class='ocrx_word' id='word_1_168' title='bbox 952 3061 1004 3114; x_wconf 90' lang='lat' dir='ltr'><strong>in</strong></span> <span class='ocrx_word' id='word_1_169' title='bbox 1038 3062 1198 3116; x_wconf 86' lang='lat' dir='ltr'><strong>bruto</strong></span> <span class='ocrx_word' id='word_1_170' title='bbox 1229 3064 1411 3118; x_wconf 86' lang='lat' dir='ltr'><strong>anima</strong></span> <span class='ocrx_word' id='word_1_171' title='bbox 1441 3065 1666 3120; x_wconf 80' lang='lat' dir='ltr'><strong>inesset.</strong></span> <span class='ocrx_word' id='word_1_172' title='bbox 1699 3065 1764 3118; x_wconf 90' lang='lat' dir='ltr'><strong>Et</strong></span> <span class='ocrx_word' id='word_1_173' title='bbox 1804 3066 1926 3120; x_wconf 88' lang='lat' dir='ltr'><strong>talis</strong></span> <span class='ocrx_word' id='word_1_174' title='bbox 1952 3067 2171 3136; x_wconf 79' lang='lat' dir='ltr'><strong>quidem</strong></span> 
     </span>
    </p>
   </div>
   <div class='ocr_carea' id='block_1_24' title="bbox 533 3150 2174 3226">
    <p class='ocr_par' dir='ltr' id='par_1_24' title="bbox 533 3150 2174 3226">
     <span class='ocr_line' id='line_1_24' title="bbox 533 3150 2174 3226; baseline 0.009 -24"><span class='ocrx_word' id='word_1_175' title='bbox 533 3203 540 3210; x_wconf 72' lang='grc'><strong>,</strong></span> <span class='ocrx_word' id='word_1_176' title='bbox 590 3150 660 3204; x_wconf 85' lang='lat' dir='ltr'><strong>de</strong></span> <span class='ocrx_word' id='word_1_177' title='bbox 675 3153 916 3220; x_wconf 85' lang='lat' dir='ltr'><strong>antiquis</strong></span> <span class='ocrx_word' id='word_1_178' title='bbox 939 3153 1254 3210; x_wconf 87' lang='lat' dir='ltr'><strong>hominibus</strong></span> <span class='ocrx_word' id='word_1_179' title='bbox 1271 3157 1456 3226; x_wconf 90' lang='lat' dir='ltr'><strong>opinio</strong></span> <span class='ocrx_word' id='word_1_180' title='bbox 1476 3157 1788 3212; x_wconf 59' lang='lat' dir='ltr'><strong>Graecorum</strong></span> <span class='ocrx_word' id='word_1_181' title='bbox 1813 3167 2010 3214; x_wconf 79' lang='lat' dir='ltr'><strong>exstat.</strong></span> <span class='ocrx_word' id='word_1_182' title='bbox 2044 3160 2174 3226; x_wconf 63' lang='lat' dir='ltr'><strong>Qua:</strong></span> 
     </span>
    </p>
   </div>
   <div class='ocr_carea' id='block_1_25' title="bbox 591 3247 2170 3320">
    <p class='ocr_par' dir='ltr' id='par_1_25' title="bbox 591 3247 2170 3320">
     <span class='ocr_line' id='line_1_25' title="bbox 591 3247 2170 3320; baseline 0.007 -25"><span class='ocrx_word' id='word_1_183' title='bbox 591 3254 772 3300; x_wconf 86' lang='lat' dir='ltr'><strong>autem</strong></span> <span class='ocrx_word' id='word_1_184' title='bbox 817 3247 868 3298; x_wconf 88' lang='lat' dir='ltr'><strong>in</strong></span> <span class='ocrx_word' id='word_1_185' title='bbox 898 3247 1120 3318; x_wconf 85' lang='lat' dir='ltr'><strong>scriptis</strong></span> <span class='ocrx_word' id='word_1_186' title='bbox 1154 3247 1506 3304; x_wconf 75' lang='lat' dir='ltr'><strong>Hebraeorum</strong></span> <span class='ocrx_word' id='word_1_187' title='bbox 1541 3252 1760 3320; x_wconf 76' lang='lat' dir='ltr'><strong>legitur,</strong></span> <span class='ocrx_word' id='word_1_188' title='bbox 1792 3268 1900 3306; x_wconf 91' lang='lat' dir='ltr'><strong>non</strong></span> <span class='ocrx_word' id='word_1_189' title='bbox 1929 3253 2071 3308; x_wconf 86' lang='lat' dir='ltr'><strong>talis.</strong></span> <span class='ocrx_word' id='word_1_190' title='bbox 2101 3253 2170 3307; x_wconf 88' lang='lat' dir='ltr'><strong>ll-</strong></span> 
     </span>
    </p>
   </div>
   <div class='ocr_carea' id='block_1_26' title="bbox 539 3336 2170 3416">
    <p class='ocr_par' dir='ltr' id='par_1_26' title="bbox 539 3336 2170 3416">
     <span class='ocr_line' id='line_1_26' title="bbox 539 3336 2170 3416; baseline 0.011 -32"><span class='ocrx_word' id='word_1_191' title='bbox 539 3379 542 3384; x_wconf 90' lang='lat'><strong>.</strong></span> <span class='ocrx_word' id='word_1_192' title='bbox 591 3336 699 3388; x_wconf 85' lang='lat' dir='ltr'><strong>lico</strong></span> <span class='ocrx_word' id='word_1_193' title='bbox 735 3337 880 3390; x_wconf 89' lang='lat' dir='ltr'><strong>enim</strong></span> <span class='ocrx_word' id='word_1_194' title='bbox 915 3337 1090 3394; x_wconf 82' lang='lat' dir='ltr'><strong>factos</strong></span> <span class='ocrx_word' id='word_1_195' title='bbox 1143 3341 1352 3410; x_wconf 84' lang='lat' dir='ltr'><strong>primos</strong></span> <span class='ocrx_word' id='word_1_196' title='bbox 1391 3343 1678 3408; x_wconf 89' lang='lat' dir='ltr'><strong>homines,</strong></span> <span class='ocrx_word' id='word_1_197' title='bbox 1730 3357 1788 3400; x_wconf 88' lang='lat' dir='ltr'><strong>ut</strong></span> <span class='ocrx_word' id='word_1_198' title='bbox 1835 3348 2071 3416; x_wconf 87' lang='lat' dir='ltr'><strong>primum</strong></span> <span class='ocrx_word' id='word_1_199' title='bbox 2115 3349 2170 3402; x_wconf 93' lang='lat' dir='ltr'><strong>in</strong></span> 
     </span>
    </p>
   </div>
   <div class='ocr_carea' id='block_1_27' title="bbox 530 3427 2172 3494">
    <p class='ocr_par' dir='ltr' id='par_1_27' title="bbox 530 3427 2172 3494">
     <span class='ocr_line' id='line_1_27' title="bbox 530 3427 2172 3494; baseline 0.01 -15"><span class='ocrx_word' id='word_1_200' title='bbox 530 3473 544 3479; x_wconf 91' lang='lat'><strong>-</strong></span> <span class='ocrx_word' id='word_1_201' title='bbox 587 3427 698 3479; x_wconf 87' lang='lat' dir='ltr'><strong>vita</strong></span> <span class='ocrx_word' id='word_1_202' title='bbox 739 3429 1110 3493; x_wconf 69' lang='lat' dir='ltr'><strong>emistiterint,</strong></span> <span class='ocrx_word' id='word_1_203' title='bbox 1153 3435 1474 3489; x_wconf 86' lang='lat' dir='ltr'><strong>animalium</strong></span> <span class='ocrx_word' id='word_1_204' title='bbox 1516 3437 1803 3493; x_wconf 90' lang='lat' dir='ltr'><strong>sacriﬁciis</strong></span> <span class='ocrx_word' id='word_1_205' title='bbox 1847 3439 1957 3494; x_wconf 88' lang='lat' dir='ltr'><strong>Deo</strong></span> <span class='ocrx_word' id='word_1_206' title='bbox 1999 3442 2172 3494; x_wconf 78' lang='lat' dir='ltr'><strong>hono-</strong></span> 
     </span>
    </p>
   </div>
   <div class='ocr_carea' id='block_1_28' title="bbox 531 3519 2173 3600">
    <p class='ocr_par' dir='ltr' id='par_1_28' title="bbox 531 3519 2173 3600">
     <span class='ocr_line' id='line_1_28' title="bbox 531 3519 2173 3600; baseline 0.01 -30"><span class='ocrx_word' id='word_1_207' title='bbox 531 3563 538 3580; x_wconf 32' lang='lat'><strong>._</strong></span> <span class='ocrx_word' id='word_1_208' title='bbox 587 3531 706 3572; x_wconf 84' lang='lat' dir='ltr'><strong>rem</strong></span> <span class='ocrx_word' id='word_1_209' title='bbox 727 3519 1044 3578; x_wconf 72' lang='lat' dir='ltr'><strong>exhibuisse</strong></span> <span class='ocrx_word' id='word_1_210' title='bbox 1073 3536 1489 3583; x_wconf 80' lang='lat' dir='ltr'><strong>commemorat.</strong></span> <span class='ocrx_word' id='word_1_211' title='bbox 1523 3526 1664 3582; x_wconf 90' lang='lat' dir='ltr'><strong>Dicit</strong></span> <span class='ocrx_word' id='word_1_212' title='bbox 1695 3530 1878 3600; x_wconf 87' lang='lat' dir='ltr'><strong>itaque</strong></span> <span class='ocrx_word' id='word_1_213' title='bbox 1905 3551 1918 3586; x_wconf 90' lang='lat'><strong><em>:</em></strong></span> <span class='ocrx_word' id='word_1_214' title='bbox 1951 3551 1971 3583; x_wconf 73' lang='grc' dir='ltr'><strong>ι</strong></span> <span class='ocrx_word' id='word_1_215' title='bbox 2001 3531 2067 3584; x_wconf 86' lang='grc' dir='ltr'>Ει</span> <span class='ocrx_word' id='word_1_216' title='bbox 2091 3531 2173 3586; x_wconf 78' lang='lat' dir='ltr'><strong>fa-</strong></span> 
     </span>
    </p>
   </div>
   <div class='ocr_carea' id='block_1_29' title="bbox 527 3615 2171 3683">
    <p class='ocr_par' dir='ltr' id='par_1_29' title="bbox 527 3615 2171 3683">
     <span class='ocr_line' id='line_1_29' title="bbox 527 3615 2171 3683; baseline 0.014 -25"><span class='ocrx_word' id='word_1_217' title='bbox 527 3647 536 3658; x_wconf 67' lang='lat'><strong>.</strong></span> <span class='ocrx_word' id='word_1_218' title='bbox 588 3618 736 3663; x_wconf 81' lang='lat' dir='ltr'><strong>ctum</strong></span> <span class='ocrx_word' id='word_1_219' title='bbox 781 3623 866 3666; x_wconf 88' lang='lat' dir='ltr'><strong>est</strong></span> <span class='ocrx_word' id='word_1_220' title='bbox 919 3623 1044 3683; x_wconf 89' lang='lat' dir='ltr'><strong>post</strong></span> <span class='ocrx_word' id='word_1_221' title='bbox 1088 3615 1226 3678; x_wconf 89' lang='lat' dir='ltr'><strong>dies,</strong></span> <span class='ocrx_word' id='word_1_222' title='bbox 1273 3627 1332 3672; x_wconf 92' lang='lat' dir='ltr'><strong>ut</strong></span> <span class='ocrx_word' id='word_1_223' title='bbox 1368 3618 1586 3675; x_wconf 73' lang='lat' dir='ltr'><strong>offerret</strong></span> <span class='ocrx_word' id='word_1_224' title='bbox 1618 3621 1752 3676; x_wconf 86' lang='lat' dir='ltr'><strong>Cain</strong></span> <span class='ocrx_word' id='word_1_225' title='bbox 1795 3623 1863 3677; x_wconf 84' lang='lat' dir='ltr'><strong>de</strong></span> <span class='ocrx_word' id='word_1_226' title='bbox 1899 3623 2171 3681; x_wconf 83' lang='lat' dir='ltr'><strong>fructibus</strong></span> 
     </span>
    </p>
   </div>
   <div class='ocr_carea' id='block_1_30' title="bbox 586 3705 2170 3785">
    <p class='ocr_par' dir='ltr' id='par_1_30' title="bbox 586 3705 2170 3785">
     <span class='ocr_line' id='line_1_30' title="bbox 586 3705 2170 3785; baseline 0.011 -33"><span class='ocrx_word' id='word_1_227' title='bbox 586 3709 749 3756; x_wconf 63' lang='lat' dir='ltr'><strong>terra:</strong></span> <span class='ocrx_word' id='word_1_228' title='bbox 781 3705 1109 3760; x_wconf 83' lang='lat' dir='ltr'><strong>sacriﬁcium</strong></span> <span class='ocrx_word' id='word_1_229' title='bbox 1139 3706 1390 3763; x_wconf 87' lang='lat' dir='ltr'><strong>Domino.</strong></span> <span class='ocrx_word' id='word_1_230' title='bbox 1425 3709 1563 3765; x_wconf 80' lang='lat' dir='ltr'><strong>Tum</strong></span> <span class='ocrx_word' id='word_1_231' title='bbox 1604 3712 1736 3767; x_wconf 87' lang='lat' dir='ltr'><strong>Abel</strong></span> <span class='ocrx_word' id='word_1_232' title='bbox 1789 3714 1906 3783; x_wconf 88' lang='lat' dir='ltr'><strong>ipse</strong></span> <span class='ocrx_word' id='word_1_233' title='bbox 1953 3731 2170 3785; x_wconf 83' lang='lat' dir='ltr'><strong>quoque</strong></span> 
     </span>
    </p>
   </div>
   <div class='ocr_carea' id='block_1_31' title="bbox 533 3793 2170 3876">
    <p class='ocr_par' dir='ltr' id='par_1_31' title="bbox 533 3793 2170 3876">
     <span class='ocr_line' id='line_1_31' title="bbox 533 3793 2170 3876; baseline 0.012 -36"><span class='ocrx_word' id='word_1_234' title='bbox 533 3829 540 3840; x_wconf 94' lang='lat'><strong>.</strong></span> <span class='ocrx_word' id='word_1_235' title='bbox 587 3793 786 3846; x_wconf 83' lang='lat' dir='ltr'><strong>obtulit</strong></span> <span class='ocrx_word' id='word_1_236' title='bbox 810 3794 878 3850; x_wconf 89' lang='lat' dir='ltr'><strong>de</strong></span> <span class='ocrx_word' id='word_1_237' title='bbox 914 3798 1293 3868; x_wconf 83' lang='lat' dir='ltr'><strong>primogenitis</strong></span> <span class='ocrx_word' id='word_1_238' title='bbox 1331 3801 1516 3856; x_wconf 86' lang='lat' dir='ltr'><strong>ovium</strong></span> <span class='ocrx_word' id='word_1_239' title='bbox 1547 3816 1796 3857; x_wconf 83' lang='lat' dir='ltr'><strong>suarum.</strong></span> <span class='ocrx_word' id='word_1_240' title='bbox 1829 3804 1895 3858; x_wconf 86' lang='lat' dir='ltr'><strong>Et</strong></span> <span class='ocrx_word' id='word_1_241' title='bbox 1930 3809 2170 3876; x_wconf 76' lang='lat' dir='ltr'><strong>respexit</strong></span> 
     </span>
    </p>
   </div>
   <div class='ocr_carea' id='block_1_32' title="bbox 535 3881 2166 3962">
    <p class='ocr_par' dir='ltr' id='par_1_32' title="bbox 535 3881 2166 3962">
     <span class='ocr_line' id='line_1_32' title="bbox 535 3881 2166 3962; baseline 0.008 -24"><span class='ocrx_word' id='word_1_242' title='bbox 535 3928 546 3938; x_wconf 92' lang='lat'><strong>.</strong></span> <span class='ocrx_word' id='word_1_243' title='bbox 589 3881 732 3938; x_wconf 82' lang='lat' dir='ltr'><strong>Deus</strong></span> <span class='ocrx_word' id='word_1_244' title='bbox 761 3885 829 3938; x_wconf 88' lang='lat' dir='ltr'><strong>ad</strong></span> <span class='ocrx_word' id='word_1_245' title='bbox 855 3886 1015 3952; x_wconf 82' lang='lat' dir='ltr'><strong>Abel,</strong></span> <span class='ocrx_word' id='word_1_246' title='bbox 1042 3900 1094 3943; x_wconf 89' lang='lat' dir='ltr'><strong>et</strong></span> <span class='ocrx_word' id='word_1_247' title='bbox 1135 3887 1204 3942; x_wconf 90' lang='lat' dir='ltr'><strong>ad</strong></span> <span class='ocrx_word' id='word_1_248' title='bbox 1235 3906 1466 3946; x_wconf 89' lang='lat' dir='ltr'><strong>munera</strong></span> <span class='ocrx_word' id='word_1_249' title='bbox 1499 3893 1668 3948; x_wconf 90' lang='lat' dir='ltr'><strong>illius.</strong></span> <span class='ocrx_word' id='word_1_250' title='bbox 1718 3894 1799 3947; x_wconf 86' lang='lat' dir='ltr'><strong>Ad</strong></span> <span class='ocrx_word' id='word_1_251' title='bbox 1847 3895 1984 3950; x_wconf 85' lang='lat' dir='ltr'><strong>Cain</strong></span> <span class='ocrx_word' id='word_1_252' title='bbox 2020 3913 2166 3962; x_wconf 86' lang='lat' dir='ltr'><strong>vero,</strong></span> 
     </span>
    </p>
   </div>
   <div class='ocr_carea' id='block_1_33' title="bbox 531 3975 2170 4058">
    <p class='ocr_par' dir='ltr' id='par_1_33' title="bbox 531 3975 2170 4058">
     <span class='ocr_line' id='line_1_33' title="bbox 531 3975 2170 4058; baseline 0.009 -30"><span class='ocrx_word' id='word_1_253' title='bbox 531 4015 540 4028; x_wconf 89' lang='lat'><strong>.</strong></span> <span class='ocrx_word' id='word_1_254' title='bbox 585 3985 642 4030; x_wconf 88' lang='lat' dir='ltr'><strong>et</strong></span> <span class='ocrx_word' id='word_1_255' title='bbox 679 3975 746 4030; x_wconf 88' lang='lat' dir='ltr'><strong>ad</strong></span> <span class='ocrx_word' id='word_1_256' title='bbox 779 3978 1049 4033; x_wconf 88' lang='lat' dir='ltr'><strong>sacriﬁcia</strong></span> <span class='ocrx_word' id='word_1_257' title='bbox 1089 3980 1212 4050; x_wconf 83' lang='lat' dir='ltr'><strong>ejus</strong></span> <span class='ocrx_word' id='word_1_258' title='bbox 1243 3999 1352 4038; x_wconf 89' lang='lat' dir='ltr'><strong>non</strong></span> <span class='ocrx_word' id='word_1_259' title='bbox 1395 3985 1627 4040; x_wconf 89' lang='lat' dir='ltr'><strong>attendit</strong></span> <span class='ocrx_word' id='word_1_260' title='bbox 1656 3987 1719 4040; x_wconf 84' lang='lat'><strong>&quot;.</strong></span> <span class='ocrx_word' id='word_1_261' title='bbox 1765 4007 1786 4040; x_wconf 74' lang='grc' dir='ltr'><strong>ι</strong></span> <span class='ocrx_word' id='word_1_262' title='bbox 1825 3985 1926 4042; x_wconf 92' lang='lat' dir='ltr'><strong>Ubi</strong></span> <span class='ocrx_word' id='word_1_263' title='bbox 1962 3989 2076 4058; x_wconf 89' lang='lat' dir='ltr'><strong>jam</strong></span> <span class='ocrx_word' id='word_1_264' title='bbox 2107 3990 2170 4043; x_wconf 84' lang='lat' dir='ltr'><strong>il-</strong></span> 
     </span>
    </p>
   </div>
   <div class='ocr_carea' id='block_1_34' title="bbox 585 4067 2170 4151">
    <p class='ocr_par' dir='ltr' id='par_1_34' title="bbox 585 4067 2170 4151">
     <span class='ocr_line' id='line_1_34' title="bbox 585 4067 2170 4151; baseline 0.009 -29"><span class='ocrx_word' id='word_1_265' title='bbox 585 4067 678 4122; x_wconf 83' lang='lat' dir='ltr'><strong>Iud</strong></span> <span class='ocrx_word' id='word_1_266' title='bbox 703 4070 1082 4126; x_wconf 67' lang='lat' dir='ltr'><strong>considerabis</strong></span> <span class='ocrx_word' id='word_1_267' title='bbox 1111 4074 1257 4142; x_wconf 91' lang='lat' dir='ltr'><strong>quod</strong></span> <span class='ocrx_word' id='word_1_268' title='bbox 1292 4073 1404 4130; x_wconf 91' lang='lat' dir='ltr'><strong>Deo</strong></span> <span class='ocrx_word' id='word_1_269' title='bbox 1433 4079 1708 4147; x_wconf 83' lang='lat' dir='ltr'><strong>acceptior</strong></span> <span class='ocrx_word' id='word_1_270' title='bbox 1737 4080 1919 4134; x_wconf 78' lang='lat' dir='ltr'><strong>dictus</strong></span> <span class='ocrx_word' id='word_1_271' title='bbox 1949 4081 2042 4145; x_wconf 87' lang='lat' dir='ltr'><strong>sit,</strong></span> <span class='ocrx_word' id='word_1_272' title='bbox 2074 4081 2170 4151; x_wconf 92' lang='lat' dir='ltr'><strong>qui</strong></span> 
     </span>
    </p>
   </div>
   <div class='ocr_carea' id='block_1_35' title="bbox 529 4161 2170 4242">
    <p class='ocr_par' dir='ltr' id='par_1_35' title="bbox 529 4161 2170 4242">
     <span class='ocr_line' id='line_1_35' title="bbox 529 4161 2170 4242; baseline 0.007 -26"><span class='ocrx_word' id='word_1_273' title='bbox 529 4211 534 4216; x_wconf 92' lang='lat'><strong>.</strong></span> <span class='ocrx_word' id='word_1_274' title='bbox 583 4161 845 4216; x_wconf 81' lang='lat' dir='ltr'><strong>animalia</strong></span> <span class='ocrx_word' id='word_1_275' title='bbox 879 4163 1288 4231; x_wconf 86' lang='lat' dir='ltr'><strong>sacriﬁcaverit,</strong></span> <span class='ocrx_word' id='word_1_276' title='bbox 1320 4184 1484 4236; x_wconf 89' lang='lat' dir='ltr'><strong>quam</strong></span> <span class='ocrx_word' id='word_1_277' title='bbox 1517 4171 1565 4224; x_wconf 90' lang='lat' dir='ltr'><strong>is</strong></span> <span class='ocrx_word' id='word_1_278' title='bbox 1593 4171 1685 4239; x_wconf 87' lang='lat' dir='ltr'><strong>qui</strong></span> <span class='ocrx_word' id='word_1_279' title='bbox 1721 4176 1792 4226; x_wconf 91' lang='lat' dir='ltr'><strong>ab</strong></span> <span class='ocrx_word' id='word_1_280' title='bbox 1835 4187 1966 4242; x_wconf 84' lang='lat' dir='ltr'><strong>agro</strong></span> <span class='ocrx_word' id='word_1_281' title='bbox 1997 4175 2170 4229; x_wconf 84' lang='lat' dir='ltr'><strong>sacri-</strong></span> 
     </span>
    </p>
   </div>
   <div class='ocr_carea' id='block_1_36' title="bbox 531 4253 2171 4335">
    <p class='ocr_par' dir='ltr' id='par_1_36' title="bbox 531 4253 2171 4335">
     <span class='ocr_line' id='line_1_36' title="bbox 531 4253 2171 4335; baseline 0.01 -29"><span class='ocrx_word' id='word_1_282' title='bbox 531 4299 538 4306; x_wconf 94' lang='lat'><strong>.</strong></span> <span class='ocrx_word' id='word_1_283' title='bbox 583 4253 770 4308; x_wconf 75' lang='lat' dir='ltr'><strong>licium</strong></span> <span class='ocrx_word' id='word_1_284' title='bbox 799 4255 1082 4312; x_wconf 90' lang='lat' dir='ltr'><strong>obtulerit.</strong></span> <span class='ocrx_word' id='word_1_285' title='bbox 1119 4259 1300 4314; x_wconf 84' lang='lat' dir='ltr'><strong>Etiam</strong></span> <span class='ocrx_word' id='word_1_286' title='bbox 1321 4259 1436 4316; x_wconf 87' lang='lat' dir='ltr'><strong>Noe</strong></span> <span class='ocrx_word' id='word_1_287' title='bbox 1469 4263 1718 4330; x_wconf 89' lang='lat' dir='ltr'><strong>protinus</strong></span> <span class='ocrx_word' id='word_1_288' title='bbox 1741 4263 1808 4319; x_wconf 89' lang='lat' dir='ltr'><strong>de</strong></span> <span class='ocrx_word' id='word_1_289' title='bbox 1838 4267 2053 4320; x_wconf 86' lang='lat' dir='ltr'><strong>cunctis</strong></span> <span class='ocrx_word' id='word_1_290' title='bbox 2077 4283 2171 4335; x_wconf 78' lang='lat' dir='ltr'><strong>pe-</strong></span> 
     </span>
    </p>
   </div>
   <div class='ocr_carea' id='block_1_37' title="bbox 531 4345 2167 4425">
    <p class='ocr_par' dir='ltr' id='par_1_37' title="bbox 531 4345 2167 4425">
     <span class='ocr_line' id='line_1_37' title="bbox 531 4345 2167 4425; baseline 0.01 -27"><span class='ocrx_word' id='word_1_291' title='bbox 531 4391 542 4398; x_wconf 82' lang='lat'><strong>.</strong></span> <span class='ocrx_word' id='word_1_292' title='bbox 581 4345 809 4404; x_wconf 75' lang='lat' dir='ltr'><strong>cor-ibus</strong></span> <span class='ocrx_word' id='word_1_293' title='bbox 845 4349 1088 4417; x_wconf 84' lang='lat' dir='ltr'><strong>mundis,</strong></span> <span class='ocrx_word' id='word_1_294' title='bbox 1124 4360 1178 4406; x_wconf 92' lang='lat' dir='ltr'><strong>et</strong></span> <span class='ocrx_word' id='word_1_295' title='bbox 1221 4353 1288 4407; x_wconf 88' lang='lat' dir='ltr'><strong>de</strong></span> <span class='ocrx_word' id='word_1_296' title='bbox 1317 4355 1532 4411; x_wconf 87' lang='lat' dir='ltr'><strong>cunctis</strong></span> <span class='ocrx_word' id='word_1_297' title='bbox 1561 4356 1877 4414; x_wconf 88' lang='lat' dir='ltr'><strong>volucribus</strong></span> <span class='ocrx_word' id='word_1_298' title='bbox 1926 4361 2167 4425; x_wconf 88' lang='lat' dir='ltr'><strong>mundis,</strong></span> 
     </span>
    </p>
   </div>
   <div class='ocr_carea' id='block_1_38' title="bbox 531 4439 2168 4516">
    <p class='ocr_par' dir='ltr' id='par_1_38' title="bbox 531 4439 2168 4516">
     <span class='ocr_line' id='line_1_38' title="bbox 531 4439 2168 4516; baseline 0.008 -24"><span class='ocrx_word' id='word_1_299' title='bbox 531 4473 538 4480; x_wconf 90' lang='lat'><strong>-</strong></span> <span class='ocrx_word' id='word_1_300' title='bbox 581 4439 778 4494; x_wconf 88' lang='lat' dir='ltr'><strong>obtulit</strong></span> <span class='ocrx_word' id='word_1_301' title='bbox 825 4440 1223 4510; x_wconf 82' lang='lat' dir='ltr'><strong>perfectissima</strong></span> <span class='ocrx_word' id='word_1_302' title='bbox 1258 4460 1486 4500; x_wconf 88' lang='lat' dir='ltr'><strong>munera</strong></span> <span class='ocrx_word' id='word_1_303' title='bbox 1518 4463 1685 4516; x_wconf 89' lang='lat' dir='ltr'><strong>super</strong></span> <span class='ocrx_word' id='word_1_304' title='bbox 1718 4449 1928 4504; x_wconf 89' lang='lat' dir='ltr'><strong>altare:</strong></span> <span class='ocrx_word' id='word_1_305' title='bbox 1969 4451 2168 4504; x_wconf 82' lang='lat' dir='ltr'><strong>odora-</strong></span> 
     </span>
    </p>
   </div>
   <div class='ocr_carea' id='block_1_39' title="bbox 582 4533 2169 4601">
    <p class='ocr_par' dir='ltr' id='par_1_39' title="bbox 582 4533 2169 4601">
     <span class='ocr_line' id='line_1_39' title="bbox 582 4533 2169 4601; baseline 0.009 -17"><span class='ocrx_word' id='word_1_306' title='bbox 582 4539 780 4601; x_wconf 81' lang='lat' dir='ltr'><strong>tusque</strong></span> <span class='ocrx_word' id='word_1_307' title='bbox 831 4535 924 4588; x_wconf 86' lang='lat' dir='ltr'><strong>est&#39;</strong></span> <span class='ocrx_word' id='word_1_308' title='bbox 961 4533 1226 4591; x_wconf 90' lang='lat' dir='ltr'><strong>Dominus</strong></span> <span class='ocrx_word' id='word_1_309' title='bbox 1268 4537 1490 4593; x_wconf 89' lang='lat' dir='ltr'><strong>odorem</strong></span> <span class='ocrx_word' id='word_1_310' title='bbox 1543 4541 1852 4598; x_wconf 84' lang='lat' dir='ltr'><strong>suavitatis.</strong></span> <span class='ocrx_word' id='word_1_311' title='bbox 1889 4543 2169 4598; x_wconf 81' lang='lat' dir='ltr'><strong>Abraham</strong></span> 
     </span>
    </p>
   </div>
   <div class='ocr_carea' id='block_1_40' title="bbox 579 4625 2168 4694">
    <p class='ocr_par' dir='ltr' id='par_1_40' title="bbox 579 4625 2168 4694">
     <span class='ocr_line' id='line_1_40' title="bbox 579 4625 2168 4694; baseline 0.009 -21"><span class='ocrx_word' id='word_1_312' title='bbox 579 4636 802 4691; x_wconf 80' lang='lat' dir='ltr'><strong>quoque</strong></span> <span class='ocrx_word' id='word_1_313' title='bbox 831 4625 1153 4680; x_wconf 88' lang='lat' dir='ltr'><strong>sacriﬁcans</strong></span> <span class='ocrx_word' id='word_1_314' title='bbox 1185 4627 1526 4684; x_wconf 84' lang='lat' dir='ltr'><strong>describitur</strong></span> <span class='ocrx_word' id='word_1_315' title='bbox 1557 4649 1569 4683; x_wconf 90' lang='lat'><em>:</em></span> <span class='ocrx_word' id='word_1_316' title='bbox 1607 4639 1685 4694; x_wconf 89' lang='lat' dir='ltr'><strong>ut,</strong></span> <span class='ocrx_word' id='word_1_317' title='bbox 1717 4633 1762 4686; x_wconf 91' lang='lat' dir='ltr'><strong>si</strong></span> <span class='ocrx_word' id='word_1_318' title='bbox 1789 4633 1989 4690; x_wconf 77' lang='lat' dir='ltr'><strong>divina:</strong></span> <span class='ocrx_word' id='word_1_319' title='bbox 2016 4633 2168 4688; x_wconf 88' lang='lat' dir='ltr'><strong>Scri-</strong></span> 
     </span>
    </p>
   </div>
   <div class='ocr_carea' id='block_1_41' title="bbox 577 4717 2166 4798">
    <p class='ocr_par' dir='ltr' id='par_1_41' title="bbox 577 4717 2166 4798">
     <span class='ocr_line' id='line_1_41' title="bbox 577 4717 2166 4798; baseline 0.009 -32"><span class='ocrx_word' id='word_1_320' title='bbox 577 4721 754 4783; x_wconf 77' lang='lat' dir='ltr'><strong>ptura:</strong></span> <span class='ocrx_word' id='word_1_321' title='bbox 772 4717 1144 4772; x_wconf 86' lang='lat' dir='ltr'><strong>testimonium</strong></span> <span class='ocrx_word' id='word_1_322' title='bbox 1168 4721 1470 4787; x_wconf 89' lang='lat' dir='ltr'><strong>sequimur,</strong></span> <span class='ocrx_word' id='word_1_323' title='bbox 1519 4723 1756 4791; x_wconf 88' lang='lat' dir='ltr'><strong>primum</strong></span> <span class='ocrx_word' id='word_1_324' title='bbox 1787 4727 2029 4780; x_wconf 88' lang='lat' dir='ltr'><strong>omnium</strong></span> <span class='ocrx_word' id='word_1_325' title='bbox 2059 4727 2166 4798; x_wconf 81' lang='lat'><strong>35</strong></span> 
     </span>
    </p>
   </div>
   <div class='ocr_carea' id='block_1_42' title="bbox 577 4805 2168 4882">
    <p class='ocr_par' dir='ltr' id='par_1_42' title="bbox 577 4805 2168 4882">
     <span class='ocr_line' id='line_1_42' title="bbox 577 4805 2168 4882; baseline 0.011 -24"><span class='ocrx_word' id='word_1_326' title='bbox 577 4819 641 4858; x_wconf 75' lang='lat' dir='ltr'><strong>ex</strong></span> <span class='ocrx_word' id='word_1_327' title='bbox 669 4805 998 4862; x_wconf 83' lang='lat' dir='ltr'><strong>animalibus</strong></span> <span class='ocrx_word' id='word_1_328' title='bbox 1045 4811 1399 4876; x_wconf 86' lang='lat' dir='ltr'><strong>sacriﬁcium,</strong></span> <span class='ocrx_word' id='word_1_329' title='bbox 1435 4815 1635 4882; x_wconf 84' lang='lat' dir='ltr'><strong>priscis</strong></span> <span class='ocrx_word' id='word_1_330' title='bbox 1665 4815 1776 4871; x_wconf 88' lang='lat' dir='ltr'><strong>Deo</strong></span> <span class='ocrx_word' id='word_1_331' title='bbox 1810 4819 2002 4873; x_wconf 87' lang='lat' dir='ltr'><strong>amicis</strong></span> <span class='ocrx_word' id='word_1_332' title='bbox 2036 4821 2168 4876; x_wconf 81' lang='lat' dir='ltr'><strong>viris</strong></span> 
     </span>
    </p>
   </div>
   <div class='ocr_carea' id='block_1_43' title="bbox 2207 872 2256 927">
    <p class='ocr_par' dir='ltr' id='par_1_43' title="bbox 2207 872 2256 927">
     <span class='ocr_line' id='line_1_43' title="bbox 2207 872 2256 927; baseline 0 0"><span class='ocrx_word' id='word_1_333' title='bbox 2207 872 2256 927; x_wconf 77' lang='grc' dir='ltr'><strong>Α</strong></span> 
     </span>
    </p>
   </div>
   <div class='ocr_carea' id='block_1_44' title="bbox 2823 869 3312 926">
    <p class='ocr_par' dir='ltr' id='par_1_44' title="bbox 2823 869 3312 926">
     <span class='ocr_line' id='line_1_44' title="bbox 2823 869 3312 926; baseline -0.008 0"><span class='ocrx_word' id='word_1_334' title='bbox 2823 869 3218 926; x_wconf 76' lang='grc' dir='ltr'><strong>ΚΕΦΑΛΑΙΟΝ</strong></span> <span class='ocrx_word' id='word_1_335' title='bbox 3255 870 3312 922; x_wconf 91' lang='lat' dir='ltr'><strong>l&#39;.</strong></span> 
     </span>
    </p>
   </div>
   <div class='ocr_carea' id='block_1_45' title="bbox 2288 957 3868 1030">
    <p class='ocr_par' dir='ltr' id='par_1_45' title="bbox 2288 957 3868 1030">
     <span class='ocr_line' id='line_1_45' title="bbox 2288 957 3868 1030; baseline 0.001 -20"><span class='ocrx_word' id='word_1_336' title='bbox 2288 960 2406 1011; x_wconf 80' lang='grc' dir='ltr'>Τίνι</span> <span class='ocrx_word' id='word_1_337' title='bbox 2460 961 2622 1030; x_wconf 68' lang='grc' dir='ltr'>λργῳ</span> <span class='ocrx_word' id='word_1_338' title='bbox 2663 959 2750 1030; x_wconf 80' lang='grc' dir='ltr'>μὴ</span> <span class='ocrx_word' id='word_1_339' title='bbox 2790 961 2891 1014; x_wconf 81' lang='grc' dir='ltr'>καὶ</span> <span class='ocrx_word' id='word_1_340' title='bbox 2944 960 3088 1030; x_wconf 73' lang='grc' dir='ltr'>ἡμῖν</span> <span class='ocrx_word' id='word_1_341' title='bbox 3133 959 3348 1030; x_wconf 53' lang='grc' dir='ltr'>ὁκοίως</span> <span class='ocrx_word' id='word_1_342' title='bbox 3397 957 3522 1030; x_wconf 75' lang='grc' dir='ltr'>τοῖς</span> <span class='ocrx_word' id='word_1_343' title='bbox 3577 957 3868 1030; x_wconf 61' lang='grc' dir='ltr'>παλαιρᾷν</span> 
     </span>
    </p>
   </div>
   <div class='ocr_carea' id='block_1_46' title="bbox 2349 1025 3870 1152">
    <p class='ocr_par' dir='ltr' id='par_1_46' title="bbox 2349 1025 3870 1152">
     <span class='ocr_line' id='line_1_46' title="bbox 2349 1025 3870 1152; baseline 0.001 -70"><span class='ocrx_word' id='word_1_344' title='bbox 2349 1025 2925 1152; x_wconf 54' lang='grc' dir='ltr'>ἓυμιᾷκκὶιϊθύειν</span> <span class='ocrx_word' id='word_1_345' title='bbox 2973 1025 3052 1097; x_wconf 66' lang='grc' dir='ltr'>τῷ</span> <span class='ocrx_word' id='word_1_346' title='bbox 3102 1025 3222 1095; x_wconf 73' lang='grc' dir='ltr'><strong>Θεῷ</strong></span> <span class='ocrx_word' id='word_1_347' title='bbox 3262 1029 3333 1082; x_wconf 83' lang='grc' dir='ltr'>τὰ</span> <span class='ocrx_word' id='word_1_348' title='bbox 3371 1027 3556 1100; x_wconf 76' lang='grc' dir='ltr'>γεώδη</span> <span class='ocrx_word' id='word_1_349' title='bbox 3598 1025 3870 1098; x_wconf 77' lang='grc' dir='ltr'>παραδέ-</span> 
     </span>
     <span class='ocr_line' id='line_1_47' title="bbox 2388 1116 2534 1152; baseline 0 0"><span class='ocrx_word' id='word_1_350' title='bbox 2388 1116 2534 1152; x_wconf 85' lang='grc' dir='ltr'>οται.</span> 
     </span>
    </p>
   </div>
   <div class='ocr_carea' id='block_1_47' title="bbox 2388 1116 2534 1154">
    <p class='ocr_par' dir='ltr' id='par_1_47' title="bbox 2388 1116 2534 1154">
     <span class='ocr_line' id='line_1_48' title="bbox 2388 1116 2534 1154; baseline 0 -2"><span class='ocrx_word' id='word_1_351' title='bbox 2388 1116 2514 1154; x_wconf 85' lang='grc' dir='ltr'>οται</span> <span class='ocrx_word' id='word_1_352' title='bbox 2523 1141 2534 1152; x_wconf 91' lang='grc'><strong>.</strong></span> 
     </span>
    </p>
   </div>
   <div class='ocr_carea' id='block_1_48' title="bbox 2351 1213 3868 1288">
    <p class='ocr_par' dir='ltr' id='par_1_48' title="bbox 2351 1213 3868 1288">
     <span class='ocr_line' id='line_1_49' title="bbox 2351 1213 3868 1288; baseline -0.001 -20"><span class='ocrx_word' id='word_1_353' title='bbox 2351 1216 2487 1288; x_wconf 77' lang='grc' dir='ltr'>Περὶ</span> <span class='ocrx_word' id='word_1_354' title='bbox 2525 1216 2582 1269; x_wconf 80' lang='grc' dir='ltr'><strong>δὲ</strong></span> <span class='ocrx_word' id='word_1_355' title='bbox 2619 1215 2716 1269; x_wconf 80' lang='grc' dir='ltr'>τοῦ</span> <span class='ocrx_word' id='word_1_356' title='bbox 2760 1216 2834 1287; x_wconf 84' lang='grc' dir='ltr'>μὴ</span> <span class='ocrx_word' id='word_1_357' title='bbox 2875 1213 3162 1279; x_wconf 80' lang='grc' dir='ltr'>ζωοθυτείν</span> <span class='ocrx_word' id='word_1_358' title='bbox 3205 1215 3351 1286; x_wconf 77' lang='grc' dir='ltr'>ἡμᾶς</span> <span class='ocrx_word' id='word_1_359' title='bbox 3385 1213 3464 1284; x_wconf 81' lang='grc' dir='ltr'>τῷ</span> <span class='ocrx_word' id='word_1_360' title='bbox 3504 1213 3598 1265; x_wconf 72' lang='grc' dir='ltr'>ἐπὶ</span> <span class='ocrx_word' id='word_1_361' title='bbox 3633 1213 3868 1266; x_wconf 80' lang='grc' dir='ltr'>πάντων</span> 
     </span>
    </p>
   </div>
   <div class='ocr_carea' id='block_1_49' title="bbox 2280 1300 3867 1379">
    <p class='ocr_par' dir='ltr' id='par_1_49' title="bbox 2280 1300 3867 1379">
     <span class='ocr_line' id='line_1_50' title="bbox 2280 1300 3867 1379; baseline -0.001 -19"><span class='ocrx_word' id='word_1_362' title='bbox 2280 1307 2417 1378; x_wconf 82' lang='grc' dir='ltr'>Θεῷ,</span> <span class='ocrx_word' id='word_1_363' title='bbox 2454 1308 2561 1364; x_wconf 92' lang='grc' dir='ltr'><strong>τῶν</strong></span> <span class='ocrx_word' id='word_1_364' title='bbox 2593 1307 2759 1362; x_wconf 89' lang='grc' dir='ltr'>πάλαι</span> <span class='ocrx_word' id='word_1_365' title='bbox 2789 1307 3047 1377; x_wconf 76' lang='grc' dir='ltr'><strong>θεοφιλῶν</strong></span> <span class='ocrx_word' id='word_1_366' title='bbox 3077 1307 3307 1379; x_wconf 87' lang='grc' dir='ltr'>ἀνδρῶν,</span> <span class='ocrx_word' id='word_1_367' title='bbox 3332 1300 3406 1360; x_wconf 84' lang='grc' dir='ltr'>ὧν</span> <span class='ocrx_word' id='word_1_368' title='bbox 3427 1307 3490 1378; x_wconf 89' lang='grc' dir='ltr'>δή</span> <span class='ocrx_word' id='word_1_369' title='bbox 3518 1321 3698 1375; x_wconf 89' lang='grc' dir='ltr'>φαμεν</span> <span class='ocrx_word' id='word_1_370' title='bbox 3713 1305 3867 1358; x_wconf 71' lang='grc' dir='ltr'>κατὰ</span> 
     </span>
    </p>
   </div>
   <div class='ocr_carea' id='block_1_50' title="bbox 2282 1391 3867 1470">
    <p class='ocr_par' dir='ltr' id='par_1_50' title="bbox 2282 1391 3867 1470">
     <span class='ocr_line' id='line_1_51' title="bbox 2282 1391 3867 1470; baseline -0.002 -18"><span class='ocrx_word' id='word_1_371' title='bbox 2282 1399 2440 1470; x_wconf 79' lang='grc' dir='ltr'>ζῆλον</span> <span class='ocrx_word' id='word_1_372' title='bbox 2503 1399 2850 1466; x_wconf 78' lang='grc' dir='ltr'>θεοσεϐείας,</span> <span class='ocrx_word' id='word_1_373' title='bbox 2905 1399 3064 1454; x_wconf 80' lang='grc' dir='ltr'>τοῦτο</span> <span class='ocrx_word' id='word_1_374' title='bbox 3119 1399 3532 1470; x_wconf 82' lang='grc' dir='ltr'><strong>πεποιηκότων,</strong></span> <span class='ocrx_word' id='word_1_375' title='bbox 3581 1391 3738 1460; x_wconf 77' lang='grc' dir='ltr'>οὗτος</span> <span class='ocrx_word' id='word_1_376' title='bbox 3799 1396 3867 1463; x_wconf 76' lang='grc' dir='ltr'><strong>ἐξ</strong></span> 
     </span>
    </p>
   </div>
   <div class='ocr_carea' id='block_1_51' title="bbox 2280 1491 3866 1566">
    <p class='ocr_par' dir='ltr' id='par_1_51' title="bbox 2280 1491 3866 1566">
     <span class='ocr_line' id='line_1_52' title="bbox 2280 1491 3866 1566; baseline 0 -22"><span class='ocrx_word' id='word_1_377' title='bbox 2280 1493 2439 1563; x_wconf 79' lang='grc' dir='ltr'>ἡμῶν</span> <span class='ocrx_word' id='word_1_378' title='bbox 2485 1493 2774 1566; x_wconf 73' lang='grc' dir='ltr'>ἀποδοθείη</span> <span class='ocrx_word' id='word_1_379' title='bbox 2823 1493 2890 1547; x_wconf 82' lang='grc' dir='ltr'><strong>ἂν</strong></span> <span class='ocrx_word' id='word_1_380' title='bbox 2931 1496 2960 1548; x_wconf 89' lang='grc' dir='ltr'><strong>ὁ</strong></span> <span class='ocrx_word' id='word_1_381' title='bbox 2987 1495 3163 1563; x_wconf 87' lang='grc' dir='ltr'>λόγος.</span> <span class='ocrx_word' id='word_1_382' title='bbox 3217 1493 3326 1563; x_wconf 87' lang='grc' dir='ltr'>Οὐχ</span> <span class='ocrx_word' id='word_1_383' title='bbox 3379 1491 3569 1565; x_wconf 88' lang='grc' dir='ltr'>ῶσπερ</span> <span class='ocrx_word' id='word_1_384' title='bbox 3599 1491 3866 1562; x_wconf 85' lang='grc' dir='ltr'>Ἕλλησιν</span> 
     </span>
    </p>
   </div>
   <div class='ocr_carea' id='block_1_52' title="bbox 2279 1583 3868 1658">
    <p class='ocr_par' dir='ltr' id='par_1_52' title="bbox 2279 1583 3868 1658">
     <span class='ocr_line' id='line_1_53' title="bbox 2279 1583 3868 1658; baseline 0.001 -21"><span class='ocrx_word' id='word_1_385' title='bbox 2279 1585 2590 1656; x_wconf 80' lang='grc' dir='ltr'>ἐνομίζετο,</span> <span class='ocrx_word' id='word_1_386' title='bbox 2640 1589 2735 1640; x_wconf 58' lang='grc' dir='ltr'><strong>καὶ⁸</strong></span> <span class='ocrx_word' id='word_1_387' title='bbox 2775 1589 2888 1649; x_wconf 85' lang='grc' dir='ltr'>τοῖς</span> <span class='ocrx_word' id='word_1_388' title='bbox 2927 1585 3190 1658; x_wconf 80' lang='grc' dir='ltr'>Ἐϐραίων</span> <span class='ocrx_word' id='word_1_389' title='bbox 3246 1587 3411 1655; x_wconf 79' lang='grc' dir='ltr'>ἱεροῖς</span> <span class='ocrx_word' id='word_1_390' title='bbox 3456 1584 3632 1653; x_wconf 85' lang='grc' dir='ltr'>λόγοις</span> <span class='ocrx_word' id='word_1_391' title='bbox 3683 1583 3868 1638; x_wconf 82' lang='grc' dir='ltr'><strong>ταύτά</strong></span> 
     </span>
    </p>
   </div>
   <div class='ocr_carea' id='block_1_53' title="bbox 2277 1674 3866 1747">
    <p class='ocr_par' dir='ltr' id='par_1_53' title="bbox 2277 1674 3866 1747">
     <span class='ocr_line' id='line_1_54' title="bbox 2277 1674 3866 1747; baseline 0.001 -20"><span class='ocrx_word' id='word_1_392' title='bbox 2277 1674 2444 1739; x_wconf 88' lang='grc' dir='ltr'>δοκεῖ,</span> <span class='ocrx_word' id='word_1_393' title='bbox 2493 1675 2620 1746; x_wconf 75' lang='grc' dir='ltr'>περὶ</span> <span class='ocrx_word' id='word_1_394' title='bbox 2661 1676 2761 1746; x_wconf 80' lang='grc' dir='ltr'>τῆς</span> <span class='ocrx_word' id='word_1_395' title='bbox 2793 1677 2900 1731; x_wconf 88' lang='grc' dir='ltr'><strong>τῶν</strong></span> <span class='ocrx_word' id='word_1_396' title='bbox 2935 1675 3100 1732; x_wconf 85' lang='grc' dir='ltr'>πάλαι</span> <span class='ocrx_word' id='word_1_397' title='bbox 3130 1676 3222 1730; x_wconf 78' lang='grc' dir='ltr'><strong>καὶ</strong></span> <span class='ocrx_word' id='word_1_398' title='bbox 3255 1675 3485 1747; x_wconf 87' lang='grc' dir='ltr'>πρώτων</span> <span class='ocrx_word' id='word_1_399' title='bbox 3523 1675 3731 1747; x_wconf 88' lang='grc' dir='ltr'>ἀνδρῶν</span> <span class='ocrx_word' id='word_1_400' title='bbox 3767 1674 3866 1728; x_wconf 88' lang='grc' dir='ltr'>θε-</span> 
     </span>
    </p>
   </div>
   <div class='ocr_carea' id='block_1_54' title="bbox 2281 1765 3866 1839">
    <p class='ocr_par' dir='ltr' id='par_1_54' title="bbox 2281 1765 3866 1839">
     <span class='ocr_line' id='line_1_55' title="bbox 2281 1765 3866 1839; baseline -0.001 -19"><span class='ocrx_word' id='word_1_401' title='bbox 2281 1767 2514 1837; x_wconf 88' lang='grc' dir='ltr'>ραπείας</span> <span class='ocrx_word' id='word_1_402' title='bbox 2561 1767 2654 1820; x_wconf 82' lang='grc' dir='ltr'>τοῦ</span> <span class='ocrx_word' id='word_1_403' title='bbox 2693 1767 2869 1823; x_wconf 85' lang='grc' dir='ltr'>Θείου.</span> <span class='ocrx_word' id='word_1_404' title='bbox 2921 1769 2983 1821; x_wconf 76' lang='lat' dir='ltr'><strong>Oi</strong></span> <span class='ocrx_word' id='word_1_405' title='bbox 3028 1767 3125 1838; x_wconf 82' lang='grc' dir='ltr'><strong>μὲν</strong></span> <span class='ocrx_word' id='word_1_406' title='bbox 3171 1767 3376 1837; x_wconf 78' lang='grc' dir='ltr'>ἔφασαν</span> <span class='ocrx_word' id='word_1_407' title='bbox 3429 1768 3503 1839; x_wconf 82' lang='grc' dir='ltr'>μὴ</span> <span class='ocrx_word' id='word_1_408' title='bbox 3551 1765 3698 1820; x_wconf 85' lang='grc' dir='ltr'>θύειν</span> <span class='ocrx_word' id='word_1_409' title='bbox 3727 1767 3866 1830; x_wconf 77' lang='grc' dir='ltr'>τοὺς</span> 
     </span>
    </p>
   </div>
   <div class='ocr_carea' id='block_1_55' title="bbox 2279 1857 3864 1931">
    <p class='ocr_par' dir='ltr' id='par_1_55' title="bbox 2279 1857 3864 1931">
     <span class='ocr_line' id='line_1_56' title="bbox 2279 1857 3864 1931; baseline 0.001 -20"><span class='ocrx_word' id='word_1_410' title='bbox 2279 1859 2442 1930; x_wconf 83' lang='grc' dir='ltr'>προτὲ</span> <span class='ocrx_word' id='word_1_411' title='bbox 2454 1877 2579 1930; x_wconf 88' lang='grc' dir='ltr'>ρους</span> <span class='ocrx_word' id='word_1_412' title='bbox 2608 1859 2772 1931; x_wconf 83' lang='grc' dir='ltr'>μηδὲν</span> <span class='ocrx_word' id='word_1_413' title='bbox 2811 1860 2986 1915; x_wconf 77' lang='grc' dir='ltr'>ὁτιοῦν</span> <span class='ocrx_word' id='word_1_414' title='bbox 3009 1859 3117 1913; x_wconf 88' lang='grc' dir='ltr'><strong>τῶν</strong></span> <span class='ocrx_word' id='word_1_415' title='bbox 3144 1857 3316 1925; x_wconf 77' lang='grc' dir='ltr'>ζώων,</span> <span class='ocrx_word' id='word_1_416' title='bbox 3350 1859 3483 1930; x_wconf 86' lang='grc' dir='ltr'><strong>μηδέ</strong></span> <span class='ocrx_word' id='word_1_417' title='bbox 3510 1859 3712 1930; x_wconf 83' lang='grc' dir='ltr'>θομιᾷν</span> <span class='ocrx_word' id='word_1_418' title='bbox 3740 1861 3864 1923; x_wconf 81' lang='grc' dir='ltr'>τοῖς</span> 
     </span>
    </p>
   </div>
   <div class='ocr_carea' id='block_1_56' title="bbox 2281 1951 3864 2024">
    <p class='ocr_par' dir='ltr' id='par_1_56' title="bbox 2281 1951 3864 2024">
     <span class='ocr_line' id='line_1_57' title="bbox 2281 1951 3864 2024; baseline 0.001 -20"><span class='ocrx_word' id='word_1_419' title='bbox 2281 1951 2443 2015; x_wconf 82' lang='grc' dir='ltr'>θεοῖς,</span> <span class='ocrx_word' id='word_1_420' title='bbox 2470 1952 2582 2005; x_wconf 87' lang='grc' dir='ltr'>ἀλλ’</span> <span class='ocrx_word' id='word_1_421' title='bbox 2612 1952 2747 2024; x_wconf 76' lang='grc' dir='ltr'>ἡλίῳ</span> <span class='ocrx_word' id='word_1_422' title='bbox 2779 1953 2899 2024; x_wconf 87' lang='grc' dir='ltr'>μὲν,</span> <span class='ocrx_word' id='word_1_423' title='bbox 2935 1955 3027 2006; x_wconf 84' lang='grc' dir='ltr'><strong>καί</strong></span> <span class='ocrx_word' id='word_1_424' title='bbox 3065 1957 3176 2017; x_wconf 86' lang='grc' dir='ltr'>τοῖς</span> <span class='ocrx_word' id='word_1_425' title='bbox 3209 1953 3329 2007; x_wconf 78' lang='grc' dir='ltr'>κατ’</span> <span class='ocrx_word' id='word_1_426' title='bbox 3353 1953 3581 2024; x_wconf 83' lang='grc' dir='ltr'>οὐρανὸν</span> <span class='ocrx_word' id='word_1_427' title='bbox 3607 1952 3864 2024; x_wconf 80' lang='grc' dir='ltr'>ἄστροις,</span> 
     </span>
    </p>
   </div>
   <div class='ocr_carea' id='block_1_57' title="bbox 2277 2043 3864 2116">
    <p class='ocr_par' dir='ltr' id='par_1_57' title="bbox 2277 2043 3864 2116">
     <span class='ocr_line' id='line_1_58' title="bbox 2277 2043 3864 2116; baseline 0.001 -22"><span class='ocrx_word' id='word_1_428' title='bbox 2277 2043 2439 2114; x_wconf 83' lang='grc' dir='ltr'>χλόην</span> <span class='ocrx_word' id='word_1_429' title='bbox 2491 2046 2584 2098; x_wconf 80' lang='grc' dir='ltr'><strong>καὶ</strong></span> <span class='ocrx_word' id='word_1_430' title='bbox 2631 2045 2794 2098; x_wconf 88' lang='grc' dir='ltr'>οἱονεί</span> <span class='ocrx_word' id='word_1_431' title='bbox 2848 2061 2972 2098; x_wconf 87' lang='grc' dir='ltr'>τινα</span> <span class='ocrx_word' id='word_1_432' title='bbox 3016 2045 3116 2116; x_wconf 76' lang='grc' dir='ltr'>τῆς</span> <span class='ocrx_word' id='word_1_433' title='bbox 3166 2043 3391 2116; x_wconf 86' lang='grc' dir='ltr'>γονίμου</span> <span class='ocrx_word' id='word_1_434' title='bbox 3431 2043 3644 2114; x_wconf 83' lang='grc' dir='ltr'>φύσεως</span> <span class='ocrx_word' id='word_1_435' title='bbox 3692 2043 3864 2114; x_wconf 80' lang='grc' dir='ltr'>χνοῦν</span> 
     </span>
    </p>
   </div>
   <div class='ocr_carea' id='block_1_58' title="bbox 2277 2135 3866 2208">
    <p class='ocr_par' dir='ltr' id='par_1_58' title="bbox 2277 2135 3866 2208">
     <span class='ocr_line' id='line_1_59' title="bbox 2277 2135 3866 2208; baseline 0.001 -20"><span class='ocrx_word' id='word_1_436' title='bbox 2277 2139 2398 2198; x_wconf 84' lang='grc' dir='ltr'>ταῖς</span> <span class='ocrx_word' id='word_1_437' title='bbox 2429 2137 2614 2207; x_wconf 79' lang='grc' dir='ltr'>χερσὶν</span> <span class='ocrx_word' id='word_1_438' title='bbox 2643 2137 2972 2207; x_wconf 78' lang='grc' dir='ltr'>ἀραμένους,</span> <span class='ocrx_word' id='word_1_439' title='bbox 3003 2137 3138 2190; x_wconf 87' lang='grc' dir='ltr'>πόαν</span> <span class='ocrx_word' id='word_1_440' title='bbox 3164 2153 3223 2189; x_wconf 90' lang='grc' dir='ltr'><strong>τε</strong></span> <span class='ocrx_word' id='word_1_441' title='bbox 3258 2137 3351 2189; x_wconf 74' lang='grc' dir='ltr'><strong>καὶ</strong></span> <span class='ocrx_word' id='word_1_442' title='bbox 3381 2135 3553 2207; x_wconf 84' lang='grc' dir='ltr'>φύλλα</span> <span class='ocrx_word' id='word_1_443' title='bbox 3582 2136 3676 2190; x_wconf 71' lang='grc' dir='ltr'><strong>καὶ</strong></span> <span class='ocrx_word' id='word_1_444' title='bbox 3697 2135 3866 2208; x_wconf 72' lang='grc' dir='ltr'>ῥίζας</span> 
     </span>
    </p>
   </div>
   <div class='ocr_carea' id='block_1_59' title="bbox 541 2227 2170 2303">
    <p class='ocr_par' dir='ltr' id='par_1_59' title="bbox 541 2232 2170 2303">
     <span class='ocr_line' id='line_1_60' title="bbox 541 2232 2170 2303; baseline 0.006 -23"><span class='ocrx_word' id='word_1_445' title='bbox 541 2287 544 2290; x_wconf 25' lang='grc'><strong>,</strong></span> <span class='ocrx_word' id='word_1_446' title='bbox 594 2237 804 2284; x_wconf 70' lang='lat' dir='ltr'><strong>natura:</strong></span> <span class='ocrx_word' id='word_1_447' title='bbox 845 2232 1172 2302; x_wconf 87' lang='lat' dir='ltr'><strong>quisquilias</strong></span> <span class='ocrx_word' id='word_1_448' title='bbox 1217 2235 1470 2290; x_wconf 89' lang='lat' dir='ltr'><strong>manibus</strong></span> <span class='ocrx_word' id='word_1_449' title='bbox 1514 2235 1886 2303; x_wconf 85' lang='lat' dir='ltr'><strong>sustulissent,</strong></span> <span class='ocrx_word' id='word_1_450' title='bbox 1947 2236 2170 2291; x_wconf 89' lang='lat' dir='ltr'><strong>herbam</strong></span> 
     </span>
    </p>
   </div>
   <div class='ocr_carea' id='block_1_60' title="bbox 2274 2227 3864 2303">
    <p class='ocr_par' dir='ltr' id='par_1_60' title="bbox 2275 2227 3864 2300">
     <span class='ocr_line' id='line_1_61' title="bbox 2275 2227 3864 2300; baseline 0.001 -20"><span class='ocrx_word' id='word_1_451' title='bbox 2275 2228 2591 2282; x_wconf 79' lang='grc' dir='ltr'>κατακαίειν</span> <span class='ocrx_word' id='word_1_452' title='bbox 2639 2228 2804 2299; x_wconf 88' lang='grc' dir='ltr'>πυρί·</span> <span class='ocrx_word' id='word_1_453' title='bbox 2853 2231 3042 2300; x_wconf 71' lang='grc' dir='ltr'>πόρρω</span> <span class='ocrx_word' id='word_1_454' title='bbox 3073 2229 3130 2282; x_wconf 79' lang='grc' dir='ltr'><strong>δὲ</strong></span> <span class='ocrx_word' id='word_1_455' title='bbox 3157 2229 3504 2300; x_wconf 78' lang='grc' dir='ltr'>παρανομίας</span> <span class='ocrx_word' id='word_1_456' title='bbox 3532 2227 3864 2292; x_wconf 87' lang='grc' dir='ltr'>ἐλαύνοντας</span> 
     </span>
    </p>
   </div>
   <div class='ocr_carea' id='block_1_61' title="bbox 536 2323 2172 2397">
    <p class='ocr_par' dir='ltr' id='par_1_61' title="bbox 536 2323 2172 2397">
     <span class='ocr_line' id='line_1_62' title="bbox 536 2323 2172 2397; baseline 0.004 -23"><span class='ocrx_word' id='word_1_457' title='bbox 536 2351 543 2362; x_wconf 75' lang='grc' dir='ltr'><strong><em>ο</em></strong></span> <span class='ocrx_word' id='word_1_458' title='bbox 593 2335 720 2374; x_wconf 86' lang='lat' dir='ltr'><strong>cum</strong></span> <span class='ocrx_word' id='word_1_459' title='bbox 751 2323 896 2378; x_wconf 73' lang='lat' dir='ltr'><strong>foliis</strong></span> <span class='ocrx_word' id='word_1_460' title='bbox 945 2335 1002 2378; x_wconf 88' lang='lat' dir='ltr'><strong>et</strong></span> <span class='ocrx_word' id='word_1_461' title='bbox 1045 2325 1324 2380; x_wconf 83' lang='lat' dir='ltr'><strong>radicibus</strong></span> <span class='ocrx_word' id='word_1_462' title='bbox 1359 2325 1470 2397; x_wconf 83' lang='lat' dir='ltr'><strong>igni</strong></span> <span class='ocrx_word' id='word_1_463' title='bbox 1514 2329 1858 2382; x_wconf 87' lang='lat' dir='ltr'><strong>comburere.</strong></span> <span class='ocrx_word' id='word_1_464' title='bbox 1895 2326 2172 2381; x_wconf 90' lang='lat' dir='ltr'><strong>Posterio-</strong></span> 
     </span>
    </p>
   </div>
   <div class='ocr_carea' id='block_1_62' title="bbox 539 2416 2176 2487">
    <p class='ocr_par' dir='ltr' id='par_1_62' title="bbox 539 2416 2176 2487">
     <span class='ocr_line' id='line_1_63' title="bbox 539 2416 2176 2487; baseline 0.005 -22"><span class='ocrx_word' id='word_1_465' title='bbox 539 2464 549 2476; x_wconf 82' lang='grc'><strong>,</strong></span> <span class='ocrx_word' id='word_1_466' title='bbox 591 2427 684 2468; x_wconf 83' lang='lat' dir='ltr'><strong>res</strong></span> <span class='ocrx_word' id='word_1_467' title='bbox 712 2423 896 2468; x_wconf 85' lang='lat' dir='ltr'><strong>autem</strong></span> <span class='ocrx_word' id='word_1_468' title='bbox 923 2416 1174 2472; x_wconf 90' lang='lat' dir='ltr'><strong>homines</strong></span> <span class='ocrx_word' id='word_1_469' title='bbox 1203 2419 1392 2487; x_wconf 88' lang='lat' dir='ltr'><strong>procul</strong></span> <span class='ocrx_word' id='word_1_470' title='bbox 1421 2434 1452 2471; x_wconf 92' lang='lat' dir='ltr'><strong>a</strong></span> <span class='ocrx_word' id='word_1_471' title='bbox 1477 2427 1588 2472; x_wconf 90' lang='lat' dir='ltr'><strong>tam</strong></span> <span class='ocrx_word' id='word_1_472' title='bbox 1621 2427 1771 2474; x_wconf 82' lang='lat' dir='ltr'><strong>recto</strong></span> <span class='ocrx_word' id='word_1_473' title='bbox 1799 2420 2052 2474; x_wconf 89' lang='lat' dir='ltr'><strong>instituto</strong></span> <span class='ocrx_word' id='word_1_474' title='bbox 2079 2419 2176 2474; x_wconf 87' lang='lat' dir='ltr'><strong>ab-</strong></span> 
     </span>
    </p>
   </div>
   <div class='ocr_carea' id='block_1_63' title="bbox 539 2506 2175 2570">
    <p class='ocr_par' dir='ltr' id='par_1_63' title="bbox 539 2506 2175 2570">
     <span class='ocr_line' id='line_1_64' title="bbox 539 2506 2175 2570; baseline 0.005 -12"><span class='ocrx_word' id='word_1_475' title='bbox 539 2539 544 2542; x_wconf 92' lang='lat'><strong>-</strong></span> <span class='ocrx_word' id='word_1_476' title='bbox 589 2513 862 2570; x_wconf 89' lang='lat' dir='ltr'><strong>errantes,</strong></span> <span class='ocrx_word' id='word_1_477' title='bbox 903 2506 1140 2564; x_wconf 63' lang='lat' dir='ltr'><strong>ﬂuitasse</strong></span> <span class='ocrx_word' id='word_1_478' title='bbox 1189 2524 1316 2564; x_wconf 89' lang='lat' dir='ltr'><strong>aras</strong></span> <span class='ocrx_word' id='word_1_479' title='bbox 1350 2511 1670 2564; x_wconf 85' lang='lat' dir='ltr'><strong>animalium</strong></span> <span class='ocrx_word' id='word_1_480' title='bbox 1707 2511 1968 2566; x_wconf 67' lang='lat' dir='ltr'><strong>cazdibus.</strong></span> <span class='ocrx_word' id='word_1_481' title='bbox 2000 2509 2175 2566; x_wconf 88' lang='lat' dir='ltr'><strong>Porro</strong></span> 
     </span>
    </p>
   </div>
   <div class='ocr_carea' id='block_1_64' title="bbox 536 2598 2179 2674">
    <p class='ocr_par' dir='ltr' id='par_1_64' title="bbox 536 2598 2179 2674">
     <span class='ocr_line' id='line_1_65' title="bbox 536 2598 2179 2674; baseline 0.005 -22"><span class='ocrx_word' id='word_1_482' title='bbox 536 2629 548 2652; x_wconf 84' lang='grc' dir='ltr'>ι</span> <span class='ocrx_word' id='word_1_483' title='bbox 591 2598 698 2652; x_wconf 85' lang='lat' dir='ltr'><strong>hoc</strong></span> <span class='ocrx_word' id='word_1_484' title='bbox 723 2613 848 2654; x_wconf 87' lang='lat' dir='ltr'><strong>esse</strong></span> <span class='ocrx_word' id='word_1_485' title='bbox 873 2600 1098 2669; x_wconf 82' lang='lat' dir='ltr'><strong>impium</strong></span> <span class='ocrx_word' id='word_1_486' title='bbox 1122 2611 1176 2656; x_wconf 90' lang='lat' dir='ltr'><strong>et</strong></span> <span class='ocrx_word' id='word_1_487' title='bbox 1198 2603 1484 2672; x_wconf 88' lang='lat' dir='ltr'><strong>iujustum,</strong></span> <span class='ocrx_word' id='word_1_488' title='bbox 1515 2613 1570 2660; x_wconf 92' lang='lat' dir='ltr'><strong>et</strong></span> <span class='ocrx_word' id='word_1_489' title='bbox 1591 2621 1861 2674; x_wconf 89' lang='lat' dir='ltr'><strong>nusquam</strong></span> <span class='ocrx_word' id='word_1_490' title='bbox 1886 2604 1998 2660; x_wconf 89' lang='lat' dir='ltr'><strong>Deo</strong></span> <span class='ocrx_word' id='word_1_491' title='bbox 2027 2621 2179 2660; x_wconf 86' lang='lat' dir='ltr'><strong>acce-</strong></span> 
     </span>
    </p>
   </div>
   <div class='ocr_carea' id='block_1_65' title="bbox 537 2693 2176 2756">
    <p class='ocr_par' dir='ltr' id='par_1_65' title="bbox 537 2693 2176 2756">
     <span class='ocr_line' id='line_1_66' title="bbox 537 2693 2176 2756; baseline 0.01 -18"><span class='ocrx_word' id='word_1_492' title='bbox 537 2730 548 2738; x_wconf 90' lang='lat'><strong>.</strong></span> <span class='ocrx_word' id='word_1_493' title='bbox 591 2698 744 2756; x_wconf 87' lang='lat' dir='ltr'><strong>ptum</strong></span> <span class='ocrx_word' id='word_1_494' title='bbox 780 2693 1132 2748; x_wconf 86' lang='lat' dir='ltr'><strong>sacriﬁcium.</strong></span> <span class='ocrx_word' id='word_1_495' title='bbox 1167 2694 1300 2748; x_wconf 88' lang='lat' dir='ltr'><strong>Nam</strong></span> <span class='ocrx_word' id='word_1_496' title='bbox 1341 2697 1629 2752; x_wconf 90' lang='lat' dir='ltr'><strong>brutorum</strong></span> <span class='ocrx_word' id='word_1_497' title='bbox 1671 2698 1908 2751; x_wconf 88' lang='lat' dir='ltr'><strong>animam</strong></span> <span class='ocrx_word' id='word_1_498' title='bbox 1940 2699 2074 2752; x_wconf 84' lang='lat' dir='ltr'><strong>nihil</strong></span> <span class='ocrx_word' id='word_1_499' title='bbox 2106 2700 2176 2754; x_wconf 86' lang='lat' dir='ltr'><strong>ab</strong></span> 
     </span>
    </p>
   </div>
   <div class='ocr_carea' id='block_1_66' title="bbox 539 2782 2174 2860">
    <p class='ocr_par' dir='ltr' id='par_1_66' title="bbox 539 2782 2174 2860">
     <span class='ocr_line' id='line_1_67' title="bbox 539 2782 2174 2860; baseline 0.009 -28"><span class='ocrx_word' id='word_1_500' title='bbox 539 2833 549 2842; x_wconf 69' lang='grc'><strong>,</strong></span> <span class='ocrx_word' id='word_1_501' title='bbox 593 2782 874 2836; x_wconf 87' lang='lat' dir='ltr'><strong>hominum</strong></span> <span class='ocrx_word' id='word_1_502' title='bbox 895 2786 1146 2840; x_wconf 84' lang='lat' dir='ltr'><strong>rationali</strong></span> <span class='ocrx_word' id='word_1_503' title='bbox 1169 2789 1348 2840; x_wconf 90' lang='lat' dir='ltr'><strong>anima</strong></span> <span class='ocrx_word' id='word_1_504' title='bbox 1371 2788 1606 2844; x_wconf 68' lang='lat' dir='ltr'><strong>diﬂ‘erre.</strong></span> <span class='ocrx_word' id='word_1_505' title='bbox 1635 2792 1976 2860; x_wconf 77' lang='lat' dir='ltr'><strong>Quapropter</strong></span> <span class='ocrx_word' id='word_1_506' title='bbox 2009 2791 2174 2846; x_wconf 56' lang='lat' dir='ltr'><strong>caedis</strong></span> 
     </span>
    </p>
   </div>
   <div class='ocr_carea' id='block_1_67' title="bbox 535 2875 2170 2950">
    <p class='ocr_par' dir='ltr' id='par_1_67' title="bbox 535 2875 2170 2950">
     <span class='ocr_line' id='line_1_68' title="bbox 535 2875 2170 2950; baseline 0.007 -25"><span class='ocrx_word' id='word_1_507' title='bbox 535 2911 544 2930; x_wconf 57' lang='grc' dir='ltr'>ε</span> <span class='ocrx_word' id='word_1_508' title='bbox 591 2875 938 2932; x_wconf 81' lang='lat' dir='ltr'><strong>accusandos</strong></span> <span class='ocrx_word' id='word_1_509' title='bbox 981 2893 1106 2932; x_wconf 85' lang='lat' dir='ltr'><strong>esse</strong></span> <span class='ocrx_word' id='word_1_510' title='bbox 1147 2894 1266 2940; x_wconf 90' lang='lat' dir='ltr'><strong>eos,</strong></span> <span class='ocrx_word' id='word_1_511' title='bbox 1311 2882 1403 2950; x_wconf 91' lang='lat' dir='ltr'><strong>qui</strong></span> <span class='ocrx_word' id='word_1_512' title='bbox 1459 2881 1718 2936; x_wconf 85' lang='lat' dir='ltr'><strong>animalia</strong></span> <span class='ocrx_word' id='word_1_513' title='bbox 1773 2883 2170 2944; x_wconf 84' lang='lat' dir='ltr'><strong>sacriﬁcarent,</strong></span> 
     </span>
    </p>
   </div>
   <div class='ocr_carea' id='block_1_68' title="bbox 2277 2321 3864 2394">
    <p class='ocr_par' dir='ltr' id='par_1_68' title="bbox 2277 2321 3864 2394">
     <span class='ocr_line' id='line_1_69' title="bbox 2277 2321 3864 2394; baseline 0.001 -20"><span class='ocrx_word' id='word_1_514' title='bbox 2277 2322 2402 2384; x_wconf 82' lang='grc' dir='ltr'>τοὺς</span> <span class='ocrx_word' id='word_1_515' title='bbox 2439 2321 2575 2392; x_wconf 86' lang='grc' dir='ltr'><strong>μετά</strong></span> <span class='ocrx_word' id='word_1_516' title='bbox 2611 2321 2782 2376; x_wconf 76' lang='grc' dir='ltr'>ταῦτα</span> <span class='ocrx_word' id='word_1_517' title='bbox 2815 2321 3160 2392; x_wconf 85' lang='grc' dir='ltr'>ἀνθρώπους,</span> <span class='ocrx_word' id='word_1_518' title='bbox 3205 2322 3434 2393; x_wconf 79' lang='grc' dir='ltr'>αἱμάξαι</span> <span class='ocrx_word' id='word_1_519' title='bbox 3465 2323 3592 2386; x_wconf 78' lang='grc' dir='ltr'>τοὺς</span> <span class='ocrx_word' id='word_1_520' title='bbox 3636 2322 3864 2394; x_wconf 72' lang='grc' dir='ltr'>βωμοὺς</span> 
     </span>
    </p>
   </div>
   <div class='ocr_carea' id='block_1_69' title="bbox 2278 2411 3864 2486">
    <p class='ocr_par' dir='ltr' id='par_1_69' title="bbox 2278 2411 3864 2486">
     <span class='ocr_line' id='line_1_70' title="bbox 2278 2411 3864 2486; baseline 0.003 -22"><span class='ocrx_word' id='word_1_521' title='bbox 2278 2413 2433 2478; x_wconf 78' lang='grc' dir='ltr'>ζώων</span> <span class='ocrx_word' id='word_1_522' title='bbox 2491 2417 2730 2484; x_wconf 78' lang='grc' dir='ltr'>σφαγαῖς</span> <span class='ocrx_word' id='word_1_523' title='bbox 2776 2415 2872 2486; x_wconf 80' lang='grc'><strong>(1).</strong></span> <span class='ocrx_word' id='word_1_524' title='bbox 2927 2411 3079 2470; x_wconf 80' lang='grc' dir='ltr'>Εἶναι</span> <span class='ocrx_word' id='word_1_525' title='bbox 3123 2415 3182 2468; x_wconf 77' lang='grc' dir='ltr'>δὲ</span> <span class='ocrx_word' id='word_1_526' title='bbox 3231 2413 3435 2484; x_wconf 82' lang='grc' dir='ltr'>ταύτην</span> <span class='ocrx_word' id='word_1_527' title='bbox 3477 2413 3714 2480; x_wconf 84' lang='grc' dir='ltr'>ἀνόσιον,</span> <span class='ocrx_word' id='word_1_528' title='bbox 3757 2414 3864 2468; x_wconf 83' lang='grc' dir='ltr'>καὶ</span> 
     </span>
    </p>
   </div>
   <div class='ocr_carea' id='block_1_70' title="bbox 2277 2505 3862 2580">
    <p class='ocr_par' dir='ltr' id='par_1_70' title="bbox 2277 2505 3862 2580">
     <span class='ocr_line' id='line_1_71' title="bbox 2277 2505 3862 2580; baseline -0.002 -18"><span class='ocrx_word' id='word_1_529' title='bbox 2277 2507 2480 2574; x_wconf 83' lang='grc' dir='ltr'>ἄδικον,</span> <span class='ocrx_word' id='word_1_530' title='bbox 2501 2509 2592 2564; x_wconf 73' lang='grc' dir='ltr'>καὶ</span> <span class='ocrx_word' id='word_1_531' title='bbox 2613 2508 2862 2579; x_wconf 79' lang='grc' dir='ltr'>οὐδαμῶς</span> <span class='ocrx_word' id='word_1_532' title='bbox 2885 2509 3003 2580; x_wconf 82' lang='grc' dir='ltr'>Θεῷ</span> <span class='ocrx_word' id='word_1_533' title='bbox 3024 2508 3292 2579; x_wconf 83' lang='grc' dir='ltr'>προσφιλῆ</span> <span class='ocrx_word' id='word_1_534' title='bbox 3317 2507 3524 2562; x_wconf 83' lang='grc' dir='ltr'>θυσίαν.</span> <span class='ocrx_word' id='word_1_535' title='bbox 3539 2507 3722 2578; x_wconf 80' lang='grc' dir='ltr'>Μηδὲν</span> <span class='ocrx_word' id='word_1_536' title='bbox 3741 2505 3862 2579; x_wconf 79' lang='grc' dir='ltr'>γὰρ</span> 
     </span>
    </p>
   </div>
   <div class='ocr_carea' id='block_1_71' title="bbox 2276 2599 3862 2674">
    <p class='ocr_par' dir='ltr' id='par_1_71' title="bbox 2276 2599 3862 2674">
     <span class='ocr_line' id='line_1_72' title="bbox 2276 2599 3862 2674; baseline -0.001 -18"><span class='ocrx_word' id='word_1_537' title='bbox 2276 2603 2374 2674; x_wconf 83' lang='grc' dir='ltr'>τῆς</span> <span class='ocrx_word' id='word_1_538' title='bbox 2409 2603 2514 2656; x_wconf 92' lang='grc' dir='ltr'><strong>τῶν</strong></span> <span class='ocrx_word' id='word_1_539' title='bbox 2545 2600 2847 2674; x_wconf 84' lang='grc' dir='ltr'>ἀνθρώπων</span> <span class='ocrx_word' id='word_1_540' title='bbox 2897 2603 3116 2673; x_wconf 81' lang='grc' dir='ltr'>λογικῆς</span> <span class='ocrx_word' id='word_1_541' title='bbox 3157 2601 3334 2672; x_wconf 74' lang='grc' dir='ltr'>ψυχῆς</span> <span class='ocrx_word' id='word_1_542' title='bbox 3365 2601 3465 2672; x_wconf 73' lang='grc' dir='ltr'><strong>τὴν</strong></span> <span class='ocrx_word' id='word_1_543' title='bbox 3489 2600 3595 2654; x_wconf 91' lang='grc' dir='ltr'><strong>τῶν</strong></span> <span class='ocrx_word' id='word_1_544' title='bbox 3641 2599 3862 2669; x_wconf 81' lang='grc' dir='ltr'>ἀλόγων</span> 
     </span>
    </p>
   </div>
   <div class='ocr_carea' id='block_1_72' title="bbox 2275 2689 3862 2767">
    <p class='ocr_par' dir='ltr' id='par_1_72' title="bbox 2275 2689 3862 2767">
     <span class='ocr_line' id='line_1_73' title="bbox 2275 2689 3862 2767; baseline -0.003 -19"><span class='ocrx_word' id='word_1_545' title='bbox 2275 2695 2578 2767; x_wconf 62' lang='grc' dir='ltr'>διαφέρειν</span> <span class='ocrx_word' id='word_1_546' title='bbox 2634 2695 2716 2748; x_wconf 86' lang='grc' dir='ltr'>διὸ</span> <span class='ocrx_word' id='word_1_547' title='bbox 2757 2695 2849 2749; x_wconf 76' lang='grc' dir='ltr'><strong>καὶ</strong></span> <span class='ocrx_word' id='word_1_548' title='bbox 2896 2695 3056 2764; x_wconf 89' lang='grc' dir='ltr'>φόνου</span> <span class='ocrx_word' id='word_1_549' title='bbox 3087 2693 3238 2766; x_wconf 82' lang='grc' dir='ltr'>δίκην</span> <span class='ocrx_word' id='word_1_550' title='bbox 3271 2691 3492 2762; x_wconf 77' lang='grc' dir='ltr'>ὑπέχειν</span> <span class='ocrx_word' id='word_1_551' title='bbox 3533 2689 3678 2756; x_wconf 77' lang='grc' dir='ltr'>ἀξιον</span> <span class='ocrx_word' id='word_1_552' title='bbox 3725 2691 3862 2754; x_wconf 80' lang='grc' dir='ltr'>τοὺς</span> 
     </span>
    </p>
   </div>
   <div class='ocr_carea' id='block_1_73' title="bbox 2278 2781 3862 2856">
    <p class='ocr_par' dir='ltr' id='par_1_73' title="bbox 2278 2781 3862 2856">
     <span class='ocr_line' id='line_1_74' title="bbox 2278 2781 3862 2856; baseline -0.003 -16"><span class='ocrx_word' id='word_1_553' title='bbox 2278 2785 2682 2852; x_wconf 81' lang='grc' dir='ltr'>ζωοθυτοῦντας</span> <span class='ocrx_word' id='word_1_554' title='bbox 2726 2787 2982 2856; x_wconf 81' lang='grc' dir='ltr'>ἔφασκον,</span> <span class='ocrx_word' id='word_1_555' title='bbox 3031 2786 3106 2849; x_wconf 83' lang='grc' dir='ltr'>ὡς</span> <span class='ocrx_word' id='word_1_556' title='bbox 3149 2784 3251 2855; x_wconf 78' lang='grc' dir='ltr'>τῆς</span> <span class='ocrx_word' id='word_1_557' title='bbox 3303 2785 3470 2855; x_wconf 80' lang='grc' dir='ltr'>αὐτῆς</span> <span class='ocrx_word' id='word_1_558' title='bbox 3527 2785 3620 2837; x_wconf 79' lang='grc' dir='ltr'><strong>καὶ</strong></span> <span class='ocrx_word' id='word_1_559' title='bbox 3659 2781 3862 2853; x_wconf 81' lang='grc' dir='ltr'>ὁμοίας</span> 
     </span>
    </p>
   </div>
   <div class='ocr_carea' id='block_1_74' title="bbox 2276 2873 3860 2950">
    <p class='ocr_par' dir='ltr' id='par_1_74' title="bbox 2276 2873 3860 2950">
     <span class='ocr_line' id='line_1_75' title="bbox 2276 2873 3860 2950; baseline -0.002 -19"><span class='ocrx_word' id='word_1_560' title='bbox 2276 2879 2332 2932; x_wconf 85' lang='grc' dir='ltr'>ἔν</span> <span class='ocrx_word' id='word_1_561' title='bbox 2359 2896 2415 2931; x_wconf 90' lang='grc' dir='ltr'><strong>τε</strong></span> <span class='ocrx_word' id='word_1_562' title='bbox 2449 2878 2544 2932; x_wconf 90' lang='grc' dir='ltr'><strong>ἀνθ</strong></span> <span class='ocrx_word' id='word_1_563' title='bbox 2555 2878 2722 2950; x_wconf 90' lang='grc' dir='ltr'>ρώπῳ</span> <span class='ocrx_word' id='word_1_564' title='bbox 2757 2878 2851 2931; x_wconf 82' lang='grc' dir='ltr'>καὶ</span> <span class='ocrx_word' id='word_1_565' title='bbox 2883 2879 2939 2932; x_wconf 85' lang='grc' dir='ltr'><strong>ἐν</strong></span> <span class='ocrx_word' id='word_1_566' title='bbox 2961 2877 3037 2948; x_wconf 83' lang='grc' dir='ltr'>τῷ</span> <span class='ocrx_word' id='word_1_567' title='bbox 3063 2877 3242 2947; x_wconf 83' lang='grc' dir='ltr'>ἀλόγῳ</span> <span class='ocrx_word' id='word_1_568' title='bbox 3267 2873 3390 2946; x_wconf 74' lang='grc' dir='ltr'>ζώῳ</span> <span class='ocrx_word' id='word_1_569' title='bbox 3409 2875 3586 2946; x_wconf 73' lang='grc' dir='ltr'>ψυχῆς</span> <span class='ocrx_word' id='word_1_570' title='bbox 3613 2878 3860 2945; x_wconf 81' lang='grc' dir='ltr'>ἐνυπαρ-</span> 
     </span>
    </p>
   </div>
   <div class='ocr_carea' id='block_1_75' title="bbox 2275 2967 3856 3044">
    <p class='ocr_par' dir='ltr' id='par_1_75' title="bbox 2275 2967 3856 3044">
     <span class='ocr_line' id='line_1_76' title="bbox 2275 2967 3856 3044; baseline -0.003 -20"><span class='ocrx_word' id='word_1_571' title='bbox 2275 2972 2493 3044; x_wconf 84' lang='grc' dir='ltr'>χούσης.</span> <span class='ocrx_word' id='word_1_572' title='bbox 2544 2970 2682 3024; x_wconf 84' lang='grc' dir='ltr'>Ἀλλ’</span> <span class='ocrx_word' id='word_1_573' title='bbox 2731 2969 2761 3022; x_wconf 84' lang='grc' dir='ltr'><strong>ὁ</strong></span> <span class='ocrx_word' id='word_1_574' title='bbox 2803 2971 2900 3040; x_wconf 82' lang='grc' dir='ltr'>μὲν</span> <span class='ocrx_word' id='word_1_575' title='bbox 2949 2971 3059 3024; x_wconf 87' lang='grc' dir='ltr'><strong>τῶν</strong></span> <span class='ocrx_word' id='word_1_576' title='bbox 3107 2970 3376 3040; x_wconf 83' lang='grc' dir='ltr'>Ἑλλήνων</span> <span class='ocrx_word' id='word_1_577' title='bbox 3423 2971 3552 3044; x_wconf 76' lang='grc' dir='ltr'>περὶ</span> <span class='ocrx_word' id='word_1_578' title='bbox 3589 2967 3698 3022; x_wconf 87' lang='grc' dir='ltr'><strong>τῶν</strong></span> <span class='ocrx_word' id='word_1_579' title='bbox 3741 2986 3856 3021; x_wconf 89' lang='grc' dir='ltr'>πα-</span> 
     </span>
    </p>
   </div>
   <div class='ocr_carea' id='block_1_76' title="bbox 2275 3057 3854 3134">
    <p class='ocr_par' dir='ltr' id='par_1_76' title="bbox 2275 3057 3854 3134">
     <span class='ocr_line' id='line_1_77' title="bbox 2275 3057 3854 3134; baseline 0.001 -20"><span class='ocrx_word' id='word_1_580' title='bbox 2275 3063 2440 3116; x_wconf 88' lang='grc' dir='ltr'>λαιῶν</span> <span class='ocrx_word' id='word_1_581' title='bbox 2481 3063 2639 3130; x_wconf 86' lang='grc' dir='ltr'>λόγος</span> <span class='ocrx_word' id='word_1_582' title='bbox 2677 3061 2885 3114; x_wconf 86' lang='grc' dir='ltr'>τοιόσδε</span> <span class='ocrx_word' id='word_1_583' title='bbox 2919 3079 3000 3125; x_wconf 89' lang='grc' dir='ltr'><strong>τις</strong></span> <span class='ocrx_word' id='word_1_584' title='bbox 3039 3057 3107 3134; x_wconf 77' lang='grc' dir='ltr'>ἦν</span> <span class='ocrx_word' id='word_1_585' title='bbox 3130 3078 3145 3091; x_wconf 82' lang='grc'><em>’</em></span> <span class='ocrx_word' id='word_1_586' title='bbox 3188 3063 3217 3114; x_wconf 88' lang='grc' dir='ltr'><strong>ό</strong></span> <span class='ocrx_word' id='word_1_587' title='bbox 3253 3061 3309 3114; x_wconf 80' lang='grc' dir='ltr'>δέ</span> <span class='ocrx_word' id='word_1_588' title='bbox 3335 3078 3402 3131; x_wconf 86' lang='grc' dir='ltr'><strong>γε</strong></span> <span class='ocrx_word' id='word_1_589' title='bbox 3441 3061 3540 3133; x_wconf 87' lang='grc' dir='ltr'>τῆς</span> <span class='ocrx_word' id='word_1_590' title='bbox 3581 3059 3854 3132; x_wconf 80' lang='grc' dir='ltr'>Ἐϐραίων</span> 
     </span>
    </p>
   </div>
   <div class='ocr_carea' id='block_1_77' title="bbox 2275 3149 3858 3227">
    <p class='ocr_par' dir='ltr' id='par_1_77' title="bbox 2275 3149 3858 3227">
     <span class='ocr_line' id='line_1_78' title="bbox 2275 3149 3858 3227; baseline -0.003 -19"><span class='ocrx_word' id='word_1_591' title='bbox 2275 3155 2495 3227; x_wconf 82' lang='grc' dir='ltr'>Γραφῆς</span> <span class='ocrx_word' id='word_1_592' title='bbox 2536 3155 2597 3206; x_wconf 83' lang='grc' dir='ltr'><strong>οὐ</strong></span> <span class='ocrx_word' id='word_1_593' title='bbox 2645 3153 2902 3216; x_wconf 83' lang='grc' dir='ltr'>τοιοῦτος.</span> <span class='ocrx_word' id='word_1_594' title='bbox 2958 3153 3096 3215; x_wconf 78' lang='grc' dir='ltr'>Τοὺς</span> <span class='ocrx_word' id='word_1_595' title='bbox 3123 3153 3232 3224; x_wconf 83' lang='grc' dir='ltr'>γάρ</span> <span class='ocrx_word' id='word_1_596' title='bbox 3275 3170 3357 3206; x_wconf 91' lang='grc' dir='ltr'><strong>τοι</strong></span> <span class='ocrx_word' id='word_1_597' title='bbox 3399 3151 3646 3224; x_wconf 87' lang='grc' dir='ltr'>πρώτους</span> <span class='ocrx_word' id='word_1_598' title='bbox 3686 3149 3858 3214; x_wconf 77' lang='grc' dir='ltr'>εὐθὺς</span> 
     </span>
    </p>
   </div>
   <div class='ocr_carea' id='block_1_78' title="bbox 2274 3243 3855 3319">
    <p class='ocr_par' dir='ltr' id='par_1_78' title="bbox 2274 3243 3855 3319">
     <span class='ocr_line' id='line_1_79' title="bbox 2274 3243 3855 3319; baseline -0.003 -19"><span class='ocrx_word' id='word_1_599' title='bbox 2274 3247 2596 3319; x_wconf 80' lang='grc' dir='ltr'>γενομένους</span> <span class='ocrx_word' id='word_1_600' title='bbox 2631 3244 2952 3318; x_wconf 85' lang='grc' dir='ltr'>ἀνθρώπους</span> <span class='ocrx_word' id='word_1_601' title='bbox 2999 3244 3113 3316; x_wconf 75' lang='grc' dir='ltr'>ἅμα</span> <span class='ocrx_word' id='word_1_602' title='bbox 3134 3247 3200 3316; x_wconf 78' lang='grc' dir='ltr'>τῇ</span> <span class='ocrx_word' id='word_1_603' title='bbox 3233 3244 3422 3318; x_wconf 77' lang='grc' dir='ltr'>πρώτῃ</span> <span class='ocrx_word' id='word_1_604' title='bbox 3451 3245 3706 3298; x_wconf 83' lang='grc' dir='ltr'>συστάσει</span> <span class='ocrx_word' id='word_1_605' title='bbox 3755 3243 3855 3298; x_wconf 75' lang='grc' dir='ltr'>τοῦ</span> 
     </span>
    </p>
   </div>
   <div class='ocr_carea' id='block_1_79' title="bbox 2277 3336 3854 3412">
    <p class='ocr_par' dir='ltr' id='par_1_79' title="bbox 2277 3336 3854 3412">
     <span class='ocr_line' id='line_1_80' title="bbox 2277 3336 3854 3412; baseline -0.003 -20"><span class='ocrx_word' id='word_1_606' title='bbox 2277 3341 2393 3412; x_wconf 78' lang='grc' dir='ltr'>βίου</span> <span class='ocrx_word' id='word_1_607' title='bbox 2422 3340 2632 3403; x_wconf 83' lang='grc' dir='ltr'>θυσίαις</span> <span class='ocrx_word' id='word_1_608' title='bbox 2655 3342 2772 3402; x_wconf 89' lang='grc' dir='ltr'>ταῖς</span> <span class='ocrx_word' id='word_1_609' title='bbox 2795 3337 2902 3391; x_wconf 85' lang='grc' dir='ltr'><strong>ἀπὸ</strong></span> <span class='ocrx_word' id='word_1_610' title='bbox 2927 3336 3080 3401; x_wconf 76' lang='grc' dir='ltr'>ζώων</span> <span class='ocrx_word' id='word_1_611' title='bbox 3110 3337 3334 3408; x_wconf 83' lang='grc' dir='ltr'>τιμῆσαι</span> <span class='ocrx_word' id='word_1_612' title='bbox 3361 3337 3420 3388; x_wconf 85' lang='grc' dir='ltr'><strong>τὸ</strong></span> <span class='ocrx_word' id='word_1_613' title='bbox 3444 3337 3596 3390; x_wconf 83' lang='grc' dir='ltr'>Θεῖον</span> <span class='ocrx_word' id='word_1_614' title='bbox 3625 3337 3854 3408; x_wconf 76' lang='grc' dir='ltr'>ἱστορεῖ.</span> 
     </span>
    </p>
   </div>
   <div class='ocr_carea' id='block_1_80' title="bbox 2273 3427 3858 3500">
    <p class='ocr_par' dir='ltr' id='par_1_80' title="bbox 2273 3427 3858 3500">
     <span class='ocr_line' id='line_1_81' title="bbox 2273 3427 3858 3500; baseline -0.004 -14"><span class='ocrx_word' id='word_1_615' title='bbox 2273 3433 2438 3500; x_wconf 80' lang='grc' dir='ltr'>Λέγει</span> <span class='ocrx_word' id='word_1_616' title='bbox 2480 3432 2524 3486; x_wconf 77' lang='grc' dir='ltr'>δ’</span> <span class='ocrx_word' id='word_1_617' title='bbox 2570 3429 2684 3487; x_wconf 78' lang='grc' dir='ltr'>οὖν’</span> <span class='ocrx_word' id='word_1_618' title='bbox 2737 3453 2758 3484; x_wconf 73' lang='grc' dir='ltr'><strong>ι</strong></span> <span class='ocrx_word' id='word_1_619' title='bbox 2783 3433 2895 3487; x_wconf 77' lang='grc' dir='ltr'><strong>Καὶ</strong></span> <span class='ocrx_word' id='word_1_620' title='bbox 2945 3430 3160 3499; x_wconf 81' lang='grc' dir='ltr'>ἐγένετο</span> <span class='ocrx_word' id='word_1_621' title='bbox 3196 3428 3314 3500; x_wconf 88' lang='grc' dir='ltr'>μεθ’</span> <span class='ocrx_word' id='word_1_622' title='bbox 3352 3427 3600 3500; x_wconf 77' lang='grc' dir='ltr'>ἡμέρας,</span> <span class='ocrx_word' id='word_1_623' title='bbox 3649 3429 3858 3500; x_wconf 63' lang='grc' dir='ltr'>ἤνεγκε</span> 
     </span>
    </p>
   </div>
   <div class='ocr_carea' id='block_1_81' title="bbox 2205 3518 3852 3596">
    <p class='ocr_par' dir='ltr' id='par_1_81' title="bbox 2205 3518 3852 3596">
     <span class='ocr_line' id='line_1_82' title="bbox 2205 3518 3852 3596; baseline -0.006 -16"><span class='ocrx_word' id='word_1_624' title='bbox 2205 3519 2239 3596; x_wconf 25' lang='grc' dir='ltr'><strong>ς</strong></span> <span class='ocrx_word' id='word_1_625' title='bbox 2274 3527 2414 3580; x_wconf 85' lang='grc' dir='ltr'><strong>Κάῖν</strong></span> <span class='ocrx_word' id='word_1_626' title='bbox 2451 3527 2559 3578; x_wconf 89' lang='grc' dir='ltr'><strong>ἀπὸ</strong></span> <span class='ocrx_word' id='word_1_627' title='bbox 2598 3524 2707 3578; x_wconf 89' lang='grc' dir='ltr'><strong>τῶν</strong></span> <span class='ocrx_word' id='word_1_628' title='bbox 2747 3523 2976 3596; x_wconf 82' lang='grc' dir='ltr'>καρπῶν</span> <span class='ocrx_word' id='word_1_629' title='bbox 3017 3524 3114 3590; x_wconf 79' lang='grc' dir='ltr'>τῆς</span> <span class='ocrx_word' id='word_1_630' title='bbox 3150 3523 3253 3592; x_wconf 83' lang='grc' dir='ltr'><strong>γῆς</strong></span> <span class='ocrx_word' id='word_1_631' title='bbox 3298 3521 3489 3576; x_wconf 86' lang='grc' dir='ltr'>θυσίαν</span> <span class='ocrx_word' id='word_1_632' title='bbox 3523 3519 3602 3590; x_wconf 84' lang='grc' dir='ltr'><strong>τῷ</strong></span> <span class='ocrx_word' id='word_1_633' title='bbox 3633 3518 3852 3591; x_wconf 80' lang='grc' dir='ltr'>Κυρίῳ·</span> 
     </span>
    </p>
   </div>
   <div class='ocr_carea' id='block_1_82' title="bbox 2200 3585 3858 3685">
    <p class='ocr_par' dir='ltr' id='par_1_82' title="bbox 2200 3585 3858 3685">
     <span class='ocr_line' id='line_1_83' title="bbox 2200 3585 3858 3685; baseline -0.002 -17"><span class='ocrx_word' id='word_1_634' title='bbox 2200 3585 2243 3644; x_wconf 81' lang='lat' dir='ltr'><strong><em>C</em></strong></span> <span class='ocrx_word' id='word_1_635' title='bbox 2275 3617 2370 3668; x_wconf 76' lang='grc' dir='ltr'><strong>καὶ</strong></span> <span class='ocrx_word' id='word_1_636' title='bbox 2403 3613 2571 3668; x_wconf 73' lang='grc' dir='ltr'>Ἅϐελ</span> <span class='ocrx_word' id='word_1_637' title='bbox 2608 3615 2806 3685; x_wconf 68' lang='grc' dir='ltr'>ἤνεγκε</span> <span class='ocrx_word' id='word_1_638' title='bbox 2851 3615 2947 3666; x_wconf 76' lang='grc' dir='ltr'>καὶ</span> <span class='ocrx_word' id='word_1_639' title='bbox 2994 3612 3156 3674; x_wconf 79' lang='grc' dir='ltr'>αὐτὸς</span> <span class='ocrx_word' id='word_1_640' title='bbox 3203 3611 3310 3664; x_wconf 85' lang='grc' dir='ltr'><strong>ἀπὸ</strong></span> <span class='ocrx_word' id='word_1_641' title='bbox 3349 3611 3458 3664; x_wconf 90' lang='grc' dir='ltr'><strong>τῶν</strong></span> <span class='ocrx_word' id='word_1_642' title='bbox 3492 3607 3858 3681; x_wconf 76' lang='grc' dir='ltr'>πρωτοτόκων</span> 
     </span>
    </p>
   </div>
   <div class='ocr_carea' id='block_1_83' title="bbox 2271 3699 3859 3780">
    <p class='ocr_par' dir='ltr' id='par_1_83' title="bbox 2271 3699 3859 3780">
     <span class='ocr_line' id='line_1_84' title="bbox 2271 3699 3859 3780; baseline -0.005 -18"><span class='ocrx_word' id='word_1_643' title='bbox 2271 3708 2380 3762; x_wconf 89' lang='grc' dir='ltr'><strong>τῶν</strong></span> <span class='ocrx_word' id='word_1_644' title='bbox 2412 3707 2700 3780; x_wconf 80' lang='grc' dir='ltr'>προϐάτων</span> <span class='ocrx_word' id='word_1_645' title='bbox 2729 3705 2913 3759; x_wconf 79' lang='grc' dir='ltr'>αὐτοῦ.</span> <span class='ocrx_word' id='word_1_646' title='bbox 2961 3705 3072 3759; x_wconf 73' lang='grc' dir='ltr'><strong>Καὶ</strong></span> <span class='ocrx_word' id='word_1_647' title='bbox 3101 3705 3310 3759; x_wconf 77' lang='grc' dir='ltr'>ἐπεῖδεν</span> <span class='ocrx_word' id='word_1_648' title='bbox 3341 3706 3370 3756; x_wconf 86' lang='grc' dir='ltr'>ὁ</span> <span class='ocrx_word' id='word_1_649' title='bbox 3399 3702 3532 3765; x_wconf 76' lang='grc' dir='ltr'>Θεὸς</span> <span class='ocrx_word' id='word_1_650' title='bbox 3569 3703 3660 3754; x_wconf 77' lang='grc' dir='ltr'>ἐπὶ</span> <span class='ocrx_word' id='word_1_651' title='bbox 3687 3699 3859 3754; x_wconf 76' lang='grc' dir='ltr'>Ἅϐελ</span> 
     </span>
    </p>
   </div>
   <div class='ocr_carea' id='block_1_84' title="bbox 2274 3793 3858 3868">
    <p class='ocr_par' dir='ltr' id='par_1_84' title="bbox 2274 3793 3858 3868">
     <span class='ocr_line' id='line_1_85' title="bbox 2274 3793 3858 3868; baseline -0.006 -15"><span class='ocrx_word' id='word_1_652' title='bbox 2274 3803 2368 3854; x_wconf 76' lang='grc' dir='ltr'>καὶ</span> <span class='ocrx_word' id='word_1_653' title='bbox 2410 3801 2502 3853; x_wconf 76' lang='grc' dir='ltr'><strong>ἐπὶ</strong></span> <span class='ocrx_word' id='word_1_654' title='bbox 2542 3801 2656 3862; x_wconf 85' lang='grc' dir='ltr'>τοῖς</span> <span class='ocrx_word' id='word_1_655' title='bbox 2691 3797 2884 3868; x_wconf 87' lang='grc' dir='ltr'>δώροις</span> <span class='ocrx_word' id='word_1_656' title='bbox 2928 3795 3094 3850; x_wconf 78' lang='grc' dir='ltr'>αὐτοῦ</span> <span class='ocrx_word' id='word_1_657' title='bbox 3119 3812 3134 3827; x_wconf 75' lang='grc' dir='ltr'><strong><em>ο</em></strong></span> <span class='ocrx_word' id='word_1_658' title='bbox 3175 3796 3266 3848; x_wconf 81' lang='grc' dir='ltr'><strong>ἐπὶ</strong></span> <span class='ocrx_word' id='word_1_659' title='bbox 3310 3795 3368 3848; x_wconf 85' lang='grc' dir='ltr'>δὲ</span> <span class='ocrx_word' id='word_1_660' title='bbox 3410 3795 3549 3850; x_wconf 82' lang='grc' dir='ltr'><strong>Κάῖν</strong></span> <span class='ocrx_word' id='word_1_661' title='bbox 3591 3793 3685 3845; x_wconf 80' lang='grc' dir='ltr'><strong>καὶ</strong></span> <span class='ocrx_word' id='word_1_662' title='bbox 3727 3793 3858 3855; x_wconf 83' lang='grc' dir='ltr'>ταῖς</span> 
     </span>
    </p>
   </div>
   <div class='ocr_carea' id='block_1_85' title="bbox 2274 3886 3854 3964">
    <p class='ocr_par' dir='ltr' id='par_1_85' title="bbox 2274 3886 3854 3964">
     <span class='ocr_line' id='line_1_86' title="bbox 2274 3886 3854 3964; baseline -0.006 -18"><span class='ocrx_word' id='word_1_663' title='bbox 2274 3894 2486 3956; x_wconf 84' lang='grc' dir='ltr'>θυσίαις</span> <span class='ocrx_word' id='word_1_664' title='bbox 2511 3891 2676 3946; x_wconf 79' lang='grc' dir='ltr'>αὐτοῦ</span> <span class='ocrx_word' id='word_1_665' title='bbox 2710 3891 2770 3944; x_wconf 89' lang='grc' dir='ltr'><strong>οὐ</strong></span> <span class='ocrx_word' id='word_1_666' title='bbox 2795 3889 3117 3964; x_wconf 81' lang='grc' dir='ltr'>προσέσχεν.</span> <span class='ocrx_word' id='word_1_667' title='bbox 3155 3907 3174 3943; x_wconf 69' lang='grc' dir='ltr'><strong>ι</strong></span> <span class='ocrx_word' id='word_1_668' title='bbox 3215 3887 3384 3942; x_wconf 84' lang='grc' dir='ltr'>Ἔνθα</span> <span class='ocrx_word' id='word_1_669' title='bbox 3410 3887 3474 3958; x_wconf 81' lang='grc' dir='ltr'>δὴ</span> <span class='ocrx_word' id='word_1_670' title='bbox 3513 3886 3854 3958; x_wconf 84' lang='grc' dir='ltr'>ἐπιστήσεις,</span> 
     </span>
    </p>
   </div>
   <div class='ocr_carea' id='block_1_86' title="bbox 2272 3978 3856 4058">
    <p class='ocr_par' dir='ltr' id='par_1_86' title="bbox 2272 3978 3856 4058">
     <span class='ocr_line' id='line_1_87' title="bbox 2272 3978 3856 4058; baseline -0.006 -18"><span class='ocrx_word' id='word_1_671' title='bbox 2272 3987 2348 4052; x_wconf 84' lang='grc' dir='ltr'><strong>ὡς</strong></span> <span class='ocrx_word' id='word_1_672' title='bbox 2389 3986 2588 4058; x_wconf 81' lang='grc' dir='ltr'>μᾶλλον</span> <span class='ocrx_word' id='word_1_673' title='bbox 2638 3987 2666 4040; x_wconf 88' lang='grc' dir='ltr'><strong>ό</strong></span> <span class='ocrx_word' id='word_1_674' title='bbox 2707 3983 3052 4056; x_wconf 82' lang='grc' dir='ltr'>ζωοθυτήσας</span> <span class='ocrx_word' id='word_1_675' title='bbox 3102 3981 3396 4045; x_wconf 82' lang='grc' dir='ltr'>ἀπόδεκτος</span> <span class='ocrx_word' id='word_1_676' title='bbox 3444 3980 3656 4052; x_wconf 81' lang='grc' dir='ltr'>εἴρηται</span> <span class='ocrx_word' id='word_1_677' title='bbox 3697 3978 3856 4050; x_wconf 85' lang='grc' dir='ltr'><strong>παρά</strong></span> 
     </span>
    </p>
   </div>
   <div class='ocr_carea' id='block_1_87' title="bbox 2271 4069 3853 4150">
    <p class='ocr_par' dir='ltr' id='par_1_87' title="bbox 2271 4069 3853 4150">
     <span class='ocr_line' id='line_1_88' title="bbox 2271 4069 3853 4150; baseline -0.004 -18"><span class='ocrx_word' id='word_1_678' title='bbox 2271 4079 2362 4132; x_wconf 83' lang='grc' dir='ltr'>τὸν</span> <span class='ocrx_word' id='word_1_679' title='bbox 2409 4079 2517 4132; x_wconf 81' lang='grc' dir='ltr'><strong>ἀπὸ</strong></span> <span class='ocrx_word' id='word_1_680' title='bbox 2571 4078 2674 4150; x_wconf 80' lang='grc' dir='ltr'>γῆς</span> <span class='ocrx_word' id='word_1_681' title='bbox 2725 4077 3146 4150; x_wconf 86' lang='grc' dir='ltr'>προσαγαγόντα</span> <span class='ocrx_word' id='word_1_682' title='bbox 3195 4074 3272 4145; x_wconf 79' lang='grc' dir='ltr'>τῷ</span> <span class='ocrx_word' id='word_1_683' title='bbox 3312 4072 3430 4146; x_wconf 79' lang='grc' dir='ltr'>Θεῷ</span> <span class='ocrx_word' id='word_1_684' title='bbox 3479 4073 3578 4144; x_wconf 83' lang='grc' dir='ltr'>τὴν</span> <span class='ocrx_word' id='word_1_685' title='bbox 3637 4069 3853 4126; x_wconf 86' lang='grc' dir='ltr'>θυσίαν.</span> 
     </span>
    </p>
   </div>
   <div class='ocr_carea' id='block_1_88' title="bbox 2273 4163 3854 4236">
    <p class='ocr_par' dir='ltr' id='par_1_88' title="bbox 2273 4163 3854 4236">
     <span class='ocr_line' id='line_1_89' title="bbox 2273 4163 3854 4236; baseline -0.006 -10"><span class='ocrx_word' id='word_1_686' title='bbox 2273 4172 2383 4226; x_wconf 80' lang='grc' dir='ltr'><strong>Καὶ</strong></span> <span class='ocrx_word' id='word_1_687' title='bbox 2429 4171 2555 4226; x_wconf 78' lang='grc' dir='ltr'>Νῶε</span> <span class='ocrx_word' id='word_1_688' title='bbox 2595 4169 2652 4222; x_wconf 85' lang='grc' dir='ltr'>δὲ</span> <span class='ocrx_word' id='word_1_689' title='bbox 2691 4169 2852 4234; x_wconf 88' lang='grc' dir='ltr'>εὐθὺς</span> <span class='ocrx_word' id='word_1_690' title='bbox 2895 4169 3004 4224; x_wconf 86' lang='grc' dir='ltr'><strong>ἀπὸ</strong></span> <span class='ocrx_word' id='word_1_691' title='bbox 3052 4167 3271 4222; x_wconf 83' lang='grc' dir='ltr'>πάντων</span> <span class='ocrx_word' id='word_1_692' title='bbox 3323 4165 3430 4220; x_wconf 87' lang='grc' dir='ltr'><strong>τῶν</strong></span> <span class='ocrx_word' id='word_1_693' title='bbox 3476 4163 3691 4236; x_wconf 84' lang='grc' dir='ltr'>κτηνῶν</span> <span class='ocrx_word' id='word_1_694' title='bbox 3738 4163 3854 4217; x_wconf 87' lang='grc' dir='ltr'><strong>τῶν</strong></span> 
     </span>
    </p>
   </div>
   <div class='ocr_carea' id='block_1_89' title="bbox 2273 4257 3846 4336">
    <p class='ocr_par' dir='ltr' id='par_1_89' title="bbox 2273 4257 3846 4336">
     <span class='ocr_line' id='line_1_90' title="bbox 2273 4257 3846 4336; baseline -0.006 -18"><span class='ocrx_word' id='word_1_695' title='bbox 2273 4263 2529 4336; x_wconf 87' lang='grc' dir='ltr'>καθαρῶν</span> <span class='ocrx_word' id='word_1_696' title='bbox 2549 4305 2562 4329; x_wconf 91' lang='grc'><strong>,</strong></span> <span class='ocrx_word' id='word_1_697' title='bbox 2607 4264 2702 4316; x_wconf 70' lang='grc' dir='ltr'>καὶ</span> <span class='ocrx_word' id='word_1_698' title='bbox 2742 4265 2849 4317; x_wconf 81' lang='grc' dir='ltr'><strong>ἀπὸ</strong></span> <span class='ocrx_word' id='word_1_699' title='bbox 2896 4263 3113 4316; x_wconf 86' lang='grc' dir='ltr'>πάντων</span> <span class='ocrx_word' id='word_1_700' title='bbox 3158 4261 3264 4314; x_wconf 90' lang='grc' dir='ltr'><strong>τῶν</strong></span> <span class='ocrx_word' id='word_1_701' title='bbox 3314 4257 3531 4330; x_wconf 81' lang='grc' dir='ltr'>πτηνῶν</span> <span class='ocrx_word' id='word_1_702' title='bbox 3590 4257 3698 4310; x_wconf 89' lang='grc' dir='ltr'><strong>τῶν</strong></span> <span class='ocrx_word' id='word_1_703' title='bbox 3743 4273 3846 4310; x_wconf 82' lang='grc' dir='ltr'>κα-</span> 
     </span>
    </p>
   </div>
   <div class='ocr_carea' id='block_1_90' title="bbox 2273 4349 3856 4429">
    <p class='ocr_par' dir='ltr' id='par_1_90' title="bbox 2273 4349 3856 4429">
     <span class='ocr_line' id='line_1_91' title="bbox 2273 4349 3856 4429; baseline -0.006 -18"><span class='ocrx_word' id='word_1_704' title='bbox 2273 4357 2452 4429; x_wconf 87' lang='grc' dir='ltr'>θαρῶν</span> <span class='ocrx_word' id='word_1_705' title='bbox 2516 4358 2813 4428; x_wconf 82' lang='grc' dir='ltr'>ἀνήνεγκεν</span> <span class='ocrx_word' id='word_1_706' title='bbox 2875 4352 3281 4428; x_wconf 85' lang='grc' dir='ltr'>ὁλοκαρπώσεις</span> <span class='ocrx_word' id='word_1_707' title='bbox 3321 4353 3413 4405; x_wconf 79' lang='grc' dir='ltr'>ἐπὶ</span> <span class='ocrx_word' id='word_1_708' title='bbox 3450 4351 3510 4404; x_wconf 82' lang='grc' dir='ltr'>τὸ</span> <span class='ocrx_word' id='word_1_709' title='bbox 3555 4349 3856 4420; x_wconf 80' lang='grc' dir='ltr'>θυσιαστή-</span> 
     </span>
    </p>
   </div>
   <div class='ocr_carea' id='block_1_91' title="bbox 2274 4437 3855 4521">
    <p class='ocr_par' dir='ltr' id='par_1_91' title="bbox 2274 4437 3855 4521">
     <span class='ocr_line' id='line_1_92' title="bbox 2274 4437 3855 4521; baseline -0.007 -18"><span class='ocrx_word' id='word_1_710' title='bbox 2274 4467 2408 4521; x_wconf 93' lang='grc' dir='ltr'>ριον,</span> <span class='ocrx_word' id='word_1_711' title='bbox 2457 4451 2549 4502; x_wconf 76' lang='grc' dir='ltr'><strong>καὶ</strong></span> <span class='ocrx_word' id='word_1_712' title='bbox 2589 4447 2882 4520; x_wconf 82' lang='grc' dir='ltr'>ὠσφράνθη</span> <span class='ocrx_word' id='word_1_713' title='bbox 2930 4445 3133 4518; x_wconf 86' lang='grc' dir='ltr'>Κύριος</span> <span class='ocrx_word' id='word_1_714' title='bbox 3181 4443 3356 4514; x_wconf 78' lang='grc' dir='ltr'>ὀσμὴν</span> <span class='ocrx_word' id='word_1_715' title='bbox 3399 4440 3644 4504; x_wconf 85' lang='grc' dir='ltr'>εὐωδίας.</span> <span class='ocrx_word' id='word_1_716' title='bbox 3688 4437 3855 4492; x_wconf 83' lang='grc' dir='ltr'>Ἀλλά</span> 
     </span>
    </p>
   </div>
   <div class='ocr_carea' id='block_1_92' title="bbox 2273 4529 3855 4612">
    <p class='ocr_par' dir='ltr' id='par_1_92' title="bbox 2273 4529 3855 4612">
     <span class='ocr_line' id='line_1_93' title="bbox 2273 4529 3855 4612; baseline -0.007 -18"><span class='ocrx_word' id='word_1_717' title='bbox 2273 4541 2365 4594; x_wconf 75' lang='grc' dir='ltr'><strong>καὶ</strong></span> <span class='ocrx_word' id='word_1_718' title='bbox 2401 4539 2651 4612; x_wconf 76' lang='grc' dir='ltr'>Ἀϐραὰμ</span> <span class='ocrx_word' id='word_1_719' title='bbox 2687 4538 2854 4602; x_wconf 86' lang='grc' dir='ltr'>θύσας</span> <span class='ocrx_word' id='word_1_720' title='bbox 2896 4538 3305 4609; x_wconf 83' lang='grc' dir='ltr'>ἀναγέγραπται</span> <span class='ocrx_word' id='word_1_721' title='bbox 3331 4551 3344 4563; x_wconf 73' lang='grc' dir='ltr'><strong><em>ο</em></strong></span> <span class='ocrx_word' id='word_1_722' title='bbox 3374 4531 3533 4596; x_wconf 80' lang='grc' dir='ltr'>ὥστε,</span> <span class='ocrx_word' id='word_1_723' title='bbox 3569 4529 3712 4585; x_wconf 77' lang='grc' dir='ltr'>κατὰ</span> <span class='ocrx_word' id='word_1_724' title='bbox 3748 4529 3855 4602; x_wconf 81' lang='grc' dir='ltr'><strong>τὴν</strong></span> 
     </span>
    </p>
   </div>
   <div class='ocr_carea' id='block_1_93' title="bbox 2269 4623 3851 4706">
    <p class='ocr_par' dir='ltr' id='par_1_93' title="bbox 2269 4623 3851 4706">
     <span class='ocr_line' id='line_1_94' title="bbox 2269 4623 3851 4706; baseline -0.008 -19"><span class='ocrx_word' id='word_1_725' title='bbox 2269 4635 2368 4706; x_wconf 82' lang='grc' dir='ltr'>τῆς</span> <span class='ocrx_word' id='word_1_726' title='bbox 2395 4632 2544 4696; x_wconf 87' lang='grc' dir='ltr'>θείας</span> <span class='ocrx_word' id='word_1_727' title='bbox 2562 4633 2600 4684; x_wconf 89' lang='grc' dir='ltr'><strong>Γ</strong></span> <span class='ocrx_word' id='word_1_728' title='bbox 2609 4631 2785 4704; x_wconf 80' lang='grc' dir='ltr'>ραφῆς</span> <span class='ocrx_word' id='word_1_729' title='bbox 2833 4629 3157 4700; x_wconf 82' lang='grc' dir='ltr'>μαρτυρίαν,</span> <span class='ocrx_word' id='word_1_730' title='bbox 3179 4624 3403 4696; x_wconf 84' lang='grc' dir='ltr'>πρώτην</span> <span class='ocrx_word' id='word_1_731' title='bbox 3449 4623 3704 4678; x_wconf 84' lang='grc' dir='ltr'>ἁπάντων</span> <span class='ocrx_word' id='word_1_732' title='bbox 3745 4623 3851 4692; x_wconf 76' lang='grc' dir='ltr'>τὴν</span> 
     </span>
    </p>
   </div>
   <div class='ocr_carea' id='block_1_94' title="bbox 2269 4711 3848 4790">
    <p class='ocr_par' dir='ltr' id='par_1_94' title="bbox 2269 4711 3848 4790">
     <span class='ocr_line' id='line_1_95' title="bbox 2269 4711 3848 4790; baseline -0.009 -10"><span class='ocrx_word' id='word_1_733' title='bbox 2269 4727 2359 4780; x_wconf 83' lang='grc' dir='ltr'>διὰ</span> <span class='ocrx_word' id='word_1_734' title='bbox 2393 4724 2545 4790; x_wconf 77' lang='grc' dir='ltr'>ζώων</span> <span class='ocrx_word' id='word_1_735' title='bbox 2585 4723 2772 4776; x_wconf 88' lang='grc' dir='ltr'>θυσίαν</span> <span class='ocrx_word' id='word_1_736' title='bbox 2798 4719 3175 4789; x_wconf 82' lang='grc' dir='ltr'>ἐπινενοῆσθαι</span> <span class='ocrx_word' id='word_1_737' title='bbox 3208 4719 3317 4779; x_wconf 85' lang='grc' dir='ltr'>τοῖς</span> <span class='ocrx_word' id='word_1_738' title='bbox 3355 4714 3519 4770; x_wconf 85' lang='grc' dir='ltr'>πάλαι</span> <span class='ocrx_word' id='word_1_739' title='bbox 3553 4711 3848 4781; x_wconf 80' lang='grc' dir='ltr'>θεοφιλέσι.</span> 
     </span>
    </p>
   </div>
   <div class='ocr_carea' id='block_1_95' title="bbox 2271 4804 3853 4884">
    <p class='ocr_par' dir='ltr' id='par_1_95' title="bbox 2271 4804 3853 4884">
     <span class='ocr_line' id='line_1_96' title="bbox 2271 4804 3853 4884; baseline -0.009 -12"><span class='ocrx_word' id='word_1_740' title='bbox 2271 4817 2473 4873; x_wconf 87' lang='grc' dir='ltr'>Τούτου</span> <span class='ocrx_word' id='word_1_741' title='bbox 2506 4817 2563 4870; x_wconf 84' lang='grc' dir='ltr'>δὲ</span> <span class='ocrx_word' id='word_1_742' title='bbox 2583 4816 2672 4868; x_wconf 82' lang='grc' dir='ltr'><strong>τὸν</strong></span> <span class='ocrx_word' id='word_1_743' title='bbox 2706 4813 2962 4884; x_wconf 83' lang='grc' dir='ltr'>λογισμὸν</span> <span class='ocrx_word' id='word_1_744' title='bbox 2991 4810 3230 4882; x_wconf 79' lang='grc' dir='ltr'>ἠγοῦμαι</span> <span class='ocrx_word' id='word_1_745' title='bbox 3257 4805 3473 4861; x_wconf 86' lang='grc' dir='ltr'>εἶναιού</span> <span class='ocrx_word' id='word_1_746' title='bbox 3497 4805 3586 4858; x_wconf 83' lang='grc' dir='ltr'><strong>τὸν</strong></span> <span class='ocrx_word' id='word_1_747' title='bbox 3613 4804 3853 4875; x_wconf 82' lang='grc' dir='ltr'>τυχόντα</span> 
     </span>
    </p>
   </div>
   <div class='ocr_carea' id='block_1_96' title="bbox 576 4897 2170 4984">
    <p class='ocr_par' dir='ltr' id='par_1_96' title="bbox 576 4897 2168 4974">
     <span class='ocr_line' id='line_1_97' title="bbox 576 4897 2168 4974; baseline 0.009 -22"><span class='ocrx_word' id='word_1_748' title='bbox 576 4897 946 4968; x_wconf 79' lang='lat' dir='ltr'><strong>excogitatum</strong></span> <span class='ocrx_word' id='word_1_749' title='bbox 971 4897 1162 4962; x_wconf 79' lang='lat' dir='ltr'><strong>fuisse,</strong></span> <span class='ocrx_word' id='word_1_750' title='bbox 1189 4916 1292 4956; x_wconf 88' lang='lat' dir='ltr'><strong>nos</strong></span> <span class='ocrx_word' id='word_1_751' title='bbox 1325 4903 1509 4958; x_wconf 87' lang='lat' dir='ltr'><strong>dicere</strong></span> <span class='ocrx_word' id='word_1_752' title='bbox 1536 4913 1803 4974; x_wconf 85' lang='lat' dir='ltr'><strong>oporteat.</strong></span> <span class='ocrx_word' id='word_1_753' title='bbox 1837 4905 2010 4973; x_wconf 84' lang='lat' dir='ltr'><strong>Quam</strong></span> <span class='ocrx_word' id='word_1_754' title='bbox 2035 4925 2168 4966; x_wconf 86' lang='lat' dir='ltr'><strong>sane</strong></span> 
     </span>
    </p>
   </div>
   <div class='ocr_carea' id='block_1_97' title="bbox 2274 4897 3850 4984">
    <p class='ocr_par' dir='ltr' id='par_1_97' title="bbox 2274 4897 3850 4980">
     <span class='ocr_line' id='line_1_98' title="bbox 2274 4897 3850 4980; baseline -0.01 -15"><span class='ocrx_word' id='word_1_755' title='bbox 2274 4911 2380 4964; x_wconf 82' lang='grc' dir='ltr'>οὐδ’</span> <span class='ocrx_word' id='word_1_756' title='bbox 2408 4907 2761 4980; x_wconf 88' lang='grc' dir='ltr'>ἀνθρωπίνως</span> <span class='ocrx_word' id='word_1_757' title='bbox 2793 4903 3166 4975; x_wconf 84' lang='grc' dir='ltr'>κεκινημένον,</span> <span class='ocrx_word' id='word_1_758' title='bbox 3190 4901 3332 4955; x_wconf 84' lang='grc' dir='ltr'><strong>κατά</strong></span> <span class='ocrx_word' id='word_1_759' title='bbox 3363 4900 3511 4954; x_wconf 90' lang='grc' dir='ltr'>θείαν</span> <span class='ocrx_word' id='word_1_760' title='bbox 3533 4897 3577 4951; x_wconf 80' lang='grc' dir='ltr'>δ’</span> <span class='ocrx_word' id='word_1_761' title='bbox 3605 4898 3850 4952; x_wconf 83' lang='grc' dir='ltr'>ἐπίνοιαν</span> 
     </span>
    </p>
   </div>
   <div class='ocr_carea' id='block_1_98' title="bbox 574 4989 2162 5062">
    <p class='ocr_par' dir='ltr' id='par_1_98' title="bbox 574 4989 2162 5062">
     <span class='ocr_line' id='line_1_99' title="bbox 574 4989 2162 5062; baseline 0.009 -18"><span class='ocrx_word' id='word_1_762' title='bbox 574 4989 1032 5060; x_wconf 73' lang='lat' dir='ltr'><strong>excogitationem</strong></span> <span class='ocrx_word' id='word_1_763' title='bbox 1062 5001 1267 5049; x_wconf 91' lang='lat' dir='ltr'><strong>temere</strong></span> <span class='ocrx_word' id='word_1_764' title='bbox 1297 4996 1598 5062; x_wconf 80' lang='lat' dir='ltr'><strong>exstitisse,</strong></span> <span class='ocrx_word' id='word_1_765' title='bbox 1632 5007 1726 5052; x_wconf 86' lang='lat' dir='ltr'><strong>aut</strong></span> <span class='ocrx_word' id='word_1_766' title='bbox 1748 5000 1984 5056; x_wconf 85' lang='lat' dir='ltr'><strong>humano</strong></span> <span class='ocrx_word' id='word_1_767' title='bbox 2011 5018 2162 5059; x_wconf 87' lang='lat' dir='ltr'><strong>more</strong></span> 
     </span>
    </p>
   </div>
   <div class='ocr_carea' id='block_1_99' title="bbox 573 5085 2160 5164">
    <p class='ocr_par' dir='ltr' id='par_1_99' title="bbox 573 5085 2160 5164">
     <span class='ocr_line' id='line_1_100' title="bbox 573 5085 2160 5164; baseline 0.008 -24"><span class='ocrx_word' id='word_1_768' title='bbox 573 5091 842 5150; x_wconf 77' lang='lat' dir='ltr'><strong>exortam,</strong></span> <span class='ocrx_word' id='word_1_769' title='bbox 867 5085 1170 5155; x_wconf 88' lang='lat' dir='ltr'><strong>putandum</strong></span> <span class='ocrx_word' id='word_1_770' title='bbox 1206 5103 1320 5144; x_wconf 91' lang='lat' dir='ltr'><strong>non</strong></span> <span class='ocrx_word' id='word_1_771' title='bbox 1348 5097 1452 5154; x_wconf 90' lang='lat' dir='ltr'><strong>est,</strong></span> <span class='ocrx_word' id='word_1_772' title='bbox 1483 5091 1576 5147; x_wconf 91' lang='lat' dir='ltr'><strong>sed</strong></span> <span class='ocrx_word' id='word_1_773' title='bbox 1605 5091 1790 5146; x_wconf 89' lang='lat' dir='ltr'><strong>divino</strong></span> <span class='ocrx_word' id='word_1_774' title='bbox 1815 5097 1994 5164; x_wconf 84' lang='lat' dir='ltr'><strong>potius</strong></span> <span class='ocrx_word' id='word_1_775' title='bbox 2023 5105 2160 5153; x_wconf 90' lang='lat' dir='ltr'><strong>nutu</strong></span> 
     </span>
    </p>
   </div>
   <div class='ocr_carea' id='block_1_100' title="bbox 575 5180 2160 5262">
    <p class='ocr_par' dir='ltr' id='par_1_100' title="bbox 575 5180 2160 5262">
     <span class='ocr_line' id='line_1_101' title="bbox 575 5180 2160 5262; baseline 0.008 -28"><span class='ocrx_word' id='word_1_776' title='bbox 575 5180 930 5238; x_wconf 87' lang='lat' dir='ltr'><strong>insinuatam.</strong></span> <span class='ocrx_word' id='word_1_777' title='bbox 965 5181 1176 5238; x_wconf 86' lang='lat' dir='ltr'><strong>Etenim</strong></span> <span class='ocrx_word' id='word_1_778' title='bbox 1213 5200 1337 5238; x_wconf 92' lang='lat' dir='ltr'><strong>cum</strong></span> <span class='ocrx_word' id='word_1_779' title='bbox 1367 5202 1580 5242; x_wconf 89' lang='lat' dir='ltr'><strong>morum</strong></span> <span class='ocrx_word' id='word_1_780' title='bbox 1605 5189 1898 5244; x_wconf 84' lang='lat' dir='ltr'><strong>sanctitate</strong></span> <span class='ocrx_word' id='word_1_781' title='bbox 1930 5199 2160 5262; x_wconf 67' lang='lat' dir='ltr'><strong>praesta-</strong></span> 
     </span>
    </p>
   </div>
   <div class='ocr_carea' id='block_1_101' title="bbox 574 5273 2156 5346">
    <p class='ocr_par' dir='ltr' id='par_1_101' title="bbox 574 5273 2156 5346">
     <span class='ocr_line' id='line_1_102' title="bbox 574 5273 2156 5346; baseline 0.005 -16"><span class='ocrx_word' id='word_1_782' title='bbox 574 5281 716 5338; x_wconf 79' lang='lat' dir='ltr'><strong>rent,</strong></span> <span class='ocrx_word' id='word_1_783' title='bbox 751 5273 970 5346; x_wconf 87' lang='lat' dir='ltr'><strong>Deoque</strong></span> <span class='ocrx_word' id='word_1_784' title='bbox 999 5275 1216 5345; x_wconf 90' lang='lat' dir='ltr'><strong>penitus</strong></span> <span class='ocrx_word' id='word_1_785' title='bbox 1245 5279 1448 5334; x_wconf 86' lang='lat' dir='ltr'><strong>addicti</strong></span> <span class='ocrx_word' id='word_1_786' title='bbox 1475 5288 1680 5342; x_wconf 88' lang='lat' dir='ltr'><strong>essent,</strong></span> <span class='ocrx_word' id='word_1_787' title='bbox 1715 5289 1767 5335; x_wconf 85' lang='lat' dir='ltr'><strong>et</strong></span> <span class='ocrx_word' id='word_1_788' title='bbox 1797 5282 1869 5336; x_wconf 90' lang='lat' dir='ltr'><strong>ob</strong></span> <span class='ocrx_word' id='word_1_789' title='bbox 1896 5297 2014 5337; x_wconf 89' lang='lat' dir='ltr'><strong>eam</strong></span> <span class='ocrx_word' id='word_1_790' title='bbox 2043 5299 2156 5340; x_wconf 89' lang='lat' dir='ltr'><strong>rem</strong></span> 
     </span>
    </p>
   </div>
   <div class='ocr_carea' id='block_1_102' title="bbox 527 5366 2155 5446">
    <p class='ocr_par' dir='ltr' id='par_1_102' title="bbox 527 5366 2155 5446">
     <span class='ocr_line' id='line_1_103' title="bbox 527 5366 2155 5446; baseline 0.008 -28"><span class='ocrx_word' id='word_1_791' title='bbox 527 5415 534 5424; x_wconf 81' lang='grc'><strong>,</strong></span> <span class='ocrx_word' id='word_1_792' title='bbox 565 5366 734 5436; x_wconf 86' lang='lat' dir='ltr'><strong>quasi</strong></span> <span class='ocrx_word' id='word_1_793' title='bbox 767 5367 954 5422; x_wconf 85' lang='lat' dir='ltr'><strong>divino</strong></span> <span class='ocrx_word' id='word_1_794' title='bbox 979 5367 1185 5438; x_wconf 89' lang='lat' dir='ltr'><strong>Spiritu</strong></span> <span class='ocrx_word' id='word_1_795' title='bbox 1229 5371 1484 5425; x_wconf 84' lang='lat' dir='ltr'><strong>illustrati</strong></span> <span class='ocrx_word' id='word_1_796' title='bbox 1527 5373 1792 5436; x_wconf 89' lang='lat' dir='ltr'><strong>viderent,</strong></span> <span class='ocrx_word' id='word_1_797' title='bbox 1827 5391 2024 5446; x_wconf 85' lang='lat' dir='ltr'><strong>magno</strong></span> <span class='ocrx_word' id='word_1_798' title='bbox 2049 5376 2155 5432; x_wconf 88' lang='lat' dir='ltr'><strong>sibi</strong></span> 
     </span>
    </p>
   </div>
   <div class='ocr_carea' id='block_1_103' title="bbox 565 5460 2156 5535">
    <p class='ocr_par' dir='ltr' id='par_1_103' title="bbox 565 5460 2156 5535">
     <span class='ocr_line' id='line_1_104' title="bbox 565 5460 2156 5535; baseline 0.009 -27"><span class='ocrx_word' id='word_1_799' title='bbox 565 5473 704 5525; x_wconf 76' lang='lat' dir='ltr'><strong>opus</strong></span> <span class='ocrx_word' id='word_1_800' title='bbox 733 5471 858 5514; x_wconf 84' lang='lat' dir='ltr'><strong>esse</strong></span> <span class='ocrx_word' id='word_1_801' title='bbox 884 5460 1171 5532; x_wconf 84' lang='lat' dir='ltr'><strong>obsequio,</strong></span> <span class='ocrx_word' id='word_1_802' title='bbox 1197 5463 1244 5518; x_wconf 91' lang='lat' dir='ltr'><strong>si</strong></span> <span class='ocrx_word' id='word_1_803' title='bbox 1278 5479 1376 5519; x_wconf 88' lang='lat' dir='ltr'><strong>sua</strong></span> <span class='ocrx_word' id='word_1_804' title='bbox 1407 5465 1650 5535; x_wconf 90' lang='lat' dir='ltr'><strong>ipsorum</strong></span> <span class='ocrx_word' id='word_1_805' title='bbox 1689 5466 1922 5521; x_wconf 88' lang='lat' dir='ltr'><strong>humana</strong></span> <span class='ocrx_word' id='word_1_806' title='bbox 1957 5465 2156 5522; x_wconf 87' lang='lat' dir='ltr'><strong>delicta</strong></span> 
     </span>
    </p>
   </div>
   <div class='ocr_carea' id='block_1_104' title="bbox 565 5551 2154 5632">
    <p class='ocr_par' dir='ltr' id='par_1_104' title="bbox 565 5551 2154 5632">
     <span class='ocr_line' id='line_1_105' title="bbox 565 5551 2154 5632; baseline 0.009 -29"><span class='ocrx_word' id='word_1_807' title='bbox 565 5551 782 5606; x_wconf 84' lang='lat' dir='ltr'><strong>diluere</strong></span> <span class='ocrx_word' id='word_1_808' title='bbox 807 5553 1046 5609; x_wconf 82' lang='lat' dir='ltr'><strong>vellent:</strong></span> <span class='ocrx_word' id='word_1_809' title='bbox 1083 5557 1316 5627; x_wconf 88' lang='lat' dir='ltr'><strong>pretium</strong></span> <span class='ocrx_word' id='word_1_810' title='bbox 1367 5575 1466 5630; x_wconf 90' lang='lat' dir='ltr'><strong>pro</strong></span> <span class='ocrx_word' id='word_1_811' title='bbox 1499 5561 1674 5617; x_wconf 84' lang='lat' dir='ltr'><strong>salute</strong></span> <span class='ocrx_word' id='word_1_812' title='bbox 1713 5577 1812 5618; x_wconf 88' lang='lat' dir='ltr'><strong>sua</strong></span> <span class='ocrx_word' id='word_1_813' title='bbox 1842 5563 1912 5626; x_wconf 87' lang='lat' dir='ltr'><strong>ei,</strong></span> <span class='ocrx_word' id='word_1_814' title='bbox 1949 5563 2044 5632; x_wconf 85' lang='lat' dir='ltr'><strong>qui</strong></span> <span class='ocrx_word' id='word_1_815' title='bbox 2075 5565 2154 5617; x_wconf 88' lang='lat' dir='ltr'><strong>vi-</strong></span> 
     </span>
    </p>
   </div>
   <div class='ocr_carea' id='block_1_105' title="bbox 535 5703 1710 5782">
    <p class='ocr_par' dir='ltr' id='par_1_105' title="bbox 535 5703 1710 5782">
     <span class='ocr_line' id='line_1_106' title="bbox 535 5703 1710 5782; baseline 0.014 -28"><span class='ocrx_word' id='word_1_816' title='bbox 535 5755 540 5782; x_wconf 39' lang='lat'><strong>:</strong></span> <span class='ocrx_word' id='word_1_817' title='bbox 639 5703 684 5735; x_wconf 82' lang='lat'>&quot;</span> <span class='ocrx_word' id='word_1_818' title='bbox 724 5703 886 5762; x_wconf 88' lang='lat' dir='ltr'><strong>llebr.</strong></span> <span class='ocrx_word' id='word_1_819' title='bbox 923 5725 1042 5774; x_wconf 78' lang='lat' dir='ltr'><strong>xm,</strong></span> <span class='ocrx_word' id='word_1_820' title='bbox 1087 5711 1140 5764; x_wconf 68' lang='grc'><strong>4.</strong></span> <span class='ocrx_word' id='word_1_821' title='bbox 1223 5715 1264 5744; x_wconf 75' lang='grc'><strong>³⁷</strong></span> <span class='ocrx_word' id='word_1_822' title='bbox 1295 5713 1430 5770; x_wconf 84' lang='lat' dir='ltr'><strong>Gen.</strong></span> <span class='ocrx_word' id='word_1_823' title='bbox 1480 5733 1552 5780; x_wconf 84' lang='lat' dir='ltr'><strong>tv,</strong></span> <span class='ocrx_word' id='word_1_824' title='bbox 1589 5717 1710 5772; x_wconf 80' lang='lat'><strong>5-3.</strong></span> 
     </span>
    </p>
   </div>
   <div class='ocr_carea' id='block_1_106' title="bbox 2271 4992 3852 5074">
    <p class='ocr_par' dir='ltr' id='par_1_106' title="bbox 2271 4992 3852 5074">
     <span class='ocr_line' id='line_1_107' title="bbox 2271 4992 3852 5074; baseline -0.012 -12"><span class='ocrx_word' id='word_1_825' title='bbox 2271 5002 2730 5074; x_wconf 77' lang='grc' dir='ltr'>ὑποϐεϐλημένον.</span> <span class='ocrx_word' id='word_1_826' title='bbox 2779 4999 2996 5070; x_wconf 83' lang='grc' dir='ltr'>Ἐπειδὴ</span> <span class='ocrx_word' id='word_1_827' title='bbox 3029 4996 3137 5070; x_wconf 79' lang='grc' dir='ltr'>γὰρ</span> <span class='ocrx_word' id='word_1_828' title='bbox 3160 4995 3365 5066; x_wconf 88' lang='grc' dir='ltr'>ἐώρων,</span> <span class='ocrx_word' id='word_1_829' title='bbox 3399 4994 3494 5048; x_wconf 81' lang='grc' dir='ltr'>ἆτε</span> <span class='ocrx_word' id='word_1_830' title='bbox 3525 4992 3616 5046; x_wconf 86' lang='grc' dir='ltr'><strong>τὸν</strong></span> <span class='ocrx_word' id='word_1_831' title='bbox 3645 4992 3852 5065; x_wconf 79' lang='grc' dir='ltr'>τρόπον</span> 
     </span>
    </p>
   </div>
   <div class='ocr_carea' id='block_1_107' title="bbox 2269 5083 3848 5164">
    <p class='ocr_par' dir='ltr' id='par_1_107' title="bbox 2269 5083 3848 5164">
     <span class='ocr_line' id='line_1_108' title="bbox 2269 5083 3848 5164; baseline -0.011 -12"><span class='ocrx_word' id='word_1_832' title='bbox 2269 5095 2512 5160; x_wconf 74' lang='grc' dir='ltr'>εὐσεϐεῖς</span> <span class='ocrx_word' id='word_1_833' title='bbox 2555 5095 2648 5150; x_wconf 77' lang='grc' dir='ltr'>καὶ</span> <span class='ocrx_word' id='word_1_834' title='bbox 2691 5091 2809 5164; x_wconf 87' lang='grc' dir='ltr'>Θεῷ</span> <span class='ocrx_word' id='word_1_835' title='bbox 2850 5089 3344 5164; x_wconf 79' lang='grc' dir='ltr'>προσῳκειωμένοι,</span> <span class='ocrx_word' id='word_1_836' title='bbox 3393 5086 3522 5157; x_wconf 86' lang='grc' dir='ltr'>θείῳ</span> <span class='ocrx_word' id='word_1_837' title='bbox 3559 5102 3621 5138; x_wconf 84' lang='grc' dir='ltr'><strong>τε</strong></span> <span class='ocrx_word' id='word_1_838' title='bbox 3673 5083 3848 5136; x_wconf 81' lang='grc' dir='ltr'>Πνεύ-</span> 
     </span>
    </p>
   </div>
   <div class='ocr_carea' id='block_1_108' title="bbox 2273 5177 3851 5265">
    <p class='ocr_par' dir='ltr' id='par_1_108' title="bbox 2273 5177 3851 5265">
     <span class='ocr_line' id='line_1_109' title="bbox 2273 5177 3851 5265; baseline -0.01 -18"><span class='ocrx_word' id='word_1_839' title='bbox 2273 5209 2402 5265; x_wconf 86' lang='grc' dir='ltr'>ματι</span> <span class='ocrx_word' id='word_1_840' title='bbox 2430 5190 2528 5254; x_wconf 82' lang='grc' dir='ltr'>τὰς</span> <span class='ocrx_word' id='word_1_841' title='bbox 2548 5187 2725 5260; x_wconf 76' lang='grc' dir='ltr'>ψυχὰς</span> <span class='ocrx_word' id='word_1_842' title='bbox 2759 5183 3178 5255; x_wconf 80' lang='grc' dir='ltr'>πεφωτισμένοι,</span> <span class='ocrx_word' id='word_1_843' title='bbox 3213 5180 3453 5254; x_wconf 83' lang='grc' dir='ltr'>μεγάλης</span> <span class='ocrx_word' id='word_1_844' title='bbox 3476 5179 3656 5240; x_wconf 80' lang='grc' dir='ltr'>αὐτοῖς</span> <span class='ocrx_word' id='word_1_845' title='bbox 3685 5177 3851 5248; x_wconf 77' lang='grc' dir='ltr'>θερα-</span> 
     </span>
    </p>
   </div>
   <div class='ocr_carea' id='block_1_109' title="bbox 2267 5273 3852 5352">
    <p class='ocr_par' dir='ltr' id='par_1_109' title="bbox 2267 5273 3852 5352">
     <span class='ocr_line' id='line_1_110' title="bbox 2267 5273 3852 5352; baseline -0.011 -10"><span class='ocrx_word' id='word_1_846' title='bbox 2267 5289 2428 5352; x_wconf 87' lang='grc' dir='ltr'>πείας</span> <span class='ocrx_word' id='word_1_847' title='bbox 2459 5285 2570 5340; x_wconf 82' lang='grc' dir='ltr'>δεῖν</span> <span class='ocrx_word' id='word_1_848' title='bbox 2612 5287 2692 5348; x_wconf 87' lang='grc' dir='ltr'><strong>είς</strong></span> <span class='ocrx_word' id='word_1_849' title='bbox 2721 5280 3096 5352; x_wconf 84' lang='grc' dir='ltr'>ἀποκάθαρσιν</span> <span class='ocrx_word' id='word_1_850' title='bbox 3127 5277 3234 5332; x_wconf 89' lang='grc' dir='ltr'><strong>τῶν</strong></span> <span class='ocrx_word' id='word_1_851' title='bbox 3273 5275 3481 5348; x_wconf 87' lang='grc' dir='ltr'>θνητῶν</span> <span class='ocrx_word' id='word_1_852' title='bbox 3524 5273 3852 5344; x_wconf 84' lang='grc' dir='ltr'>πλημμελη-</span> 
     </span>
    </p>
   </div>
   <div class='ocr_carea' id='block_1_110' title="bbox 2271 5361 3848 5454">
    <p class='ocr_par' dir='ltr' id='par_1_110' title="bbox 2271 5361 3848 5454">
     <span class='ocr_line' id='line_1_111' title="bbox 2271 5361 3848 5454; baseline -0.013 -17"><span class='ocrx_word' id='word_1_853' title='bbox 2271 5381 2477 5454; x_wconf 81' lang='grc' dir='ltr'>μάτων,</span> <span class='ocrx_word' id='word_1_854' title='bbox 2512 5378 2704 5450; x_wconf 86' lang='grc' dir='ltr'>λύτρον</span> <span class='ocrx_word' id='word_1_855' title='bbox 2751 5375 2850 5446; x_wconf 86' lang='grc' dir='ltr'><strong>τῆς</strong></span> <span class='ocrx_word' id='word_1_856' title='bbox 2887 5372 3066 5429; x_wconf 87' lang='grc' dir='ltr'>αὐτῶν</span> <span class='ocrx_word' id='word_1_857' title='bbox 3113 5371 3404 5443; x_wconf 86' lang='grc' dir='ltr'>σωτηρίας,</span> <span class='ocrx_word' id='word_1_858' title='bbox 3437 5367 3516 5439; x_wconf 84' lang='grc' dir='ltr'>τῷ</span> <span class='ocrx_word' id='word_1_859' title='bbox 3557 5367 3652 5420; x_wconf 72' lang='grc' dir='ltr'>καὶ</span> <span class='ocrx_word' id='word_1_860' title='bbox 3698 5361 3848 5436; x_wconf 73' lang='grc' dir='ltr'>ζωῆς</span> 
     </span>
    </p>
   </div>
   <div class='ocr_carea' id='block_1_111' title="bbox 2265 5455 3849 5539">
    <p class='ocr_par' dir='ltr' id='par_1_111' title="bbox 2265 5455 3849 5539">
     <span class='ocr_line' id='line_1_112' title="bbox 2265 5455 3849 5539; baseline -0.009 -16"><span class='ocrx_word' id='word_1_861' title='bbox 2265 5470 2356 5523; x_wconf 78' lang='grc' dir='ltr'><strong>καὶ</strong></span> <span class='ocrx_word' id='word_1_862' title='bbox 2398 5466 2574 5539; x_wconf 76' lang='grc' dir='ltr'>ψυχῆς</span> <span class='ocrx_word' id='word_1_863' title='bbox 2621 5464 2842 5538; x_wconf 82' lang='grc' dir='ltr'>χορηγῷ</span> <span class='ocrx_word' id='word_1_864' title='bbox 2895 5459 3342 5536; x_wconf 88' lang='grc' dir='ltr'>προσοφείλεσθαι</span> <span class='ocrx_word' id='word_1_865' title='bbox 3369 5457 3618 5530; x_wconf 80' lang='grc' dir='ltr'>ἡγοῦντο·</span> <span class='ocrx_word' id='word_1_866' title='bbox 3655 5455 3849 5509; x_wconf 75' lang='grc' dir='ltr'>ἔπειτα</span> 
     </span>
    </p>
   </div>
   <div class='ocr_carea' id='block_1_112' title="bbox 2269 5550 3846 5636">
    <p class='ocr_par' dir='ltr' id='par_1_112' title="bbox 2269 5550 3846 5636">
     <span class='ocr_line' id='line_1_113' title="bbox 2269 5550 3846 5636; baseline -0.008 -18"><span class='ocrx_word' id='word_1_867' title='bbox 2269 5564 2435 5636; x_wconf 80' lang='grc' dir='ltr'>μηδὲν</span> <span class='ocrx_word' id='word_1_868' title='bbox 2471 5565 2716 5634; x_wconf 83' lang='grc' dir='ltr'>κρεῖττον</span> <span class='ocrx_word' id='word_1_869' title='bbox 2767 5562 2862 5618; x_wconf 75' lang='grc' dir='ltr'>καὶ</span> <span class='ocrx_word' id='word_1_870' title='bbox 2905 5558 3226 5634; x_wconf 85' lang='grc' dir='ltr'>τιμιώτερον</span> <span class='ocrx_word' id='word_1_871' title='bbox 3272 5558 3372 5630; x_wconf 82' lang='grc' dir='ltr'>τῆς</span> <span class='ocrx_word' id='word_1_872' title='bbox 3410 5553 3614 5617; x_wconf 79' lang='grc' dir='ltr'>οἰκείας</span> <span class='ocrx_word' id='word_1_873' title='bbox 3665 5550 3846 5626; x_wconf 66' lang='grc' dir='ltr'>ψυχῆς</span> 
     </span>
    </p>
   </div>
   <div class='ocr_carea' id='block_1_113' title="bbox 640 5885 2170 5972">
    <p class='ocr_par' dir='ltr' id='par_1_113' title="bbox 640 5885 2170 5972">
     <span class='ocr_line' id='line_1_114' title="bbox 640 5885 2170 5972; baseline 0.007 -27"><span class='ocrx_word' id='word_1_874' title='bbox 640 5887 720 5958; x_wconf 77' lang='grc'><strong>(1)</strong></span> <span class='ocrx_word' id='word_1_875' title='bbox 765 5885 904 5948; x_wconf 86' lang='lat' dir='ltr'><strong>Sunt</strong></span> <span class='ocrx_word' id='word_1_876' title='bbox 933 5892 1048 5950; x_wconf 68' lang='grc' dir='ltr'>ίιαιο</span> <span class='ocrx_word' id='word_1_877' title='bbox 1073 5893 1358 5966; x_wconf 75' lang='grc' dir='ltr'>ι]εειιι..μῑιι</span> <span class='ocrx_word' id='word_1_878' title='bbox 1387 5913 1416 5953; x_wconf 90' lang='lat' dir='ltr'><strong>e</strong></span> <span class='ocrx_word' id='word_1_879' title='bbox 1448 5899 1626 5969; x_wconf 84' lang='lat' dir='ltr'><strong>primo</strong></span> <span class='ocrx_word' id='word_1_880' title='bbox 1654 5899 1792 5956; x_wconf 86' lang='lat' dir='ltr'><strong>libro</strong></span> <span class='ocrx_word' id='word_1_881' title='bbox 1827 5897 2114 5972; x_wconf 74' lang='lat' dir='ltr'><strong>Porphyrii</strong></span> <span class='ocrx_word' id='word_1_882' title='bbox 2149 5901 2170 5955; x_wconf 84' lang='grc'><em>1</em></span> 
     </span>
    </p>
   </div>
   <div class='ocr_carea' id='block_1_114' title="bbox 2274 5885 2564 5972">
    <p class='ocr_par' dir='ltr' id='par_1_114' title="bbox 2274 5897 2564 5969">
     <span class='ocr_line' id='line_1_115' title="bbox 2274 5897 2564 5969; baseline 0.003 -17"><span class='ocrx_word' id='word_1_883' title='bbox 2274 5897 2290 5952; x_wconf 80' lang='grc' dir='ltr'>ὶ</span> <span class='ocrx_word' id='word_1_884' title='bbox 2324 5897 2564 5969; x_wconf 70' lang='grc' dir='ltr'>ἁποχης</span> 
     </span>
    </p>
   </div>
  </div>
