4018 6508
251 408 328 462 85
1172 405 1827 465 DEMONSTRATIBNIS
1858 405 2316 463 EVA-NGELIG.E
2350 405 2476 462 LIB.
2510 406 2550 462 l.
3467 407 3536 457 86

248 525 564 599 καθιεροῦν
609 531 843 602 ἔχοντες,
893 531 1012 586 ἀντὶ
1053 531 1261 601 ταύτης
1301 530 1442 594 τέως
1486 531 1583 602 τὴν
1628 531 1716 584 διὰ
1753 529 1849 584 τῶι

1964 539 2073 584 tam
2106 539 2268 600 atque
2287 532 2526 582 animam
2558 528 2902 599 praebuisset,
2923 543 2982 583 se
3009 527 3206 583 debere
3229 528 3492 597 putabant
3517 550 3533 584 :

244 619 481 686 ἀλόγων
523 619 680 684 ζώων
721 622 996 692 προσῆγον
1024 621 1236 686 θυσίαν,
1266 621 1366 693 τῆς
1390 621 1539 691 σφῶν
1567 622 1743 693 ψυχῆς
1772 624 1865 676 ἁν-

243 710 462 779 τίψυχα
518 713 983 783 προσκομίζοντες
1003 730 1016 743 ·
1045 712 1198 766 οὐδὲν
1229 712 1370 766 κατὰ
1416 712 1572 769 τοῦτο
1607 714 1865 784 πλημμε-

242 799 386 864 λεῖν,
415 805 539 856 οὐδ’
570 805 781 859 ἀδικεῖν
812 806 944 876 ήγού
955 823 1125 877 μενοι,
1150 807 1230 859 ὅτι
1269 805 1408 877 μηδὲ
1435 809 1501 876 τῇ
1528 805 1634 859 τῶν
1657 805 1865 878 ἀνθρώ-

240 910 370 945 πων
420 894 629 967 λογικῇ
683 899 778 950 καὶ
821 900 982 969 νοερᾷ
1031 898 1259 969 δυνάμει
1305 898 1692 970 παραπλησίαν
1725 895 1861 954 εῖναι

197 1055 204 1061 ⁸
233 984 342 1056 την
376 986 576 1059 ψυχὴν
598 989 707 1042 τῶν
731 990 940 1057 ἀλόγων
964 990 1327 1055 ἐπαιδεύοντο,
1347 991 1455 1044 οὐδ’
1485 991 1612 1045 ἄλλο
1639 1009 1691 1046 τι
1724 988 1861 1046 εἶναι

238 1078 425 1149 αὐτὴν
461 1079 500 1151 ἢ
545 1081 607 1134 τὸ
635 1075 774 1151 αἷμα
803 1082 982 1136 αὐτῶν
1013 1082 1414 1153 μεμαθηκότες,
1440 1084 1536 1137 κα.)⁵
1567 1083 1666 1157 τὴν
1695 1087 1752 1138 ὲν
1783 1083 1862 1154 τῷ

238 1171 449 1241 αἵματι
521 1172 763 1244 ζωτικὴν
818 1172 1067 1244 δύναμιν,
1122 1175 1150 1228 δ
1209 1176 1304 1228 καὶ
1356 1175 1614 1246 παρέχειν
1664 1175 1861 1238 αὐτοὺς

235 1263 400 1315 ὥσπε
410 1281 448 1335 ρ
473 1263 663 1334 ψυχὴν
687 1265 813 1318 ἀντὶ·
834 1265 1013 1336 ψυχῆς
1037 1267 1405 1337 ἀναφέροντας
1428 1267 1504 1338 τῷ
1525 1267 1661 1338 Θεῷ.
1690 1268 1861 1320 Τοῦτο

233 1354 294 1406 δὲ
341 1351 497 1408 αὐτὸ
553 1358 758 1428 Μωσῆς
807 1357 1108 1414 λευκότατά
1155 1377 1257 1412 που
1311 1361 1586 1430 διασαφεῖ,
1647 1359 1856 1428 λέγων’

242 1465 262 1498 ⁸
308 1448 499 1519 Ψυχὴ
548 1449 731 1520 πάσης
784 1450 984 1522 σαρκὸς
1035 1446 1173 1521 αἷμα
1215 1451 1380 1506 αὐτοῦ
1426 1454 1563 1514 ἐστι,
1611 1453 1706 1504 καὶ
1750 1449 1860 1518 ἐγὼ

233 1537 470 1592 δέδωκα.
523 1541 654 1610 ὑμῖν
701 1541 764 1593 τὸ
796 1535 936 1611 αἷμα
971 1543 1064 1595 ἐπὶ
1095 1542 1187 1594 τοῦ
1235 1542 1643 1614 θυσιαστηρίου,
1676 1542 1860 1609 ἐξιλά-

239 1631 493 1684 σκεσθαι
531 1633 662 1703 περὶ
688 1632 796 1686 τῶν
824 1633 1109 1704 ἁμαρτιῶν
1160 1634 1335 1704 ὑμῶν.
1363 1635 1436 1688 Τὸ
1462 1634 1571 1706 γὰρ
1599 1629 1736 1706 αἷμα
1765 1637 1862 1690 αὺ-

233 1719 355 1771 τῶν
410 1721 549 1773 ἀντὶ
591 1720 773 1791 ψυχῆς
812 1721 1134 1788 ἐξιλάσεται.
1172 1722 1270 1776 Διὰ
1321 1723 1477 1776 τοῦτο
1508 1724 1703 1794 εἴρηκα
1747 1727 1859 1787 τοῖς

237 1814 386 1874 υἱοῖς
451 1813 738 1884 Ἰσραήλο-
776 1815 932 1867 Πᾶσα
991 1814 1135 1886 ψυχὴ
1193 1815 1252 1880 ἐξ
1316 1815 1468 1886 ὑμῶν
1516 1817 1576 1868 ού
1624 1816 1856 1886 φάγεται

1969 620 2064 676 sed
2095 637 2218 676 cum
2234 622 2368 675 nihil
2395 621 2742 690 praestantius
2785 629 2878 674 aut
2905 621 3199 691 pretiosius
3225 621 3403 674 anima
3439 637 3538 676 sua

1964 714 2250 778 haberent,
2278 713 2423 784 quod
2445 713 2713 778 dicarem,
2743 729 2842 784 pro
2869 713 2972 768 hac
2999 714 3218 768 interim
3250 715 3536 768 brutorum

1964 805 2280 858 animalium
2307 805 2474 860 vitam
2499 802 2816 868 oﬂerehatit,
2843 805 2916 858 ita
2946 820 3058 859 suae
3078 806 3320 874 ipsorum
3346 806 3538 859 anima:

1963 894 2296 949 sacriﬁcium
2328 896 2462 950 illud
2493 902 2872 966 comparantes
2903 915 2916 949 :
2950 911 3126 966 neque
3147 911 3206 951 se
3231 896 3286 950 in
3310 896 3412 950 hoc
3444 905 3538 950 aut

1963 981 2299 1053 delinquere,
2322 991 2416 1038 aut
2439 984 2641 1054 injuste
2666 984 2844 1040 facere
2867 985 3277 1040 arbitrabantur
3301 1005 3314 1041 :
3336 986 3536 1057 quippe

1962 1074 2057 1144 qui
2087 1073 2370 1128 hominum
2415 1075 2726 1142 rationalis,
2759 1081 2921 1144 atque
2952 1075 3306 1146 intelligentia
3337 1077 3534 1147 praedi-

1964 1174 2031 1220 taa
2073 1165 2272 1221 anima:
2322 1166 2636 1236 neutiquam
2684 1166 2915 1220 similem
2972 1165 3260 1222 brutorum
3299 1167 3535 1221 animam

1963 1274 2084 1314 esse
2108 1257 2449 1323 didicissent,
2473 1273 2649 1329 neque
2663 1257 2810 1313 aliud
2829 1257 3118 1328 quicquam
3141 1274 3304 1329 quam
3319 1259 3532 1314 illorum

1963 1353 2304 1422 sanguinem,
2350 1351 2675 1422 vitalemque
2705 1353 2760 1406 in
2803 1367 2867 1407 eo
2899 1352 3004 1405 vim
3041 1367 3164 1407 esse
3189 1368 3329 1420 eam,
3359 1353 3536 1407 edocti

1961 1452 2164 1507 essent,
2193 1443 2408 1513 hocque
2436 1459 2602 1496 unum
2638 1443 2879 1513 praebere
2904 1460 2963 1498 se
2978 1444 3134 1514 quasi
3163 1444 3400 1498 animam
3426 1442 3536 1499 Deo

1963 1533 2273 1602 proanima
2305 1531 2615 1604 olferentes.
2642 1531 2755 1586 Hoc
2785 1540 2965 1587 autem
3001 1534 3178 1603 ipsum
3203 1532 3379 1588 Moses
3400 1549 3537 1603 quo-

1962 1622 2086 1676 dam
2123 1624 2242 1680 loco
2271 1623 2590 1693 planissime
2613 1623 2838 1690 indicat,
2869 1624 2960 1678 ubi
2995 1625 3071 1678 ait
3106 1643 3117 1677 ε
3153 1643 3171 1674 i
3202 1625 3395 1678 Anima
3419 1641 3537 1678 om-

1960 1712 2048 1768 nis
2081 1713 2268 1768 carnis
2307 1714 2531 1783 sanguis
2570 1713 2689 1782 ejus
2721 1721 2824 1777 est,
2866 1724 2920 1769 et
2952 1730 3052 1784 ego
3086 1714 3207 1770 dedi
3232 1716 3386 1772 vobis
3416 1732 3541 1770 sau-

1963 1803 2180 1874 guinem
2230 1803 2285 1858 in
2327 1805 2485 1858 altari
2520 1804 2587 1857 ad
2637 1803 2963 1874 expiandum
2999 1819 3098 1874 pro
3154 1806 3392 1874 peccatis
3445 1822 3536 1860 ve-

239 1897 415 1972 αἷμα.
473 1923 494 1956 ι
539 1905 788 1975 Πρόσχες
830 1905 960 1973 γοῦν
1008 1907 1281 1978 ἐπιμελῶς
1320 1909 1378 1960 ἐν
1426 1908 1656 1973 τούτοις,
1708 1910 1849 1972 ὅπως

1960 1898 2090 1953 stris
2125 1916 2139 1953 :
2174 1898 2398 1968 sanguis
2438 1898 2581 1952 enim
2611 1913 2798 1952 eorum
2829 1913 2926 1968 pro
2952 1899 3132 1952 anima
3163 1900 3420 1969 expiabit.
3451 1898 3539 1953 ld-

241 1991 481 2062 εῖρηται
515 1994 599 2057 τὸ,
641 2014 658 2045 ι
719 1994 859 2064 Ἐγὼ
899 1996 1107 2050 δέδωκα
1143 1998 1271 2068 ὑμῖν
1317 1999 1409 2051 ἐπὶ
1438 1998 1531 2051 τοῦ
1563 1998 1855 2070 θυσιαστη-

241 2085 367 2153 ρίου
425 2085 818 2149 ἐξιλάσκεσθαι
864 2088 993 2158 περὶ
1035 2088 1143 2141 τῶν
1184 2089 1369 2160 ψυχῶν
1408 2089 1591 2160 ὑμῶν’
1639 2091 1699 2143 τὸ
1745 2091 1854 2163 γὰρ

238 2171 387 2247 αἷμα
421 2179 553 2231 ἀντὶ
584 2180 686 2250 τῆς
713 2180 892 2251 ψυχῆς
934 2179 1253 2246 ἐξιλάσεται.
1298 2201 1322 2232 ι.
1368 2183 1561 2252 Σαφῶς
1583 2182 1690 2255 γὰρ
1734 2183 1854 2236 ἀντὶ

240 2270 356 2340 τῆς
378 2271 748 2342 ἀνθρωπίνης
775 2272 952 2343 ψυχῆς
985 2273 1046 2324 τὸ
1074 2272 1183 2325 τῶν
1218 2275 1665 2345 σφαγιαζομένων
1700 2274 1852 2340 ζώων

239 2356 390 2432 αἷμά
420 2381 597 2434 φησιν
643 2364 1046 2430 ἐξιλάσκεσθαι.
1080 2365 1250 2418 Τοῦτο
1285 2365 1340 2417 δὲ
1377 2366 1508 2420 αὐτὸ
1544 2367 1638 2420 καὶ
1667 2367 1694 2419 ὁ
1727 2368 1854 2438 περὶ

241 2455 354 2508 τῶν
387 2456 604 2510 θυσιῶν
646 2458 810 2528 νόμος
839 2457 1128 2514 ὑποϐάλλει
1151 2461 1290 2510 νοεῖν
1318 2459 1396 2529 τῷ
1424 2460 1852 2531 τεθεωρημένως

245 2547 579 2601 σκοποῦντι.
616 2550 803 2602 Πάντα
841 2548 971 2618 γοῦν
1005 2550 1116 2602 τὸν
1145 2549 1340 2602 θύοντα
1369 2550 1466 2614 τὰς
1509 2555 1695 2624 χεῖρας
1735 2553 1853 2604 επι-

244 2635 477 2691 6άλλειν
510 2638 843 2707 προστάττει
885 2642 951 2710 τῇ
988 2639 1198 2710 κεφαλῇ
1231 2640 1324 2692 τοῦ
1364 2643 1649 2712 θυομένου,
1685 2659 1852 2712 προσ-

246 2726 512 2796 κομίζειν
545 2729 619 2785 δὲ,
639 2730 700 2782 τὸ
732 2729 871 2794 ζῶον
903 2729 980 2801 τῷ
1012 2731 1150 2802 ἱερεῖ
1171 2733 1271 2802 τῆς
1306 2733 1545 2802 κεφαλῆς
1573 2735 1849 2804 ἐχόμενον,

246 2821 462 2874 ὡσανεὶ
492 2822 638 2893 ὑπὲρ
679 2823 777 2893 τῆς
813 2821 1006 2875 ἑαυτοῦ
1036 2823 1279 2894 κεφαλῆς
1305 2825 1364 2877 τὸ
1399 2809 1592 2896 ἱερεῖον
1617 2825 1855 2896 προσφέ-

251 2928 442 2982 ρπντα.
490 2914 658 2982 Λέγει
706 2915 751 2968 δ’
798 2911 890 2973 οὖν
937 2917 1022 2985 ἐφ’
1057 2918 1290 2988 ἑκάστῳ·
1331 2938 1349 2968 ι
1403 2916 1668 2989 Προσάξει
1720 2920 1853 2972 αὐτὸ

247 3003 438 3058 luam
479 3006 710 3078 Κυρίου,
742 3008 836 3061 καὶ
879 3009 1136 3080 ἐπιθήσει
1180 3009 1279 3074 τὰς
1319 3013 1509 3081 χεῖρας
1555 3011 1718 3064 αὑτοῦ
1762 3012 1853 3066 ἐπὶ

245 3097 355 3169 τὴν
388 3099 640 3169 κεφαλὴν
684 3100 777 3153 τοῦ
831 3101 1028 3172 δώρου.
1072 3121 1090 3153 ι
1140 3104 1254 3155 Καὶ
1282 3101 1456 3166 οὕτως
1488 3103 1571 3171 ἐφ’
1621 3104 1850 3159 ἑκάστου

249 3192 560 3262 τετήρηται
589 3190 847 3261 θύματος,
877 3193 1134 3264 οὐδεμιᾶς
1165 3193 1356 3259 θυσίας
1386 3194 1559 3258 ἄλλως
1590 3197 1854 3268 ἀναφερο-

217 3284 220 3288 ’
253 3281 452 3354 μένης.
486 3283 567 3336 Δι’
600 3276 676 3336 ὧν
708 3286 738 3337 6
780 3283 958 3353 λόγος,
989 3286 1071 3339 ὅτι
1111 3286 1174 3358 δὴ
1209 3287 1476 3358 ἀντίψυχα
1525 3288 1627 3358 τῆς
1672 3289 1850 3342 αὐτῶν

246 3375 438 3445 ψυχῆς
455 3377 774 3446 προσήγετο
792 3377 861 3430 τὰ
884 3375 1300 3448 ζωοθυτούμενα
1320 3397 1333 3408 ’
1370 3382 1398 3432 6
1437 3379 1492 3432 δὲ
1513 3379 1620 3435 τῶν
1641 3381 1851 3449 ἀλόγων

251 3466 414 3532 ζώων
456 3466 518 3519 τὺ
546 3462 687 3538 αἷμα
714 3467 816 3540 τὴν
849 3468 1026 3540 ψυχὴν
1057 3466 1196 3524 εἶναι
1229 3469 1448 3535 διδάξας
1479 3471 1726 3542 ούδαμῶς
1767 3472 1852 3524 λο-

250 3559 420 3630 γικῆς
451 3560 549 3613 καὶ
576 3563 768 3632 νοερᾶς
799 3562 986 3625 οὐσίας
1017 3562 1218 3632 ὁμοίως
1247 3566 1360 3627 τοῖς
1380 3561 1687 3634 ἀνθρώποις
1720 3580 1850 3633 μετ-

251 3651 400 3721 ἔχειν
431 3650 575 3705 αὐτὰ
602 3653 957 3724 παρίστησιν·
1006 3648 1144 3707 εἶναι
1195 3653 1512 3726 γὰραύτῶν
1535 3655 1633 3724 τὴν
1664 3653 1852 3708 σύστα-

253 3759 341 3795 σιν
373 3742 437 3808 ἐξ
468 3743 605 3815 ὕλης
639 3745 733 3798 καὶ
768 3748 1056 3815 σωμάτων,
1082 3748 1194 3809 τοῖς
1221 3745 1347 3798 ἀπὸ,
1370 3746 1470 3816 γῆς
1505 3745 1706 3817 βλαστὴ
1716 3765 1848 3817 μασι

251 3833 348 3884 καὶ
393 3836 586 3902 φυτοῖς
637 3834 1043 3905 παραπλησίαν.
1092 3837 1280 3890 Ἐνὶτδ’
1321 3833 1414 3890 οὖν
1452 3836 1599 3908 λόγῳ
1634 3837 1792 3891 πάλιν
1820 3839 1847 3890 6

251 3923 466 3994 Μωσῆς
507 3941 642 3995 φησι
684 3925 776 3978 τὸν
811 3926 944 3979 Θεὸν
993 3929 1197 3983 εἰπεῖν’
1247 3948 1265 3980 ι
1303 3929 1725 4002 Βλαστησάτωή
1775 3932 1848 4003 γῆ

256 4012 492 4087 βοτάνην
522 4017 739 4087 χόρτου,
776 4020 998 4087 σπεῖρον
1045 4020 1265 4091 σπέρμα
1306 4022 1400 4074 καὶ
1445 4021 1605 4088 ξύλον
1649 4023 1848 4094 κάρπι-

259 4121 380 4175 μον.
414 4125 434 4157 ι
470 4107 586 4159 Καὶ
617 4103 774 4171 αὖθις
804 4109 1222 4181 παραπλησίως’
1267 4130 1299 4164 ι»
1341 4113 1686 4183 Ἐξαγαγέτω
1716 4117 1749 4185 ἠ
1773 4115 1843 4186 γῆ

251 4198 582 4269 τετράποδα,
627 4200 722 4252 καὶ
764 4201 999 4272 ἑρπετά,
1047 4204 1140 4259 κα).
1190 4204 1355 4276 θηρία
1404 4206 1505 4277 τῆς
1553 4208 1654 4278 γῆς
1704 4207 1845 4261 κατὰ

253 4289 428 4357 γένος.
475 4308 496 4341 ι
540 4290 700 4344 Ὥστε
726 4293 1036 4364 ὁμοιογενῆ,
1067 4296 1173 4348 καὶ
1199 4296 1436 4369 όμοφυῆ,
1465 4299 1558 4351 καί
1585 4299 1845 4370 όμοούσια

251 4378 392 4435 εἶναι
423 4382 678 4452 ἡγεῖσθαι
711 4387 824 4449 τοῖς
853 4387 961 4440 ἀπὸ
993 4388 1098 4458 γῆς
1143 4388 1486 4461 βλαστήμασι
1516 4391 1607 4444 καὶ
1658 4396 1844 4462 φυτοῖς

247 4474 317 4527 τὰ
344 4473 555 4542 ἄλογα·
590 4474 690 4527 διδ-
714 4477 810 4530 καὶ
859 4479 1126 4550 μηδαμῶς
1163 4481 1502 4552 πλημμελεῖν
1537 4483 1664 4546 τοὺς
1705 4482 1842 4547 ζωο-

1959 1991 2105 2045 circo
2140 1990 2250 2046 dixi
2279 1990 2405 2046 [iliis
2448 1988 2615 2046 Israel
2649 2009 2662 2044 :
2707 1989 2897 2046 Omnis
2929 1990 3109 2048 anima
3140 2007 3206 2046 ex
3237 1992 3390 2047 vobis
3427 2008 3537 2047 non

1958 2085 2205 2140 comedet
2237 2084 2559 2154 sanguinem
2597 2083 2660 2135 ⁸⁸.
2705 2102 2723 2134 ι
2759 2081 2990 2136 Attende
3023 2082 3189 2152 igitur
3224 2082 3533 2153 diligenter,

1958 2176 2234 2246 quomodo
2275 2175 2332 2229 in
2362 2175 2446 2229 his
2473 2173 2680 2228 dictum
2712 2172 2784 2226 sit
2811 2172 2946 2226 illud
2981 2192 2993 2227 :
3032 2192 3049 2223 ι
3086 2172 3198 2244 Ego
3228 2173 3348 2228 dedi
3381 2176 3536 2230 vobis

1959 2269 2013 2322 in
2044 2269 2203 2322 altari
2227 2268 2450 2338 expiare
2479 2268 2690 2321 animas
2711 2275 2930 2322 .vestras
2958 2285 2973 2334 ;
3007 2267 3232 2337 sanguis
3254 2268 3398 2321 enim
3435 2284 3536 2338 pro

1957 2359 2138 2412 anima
2168 2359 2443 2428 piaculum
2472 2358 2595 2414 erit.
2625 2375 2645 2408 ι
2679 2355 2844 2411 Plane
2864 2356 3008 2411 enim
3034 2374 3131 2427 pro
3152 2358 3386 2413 humana
3416 2363 3536 2416 aui-

1957 2465 2066 2512 ma,
2119 2458 2478 2507 mactatorum
2523 2448 2840 2504 animalium
2891 2451 3210 2518 sanguinem
3258 2454 3534 2521 piaculum

1957 2539 2139 2595 otierri
2186 2540 2341 2595 dicit.
2363 2540 2497 2600 Hoc
2530 2539 2670 2593 idem
2703 2536 2866 2591 etiam
2898 2537 2988 2591 lex
3027 2538 3094 2594 de
3130 2540 3415 2596 sacriﬁciis
3438 2543 3535 2598 ad-

1956 2642 2141 2690 monet
2186 2635 2618 2704 intelligendum,
2653 2637 2700 2690 si
2750 2637 2875 2707 quis
2926 2639 3086 2691 modo
3135 2635 3535 2693 consideratius

1956 2728 2275 2786 attenderit.
2309 2727 2444 2782 Nam
2476 2731 2639 2799 capiti
2665 2731 2897 2784 victimae
2928 2745 3369 2800 unumquemque
3402 2728 3532 2783 dum

1955 2819 2230 2877 sacrificat
2248 2837 2446 2876 manus
2474 2821 2676 2877 habere
2715 2824 2946 2892 injectas
2982 2825 3233 2892 imperat,
3269 2834 3321 2876 et
3354 2820 3420 2874 ad
3446 2836 3535 2876 sae

1954 2908 2228 2964 cerdotem
2261 2910 2462 2964 animal
2487 2909 2666 2980 ipsum
2691 2911 2962 2968 adducere
2985 2913 3160 2982 capite
3181 2911 3535 2982 comprehen-

1955 3015 2100 3066 sum,
2134 3010 2296 3071 atque
2325 3002 2628 3068 detentum,
2656 3004 2815 3073 quasi
2839 3005 2932 3075 qui
2973 3019 3073 3075 pro
3104 3019 3206 3060 suo
3235 3003 3408 3075 ipsius
3436 3017 3528 3056 ca-

1955 3094 2066 3164 pite
2095 3091 2333 3150 hostiam
2360 3093 2651 3162 exhibeat;
2685 3095 2818 3150 dicit
2849 3099 3014 3168 igitur
3059 3098 3126 3157 de
3163 3111 3530 3167 unoquoque:

1960 3203 1979 3236 ι
2016 3184 2265 3242 Adducet
2303 3186 2434 3240 illud
2461 3191 2590 3240 ante
2636 3184 2950 3254 Dominum,
2983 3196 3035 3244 et
3067 3189 3308 3260 imponet
3335 3201 3532 3244 manus

1879 3251 1923 3312 (ἶ
1959 3293 2089 3333 suas
2114 3279 2167 3332 in
2201 3287 2366 3351 caput
2411 3283 2658 3339 muneris
2690 3285 2752 3337 ".
2791 3303 2812 3335 ι
2845 3282 3001 3349 Quod
3039 3299 3171 3337 sane
3202 3281 3256 3336 in
3279 3282 3424 3336 omni
3447 3281 3532 3336 vi-

1955 3373 2122 3427 ctima
2150 3373 2500 3429 observatum
2529 3384 2634 3442 est,
2684 3392 2808 3430 cum
2858 3376 3016 3430 aliter
3060 3376 3267 3429 nullum
3316 3372 3529 3430 sacriﬁ-

1954 3466 2098 3520 cium
2149 3463 2536 3534 oli'eratur.,Ex
2568 3468 2768 3538 quibus
2806 3467 2990 3537 utique
3023 3467 3204 3522 verbis
3236 3480 3417 3522 sermo
3446 3464 3531 3518 di-

1953 3556 2115 3611 vinus
2167 3555 2301 3610 illud
2335 3555 2562 3628 intelligi
2613 3560 2749 3622 vult,
2807 3560 3168 3613 humanarum
3221 3558 3526 3610 animarum

1952 3650 2209 3718 pretium,
2250 3666 2372 3720 quae
2400 3651 2848 3710 sacriﬁcarentur
2877 3648 3132 3704 animalia
3165 3647 3410 3703 exhiberi
3439 3662 3531 3702 so-

1953 3743 2047 3810 lita
2082 3759 2226 3800 esse.
2255 3743 2428 3799 Porro
2451 3753 2634 3800 autem
2665 3748 2758 3816 qui
2797 3745 2954 3800 docet
2993 3743 3277 3798 brutorum
3313 3741 3523 3795 anima-

1950 3836 2082 3892 lium
2113 3840 2460 3908 sanguincm,
2505 3841 2748 3910 ipsorum
2783 3855 2906 3895 esse
2948 3837 3208 3901 animam,
3245 3836 3293 3892 is
3320 3850 3528 3905 nequa-

1949 3945 2112 4000 quam
2138 3946 2202 3986 ea
2235 3946 2360 3988 cum
2395 3932 2648 3990 rationali
2697 3932 2807 4003 36
2840 3939 3004 4001 atque
3035 3929 3366 4000 intelligente
3397 3927 3527 3982 sub-

1951 4023 2173 4086 stantia,
2214 4023 2358 4077 sicut
2405 4024 2652 4079 homines
2688 4021 3074 4078 commercium
3125 4021 3323 4076 habere
3358 4017 3530 4088 signi-

1952 4110 2096 4166 ﬁcat.
2136 4111 2405 4171 Constare
2437 4115 2582 4170 enim
2611 4130 2679 4170 ex
2711 4129 2772 4168 ea
2804 4113 3031 4168 materia
3078 4120 3128 4167 et
3175 4109 3523 4182 corporibus,

1948 4206 2092 4262 sicut
2148 4207 2474 4277 pullulantia
2518 4209 2700 4263 omnia
2732 4208 3038 4277 plantasque
3085 4214 3360 4260 constant.
3405 4203 3527 4260 Uno

1947 4299 2132 4369 itaque
2170 4314 2424 4355 sermone
2456 4315 2650 4355 rursus
2679 4298 2857 4354 Moses
2894 4298 3064 4354 Deum
3103 4315 3259 4354 usum
3291 4298 3524 4363 inducit,

1946 4406 2072 4446 cum
2103 4393 2224 4447 ait:
2270 4411 2288 4444 ι
2330 4392 2610 4448 Germinet
2634 4400 2778 4446 terra
2814 4391 3034 4446 herbam
3077 4390 3206 4445 freni
3254 4389 3526 4446 seminano

1947 4486 2017 4539 tis
2046 4500 2252 4548 semen,
2302 4492 2360 4540 ut
2411 4485 2615 4555 lignum
2646 4483 2990 4538 fructiferum
3036 4485 3103 4537 ³ο.
3147 4503 3164 4534 ι
3221 4483 3286 4536 Et
3335 4482 3520 4537 eadem

248 4562 571 4628 θυτοῦντας.
589 4565 820 4640 Εἴρηται
841 4569 972 4638 γοῦν
992 4571 1086 4624 καὶ
1102 4570 1180 4642 τῷ
1201 4572 1346 4637 Νῶε,
1363 4573 1576 4628 ἐδεσθαι
1592 4575 1748 4647 κρέα,
1767 4577 1842 4642 ὡς

1952 4589 2140 4630 rursus
2174 4574 2386 4630 ratione
2418 4595 2430 4629 :
2468 4593 2486 4626 ‹
2522 4573 2794 4629 Producat
2834 4581 2979 4628 terra
3021 4572 3424 4644 quadrupedes,
3468 4582 3526 4628 et

247 4653 457 4728 λάχανα
469 4657 817 4728 άτροῦ.”Εως
836 4663 934 4732 μὲν
952 4659 1044 4716 οὖν
1053 4663 1274 4717 οὐδέπω
1288 4664 1348 4717 τὸ
1365 4669 1632 4737 κρεῖττον,
1645 4668 1765 4724 οὐδὲ
1782 4670 1842 4722 τὸ

251 4747 396 4818 μέγα
440 4750 539 4804 καὶ
576 4751 776 4823 τίμιον,
808 4755 900 4808 καὶ
924 4753 1226 4826 θεοπρεπὲς
1261 4756 1486 4826 σφάγιον
1519 4761 1838 4832 παρῆνιάν-

247 4837 508 4910 θρώποις,
525 4845 644 4907 ταῖς
658 4843 746 4897 διὰ
761 4844 915 4908 ζώων
931 4846 1142 4911 θυσίαις
1158 4847 1328 4920 λύτρα
1338 4850 1436 4918 τῆς
1453 4851 1658 4904 ἑαυτῶν
1671 4852 1833 4924 ζωῆς,

247 4932 339 4985 καὶ
369 4933 643 5005 ἀντίψυχα
670 4937 771 5008 τῆς
797 4938 1004 5002 οἰκείας
1043 4939 1256 5009 φύσεως
1289 4945 1672 5013 προσηκόντως
1700 4947 1836 4998 ἁπο-

244 5022 443 5078 διδόναι
477 5027 618 5098 χρῆν
647 5027 726 5099 τῷ
748 5028 897 5101 Θεῷ’
927 5031 1003 5095 ὡς
1032 5033 1123 5085 καὶ
1160 5032 1428 5105 ἔπραττον
1451 5038 1498 5088 οἱ
1527 5036 1694 5095 πάλαι
1720 5036 1837 5089 θεο-

245 5117 440 5186 φιλεῖς,
468 5119 665 5188 σεμνόν
696 5137 746 5173 τι
775 5123 867 5174 καὶ
903 5123 1146 5193 θεοφιλὲς
1171 5126 1264 5178 καὶ
1299 5125 1440 5196 μέγα
1471 5128 1835 5198 ἱερεῖονμῆξειν

246 5210 376 5263 ποτὲ
403 5210 835 5282 είςεάνθρώπους
860 5214 936 5286 τῷ
951 5216 1090 5288 θείῳ
1116 5218 1396 5290 Πνεύματι
1420 5220 1829 5291 προειληφότες,

244 5302 301 5354 τὸ
327 5301 422 5354 “ro-3
466 5304 673 5367 παντὸς
705 5306 1000 5380 καθάρσιον
1024 5309 1251 5381 κόσμου,
1279 5307 1339 5366 οὗ
1356 5313 1462 5365 ικαὶ
1489 5311 1558 5365 τά
1586 5314 1830 5385 σύμϐολα

244 5391 379 5456 τέως
412 5394 685 5449 ἐπιτελεῖν
727 5398 920 5463 αὐτοὺς
952 5403 1238 5473 προφήτας
1271 5402 1450 5466 ὂντας,
1487 5404 1580 5456 καὶ
1607 5405 1668 5457 τὸ
1703 5404 1831 5475 μέλ-

245 5481 331 5535 λον
379 5483 603 5538 ἔσεσθαι
649 5491 1146 5561 προτυπουμένους·
1204 5493 1390 5564 ἐπειδὴ
1436 5493 1494 5545 δὲ
1528 5494 1588 5546 τὸ
1627 5494 1828 5549 τέλειον

245 5575 450 5645 παρῆν,
480 5580 592 5640 τοῖς
636 5578 746 5630 τῶν
789 5582 1083 5652 προφητῶν
1119 5584 1428 5647 ἀκολούθως
1467 5584 1823 5655 θεσπίσμασι,

248 5663 488 5721 πέπαυτο
524 5667 591 5720 κὰ
630 5668 825 5739 πρῶτα
869 5673 963 5725 καὶ
1006 5672 1195 5727 λέλυτο
1234 5676 1578 5747 παραχρῆμα
1603 5676 1691 5729 διὰ
1730 5680 1827 5748 τῆς

318 5847 361 5878 ⁸⁸
405 5845 579 5905 chit.
619 5863 728 5902 ςνιι
756 5888 771 5916 ,
838 5850 1017 5914 il,i“_‘.

1100 5855 1138 5886 ‘°
1169 5850 1336 5906 chit.
1403 5871 1482 5918 ιιι,
1521 5854 1573 5917 5,
1605 5856 1656 5920 8,
1697 5855 1785 5922 l5;
1827 5871 1895 5922 tv,
1940 5855 1983 5920 ί,
2017 5855 2218 5924 “24,29,
2254 5856 2341 5912 55.
2421 5859 2463 5890 ²⁰
2497 5855 2627 5913 Gen.
2664 5873 2698 5923 ι,
2737 5857 2816 5912 ιι.

1951 4666 2167 4736 reptilia
2193 4705 2208 4732 ,
2255 4674 2310 4722 et
2359 4667 2565 4722 bestias
2599 4673 2760 4724 terra:
2807 4667 3104 4736 generatim
3136 4667 3202 4718 “.
3241 4684 3258 4716 ι
3303 4663 3370 4719 Ut
3400 4680 3520 4718 om-

1949 4759 2080 4814 nino
2126 4759 2373 4830 ejusdem
2419 4767 2474 4815 et
2515 4758 2729 4830 generis
2772 4767 2826 4814 et
2857 4767 3064 4812 naturae
3095 4767 3148 4811 et
3200 4758 3522 4812 substantiae

1944 4850 2103 4904 bruta
2131 4867 2252 4909 esse
2281 4852 2573 4912 dicendum
2603 4852 2694 4915 sit,
2728 4852 2886 4921 cujus
2916 4857 2970 4906 et
3008 4848 3370 4919 germinantia
3401 4865 3522 4904 om-

1943 4945 2035 4998 nia
2086 4952 2140 4998 et
2204 4945 2401 5013 plantas
2445 4951 2594 5000 sunt.
2660 4943 2896 4998 Proinde
2946 4943 3266 5005 neutiquam
3313 4957 3520 5010 errare,

1941 5035 2036 5105 qui
2086 5036 2341 5091 animalia
2383 5037 2716 5094 sacriﬁcant.
2760 5036 2969 5090 Dictum
3019 5035 3182 5104 igitur
3226 5041 3310 5089 est
3352 5034 3521 5088 etiam

1939 5126 2072 5195 Noe,
2105 5136 2164 5183 ut
2185 5131 2493 5186 comederet
2513 5145 2729 5197 carnes,
2753 5129 2911 5199 quasi
2937 5127 3086 5182 olera
3119 5127 3255 5196 agri.
3283 5125 3522 5181 Proinde

1938 5220 2067 5276 dum
2101 5221 2250 5276 nulla
2281 5223 2647 5292 prarstantlor,
2682 5237 2858 5290 neque
2884 5220 3079 5288 major,
3112 5235 3287 5288 neque
3314 5217 3520 5288 pretio-

1937 5313 2071 5378 sior,
2115 5328 2292 5384 neque
2323 5311 2435 5369 Deo
2484 5313 2898 5368 convenientior
2948 5311 3166 5364 victima
3201 5311 3516 5365 hominibus

1941 5404 2130 5460 aderat
2161 5424 2173 5461 :
2207 5405 2476 5460 sacriﬁcia
2518 5405 2738 5460 interim
2780 5419 2845 5458 ex
2882 5403 3234 5467 animalibus,
3267 5418 3366 5474 pro
3412 5418 3511 5458 sua

1941 5494 2185 5566 ipsorum
2221 5495 2330 5551 vita
2365 5494 2700 5562 redimenda,
2730 5502 2786 5550 et
2812 5491 3085 5565 quoddam
3114 5495 3271 5566 quasi
3305 5502 3517 5552 natura

1938 5587 2172 5657 propriae
2218 5588 2520 5642 animatum
2547 5589 2804 5658 pretium,
2840 5588 2944 5658 ipsi
2985 5587 3094 5646 Deo
3127 5587 3352 5643 reddere
3393 5588 3514 5641 illus

1938 5678 2324 5734 convenienter
2367 5680 2650 5748 oportebat
2699 5698 2729 5738 ε,
2763 5679 2915 5738 sicut,
2949 5680 3112 5737 etiam
3166 5678 3260 5732 Dei
3305 5685 3512 5733 veteres

2898 5858 2936 5889 “
2971 5857 3104 5913 ibid.
3139 5857 3228 5913 :10.
