4018 6512
556 407 626 460 87
1191 411 1460 467 cuscsn
1499 409 1976 466 CESARIENSIS
2013 409 2164 465 ore.
2207 409 2390 466 rans
2431 407 2496 465 ιι.
2537 440 2608 450 -
2645 387 3140 462 ΑΡοιοιιΕτιοΑζ
3733 395 3810 452 88

555 521 716 576 amici
746 533 799 580 et
838 527 1078 582 cultores
1109 527 1398 592 faciebant,
1422 530 1514 598 qui
1555 531 1914 586 venerabilem
1935 545 2127 601 quam-

2228 529 2320 583 τοῦ
2363 530 2667 600 κρείττονος
2691 527 2784 581 καὶ
2815 524 3048 597 ἀληθοῦς
3082 522 3372 593 ίερουγῖας.
3399 511 3568 582 Οὗτος
3595 517 3641 571 δ’
3673 511 3744 586 ἦν
3777 519 3812 570 6

555 611 703 675 dam,
751 611 969 683 Deoque
997 627 1296 686 acceptam,
1326 627 1378 674 et
1423 635 1671 688 magnam
1705 619 1957 682 hostiam,
1993 636 2126 674 ven-

555 709 735 757 turam
771 706 900 760 olim
949 708 1016 761 ad
1063 709 1334 772 homines,
1369 711 1554 765 divino
1595 713 1871 767 iudicante
1905 714 2122 781 spiritu,

555 799 710 845 tanto
746 803 874 851 ante
913 797 1237 863 didicerant,
1275 817 1396 872 qua:
1443 804 1608 858 totius
1651 803 1839 858 mundi
1889 805 2126 875 eXpiatio

555 883 846 940 exsisteret
881 905 896 942 :
922 890 1077 956 cujus
1109 890 1269 945 etiam
1301 895 1452 962 signa
1475 895 1718 964 quaedam
1747 903 1801 949 et
1843 905 1998 951 notas
2021 897 2127 966 ipsi

557 975 762 1032 interea
807 979 1020 1034 obirent
1066 991 1229 1052 atque
1277 989 1598 1054 perﬁcerent
1641 1009 1656 1043 :
1699 989 1899 1058 quippe
1937 989 2030 1059 qui
2072 999 2128 1045 et

559 1065 834 1133 propheta:
870 1079 1076 1136 essent,
1109 1081 1162 1126 et
1185 1074 1323 1142 ejus,
1357 1077 1498 1145 quod
1525 1078 1764 1131 futurum
1790 1089 2130 1148 exspectare-

555 1169 663 1218 tur,
697 1159 921 1228 ﬁguram
951 1165 1006 1218 in
1042 1179 1100 1220 se
1126 1167 1396 1236 quandam
1433 1177 1558 1224 ante
1583 1180 1848 1239 gerentes.
1891 1172 1992 1226 Ubi
2029 1189 2128 1226 au-

555 1257 663 1302 tern
695 1251 840 1318 quod
885 1253 1186 1323 perfectum
1231 1267 1349 1314 erat
1387 1261 1624 1325 advenit,
1669 1265 2124 1333 quemadmodum

559 1341 814 1398 vaticinia
851 1347 1236 1416 prophetarum
1283 1353 1668 1422 prazdixcrant,
1703 1359 1885 1425 priora
1913 1357 2004 1411 illa
2031 1357 2128 1412 de-

553 1431 787 1498 sierunt,
823 1449 876 1492 et
905 1443 1282 1508 praestantiore
1323 1448 1640 1515 veriorcque
1677 1448 1945 1503 sacriﬁcio
1979 1449 2127 1503 illico

554 1525 768 1582 sublata
793 1537 940 1584 sunt.
966 1530 1066 1586 Hic
1095 1543 1275 1589 autem
1305 1536 1406 1591 fuit
1429 1539 1682 1596 Christus
1707 1540 1821 1604 Dei,
1851 1541 1898 1594 is
1921 1540 1986 1596 de
2018 1557 2126 1611 quo

555 1619 876 1690 antiquitus,
915 1639 945 1676 a
976 1625 1167 1694 primis
1207 1645 1380 1699 usque
1411 1633 1748 1701 temporibus
1777 1634 1980 1687 dictum
2017 1643 2124 1699 est,

553 1709 698 1778 quod
737 1712 803 1766 ad
833 1713 1082 1771 homines
1123 1729 1268 1773 esset
1314 1731 1598 1787 venturus,
1629 1733 1790 1793 atque
1829 1725 2002 1778 instar
2035 1740 2127 1794 pe-

553 1803 710 1858 cudis
755 1819 852 1873 pro
899 1814 1015 1862 toto
1063 1813 1262 1878 gen’ere
1307 1811 1549 1870 humano
1593 1815 2030 1877 interﬁciendos,
2065 1822 2126 1868 ut

527 1893 696 1960 ’apud
727 1891 921 1948 Isaiam
955 1899 1277 1968 prophetam
1308 1902 1570 1970 scriptum
1603 1905 1849 1972 legimus,
1881 1905 1970 1958 ubi
2001 1905 2077 1958 ait
2108 1923 2121 1957 :

559 2003 578 2036 ι
609 1983 760 2040 Sicut
787 1987 905 2042 ovis
926 1988 992 2041 ad
1013 1991 1342 2046 occisionem
1367 1994 1564 2050 ductus
1585 2001 1689 2060 est,
1716 2005 1771 2048 et
1793 1995 1934 2048 sicut
1953 2011 2126 2066 agnus

553 2091 738 2131 coram
761 2079 1020 2134 tondente
1053 2081 1324 2136 obmutuit
1351 2086 1414 2135 ".
1451 2083 1578 2138 Item
1618 2084 1748 2138 dicit
1781 2105 1793 2139 :
1822 2103 1838 2134 ι
1869 2083 1968 2138 Hic
2003 2101 2127 2154 pec-

554 2177 673 2222 cata
703 2177 892 2222 nostra
926 2169 1051 2232 fert,
1088 2181 1141 2226 et
1172 2189 1270 2241 pro
1301 2173 1458 2229 nobis
1488 2175 1540 2228 in
1572 2175 1760 2229 dolore
1780 2183 1863 2230 est
1893 2195 1904 2229 :
1941 2185 1992 2230 et
2025 2191 2126 2231 nos

558 2259 927 2326 reputavimus
963 2277 1086 2316 eum
1119 2277 1240 2318 esse
1278 2265 1332 2318 in
1373 2266 1576 2328 labore,
1605 2275 1659 2322 et
1703 2267 1754 2319 in
1787 2267 1961 2336 plaga,
1997 2274 2049 2320 et
2071 2267 2127 2320 in

553 2347 880 2405 aﬁlictione:
921 2353 1038 2422 ipse
1079 2361 1258 2409 autem
1303 2356 1616 2410 vulneratus
1638 2365 1720 2412 est
1753 2365 1974 2426 propter
1999 2372 2128 2426 pec-

553 2451 672 2496 cata
700 2451 913 2506 nostra,
955 2453 1008 2500 et
1053 2447 1173 2500 tulit
1215 2449 1526 2518 languorem
1559 2461 1777 2518 propter
1811 2449 2126 2518 iniquitates

545 2547 768 2591 nnsuas
806 2557 818 2589 :
851 2537 1136 2606 disciplina
1174 2541 1325 2609 pacis
1357 2553 1556 2596 nostra:
1579 2559 1742 2611 super
1769 2559 1890 2597 eum
1919 2560 1930 2594 :
1957 2544 2127 2598 livore

549 2627 671 2694 ejus
715 2643 817 2682 nos
858 2631 1034 2683 sanati
1084 2647 1295 2694 sumus,
1341 2641 1393 2687 et
1431 2631 1693 2689 Dominus
1727 2635 1952 2688 tradidit
1999 2651 2123 2689 eum

550 2721 788 2788 peccatis
819 2724 1020 2777 nostris
1049 2741 1062 2777 :
1091 2723 1207 2793 ipse
1237 2726 1378 2778 enim
1412 2737 1690 2793 peccatum
1716 2741 1824 2779 non
1853 2727 1998 2792 fecit,
2029 2743 2127 2780 ne-

551 2825 658 2879 que
697 2812 951 2867 inventus
993 2821 1076 2866 est
1121 2813 1280 2868 dolus
1327 2815 1382 2867 in
1409 2829 1504 2868 ore
1542 2815 1682 2884 ejus.
1721 2835 1740 2872 ι
1777 2814 1986 2868 Similia
2017 2815 2122 2880 his,

551 2905 676 2956 item
704 2903 750 2938 "
770 2903 1033 2960 Jeremias
1051 2907 1188 2960 alter
1220 2906 1569 2961 Hebrzeorum
1607 2907 1868 2977 prepheta
1903 2909 2126 2962 inducta

549 3010 782 3064 persona
811 2995 1014 3052 Christi
1064 2999 1239 3066 palam
1275 3001 1521 3052 enuntiat
1563 2999 1750 3054 dicens
1791 3019 1808 3049 ι
1847 2999 1956 3070 Ego
1985 3001 2126 3054 sicut

551 3103 724 3156 agnus
753 3089 1039 3152 innocens,
1064 3091 1157 3160 qui
1190 3092 1422 3145 ducatur
1453 3093 1520 3146 ad
1545 3093 1963 3147 sacriﬁcandum
1993 3095 2058 3146 ³⁸.
2100 3115 2119 3145 ι

2229 619 2459 690 Χριστὸς
2491 617 2583 670 τοῦ
2624 615 2780 681 Θεοῦ,
2817 615 3022 670 ἀνωθεν
3047 615 3110 666 ἐκ
3137 611 3378 664 παλαιῶν
3411 609 3616 680 χρόνων
3649 607 3808 676 ἥξειν

2227 711 2306 772 είς
2337 707 2675 777 ἀνθρώπους,
2701 707 2793 760 καὶ
2815 705 3086 777 προϐάτου
3111 703 3266 773 δίκην
3293 703 3432 773 ὑπὲρ
3457 702 3656 764 παντὸς
3697 699 3808 750 τοῦ

2225 797 2335 852 τῶν
2373 798 2672 870 ἀνθρώπων
2711 798 2900 866 γένους
2938 793 3310 866 σφαγήσεσθαι
3361 791 3810 863 προαγορευόμε-

2226 907 2342 953 νος·
2448 907 2580 960 φησι
2619 889 2744 962 περὶ
2784 885 2944 942 αὐτοῦ
2986 886 3209 948 Ἠσαίας
3233 885 3262 937 6
3302 885 3605 955 προφήτης⁹
3641 899 3660 932 ‹
3713 880 3808 941 Ὠς

2227 983 2496 1054 πρόϐατον
2535 983 2627 1034 ἐπὶ
2667 981 2877 1051 σφαγὴν
2918 979 3080 1050 ἢχθη,
3112 979 3206 1031 καὶ
3253 978 3330 1040 ὡς
3359 974 3527 1047 ἀμνὸς
3555 973 3805 1027 ἐναντίον

2225 1075 2320 1128 τοῦ
2347 1075 2618 1143 κείροντος
2659 1072 2890 1142 ἄφωνος.
2945 1091 2964 1122 ι
3001 1071 3109 1124 Καὶ
3133 1067 3391 1135 ἐπιλέγειο
3435 1085 3452 1116 ι
3498 1057 3666 1128 Οὗτος
3697 1063 3807 1126 τὰς

2228 1167 2500 1239 ἁμαρτίας
2531 1167 2686 1236 ἡμῶν
2717 1165 2892 1236 φέρει,
2923 1165 3018 1216 καὶ
3050 1162 3178 1233 περὶ
3208 1159 3364 1230 ἡμῶν
3395 1159 3676 1210 ὀδυνᾶταιθ
3705 1156 3806 1208 καὶ

2226 1261 2388 1329 ἡμεῖς
2412 1256 2774 1327 ἐλογισάμεθα
2803 1255 2964 1310 αὐτὸν
2983 1250 3120 1306 εἶναι
3141 1255 3197 1305 ἐν
3229 1251 3372 1322 πόνῳ
3393 1249 3486 1302 καὶ
3509 1252 3564 1304 ἐν
3589 1247 3806 1318 πληγῇ,

2227 1352 2320 1404 καὶ
2372 1351 2428 1404 ὲν
2483 1349 2756 1403 κακώσει·
2801 1347 2962 1409 αὐτὸς
3013 1345 3068 1398 δὲ
3115 1341 3522 1416 ἐτραυματίσθη
3567 1339 3654 1392 διὰ
3697 1338 3808 1404 τὰς·

2229 1443 2506 1514 ἁμαρτίας
2549 1439 2725 1511 ἡμῶν,
2768 1439 2862 1494 καὶ
2905 1437 3304 1508 μεμαλάκισται
3329 1433 3416 1486 διὰ
3447 1433 3546 1494 τὰς
3575 1429 3808 1502 ἀνομίας

2227 1535 2402 1607 ἡμῶν.
2443 1534 2664 1587 Παιδεία
2691 1533 2912 1605 εἰρήνης
2941 1529 3095 1600 ἡμῶν
3125 1529 3210 1580 ἐπ’
3239 1526 3430 1580 αὐτόν·
3465 1523 3543 1595 τῷ
3571 1523 3806 1594 μώλωπι

2227 1629 2391 1682 αὑτοῦ
2429 1629 2590 1697 ἡμεῖς
2625 1624 2876 1695 ίάθημεν,
2913 1623 3004 1675 καὶ
3041 1619 3241 1690 Κύριος
3283 1616 3595 1688 παρέδωκεν
3639 1614 3807 1668 αὐτὸν

2227 1725 2345 1784 ταῖς
2403 1719 2702 1790 ἁμαρτίαις
2755 1715 2942 1786 ήμῶν·
2989 1713 3149 1776 αὐτὸς
3205 1711 3311 1781 γὰρ
3366 1708 3641 1778 ἁμαρτίαν
3697 1705 3808 1758 οὐκ

2229 1814 2504 1882 ἐποίησεν,
2531 1811 2640 1864 οὐδ’
2670 1807 2864 1880 εὑρέθη
2905 1807 3053 1868 δόλος
3078 1807 3134 1858 ἐν
3167 1803 3244 1874 τῷ
3288 1803 3512 1872 στόματι
3545 1797 3732 1852 αὑτοῦ.
3780 1817 3800 1849 ι

2227 1906 2309 1958 Tit
2357 1907 2516 1974 ὃμοια
2563 1901 2774 1964 τούτοις
2821 1901 2914 1953 καὶ
2971 1897 3235 1968 Ἱερεμίας
3287 1895 3472 1965 ἕτερος
3534 1890 3810 1962 Ἑϐραίων

2225 1999 2514 2070 προφήτης
2544 1997 2636 2048 ἐπὶ
2681 1991 2970 2064 προσώπου
3000 1991 3091 2044 τοῦ
3131 1987 3366 2060 Χριστοῦ
3401 1987 3684 2055 ἐπιφωνεῖ,
3714 1981 3808 2034 λέα

2227 2107 2338 2158 γων
2354 2108 2366 2120 ·
2387 2109 2406 2140 ι
2442 2090 2582 2157 Ἐγὼ
2601 2087 2676 2148 ὡς
2697 2086 2880 2156 ἀρνίον
2901 2085 3102 2142 ἄκακον
3119 2084 3382 2152 ἀγόμενον
3402 2078 3494 2131 τοῦ
3519 2075 3764 2130 θύεσθαι.
3781 2095 3800 2126 ο

2242 2179 2727 2250 Ἐπισφραγίζεται
2755 2179 2853 2239 τὰς
2879 2176 3082 2229 τούτων
3120 2176 3450 2246 προρρήσεις
3491 2172 3746 2240 Ἰωάννης
3775 2169 3808 2220 6

2229 2270 2536 2334 Βαπτιστὴς
2573 2269 2666 2322 καὶ
2707 2267 2800 2319 ἐπὶ
2846 2268 2944 2338 τῆς
2978 2266 3067 2319 τοῦ
3102 2265 3352 2334 Σωτῆρος
3401 2262 3556 2333 ἡμῶν
3597 2262 3805 2328 ἐπιφα-

2227 2363 2404 2425 νείας,
2436 2359 2579 2412 Ἰδὼν
2606 2360 2714 2429 γὰρ
2747 2359 2930 2422 αὑτὸν,
2973 2358 3066 2412 καὶ
3093 2361 3204 2420 τοῖς
3241 2355 3501 2427 παροῦσιν
3529 2353 3808 2418 ἐπιδείξας

2225 2453 2302 2516 ὼς
2338 2451 2446 2522 ἄρα
2485 2452 2648 2514 αὐτὸς
2689 2450 2772 2520 εἴη
2824 2453 2851 2502 6
2889 2449 3380 2520 προφητευόμενος,
3413 2445 3804 2516 ἐπεφώνησεν·

2233 2563 2252 2595 ι
2287 2544 2388 2597 Ἴδε
2417 2547 2446 2596 6
2469 2543 2640 2614 ἀμνὸς
2673 2541 2764 2593 τοῦ
2794 2539 2929 2592 Θεοῦ
2951 2579 2964 2602 ,
2994 2541 3021 2592 6
3057 2539 3225 2610 αἴρων
3263 2539 3361 2608 τὴν
3390 2536 3661 2608 ἁμαρτίαν
3705 2533 3806 2587 τοῦ

2227 2636 2453 2704 κόσμου.
2499 2653 2516 2684 ι
2551 2635 2679 2685 Ὅτε
2708 2631 2883 2686 τοίνυν
2910 2630 3048 2684 κατά
3074 2630 3170 2694 τὰς
3194 2629 3300 2684 τῶν
3335 2627 3627 2699 προφητῶν
3657 2644 3809 2697 μαρ-

2225 2727 2418 2797 τυρίας
2449 2725 2676 2794 εὓρηται
2699 2724 2760 2776 τὸ
2797 2722 2938 2793 μέγα
2971 2723 3064 2774 καὶ
3092 2722 3269 2791 τίμιον
3301 2719 3494 2788 λύτρον
3537 2717 3810 2772 Ἰουδαίων

2227 2819 2359 2889 ὁμοῦ
2395 2819 2488 2871 καὶ
2528 2817 2813 2887 Ἑλλήνων,
2848 2817 2909 2867 τὸ
2947 2815 3040 2868 τοῦ
3081 2814 3282 2878 παντὸς
3335 2814 3540 2883 κόσμου
3598 2809 3810 2878 καθάρ-

2229 2927 2362 2974 σιον,
2391 2911 2606 2964 πάντων
2629 2905 2928 2978 ἀνθρώπων
2957 2907 3262 2977 ἀντίψυχον,
3297 2905 3356 2960 τὸ
3384 2906 3562 2975 πάσης
3587 2901 3808 2973 κηλίδος

2227 3005 2319 3056 καὶ
2355 3002 2629 3072 ἁμαρτίας
2663 3000 2900 3071 καθαρὸν
2930 3001 3142 3068 ἱερεῖον,
3176 3001 3204 3050 ὁ
3233 2998 3400 3068 ἀμνὸς
3426 2995 3518 3051 τοῦ
3551 2994 3714 3058 Θεοῦ,
3741 2993 3807 3048 τὸ

2228 3091 2470 3161 θεοφιλὲς
2525 3093 2619 3144 καὶ
2681 3091 2840 3156 ἁγνὸν
2893 3087 3180 3159 πρόϐατον,
3222 3089 3284 3140 τὸ
3331 3085 3806 3159 προφητευόμενον

550 3179 658 3250 37
687 3180 904 3234 Clandit
954 3182 1149 3235 horum
1197 3182 1580 3250 przedictiones
1626 3185 1786 3252 quasi
1818 3185 2032 3255 signant
2055 3187 2124 3243 iis

2229 3185 2430 3256 ἀρνίον,
2471 3179 2531 3238 οῦ
2564 3183 2653 3237 διά
2685 3185 2784 3254 τῆς
2815 3182 2996 3236 ἐνθέου
3033 3182 3125 3234 καὶ
3160 3180 3424 3252 μυστικῆς
3455 3177 3806 3240 διδασκαλίας

551 3273 870 3343 imprimens
899 3272 1140 3329 Joannes
1202 3275 1468 3348 Baptista,
1517 3279 1574 3331 in
1624 3278 1794 3346 ipsius
1825 3279 2123 3334 Salvatoris

551 3367 722 3420 nostri
757 3367 1013 3422 adventu.
1047 3369 1184 3422 Cum
1216 3370 1359 3422 enim
1385 3370 1537 3423 illum
1583 3371 1832 3435 vidisset,
1861 3381 1916 3425 ct
1935 3372 2001 3426 iis
2028 3371 2124 3440 qui

552 3459 778 3514 aderant
831 3461 1127 3516 indicasset
1158 3481 1170 3514 :
1203 3471 1262 3517 ut
1285 3463 1538 3518 videlicet
1575 3465 1692 3532 ipse
1721 3472 1888 3528 esset,
1919 3463 1986 3518 de
2013 3479 2124 3533 quo

553 3552 826 3622 prophetae
883 3555 1256 3623 loquerentur,
1306 3557 1668 3609 acclamavit:
1719 3575 1738 3605 ι
1777 3555 1918 3609 Ecce
1951 3571 2128 3625 agnus

551 3643 672 3704 Dei,
703 3645 796 3713 qui
825 3645 966 3699 tollit
993 3657 1276 3715 peccatum
1330 3647 1516 3700 mundi
1547 3649 1613 3700 ".
1643 3667 1663 3698 ι
1701 3645 1930 3712 Quando
1961 3647 2127 3716 igitur
2163 3635 2171 3644 ’

551 3735 852 3789 secundum
915 3735 1230 3790 testimonia
1275 3737 1662 3805 prophetarum
1713 3739 1992 3792 inventum
2041 3746 2128 3792 est

553 3841 830 3892 magnum,
865 3827 1156 3897 magni-que
1183 3829 1568 3882 aestimandum
1621 3845 1720 3898 pro
1769 3830 2123 3894 redimendis,

551 3924 607 3971 et
626 3915 830 3973 Iudicis
861 3921 1067 3987 pariter
1095 3927 1149 3974 et
1180 3918 1385 3977 Graacis
1419 3921 1676 3989 pretium,
1715 3919 1848 3972 illud
1875 3920 2128 3975 videlicet

555 4023 654 4079 pro
676 4015 790 4062 toto
828 4011 1032 4064 mundo
1057 4011 1350 4080 piaculum,
1385 4011 1516 4064 illud
1551 4025 1649 4081 pro
1679 4009 1860 4063 anima
1895 4019 2126 4064 cuncto-
2159 4055 2162 4058 ί

554 4117 673 4156 rum
716 4102 997 4156 hominum
1025 4103 1356 4158 sacriﬁcium
1383 4144 1398 4168 ,
1437 4104 1528 4157 illa
1577 4119 1678 4174 pro
1713 4105 1860 4158 omni
1887 4105 2124 4168 macula,

551 4203 605 4248 et
635 4203 856 4264 peccato
872 4195 1166 4266 purissima
1203 4195 1379 4252 hostia
1408 4211 1421 4248 :
1460 4197 1550 4251 ille
1581 4197 1769 4266 utique
1801 4211 1974 4266 agnus
2009 4195 2124 4262 Dei,

551 4285 644 4339 illa
677 4283 784 4340 Deo
815 4297 1037 4356 accepta
1067 4328 1081 4350 ,
1115 4295 1168 4342 et
1201 4287 1564 4343 mundissima
1604 4287 1724 4342 ovis
1755 4303 1766 4338 :
1811 4287 1902 4342 ille
1928 4303 2124 4357 agnus,

550 4379 619 4432 de
659 4393 766 4449 quo
789 4381 1065 4450 propheta:
1085 4387 1194 4434 tam
1227 4381 1394 4434 multa
1424 4381 1701 4442 dixerunt,
1729 4395 1827 4450 per
1855 4381 2016 4448 cujus
2039 4380 2126 4434 di-

549 4471 732 4525 vinam
790 4487 854 4526 ac
883 4472 1168 4542 mysticam
1209 4471 1514 4527 doctrinam
1559 4485 1748 4526 omnes
1783 4485 1905 4532 nos,
1940 4472 2033 4540 qui
2057 4471 2126 4526 de

2228 3279 2427 3340 πάντες
2461 3279 2618 3346 ἡμεῖς
2655 3277 2704 3328 οἱ
2737 3274 2796 3340 ἐξ
2830 3273 2998 3327 ἐθνῶν
3030 3273 3126 3345 τὴν
3167 3274 3357 3341 ἄφεσιν
3387 3270 3493 3323 τῶν
3525 3269 3805 3341 προτέρων

2229 3368 2638 3439 ἁμαρτημάτων
2666 3365 2968 3437 εὐράμεθα,
2993 3365 3072 3418 διὸ
3097 3367 3190 3418 καὶ
3231 3363 3498 3418 Ἰουδαίων
3523 3364 3569 3415 oi
3603 3361 3682 3424 είς
3710 3359 3808 3412 αύ-

2225 3465 2314 3516 τὸν
2345 3461 2635 3532 ἠλπικότες
2667 3459 2942 3530 ἐλεύθεροι
2963 3459 3063 3528 τῆς
3093 3457 3336 3520 Μωσέως
3357 3455 3604 3524 ἀφίενται
3630 3452 3804 3506 κατά-

2231 3574 2348 3630 ρας,
2385 3555 2606 3616 είκότως
2637 3554 2736 3625 τὴν
2765 3553 2859 3606 τοῦ
2905 3552 3152 3622 σώματος
3185 3550 3348 3604 αὑτοῦ
3387 3548 3482 3602 καλ⁴
3513 3545 3606 3600 τοῦ
3637 3545 3804 3616 αἷμα-

2223 3667 2317 3713 τος
2347 3651 2446 3718 τὴν
2479 3647 2784 3716 ὑπόμνησιν
2811 3645 3080 3717 ὁσημέραι
3127 3641 3520 3704 ἐπιτελοῦντες,
3562 3638 3656 3692 καὶ
3704 3637 3806 3707 τῆς

2227 3742 2533 3812 κρείττονος
2578 3739 2612 3811 ἢ
2654 3737 2794 3792 κατά
2833 3738 2959 3800 τοὺς
3000 3735 3259 3796 παλαιοὺς
3291 3731 3482 3793 θυσίας
3513 3747 3570 3782 τε
3601 3729 3698 3781 καὶ
3729 3729 3805 3780 ἱε-

2231 3825 2486 3908 ρουργίας
2525 3833 2848 3904 ἠξιωμένοι,
2879 3833 2978 3884 ούκ
3015 3830 3089 3882 ἔθ’
3133 3831 3278 3882 ὅσιον
3315 3823 3595 3895 ἡγούμεθα
3633 3838 3804 3876 κατα-

2229 3929 2450 3980 πίπτειν
2479 3925 2570 3978 ἐπὶ
2603 3925 2671 3976 τὰ
2699 3925 2892 3994 πρῶτα
2922 3923 3016 3975 καὶ
3039 3919 3238 3988 ἀσθενῆ
3270 3918 3524 3986 στοιχεῖα,
3563 3909 3808 3983 σύμϐολα

2228 4021 2322 4074 καὶ
2355 4018 2586 4079 εἰκόνας,
2617 4016 2728 4069 ἀλλ’
2751 4017 2852 4068 οὐκ
2877 4014 3044 4084 αὐτὴν
3072 4009 3326 4082 ἀλήθειαν
3354 4005 3692 4076 περιέχοντα.
3717 4003 3809 4054 Ei-

2230 4113 2400 4176 κότως
2429 4111 2485 4164 δέ
2509 4111 2604 4164 καὶ
2630 4109 2808 4162 αὐτῶν
2849 4109 3118 4162 Ἰουδαίων
3149 4105 3200 4158 οἱ
3232 4105 3312 4167 εἰς
3337 4103 3425 4156 τὸν
3451 4099 3682 4172 Χριστὸν
3709 4096 3805 4151 τοῦ

2229 4204 2363 4257 Θεοῦ
2404 4203 2902 4272 καταπεφευγότες,
2943 4202 2992 4254 εἰ
3038 4205 3232 4270 μηκέτι
3267 4197 3372 4249 τῶν
3405 4193 3648 4255 Μωσέως
3687 4193 3809 4244 ἐπι-

2231 4297 2546 4366 στρέφοιντυ
2568 4292 3063 4364 παραγγελμάτων,
3093 4287 3234 4344 κατά
3261 4287 3360 4356 τὴν
3384 4283 3592 4352 Καινὴν
3611 4280 3807 4350 Διαθή-

2229 4407 2332 4460 κην
2364 4387 2622 4458 βιοῦντες,
2657 4385 2755 4452 τῆς
2788 4383 2892 4436 ὑπὸ
2924 4381 3166 4442 Μωσέως
3202 4375 3512 4448 ὡρισμένης
3556 4369 3712 4433 ἐκτὸς
3741 4369 3808 4424 ἀν

2229 4476 2337 4534 εἷεν
2378 4479 2621 4548 κατάρας
2643 4493 2656 4506 ·
2701 4475 2796 4528 ἅτε
2831 4474 2894 4546 δὴ
2928 4471 3101 4542 ἀμνοῦ
3129 4469 3223 4522 τοῦ
3261 4465 3394 4520 Θεοῦ
3425 4465 3484 4518 οὐ
3519 4462 3673 4533 μόνον
3707 4460 3806 4530 τὴν

551 4563 807 4632 gentibus
855 4565 1120 4634 assumpti
1167 4577 1397 4628 sumus,
1454 4564 1834 4618 remissionem
1881 4565 2127 4632 priorqu

2232 4572 2505 4644 ἁμαρτίαν
2531 4568 2620 4622 τοῦ
2655 4569 2880 4638 κόσμου,
2912 4563 3046 4618 ἀλλά
3068 4563 3159 4616 καὶ
3189 4561 3288 4630 τὴν
3317 4561 3373 4612 ἐν
3403 4559 3467 4626 τῇ
3497 4551 3807 4644 παραϐάσει

553 4663 897 4724 peccatorun
947 4657 1276 4720 invenimus,
1331 4671 1398 4710 ex
1447 4673 1556 4725 quo
1609 4657 1772 4709 etiam
1813 4654 2127 4711 Jutlaeorum

549 4747 862 4816 quicunque
887 4746 940 4800 in
975 4747 1068 4801 illo
1097 4762 1248 4815 spem
1281 4747 1591 4810 habuerint,
1621 4763 1650 4799 a
1681 4745 1846 4802 Musis
1871 4763 2128 4802 exsecra-

549 4840 700 4892 tione
721 4837 1045 4900 liberantur,
1081 4837 1276 4892 merito
1303 4853 1456 4902 sane,
1508 4839 1728 4908 quando
1751 4839 1897 4894 illius
1921 4855 2128 4895 memo-

553 4929 712 4991 riam,
747 4929 1105 4999 corporisque
1163 4929 1410 4997 ejusdem
1452 4939 1506 4984 et
1563 4931 1847 5000 sanguinis
1873 4932 2130 4986 recorda-

551 5021 754 5075 tionem
793 5020 1040 5089 quotidie
1062 5020 1362 5086 celebrant,
1381 5030 1436 5076 et
1465 5021 1532 5076 ad
1561 5023 1720 5092 longe
1750 5025 2123 5093 praestantius,

545 5117 602 5162 et
653 5108 1006 5170 sacriﬁcium,
1048 5119 1102 5162 et
1142 5123 1342 5164 uulnus
1373 5111 1640 5180 assumpti
1668 5121 1829 5179 sunt,
1869 5127 2032 5182 quam
2063 5115 2128 5167 il-

551 5200 640 5252 lud
675 5201 955 5270 antiquius
979 5199 1414 5266 fuerit._'Quando
1436 5203 1602 5272 igitur
1622 5205 1804 5258 omnia
1831 5204 1902 5258 ita
1936 5221 1996 5260 se
2030 5205 2129 5258 ha-

549 5293 701 5356 bent,
729 5311 835 5348 non
859 5295 1093 5363 amplius
1147 5294 1231 5350 fas
1275 5310 1398 5350 esse
1441 5304 1696 5366 putamus
1733 5298 1790 5352 in
1823 5297 1997 5366 prima
2036 5297 2127 5350 illa

547 5397 602 5439 et
631 5385 842 5442 inﬁrma
869 5389 1136 5442 elementa
1159 5389 1421 5452 recidere,
1451 5405 1572 5460 quas
1598 5395 1780 5460 utique
1795 5391 1948 5461 signa
1977 5405 2125 5459 qua:-

549 5479 698 5540 dam,
744 5491 800 5534 et
847 5480 1131 5549 imagines,
1190 5495 1298 5535 non
1352 5485 1526 5552 ipsam
1576 5483 1860 5537 veritatem
1890 5482 2127 5551 comple-

473 5609 490 5624 .
552 5579 798 5626 ctuntur.
825 5571 1017 5627 Merito
1048 5581 1228 5628 autem
1267 5576 1511 5646 ipsorum
1557 5590 1774 5644 quoque
1807 5572 2122 5628 Judmorum

550 5665 866 5736 quicunque
919 5665 986 5718 ad
1017 5665 1296 5721 Christum
1343 5665 1436 5721 Dei
1473 5667 1834 5738 confugiunt:
1883 5665 1931 5720 si
1965 5665 2124 5719 modo

2231 4643 2617 4724 τῶνΜωσέως
2663 4659 2890 4713 ἐντολῶν
2921 4657 3162 4724 κατάραν
3197 4653 3274 4715 εἰς
3318 4649 3477 4702 αὑτὸν
3518 4643 3806 4714 ἀνειληφὸ-

2231 4769 2341 4814 τος.
2378 4749 2602 4818 Γέγονεν
2629 4743 2720 4800 οῦν
2757 4749 2785 4799 6
2818 4747 2986 4816 ἀμνὸς
3012 4742 3105 4796 τοῦ
3149 4741 3284 4795 Θεοῦ
3315 4739 3406 4792 καὶ
3435 4734 3677 4806 ἁμαρτία
3712 4733 3809 4786 καὶ

2231 4841 2444 4912 κατάρα
2463 4857 2474 4869 ·
2505 4837 2747 4909 ἁμαρτία
2781 4837 2880 4906 μὲν
2911 4835 3052 4904 ὑπὲρ
3079 4832 3186 4886 τῶν
3216 4825 3554 4900 ἁμαρτωλῶν
3587 4822 3682 4876 τοῦ
3717 4823 3811 4875 κό-

2233 4949 2395 5002 σμου,
2429 4929 2642 5000 κατάρα
2663 4927 2706 4980 δ’
2735 4928 2876 4998 ὑπὲρ
2901 4925 3008 4978 τῶν
3039 4923 3384 4994 ἐμμενόντων
3417 4919 3550 4970 πᾶσι
3574 4918 3686 4977 τοῖς
3711 4915 3806 4984 ἐγ-

2231 5023 2636 5095 γεγραμμένοις
2691 5023 2748 5074 ἐν
2805 5018 2884 5089 τῷ
2931 5016 3175 5077 Μωσέως
3229 5014 3397 5084 νόμῳ.
3443 5011 3532 5062 Διό
3575 5023 3740 5078 φησιν
3779 5007 3810 5060 6

2241 5115 2560 5178 Ἀπόστολος
2586 5133 2601 5147 ·
2631 5133 2649 5165 ι
2669 5113 2900 5186 Χριστὸς
2927 5111 3073 5180 ἡμᾶς
3099 5106 3430 5176 ἐξηγόρασεν
3456 5104 3519 5154 ἐκ
3552 5100 3650 5169 τῆς
3673 5114 3811 5152 κατ-

2229 5207 2366 5276 άρας
2401 5204 2494 5258 τοῦ
2531 5205 2716 5275 νόμου,
2764 5201 3054 5271 γενόμενος
3101 5197 3242 5266 ὑπὲρ
3279 5193 3434 5265 ἡμῶν
3495 5189 3729 5262 κατάρα.
3783 5207 3804 5240 ι

2231 5299 2360 5362 Καὶ,
2395 5317 2414 5348 ι
2462 5297 2566 5350 Τὸν
2611 5295 2684 5367 μὴ
2713 5295 2908 5362 γνόντα
2951 5289 3244 5362 ἁμαρτίαν,
3279 5287 3416 5356 ὑπὲρ
3447 5283 3600 5354 ἡμῶν
3629 5283 3812 5352 ἀμαρ-

2232 5389 2352 5442 τίαν
2391 5388 2634 5458 ἐποίησε.
2687 5405 2704 5438 ι
2739 5385 2804 5438 Τί
2831 5385 2940 5453 γὰρ
2979 5383 3076 5436 οὐκ
3122 5378 3312 5450 ἔμελλε
3341 5375 3587 5444 γίνεσθαι
3628 5373 3688 5428 τὸ
3715 5372 3809 5426 τοῦ

2233 5481 2438 5551 κόσμου
2481 5479 2796 5549 καθάρσιον,
2837 5477 2897 5528 τὸ
2923 5474 3032 5526 τῶν
3058 5470 3394 5544 ἁμαρτωλῶν
3436 5468 3746 5538 ἀντίψυχον,
3781 5464 3811 5519 ὃ

2231 5571 2294 5642 δὴ
2317 5572 2412 5626 καὶ
2437 5571 2514 5634 ὡς
2543 5569 2812 5642 πρόϐατον
2845 5568 2938 5619 ἐπὶ
2969 5565 3181 5636 σφαγὴν
3211 5563 3373 5634 ἤχθη,
3405 5561 3498 5614 καὶ
3524 5560 3598 5622 ὡς
3625 5557 3810 5629 ἀρνίον

2232 5663 2498 5734 ἀγόμενον
2541 5660 2632 5716 τοῦ
2677 5659 2920 5722 θύεσθαι,
2953 5657 3125 5712 ταῦτά
3169 5673 3230 5712 τε
3274 5655 3448 5709 πάντα
3479 5649 3619 5722 ὑπὲρ
3652 5649 3809 5723 ἡμῶν

627 5845 670 5884 ⁸⁸
703 5843 954 5912 353.14",
985 5843 1034 5902 7.
1115 5843 1162 5876 ⁸³
1193 5795 1480 5900 litim-69.
1560 5845 1603 5878 ³³
1633 5843 1744 5898 Jer.
1783 5857 1872 5911 Ii,
1911 5843 1998 5899 19.
2076 5844 2120 5876 ’³

2228 5857 2301 5898 ιη.
2328 5857 2367 5910 ι,
2398 5839 2490 5896 29.
