4018 6512
178 420 246 478 89
1120 419 1780 476 DEMONSTRATIONIS
1826 417 2286 476 EVANGELICE
2335 419 2465 475 LIB.
2507 419 2549 478 1.
2772 445 2782 454 ·
3389 420 3470 486 ,90

171 539 265 592 καὶ
286 537 358 592 δι’
388 539 554 609 ἡμᾶς
579 557 598 605 ;
631 541 790 594 ὐθεν
821 542 872 593 οῖ
900 540 997 610 μὲν
1024 541 1245 594 παλαιοὶ
1269 543 1363 596 καὶ
1387 541 1652 610 θεοφιλεῖς
1686 542 1772 595 ἄν·

1881 557 1988 596 non
2022 542 2261 612 amplius
2304 539 2370 595 de
2404 539 2572 595 Mosis
2602 539 2888 610 princeptis
2949 538 3168 594 solliciti
3207 538 3338 602 sint,
3372 538 3468 592 sed

170 629 291 700 δρες
307 629 586 697 είκότως,
613 632 850 703 ἀπουσίᾳ
865 632 974 685 τῶν
999 633 1344 704 κρειττόνων,
1365 636 1478 696 τοῖς
1495 633 1781 704 συμϐόλοις

172 737 272 790 προ
283 724 570 792 σανεῖχον.
617 724 705 786 Ὡς
728 723 822 776 καὶ
846 724 1003 776 τοῦτο
1031 725 1163 777 αὐτὸ
1185 726 1213 777 ὁ
1235 725 1424 796 Σωτὴρ
1451 725 1608 796 ἡμῶν
1633 725 1780 778 διδά-

171 827 306 873 σκει,
340 811 538 879 λέγων
561 830 579 843 ·
623 834 642 866 ι
694 815 886 868 Πολλοὶ
916 817 1188 887 προφῆται
1224 817 1315 870 καὶ
1347 815 1542 872 δίκαιοι
1584 817 1780 870 ἐπεθύ-

171 921 348 972 μησαν
399 905 550 960 ἰδεῖν
597 907 633 961 ἃ
680 907 840 976 ὑμεῖς
887 906 1132 976 βλέπετε,
1181 909 1278 962 καὶ
1311 909 1412 961 οὐκ
1458 904 1630 960 εἶδον·
1685 909 1783 961 καὶ

166 995 397 1048 ἀκοῦσαι
427 997 467 1049 ἃ
503 998 672 1068 ὑμεῖς
694 1000 946 1064 ἀκούετε,
991 1001 1082 1053 καί
1108 1001 1206 1053 οὐκ
1231 1000 1489 1070 ἤκουσαν.
1527 1020 1545 1051 ι
1590 1000 1781 1070 Ἡμεῖς

166 1089 240 1148 δὲ,
281 1087 349 1140 τά
392 1087 594 1159 ἀληθῆ
621 1091 716 1144 καὶ
745 1091 855 1145 τῶν
894 1093 1115 1149 είκόνων
1147 1093 1216 1146 τὰ
1251 1093 1532 1164 ἀρχέτυπα
1563 1093 1650 1145 διά
1679 1093 1781 1163 τῆς

172 1179 603 1249 μυστηριάῶους
629 1183 939 1252 οἰκονομίας
963 1183 1056 1236 τοῦ
1095 1185 1331 1254 Χριστοῦ
1363 1185 1776 1256 παρειληφότες,

169 1273 258 1324 οὐκ
284 1271 367 1322 ἔτι
389 1271 514 1323 τῶν
551 1272 802 1325 παλαιῶν
823 1275 1144 1345 δεησόμεθα.
1192 1277 1368 1339 Μάνος
1394 1277 1440 1329 δ’
1475 1273 1567 1329 οὖν
1616 1277 1779 1340 αὐτὸς

169 1364 266 1413 τῶν
295 1361 538 1416 πώποτε
582 1365 756 1432 Λόγος
797 1366 872 1420 ὢν
894 1367 1051 1430 Θεοῦ,
1088 1370 1437 1440 προκόσμιος,
1474 1374 1566 1423 καὶ
1595 1372 1780 1442 ἀρχιε-

171 1460 286 1528 ρεὺς
329 1457 533 1526 πάσης
581 1459 777 1529 νοερᾶς
823 1461 916 1512 καὶ
971 1459 1195 1528 λογικῆς
1251 1462 1498 1525 κτίσεως,
1528 1464 1617 1515 τὸν
1645 1465 1777 1533 ἡμῖν

165 1548 506 1618 ὁμοιοπαθῆ,
543 1543 633 1601 οἷα
675 1550 946 1620 πρόϐατον
980 1553 1074 1604 καὶ
1120 1553 1291 1622 ἀμνὸν
1331 1555 1394 1606 ἐκ
1437 1556 1534 1625 τῆς
1566 1554 1778 1627 ἀνθρὼ-

173 1657 279 1691 πων
309 1639 606 1709 ἀφορίσας
635 1641 858 1711 ἀγέλης,
883 1643 1056 1713 τούτῳ
1084 1660 1143 1695 τε
1185 1644 1496 1715 ἐπιγράψας
1523 1646 1622 1706 τὰς
1650 1647 1779 1699 πάν-

167 1746 269 1778 των
293 1727 468 1796 ἡμῶν
504 1730 812 1798 ἁμαρτίας,
851 1731 946 1783 καὶ
981 1731 1081 1802 τὴν
1110 1733 1353 1804 κατάραν
1381 1751 1442 1802 γε
1474 1734 1642 1804 αὐτῷ,
1678 1737 1775 1805 τὴν

169 1823 220 1871 ἐν
261 1821 340 1889 τῷ
391 1821 661 1884 Μωσέως
724 1822 874 1892 νόμῳ
925 1827 1456 1896 προστετιμημένην,
1506 1828 1774 1899 περιάψας

169 1914 276 1979 (ὅτι
309 1912 376 1982 δὴ
409 1914 674 1976 Μωσέως
698 1914 1043 1980 όινειπὸντος⁹
1083 1937 1100 1967 ι
1151 1919 1581 1989 Ἐπικατάρατος
1611 1924 1718 1985 πᾶς
1747 1923 1776 1974 ὁ
1808 1894 1849 1948 θ

170 2005 536 2075 κρεμάμενος
590 2007 686 2060 ἐπὶ
727 2006 883 2072 ξύλου
922 2028 939 2058 ι
967 2008 1008 2078 ),
1039 2009 1196 2062 τοῦτο
1220 2011 1484 2064 πέπονθεν
1517 2013 1679 2076 αὐτὸς
1708 2013 1776 2066 δι’

171 2096 311 2164 ἡμᾶς
365 2097 684 2167 γενόμενος
728 2099 870 2168 ὑπὲρ
922 2100 1078 2169 ἡμῶν
1132 2102 1376 2173 κατάραο
1429 2105 1522 2156 καὶ
1567 2104 1629 2173 δὴ
1681 2105 1774 2158 καὶ

172 2188 446 2258 ἁμαρτίαν
497 2189 671 2241 αὑτὸν
709 2189 775 2242 δι’
813 2191 961 2260 ἡμᾶς
1003 2193 1269 2262 ποιήσας·
1320 2212 1338 2242 ι
1383 2195 1507 2246 ἐπεὶ
1564 2195 1655 2247 τὸν
1699 2194 1775 2266 μὴ

171 2282 360 2346 γνόντα
402 2284 725 2353 ἁμαρτίαν,
757 2283 899 2354 ὑπὲρ
943 2283 1098 2354 ήμῶν
1145 2287 1417 2358 ἁμαρτίαν
1468 2289 1710 2358 ἐποίησε,
1749 2309 1770 2340 ι

174 2375 342 2437 πασας
391 2392 454 2427 τε
495 2375 654 2446 αὐτῷ
693 2377 761 2428 δι’
794 2379 943 2447 ἡμᾶς
977 2378 1080 2440 τὰς
1113 2381 1244 2449 ἡμῖν
1283 2381 1671 2451 ἐπηρτημένας
1703 2398 1778 2436 τι-

179 2467 381 2536 μωρίας
415 2469 663 2532 ἐπιθεὶς,
707 2470 881 2540 δεσμά
921 2474 1016 2525 κα)⁸
1048 2473 1270 2543 ἀτιμίας
1314 2477 1407 2528 καὶ
1437 2475 1642 2547 ὕϐρεις,
1681 2477 1778 2546 μά-

178 2559 356 2625 πιγάς
404 2577 471 2612 τε
531 2564 628 2615 καὶ
676 2562 942 2626 ὲκτόπους
975 2565 1208 2636 πληγὰς,
1261 2569 1354 2620 καὶ
1389 2570 1480 2620 ἐπὶ
1523 2571 1686 2622 πᾶσιν
1714 2569 1776 2622 τὸ

179 2649 267 2718 τῆς
294 2654 564 2724 κατάρας
598 2656 881 2725 τρόπαιον.
919 2658 1073 2711 Μετὰ
1101 2659 1165 2729 δὴ
1199 2660 1377 2714 πάντα
1411 2655 1521 2713 οἷόν
1550 2679 1602 2713 τι
1645 2661 1776 2714 θαυ-

182 2743 366 2810 μάσιον
400 2745 588 2815 θῦμα,
622 2749 718 2800 καὶ
758 2749 984 2816 σφάγιον
1019 2749 1296 2820 ἐξαίρετον
1326 2751 1401 2822 τῷ
1433 2753 1606 2823 Πατρ“ι
1642 2754 1773 2806 καλ-

181 2833 605 2906 λιερησάμενος,
665 2840 805 2911 ὑπὲρ
838 2841 938 2910 τῆς
989 2842 1246 2894 ἁπάντων
1296 2844 1452 2913 ἡμῶν
1503 2847 1774 2915 ἀνήνεγκε

183 2927 472 2996 σωτηρίας,
533 2931 755 3002 μνήμην
795 2934 887 2985 καὶ
929 2935 1059 3004 ἡμῖν
1088 2935 1382 3005 παραδοὺς,
1418 2937 1536 2990 ἀντὶ
1586 2937 1775 3002 θυσίας

183 3018 251 3087 τῷ
278 3019 395 3090 Θεῷ
440 3021 720 3092 διηνεκῶς
761 3027 1114 3098 προσφέρειν,
1146 3027 1316 3080 Τοῦτο
1354 3031 1448 3081 καὶ
1480 3031 1774 3102 προφητῶν

182 3113 208 3162 ό
234 3111 548 3184 Θαυμάσιος
582 3117 747 3169 Δαϐὶδ
780 3117 908 3189 θείῳ
936 3118 1217 3189 Πνεύματι
1247 3119 1308 3172 τὸ
1348 3121 1538 3190 μέλλον
1583 3123 1776 3194 προλα-

185 3201 283 3258 6ὡν
319 3207 647 3274 ἐθέσπισεν,
691 3209 894 3264 εἰπών’
945 3230 962 3262 ι
1015 3211 1331 3281 ’Υπομένων
1375 3213 1644 3283 ὑπέμεινα
1683 3215 1774 3267 τὸν

186 3296 394 3368 Κύριον,
426 3300 538 3354 καὶ
580 3301 852 3371 προσέσχε
899 3319 1015 3372 μοι·
1065 3305 1158 3356 καὶ
1199 3305 1486 3374 εἰσήκουσε
1516 3305 1618 3375 τῆς
1659 3306 1772 3378 δεή-

189 3385 309 3451 cadi;
340 3407 472 3459 μου,
512 3393 606 3444 καὶ
642 3393 911 3462 ἀνήνεγκέ
947 3411 1014 3464 με
1045 3397 1108 3447 ὲκ
1135 3394 1353 3448 λάκκων
1375 3396 1770 3469 ταλαιπωρίας,

186 3482 267 3532 καὶ
307 3482 412 3535 ἀπὸ
450 3483 636 3554 πηλοῦ
675 3484 850 3549 ἰλύοςο
888 3486 982 3538 καὶ
1015 3485 1241 3558 ἔστησεν
1283 3487 1374 3540 ἐπὶ
1411 3490 1614 3560 πέτραν
1648 3491 1772 3556 τοὺς

189 3570 336 3634 πόδας
371 3592 510 3643 μου,
536 3575 832 3629 κατεῦθυνε
859 3576 928 3629 τὰ
957 3575 1271 3647 διαϐήματά
1303 3595 1426 3648 μου,
1463 3580 1556 3632 καὶ
1587 3581 1772 3635 ἐνέϐα-

188 3656 265 3711 λεν
301 3666 378 3726 εἰς
415 3666 489 3717 τὸ
534 3666 710 3735 στόμα
764 3683 864 3738 μου
911 3661 1062 3736 ᾇσμα
1108 3667 1312 3731 καινὸν,
1347 3667 1514 3738 ὕμνον
1546 3670 1623 3741 τῷ
1653 3671 1772 3742 Θεῷ

189 3751 344 3821 ἡμῶν.
385 3774 402 3807 ι
438 3756 562 3808 Καὶ
597 3757 648 3808 τί
682 3758 742 3809 τὸ
779 3757 965 3810 καινὸν
993 3753 1146 3828 ᾇσμα
1178 3759 1457 3830 τυγχάνει,
1495 3762 1769 3833 διασαφεῖ,

190 3841 343 3911 λέγων
374 3848 516 3919 ἑξῆς
539 3866 554 3882 ο
594 3867 612 3900 ι
652 3849 854 3903 Θυσίαν
879 3850 973 3902 καὶ
1003 3852 1320 3922 προσφοράν
1352 3853 1451 3906 οὐκ
1476 3853 1769 3926 ἠθέλησας,

192 3935 332 4008 σῶμα
369 3940 427 3996 δὲ
477 3941 796 4012 κατηρτίσω
851 3958 980 4012 μοι·
1033 3942 1462 4014 ὁλοκαυτώματα
1507 3947 1602 4000 καὶ
1645 3949 1772 4020 περὶ⁸

191 4029 453 4102 ἁμαρτίας
501 4035 603 4088 οὐκ
649 4035 972 4105 ηὑδόκησας.
1031 4037 1163 4089 Τότε
1212 4034 1400 4091 εἵπονο
1453 4040 1583 4093 Ἰδοὺ
1627 4041 1767 4110 ἥκω.

203 4122 276 4174 Ἐν
326 4127 585 4196 κεφαλίδι
643 4126 848 4196 βιϐλίου
894 4129 1207 4200 γέγραπται
1271 4132 1400 4202 περὶ
1451 4132 1622 4204 ἐμοῦ,
1676 4135 1770 4188 τοῦ

195 4218 416 4287 ποιῆσαι,
481 4220 511 4272 ὁ
569 4220 722 4285 Θεὸς,
780 4221 842 4273 τὸ
895 4221 1106 4292 θέλημά
1146 4239 1260 4277 σου.
1336 4223 1682 4299 Ἐϐουλήθην.
1745 4247 1765 4280 ι

195 4305 290 4359 Καὶ
344 4307 633 4376 ἐπιλέγει·
703 4328 720 4360 ι
799 4309 1258 4381 Εῦηγγελισάμην
1311 4309 1660 4382 δικαιοσύνην
1713 4314 1771 4367 ὲν

207 4391 490 4467 Ἐκκλησία
529 4395 761 4470 μεγάλῃ.
794 4417 812 4447 ι
855 4385 1147 4469 Ἀντικρυς
1181 4399 1300 4452 ἀντὶ
1337 4399 1443 4456 τῶν
1474 4400 1641 4455 πάλαι
1675 4401 1770 4454 θυ-

197 4484 308 4537 σιῶν
359 4491 463 4541 καὶ
515 4489 984 4559 ὁλοκαυτωμάτων
1035 4491 1134 4562 τὴν
1181 4491 1446 4564 ἕνσαρκον
1500 4494 1594 4548 τοῦ
1637 4495 1771 4567 Χρι-

1889 634 1964 690 ita
1986 632 2190 694 vivant,
2226 639 2285 684 ut
2338 629 2476 685 Novi
2509 630 2846 686 Testamenti
2891 631 3033 684 ratio
3087 630 3286 684 docet:
3321 644 3466 691 eam,
3495 643 3501 652 '

1881 738 2006 794 qua:
2043 739 2074 777 a
2108 723 2256 778 Mose
2285 723 2506 778 deﬁnita
2549 729 2653 787 est,
2688 723 3119 778 exsecrationem
3144 721 3420 776 evaserint
3450 735 3466 773 :

1883 815 2086 885 quippe
2115 830 2239 869 cum
2273 815 2460 886 Agnus
2481 813 2576 869 Dei
2601 829 2711 869 non
2741 815 2916 871 solum
2935 823 3217 884 peccatum
3253 811 3467 866 mundi.

1883 908 1978 964 sed
2002 909 2165 962 etiam
2210 923 2331 962 eam
2353 907 2811 972 exsecrationem,
2841 922 2962 978 qua:
2997 907 3064 960 iis
3092 906 3341 969 debetur,
3373 906 3468 974 qut

1883 1010 2074 1054 contra
2093 997 2261 1053 Mosis
2279 999 2450 1069 legem
2479 999 2681 1070 aliquid
2697 999 3100 1062 commiserint,
3139 1000 3195 1052 in
3224 998 3465 1067 seipsum

1883 1091 2170 1162 receperit.
2206 1089 2408 1146 Factus
2447 1091 2613 1162 igitur
2641 1101 2726 1148 est
2768 1093 2859 1146 Dei
2891 1093 3079 1161 Agnus
3106 1098 3160 1144 et
3181 1097 3465 1160 peceatum

1881 1195 1935 1240 et
1987 1187 2312 1241 exsecratio.
2347 1183 2643 1241 Peccatum
2683 1185 2904 1253 quidem
2958 1199 3057 1254 pro
3089 1182 3468 1253 peccatoribus

1882 1276 2048 1344 huius
2083 1277 2271 1331 mundi
2302 1295 2316 1330 ε
2354 1276 2662 1332 exsecratio
2692 1283 2872 1329 autem
2906 1291 3004 1346 pro
3045 1275 3111 1329 iis
3147 1274 3241 1343 qui
3274 1274 3469 1327 nolunt

1881 1385 1911 1421 a
1959 1369 2164 1438 scripto
2199 1370 2335 1439 legis
2389 1368 2641 1424 Mosaicae
2689 1367 2964 1423 recedere.
3011 1366 3280 1432 Quocirca
3332 1365 3468 1420 dicit

1879 1462 2212 1530 Apostolus:
2251 1481 2270 1514 ι
2303 1462 2562 1517 Christus
2593 1477 2695 1517 nos
2728 1460 2956 1515 redemit
2993 1460 3061 1514 ab
3092 1459 3469 1512 exsecratione

1883 1554 2038 1623 legis,
2066 1553 2242 1609 {actus
2267 1570 2367 1625 pro
2395 1555 2554 1611 nobis
2580 1554 2893 1608 exsecratio
2922 1554 2990 1608 “.
3025 1573 3044 1605 ›
3075 1551 3207 1605 Item
3235 1567 3249 1602 :
3279 1568 3298 1601 ι
3327 1549 3465 1604 Eum

1878 1644 1971 1713 qui
2003 1659 2114 1698 non
2147 1652 2377 1699 neverat
2407 1657 2714 1714 peceatum,
2773 1658 2873 1712 pro
2909 1643 3068 1698 nobis
3112 1642 3244 1697 fecit
3273 1655 3468 1710 pecca-

1880 1745 1991 1788 tum
2021 1737 2088 1790 ’⁷.
2130 1756 2150 1789 ι
2184 1736 2324 1802 Quid
2353 1737 2497 1792 enim
2523 1753 2634 1792 non
2662 1737 2882 1792 futurus
2913 1735 3016 1790 fuit
3041 1736 3112 1798 is,
3144 1735 3238 1805 qui
3274 1733 3465 1788 mundi

1880 1829 2366 1907 piaculumJaetus
2395 1831 2519 1885 est?
2567 1834 2615 1886 is
2644 1830 2737 1900 qui
2763 1845 2862 1900 pro
2891 1839 3238 1900 peccatorum
3283 1829 3470 1884 anima

1879 1923 2156 1990 pretium?
2193 1923 2285 1992 qui
2324 1933 2583 1992 tanquam
2625 1924 2744 1978 ovis
2793 1922 2860 1976 ad
2895 1922 3232 1977 occisionem
3261 1921 3463 1976 ductus

1876 2013 1999 2066 est?
2045 2014 2137 2081 qui
2173 2013 2519 2068 existimatus
2569 2021 2655 2070 est
2701 2017 2843 2070 sicut
2877 2031 3072 2085 agnus,
3105 2015 3197 2084 qui
3231 2014 3467 2068 ducatur

1878 2104 1945 2158 ad
1980 2105 2445 2160 sacriﬁcandum?
2473 2115 2638 2176 atque
2665 2107 2852 2160 omnia
2883 2106 3030 2169 haec,
3066 2115 3120 2160 et
3162 2121 3260 2175 pro
3281 2104 3462 2171 nobis,

1877 2204 1932 2252 et
1970 2208 2193 2268 propter
2225 2214 2346 2252 nos.
2394 2196 2471 2251 Ex
2503 2213 2614 2267 quo
2659 2198 2879 2267 quidem
2914 2198 3081 2268 prisci
3105 2197 3205 2261 illi,
3247 2195 3467 2266 Deoque

1876 2289 2017 2356 grati
2047 2289 2185 2352 viri,
2223 2305 2348 2342 cum
2381 2290 2762 2358 praastantiora
2806 2306 2918 2344 non
2949 2290 3231 2352 haberent,
3265 2288 3464 2343 merito

1877 2377 2032 2446 signa
2058 2379 2175 2447 ipsa
2211 2379 2582 2434 atlcndebaut.
2625 2379 2737 2449 38
2766 2377 2900 2432 Nam
2946 2380 3108 2433 etiam
3141 2379 3243 2433 hoc
3277 2379 3460 2446 ipsum

1880 2467 2128 2523 Salvator
2154 2479 2339 2524 noster
2365 2472 2544 2534 docet,
2579 2488 2704 2526 cum
2755 2471 2831 2524 ait
2869 2489 2881 2523 :
2921 2489 2938 2519 ι
2975 2469 3126 2522 Multi
3183 2469 3463 2539 prophetae

1875 2572 1928 2615 et
1957 2561 2090 2629 justi
2119 2564 2407 2631 cupierunt
2439 2565 2644 2627 videre,
2700 2579 2821 2633 quae
2867 2579 2965 2617 vos
2998 2562 3196 2623 videtis
3216 2601 3230 2624 ,
3267 2570 3323 2616 et
3349 2575 3462 2615 non

1877 2654 2166 2708 viderunt:
2225 2666 2276 2710 et
2327 2656 2538 2721 audire,
2571 2672 2692 2726 quae
2752 2673 2849 2712 vos
2888 2655 3111 2718 auditis,
3142 2664 3197 2709 et
3222 2669 3329 2708 non
3361 2668 3464 2707 au-

1875 2750 2094 2802 dierunt
2121 2751 2185 2802 ³⁸.
2210 2770 2227 2801 ι
2273 2750 2339 2803 At
2366 2766 2486 2815 nos,
2533 2751 2622 2820 qui
2656 2764 2722 2805 ea
2783 2765 2904 2818 qua:
2951 2765 3076 2804 vera
3109 2756 3260 2813 sunt,
3293 2751 3457 2816 atque

1878 2841 1994 2910 ipsa
2052 2842 2349 2911 imaginum
2419 2843 2686 2912 principia
2764 2857 2860 2912 per
2929 2839 3184 2896 refertam
3249 2840 3464 2909 magnis

1878 2932 2152 3001 mysteriis
2184 2931 2649 3002 dispensationem
2706 2932 2909 2986 Christi
2944 2932 3285 3001 accepimus,
3339 2945 3452 2984 nou

1877 3024 2112 3092 amplius
2153 3041 2238 3088 ea,
2299 3041 2420 3096 quae
2471 3036 2653 3080 vetera
2697 3026 2838 3078 facta
2861 3034 3011 3086 sunt,
3058 3024 3457 3078 desideramus.

1881 3115 2045 3170 Solus
2075 3117 2239 3186 igitur
2270 3118 2386 3187 ipse
2438 3133 2628 3172 eorum
2657 3119 2900 3172 omnium
2937 3117 3028 3186 qui
3065 3130 3305 3184 unquam
3345 3112 3463 3167 fue-

1802 3239 1844 3296 C
1879 3209 2008 3269 rint,
2043 3225 2166 3262 cum
2215 3209 2286 3262 sit
2342 3208 2433 3263 Dei
2473 3208 2733 3272 Verbum,
2778 3210 2896 3278 ipso
2926 3207 3206 3276 antiquius
3234 3203 3459 3265 mundo,

1877 3300 2232 3372 pontil‘exque
2264 3301 2443 3356 omnis
2470 3301 2688 3356 ratione
2742 3310 2907 3369 atque
2933 3297 3290 3365 intelligentia
3325 3311 3462 3365 prai-

1875 3390 2005 3444 ditte
2034 3399 2322 3456 creaturae,
2361 3407 2484 3443 eum
2544 3392 2635 3460 qui
2682 3393 2890 3445 nostris
2935 3391 3156 3444 casibus
3187 3397 3335 3443 esset
3360 3387 3464 3443 ob-

1875 3483 2095 3548 noxius,
2144 3484 2300 3552 quasi
2350 3497 2506 3536 ovem
2571 3491 2665 3535 aut
2695 3499 2894 3551 agnmn
2929 3482 2997 3535 ab
3032 3481 3345 3534 hominibus
3374 3495 3465 3535 se-

1873 3587 2126 3641 gregans,
2197 3580 2252 3626 et
2301 3573 2428 3626 huic
2483 3581 2672 3626 nostra
2700 3572 2944 3625 omnium
2995 3571 3279 3624 ascrihens
3333 3585 3462 3639 pee-

1871 3669 1996 3715 cata
2026 3703 2041 3726 ,
2102 3662 2388 3733 eidemque
2442 3661 2898 3723 exsecrationem,
2933 3677 3054 3730 qua:
3083 3660 3299 3712 inulctze
3335 3659 3457 3712 loro

1874 3757 1929 3810 in
1995 3757 2109 3825 lege
2157 3755 2323 3812 Mosis
2381 3755 2637 3826 adjuncta
2689 3763 2774 3810 est
2823 3757 3131 3824 imponens,
3189 3751 3461 3820 siquidem

1873 3851 1994 3920 ipso
2051 3848 2199 3902 Mose
2259 3849 2638 3918 proloquente,
2673 3865 2692 3899 ι
2727 3845 3081 3901 exsecrabilis
3136 3844 3316 3897 omnis
3366 3857 3463 3910 qut

1875 3943 2072 4012 pendet
2132 3943 2185 3994 in
2230 3943 2519 4011 ligno",i
2577 3941 2680 3994 hoc
2750 3941 2928 4010 ipsum
2985 3936 3227 4008 pertulit,
3285 3935 3462 3989 fartus

1873 4043 2094 4106 propter
2116 4052 2217 4090 nos
2249 4037 2364 4107 ipse
2391 4052 2488 4106 pro
2528 4035 2686 4090 nobis
2713 4034 3020 4088 exsecratio
3047 4051 3058 4086 :
3091 4031 3184 4102 qui
3219 4031 3460 4100 seipsum

1873 4143 2092 4196 quoque
2125 4137 2347 4198 propter
2388 4144 2489 4202 nos
2541 4135 2824 4196 peccatum
2887 4123 3069 4178 facere
3101 4139 3210 4176 non
3253 4122 3460 4176 veritus

1871 4228 1988 4274 est:
2012 4219 2452 4289 quandoquidem
2476 4239 2493 4271 ι
2522 4234 2668 4284 eum,
2696 4226 2788 4288 qui
2823 4225 3106 4287 peccatum
3145 4229 3255 4267 non
3284 4213 3457 4272 novit.

1872 4329 1972 4382 pro
2000 4313 2158 4367 nobis
2182 4322 2464 4382 peccatum
2489 4313 2686 4376 ell'ecit,
2719 4330 2736 4363 ι
2765 4312 3049 4379 eidemque
3082 4317 3300 4378 propter
3333 4321 3455 4368 nos,

1872 4405 2055 4458 omnia
2117 4419 2459 4474 quaecunque
2510 4402 2671 4457 nobis
2722 4400 3132 4471 impendebant,
3189 4395 3458 4467 supplicia

1874 4497 2168 4566 imposuit,
2201 4496 2442 4559 vincula,
2466 4495 2691 4565 probra,
2729 4493 3115 4554 contumelias,
3137 4490 3368 4560 ﬂagella,
3403 4499 3457 4542 et

199 4574 304 4627 στοῦ
354 4579 688 4649 παρουσίαν,
738 4579 832 4632 καὶ
889 4579 950 4632 τὸ
989 4580 1347 4651 καταρτισθὲν
1395 4581 1558 4636 αὑτοῦ
1612 4584 1771 4654 σῶμα

1875 4603 1998 4644 cum
2033 4589 2140 4650 his,
2198 4589 2425 4643 verbera
2485 4585 2793 4642 deformia:
2831 4593 3278 4654 postremumque
3337 4596 3459 4634 om-

198 4669 605 4741 προσενηνέχθαι
668 4669 747 4741 τῷ
807 4670 926 4741 Θεῷ
983 4671 1221 4737 διδάξας,
1288 4673 1444 4726 τοῦτό
1499 4691 1557 4727 τε
1633 4674 1766 4729 αὐτὸ

200 4758 254 4827 τῇ
319 4759 489 4814 αὑτοῦ
569 4761 865 4832 Ἐκκλησία
909 4762 1342 4830 εὐαγγελίζεται,
1384 4765 1461 4828 ὼς
1503 4765 1570 4820 ἂν
1625 4768 1767 4838 μέγα

201 4855 482 4926 μυστήριον
565 4857 623 4909 ἐν
694 4857 944 4926 κεφαλίδι
1019 4857 1224 4928 βιϐλίου
1310 4862 1377 4931 τῇ
1450 4863 1764 4933 προφητικῇ

352 4967 792 5022 προαναπεφωνη
803 4953 980 5022 μένον.
1015 4953 1218 5006 Τούτου
1243 4954 1378 5025 δῆτα
1400 4955 1495 5008 τοῦ
1527 4955 1768 5025 θύματος

307 5042 530 5110 μνήμην
573 5041 667 5096 ἐπὶ
717 5043 998 5114 τραπέζης
1037 5044 1275 5100 ἐκτελεῖν
1320 5044 1407 5097 διὰ
1451 5046 1759 5117 συμϐόλων,

242 5095 251 5106 .
307 5095 319 5109 .
397 5095 432 5110 ..
485 5095 495 5110 .
657 5095 661 5096 ν
754 5095 766 5114 .
908 5095 994 5114 ηε

177 5095 276 5208 itit
291 5148 344 5184 τε
367 5132 626 5202 σώματος
648 5135 813 5187 αὑτοῦ
839 5137 932 5188 καὶ
955 5136 1049 5189 τοῦ
1077 5139 1344 5209 σωτηρίου
1369 5140 1598 5209 αἵματος
1623 5141 1763 5194 κατά

170 5217 412 5304 έθεσμοὺς
443 5226 545 5295 τῆς
575 5227 784 5297 Καινῆς
821 5229 1098 5302 Διαθήκης
1128 5232 1548 5304 παρειληφότες,
1599 5233 1764 5288 πάλιν

203 5309 288 5365 ὑπὸ
306 5316 396 5369 τοῦ
422 5319 707 5388 προφήτου
734 5319 899 5374 Δαϐὶδ
915 5321 1278 5391 παιδευόμεθα
1302 5323 1500 5395 λέγειν’
1532 5343 1550 5375 ι
1589 5324 1765 5377 Ἤτοι-

207 5419 356 5472 paea;
403 5410 638 5464 ἐνώπιόν
675 5429 774 5481 μου
807 5413 1088 5484 τράπεζαν
1120 5415 1180 5480 ἐξ
1213 5416 1460 5480 ἐναντίας
1504 5416 1613 5470 τῶν
1652 5417 1764 5470 θλι-

205 5493 378 5555 “vrum
409 5521 500 5574 με.
563 5504 854 5568 Ἐλίπανας
902 5509 960 5559 ἐν
1011 5507 1176 5579 ἐλαίῳ
1207 5509 1307 5581 τὴν
1356 5510 1602 5580 κεφαλήν
1636 5527 1758 5579 μου,

207 5592 362 5645 καὶτὸ
400 5597 662 5668 ποτήριόν
715 5614 808 5651 σου
862 5598 1132 5668 μεθύσκον
1170 5617 1236 5671 με
1275 5601 1351 5665 ὡς
1391 5601 1702 5675 κράτιστον.
1739 5622 1758 5654 ι

206 5685 486 5760 Λιλῤῥήδην
520 5687 650 5757 γοῦν
677 5691 735 5742 ἐν
762 5690 972 5754 τούτοις
1002 5691 1097 5745 καὶ
1127 5692 1187 5745 τὸ
1212 5693 1470 5763 μυστικὸν
1497 5693 1761 5763 σημαίνε-

265 5863 302 5894 "
329 5864 440 5924 Gal.
476 5886 559 5936 ut,
594 5870 676 5924 15.

759 5872 799 5903 ³⁷
831 5869 875 5925 11
898 5872 1023 5929 Cor.
1056 5873 1210 5941 v,‘.’.l.
1294 5874 1344 5911 ³³
1369 5870 1502 5927 Luc.
1537 5889 1587 5939 Χ,
1619 5871 1707 5927 21.

1869 4680 2042 4742 nium,
2098 4680 2276 4749 ipsum
2323 4677 2717 4734 exsecrationis
2751 4667 3292 4746 trophaunnlltaque
3331 4683 3458 4744 post

1871 4774 2076 4837 omnia,
2107 4774 2264 4843 quasi
2291 4771 2596 4826 mirabilem
2623 4771 2898 4841 quandam
2947 4769 3256 4832 victimam,
3283 4766 3457 4822 sacri-

1871 4865 2164 4935 liciumque
2193 4865 2454 4920 eximium
2488 4862 2628 4933 patri
2687 4877 2791 4919 suo
2842 4870 3104 4932 operatus
3137 4876 3234 4930 pro
3267 4869 3458 4913 nostra

1871 4956 2114 5010 onmium
2155 4957 2333 5009 salute
2395 4954 2613 5020 obtulit,
2666 4953 2898 5022 ejusque
2929 4953 3003 5007 rei
3038 4951 3354 5005 memoriam
3397 4955 3457 5001 ut

1873 5063 1972 5103 nos
2031 5049 2133 5115 ipsi
2183 5047 2293 5103 Deo
2316 5062 2416 5117 pro
2471 5047 2744 5102 sacriﬁcio
2799 5046 3157 5107 oﬂerretnus,
3195 5041 3452 5096 instituit.
3453 5077 3491 5126 λ

1873 5142 1986 5196 Hoc
2012 5143 2177 5196 etiam
2217 5141 2603 5212 prophetarum
2639 5140 2951 5211 praecipuus
2972 5136 3160 5198 David,
3193 5136 3284 5204 qui
3307 5133 3454 5203 quod

1872 5235 2117 5288 futurum
2143 5242 2263 5288 erat
2301 5233 2508 5304 Spiritu
2562 5234 2750 5288 divino
2785 5230 3099 5302 providerat
3120 5228 3458 5283 vaticinatus

1871 5334 1975 5387 est,
2005 5325 2097 5379 ubi
2131 5325 2206 5378 ait
2237 5344 2250 5379 :
2277 5342 2296 5378 ι
2327 5324 2664 5395 Exspectans
2719 5319 3033 5391 exspectavi
3068 5318 3377 5382 Dominum,
3403 5331 3460 5373 et

1873 5415 2108 5471 intendit
2137 5417 2304 5470 mihi:
2336 5426 2391 5471 et
2417 5416 2696 5472 exaudivit
2721 5428 2935 5484 precem
2968 5427 3166 5476 meam,
3197 5421 3249 5466 et
3270 5419 3457 5466 sustu-

1873 5509 1936 5563 lit
1960 5525 2046 5563 me
2075 5509 2142 5564 de
2174 5509 2296 5564 lacu
2329 5509 2564 5564 miseria:
2593 5516 2649 5562 et
2676 5507 2745 5562 de
2804 5508 2919 5560 luto
2955 5505 3104 5560 faecis
3131 5523 3144 5558 :
3175 5513 3228 5558 et
3263 5513 3457 5559 statuit

1874 5615 2036 5670 supra
2067 5607 2273 5669 petram
2295 5600 2461 5670 pedes
2510 5614 2682 5662 meos,
2716 5605 2771 5652 et
2803 5597 3001 5653 direxit
3029 5610 3253 5667 gressus
3277 5610 3452 5650 meos.
3493 5625 3526 5662 ο

1872 5701 1926 5746 et
1956 5692 2186 5748 immisit
2243 5692 2299 5749 in
2328 5707 2391 5748 os
2415 5707 2596 5748 meum
2643 5689 2933 5748 Canticum
2982 5705 3206 5754 novum,
3237 5702 3453 5778 carmen

1789 5874 1832 5906 ³³
1867 5871 2026 5930 Deut.
2061 5890 2172 5942 ut,
2203 5875 2290 5930 25.
2359 5872 2362 5876 ’
