4018 6508
557 429 619 484 9|

1214 425 1485 482 EUSEBII
1513 423 1996 481 CJESABIENSIS
2033 423 2185 481 OPP.
2225 421 2408 478 PARS
2445 421 2510 478 II‘.
2547 451 2620 461 —
2654 417 3163 475 APOLOGETICA-

3761 415 3854 471 92

561 545 672 600 Deo
701 553 891 601 nostro
912 544 980 598 “.
1015 563 1034 596 ι
1067 543 1226 610 Quod
1254 558 1419 614 porro
1465 544 1536 598 sit
1577 543 1681 598 hoc
1737 559 1935 598 novum
1959 544 2128 598 canti-

2231 559 2322 594 ται
2365 541 2592 613 χρίσμα,
2641 538 2736 592 καὶ
2775 539 2845 590 τὰ
2885 535 3060 606 σεμνᾶ
3099 537 3200 608 τῆς
3248 535 3486 606 Χριστοῦ
3533 536 3851 607 τραπέζης

557 652 688 693 cum
738 636 980 692 declarat
1031 635 1289 704 deinceps
1350 635 1442 690 ubi
1493 637 1602 688 ait:
1632 655 1650 686 ι
1683 633 2029 690 Sacriﬁcium
2079 642 2137 689 et

557 729 889 784 oblationem
922 728 1166 791 noluisti,
1201 742 1404 797 corpus
1445 737 1626 782 autem
1662 725 1938 798 perlecisti
1960 725 2132 780 mihi:

559 819 883 874 holocausta
909 827 963 873 et
1003 834 1101 888 pro
1127 829 1353 888 peccato
1373 833 1481 872 non
1517 818 1759 888 probasti
1789 835 1803 883 ;
1838 825 1971 871 tunc
1997 816 2134 880 dixi,

557 925 688 964 ecce
711 911 887 967 venio.
913 910 972 962 In
991 909 1306 978 capitelibri
1338 912 1604 978 scriptum
1637 915 1721 963 est
1753 909 1819 963 de
1838 923 1944 971 me,
1979 917 2039 962 ut
2057 907 2138 961 fa-

557 1017 756 1066 cerem,
782 999 945 1066 Deus,
972 1001 1304 1056 voluntatem
1337 1009 1505 1066 tuam,
1539 1001 1682 1057 volui
1719 1001 1783 1064 ³⁸,
1818 1019 1835 1051 ι
1868 1007 1922 1056 et
1943 1000 2138 1070 adjun-

555 1093 637 1163 git
669 1108 684 1144 :
724 1111 743 1144 ι
775 1092 1107 1146 Annuntiavi
1137 1092 1407 1161 justitiam
1443 1093 1495 1146 in
1528 1091 1769 1147 Ecclesia
1801 1107 1995 1162 magna
2022 1093 2089 1146 ³⁸.
2113 1110 2131 1144 ι

557 1183 652 1240 Sic
681 1185 841 1256 plane
871 1184 1074 1240 docens
1093 1199 1188 1254 pro
1217 1185 1456 1254 antiquis
1489 1185 1776 1240 sacriﬁciis
1813 1185 2140 1240 etholocau-

557 1277 680 1337 stis.
711 1276 916 1332 Christi
968 1278 1257 1330 adventum
1293 1292 1389 1346 per
1436 1277 1865 1345 assumptionem
1914 1275 2137 1329 humani

555 1364 668 1436 39
696 1367 966 1436 corporis.
996 1368 1224 1437 ejusque
1249 1382 1451 1436 corpus
1480 1364 1804 1436 perfectum,
1842 1364 1952 1420 Deo
1983 1367 2139 1420 obla-

555 1465 674 1511 tum
705 1473 827 1513 esse
855 1477 868 1512 :
896 1457 1184 1528 ipsumque
1219 1458 1322 1512 hoc
1343 1457 1600 1512 Ecclesia:
1629 1472 1743 1512 sua:
1769 1459 1983 1511 nuntiat
2010 1473 2136 1512 cum

556 1547 754 1617 gaudio
785 1555 1043 1617 tanquam
1090 1549 1280 1618 ingens
1325 1548 1664 1620 mysterium,
1709 1547 1854 1617 quod
1902 1549 2138 1618 prophev

555 1638 668 1690 tica
692 1653 826 1693 voce
856 1638 911 1692 in
942 1641 1121 1708 capite
1167 1639 1287 1693 libri
1327 1640 1665 1710 propositum
1708 1653 2138 1708 expressumque

557 1730 648 1785 sit.
667 1729 803 1784 Cum
830 1746 960 1800 ergo
985 1731 1147 1801 hujus
1179 1732 1434 1786 sacriﬁcii
1462 1731 1779 1785 memoriam
1813 1731 1982 1802 signis
2013 1733 2136 1800 qui-

555 1822 785 1876 husdam
828 1823 882 1876 in
931 1839 1118 1878 mensa
1153 1825 1557 1886 celebrandam,
1603 1824 1961 1897 corporisque
2003 1823 2134 1877 item

2236 633 2470 703 θύματα,
2497 631 2566 684 δι’
2598 623 2672 682 ὧν
2703 628 3133 699 καλλιεροῦντες,
3162 628 3262 690 τὰς
3289 626 3554 698 ἁναίμους
3596 629 3690 680 καὶ
3735 626 3852 680 λο-

2235 725 2397 794 γικὰς
2452 723 2599 793 αὐτῷ
2627 739 2685 775 τε
2714 722 3002 792 προσηνεῖς
3030 719 3220 782 Θυσίας
3246 718 3336 772 διὰ
3365 719 3564 783 παντὸς
3589 719 3705 789 βίου
3750 719 3852 790 τῷ

2235 813 2333 866 ἐπὶ
2361 813 2574 866 πάντων
2609 811 2932 882 προσφέρειν
2956 808 3075 880 Θεῷ
3111 808 3198 861 διὰ
3232 808 3326 861 τοῦ
3359 809 3576 862 πάντων
3605 807 3853 861 ἀνωτά-

2237 921 2329 956 του
2360 903 2660 974 ἀρχιερέως
2681 902 2846 956 αὐτοῦ
2873 901 3246 972 δεδιδάγμεθα.
3277 899 3448 953 Τοῦτο
3477 899 3698 952 δὲ.αὐτὸ
3727 900 3851 953 καὶ

2253 995 2478 1058 Ἡσαΐας
2526 996 2554 1047 6
2619 994 2790 1063 μέγας
2840 994 3126 1065 προφήτης
3185 990 3512 1062 θαυμαστῶς
3553 988 3632 1060 τῷ
3683 988 3849 1059 θείῳ

2239 1085 2516 1154 Πνεύματι
2548 1085 2881 1156 προέγνω.τε
2923 1084 3016 1136 καὶ
3069 1081 3510 1153 προανειρώνησε.
3556 1080 3724 1150 Λέγει
3786 1079 3847 1134 δ’

2236 1173 2328 1231 οὖν
2359 1171 2458 1232 ὧδε
2487 1178 2581 1230 κα)⁸
2621 1177 2804 1240 αὐτός’
2845 1196 2864 1228 ι
2899 1176 3069 1248 Κύριε
3100 1177 3128 1227 6
3153 1174 3283 1237 Θεός
3318 1189 3442 1244 μου,
3487 1169 3700 1236 δοξάσω
3736 1186 3844 1234 σε,

2239 1270 2465 1341 ὑμνήσω
2486 1269 2549 1322 τὸ
2571 1268 2741 1339 ὄνομά
2776 1285 2891 1331 σου,
2918 1269 2999 1321 ὅτι
3035 1267 3295 1337 ἐποίησας
3346 1263 3634 1336 θαυμαστὰ
3674 1263 3848 1334 πρά-

2237 1378 2446 1432 γματα.
2484 1381 2500 1412 ι
2531 1361 2640 1414 Καὶ
2666 1361 2786 1413 τίνα
2827 1359 3000 1414 ταῦτα
3022 1359 3097 1422 ὡς
3127 1356 3340 1428 ἀληθῶς
3371 1356 3670 1427 θαυμάσια,
3699 1355 3846 1407 δια-

2240 1455 2421 1522 σαφεῖ,
2467 1452 2640 1520 λέγων
2674 1451 2830 1523 ἑξῆς
2872 1471 2900 1504 ι
2922 1452 3142 1522 Ποιήσει
3183 1449 3385 1520 Κύριος
3416 1447 3646 1502 Σαϐαὼθ
3681 1448 3846 1500 πᾶσι

2236 1547 2349 1608 τοῖς
2371 1545 2566 1598 ἔθνεσιο
2604 1545 2817 1597 πίονται
2846 1541 3207 1615 εὐφροσύνην,
3256 1543 3470 1594 πίονται
3500 1536 3664 1602 οἶνον,
3691 1539 3840 1611 χρί-

2240 1654 2421 1691 σονται
2451 1637 2618 1708 μύρον
2647 1639 2704 1689 ἐν
2731 1635 2809 1706 τῷ
2829 1637 2942 1706 ὄρει
2963 1635 3154 1705 τούτῳ.
3183 1633 3428 1705 Παράδος
3449 1633 3618 1686 ταῦτα
3635 1633 3842 1688 πάντα

2236 1732 2348 1792 τοῖς
2371 1728 2660 1798 ἔθνεσιν-’ἠ
2692 1728 2802 1798 γὰρ
2834 1727 2997 1799 βουλὴ
3019 1727 3156 1798 αὐτη
3190 1729 3284 1779 ἐπὶ
3309 1726 3484 1778 πάντα
3505 1725 3574 1778 τὰ
3606 1725 3769 1793 ἔθνη.
3807 1742 3832 1775 ι

2238 1821 2476 1875 Τοιαῦτα
2505 1839 2627 1874 τινα
2652 1818 2718 1892 ἦν
2760 1821 2852 1873 καὶ
2884 1819 2955 1872 τὰ
3003 1821 3224 1873 Ἡσαΐου
3253 1819 3548 1889 θαυμάσια,
3589 1816 3840 1880 εὐωδίας

557 1916 724 1980 illius,
771 1916 1140 1986 salutarisque
1186 1917 1488 1986 sanguinis,
1531 1925 1590 1970 ut
1639 1918 1767 1970 novi
1800 1914 2128 1970 Testamenti

2236 1913 2446 1983 ἀγαθῆς
2469 1914 2562 1967 καὶ
2594 1913 2779 1983 μύρων
2807 1913 3004 1982 χρίσιν,
3032 1913 3092 1964 οὐ
3123 1911 3201 1981 τῷ
3247 1910 3480 1982 Ἰσραὴλ,
3507 1908 3644 1963 ἀλλὰ
3677 1909 3835 1962 πᾶσι

556 2008 872 2065 institutum
907 2009 1093 2073 habet,
1120 2010 1492 2078 acceperimus
1525 2028 1538 2063 :
1567 2025 1784 2062 rursum
1813 2023 1841 2062 a
1873 2010 2136 2078 propheta

558 2095 726 2152 David
770 2099 1096 2155 instruimur
1149 2099 1218 2152 ad
1267 2099 1558 2154 dicendum
1597 2117 1652 2152 ει
1680 2099 1891 2154 Parasti
1923 2101 1975 2154 in
2003 2116 2139 2154 con-

557 2199 749 2259 spectu
801 2206 921 2246 meo
969 2206 1212 2248 mensam
1265 2199 1458 2247 contra
1499 2207 1594 2246 eos
1619 2193 1709 2261 qui
1741 2192 1983 2261 amigunt
2026 2208 2131 2247 me.

557 2281 760 2353 Pingue
786 2282 961 2339 fecisti
1014 2285 1070 2338 in
1118 2285 1238 2339 oleo
1287 2291 1450 2352 caput
1494 2298 1696 2346 meum,
1730 2290 1783 2338 ct
1822 2286 1962 2336 calix
2008 2293 2134 2338 tuus

556 2373 839 2430 inebrians
875 2391 1037 2444 quam
1079 2375 1568 2445 praestantissimus
1586 2374 1649 2426 ³³.
1685 2393 1705 2425 ι
1740 2372 1925 2427 Palam
1971 2375 2136 2444 igitur

556 2464 612 2516 in
644 2463 729 2520 his
760 2466 1040 2536 mysticam
1083 2467 1353 2538 signiﬁcat
1384 2467 1718 2529 unctionem,
1751 2475 1804 2520 et
1851 2466 2135 2520 horrorem

554 2551 834 2607 aﬁ‘erentia
868 2571 1070 2610 mensa:
1093 2557 1296 2612 Christi
1329 2557 1622 2622 sacriﬁcia,
1657 2559 1855 2626 quibus
1903 2573 2135 2626 cperan-

450 2636 454 2640 ’
539 2651 662 2710 κως,
695 2643 1009 2701 incruentas
1037 2654 1092 2701 et
1125 2648 1418 2703 rationales
1452 2648 1609 2717 eique
1642 2663 1840 2703 suaves
1864 2649 2131 2712 victimas,

554 2735 613 2788 in
661 2741 773 2789 tota
811 2737 918 2790 vita
955 2752 1211 2806 supremo
1256 2737 1365 2792 Deo
1411 2737 1629 2800 oﬁ‘erre,
1673 2753 1770 2808 per
1815 2739 2137 2792 eminentis-

555 2824 753 2879 simum
809 2827 1054 2882 omnium
1111 2827 1282 2896 ipsius
1337 2826 1877 2898 pontiﬁcem,edocti
1920 2820 2128 2882 sumus.

555 2912 671 2966 IIoc
707 2913 883 2982 ipsum
917 2929 1148 2983 magnus
1170 2931 1390 2985 quoque
1419 2915 1681 2984 propheta
1712 2915 1880 2971 Isaias
1907 2918 2132 2972 mirabi-

555 3002 682 3056 liter
711 3003 895 3060 divino
933 3003 1137 3076 Spiritu
1165 3007 1441 3063 indicante
1460 3009 1722 3079 providit,
1753 3015 1806 3064 et
1841 3019 2132 3079 antequam

555 3095 708 3150 ﬁeret
759 3097 1111 3166 praedicavit;
1142 3098 1274 3152 dicit
1304 3099 1470 3169 igitur
1501 3101 1580 3155 sic
1613 3120 1628 3156 :
1669 3119 1687 3152 ι
1732 3099 1956 3156 Domine
1989 3100 2132 3156 Deus

555 3198 730 3248 meus,
775 3185 1091 3255 gloriﬁcabo
1141 3194 1215 3252 te,
1265 3188 1499 3244 laudabo
1540 3205 1739 3245 nomen
1785 3198 1960 3255 tuum,
1994 3208 2132 3260 quo-

553 3276 700 3329 niam
743 3276 918 3333 I'ecisti
943 3295 1030 3334 res
1058 3279 1337 3339 mirabiles
1355 3283 1422 3336 “.
1466 3302 1485 3336 ι
1521 3282 1588 3336 Ει
1617 3300 1864 3354 quaenam
1898 3285 1979 3339 hae
2019 3286 2130 3340 sint

551 3382 641 3422 res
693 3369 1002 3436 mirabiles,
1062 3374 1223 3442 plane
1271 3375 1530 3445 deinceps
1587 3377 1828 3432 ostendit
1877 3377 2072 3433 dicens
2113 3397 2126 3432 :

556 3477 575 3510 ε
608 3455 792 3514 Faciet
815 3459 1080 3519 Dominus
1112 3462 1351 3520 Sabaoth
1386 3467 1698 3522 convivium
1721 3468 1975 3523 omnibus
2001 3485 2132 3539 gen-

549 3550 696 3608 tibus
734 3571 746 3607 :
781 3553 966 3610 bibent
994 3555 1253 3622 laetitiam,
1287 3557 1472 3616 bibent
1495 3559 1716 3616 vinum:
1739 3571 2008 3630 ungentur
2031 3577 2134 3615 un-

547 3654 750 3714 guento
769 3643 823 3699 in
843 3654 1025 3702 monte
1046 3647 1168 3715 illo;
1187 3647 1338 3702 trade
1359 3648 1473 3704 haec
1492 3651 1673 3704 omnia
1696 3651 1965 3720 gentibus.
1994 3651 2134 3707 Con-

546 3737 730 3791 silium
771 3737 915 3792 enim
956 3738 1060 3793 hoc
1104 3740 1158 3794 in
1203 3755 1393 3794 omnes
1422 3751 1612 3811 gentes
1636 3742 1702 3798 ³⁸.
1739 3762 1758 3794 ι
1795 3741 2120 3811 IIujusmodi

545 3840 696 3881 sane.
736 3835 892 3882 erant
946 3827 1098 3884 Isaiae
1147 3829 1441 3892 mirabilia,
1477 3846 1598 3900 qua:
1641 3831 1798 3886 bona:
1838 3831 2127 3902 cujusdam

548 3915 880 3987 fragrantia,
912 3920 1282 3990 unguentique
1312 3921 1645 3985 unctionem,
1677 3938 1784 3976 non
1814 3921 1998 3986 Israel,
2029 3922 2126 3978 sed

545 4009 804 4065 onmibus
829 4011 1085 4080 gentibus
1109 4011 1500 4082 promittebant
1529 4031 1542 4067 :
1572 4029 1638 4068 ex
1662 4029 1770 4084 quo
1795 4030 1906 4068 non
1935 4014 2127 4070 imme-

545 4106 654 4158 rito
714 4113 934 4174 propter
997 4110 1262 4176 unguenti
1319 4108 1631 4163 unctionem
1686 4107 2124 4163 Christianorum

547 4196 968 4265 appellationem
1025 4207 1336 4253 consecuta:
1391 4180 1539 4263 sunt,
1602 4199 1698 4254 sed
1749 4200 1861 4253 vini
1907 4215 2124 4270 qucque

545 4285 788 4340 Iatitiam
841 4287 1093 4356 gentibus
1141 4288 1475 4343 vaticinatur
1513 4290 1569 4343 in
1602 4304 1688 4352 eo,
1735 4289 1869 4344 Novi
1931 4289 2124 4344 Testa-

544 4377 736 4440 menti,
765 4378 912 4447 quod
951 4393 981 4431 a
1024 4378 1244 4434 Christo
1295 4379 1581 4434 conditum
1628 4385 1740 4443 est,
1775 4380 2119 4451 mysterium,

544 4468 882 4526 subobscure
941 4469 1300 4541 signiﬁcans:
1335 4471 1484 4542 quod
1541 4487 1674 4527 sane
1730 4472 1873 4542 apud
1928 4487 2121 4528 omnes

2157 3237 2200 3296 C

2235 2007 2346 2068 τοῖς
2379 2005 2585 2057 ἔθνεσιν
2619 2004 3080 2073 ἐπαγγελλόμενα·
3115 2003 3237 2056 ὅθεν
3283 2002 3506 2064 εἰκότως
3537 1999 3690 2070 παρὰ
3719 2000 3834 2070 τὴν

2235 2100 2328 2153 τοῦ
2384 2100 2553 2172 μύρου
2612 2099 2788 2170 χρίσιν
2835 2100 2929 2153 καὶ
2977 2099 3076 2167 τῆς
3114 2097 3456 2169 Χριστιανῶν
3502 2097 3854 2166 ἠξιώθησαν.

2237 2192 2627 2264 προσηγορίας.
2666 2190 2826 2243 Ἀλλά
2853 2192 2947 2245 καὶ
2979 2190 3120 2244 οἴνου
3156 2192 3267 2251 τοῖς
3302 2189 3507 2241 ἔθνεσιν
3547 2187 3836 2260 εὐφροσύ-

2235 2301 2333 2355 νην
2377 2283 2641 2347 θεσπίζει,
2674 2283 2736 2335 τὸ
2779 2282 2878 2353 τῆς
2904 2281 3109 2350 Καινῆς
3135 2280 3229 2333 τοῦ
3264 2279 3498 2351 Χριστοῦ
3536 2280 3832 2350 Διαθήκης

2240 2376 2535 2446 μυστήριον
2576 2373 2962 2444 αἰνιττόμενος,
3006 2372 3035 2425 ὃ
3084 2371 3236 2442 παρὰ
3271 2373 3402 2424 πᾶσι
3443 2373 3553 2434 τοῖς
3601 2369 3827 2422 ἔθνεσιν

2235 2467 2478 2538 ἐναργῶς
2507 2466 2647 2520 κατὰ
2680 2467 2768 2519 τὸν
2802 2466 3040 2536 παρόντα
3071 2464 3258 2534 καιρὸν
3294 2463 3614 2516 ὲκτελεῖται.
3661 2461 3824 2514 Ταύ-

2233 2578 2331 2624 τας
2355 2561 2412 2613 δὲ
2447 2559 2607 2613 πάλιν
2632 2558 2730 2621 τὰς
2766 2557 3109 2627 ἀσωμάτους,
3155 2555 3251 2608 καὶ
3288 2553 3480 2624 νοερὰς
3510 2551 3700 2614 θυσίας
3743 2551 3826 2604 τὰ

2235 2651 2546 2724 προφητικὰ
2613 2649 2871 2721 κηρύττει
2922 2649 3098 2716 λόγια,
3164 2639 3275 2699 ὧδέ·
3318 2663 3392 2715 ςτη
3462 2643 3817 2713 περιέχον-’.ια’

2241 2763 2259 2795 ι
2296 2743 2464 2795 Θῦσον
2498 2741 2575 2812 τῷ
2626 2740 2744 2810 Θεῷ
2789 2739 2978 2793 θυσίαν
3033 2735 3310 2800 αἰνέσεως,
3345 2737 3438 2788 καὶ
3491 2734 3685 2798 ἀπόδος
3729 2734 3822 2806 τῷ

2246 2833 2484 2902 Ὑψίστῳ
2511 2832 2611 2895 τὰς
2635 2831 2799 2900 εὐχάς
2822 2849 2936 2893 σου,
2978 2832 3073 2884 καὶ
3099 2827 3418 2882 ὲπικάιλεσαί
3455 2845 3521 2898 με
3547 2830 3604 2880 ὲν
3625 2829 3824 2900 ἡμέρᾳ.

2235 2924 2484 2994 θλίψεως,
2523 2925 2619 2978 καὶ
2661 2922 2950 2994 ὲξελοῦμαί
2980 2941 3062 2986 σε,
3093 2924 3185 2975 καὶ
3225 2920 3469 2986 δοξάσεις
3505 2940 3592 2992 με.
3625 2941 3644 2974 ι
3699 2923 3821 2975 Καὶ

2235 3017 2393 3070 πάλιν
2413 3034 2426 3046 ·
2463 3037 2481 3068 ι
2522 3019 2790 3086 Ἔπαρσις
2815 3013 2922 3066 τῶν
2957 3014 3153 3084 χειρῶν
3176 3031 3274 3084 μου
3293 3014 3448 3066 θυσία
3471 3015 3752 3084 έπερινή.
3790 3032 3813 3063 ι

2233 3109 2347 3162 Καὶ
2372 3105 2546 3170 αὖθις·
2594 3127 2612 3157 ‹
2659 3106 2829 3160 Θυσία
2869 3105 2949 3175 τῷ
2990 3105 3108 3176 Θεῷ
3153 3104 3370 3174 πνεῦμα
3411 3103 3821 3176 συντετριμμέ-

2233 3217 2345 3253 νον.
2381 3219 2399 3250 ι
2433 3198 2615 3252 Ταῦτα
2643 3198 2707 3269 δὴ
2731 3193 2824 3250 οὖν
2856 3198 3052 3262 πάντα,
3099 3195 3158 3261 ἐξ
3192 3196 3382 3258 αἰῶνος
3408 3195 3819 3266 τεθεσπισμένα

2232 3291 2320 3344 διὰ
2344 3291 2445 3360 τῆς
2468 3289 2830 3358 εὐαγγελικῆς
2862 3287 2955 3342 τοῦ
2980 3288 3230 3359 Σωτῆρος
3253 3287 3410 3358 ἡμῶν
3436 3285 3814 3349 διδασκαλίας,

2233 3381 2373 3436 κατὰ
2405 3382 2495 3434 τὸν
2527 3381 2770 3450 παρόντα
2815 3379 3005 3451 καιρὸν
3036 3379 3171 3452 πρὸς
3213 3380 3469 3432 ἁπάντων
3500 3379 3608 3432 τῶν
3636 3377 3818 3431 ἐθνῶν

2231 3472 2550 3534 ὲκτελεῐται,
2578 3471 2834 3543 ἀληθείας
2862 3471 3344 3544 ἐπιμαρτυρούσης
3376 3473 3442 3541 τῇ
3492 3473 3812 3542 προφητικῇ

2230 3568 2402 3634 φωνῇ,
2424 3561 2591 3636 δι’ἧς,
2626 3563 2725 3627 τὰς
2753 3564 2892 3618 κατὰ
2917 3563 3152 3618 Μωῦσέα
3183 3562 3368 3626 θυσίας
3389 3563 3418 3614 6
3449 3561 3578 3624 Θεὸς
3609 3577 3818 3632 παραιρ-

2227 3657 2554 3727 τησάμενος,
2579 3656 2641 3708 τὸ
2681 3656 2872 3726 μέλλον
2909 3653 3276 3709 ἔσεσθαι.καθ’
3315 3656 3460 3724 ἡμᾶς
3489 3654 3685 3716 αὐτοὺς
3717 3652 3817 3706 θε-

2231 3743 2441 3808 σπίζει,
2494 3745 2708 3814 λέγων·
2764 3763 2782 3796 ι
2830 3745 2974 3798 Διότι
3031 3743 3139 3798 ἀπὸ
3189 3741 3462 3797 ἀνατολῶν
3511 3741 3660 3812 ἡλίου
3710 3742 3812 3795 καὶ⁵

2233 3835 2394 3908 μέχρι
2447 3835 2666 3908 δυσμῶν
2721 3836 2783 3889 τὸ
2833 3834 3005 3906 δνομά
3062 3853 3163 3907 μου
3213 3833 3523 3898 δεδόξασται
3584 3835 3643 3886 ὲν
3692 3835 3812 3896 τοῖς

2229 3927 2426 3992 ἔθνεσι,
2464 3930 2558 3982 καὶ
2592 3932 2649 3982 ἐν
2684 3929 2847 3982 παντὶ
2890 3928 3040 3999 τόπῳ
3075 3928 3324 3998 θυμίαμα
3358 3927 3687 3996 προσάγεται
3723 3925 3810 3996 τῷ

2225 4019 2447 4090 ὀνόματί
2478 4036 2600 4090 μου,
2635 4021 2728 4073 καὶ
2765 4019 2926 4074 θυσία
2953 4019 3187 4089 καθαρά.
3227 4037 3244 4069 ι
3279 4018 3487 4088 Θύομεν
3515 4017 3651 4086 δῆτα
3693 4033 3810 4069 τοι-

2225 4109 2428 4180 γαροῦν
2451 4109 2530 4181 τῷ
2555 4111 2647 4162 ἐπὶ
2671 4111 2886 4164 πάντων
2918 4109 3035 4180 Θεῷ
3064 4108 3250 4162 θυσίαν
3278 4109 3566 4171 αἰνέσεωςο
3600 4107 3806 4177 θύομεν

2223 4202 2285 4254 τὸ
2311 4201 2511 4265 ἔνθεον,
2539 4201 2633 4256 καὶ
2675 4199 2892 4270 σεμνὸν,
2924 4201 3017 4254 καὶ
3053 4200 3374 4272 ίεροπρεπὲς
3401 4198 3570 4270 θύμαο
3599 4197 3804 4269 θύομεν

2225 4293 2426 4357 καινῶς
2458 4293 2604 4349 κατὰ
2630 4293 2728 4364 τὴν
2761 4292 2967 4364 Καινὴν
2993 4291 3268 4363 Διαθήκην
3300 4292 3398 4363 τὴν
3429 4289 3673 4362 καθαρὰν
3707 4291 3806 4344 θυ-

2225 4384 2364 4436 σίαν.
2416 4403 2436 4436 ι
2473 4383 2642 4438 Θυσία
2669 4383 2728 4436 δὲ
2756 4383 2832 4455 τῷ
2859 4383 2977 4455 Θεῷ
3023 4382 3240 4454 πνεῦμα
3275 4380 3733 4453 συντετριμμένον
3771 4398 3794 4434 ι

2224 4474 2470 4546 εἴρηται⁸
2517 4495 2535 4527 ι
2569 4475 2795 4546 καρδίαν
2837 4475 2969 4544 γοῦν
3008 4473 3474 4547 συντετριμμένην
3507 4473 3602 4526 κα)⁸
3634 4488 3798 4526 τετα-

542 4571 732 4630 gentes
774 4561 829 4616 in
867 4563 1120 4633 praesenti
1165 4571 1410 4634 tempore
1457 4566 1744 4634 perspicue
1789 4564 2116 4620 celebratur.

2231 4563 2564 4636 πεινωμένην
2607 4567 2636 4618 6
2663 4564 2795 4628 Θεὸς
2827 4566 2927 4620 οὐκ
2972 4564 3337 4631 ὲξουδενώσει.
3385 4585 3401 4616 ι
3436 4566 3546 4618 Καὶ
3589 4563 3653 4635 δὴ
3699 4564 3800 4618 καὶ

541 4652 714 4708 Porro
742 4653 840 4710 has
867 4670 1059 4711 rursus
1095 4657 1447 4726 incorporeas
1472 4657 1935 4727 intelligentiaque
1975 4672 2119 4726 prae-

540 4743 687 4801 ditas
718 4745 925 4800 hostias
960 4748 1276 4816 prophetica
1308 4750 1564 4802 nuntiant
1589 4750 1833 4807 oracula.
1868 4749 1948 4804 sic
1979 4765 2116 4819 quo-

541 4837 667 4891 dam
701 4837 819 4890 Ioco
847 4838 1102 4892 habentia
1130 4858 1142 4893 :
1184 4858 1202 4890 ι
1240 4839 1462 4894 Immola
1491 4839 1601 4894 Deo
1637 4841 1967 4895 sacriﬁcium
1999 4842 2117 4896 Iau-

541 4929 648 4986 dis.
672 4935 726 4982 ct
767 4928 932 4982 redde
975 4930 1255 4985 Altissimo
1288 4941 1410 4985 vota
1457 4943 1566 4994 tua,
1599 4941 1651 4987 et
1694 4933 1885 4988 invoca
1932 4950 2016 4987 me
2058 4934 2115 4988 in

538 5019 628 5076 die
683 5021 1074 5085 tribulationis,
1137 5030 1193 5076 et
1259 5039 1447 5078 eruam
1518 5033 1602 5088 te,
1676 5035 1732 5080 et
1781 5025 2114 5096 gloriﬁcabis

538 5128 626 5168 me
641 5114 707 5170 “.
751 5133 771 5166 ι
807 5113 872 5166 Ει
896 5131 1122 5170 rursus:
1153 5135 1171 5166 ι
1212 5116 1452 5172 Elevatio
1481 5134 1737 5171 manuum
1769 5133 2009 5171 mearum
2029 5134 2118 5173 sa-

535 5203 803 5258 oriﬁcium
833 5206 1279 5274 vespertinum".
1317 5225 1336 5259 ι
1364 5206 1495 5261 Item
1523 5208 1648 5260 alibi
1674 5226 1686 5262 :
1724 5226 1742 5258 ι
1777 5205 2115 5260 Sacriﬁcium

536 5291 669 5360 Deo,
703 5297 926 5364 spiritus
951 5299 1298 5353 contritus“.
1324 5318 1341 5350 ι
1370 5297 1494 5352 Ilaec
1512 5299 1673 5369 igitur
1689 5299 2026 5368 omnia,qu:e
2047 5299 2116 5353 ab

537 5385 692 5439 initio
717 5386 980 5444 divinitus
1013 5390 1270 5459 praedicta
1307 5399 1459 5455 sunt,
1491 5391 1543 5443 in
1584 5389 1837 5459 praesenti
1871 5399 2116 5459 tempore

534 5493 630 5548 per
671 5480 1036 5549 evangelicam
1081 5481 1382 5538 Salvatoris
1430 5483 1604 5537 nostri
1655 5482 1962 5536 doctrinam
1996 5481 2106 5552 40

467 5613 498 5644 ο
535 5572 606 5627 ab
635 5572 890 5628 omnibus
923 5574 1178 5644 gentibus
1206 5575 1572 5639 celebrantur,
1623 5575 1949 5646 prophetica:
1982 5577 2102 5630 voci

605 5667 652 5738 ’ξ
677 5665 822 5738 Psal.
865 5683 1065 5727 χχιιι.
1099 5670 1219 5725 24.
1295 5671 1337 5702 ³⁸
1392 5669 1528 5725 Ibid.
1561 5671 1677 5725 7-9.
1759 5671 1800 5702 ³³
1835 5671 1971 5725 Ibid.
2014 5673 2094 5726 10.

2250 5670 2392 5728 I’sal.
2453 5685 2594 5738 χχιι,
2631 5670 2683 5726 5.

536 5737 578 5770 ⁸⁸
621 5737 765 5792 Psal.
809 5754 934 5793 xm:
960 5779 974 5801 ,
1017 5741 1195 5813 “,15.
1273 5742 1315 5772 "
1348 5740 1492 5797 Psal.
1531 5757 1654 5804 (ιη,
1697 5742 1751 5794 2.
1828 5743 1872 5772 ³⁸
1897 5741 2041 5795 Psal.
2073 5758 2124 5801 ι..
2159 5743 2210 5796 9.

609 5834 685 5903 (1)
710 5831 872 5890 Forte
908 5835 1190 5905 legendum
1228 5834 1380 5898 67w;
1406 5838 1484 5890 vel
1517 5835 1669 5900 ὅλως.
1706 5835 1858 5890 [ἕω-ι.
1904 5834 2140 5892 Ριτιιυι..

2225 4657 2505 4729 θυμιῶμεν
2549 4655 2609 4710 τὸ
2653 4646 2984 4729 προφητικὸν
3028 4655 3298 4727 θυμίαμα,
3350 4657 3408 4710 ἐν
3441 4655 3602 4709 παντὶ
3645 4654 3800 4724 τόπῳ

2224 4748 2681 4822 προσκομίζοντες
2711 4749 2859 4819 αὐτῷ
2889 4747 2979 4801 τὸν
3020 4747 3192 4818 εὐώδη
3235 4747 3446 4819 καρπὸν
3486 4747 3585 4818 τῆς
3617 4761 3795 4800 πανα-

2228 4846 2379 4916 ρέτου
2419 4841 2716 4910 θεολογίας,
2755 4841 2842 4894 διὰ
2889 4839 2996 4893 τῶν
3031 4839 3168 4912 πρὸς
3191 4841 3353 4893 αὐτὸν
3385 4839 3558 4910 εὐχῶν
3587 4837 3793 4908 ἀναφέ-

2224 4951 2426 5005 ροντες.
2464 4932 2633 4986 Τοῦτό
2670 4949 2752 4984 τοι
2796 4931 2886 4984 xai
2930 4930 3084 4994 ἄλλος
3133 4931 3372 4984 διδάσκει
3412 4931 3717 5002 προφήτης,
3763 4932 3794 4982 6

2223 5025 2423 5094 φήσαςο
2453 5043 2471 5075 ι
2498 5022 2786 5094 Γενηθήτω
2809 5021 3130 5092 ὴπροσευχή
3163 5037 3264 5090 μου
3291 5021 3366 5083 ὡς
3393 5019 3642 5090 θυμίαμα
3667 5017 3795 5072 ἐνώ-

2219 5116 2340 5170 πιόν
2371 5132 2485 5169 σου.
2528 5135 2546 5169 ι
2579 5112 2786 5169 Οὐκοῦν
2816 5113 2909 5164 καὶ
2937 5111 3156 5181 θύομεν,
3187 5113 3279 5165 καὶ
3312 5111 3597 5182 θυμιῶμεν
3616 5129 3628 5140 ·
3668 5111 3794 5165 τοτὲ

2221 5209 2317 5278 μὲν
2345 5207 2443 5278 τὴν
2469 5209 2688 5278 μνήμην
2716 5205 2809 5260 τοῦ
2839 5204 3074 5276 μεγάλου
3099 5203 3357 5273 θύματος,
3393 5203 3534 5256 κατὰ
3554 5202 3624 5254 τὰ
3654 5200 3792 5273 πρὸς

2215 5299 2378 5352 αὐτοῦ
2406 5298 2776 5371 παραδοθέντα
2813 5297 3085 5367 μυστήρια
3127 5293 3522 5358 ἐπιτελοῦντες,
3562 5294 3656 5346 καὶ
3693 5293 3792 5360 τὴν

2215 5390 2356 5460 ὑπὲρ
2385 5389 2656 5460 σωτηρίας
2682 5388 2838 5460 ἡμῶν
2867 5387 3214 5458 εὐχαριστίαν
3243 5387 3308 5439 δι’
3334 5384 3572 5438 εὐσεϐῶν
3605 5383 3790 5454 ὓμνων

2213 5500 2270 5535 τε
2305 5483 2397 5536 καὶ
2436 5481 2609 5552 εὐχῶν
2636 5481 2714 5552 τῷ
2753 5480 2872 5550 Θεῷ
2907 5477 3384 5550 προσκομίζοντες·
3420 5477 3540 5530 τοτὲ
3565 5476 3620 5528 δὲ
3649 5476 3790 5544 στάς

2212 5577 2408 5638 αὐτοὺς
2440 5574 2636 5646 ὅλῳ(1)
2657 5573 3038 5644 καθιεροῦντες
3069 5570 3237 5642 αὐτῷ,
3268 5572 3359 5624 καὶ
3378 5568 3528 5640 τῷγε
3546 5569 3791 5639 ἀρχιερεῖ

2816 5672 2858 5702 ³⁸
2903 5669 3000 5725 Isa.
3044 5685 3176 5737 xxv,
3209 5671 3257 5722 I.
3364 5667 3407 5698 ³³
3460 5665 3592 5720 Ibid.
3669 5664 3786 5718 6.7.
