  <div class='ocr_page' id='page_1' title='image "/cluster/home/n/w/nwhite01/storage/ocr_20150623/22/hvd.32044020605168/056.png"; bbox 0 0 4018 6488; ppageno 0'>
   <div class='ocr_carea' id='block_1_1' title="bbox 269 402 3550 474">
    <p class='ocr_par' dir='ltr' id='par_1_1' title="bbox 269 402 3550 474">
     <span class='ocr_line' id='line_1_1' title="bbox 269 402 3550 474; baseline -0.006 0"><span class='ocrx_word' id='word_1_1' title='bbox 269 416 347 474; x_wconf 76' lang='grc'><strong>97</strong></span> <span class='ocrx_word' id='word_1_2' title='bbox 1211 403 1449 468; x_wconf 73' lang='lat' dir='ltr'><strong>DEMON</strong></span> <span class='ocrx_word' id='word_1_3' title='bbox 1460 404 1866 465; x_wconf 67' lang='lat' dir='ltr'><strong>STRATIGNIS</strong></span> <span class='ocrx_word' id='word_1_4' title='bbox 1901 403 2360 462; x_wconf 60' lang='lat' dir='ltr'><strong>EV’ANGELICJS</strong></span> <span class='ocrx_word' id='word_1_5' title='bbox 2398 403 2528 464; x_wconf 76' lang='lat' dir='ltr'><strong>UB.</strong></span> <span class='ocrx_word' id='word_1_6' title='bbox 2552 402 2616 460; x_wconf 86' lang='grc'><strong>11.</strong></span> <span class='ocrx_word' id='word_1_7' title='bbox 3477 407 3550 466; x_wconf 70' lang='grc'><strong>98</strong></span> 
     </span>
    </p>
   </div>
   <div class='ocr_carea' id='block_1_2' title="bbox 276 521 1861 604">
    <p class='ocr_par' dir='ltr' id='par_1_2' title="bbox 276 529 1861 604">
     <span class='ocr_line' id='line_1_2' title="bbox 276 529 1861 604; baseline -0.005 -16"><span class='ocrx_word' id='word_1_8' title='bbox 276 537 534 603; x_wconf 78' lang='grc' dir='ltr'>μετεῖναι</span> <span class='ocrx_word' id='word_1_9' title='bbox 555 533 782 603; x_wconf 75' lang='grc' dir='ltr'>’ἔφασαν</span> <span class='ocrx_word' id='word_1_10' title='bbox 811 529 918 588; x_wconf 86' lang='grc' dir='ltr'><strong>τῶν</strong></span> <span class='ocrx_word' id='word_1_11' title='bbox 953 532 1079 604; x_wconf 78' lang='grc' dir='ltr'>παρ’</span> <span class='ocrx_word' id='word_1_12' title='bbox 1111 532 1294 595; x_wconf 80' lang='grc' dir='ltr'>αὐτοῖς</span> <span class='ocrx_word' id='word_1_13' title='bbox 1329 530 1690 602; x_wconf 85' lang='grc' dir='ltr'>ἀναγράπτων</span> <span class='ocrx_word' id='word_1_14' title='bbox 1713 531 1861 596; x_wconf 83' lang='grc' dir='ltr'>ἐπαγ</span> 
     </span>
    </p>
   </div>
   <div class='ocr_carea' id='block_1_3' title="bbox 1964 521 3549 604">
    <p class='ocr_par' dir='ltr' id='par_1_3' title="bbox 1981 521 3549 595">
     <span class='ocr_line' id='line_1_3' title="bbox 1981 521 3549 595; baseline -0.002 -17"><span class='ocrx_word' id='word_1_15' title='bbox 1981 524 2185 581; x_wconf 75' lang='lat' dir='ltr'><strong>fellam.</strong></span> <span class='ocrx_word' id='word_1_16' title='bbox 2223 523 2490 592; x_wconf 85' lang='lat' dir='ltr'><strong>Quoniam</strong></span> <span class='ocrx_word' id='word_1_17' title='bbox 2540 523 2706 594; x_wconf 86' lang='lat' dir='ltr'><strong>igitur</strong></span> <span class='ocrx_word' id='word_1_18' title='bbox 2739 521 2920 580; x_wconf 84' lang='lat' dir='ltr'><strong>dicere</strong></span> <span class='ocrx_word' id='word_1_19' title='bbox 2949 523 3146 587; x_wconf 89' lang='lat' dir='ltr'><strong>solent,</strong></span> <span class='ocrx_word' id='word_1_20' title='bbox 3183 538 3370 579; x_wconf 91' lang='lat' dir='ltr'><strong>earum</strong></span> <span class='ocrx_word' id='word_1_21' title='bbox 3418 540 3549 595; x_wconf 86' lang='lat' dir='ltr'><strong>pro-</strong></span> 
     </span>
    </p>
   </div>
   <div class='ocr_carea' id='block_1_4' title="bbox 255 621 1873 697">
    <p class='ocr_par' dir='ltr' id='par_1_4' title="bbox 255 621 1873 697">
     <span class='ocr_line' id='line_1_4' title="bbox 255 621 1873 697; baseline -0.004 -17"><span class='ocrx_word' id='word_1_22' title='bbox 255 626 525 695; x_wconf 67' lang='grc' dir='ltr'>’γελιῶψ</span> <span class='ocrx_word' id='word_1_23' title='bbox 579 625 761 679; x_wconf 78' lang='grc' dir='ltr'>αὐτῶν</span> <span class='ocrx_word' id='word_1_24' title='bbox 792 623 901 697; x_wconf 74' lang='grc' dir='ltr'><strong>γὰρ</strong></span> <span class='ocrx_word' id='word_1_25' title='bbox 943 624 1039 679; x_wconf 79' lang='grc' dir='ltr'>καὶ</span> <span class='ocrx_word' id='word_1_26' title='bbox 1078 625 1204 687; x_wconf 77' lang='grc' dir='ltr'>τοὺς</span> <span class='ocrx_word' id='word_1_27' title='bbox 1247 625 1526 696; x_wconf 76' lang='grc' dir='ltr'><strong>προφήτας</strong></span> <span class='ocrx_word' id='word_1_28' title='bbox 1571 621 1873 692; x_wconf 85' lang='grc' dir='ltr'>γεγονέναι,</span> 
     </span>
    </p>
   </div>
   <div class='ocr_carea' id='block_1_5' title="bbox 265 712 1876 790">
    <p class='ocr_par' dir='ltr' id='par_1_5' title="bbox 265 712 1876 790">
     <span class='ocr_line' id='line_1_5' title="bbox 265 712 1876 790; baseline -0.004 -20"><span class='ocrx_word' id='word_1_29' title='bbox 265 716 475 782; x_wconf 69' lang='grc' dir='ltr'>αὐτοῖς</span> <span class='ocrx_word' id='word_1_30' title='bbox 505 717 606 772; x_wconf 73' lang='grc' dir='ltr'>καὶ</span> <span class='ocrx_word' id='word_1_31' title='bbox 649 717 907 790; x_wconf 84' lang='grc' dir='ltr'>Χριστὸν,</span> <span class='ocrx_word' id='word_1_32' title='bbox 934 715 994 767; x_wconf 76' lang='grc' dir='ltr'><strong>ὂν</strong></span> <span class='ocrx_word' id='word_1_33' title='bbox 1025 713 1089 785; x_wconf 82' lang='grc' dir='ltr'>δὴ</span> <span class='ocrx_word' id='word_1_34' title='bbox 1131 713 1282 783; x_wconf 82' lang='grc' dir='ltr'>φίλον</span> <span class='ocrx_word' id='word_1_35' title='bbox 1324 713 1618 768; x_wconf 79' lang='grc' dir='ltr'><strong>ἀποκαλεῖν</strong></span> <span class='ocrx_word' id='word_1_36' title='bbox 1646 712 1876 783; x_wconf 79' lang='grc' dir='ltr'><strong>Σωτῆρα</strong></span> 
     </span>
    </p>
   </div>
   <div class='ocr_carea' id='block_1_6' title="bbox 264 805 1873 882">
    <p class='ocr_par' dir='ltr' id='par_1_6' title="bbox 264 805 1873 882">
     <span class='ocr_line' id='line_1_6' title="bbox 264 805 1873 882; baseline -0.003 -20"><span class='ocrx_word' id='word_1_37' title='bbox 264 809 369 862; x_wconf 70' lang='grc' dir='ltr'>καὶ</span> <span class='ocrx_word' id='word_1_38' title='bbox 401 809 694 882; x_wconf 80' lang='grc' dir='ltr'><strong>λυτρωτὴν</strong></span> <span class='ocrx_word' id='word_1_39' title='bbox 727 806 1087 880; x_wconf 79' lang='grc' dir='ltr'>κηρύττεσθαι</span> <span class='ocrx_word' id='word_1_40' title='bbox 1109 823 1121 836; x_wconf 83' lang='lat'><strong><em>°</em></strong></span> <span class='ocrx_word' id='word_1_41' title='bbox 1157 808 1338 869; x_wconf 75' lang='grc' dir='ltr'>αὐτοῖς</span> <span class='ocrx_word' id='word_1_42' title='bbox 1367 807 1458 859; x_wconf 68' lang='grc' dir='ltr'>καὶ</span> <span class='ocrx_word' id='word_1_43' title='bbox 1503 805 1602 868; x_wconf 76' lang='grc' dir='ltr'>τὰς</span> <span class='ocrx_word' id='word_1_44' title='bbox 1633 805 1873 875; x_wconf 79' lang='grc' dir='ltr'>ἀναγρά-</span> 
     </span>
    </p>
   </div>
   <div class='ocr_carea' id='block_1_7' title="bbox 265 894 1875 968">
    <p class='ocr_par' dir='ltr' id='par_1_7' title="bbox 265 894 1875 968">
     <span class='ocr_line' id='line_1_7' title="bbox 265 894 1875 968; baseline -0.002 -18"><span class='ocrx_word' id='word_1_45' title='bbox 265 914 453 962; x_wconf 80' lang='grc' dir='ltr'>πτους</span> <span class='ocrx_word' id='word_1_46' title='bbox 496 898 821 967; x_wconf 76' lang='grc' dir='ltr'><strong>ὑποσχέσεις</strong></span> <span class='ocrx_word' id='word_1_47' title='bbox 861 895 1165 968; x_wconf 80' lang='grc' dir='ltr'>προσδοκᾷν</span> <span class='ocrx_word' id='word_1_48' title='bbox 1213 894 1680 966; x_wconf 77' lang='grc' dir='ltr'>ἀποδοθήσεσθαιο</span> <span class='ocrx_word' id='word_1_49' title='bbox 1725 894 1875 963; x_wconf 79' lang='grc' dir='ltr'>ἡμᾶς</span> 
     </span>
    </p>
   </div>
   <div class='ocr_carea' id='block_1_8' title="bbox 257 981 1876 1060">
    <p class='ocr_par' dir='ltr' id='par_1_8' title="bbox 257 981 1876 1060">
     <span class='ocr_line' id='line_1_8' title="bbox 257 981 1876 1060; baseline -0.005 -18"><span class='ocrx_word' id='word_1_50' title='bbox 257 986 324 1042; x_wconf 66' lang='grc' dir='ltr'>δὲ</span> <span class='ocrx_word' id='word_1_51' title='bbox 354 990 662 1060; x_wconf 76' lang='grc' dir='ltr'>περιττοὺς</span> <span class='ocrx_word' id='word_1_52' title='bbox 688 987 892 1040; x_wconf 90' lang='grc' dir='ltr'>τούτων</span> <span class='ocrx_word' id='word_1_53' title='bbox 926 986 1217 1058; x_wconf 76' lang='grc' dir='ltr'>ὑπάρχειν,</span> <span class='ocrx_word' id='word_1_54' title='bbox 1251 981 1337 1038; x_wconf 69' lang='grc' dir='ltr'>οἷα</span> <span class='ocrx_word' id='word_1_55' title='bbox 1365 985 1426 1038; x_wconf 86' lang='grc' dir='ltr'>τὸ</span> <span class='ocrx_word' id='word_1_56' title='bbox 1457 985 1614 1053; x_wconf 83' lang='grc' dir='ltr'>γένος</span> <span class='ocrx_word' id='word_1_57' title='bbox 1645 981 1876 1050; x_wconf 81' lang='grc' dir='ltr'>ἀλλοφύ-</span> 
     </span>
    </p>
   </div>
   <div class='ocr_carea' id='block_1_9' title="bbox 260 1073 1873 1149">
    <p class='ocr_par' dir='ltr' id='par_1_9' title="bbox 260 1073 1873 1149">
     <span class='ocr_line' id='line_1_9' title="bbox 260 1073 1873 1149; baseline -0.005 -15"><span class='ocrx_word' id='word_1_58' title='bbox 260 1077 403 1142; x_wconf 70' lang='grc' dir='ltr'>λους</span> <span class='ocrx_word' id='word_1_59' title='bbox 427 1081 617 1144; x_wconf 73' lang='grc' dir='ltr'>ὂντας,</span> <span class='ocrx_word' id='word_1_60' title='bbox 655 1073 738 1142; x_wconf 75' lang='grc' dir='ltr'>οἷς</span> <span class='ocrx_word' id='word_1_61' title='bbox 770 1079 837 1132; x_wconf 78' lang='grc' dir='ltr'><strong>τά</strong></span> <span class='ocrx_word' id='word_1_62' title='bbox 867 1079 1111 1149; x_wconf 78' lang='grc' dir='ltr'>χείριστα</span> <span class='ocrx_word' id='word_1_63' title='bbox 1153 1076 1240 1130; x_wconf 72' lang='grc' dir='ltr'><strong>δια</strong></span> <span class='ocrx_word' id='word_1_64' title='bbox 1283 1076 1475 1130; x_wconf 84' lang='grc' dir='ltr'>πασῶν</span> <span class='ocrx_word' id='word_1_65' title='bbox 1502 1075 1609 1128; x_wconf 89' lang='grc' dir='ltr'><strong>τῶν</strong></span> <span class='ocrx_word' id='word_1_66' title='bbox 1661 1088 1873 1144; x_wconf 86' lang='grc' dir='ltr'>προφη-</span> 
     </span>
    </p>
   </div>
   <div class='ocr_carea' id='block_1_10' title="bbox 260 1165 1876 1241">
    <p class='ocr_par' dir='ltr' id='par_1_10' title="bbox 260 1165 1876 1241">
     <span class='ocr_line' id='line_1_10' title="bbox 260 1165 1876 1241; baseline -0.006 -15"><span class='ocrx_word' id='word_1_67' title='bbox 260 1171 444 1226; x_wconf 72' lang='grc' dir='ltr'>τειῶν</span> <span class='ocrx_word' id='word_1_68' title='bbox 474 1169 847 1235; x_wconf 79' lang='grc' dir='ltr'>θεσπίζεσθαι.</span> <span class='ocrx_word' id='word_1_69' title='bbox 879 1171 1021 1241; x_wconf 83' lang='grc' dir='ltr'>Πρὸς</span> <span class='ocrx_word' id='word_1_70' title='bbox 1063 1169 1127 1240; x_wconf 81' lang='grc' dir='ltr'>δὴ</span> <span class='ocrx_word' id='word_1_71' title='bbox 1160 1165 1251 1222; x_wconf 82' lang='grc' dir='ltr'><strong>οὗν</strong></span> <span class='ocrx_word' id='word_1_72' title='bbox 1282 1167 1473 1232; x_wconf 85' lang='grc' dir='ltr'>ταῦτα,</span> <span class='ocrx_word' id='word_1_73' title='bbox 1502 1168 1656 1238; x_wconf 85' lang='grc' dir='ltr'>φέρε,</span> <span class='ocrx_word' id='word_1_74' title='bbox 1692 1165 1749 1230; x_wconf 76' lang='grc' dir='ltr'>ἐξ</span> <span class='ocrx_word' id='word_1_75' title='bbox 1779 1166 1876 1218; x_wconf 82' lang='grc' dir='ltr'>αύ-</span> 
     </span>
    </p>
   </div>
   <div class='ocr_carea' id='block_1_11' title="bbox 244 1257 1876 1333">
    <p class='ocr_par' dir='ltr' id='par_1_11' title="bbox 244 1257 1876 1333">
     <span class='ocr_line' id='line_1_11' title="bbox 244 1257 1876 1333; baseline -0.006 -16"><span class='ocrx_word' id='word_1_76' title='bbox 244 1263 381 1317; x_wconf 82' lang='grc' dir='ltr'><strong>’τῶν</strong></span> <span class='ocrx_word' id='word_1_77' title='bbox 429 1263 546 1316; x_wconf 84' lang='grc' dir='ltr'><strong>τῶν</strong></span> <span class='ocrx_word' id='word_1_78' title='bbox 579 1266 708 1333; x_wconf 79' lang='grc' dir='ltr'>παρ’</span> <span class='ocrx_word' id='word_1_79' title='bbox 739 1264 920 1325; x_wconf 78' lang='grc' dir='ltr'>αὐτοῖς</span> <span class='ocrx_word' id='word_1_80' title='bbox 952 1259 1303 1332; x_wconf 70' lang='grc' dir='ltr'><strong>προφητικῶν</strong></span> <span class='ocrx_word' id='word_1_81' title='bbox 1353 1259 1549 1329; x_wconf 74' lang='grc' dir='ltr'>βίϐλων</span> <span class='ocrx_word' id='word_1_82' title='bbox 1596 1259 1694 1329; x_wconf 73' lang='grc' dir='ltr'>τὴν</span> <span class='ocrx_word' id='word_1_83' title='bbox 1740 1257 1876 1326; x_wconf 64' lang='grc' dir='ltr'>πρὸς</span> 
     </span>
    </p>
   </div>
   <div class='ocr_carea' id='block_1_12' title="bbox 255 1348 1874 1424">
    <p class='ocr_par' dir='ltr' id='par_1_12' title="bbox 255 1348 1874 1424">
     <span class='ocr_line' id='line_1_12' title="bbox 255 1348 1874 1424; baseline -0.006 -14"><span class='ocrx_word' id='word_1_84' title='bbox 255 1357 486 1420; x_wconf 75' lang='grc' dir='ltr'>ιύτοίις</span> <span class='ocrx_word' id='word_1_85' title='bbox 514 1357 818 1424; x_wconf 72' lang='grc' dir='ltr'><strong>ἀπάντησιν</strong></span> <span class='ocrx_word' id='word_1_86' title='bbox 869 1352 1242 1424; x_wconf 78' lang='grc' dir='ltr'>ποιησώμεθα.</span> <span class='ocrx_word' id='word_1_87' title='bbox 1279 1353 1351 1405; x_wconf 82' lang='grc' dir='ltr'><strong>Τὸ</strong></span> <span class='ocrx_word' id='word_1_88' title='bbox 1414 1353 1512 1422; x_wconf 81' lang='grc' dir='ltr'>μὲν</span> <span class='ocrx_word' id='word_1_89' title='bbox 1555 1348 1649 1405; x_wconf 83' lang='grc' dir='ltr'><strong>οῦν</strong></span> <span class='ocrx_word' id='word_1_90' title='bbox 1693 1352 1874 1412; x_wconf 79' lang='grc' dir='ltr'>αὐτοῖς</span> 
     </span>
    </p>
   </div>
   <div class='ocr_carea' id='block_1_13' title="bbox 264 1439 1875 1516">
    <p class='ocr_par' dir='ltr' id='par_1_13' title="bbox 264 1439 1875 1516">
     <span class='ocr_line' id='line_1_13' title="bbox 264 1439 1875 1516; baseline -0.005 -18"><span class='ocrx_word' id='word_1_91' title='bbox 264 1444 629 1516; x_wconf 69' lang='grc' dir='ltr'><strong>ἐπηγγέλθαι</strong></span> <span class='ocrx_word' id='word_1_92' title='bbox 657 1444 748 1496; x_wconf 87' lang='grc' dir='ltr'><strong>τὸν</strong></span> <span class='ocrx_word' id='word_1_93' title='bbox 772 1443 1008 1513; x_wconf 81' lang='grc' dir='ltr'>Χριστὸν</span> <span class='ocrx_word' id='word_1_94' title='bbox 1037 1441 1130 1494; x_wconf 84' lang='grc' dir='ltr'><strong>τοῦ</strong></span> <span class='ocrx_word' id='word_1_95' title='bbox 1150 1441 1308 1505; x_wconf 86' lang='grc' dir='ltr'>Θεοῦ,</span> <span class='ocrx_word' id='word_1_96' title='bbox 1339 1442 1433 1495; x_wconf 77' lang='grc' dir='ltr'>καὶ</span> <span class='ocrx_word' id='word_1_97' title='bbox 1459 1441 1558 1508; x_wconf 79' lang='grc' dir='ltr'><strong>τὴν</strong></span> <span class='ocrx_word' id='word_1_98' title='bbox 1585 1439 1766 1507; x_wconf 77' lang='grc' dir='ltr'>ἄφιξιν</span> <span class='ocrx_word' id='word_1_99' title='bbox 1786 1439 1875 1491; x_wconf 80' lang='grc' dir='ltr'><strong>αὺ-</strong></span> 
     </span>
    </p>
   </div>
   <div class='ocr_carea' id='block_1_14' title="bbox 260 1531 1873 1608">
    <p class='ocr_par' dir='ltr' id='par_1_14' title="bbox 260 1531 1873 1608">
     <span class='ocr_line' id='line_1_14' title="bbox 260 1531 1873 1608; baseline -0.005 -17"><span class='ocrx_word' id='word_1_100' title='bbox 260 1535 370 1590; x_wconf 83' lang='grc' dir='ltr'><strong>τοῦ</strong></span> <span class='ocrx_word' id='word_1_101' title='bbox 415 1536 696 1608; x_wconf 74' lang='grc' dir='ltr'><strong>λύτρωσιν</strong></span> <span class='ocrx_word' id='word_1_102' title='bbox 729 1536 808 1606; x_wconf 87' lang='grc' dir='ltr'>τῷ</span> <span class='ocrx_word' id='word_1_103' title='bbox 849 1534 1066 1604; x_wconf 79' lang='grc' dir='ltr'>Ἰσραὴλ</span> <span class='ocrx_word' id='word_1_104' title='bbox 1115 1533 1422 1604; x_wconf 73' lang='grc' dir='ltr'>κηρύττειν,</span> <span class='ocrx_word' id='word_1_105' title='bbox 1462 1531 1568 1585; x_wconf 79' lang='grc' dir='ltr'>οὐδ’</span> <span class='ocrx_word' id='word_1_106' title='bbox 1598 1531 1662 1585; x_wconf 78' lang='grc' dir='ltr'><strong>ἂν</strong></span> <span class='ocrx_word' id='word_1_107' title='bbox 1713 1533 1873 1601; x_wconf 79' lang='grc' dir='ltr'>ἡμεῖς</span> 
     </span>
    </p>
   </div>
   <div class='ocr_carea' id='block_1_15' title="bbox 263 1620 1874 1698">
    <p class='ocr_par' dir='ltr' id='par_1_15' title="bbox 263 1620 1874 1698">
     <span class='ocr_line' id='line_1_15' title="bbox 263 1620 1874 1698; baseline -0.005 -18"><span class='ocrx_word' id='word_1_108' title='bbox 263 1626 547 1698; x_wconf 76' lang='grc' dir='ltr'>ἀρνηθείη</span> <span class='ocrx_word' id='word_1_109' title='bbox 557 1642 675 1696; x_wconf 89' lang='grc' dir='ltr'>μεν,</span> <span class='ocrx_word' id='word_1_110' title='bbox 696 1624 1138 1695; x_wconf 80' lang='grc' dir='ltr'><strong>ὁμολογουμένως</strong></span> <span class='ocrx_word' id='word_1_111' title='bbox 1157 1621 1242 1674; x_wconf 80' lang='grc' dir='ltr'>διὰ</span> <span class='ocrx_word' id='word_1_112' title='bbox 1259 1623 1434 1692; x_wconf 84' lang='grc' dir='ltr'>πάσης</span> <span class='ocrx_word' id='word_1_113' title='bbox 1460 1620 1637 1676; x_wconf 82' lang='grc' dir='ltr'>αὐτῶν</span> <span class='ocrx_word' id='word_1_114' title='bbox 1652 1621 1874 1692; x_wconf 83' lang='grc' dir='ltr'>Γραφῆς</span> 
     </span>
    </p>
   </div>
   <div class='ocr_carea' id='block_1_16' title="bbox 264 1712 1871 1790">
    <p class='ocr_par' dir='ltr' id='par_1_16' title="bbox 264 1712 1871 1790">
     <span class='ocr_line' id='line_1_16' title="bbox 264 1712 1871 1790; baseline -0.002 -20"><span class='ocrx_word' id='word_1_115' title='bbox 264 1718 570 1790; x_wconf 83' lang='grc' dir='ltr'><strong>προδήλως</strong></span> <span class='ocrx_word' id='word_1_116' title='bbox 595 1717 786 1770; x_wconf 86' lang='grc' dir='ltr'>τούτου</span> <span class='ocrx_word' id='word_1_117' title='bbox 803 1715 1204 1788; x_wconf 72' lang='grc' dir='ltr'>παρισταμένου</span> <span class='ocrx_word' id='word_1_118' title='bbox 1220 1731 1232 1743; x_wconf 92' lang='grc'>·</span> <span class='ocrx_word' id='word_1_119' title='bbox 1250 1713 1342 1766; x_wconf 87' lang='grc' dir='ltr'><strong>τοῦ</strong></span> <span class='ocrx_word' id='word_1_120' title='bbox 1361 1729 1422 1782; x_wconf 89' lang='grc' dir='ltr'><strong>γε</strong></span> <span class='ocrx_word' id='word_1_121' title='bbox 1444 1713 1546 1784; x_wconf 77' lang='grc' dir='ltr'><strong>μὴν</strong></span> <span class='ocrx_word' id='word_1_122' title='bbox 1563 1712 1871 1766; x_wconf 83' lang='grc' dir='ltr'><strong>ἀποκλείειν</strong></span> 
     </span>
    </p>
   </div>
   <div class='ocr_carea' id='block_1_17' title="bbox 265 1803 1867 1880">
    <p class='ocr_par' dir='ltr' id='par_1_17' title="bbox 265 1803 1867 1880">
     <span class='ocr_line' id='line_1_17' title="bbox 265 1803 1867 1880; baseline -0.006 -18"><span class='ocrx_word' id='word_1_123' title='bbox 265 1810 339 1864; x_wconf 70' lang='grc' dir='ltr'><strong>τὰ</strong></span> <span class='ocrx_word' id='word_1_124' title='bbox 356 1809 494 1880; x_wconf 73' lang='grc' dir='ltr'>ἔθνη</span> <span class='ocrx_word' id='word_1_125' title='bbox 531 1809 644 1861; x_wconf 90' lang='grc' dir='ltr'><strong>τῶν</strong></span> <span class='ocrx_word' id='word_1_126' title='bbox 665 1808 758 1860; x_wconf 76' lang='grc' dir='ltr'><strong>ἐπὶ</strong></span> <span class='ocrx_word' id='word_1_127' title='bbox 782 1807 862 1878; x_wconf 81' lang='grc' dir='ltr'>τῷ</span> <span class='ocrx_word' id='word_1_128' title='bbox 892 1805 1112 1878; x_wconf 82' lang='grc' dir='ltr'>Χριστῷ</span> <span class='ocrx_word' id='word_1_129' title='bbox 1145 1805 1601 1876; x_wconf 77' lang='grc' dir='ltr'>προσδοκωμένων</span> <span class='ocrx_word' id='word_1_130' title='bbox 1630 1803 1867 1871; x_wconf 80' lang='grc' dir='ltr'><strong>ἀγαθῶν,</strong></span> 
     </span>
    </p>
   </div>
   <div class='ocr_carea' id='block_1_18' title="bbox 1979 616 3547 688">
    <p class='ocr_par' dir='ltr' id='par_1_18' title="bbox 1979 616 3547 688">
     <span class='ocr_line' id='line_1_18' title="bbox 1979 616 3547 688; baseline 0.001 -16"><span class='ocrx_word' id='word_1_131' title='bbox 1979 617 2326 680; x_wconf 84' lang='lat' dir='ltr'><strong>missionum,</strong></span> <span class='ocrx_word' id='word_1_132' title='bbox 2365 633 2486 687; x_wconf 74' lang='lat' dir='ltr'><strong>qua:</strong></span> <span class='ocrx_word' id='word_1_133' title='bbox 2517 617 2570 670; x_wconf 92' lang='lat' dir='ltr'><strong>in</strong></span> <span class='ocrx_word' id='word_1_134' title='bbox 2602 617 2718 672; x_wconf 88' lang='lat' dir='ltr'><strong>suis</strong></span> <span class='ocrx_word' id='word_1_135' title='bbox 2749 617 2994 686; x_wconf 91' lang='lat' dir='ltr'><strong>ipsorum</strong></span> <span class='ocrx_word' id='word_1_136' title='bbox 3024 616 3181 672; x_wconf 85' lang='lat' dir='ltr'><strong>libris</strong></span> <span class='ocrx_word' id='word_1_137' title='bbox 3228 625 3414 688; x_wconf 90' lang='lat' dir='ltr'><strong>aperte</strong></span> <span class='ocrx_word' id='word_1_138' title='bbox 3447 619 3547 673; x_wconf 89' lang='lat' dir='ltr'><strong>de-</strong></span> 
     </span>
    </p>
   </div>
   <div class='ocr_carea' id='block_1_19' title="bbox 1978 708 3544 780">
    <p class='ocr_par' dir='ltr' id='par_1_19' title="bbox 1978 708 3544 780">
     <span class='ocr_line' id='line_1_19' title="bbox 1978 708 3544 780; baseline 0.001 -16"><span class='ocrx_word' id='word_1_139' title='bbox 1978 711 2192 780; x_wconf 78' lang='lat' dir='ltr'><strong>scriptae</strong></span> <span class='ocrx_word' id='word_1_140' title='bbox 2225 710 2513 774; x_wconf 85' lang='lat' dir='ltr'><strong>habentur,</strong></span> <span class='ocrx_word' id='word_1_141' title='bbox 2543 709 2696 762; x_wconf 90' lang='lat' dir='ltr'><strong>nullo</strong></span> <span class='ocrx_word' id='word_1_142' title='bbox 2721 708 2881 762; x_wconf 90' lang='lat' dir='ltr'><strong>modo</strong></span> <span class='ocrx_word' id='word_1_143' title='bbox 2909 724 3010 763; x_wconf 88' lang='lat' dir='ltr'><strong>nos</strong></span> <span class='ocrx_word' id='word_1_144' title='bbox 3049 723 3171 764; x_wconf 86' lang='lat' dir='ltr'><strong>esse</strong></span> <span class='ocrx_word' id='word_1_145' title='bbox 3196 709 3500 779; x_wconf 73' lang='lat' dir='ltr'><strong>participes</strong></span> <span class='ocrx_word' id='word_1_146' title='bbox 3531 730 3544 765; x_wconf 93' lang='lat'>:</span> 
     </span>
    </p>
   </div>
   <div class='ocr_carea' id='block_1_20' title="bbox 1978 800 3546 870">
    <p class='ocr_par' dir='ltr' id='par_1_20' title="bbox 1978 800 3546 870">
     <span class='ocr_line' id='line_1_20' title="bbox 1978 800 3546 870; baseline 0 -15"><span class='ocrx_word' id='word_1_147' title='bbox 1978 815 2109 855; x_wconf 89' lang='lat' dir='ltr'><strong>suos</strong></span> <span class='ocrx_word' id='word_1_148' title='bbox 2163 801 2308 856; x_wconf 90' lang='lat' dir='ltr'><strong>enim</strong></span> <span class='ocrx_word' id='word_1_149' title='bbox 2357 800 2527 856; x_wconf 79' lang='lat' dir='ltr'><strong>fuisse</strong></span> <span class='ocrx_word' id='word_1_150' title='bbox 2574 801 2892 870; x_wconf 87' lang='lat' dir='ltr'><strong>prophetas,</strong></span> <span class='ocrx_word' id='word_1_151' title='bbox 2945 801 3048 856; x_wconf 89' lang='lat' dir='ltr'><strong>sibi</strong></span> <span class='ocrx_word' id='word_1_152' title='bbox 3103 800 3236 870; x_wconf 89' lang='lat' dir='ltr'><strong>ipsis</strong></span> <span class='ocrx_word' id='word_1_153' title='bbox 3265 801 3546 856; x_wconf 83' lang='lat' dir='ltr'><strong>Christum</strong></span> 
     </span>
    </p>
   </div>
   <div class='ocr_carea' id='block_1_21' title="bbox 1976 890 3548 961">
    <p class='ocr_par' dir='ltr' id='par_1_21' title="bbox 1976 890 3548 961">
     <span class='ocr_line' id='line_1_21' title="bbox 1976 890 3548 961; baseline -0.001 -15"><span class='ocrx_word' id='word_1_154' title='bbox 1976 892 2241 956; x_wconf 84' lang='lat' dir='ltr'><strong>nuntiari,</strong></span> <span class='ocrx_word' id='word_1_155' title='bbox 2278 908 2436 961; x_wconf 85' lang='lat' dir='ltr'><strong>quem</strong></span> <span class='ocrx_word' id='word_1_156' title='bbox 2474 892 2705 946; x_wconf 84' lang='lat' dir='ltr'><strong>libenter</strong></span> <span class='ocrx_word' id='word_1_157' title='bbox 2737 900 2790 946; x_wconf 92' lang='lat' dir='ltr'><strong>et</strong></span> <span class='ocrx_word' id='word_1_158' title='bbox 2821 892 3161 946; x_wconf 84' lang='lat' dir='ltr'><strong>Salvatorem</strong></span> <span class='ocrx_word' id='word_1_159' title='bbox 3207 901 3262 947; x_wconf 90' lang='lat' dir='ltr'><strong>et</strong></span> <span class='ocrx_word' id='word_1_160' title='bbox 3311 890 3548 947; x_wconf 81' lang='lat' dir='ltr'><strong>Redem-</strong></span> 
     </span>
    </p>
   </div>
   <div class='ocr_carea' id='block_1_22' title="bbox 1977 983 3547 1055">
    <p class='ocr_par' dir='ltr' id='par_1_22' title="bbox 1977 983 3547 1055">
     <span class='ocr_line' id='line_1_22' title="bbox 1977 983 3547 1055; baseline 0 -17"><span class='ocrx_word' id='word_1_161' title='bbox 1977 992 2186 1055; x_wconf 87' lang='lat' dir='ltr'><strong>ptorem</strong></span> <span class='ocrx_word' id='word_1_162' title='bbox 2215 991 2410 1038; x_wconf 88' lang='lat' dir='ltr'><strong>vocant</strong></span> <span class='ocrx_word' id='word_1_163' title='bbox 2439 1003 2452 1036; x_wconf 91' lang='lat'><strong>:</strong></span> <span class='ocrx_word' id='word_1_164' title='bbox 2486 983 2589 1038; x_wconf 88' lang='lat' dir='ltr'><strong>sibi</strong></span> <span class='ocrx_word' id='word_1_165' title='bbox 2620 983 2756 1053; x_wconf 85' lang='lat' dir='ltr'><strong>ipsis</strong></span> <span class='ocrx_word' id='word_1_166' title='bbox 2786 984 3184 1053; x_wconf 86' lang='lat' dir='ltr'><strong>promissiones</strong></span> <span class='ocrx_word' id='word_1_167' title='bbox 3229 985 3373 1044; x_wconf 88' lang='lat' dir='ltr'><strong>i-llas,</strong></span> <span class='ocrx_word' id='word_1_168' title='bbox 3405 999 3547 1054; x_wconf 82' lang='lat' dir='ltr'><strong>quas</strong></span> 
     </span>
    </p>
   </div>
   <div class='ocr_carea' id='block_1_23' title="bbox 1975 1072 3550 1144">
    <p class='ocr_par' dir='ltr' id='par_1_23' title="bbox 1975 1072 3550 1144">
     <span class='ocr_line' id='line_1_23' title="bbox 1975 1072 3550 1144; baseline 0.001 -18"><span class='ocrx_word' id='word_1_169' title='bbox 1975 1082 2163 1143; x_wconf 89' lang='lat' dir='ltr'><strong>aperte</strong></span> <span class='ocrx_word' id='word_1_170' title='bbox 2220 1072 2526 1142; x_wconf 88' lang='lat' dir='ltr'><strong>descriptas</strong></span> <span class='ocrx_word' id='word_1_171' title='bbox 2579 1073 2797 1138; x_wconf 87' lang='lat' dir='ltr'><strong>habent,</strong></span> <span class='ocrx_word' id='word_1_172' title='bbox 2846 1073 3179 1128; x_wconf 80' lang='lat' dir='ltr'><strong>exhibendas</strong></span> <span class='ocrx_word' id='word_1_173' title='bbox 3229 1082 3390 1144; x_wconf 88' lang='lat' dir='ltr'><strong>atque</strong></span> <span class='ocrx_word' id='word_1_174' title='bbox 3423 1073 3550 1128; x_wconf 84' lang='lat' dir='ltr'><strong>red-</strong></span> 
     </span>
    </p>
   </div>
   <div class='ocr_carea' id='block_1_24' title="bbox 1979 1164 3548 1234">
    <p class='ocr_par' dir='ltr' id='par_1_24' title="bbox 1979 1164 3548 1234">
     <span class='ocr_line' id='line_1_24' title="bbox 1979 1164 3548 1234; baseline -0.002 -15"><span class='ocrx_word' id='word_1_175' title='bbox 1979 1164 2186 1220; x_wconf 91' lang='lat' dir='ltr'><strong>dendas</strong></span> <span class='ocrx_word' id='word_1_176' title='bbox 2203 1164 2503 1232; x_wconf 77' lang='lat' dir='ltr'><strong>exspectari</strong></span> <span class='ocrx_word' id='word_1_177' title='bbox 2525 1182 2538 1218; x_wconf 90' lang='lat'><strong>:</strong></span> <span class='ocrx_word' id='word_1_178' title='bbox 2560 1179 2658 1218; x_wconf 89' lang='lat' dir='ltr'><strong>nos</strong></span> <span class='ocrx_word' id='word_1_179' title='bbox 2679 1174 2857 1219; x_wconf 89' lang='lat' dir='ltr'><strong>autem</strong></span> <span class='ocrx_word' id='word_1_180' title='bbox 2878 1165 3027 1233; x_wconf 80' lang='lat' dir='ltr'><strong>justo</strong></span> <span class='ocrx_word' id='word_1_181' title='bbox 3051 1166 3292 1234; x_wconf 91' lang='lat' dir='ltr'><strong>ipsorum</strong></span> <span class='ocrx_word' id='word_1_182' title='bbox 3317 1179 3548 1218; x_wconf 86' lang='lat' dir='ltr'><strong>numero</strong></span> 
     </span>
    </p>
   </div>
   <div class='ocr_carea' id='block_1_25' title="bbox 1976 1256 3548 1327">
    <p class='ocr_par' dir='ltr' id='par_1_25' title="bbox 1976 1256 3548 1327">
     <span class='ocr_line' id='line_1_25' title="bbox 1976 1256 3548 1327; baseline -0.001 -16"><span class='ocrx_word' id='word_1_183' title='bbox 1976 1271 2413 1324; x_wconf 75' lang='lat' dir='ltr'><strong>supervacancos</strong></span> <span class='ocrx_word' id='word_1_184' title='bbox 2443 1256 2723 1320; x_wconf 82' lang='lat' dir='ltr'><strong>accedere,</strong></span> <span class='ocrx_word' id='word_1_185' title='bbox 2764 1265 2950 1327; x_wconf 90' lang='lat' dir='ltr'><strong>utpote</strong></span> <span class='ocrx_word' id='word_1_186' title='bbox 2992 1258 3083 1325; x_wconf 88' lang='lat' dir='ltr'><strong>qui</strong></span> <span class='ocrx_word' id='word_1_187' title='bbox 3127 1272 3322 1326; x_wconf 82' lang='lat' dir='ltr'><strong>genere</strong></span> <span class='ocrx_word' id='word_1_188' title='bbox 3373 1256 3548 1311; x_wconf 77' lang='lat' dir='ltr'><strong>simus</strong></span> 
     </span>
    </p>
   </div>
   <div class='ocr_carea' id='block_1_26' title="bbox 1974 1348 3546 1418">
    <p class='ocr_par' dir='ltr' id='par_1_26' title="bbox 1974 1348 3546 1418">
     <span class='ocr_line' id='line_1_26' title="bbox 1974 1348 3546 1418; baseline 0.003 -17"><span class='ocrx_word' id='word_1_189' title='bbox 1974 1348 2215 1409; x_wconf 75' lang='lat' dir='ltr'><strong>diverso,</strong></span> <span class='ocrx_word' id='word_1_190' title='bbox 2267 1357 2320 1401; x_wconf 89' lang='lat' dir='ltr'><strong>et</strong></span> <span class='ocrx_word' id='word_1_191' title='bbox 2357 1349 2557 1417; x_wconf 87' lang='lat' dir='ltr'><strong>quibus</strong></span> <span class='ocrx_word' id='word_1_192' title='bbox 2611 1349 2770 1418; x_wconf 84' lang='lat' dir='ltr'><strong>quasi</strong></span> <span class='ocrx_word' id='word_1_193' title='bbox 2829 1357 3090 1410; x_wconf 82' lang='lat' dir='ltr'><strong>externis,</strong></span> <span class='ocrx_word' id='word_1_194' title='bbox 3147 1349 3438 1403; x_wconf 86' lang='lat' dir='ltr'><strong>deterrima</strong></span> <span class='ocrx_word' id='word_1_195' title='bbox 3491 1352 3546 1406; x_wconf 90' lang='lat' dir='ltr'><strong>in</strong></span> 
     </span>
    </p>
   </div>
   <div class='ocr_carea' id='block_1_27' title="bbox 1975 1440 3547 1509">
    <p class='ocr_par' dir='ltr' id='par_1_27' title="bbox 1975 1440 3547 1509">
     <span class='ocr_line' id='line_1_27' title="bbox 1975 1440 3547 1509; baseline 0.003 -17"><span class='ocrx_word' id='word_1_196' title='bbox 1975 1440 2230 1494; x_wconf 88' lang='lat' dir='ltr'><strong>omnibus</strong></span> <span class='ocrx_word' id='word_1_197' title='bbox 2263 1440 2565 1508; x_wconf 88' lang='lat' dir='ltr'><strong>prophetiis</strong></span> <span class='ocrx_word' id='word_1_198' title='bbox 2598 1455 2862 1509; x_wconf 88' lang='lat' dir='ltr'><strong>respousa</strong></span> <span class='ocrx_word' id='word_1_199' title='bbox 2905 1442 3014 1494; x_wconf 91' lang='lat' dir='ltr'><strong>sint</strong></span> <span class='ocrx_word' id='word_1_200' title='bbox 3073 1460 3086 1495; x_wconf 90' lang='lat'>:</span> <span class='ocrx_word' id='word_1_201' title='bbox 3129 1440 3240 1509; x_wconf 87' lang='lat' dir='ltr'><strong>jam</strong></span> <span class='ocrx_word' id='word_1_202' title='bbox 3276 1457 3423 1496; x_wconf 90' lang='lat' dir='ltr'><strong>nunc</strong></span> <span class='ocrx_word' id='word_1_203' title='bbox 3459 1442 3547 1500; x_wconf 77' lang='lat' dir='ltr'><strong>bis</strong></span> 
     </span>
    </p>
   </div>
   <div class='ocr_carea' id='block_1_28' title="bbox 1974 1531 3546 1602">
    <p class='ocr_par' dir='ltr' id='par_1_28' title="bbox 1974 1531 3546 1602">
     <span class='ocr_line' id='line_1_28' title="bbox 1974 1531 3546 1602; baseline 0.003 -17"><span class='ocrx_word' id='word_1_204' title='bbox 1974 1531 2190 1586; x_wconf 89' lang='lat' dir='ltr'><strong>obviam</strong></span> <span class='ocrx_word' id='word_1_205' title='bbox 2224 1547 2288 1586; x_wconf 81' lang='lat' dir='ltr'><strong>ex</strong></span> <span class='ocrx_word' id='word_1_206' title='bbox 2317 1533 2558 1601; x_wconf 86' lang='lat' dir='ltr'><strong>ipsorum</strong></span> <span class='ocrx_word' id='word_1_207' title='bbox 2593 1533 2927 1602; x_wconf 87' lang='lat' dir='ltr'><strong>propheticis</strong></span> <span class='ocrx_word' id='word_1_208' title='bbox 2956 1533 3112 1587; x_wconf 88' lang='lat' dir='ltr'><strong>libris</strong></span> <span class='ocrx_word' id='word_1_209' title='bbox 3148 1549 3359 1590; x_wconf 90' lang='lat' dir='ltr'><strong>eamus.</strong></span> <span class='ocrx_word' id='word_1_210' title='bbox 3387 1534 3546 1599; x_wconf 77' lang='lat' dir='ltr'><strong>Quod</strong></span> 
     </span>
    </p>
   </div>
   <div class='ocr_carea' id='block_1_29' title="bbox 1975 1623 3545 1693">
    <p class='ocr_par' dir='ltr' id='par_1_29' title="bbox 1975 1623 3545 1693">
     <span class='ocr_line' id='line_1_29' title="bbox 1975 1623 3545 1693; baseline 0.001 -17"><span class='ocrx_word' id='word_1_211' title='bbox 1975 1623 2140 1692; x_wconf 82' lang='lat' dir='ltr'><strong>igitur</strong></span> <span class='ocrx_word' id='word_1_212' title='bbox 2175 1624 2317 1691; x_wconf 87' lang='lat' dir='ltr'><strong>apud</strong></span> <span class='ocrx_word' id='word_1_213' title='bbox 2355 1623 2474 1678; x_wconf 86' lang='lat' dir='ltr'><strong>illos</strong></span> <span class='ocrx_word' id='word_1_214' title='bbox 2518 1625 2849 1693; x_wconf 87' lang='lat' dir='ltr'><strong>promissum</strong></span> <span class='ocrx_word' id='word_1_215' title='bbox 2884 1632 3086 1690; x_wconf 75' lang='lat' dir='ltr'><strong>exstet,</strong></span> <span class='ocrx_word' id='word_1_216' title='bbox 3107 1623 3387 1679; x_wconf 86' lang='lat' dir='ltr'><strong>Christum</strong></span> <span class='ocrx_word' id='word_1_217' title='bbox 3423 1624 3545 1687; x_wconf 85' lang='lat' dir='ltr'><strong>Dei,</strong></span> 
     </span>
    </p>
   </div>
   <div class='ocr_carea' id='block_1_30' title="bbox 1972 1713 3544 1786">
    <p class='ocr_par' dir='ltr' id='par_1_30' title="bbox 1972 1713 3544 1786">
     <span class='ocr_line' id='line_1_30' title="bbox 1972 1713 3544 1786; baseline 0.004 -20"><span class='ocrx_word' id='word_1_218' title='bbox 1972 1713 2202 1783; x_wconf 84' lang='lat' dir='ltr'><strong>ejusque</strong></span> <span class='ocrx_word' id='word_1_219' title='bbox 2255 1714 2544 1768; x_wconf 82' lang='lat' dir='ltr'><strong>adventum</strong></span> <span class='ocrx_word' id='word_1_220' title='bbox 2595 1715 3026 1786; x_wconf 80' lang='lat' dir='ltr'><strong>redemptionem</strong></span> <span class='ocrx_word' id='word_1_221' title='bbox 3069 1715 3236 1772; x_wconf 84' lang='lat' dir='ltr'><strong>Israel</strong></span> <span class='ocrx_word' id='word_1_222' title='bbox 3268 1717 3544 1780; x_wconf 82' lang='lat' dir='ltr'><strong>nuntiare,</strong></span> 
     </span>
    </p>
   </div>
   <div class='ocr_carea' id='block_1_31' title="bbox 1973 1807 3546 1882">
    <p class='ocr_par' dir='ltr' id='par_1_31' title="bbox 1973 1807 3546 1882">
     <span class='ocr_line' id='line_1_31' title="bbox 1973 1807 3546 1882; baseline 0.004 -23"><span class='ocrx_word' id='word_1_223' title='bbox 1973 1807 2264 1862; x_wconf 84' lang='lat' dir='ltr'><strong>inﬁciaturi</strong></span> <span class='ocrx_word' id='word_1_224' title='bbox 2299 1824 2364 1863; x_wconf 90' lang='lat' dir='ltr'><strong>ne</strong></span> <span class='ocrx_word' id='word_1_225' title='bbox 2402 1825 2502 1866; x_wconf 89' lang='lat' dir='ltr'><strong>nos</strong></span> <span class='ocrx_word' id='word_1_226' title='bbox 2525 1811 2744 1878; x_wconf 82' lang='lat' dir='ltr'><strong>quidem</strong></span> <span class='ocrx_word' id='word_1_227' title='bbox 2782 1827 2973 1882; x_wconf 87' lang='lat' dir='ltr'><strong>sumus</strong></span> <span class='ocrx_word' id='word_1_228' title='bbox 3001 1831 3014 1865; x_wconf 88' lang='lat'><strong>:</strong></span> <span class='ocrx_word' id='word_1_229' title='bbox 3048 1811 3248 1881; x_wconf 86' lang='lat' dir='ltr'><strong>quippe</strong></span> <span class='ocrx_word' id='word_1_230' title='bbox 3275 1826 3398 1865; x_wconf 89' lang='lat' dir='ltr'><strong>cum</strong></span> <span class='ocrx_word' id='word_1_231' title='bbox 3418 1811 3546 1866; x_wconf 79' lang='lat' dir='ltr'><strong>abs-</strong></span> 
     </span>
    </p>
   </div>
   <div class='ocr_carea' id='block_1_32' title="bbox 255 1875 1861 1973">
    <p class='ocr_par' dir='ltr' id='par_1_32' title="bbox 255 1875 1861 1972">
     <span class='ocr_line' id='line_1_32' title="bbox 255 1875 1861 1972; baseline -0.006 -17"><span class='ocrx_word' id='word_1_232' title='bbox 255 1900 428 1955; x_wconf 79' lang='grc' dir='ltr'>ὡσάν</span> <span class='ocrx_word' id='word_1_233' title='bbox 458 1875 606 1972; x_wconf 80' lang='grc' dir='ltr'>μόνῳ</span> <span class='ocrx_word' id='word_1_234' title='bbox 635 1901 713 1972; x_wconf 78' lang='grc' dir='ltr'>τῷ</span> <span class='ocrx_word' id='word_1_235' title='bbox 743 1875 980 1970; x_wconf 76' lang='grc' dir='ltr'>Ἰσραὴλ,</span> <span class='ocrx_word' id='word_1_236' title='bbox 1003 1898 1122 1967; x_wconf 75' lang='grc' dir='ltr'>οὐχὶ</span> <span class='ocrx_word' id='word_1_237' title='bbox 1137 1875 1196 1949; x_wconf 81' lang='grc' dir='ltr'><strong>δέ</strong></span> <span class='ocrx_word' id='word_1_238' title='bbox 1223 1896 1316 1948; x_wconf 74' lang='grc' dir='ltr'>καὶ</span> <span class='ocrx_word' id='word_1_239' title='bbox 1342 1898 1450 1958; x_wconf 83' lang='grc' dir='ltr'>τοῖς</span> <span class='ocrx_word' id='word_1_240' title='bbox 1467 1895 1671 1948; x_wconf 79' lang='grc' dir='ltr'>ἔθνεσιν</span> <span class='ocrx_word' id='word_1_241' title='bbox 1695 1897 1861 1965; x_wconf 82' lang='grc' dir='ltr'>ἐπηγ-</span> 
     </span>
    </p>
   </div>
   <div class='ocr_carea' id='block_1_33' title="bbox 1964 1875 3548 1973">
    <p class='ocr_par' dir='ltr' id='par_1_33' title="bbox 1971 1879 3548 1973">
     <span class='ocr_line' id='line_1_33' title="bbox 1971 1879 3548 1973; baseline 0.007 -26"><span class='ocrx_word' id='word_1_242' title='bbox 1971 1913 2081 1967; x_wconf 91' lang='lat' dir='ltr'><strong>que</strong></span> <span class='ocrx_word' id='word_1_243' title='bbox 2114 1901 2488 1955; x_wconf 85' lang='lat' dir='ltr'><strong>controversia</strong></span> <span class='ocrx_word' id='word_1_244' title='bbox 2553 1901 2608 1955; x_wconf 92' lang='lat' dir='ltr'><strong>in</strong></span> <span class='ocrx_word' id='word_1_245' title='bbox 2652 1879 2906 1958; x_wconf 85' lang='lat' dir='ltr'><strong>omnibus</strong></span> <span class='ocrx_word' id='word_1_246' title='bbox 2937 1904 3152 1957; x_wconf 90' lang='lat' dir='ltr'><strong>illorum</strong></span> <span class='ocrx_word' id='word_1_247' title='bbox 3183 1904 3406 1973; x_wconf 86' lang='lat' dir='ltr'><strong>scriptis</strong></span> <span class='ocrx_word' id='word_1_248' title='bbox 3441 1903 3548 1958; x_wconf 81' lang='lat' dir='ltr'><strong>hoc</strong></span> 
     </span>
    </p>
   </div>
   <div class='ocr_carea' id='block_1_34' title="bbox 266 1983 1865 2062">
    <p class='ocr_par' dir='ltr' id='par_1_34' title="bbox 266 1983 1865 2062">
     <span class='ocr_line' id='line_1_34' title="bbox 266 1983 1865 2062; baseline -0.004 -20"><span class='ocrx_word' id='word_1_249' title='bbox 266 1992 584 2062; x_wconf 71' lang='grc' dir='ltr'>γελμένων,</span> <span class='ocrx_word' id='word_1_250' title='bbox 607 1990 788 2044; x_wconf 83' lang='grc' dir='ltr'>οὐκέτι</span> <span class='ocrx_word' id='word_1_251' title='bbox 814 1990 1016 2043; x_wconf 85' lang='grc' dir='ltr'>δίκαιον</span> <span class='ocrx_word' id='word_1_252' title='bbox 1046 1988 1225 2049; x_wconf 83' lang='grc' dir='ltr'>αὐτοῖς</span> <span class='ocrx_word' id='word_1_253' title='bbox 1263 1987 1579 2056; x_wconf 79' lang='grc' dir='ltr'>συγχωρεῖν,</span> <span class='ocrx_word' id='word_1_254' title='bbox 1601 1983 1749 2054; x_wconf 75' lang='grc' dir='ltr'>ποιρά</span> <span class='ocrx_word' id='word_1_255' title='bbox 1769 1983 1865 2054; x_wconf 82' lang='grc' dir='ltr'>τὴν</span> 
     </span>
    </p>
   </div>
   <div class='ocr_carea' id='block_1_35' title="bbox 265 2078 1673 2154">
    <p class='ocr_par' dir='ltr' id='par_1_35' title="bbox 265 2078 1673 2154">
     <span class='ocr_line' id='line_1_35' title="bbox 265 2078 1673 2154; baseline -0.005 -18"><span class='ocrx_word' id='word_1_256' title='bbox 265 2084 385 2136; x_wconf 80' lang='grc' dir='ltr'><strong>τῶν</strong></span> <span class='ocrx_word' id='word_1_257' title='bbox 413 2083 581 2136; x_wconf 83' lang='grc' dir='ltr'>θείων</span> <span class='ocrx_word' id='word_1_258' title='bbox 611 2082 843 2154; x_wconf 86' lang='grc' dir='ltr'>Γραφῶν</span> <span class='ocrx_word' id='word_1_259' title='bbox 870 2081 1027 2134; x_wconf 82' lang='grc' dir='ltr'>τοῦτο</span> <span class='ocrx_word' id='word_1_260' title='bbox 1055 2081 1318 2148; x_wconf 80' lang='grc' dir='ltr'>φάσκουσι</span> <span class='ocrx_word' id='word_1_261' title='bbox 1353 2078 1673 2150; x_wconf 87' lang='grc' dir='ltr'>μαρτυρίαν.</span> 
     </span>
    </p>
   </div>
   <div class='ocr_carea' id='block_1_36' title="bbox 1973 1988 3549 2062">
    <p class='ocr_par' dir='ltr' id='par_1_36' title="bbox 1973 1988 3549 2062">
     <span class='ocr_line' id='line_1_36' title="bbox 1973 1988 3549 2062; baseline 0.006 -22"><span class='ocrx_word' id='word_1_262' title='bbox 1973 1988 2149 2058; x_wconf 85' lang='lat' dir='ltr'><strong>palam</strong></span> <span class='ocrx_word' id='word_1_263' title='bbox 2208 1991 2440 2048; x_wconf 77' lang='lat' dir='ltr'><strong>inveniri</strong></span> <span class='ocrx_word' id='word_1_264' title='bbox 2480 1999 2696 2048; x_wconf 83' lang='lat' dir='ltr'><strong>constet</strong></span> <span class='ocrx_word' id='word_1_265' title='bbox 2738 2011 2752 2048; x_wconf 91' lang='lat'><strong>:</strong></span> <span class='ocrx_word' id='word_1_266' title='bbox 2807 2001 2867 2046; x_wconf 89' lang='lat' dir='ltr'><strong>ut</strong></span> <span class='ocrx_word' id='word_1_267' title='bbox 2908 2001 3088 2047; x_wconf 88' lang='lat' dir='ltr'><strong>autem</strong></span> <span class='ocrx_word' id='word_1_268' title='bbox 3133 2001 3320 2062; x_wconf 80' lang='lat' dir='ltr'><strong>gentes</strong></span> <span class='ocrx_word' id='word_1_269' title='bbox 3351 1993 3420 2048; x_wconf 89' lang='lat' dir='ltr'><strong>ah</strong></span> <span class='ocrx_word' id='word_1_270' title='bbox 3451 1993 3549 2056; x_wconf 71' lang='grc' dir='ltr'><strong>ἱὶεοο</strong></span> 
     </span>
    </p>
   </div>
   <div class='ocr_carea' id='block_1_37' title="bbox 1974 2081 3547 2154">
    <p class='ocr_par' dir='ltr' id='par_1_37' title="bbox 1974 2081 3547 2154">
     <span class='ocr_line' id='line_1_37' title="bbox 1974 2081 3547 2154; baseline 0.003 -19"><span class='ocrx_word' id='word_1_271' title='bbox 1974 2096 2096 2150; x_wconf 65' lang='lat' dir='ltr'><strong>qua:</strong></span> <span class='ocrx_word' id='word_1_272' title='bbox 2145 2081 2199 2134; x_wconf 90' lang='lat' dir='ltr'><strong>in</strong></span> <span class='ocrx_word' id='word_1_273' title='bbox 2251 2081 2473 2138; x_wconf 87' lang='lat' dir='ltr'><strong>Christo</strong></span> <span class='ocrx_word' id='word_1_274' title='bbox 2519 2093 2912 2154; x_wconf 80' lang='lat' dir='ltr'><strong>exspectantur</strong></span> <span class='ocrx_word' id='word_1_275' title='bbox 2967 2087 3149 2148; x_wconf 86' lang='lat' dir='ltr'><strong>bonis,</strong></span> <span class='ocrx_word' id='word_1_276' title='bbox 3197 2086 3547 2140; x_wconf 77' lang='lat' dir='ltr'><strong>excludant:</strong></span> 
     </span>
    </p>
   </div>
   <div class='ocr_carea' id='block_1_38' title="bbox 266 2169 3549 2247">
    <p class='ocr_par' dir='ltr' id='par_1_38' title="bbox 266 2169 3549 2247">
     <span class='ocr_line' id='line_1_38' title="bbox 266 2169 3549 2247; baseline 0.002 -20"><span class='ocrx_word' id='word_1_277' title='bbox 266 2176 442 2246; x_wconf 80' lang='lat' dir='ltr'><strong>quasi</strong></span> <span class='ocrx_word' id='word_1_278' title='bbox 470 2174 541 2227; x_wconf 88' lang='lat' dir='ltr'><strong>ab</strong></span> <span class='ocrx_word' id='word_1_279' title='bbox 581 2175 651 2229; x_wconf 82' lang='lat' dir='ltr'><strong>iis</strong></span> <span class='ocrx_word' id='word_1_280' title='bbox 682 2189 804 2243; x_wconf 71' lang='lat' dir='ltr'><strong>quae</strong></span> <span class='ocrx_word' id='word_1_281' title='bbox 843 2173 935 2226; x_wconf 91' lang='lat' dir='ltr'><strong>uni</strong></span> <span class='ocrx_word' id='word_1_282' title='bbox 964 2171 1152 2233; x_wconf 80' lang='lat' dir='ltr'><strong>Israel,</strong></span> <span class='ocrx_word' id='word_1_283' title='bbox 1183 2186 1289 2223; x_wconf 91' lang='lat' dir='ltr'><strong>non</strong></span> <span class='ocrx_word' id='word_1_284' title='bbox 1318 2177 1494 2223; x_wconf 90' lang='lat' dir='ltr'><strong>autem</strong></span> <span class='ocrx_word' id='word_1_285' title='bbox 1526 2169 1690 2224; x_wconf 84' lang='lat' dir='ltr'><strong>etiam</strong></span> <span class='ocrx_word' id='word_1_286' title='bbox 1725 2169 1978 2240; x_wconf 77' lang='lat' dir='ltr'><strong>gentibus</strong></span> <span class='ocrx_word' id='word_1_287' title='bbox 2041 2175 2311 2243; x_wconf 83' lang='lat' dir='ltr'><strong>promissa</strong></span> <span class='ocrx_word' id='word_1_288' title='bbox 2357 2184 2490 2238; x_wconf 76' lang='lat' dir='ltr'><strong>sint,</strong></span> <span class='ocrx_word' id='word_1_289' title='bbox 2557 2191 2666 2230; x_wconf 93' lang='lat' dir='ltr'><strong>non</strong></span> <span class='ocrx_word' id='word_1_290' title='bbox 2729 2177 2857 2231; x_wconf 83' lang='lat' dir='ltr'><strong>item</strong></span> <span class='ocrx_word' id='word_1_291' title='bbox 2909 2192 3064 2247; x_wconf 65' lang='lat' dir='ltr'><strong>aeque</strong></span> <span class='ocrx_word' id='word_1_292' title='bbox 3113 2177 3370 2247; x_wconf 84' lang='lat' dir='ltr'><strong>justeque</strong></span> <span class='ocrx_word' id='word_1_293' title='bbox 3433 2178 3549 2244; x_wconf 72' lang='lat' dir='ltr'><strong>illis</strong></span> 
     </span>
    </p>
   </div>
   <div class='ocr_carea' id='block_1_39' title="bbox 268 2266 875 2323">
    <p class='ocr_par' dir='ltr' id='par_1_39' title="bbox 268 2266 875 2323">
     <span class='ocr_line' id='line_1_39' title="bbox 268 2266 875 2323; baseline -0.003 -1"><span class='ocrx_word' id='word_1_294' title='bbox 268 2276 362 2323; x_wconf 77' lang='lat' dir='ltr'><strong>est</strong></span> <span class='ocrx_word' id='word_1_295' title='bbox 389 2266 807 2322; x_wconf 84' lang='lat' dir='ltr'><strong>concedendum</strong></span> <span class='ocrx_word' id='word_1_296' title='bbox 859 2284 875 2321; x_wconf 77' lang='grc' dir='ltr'><strong><em>τ</em></strong></span> 
     </span>
    </p>
   </div>
   <div class='ocr_carea' id='block_1_40' title="bbox 813 2354 1322 2409">
    <p class='ocr_par' dir='ltr' id='par_1_40' title="bbox 813 2354 1322 2409">
     <span class='ocr_line' id='line_1_40' title="bbox 813 2354 1322 2409; baseline -0.002 0"><span class='ocrx_word' id='word_1_297' title='bbox 813 2355 1206 2409; x_wconf 70' lang='grc' dir='ltr'><strong>ΚΕΦΑΑᾹΙΟΝ</strong></span> <span class='ocrx_word' id='word_1_298' title='bbox 1245 2354 1322 2408; x_wconf 83' lang='grc' dir='ltr'><strong>Λ’.</strong></span> 
     </span>
    </p>
   </div>
   <div class='ocr_carea' id='block_1_41' title="bbox 281 2441 1870 2518">
    <p class='ocr_par' dir='ltr' id='par_1_41' title="bbox 281 2441 1870 2518">
     <span class='ocr_line' id='line_1_41' title="bbox 281 2441 1870 2518; baseline -0.004 -14"><span class='ocrx_word' id='word_1_299' title='bbox 281 2451 481 2516; x_wconf 53' lang='grc' dir='ltr'>ὀυτως</span> <span class='ocrx_word' id='word_1_300' title='bbox 512 2450 585 2505; x_wconf 83' lang='grc' dir='ltr'>τὰ</span> <span class='ocrx_word' id='word_1_301' title='bbox 617 2451 985 2518; x_wconf 69' lang='grc' dir='ltr'>χρηστότερα</span> <span class='ocrx_word' id='word_1_302' title='bbox 1022 2446 1154 2511; x_wconf 67' lang='grc' dir='ltr'>περὶ</span> <span class='ocrx_word' id='word_1_303' title='bbox 1177 2444 1344 2518; x_wconf 64' lang='grc' dir='ltr'>ἡμῶν</span> <span class='ocrx_word' id='word_1_304' title='bbox 1371 2441 1870 2518; x_wconf 27' lang='grc' dir='ltr'>τῶγμάλλοφύᾷων</span> 
     </span>
    </p>
   </div>
   <div class='ocr_carea' id='block_1_42' title="bbox 356 2513 1868 2586">
    <p class='ocr_par' dir='ltr' id='par_1_42' title="bbox 356 2513 1868 2586">
     <span class='ocr_line' id='line_1_42' title="bbox 356 2513 1868 2586; baseline -0.005 -12"><span class='ocrx_word' id='word_1_305' title='bbox 356 2513 556 2574; x_wconf 51' lang='lat' dir='ltr'><strong>serior</strong></span> <span class='ocrx_word' id='word_1_306' title='bbox 601 2513 1004 2586; x_wconf 55' lang='grc' dir='ltr'>προλαϐόντες</span> <span class='ocrx_word' id='word_1_307' title='bbox 1053 2520 1103 2568; x_wconf 80' lang='lat' dir='ltr'><strong>ol</strong></span> <span class='ocrx_word' id='word_1_308' title='bbox 1149 2515 1284 2581; x_wconf 77' lang='grc' dir='ltr'>παρ’</span> <span class='ocrx_word' id='word_1_309' title='bbox 1328 2513 1530 2580; x_wconf 79' lang='grc' dir='ltr'>αὐτοῖς</span> <span class='ocrx_word' id='word_1_310' title='bbox 1576 2514 1868 2582; x_wconf 50' lang='grc' dir='ltr'>προφῆται</span> 
     </span>
    </p>
   </div>
   <div class='ocr_carea' id='block_1_43' title="bbox 353 2591 710 2659">
    <p class='ocr_par' dir='ltr' id='par_1_43' title="bbox 353 2591 710 2659">
     <span class='ocr_line' id='line_1_43' title="bbox 353 2591 710 2659; baseline -0.006 -16"><span class='ocrx_word' id='word_1_311' title='bbox 353 2591 710 2659; x_wconf 73' lang='grc' dir='ltr'>ἐκήρυττον.</span> 
     </span>
    </p>
   </div>
   <div class='ocr_carea' id='block_1_44' title="bbox 341 2674 1864 2755">
    <p class='ocr_par' dir='ltr' id='par_1_44' title="bbox 341 2674 1864 2755">
     <span class='ocr_line' id='line_1_44' title="bbox 341 2674 1864 2755; baseline -0.007 -19"><span class='ocrx_word' id='word_1_312' title='bbox 341 2683 574 2755; x_wconf 80' lang='grc' dir='ltr'>Πρῶτον</span> <span class='ocrx_word' id='word_1_313' title='bbox 599 2677 713 2742; x_wconf 77' lang='grc' dir='ltr'>οὖν,</span> <span class='ocrx_word' id='word_1_314' title='bbox 742 2679 1033 2750; x_wconf 78' lang='grc' dir='ltr'>ἐπειδήπερ</span> <span class='ocrx_word' id='word_1_315' title='bbox 1063 2674 1215 2730; x_wconf 68' lang='grc' dir='ltr'>αὐτοὶ</span> <span class='ocrx_word' id='word_1_316' title='bbox 1237 2675 1334 2738; x_wconf 75' lang='grc' dir='ltr'><strong>τὰς</strong></span> <span class='ocrx_word' id='word_1_317' title='bbox 1364 2675 1503 2745; x_wconf 78' lang='grc' dir='ltr'>ὑπὲρ</span> <span class='ocrx_word' id='word_1_318' title='bbox 1522 2675 1699 2727; x_wconf 80' lang='grc' dir='ltr'>αὐτῶν</span> <span class='ocrx_word' id='word_1_319' title='bbox 1729 2693 1864 2746; x_wconf 76' lang='grc' dir='ltr'>χρη-</span> 
     </span>
    </p>
   </div>
   <div class='ocr_carea' id='block_1_45' title="bbox 278 2767 1858 2846">
    <p class='ocr_par' dir='ltr' id='par_1_45' title="bbox 278 2767 1858 2846">
     <span class='ocr_line' id='line_1_45' title="bbox 278 2767 1858 2846; baseline -0.004 -19"><span class='ocrx_word' id='word_1_320' title='bbox 278 2775 545 2846; x_wconf 77' lang='grc' dir='ltr'>στοτέρας</span> <span class='ocrx_word' id='word_1_321' title='bbox 573 2771 754 2842; x_wconf 74' lang='grc' dir='ltr'>φωνὰς</span> <span class='ocrx_word' id='word_1_322' title='bbox 781 2770 1133 2837; x_wconf 75' lang='grc' dir='ltr'><strong>ἀναλέγεσθαι</strong></span> <span class='ocrx_word' id='word_1_323' title='bbox 1161 2767 1399 2828; x_wconf 80' lang='grc' dir='ltr'>εἰώθασι,</span> <span class='ocrx_word' id='word_1_324' title='bbox 1427 2768 1519 2820; x_wconf 72' lang='grc' dir='ltr'><strong>καὶ</strong></span> <span class='ocrx_word' id='word_1_325' title='bbox 1545 2767 1747 2830; x_wconf 87' lang='grc' dir='ltr'>ταύτας</span> <span class='ocrx_word' id='word_1_326' title='bbox 1772 2767 1858 2820; x_wconf 68' lang='grc' dir='ltr'><strong>διὰ</strong></span> 
     </span>
    </p>
   </div>
   <div class='ocr_carea' id='block_1_46' title="bbox 279 2857 1858 2937">
    <p class='ocr_par' dir='ltr' id='par_1_46' title="bbox 279 2857 1858 2937">
     <span class='ocr_line' id='line_1_46' title="bbox 279 2857 1858 2937; baseline -0.006 -18"><span class='ocrx_word' id='word_1_327' title='bbox 279 2857 554 2937; x_wconf 84' lang='grc' dir='ltr'>στόματος</span> <span class='ocrx_word' id='word_1_328' title='bbox 605 2861 1107 2933; x_wconf 89' lang='grc' dir='ltr'>ἀπομνημονεύειν,</span> <span class='ocrx_word' id='word_1_329' title='bbox 1167 2857 1623 2929; x_wconf 84' lang='grc' dir='ltr'>ἀντιπαραθῶμεν</span> <span class='ocrx_word' id='word_1_330' title='bbox 1677 2860 1858 2922; x_wconf 70' lang='grc' dir='ltr'>αὐτοῖς</span> 
     </span>
    </p>
   </div>
   <div class='ocr_carea' id='block_1_47' title="bbox 273 2948 1859 3028">
    <p class='ocr_par' dir='ltr' id='par_1_47' title="bbox 273 2948 1859 3028">
     <span class='ocr_line' id='line_1_47' title="bbox 273 2948 1859 3028; baseline -0.006 -18"><span class='ocrx_word' id='word_1_331' title='bbox 273 2957 374 3020; x_wconf 64' lang='grc' dir='ltr'><strong>τὰς</strong></span> <span class='ocrx_word' id='word_1_332' title='bbox 401 2955 534 3028; x_wconf 74' lang='grc' dir='ltr'>περὶ</span> <span class='ocrx_word' id='word_1_333' title='bbox 563 2955 672 3007; x_wconf 91' lang='grc' dir='ltr'><strong>τῶν</strong></span> <span class='ocrx_word' id='word_1_334' title='bbox 711 2952 880 3005; x_wconf 88' lang='grc' dir='ltr'>ἐθνῶν</span> <span class='ocrx_word' id='word_1_335' title='bbox 908 2951 967 3016; x_wconf 77' lang='grc' dir='ltr'>ἐξ</span> <span class='ocrx_word' id='word_1_336' title='bbox 997 2950 1172 3003; x_wconf 80' lang='grc' dir='ltr'>αὐτῶν</span> <span class='ocrx_word' id='word_1_337' title='bbox 1201 2949 1310 3002; x_wconf 90' lang='grc' dir='ltr'><strong>τῶν</strong></span> <span class='ocrx_word' id='word_1_338' title='bbox 1346 2948 1688 3022; x_wconf 87' lang='grc' dir='ltr'>προφητειῶν</span> <span class='ocrx_word' id='word_1_339' title='bbox 1723 2949 1859 3001; x_wconf 81' lang='grc' dir='ltr'>ἀπο·</span> 
     </span>
    </p>
   </div>
   <div class='ocr_carea' id='block_1_48' title="bbox 271 3040 1857 3115">
    <p class='ocr_par' dir='ltr' id='par_1_48' title="bbox 271 3040 1857 3115">
     <span class='ocr_line' id='line_1_48' title="bbox 271 3040 1857 3115; baseline -0.006 -15"><span class='ocrx_word' id='word_1_340' title='bbox 271 3047 494 3110; x_wconf 77' lang='grc' dir='ltr'>δείξεις,</span> <span class='ocrx_word' id='word_1_341' title='bbox 527 3041 897 3115; x_wconf 80' lang='grc' dir='ltr'>παριστῶσας,</span> <span class='ocrx_word' id='word_1_342' title='bbox 918 3041 993 3105; x_wconf 81' lang='grc' dir='ltr'>ὡς</span> <span class='ocrx_word' id='word_1_343' title='bbox 1023 3042 1128 3112; x_wconf 80' lang='grc' dir='ltr'>ἄρα</span> <span class='ocrx_word' id='word_1_344' title='bbox 1160 3040 1348 3111; x_wconf 85' lang='grc' dir='ltr'>μυρίαι</span> <span class='ocrx_word' id='word_1_345' title='bbox 1379 3041 1498 3093; x_wconf 83' lang='grc' dir='ltr'>ὅσαι</span> <span class='ocrx_word' id='word_1_346' title='bbox 1525 3041 1857 3110; x_wconf 70' lang='grc' dir='ltr'>προρρήσεις</span> 
     </span>
    </p>
   </div>
   <div class='ocr_carea' id='block_1_49' title="bbox 275 3123 1858 3204">
    <p class='ocr_par' dir='ltr' id='par_1_49' title="bbox 275 3123 1858 3204">
     <span class='ocr_line' id='line_1_49' title="bbox 275 3123 1858 3204; baseline -0.004 -16"><span class='ocrx_word' id='word_1_347' title='bbox 275 3135 459 3204; x_wconf 71' lang='grc' dir='ltr'>ἀγαθὰ</span> <span class='ocrx_word' id='word_1_348' title='bbox 498 3132 597 3182; x_wconf 75' lang='grc' dir='ltr'>καὶ</span> <span class='ocrx_word' id='word_1_349' title='bbox 618 3133 860 3204; x_wconf 82' lang='grc' dir='ltr'>σωτήρια</span> <span class='ocrx_word' id='word_1_350' title='bbox 892 3134 1023 3184; x_wconf 80' lang='grc' dir='ltr'>πᾶσι</span> <span class='ocrx_word' id='word_1_351' title='bbox 1054 3135 1166 3194; x_wconf 88' lang='grc' dir='ltr'>τοῖς</span> <span class='ocrx_word' id='word_1_352' title='bbox 1201 3130 1405 3182; x_wconf 82' lang='grc' dir='ltr'>ἔθνεσιν</span> <span class='ocrx_word' id='word_1_353' title='bbox 1436 3123 1858 3192; x_wconf 71' lang='grc' dir='ltr'>ἐθέσπιζον,”καὶ</span> 
     </span>
    </p>
   </div>
   <div class='ocr_carea' id='block_1_50' title="bbox 277 3221 1862 3293">
    <p class='ocr_par' dir='ltr' id='par_1_50' title="bbox 277 3221 1862 3293">
     <span class='ocr_line' id='line_1_50' title="bbox 277 3221 1862 3293; baseline -0.004 -15"><span class='ocrx_word' id='word_1_354' title='bbox 277 3227 352 3290; x_wconf 80' lang='grc' dir='ltr'>ὡς</span> <span class='ocrx_word' id='word_1_355' title='bbox 379 3225 489 3278; x_wconf 68' lang='grc' dir='ltr'>οὖδ⁹</span> <span class='ocrx_word' id='word_1_356' title='bbox 523 3225 699 3287; x_wconf 78' lang='grc' dir='ltr'>ἄλλως</span> <span class='ocrx_word' id='word_1_357' title='bbox 750 3223 982 3292; x_wconf 71' lang='grc' dir='ltr'>ἔφασκον</span> <span class='ocrx_word' id='word_1_358' title='bbox 1027 3221 1544 3293; x_wconf 78' lang='grc' dir='ltr'>ἀποτελεσθήσεσθαι</span> <span class='ocrx_word' id='word_1_359' title='bbox 1577 3221 1642 3274; x_wconf 68' lang='grc' dir='ltr'><strong>τα</strong></span> <span class='ocrx_word' id='word_1_360' title='bbox 1689 3222 1862 3292; x_wconf 83' lang='grc' dir='ltr'>ἐπηγ-</span> 
     </span>
    </p>
   </div>
   <div class='ocr_carea' id='block_1_51' title="bbox 279 3309 1858 3387">
    <p class='ocr_par' dir='ltr' id='par_1_51' title="bbox 279 3309 1858 3387">
     <span class='ocr_line' id='line_1_51' title="bbox 279 3309 1858 3387; baseline -0.002 -21"><span class='ocrx_word' id='word_1_361' title='bbox 279 3315 519 3384; x_wconf 85' lang='grc' dir='ltr'>γελμένα</span> <span class='ocrx_word' id='word_1_362' title='bbox 548 3317 657 3377; x_wconf 84' lang='grc' dir='ltr'>τοῖς</span> <span class='ocrx_word' id='word_1_363' title='bbox 704 3313 908 3366; x_wconf 73' lang='grc' dir='ltr'>ἔθνεσιν</span> <span class='ocrx_word' id='word_1_364' title='bbox 943 3313 974 3383; x_wconf 85' lang='grc' dir='ltr'>ἢ</span> <span class='ocrx_word' id='word_1_365' title='bbox 1014 3311 1099 3364; x_wconf 77' lang='grc' dir='ltr'><strong>διὰ</strong></span> <span class='ocrx_word' id='word_1_366' title='bbox 1145 3311 1307 3381; x_wconf 86' lang='grc' dir='ltr'>μόνης</span> <span class='ocrx_word' id='word_1_367' title='bbox 1357 3311 1453 3381; x_wconf 80' lang='grc' dir='ltr'>τῆς</span> <span class='ocrx_word' id='word_1_368' title='bbox 1497 3310 1590 3362; x_wconf 86' lang='grc' dir='ltr'><strong>τοῦ</strong></span> <span class='ocrx_word' id='word_1_369' title='bbox 1625 3309 1858 3387; x_wconf 84' lang='grc' dir='ltr'>Χριστοῦ</span> 
     </span>
    </p>
   </div>
   <div class='ocr_carea' id='block_1_52' title="bbox 283 3403 1858 3478">
    <p class='ocr_par' dir='ltr' id='par_1_52' title="bbox 283 3403 1858 3478">
     <span class='ocr_line' id='line_1_52' title="bbox 283 3403 1858 3478; baseline -0.001 -22"><span class='ocrx_word' id='word_1_370' title='bbox 283 3406 607 3478; x_wconf 79' lang='grc' dir='ltr'>παρουσίας.</span> <span class='ocrx_word' id='word_1_371' title='bbox 643 3407 943 3476; x_wconf 78' lang='grc' dir='ltr'>Στήσαντες</span> <span class='ocrx_word' id='word_1_372' title='bbox 973 3403 1030 3457; x_wconf 87' lang='grc' dir='ltr'><strong>δέ</strong></span> <span class='ocrx_word' id='word_1_373' title='bbox 1069 3403 1296 3455; x_wconf 86' lang='grc' dir='ltr'>ἐνταῦθα</span> <span class='ocrx_word' id='word_1_374' title='bbox 1329 3404 1418 3455; x_wconf 73' lang='grc' dir='ltr'><strong>τὸν</strong></span> <span class='ocrx_word' id='word_1_375' title='bbox 1461 3403 1636 3470; x_wconf 82' lang='grc' dir='ltr'>λόγον,</span> <span class='ocrx_word' id='word_1_376' title='bbox 1665 3403 1858 3455; x_wconf 84' lang='grc' dir='ltr'>ἀποδε-</span> 
     </span>
    </p>
   </div>
   <div class='ocr_carea' id='block_1_53' title="bbox 282 3495 1860 3566">
    <p class='ocr_par' dir='ltr' id='par_1_53' title="bbox 282 3495 1860 3566">
     <span class='ocr_line' id='line_1_53' title="bbox 282 3495 1860 3566; baseline 0.009 -33"><span class='ocrx_word' id='word_1_377' title='bbox 282 3497 521 3566; x_wconf 70' lang='grc' dir='ltr'>δειχὸτες</span> <span class='ocrx_word' id='word_1_378' title='bbox 546 3496 610 3548; x_wconf 72' lang='grc' dir='ltr'>ἂν</span> <span class='ocrx_word' id='word_1_379' title='bbox 633 3495 843 3564; x_wconf 73' lang='grc' dir='ltr'>εἴημεν,</span> <span class='ocrx_word' id='word_1_380' title='bbox 873 3495 946 3557; x_wconf 80' lang='grc' dir='ltr'>ὠς</span> <span class='ocrx_word' id='word_1_381' title='bbox 966 3495 1026 3547; x_wconf 81' lang='grc' dir='ltr'>οὺ</span> <span class='ocrx_word' id='word_1_382' title='bbox 1059 3495 1256 3566; x_wconf 79' lang='grc' dir='ltr'>μᾶλλον</span> <span class='ocrx_word' id='word_1_383' title='bbox 1281 3496 1502 3557; x_wconf 85' lang='grc' dir='ltr'>ἐκείνοις</span> <span class='ocrx_word' id='word_1_384' title='bbox 1529 3495 1691 3563; x_wconf 84' lang='grc' dir='ltr'>φάναι</span> <span class='ocrx_word' id='word_1_385' title='bbox 1722 3495 1860 3564; x_wconf 67' lang='grc' dir='ltr'>χρῆν</span> 
     </span>
    </p>
   </div>
   <div class='ocr_carea' id='block_1_54' title="bbox 281 3583 1860 3662">
    <p class='ocr_par' dir='ltr' id='par_1_54' title="bbox 281 3583 1860 3662">
     <span class='ocr_line' id='line_1_54' title="bbox 281 3583 1860 3662; baseline -0.003 -21"><span class='ocrx_word' id='word_1_386' title='bbox 281 3591 312 3662; x_wconf 71' lang='grc' dir='ltr'><strong>ἢ</strong></span> <span class='ocrx_word' id='word_1_387' title='bbox 338 3589 473 3660; x_wconf 61' lang='grc' dir='ltr'>ημῆ</span> <span class='ocrx_word' id='word_1_388' title='bbox 504 3588 602 3660; x_wconf 79' lang='grc' dir='ltr'><strong>τὴν</strong></span> <span class='ocrx_word' id='word_1_389' title='bbox 633 3589 723 3640; x_wconf 75' lang='grc' dir='ltr'>ἐπὶ</span> <span class='ocrx_word' id='word_1_390' title='bbox 750 3588 840 3640; x_wconf 81' lang='grc' dir='ltr'><strong>τὸν</strong></span> <span class='ocrx_word' id='word_1_391' title='bbox 863 3586 1093 3655; x_wconf 74' lang='grc' dir='ltr'>Χριστὸν</span> <span class='ocrx_word' id='word_1_392' title='bbox 1120 3585 1212 3638; x_wconf 88' lang='grc' dir='ltr'><strong>τοῦ</strong></span> <span class='ocrx_word' id='word_1_393' title='bbox 1242 3583 1376 3639; x_wconf 87' lang='grc' dir='ltr'>Θεοῦ</span> <span class='ocrx_word' id='word_1_394' title='bbox 1405 3585 1728 3656; x_wconf 82' lang='grc' dir='ltr'>προσδοκίαν</span> <span class='ocrx_word' id='word_1_395' title='bbox 1761 3588 1860 3657; x_wconf 84' lang='grc' dir='ltr'>ἀρ-</span> 
     </span>
    </p>
   </div>
   <div class='ocr_carea' id='block_1_55' title="bbox 285 3673 1859 3751">
    <p class='ocr_par' dir='ltr' id='par_1_55' title="bbox 285 3673 1859 3751">
     <span class='ocr_line' id='line_1_55' title="bbox 285 3673 1859 3751; baseline -0.004 -17"><span class='ocrx_word' id='word_1_396' title='bbox 285 3681 522 3751; x_wconf 81' lang='grc' dir='ltr'>μόττειν.</span> <span class='ocrx_word' id='word_1_397' title='bbox 585 3677 891 3749; x_wconf 74' lang='grc' dir='ltr'>’ἰσορρόπου</span> <span class='ocrx_word' id='word_1_398' title='bbox 942 3675 999 3728; x_wconf 80' lang='grc' dir='ltr'>δὲ</span> <span class='ocrx_word' id='word_1_399' title='bbox 1042 3675 1313 3738; x_wconf 81' lang='grc' dir='ltr'>Ἰουδαίοις</span> <span class='ocrx_word' id='word_1_400' title='bbox 1355 3675 1448 3727; x_wconf 68' lang='grc' dir='ltr'>καὶ</span> <span class='ocrx_word' id='word_1_401' title='bbox 1497 3673 1720 3746; x_wconf 85' lang='grc' dir='ltr'>Ἕλλησι</span> <span class='ocrx_word' id='word_1_402' title='bbox 1760 3676 1859 3745; x_wconf 81' lang='grc' dir='ltr'>τῆς</span> 
     </span>
    </p>
   </div>
   <div class='ocr_carea' id='block_1_56' title="bbox 281 3765 1859 3841">
    <p class='ocr_par' dir='ltr' id='par_1_56' title="bbox 281 3765 1859 3841">
     <span class='ocr_line' id='line_1_56' title="bbox 281 3765 1859 3841; baseline -0.002 -19"><span class='ocrx_word' id='word_1_403' title='bbox 281 3770 386 3823; x_wconf 88' lang='grc' dir='ltr'><strong>τῶν</strong></span> <span class='ocrx_word' id='word_1_404' title='bbox 419 3769 844 3841; x_wconf 75' lang='grc' dir='ltr'>ἐπηγγελμένων</span> <span class='ocrx_word' id='word_1_405' title='bbox 889 3767 1098 3830; x_wconf 83' lang='grc' dir='ltr'>ἐλπίδος</span> <span class='ocrx_word' id='word_1_406' title='bbox 1142 3765 1566 3837; x_wconf 77' lang='grc' dir='ltr'>ἀποδειχθείσης,</span> <span class='ocrx_word' id='word_1_407' title='bbox 1611 3766 1686 3829; x_wconf 85' lang='grc' dir='ltr'>ὡς</span> <span class='ocrx_word' id='word_1_408' title='bbox 1718 3765 1859 3819; x_wconf 76' lang='grc' dir='ltr'>κατὰ</span> 
     </span>
    </p>
   </div>
   <div class='ocr_carea' id='block_1_57' title="bbox 278 3858 1858 3935">
    <p class='ocr_par' dir='ltr' id='par_1_57' title="bbox 278 3858 1858 3935">
     <span class='ocr_line' id='line_1_57' title="bbox 278 3858 1858 3935; baseline -0.004 -17"><span class='ocrx_word' id='word_1_409' title='bbox 278 3865 436 3918; x_wconf 87' lang='grc' dir='ltr'>τοῦτο</span> <span class='ocrx_word' id='word_1_410' title='bbox 473 3864 640 3935; x_wconf 72' lang='grc' dir='ltr'>μηδὲν</span> <span class='ocrx_word' id='word_1_411' title='bbox 685 3862 793 3914; x_wconf 76' lang='grc' dir='ltr'><strong>τῶν</strong></span> <span class='ocrx_word' id='word_1_412' title='bbox 831 3862 895 3914; x_wconf 86' lang='grc' dir='ltr'><strong>ἐκ</strong></span> <span class='ocrx_word' id='word_1_413' title='bbox 929 3860 1226 3931; x_wconf 81' lang='grc' dir='ltr'>περιτομῆς</span> <span class='ocrx_word' id='word_1_414' title='bbox 1267 3858 1544 3912; x_wconf 77' lang='grc' dir='ltr'>λείπεσθαι</span> <span class='ocrx_word' id='word_1_415' title='bbox 1585 3860 1709 3922; x_wconf 72' lang='grc' dir='ltr'>τοὺς</span> <span class='ocrx_word' id='word_1_416' title='bbox 1750 3859 1858 3912; x_wconf 83' lang='grc' dir='ltr'>ἀπὸ</span> 
     </span>
    </p>
   </div>
   <div class='ocr_carea' id='block_1_58' title="bbox 278 3949 1858 4024">
    <p class='ocr_par' dir='ltr' id='par_1_58' title="bbox 278 3949 1858 4024">
     <span class='ocr_line' id='line_1_58' title="bbox 278 3949 1858 4024; baseline -0.006 -14"><span class='ocrx_word' id='word_1_417' title='bbox 278 3957 384 4010; x_wconf 85' lang='grc' dir='ltr'><strong>τῶν</strong></span> <span class='ocrx_word' id='word_1_418' title='bbox 410 3955 584 4008; x_wconf 83' lang='grc' dir='ltr'>ἐθνῶν</span> <span class='ocrx_word' id='word_1_419' title='bbox 607 3953 695 4006; x_wconf 75' lang='grc' dir='ltr'><strong>διὰ</strong></span> <span class='ocrx_word' id='word_1_420' title='bbox 719 3950 952 4024; x_wconf 79' lang='grc' dir='ltr'>Χριστοῦ</span> <span class='ocrx_word' id='word_1_421' title='bbox 989 3951 1420 4022; x_wconf 82' lang='grc' dir='ltr'>σωθησομένους,</span> <span class='ocrx_word' id='word_1_422' title='bbox 1443 3951 1507 4003; x_wconf 90' lang='grc' dir='ltr'><strong>ἐκ</strong></span> <span class='ocrx_word' id='word_1_423' title='bbox 1541 3949 1858 4020; x_wconf 82' lang='grc' dir='ltr'>περιουσίας</span> 
     </span>
    </p>
   </div>
   <div class='ocr_carea' id='block_1_59' title="bbox 280 4041 1856 4118">
    <p class='ocr_par' dir='ltr' id='par_1_59' title="bbox 280 4041 1856 4118">
     <span class='ocr_line' id='line_1_59' title="bbox 280 4041 1856 4118; baseline -0.005 -17"><span class='ocrx_word' id='word_1_424' title='bbox 280 4046 407 4118; x_wconf 63' lang='grc' dir='ltr'><strong>ἑξῆς</strong></span> <span class='ocrx_word' id='word_1_425' title='bbox 440 4045 755 4116; x_wconf 78' lang='grc' dir='ltr'>ἐλέγξομεν,</span> <span class='ocrx_word' id='word_1_426' title='bbox 795 4044 868 4108; x_wconf 82' lang='grc' dir='ltr'>ὡς</span> <span class='ocrx_word' id='word_1_427' title='bbox 905 4044 996 4096; x_wconf 77' lang='grc' dir='ltr'>ἐπὶ</span> <span class='ocrx_word' id='word_1_428' title='bbox 1025 4041 1118 4095; x_wconf 85' lang='grc' dir='ltr'><strong>τοῦ</strong></span> <span class='ocrx_word' id='word_1_429' title='bbox 1163 4042 1398 4115; x_wconf 80' lang='grc' dir='ltr'>Χριστοῦ</span> <span class='ocrx_word' id='word_1_430' title='bbox 1437 4043 1726 4115; x_wconf 80' lang='grc' dir='ltr'>παρουσίᾳ,</span> <span class='ocrx_word' id='word_1_431' title='bbox 1761 4041 1856 4094; x_wconf 74' lang='grc' dir='ltr'>καὶ</span> 
     </span>
    </p>
   </div>
   <div class='ocr_carea' id='block_1_60' title="bbox 278 4135 1857 4210">
    <p class='ocr_par' dir='ltr' id='par_1_60' title="bbox 278 4135 1857 4210">
     <span class='ocr_line' id='line_1_60' title="bbox 278 4135 1857 4210; baseline -0.004 -18"><span class='ocrx_word' id='word_1_432' title='bbox 278 4143 342 4210; x_wconf 80' lang='grc' dir='ltr'>τῇ</span> <span class='ocrx_word' id='word_1_433' title='bbox 372 4138 482 4192; x_wconf 88' lang='grc' dir='ltr'><strong>τῶν</strong></span> <span class='ocrx_word' id='word_1_434' title='bbox 511 4137 682 4190; x_wconf 83' lang='grc' dir='ltr'>ἐθνῶν</span> <span class='ocrx_word' id='word_1_435' title='bbox 724 4136 934 4207; x_wconf 85' lang='grc' dir='ltr'>κλήσει,</span> <span class='ocrx_word' id='word_1_436' title='bbox 961 4136 1273 4188; x_wconf 86' lang='grc' dir='ltr'>ἀπόπτωσιν</span> <span class='ocrx_word' id='word_1_437' title='bbox 1312 4135 1546 4206; x_wconf 86' lang='grc' dir='ltr'>παντελῆ</span> <span class='ocrx_word' id='word_1_438' title='bbox 1581 4135 1674 4187; x_wconf 68' lang='grc' dir='ltr'>καὶ</span> <span class='ocrx_word' id='word_1_439' title='bbox 1721 4135 1857 4187; x_wconf 79' lang='grc' dir='ltr'>ἀπο-</span> 
     </span>
    </p>
   </div>
   <div class='ocr_carea' id='block_1_61' title="bbox 279 4227 1855 4302">
    <p class='ocr_par' dir='ltr' id='par_1_61' title="bbox 279 4227 1855 4302">
     <span class='ocr_line' id='line_1_61' title="bbox 279 4227 1855 4302; baseline -0.002 -18"><span class='ocrx_word' id='word_1_440' title='bbox 279 4231 439 4302; x_wconf 75' lang='grc' dir='ltr'>ϐολὴν</span> <span class='ocrx_word' id='word_1_441' title='bbox 470 4230 565 4284; x_wconf 91' lang='grc' dir='ltr'><strong>τοῦ</strong></span> <span class='ocrx_word' id='word_1_442' title='bbox 601 4231 798 4292; x_wconf 79' lang='grc' dir='ltr'>παντὸς</span> <span class='ocrx_word' id='word_1_443' title='bbox 839 4227 1104 4282; x_wconf 83' lang='grc' dir='ltr'>Ἰουδαίων</span> <span class='ocrx_word' id='word_1_444' title='bbox 1141 4229 1324 4292; x_wconf 79' lang='grc' dir='ltr'>ἔθνους</span> <span class='ocrx_word' id='word_1_445' title='bbox 1354 4229 1424 4282; x_wconf 84' lang='grc' dir='ltr'><strong>τά</strong></span> <span class='ocrx_word' id='word_1_446' title='bbox 1451 4229 1568 4282; x_wconf 85' lang='grc' dir='ltr'>θεῖα</span> <span class='ocrx_word' id='word_1_447' title='bbox 1615 4245 1855 4298; x_wconf 86' lang='grc' dir='ltr'>προανα-</span> 
     </span>
    </p>
   </div>
   <div class='ocr_carea' id='block_1_62' title="bbox 277 4318 1858 4394">
    <p class='ocr_par' dir='ltr' id='par_1_62' title="bbox 277 4318 1858 4394">
     <span class='ocr_line' id='line_1_62' title="bbox 277 4318 1858 4394; baseline -0.003 -19"><span class='ocrx_word' id='word_1_448' title='bbox 277 4326 447 4394; x_wconf 84' lang='grc' dir='ltr'>φωνεῖ</span> <span class='ocrx_word' id='word_1_449' title='bbox 487 4323 665 4391; x_wconf 85' lang='grc' dir='ltr'>λόγια,</span> <span class='ocrx_word' id='word_1_450' title='bbox 699 4323 922 4392; x_wconf 76' lang='grc' dir='ltr'>βραχέσι</span> <span class='ocrx_word' id='word_1_451' title='bbox 950 4322 1128 4393; x_wconf 88' lang='grc' dir='ltr'>μόνοις</span> <span class='ocrx_word' id='word_1_452' title='bbox 1171 4321 1346 4374; x_wconf 87' lang='grc' dir='ltr'>αὐτῶν</span> <span class='ocrx_word' id='word_1_453' title='bbox 1385 4321 1478 4373; x_wconf 74' lang='grc' dir='ltr'>καὶ</span> <span class='ocrx_word' id='word_1_454' title='bbox 1522 4319 1738 4392; x_wconf 78' lang='grc' dir='ltr'>ἀριθμῷ</span> <span class='ocrx_word' id='word_1_455' title='bbox 1763 4318 1858 4390; x_wconf 86' lang='grc' dir='ltr'>λη-</span> 
     </span>
    </p>
   </div>
   <div class='ocr_carea' id='block_1_63' title="bbox 274 4411 1854 4490">
    <p class='ocr_par' dir='ltr' id='par_1_63' title="bbox 274 4411 1854 4490">
     <span class='ocr_line' id='line_1_63' title="bbox 274 4411 1854 4490; baseline -0.003 -22"><span class='ocrx_word' id='word_1_456' title='bbox 274 4419 429 4480; x_wconf 87' lang='grc' dir='ltr'>πτοῖς</span> <span class='ocrx_word' id='word_1_457' title='bbox 464 4416 531 4468; x_wconf 82' lang='grc' dir='ltr'><strong>τά</strong></span> <span class='ocrx_word' id='word_1_458' title='bbox 577 4415 916 4487; x_wconf 86' lang='grc' dir='ltr'>χρηστότερα</span> <span class='ocrx_word' id='word_1_459' title='bbox 955 4414 1297 4478; x_wconf 80' lang='grc' dir='ltr'>θεσπίζοντα,</span> <span class='ocrx_word' id='word_1_460' title='bbox 1341 4413 1435 4465; x_wconf 74' lang='grc' dir='ltr'>καὶ</span> <span class='ocrx_word' id='word_1_461' title='bbox 1476 4411 1551 4475; x_wconf 80' lang='grc' dir='ltr'>ὡς</span> <span class='ocrx_word' id='word_1_462' title='bbox 1591 4412 1854 4490; x_wconf 73' lang='grc' dir='ltr'>ἀλῶσιται</span> 
     </span>
    </p>
   </div>
   <div class='ocr_carea' id='block_1_64' title="bbox 929 2263 3033 2336">
    <p class='ocr_par' dir='ltr' id='par_1_64' title="bbox 929 2263 3033 2336">
     <span class='ocr_line' id='line_1_64' title="bbox 929 2263 3033 2336; baseline 0.005 -20"><span class='ocrx_word' id='word_1_463' title='bbox 929 2273 1112 2333; x_wconf 86' lang='lat' dir='ltr'><strong>utpote</strong></span> <span class='ocrx_word' id='word_1_464' title='bbox 1141 2279 1264 2317; x_wconf 89' lang='lat' dir='ltr'><strong>cum</strong></span> <span class='ocrx_word' id='word_1_465' title='bbox 1295 2263 1398 2315; x_wconf 89' lang='lat' dir='ltr'><strong>hoc</strong></span> <span class='ocrx_word' id='word_1_466' title='bbox 1431 2263 1508 2315; x_wconf 88' lang='lat' dir='ltr'><strong>illi</strong></span> <span class='ocrx_word' id='word_1_467' title='bbox 1539 2272 1734 2332; x_wconf 62' lang='lat' dir='ltr'><strong>prater</strong></span> <span class='ocrx_word' id='word_1_468' title='bbox 1767 2263 2078 2319; x_wconf 83' lang='lat' dir='ltr'><strong>divinorum</strong></span> <span class='ocrx_word' id='word_1_469' title='bbox 2106 2266 2368 2321; x_wconf 88' lang='lat' dir='ltr'><strong>librorum</strong></span> <span class='ocrx_word' id='word_1_470' title='bbox 2392 2268 2774 2322; x_wconf 81' lang='lat' dir='ltr'><strong>auctoritatem</strong></span> <span class='ocrx_word' id='word_1_471' title='bbox 2803 2268 3033 2336; x_wconf 73' lang='lat' dir='ltr'><strong>jartent.</strong></span> 
     </span>
    </p>
   </div>
   <div class='ocr_carea' id='block_1_65' title="bbox 2529 2357 2978 2431">
    <p class='ocr_par' dir='ltr' id='par_1_65' title="bbox 2529 2357 2978 2431">
     <span class='ocr_line' id='line_1_65' title="bbox 2529 2357 2978 2431; baseline 0.002 -18"><span class='ocrx_word' id='word_1_472' title='bbox 2529 2359 2640 2431; x_wconf 69' lang='grc' dir='ltr'>ω.</span> <span class='ocrx_word' id='word_1_473' title='bbox 2672 2358 2900 2414; x_wconf 76' lang='lat' dir='ltr'><strong>CAPUT</strong></span> <span class='ocrx_word' id='word_1_474' title='bbox 2936 2357 2978 2416; x_wconf 79' lang='lat'><strong>1.-</strong></span> 
     </span>
    </p>
   </div>
   <div class='ocr_carea' id='block_1_66' title="bbox 1971 2444 3542 2517">
    <p class='ocr_par' dir='ltr' id='par_1_66' title="bbox 1971 2444 3542 2517">
     <span class='ocr_line' id='line_1_66' title="bbox 1971 2444 3542 2517; baseline 0.004 -21"><span class='ocrx_word' id='word_1_475' title='bbox 1971 2444 2425 2517; x_wconf 64' lang='lat' dir='ltr'><strong>Quepmdmodum</strong></span> <span class='ocrx_word' id='word_1_476' title='bbox 2473 2449 2694 2501; x_wconf 78' lang='lat' dir='ltr'><strong>meliora</strong></span> <span class='ocrx_word' id='word_1_477' title='bbox 2741 2447 2806 2500; x_wconf 84' lang='lat' dir='ltr'><strong>de</strong></span> <span class='ocrx_word' id='word_1_478' title='bbox 2850 2449 2997 2501; x_wconf 74' lang='lat' dir='ltr'><strong>nobis</strong></span> <span class='ocrx_word' id='word_1_479' title='bbox 3031 2450 3260 2500; x_wconf 69' lang='lat' dir='ltr'><strong>externis</strong></span> <span class='ocrx_word' id='word_1_480' title='bbox 3301 2448 3542 2517; x_wconf 68' lang='lat' dir='ltr'><strong>gentibus</strong></span> 
     </span>
    </p>
   </div>
   <div class='ocr_carea' id='block_1_67' title="bbox 2069 2515 3440 2600">
    <p class='ocr_par' dir='ltr' id='par_1_67' title="bbox 2069 2515 3440 2600">
     <span class='ocr_line' id='line_1_67' title="bbox 2069 2515 3440 2600; baseline 0.003 -33"><span class='ocrx_word' id='word_1_481' title='bbox 2069 2515 2346 2584; x_wconf 69' lang='lat' dir='ltr'><strong>Prop/cette</strong></span> <span class='ocrx_word' id='word_1_482' title='bbox 2372 2519 2586 2571; x_wconf 75' lang='lat' dir='ltr'><strong>illorum</strong></span> <span class='ocrx_word' id='word_1_483' title='bbox 2614 2528 2735 2570; x_wconf 82' lang='lat' dir='ltr'><strong>ante</strong></span> <span class='ocrx_word' id='word_1_484' title='bbox 2761 2519 3016 2600; x_wconf 71' lang='lat' dir='ltr'><strong>venientes</strong></span> <span class='ocrx_word' id='word_1_485' title='bbox 3047 2515 3440 2572; x_wconf 71' lang='lat' dir='ltr'><strong>nuntiaverunt.</strong></span> 
     </span>
    </p>
   </div>
   <div class='ocr_carea' id='block_1_68' title="bbox 2037 2663 3551 2746">
    <p class='ocr_par' dir='ltr' id='par_1_68' title="bbox 2037 2663 3551 2746">
     <span class='ocr_line' id='line_1_68' title="bbox 2037 2663 3551 2746; baseline 0.004 -21"><span class='ocrx_word' id='word_1_486' title='bbox 2037 2671 2282 2726; x_wconf 85' lang='lat' dir='ltr'><strong>Primum</strong></span> <span class='ocrx_word' id='word_1_487' title='bbox 2335 2674 2518 2743; x_wconf 90' lang='lat' dir='ltr'><strong>igitur,</strong></span> <span class='ocrx_word' id='word_1_488' title='bbox 2573 2675 2832 2744; x_wconf 88' lang='lat' dir='ltr'><strong>quoniam</strong></span> <span class='ocrx_word' id='word_1_489' title='bbox 2881 2692 2978 2746; x_wconf 92' lang='lat' dir='ltr'><strong>pro</strong></span> <span class='ocrx_word' id='word_1_490' title='bbox 3031 2675 3226 2746; x_wconf 84' lang='lat' dir='ltr'><strong>seipsis</strong></span> <span class='ocrx_word' id='word_1_491' title='bbox 3283 2663 3551 2731; x_wconf 28' lang='lat' dir='ltr'><strong>meliores.</strong></span> 
     </span>
    </p>
   </div>
   <div class='ocr_carea' id='block_1_69' title="bbox 1965 2755 3549 2836">
    <p class='ocr_par' dir='ltr' id='par_1_69' title="bbox 1965 2755 3549 2836">
     <span class='ocr_line' id='line_1_69' title="bbox 1965 2755 3549 2836; baseline 0.001 -18"><span class='ocrx_word' id='word_1_492' title='bbox 1965 2765 2431 2835; x_wconf 78' lang='lat' dir='ltr'><strong>optaliilioresqne</strong></span> <span class='ocrx_word' id='word_1_493' title='bbox 2461 2782 2620 2820; x_wconf 80' lang='lat' dir='ltr'><strong>voces</strong></span> <span class='ocrx_word' id='word_1_494' title='bbox 2642 2769 2900 2836; x_wconf 79' lang='lat' dir='ltr'><strong>colligere</strong></span> <span class='ocrx_word' id='word_1_495' title='bbox 2929 2768 3127 2829; x_wconf 80' lang='lat' dir='ltr'><strong>solent,</strong></span> <span class='ocrx_word' id='word_1_496' title='bbox 3165 2775 3218 2823; x_wconf 87' lang='lat' dir='ltr'><strong>et</strong></span> <span class='ocrx_word' id='word_1_497' title='bbox 3247 2769 3341 2822; x_wconf 84' lang='lat' dir='ltr'><strong>eas</strong></span> <span class='ocrx_word' id='word_1_498' title='bbox 3396 2755 3549 2822; x_wconf 15' lang='lat' dir='ltr'><strong>assi-I</strong></span> 
     </span>
    </p>
   </div>
   <div class='ocr_carea' id='block_1_70' title="bbox 1965 2858 3545 2934">
    <p class='ocr_par' dir='ltr' id='par_1_70' title="bbox 1965 2858 3545 2934">
     <span class='ocr_line' id='line_1_70' title="bbox 1965 2858 3545 2934; baseline 0.004 -22"><span class='ocrx_word' id='word_1_499' title='bbox 1965 2858 2072 2914; x_wconf 89' lang='lat' dir='ltr'><strong>due</strong></span> <span class='ocrx_word' id='word_1_500' title='bbox 2101 2860 2405 2928; x_wconf 86' lang='lat' dir='ltr'><strong>crebroque</strong></span> <span class='ocrx_word' id='word_1_501' title='bbox 2459 2858 2691 2928; x_wconf 85' lang='lat' dir='ltr'><strong>jactare,</strong></span> <span class='ocrx_word' id='word_1_502' title='bbox 2726 2861 2876 2915; x_wconf 87' lang='lat' dir='ltr'><strong>hisce</strong></span> <span class='ocrx_word' id='word_1_503' title='bbox 2901 2863 3245 2930; x_wconf 89' lang='lat' dir='ltr'><strong>opponamus</strong></span> <span class='ocrx_word' id='word_1_504' title='bbox 3273 2879 3389 2925; x_wconf 89' lang='lat' dir='ltr'><strong>eas,</strong></span> <span class='ocrx_word' id='word_1_505' title='bbox 3419 2880 3545 2934; x_wconf 70' lang='lat' dir='ltr'><strong>quae</strong></span> 
     </span>
    </p>
   </div>
   <div class='ocr_carea' id='block_1_71' title="bbox 1965 2942 3538 3022">
    <p class='ocr_par' dir='ltr' id='par_1_71' title="bbox 1965 2942 3538 3022">
     <span class='ocr_line' id='line_1_71' title="bbox 1965 2942 3538 3022; baseline 0.004 -19"><span class='ocrx_word' id='word_1_506' title='bbox 1965 2942 2021 3004; x_wconf 83' lang='lat' dir='ltr'><strong>in</strong></span> <span class='ocrx_word' id='word_1_507' title='bbox 2055 2951 2272 3004; x_wconf 89' lang='lat' dir='ltr'><strong>illorum</strong></span> <span class='ocrx_word' id='word_1_508' title='bbox 2307 2952 2606 3020; x_wconf 89' lang='lat' dir='ltr'><strong>prophetiis</strong></span> <span class='ocrx_word' id='word_1_509' title='bbox 2640 2961 2858 3006; x_wconf 76' lang='lat' dir='ltr'><strong>exstant</strong></span> <span class='ocrx_word' id='word_1_510' title='bbox 2904 2953 2971 3007; x_wconf 87' lang='lat' dir='ltr'><strong>de</strong></span> <span class='ocrx_word' id='word_1_511' title='bbox 3011 2954 3262 3022; x_wconf 77' lang='lat' dir='ltr'><strong>gentibus</strong></span> <span class='ocrx_word' id='word_1_512' title='bbox 3311 2954 3538 3010; x_wconf 86' lang='lat' dir='ltr'><strong>demon-</strong></span> 
     </span>
    </p>
   </div>
   <div class='ocr_carea' id='block_1_72' title="bbox 1961 3028 3548 3122">
    <p class='ocr_par' dir='ltr' id='par_1_72' title="bbox 1961 3028 3548 3122">
     <span class='ocr_line' id='line_1_72' title="bbox 1961 3028 3548 3122; baseline 0.002 -23"><span class='ocrx_word' id='word_1_513' title='bbox 1961 3046 2278 3105; x_wconf 88' lang='lat' dir='ltr'><strong>strationes,</strong></span> <span class='ocrx_word' id='word_1_514' title='bbox 2339 3046 2460 3113; x_wconf 65' lang='lat' dir='ltr'><strong>qius</strong></span> <span class='ocrx_word' id='word_1_515' title='bbox 2517 3045 2694 3113; x_wconf 91' lang='lat' dir='ltr'><strong>palam</strong></span> <span class='ocrx_word' id='word_1_516' title='bbox 2747 3054 3079 3115; x_wconf 89' lang='lat' dir='ltr'><strong>proponunt,</strong></span> <span class='ocrx_word' id='word_1_517' title='bbox 3118 3028 3548 3122; x_wconf 62' lang='lat' dir='ltr'><strong>innumerabilia</strong></span> 
     </span>
    </p>
   </div>
   <div class='ocr_carea' id='block_1_73' title="bbox 1961 3135 3535 3209">
    <p class='ocr_par' dir='ltr' id='par_1_73' title="bbox 1961 3135 3535 3209">
     <span class='ocr_line' id='line_1_73' title="bbox 1961 3135 3535 3209; baseline 0 -17"><span class='ocrx_word' id='word_1_518' title='bbox 1961 3150 2081 3192; x_wconf 79' lang='lat' dir='ltr'><strong>esse</strong></span> <span class='ocrx_word' id='word_1_519' title='bbox 2101 3135 2380 3197; x_wconf 76' lang='lat' dir='ltr'><strong>Vaticinia,</strong></span> <span class='ocrx_word' id='word_1_520' title='bbox 2406 3137 2604 3206; x_wconf 89' lang='lat' dir='ltr'><strong>quibus</strong></span> <span class='ocrx_word' id='word_1_521' title='bbox 2632 3137 2772 3191; x_wconf 87' lang='lat' dir='ltr'><strong>bona</strong></span> <span class='ocrx_word' id='word_1_522' title='bbox 2793 3148 2846 3192; x_wconf 83' lang='lat' dir='ltr'><strong>et</strong></span> <span class='ocrx_word' id='word_1_523' title='bbox 2880 3139 3140 3192; x_wconf 88' lang='lat' dir='ltr'><strong>salutaria</strong></span> <span class='ocrx_word' id='word_1_524' title='bbox 3171 3140 3386 3193; x_wconf 74' lang='lat' dir='ltr'><strong>cunctis</strong></span> <span class='ocrx_word' id='word_1_525' title='bbox 3408 3155 3535 3209; x_wconf 76' lang='lat' dir='ltr'><strong>gr-n-</strong></span> 
     </span>
    </p>
   </div>
   <div class='ocr_carea' id='block_1_74' title="bbox 1963 3227 3537 3299">
    <p class='ocr_par' dir='ltr' id='par_1_74' title="bbox 1963 3227 3537 3299">
     <span class='ocr_line' id='line_1_74' title="bbox 1963 3227 3537 3299; baseline 0.001 -17"><span class='ocrx_word' id='word_1_526' title='bbox 1963 3229 2110 3283; x_wconf 87' lang='lat' dir='ltr'><strong>tibus</strong></span> <span class='ocrx_word' id='word_1_527' title='bbox 2141 3227 2323 3282; x_wconf 84' lang='lat' dir='ltr'><strong>futura</strong></span> <span class='ocrx_word' id='word_1_528' title='bbox 2369 3229 2746 3283; x_wconf 79' lang='lat' dir='ltr'><strong>nuntientur:</strong></span> <span class='ocrx_word' id='word_1_529' title='bbox 2795 3245 2895 3283; x_wconf 90' lang='lat' dir='ltr'><strong>nec</strong></span> <span class='ocrx_word' id='word_1_530' title='bbox 2943 3230 3100 3284; x_wconf 86' lang='lat' dir='ltr'><strong>aliter</strong></span> <span class='ocrx_word' id='word_1_531' title='bbox 3145 3229 3400 3284; x_wconf 90' lang='lat' dir='ltr'><strong>dicantur</strong></span> <span class='ocrx_word' id='word_1_532' title='bbox 3450 3246 3537 3299; x_wconf 85' lang='lat' dir='ltr'><strong>ea,</strong></span> 
     </span>
    </p>
   </div>
   <div class='ocr_carea' id='block_1_75' title="bbox 1961 3319 3537 3391">
    <p class='ocr_par' dir='ltr' id='par_1_75' title="bbox 1961 3319 3537 3391">
     <span class='ocr_line' id='line_1_75' title="bbox 1961 3319 3537 3391; baseline 0 -17"><span class='ocrx_word' id='word_1_533' title='bbox 1961 3335 2082 3391; x_wconf 68' lang='lat' dir='ltr'><strong>qua:</strong></span> <span class='ocrx_word' id='word_1_534' title='bbox 2113 3320 2363 3389; x_wconf 73' lang='lat' dir='ltr'><strong>gentibus</strong></span> <span class='ocrx_word' id='word_1_535' title='bbox 2406 3320 2675 3388; x_wconf 88' lang='lat' dir='ltr'><strong>promissa</strong></span> <span class='ocrx_word' id='word_1_536' title='bbox 2723 3329 2871 3383; x_wconf 93' lang='lat' dir='ltr'><strong>sunt,</strong></span> <span class='ocrx_word' id='word_1_537' title='bbox 2923 3319 3128 3374; x_wconf 86' lang='lat' dir='ltr'><strong>exitum</strong></span> <span class='ocrx_word' id='word_1_538' title='bbox 3173 3336 3317 3384; x_wconf 87' lang='lat' dir='ltr'><strong>esse,</strong></span> <span class='ocrx_word' id='word_1_539' title='bbox 3370 3337 3537 3390; x_wconf 88' lang='lat' dir='ltr'><strong>quam</strong></span> 
     </span>
    </p>
   </div>
   <div class='ocr_carea' id='block_1_76' title="bbox 1961 3397 3538 3484">
    <p class='ocr_par' dir='ltr' id='par_1_76' title="bbox 1961 3397 3538 3484">
     <span class='ocr_line' id='line_1_76' title="bbox 1961 3397 3538 3484; baseline 0.001 -18"><span class='ocrx_word' id='word_1_540' title='bbox 1961 3397 2057 3482; x_wconf 85' lang='lat' dir='ltr'><strong>per</strong></span> <span class='ocrx_word' id='word_1_541' title='bbox 2087 3428 2254 3465; x_wconf 91' lang='lat' dir='ltr'><strong>unum</strong></span> <span class='ocrx_word' id='word_1_542' title='bbox 2283 3411 2502 3466; x_wconf 83' lang='lat' dir='ltr'><strong>&#39;Chrisli</strong></span> <span class='ocrx_word' id='word_1_543' title='bbox 2535 3412 2826 3466; x_wconf 80' lang='lat' dir='ltr'><strong>adventum</strong></span> <span class='ocrx_word' id='word_1_544' title='bbox 2864 3412 3138 3484; x_wconf 85' lang='lat' dir='ltr'><strong>habitura.</strong></span> <span class='ocrx_word' id='word_1_545' title='bbox 3187 3413 3357 3480; x_wconf 84' lang='lat' dir='ltr'><strong>Quem</strong></span> <span class='ocrx_word' id='word_1_546' title='bbox 3413 3414 3538 3484; x_wconf 88' lang='lat' dir='ltr'><strong>qui-</strong></span> 
     </span>
    </p>
   </div>
   <div class='ocr_carea' id='block_1_77' title="bbox 1960 3503 3534 3565">
    <p class='ocr_par' dir='ltr' id='par_1_77' title="bbox 1960 3503 3534 3565">
     <span class='ocr_line' id='line_1_77' title="bbox 1960 3503 3534 3565; baseline 0.001 -8"><span class='ocrx_word' id='word_1_547' title='bbox 1960 3504 2081 3557; x_wconf 91' lang='lat' dir='ltr'><strong>dem</strong></span> <span class='ocrx_word' id='word_1_548' title='bbox 2139 3504 2318 3558; x_wconf 91' lang='lat' dir='ltr'><strong>locum</strong></span> <span class='ocrx_word' id='word_1_549' title='bbox 2374 3503 2464 3557; x_wconf 91' lang='lat' dir='ltr'><strong>ubi</strong></span> <span class='ocrx_word' id='word_1_550' title='bbox 2523 3503 2754 3558; x_wconf 73' lang='lat' dir='ltr'><strong>dicendo</strong></span> <span class='ocrx_word' id='word_1_551' title='bbox 2795 3504 3216 3565; x_wconf 88' lang='lat' dir='ltr'><strong>absolverimus,</strong></span> <span class='ocrx_word' id='word_1_552' title='bbox 3255 3515 3366 3558; x_wconf 90' lang='lat' dir='ltr'><strong>tum</strong></span> <span class='ocrx_word' id='word_1_553' title='bbox 3399 3506 3534 3559; x_wconf 89' lang='lat' dir='ltr'><strong>illud</strong></span> 
     </span>
    </p>
   </div>
   <div class='ocr_carea' id='block_1_78' title="bbox 1961 3590 3535 3663">
    <p class='ocr_par' dir='ltr' id='par_1_78' title="bbox 1961 3590 3535 3663">
     <span class='ocr_line' id='line_1_78' title="bbox 1961 3590 3535 3663; baseline 0.001 -18"><span class='ocrx_word' id='word_1_554' title='bbox 1961 3593 2119 3646; x_wconf 85' lang='lat' dir='ltr'><strong>nobis</strong></span> <span class='ocrx_word' id='word_1_555' title='bbox 2150 3590 2639 3646; x_wconf 89' lang='lat' dir='ltr'><strong>demonstrandum</strong></span> <span class='ocrx_word' id='word_1_556' title='bbox 2681 3593 2804 3654; x_wconf 88' lang='lat' dir='ltr'><strong>erit,</strong></span> <span class='ocrx_word' id='word_1_557' title='bbox 2840 3608 2946 3646; x_wconf 89' lang='lat' dir='ltr'><strong>non</strong></span> <span class='ocrx_word' id='word_1_558' title='bbox 2978 3594 3087 3647; x_wconf 90' lang='lat' dir='ltr'><strong>illis</strong></span> <span class='ocrx_word' id='word_1_559' title='bbox 3122 3595 3317 3663; x_wconf 83' lang='lat' dir='ltr'><strong>magis,</strong></span> <span class='ocrx_word' id='word_1_560' title='bbox 3347 3596 3535 3649; x_wconf 76' lang='lat' dir='ltr'><strong>dicen-</strong></span> 
     </span>
    </p>
   </div>
   <div class='ocr_carea' id='block_1_79' title="bbox 1960 3684 3545 3754">
    <p class='ocr_par' dir='ltr' id='par_1_79' title="bbox 1960 3684 3545 3754">
     <span class='ocr_line' id='line_1_79' title="bbox 1960 3684 3545 3754; baseline 0.002 -16"><span class='ocrx_word' id='word_1_561' title='bbox 1960 3684 2086 3738; x_wconf 89' lang='lat' dir='ltr'><strong>dum</strong></span> <span class='ocrx_word' id='word_1_562' title='bbox 2118 3684 2754 3754; x_wconf 79' lang='lat' dir='ltr'><strong>esse,exspectationem</strong></span> <span class='ocrx_word' id='word_1_563' title='bbox 2805 3684 3013 3739; x_wconf 89' lang='lat' dir='ltr'><strong>Christi</strong></span> <span class='ocrx_word' id='word_1_564' title='bbox 3069 3684 3160 3739; x_wconf 86' lang='lat' dir='ltr'><strong>Dei</strong></span> <span class='ocrx_word' id='word_1_565' title='bbox 3215 3686 3545 3752; x_wconf 29' lang='lat' dir='ltr'><strong>conveniret</strong></span> 
     </span>
    </p>
   </div>
   <div class='ocr_carea' id='block_1_80' title="bbox 1958 3767 3545 3847">
    <p class='ocr_par' dir='ltr' id='par_1_80' title="bbox 1958 3767 3545 3847">
     <span class='ocr_line' id='line_1_80' title="bbox 1958 3767 3545 3847; baseline 0.003 -19"><span class='ocrx_word' id='word_1_566' title='bbox 1958 3792 2122 3846; x_wconf 89' lang='lat' dir='ltr'><strong>quam</strong></span> <span class='ocrx_word' id='word_1_567' title='bbox 2175 3777 2358 3830; x_wconf 91' lang='lat' dir='ltr'><strong>nobis.</strong></span> <span class='ocrx_word' id='word_1_568' title='bbox 2407 3774 2509 3830; x_wconf 88' lang='lat' dir='ltr'><strong>Ubi</strong></span> <span class='ocrx_word' id='word_1_569' title='bbox 2554 3792 2683 3830; x_wconf 85' lang='lat' dir='ltr'><strong>vero</strong></span> <span class='ocrx_word' id='word_1_570' title='bbox 2735 3793 2860 3846; x_wconf 86' lang='lat' dir='ltr'><strong>spes</strong></span> <span class='ocrx_word' id='word_1_571' title='bbox 2913 3777 3333 3846; x_wconf 86' lang='lat' dir='ltr'><strong>promissorum,</strong></span> <span class='ocrx_word' id='word_1_572' title='bbox 3387 3767 3545 3847; x_wconf 22' lang='lat' dir='ltr'><strong>paris.</strong></span> 
     </span>
    </p>
   </div>
   <div class='ocr_carea' id='block_1_81' title="bbox 1959 3866 3536 3940">
    <p class='ocr_par' dir='ltr' id='par_1_81' title="bbox 1959 3866 3536 3940">
     <span class='ocr_line' id='line_1_81' title="bbox 1959 3866 3536 3940; baseline 0.001 -19"><span class='ocrx_word' id='word_1_573' title='bbox 1959 3869 2217 3922; x_wconf 89' lang='lat' dir='ltr'><strong>momenti</strong></span> <span class='ocrx_word' id='word_1_574' title='bbox 2249 3875 2302 3922; x_wconf 91' lang='lat' dir='ltr'><strong>et</strong></span> <span class='ocrx_word' id='word_1_575' title='bbox 2332 3867 2534 3922; x_wconf 66' lang='lat' dir='ltr'><strong>Judmis</strong></span> <span class='ocrx_word' id='word_1_576' title='bbox 2566 3877 2620 3923; x_wconf 91' lang='lat' dir='ltr'><strong>et</strong></span> <span class='ocrx_word' id='word_1_577' title='bbox 2651 3866 2857 3922; x_wconf 67' lang='lat' dir='ltr'><strong>Graecis</strong></span> <span class='ocrx_word' id='word_1_578' title='bbox 2887 3878 3111 3923; x_wconf 82' lang='lat' dir='ltr'><strong>ostensa</strong></span> <span class='ocrx_word' id='word_1_579' title='bbox 3151 3869 3336 3931; x_wconf 82' lang='lat' dir='ltr'><strong>fuerit,</strong></span> <span class='ocrx_word' id='word_1_580' title='bbox 3367 3872 3536 3940; x_wconf 85' lang='lat' dir='ltr'><strong>quod-</strong></span> 
     </span>
    </p>
   </div>
   <div class='ocr_carea' id='block_1_82' title="bbox 1958 3960 3532 4030">
    <p class='ocr_par' dir='ltr' id='par_1_82' title="bbox 1958 3960 3532 4030">
     <span class='ocr_line' id='line_1_82' title="bbox 1958 3960 3532 4030; baseline 0.003 -19"><span class='ocrx_word' id='word_1_581' title='bbox 1958 3975 2064 4029; x_wconf 87' lang='lat' dir='ltr'><strong>que</strong></span> <span class='ocrx_word' id='word_1_582' title='bbox 2095 3960 2148 4013; x_wconf 92' lang='lat' dir='ltr'><strong>in</strong></span> <span class='ocrx_word' id='word_1_583' title='bbox 2193 3960 2317 4022; x_wconf 91' lang='lat' dir='ltr'><strong>hoc,</strong></span> <span class='ocrx_word' id='word_1_584' title='bbox 2353 3960 2419 4014; x_wconf 93' lang='lat' dir='ltr'><strong>iis</strong></span> <span class='ocrx_word' id='word_1_585' title='bbox 2466 3965 2561 4030; x_wconf 86' lang='lat' dir='ltr'><strong>qui</strong></span> <span class='ocrx_word' id='word_1_586' title='bbox 2612 3976 2678 4014; x_wconf 82' lang='lat' dir='ltr'><strong>ex</strong></span> <span class='ocrx_word' id='word_1_587' title='bbox 2730 3960 3168 4016; x_wconf 89' lang='lat' dir='ltr'><strong>Circumcisione</strong></span> <span class='ocrx_word' id='word_1_588' title='bbox 3214 3963 3532 4016; x_wconf 83' lang='lat' dir='ltr'><strong>assumendi</strong></span> 
     </span>
    </p>
   </div>
   <div class='ocr_carea' id='block_1_83' title="bbox 1958 4051 3546 4124">
    <p class='ocr_par' dir='ltr' id='par_1_83' title="bbox 1958 4051 3546 4124">
     <span class='ocr_line' id='line_1_83' title="bbox 1958 4051 3546 4124; baseline 0.001 -19"><span class='ocrx_word' id='word_1_589' title='bbox 1958 4051 2089 4110; x_wconf 83' lang='lat' dir='ltr'><strong>sint,</strong></span> <span class='ocrx_word' id='word_1_590' title='bbox 2125 4052 2259 4105; x_wconf 92' lang='lat' dir='ltr'><strong>nihil</strong></span> <span class='ocrx_word' id='word_1_591' title='bbox 2292 4052 2326 4105; x_wconf 92' lang='lat' dir='ltr'><strong>ii</strong></span> <span class='ocrx_word' id='word_1_592' title='bbox 2360 4053 2452 4121; x_wconf 83' lang='lat' dir='ltr'><strong>qui</strong></span> <span class='ocrx_word' id='word_1_593' title='bbox 2489 4068 2552 4105; x_wconf 83' lang='lat' dir='ltr'><strong>ex</strong></span> <span class='ocrx_word' id='word_1_594' title='bbox 2597 4051 2850 4122; x_wconf 79' lang='lat' dir='ltr'><strong>gentibus</strong></span> <span class='ocrx_word' id='word_1_595' title='bbox 2897 4053 3127 4107; x_wconf 90' lang='lat' dir='ltr'><strong>salutem</strong></span> <span class='ocrx_word' id='word_1_596' title='bbox 3184 4063 3546 4124; x_wconf 29' lang='lat' dir='ltr'><strong>exspectant,</strong></span> 
     </span>
    </p>
   </div>
   <div class='ocr_carea' id='block_1_84' title="bbox 1958 4141 3534 4217">
    <p class='ocr_par' dir='ltr' id='par_1_84' title="bbox 1958 4141 3534 4217">
     <span class='ocr_line' id='line_1_84' title="bbox 1958 4141 3534 4217; baseline 0.004 -21"><span class='ocrx_word' id='word_1_597' title='bbox 1958 4141 2070 4196; x_wconf 89' lang='lat' dir='ltr'><strong>sint</strong></span> <span class='ocrx_word' id='word_1_598' title='bbox 2107 4144 2425 4197; x_wconf 89' lang='lat' dir='ltr'><strong>concessuri</strong></span> <span class='ocrx_word' id='word_1_599' title='bbox 2461 4163 2474 4198; x_wconf 91' lang='lat'>:</span> <span class='ocrx_word' id='word_1_600' title='bbox 2511 4150 2622 4196; x_wconf 91' lang='lat' dir='ltr'><strong>tum</strong></span> <span class='ocrx_word' id='word_1_601' title='bbox 2670 4144 2724 4197; x_wconf 93' lang='lat' dir='ltr'><strong>in</strong></span> <span class='ocrx_word' id='word_1_602' title='bbox 2776 4144 2862 4205; x_wconf 86' lang='lat' dir='ltr'><strong>iis,</strong></span> <span class='ocrx_word' id='word_1_603' title='bbox 2911 4160 3030 4214; x_wconf 65' lang='lat' dir='ltr'><strong>qua:</strong></span> <span class='ocrx_word' id='word_1_604' title='bbox 3061 4156 3358 4217; x_wconf 90' lang='lat' dir='ltr'><strong>sequentur</strong></span> <span class='ocrx_word' id='word_1_605' title='bbox 3401 4147 3534 4201; x_wconf 90' lang='lat' dir='ltr'><strong>ube-</strong></span> 
     </span>
    </p>
   </div>
   <div class='ocr_carea' id='block_1_85' title="bbox 1956 4234 3542 4310">
    <p class='ocr_par' dir='ltr' id='par_1_85' title="bbox 1956 4234 3542 4310">
     <span class='ocr_line' id='line_1_85' title="bbox 1956 4234 3542 4310; baseline 0.003 -23"><span class='ocrx_word' id='word_1_606' title='bbox 1956 4234 2095 4298; x_wconf 88' lang='lat' dir='ltr'><strong>rius,</strong></span> <span class='ocrx_word' id='word_1_607' title='bbox 2128 4241 2183 4288; x_wconf 92' lang='lat' dir='ltr'><strong>et</strong></span> <span class='ocrx_word' id='word_1_608' title='bbox 2211 4235 2368 4302; x_wconf 90' lang='lat' dir='ltr'><strong>quasi</strong></span> <span class='ocrx_word' id='word_1_609' title='bbox 2398 4236 2552 4304; x_wconf 88' lang='lat' dir='ltr'><strong>copia</strong></span> <span class='ocrx_word' id='word_1_610' title='bbox 2591 4237 2825 4306; x_wconf 91' lang='lat' dir='ltr'><strong>quadam</strong></span> <span class='ocrx_word' id='word_1_611' title='bbox 2859 4237 3097 4307; x_wconf 86' lang='lat' dir='ltr'><strong>provecti</strong></span> <span class='ocrx_word' id='word_1_612' title='bbox 3126 4237 3542 4310; x_wconf 87' lang='lat' dir='ltr'><strong>demonstrabi-_</strong></span> 
     </span>
    </p>
   </div>
   <div class='ocr_carea' id='block_1_86' title="bbox 1956 4327 3532 4400">
    <p class='ocr_par' dir='ltr' id='par_1_86' title="bbox 1956 4327 3532 4400">
     <span class='ocr_line' id='line_1_86' title="bbox 1956 4327 3532 4400; baseline 0.001 -20"><span class='ocrx_word' id='word_1_613' title='bbox 1956 4342 2098 4388; x_wconf 88' lang='lat' dir='ltr'><strong>mus,</strong></span> <span class='ocrx_word' id='word_1_614' title='bbox 2123 4327 2579 4397; x_wconf 90' lang='lat' dir='ltr'><strong>quemadmodum</strong></span> <span class='ocrx_word' id='word_1_615' title='bbox 2612 4328 2666 4380; x_wconf 93' lang='lat' dir='ltr'><strong>iu</strong></span> <span class='ocrx_word' id='word_1_616' title='bbox 2705 4329 2937 4382; x_wconf 89' lang='lat' dir='ltr'><strong>adventu</strong></span> <span class='ocrx_word' id='word_1_617' title='bbox 2990 4329 3218 4392; x_wconf 88' lang='lat' dir='ltr'><strong>Christi,</strong></span> <span class='ocrx_word' id='word_1_618' title='bbox 3265 4332 3532 4400; x_wconf 89' lang='lat' dir='ltr'><strong>gentium-</strong></span> 
     </span>
    </p>
   </div>
   <div class='ocr_carea' id='block_1_87' title="bbox 1957 4416 3529 4488">
    <p class='ocr_par' dir='ltr' id='par_1_87' title="bbox 1957 4416 3529 4488">
     <span class='ocr_line' id='line_1_87' title="bbox 1957 4416 3529 4488; baseline 0.003 -20"><span class='ocrx_word' id='word_1_619' title='bbox 1957 4427 2063 4485; x_wconf 90' lang='lat' dir='ltr'><strong>que</strong></span> <span class='ocrx_word' id='word_1_620' title='bbox 2111 4416 2418 4480; x_wconf 81' lang='lat' dir='ltr'><strong>vocatione,</strong></span> <span class='ocrx_word' id='word_1_621' title='bbox 2472 4432 2726 4472; x_wconf 89' lang='lat' dir='ltr'><strong>casuram</strong></span> <span class='ocrx_word' id='word_1_622' title='bbox 2797 4419 3014 4487; x_wconf 91' lang='lat' dir='ltr'><strong>penitus</strong></span> <span class='ocrx_word' id='word_1_623' title='bbox 3055 4426 3334 4488; x_wconf 89' lang='lat' dir='ltr'><strong>totamque</strong></span> <span class='ocrx_word' id='word_1_624' title='bbox 3390 4419 3529 4488; x_wconf 90' lang='lat' dir='ltr'><strong>abji-</strong></span> 
     </span>
    </p>
   </div>
   <div class='ocr_carea' id='block_1_88' title="bbox 275 4502 1861 4581">
    <p class='ocr_par' dir='ltr' id='par_1_88' title="bbox 275 4502 1856 4578">
     <span class='ocr_line' id='line_1_88' title="bbox 275 4502 1856 4578; baseline -0.004 -16"><span class='ocrx_word' id='word_1_625' title='bbox 275 4508 460 4561; x_wconf 84' lang='grc' dir='ltr'>αύτῶν</span> <span class='ocrx_word' id='word_1_626' title='bbox 484 4509 517 4578; x_wconf 81' lang='grc' dir='ltr'><strong>η</strong></span> <span class='ocrx_word' id='word_1_627' title='bbox 547 4508 700 4569; x_wconf 80' lang='grc' dir='ltr'>πόλις</span> <span class='ocrx_word' id='word_1_628' title='bbox 729 4505 875 4576; x_wconf 77' lang='grc' dir='ltr'>αὐτῷ</span> <span class='ocrx_word' id='word_1_629' title='bbox 898 4505 1057 4578; x_wconf 77' lang='grc' dir='ltr'>ἱερῷ·</span> <span class='ocrx_word' id='word_1_630' title='bbox 1090 4508 1263 4559; x_wconf 88' lang='grc' dir='ltr'>πάντα</span> <span class='ocrx_word' id='word_1_631' title='bbox 1289 4522 1348 4556; x_wconf 84' lang='grc' dir='ltr'><strong>τε</strong></span> <span class='ocrx_word' id='word_1_632' title='bbox 1377 4504 1445 4557; x_wconf 74' lang='grc' dir='ltr'><strong>τὰ</strong></span> <span class='ocrx_word' id='word_1_633' title='bbox 1477 4505 1648 4576; x_wconf 88' lang='grc' dir='ltr'>σεμνά</span> <span class='ocrx_word' id='word_1_634' title='bbox 1672 4502 1856 4557; x_wconf 84' lang='grc' dir='ltr'>καθαι-</span> 
     </span>
    </p>
   </div>
   <div class='ocr_carea' id='block_1_89' title="bbox 1964 4502 3529 4581">
    <p class='ocr_par' dir='ltr' id='par_1_89' title="bbox 1964 4507 3529 4578">
     <span class='ocr_line' id='line_1_89' title="bbox 1964 4507 3529 4578; baseline 0 -14"><span class='ocrx_word' id='word_1_635' title='bbox 1964 4509 2202 4564; x_wconf 87' lang='lat' dir='ltr'><strong>ciendam</strong></span> <span class='ocrx_word' id='word_1_636' title='bbox 2225 4523 2346 4563; x_wconf 84' lang='lat' dir='ltr'><strong>esse</strong></span> <span class='ocrx_word' id='word_1_637' title='bbox 2361 4507 2673 4562; x_wconf 67' lang='lat' dir='ltr'><strong>Judaeorum</strong></span> <span class='ocrx_word' id='word_1_638' title='bbox 2699 4511 2996 4570; x_wconf 85' lang='lat' dir='ltr'><strong>nationem,</strong></span> <span class='ocrx_word' id='word_1_639' title='bbox 3018 4509 3202 4562; x_wconf 85' lang='lat' dir='ltr'><strong>divina</strong></span> <span class='ocrx_word' id='word_1_640' title='bbox 3226 4507 3529 4578; x_wconf 68' lang='lat' dir='ltr'><strong>praedicunt</strong></span> 
     </span>
    </p>
   </div>
   <div class='ocr_carea' id='block_1_90' title="bbox 269 4595 1856 4672">
    <p class='ocr_par' dir='ltr' id='par_1_90' title="bbox 269 4595 1856 4672">
     <span class='ocr_line' id='line_1_90' title="bbox 269 4595 1856 4672; baseline -0.004 -19"><span class='ocrx_word' id='word_1_641' title='bbox 269 4599 610 4672; x_wconf 72' lang='grc' dir='ltr'>ρεθῆσεσθαι</span> <span class='ocrx_word' id='word_1_642' title='bbox 648 4599 925 4669; x_wconf 81' lang='grc' dir='ltr'>δηλοῦντα,</span> <span class='ocrx_word' id='word_1_643' title='bbox 965 4597 1000 4652; x_wconf 75' lang='grc' dir='ltr'><strong>ἃ.</strong></span> <span class='ocrx_word' id='word_1_644' title='bbox 1035 4599 1126 4652; x_wconf 73' lang='grc' dir='ltr'>καὶ</span> <span class='ocrx_word' id='word_1_645' title='bbox 1169 4597 1348 4667; x_wconf 75' lang='grc' dir='ltr'>ἔργοις</span> <span class='ocrx_word' id='word_1_646' title='bbox 1391 4597 1597 4668; x_wconf 85' lang='grc' dir='ltr'>πέφηνε</span> <span class='ocrx_word' id='word_1_647' title='bbox 1625 4595 1856 4667; x_wconf 86' lang='grc' dir='ltr'>δεδηλω-</span> 
     </span>
    </p>
   </div>
   <div class='ocr_carea' id='block_1_91' title="bbox 275 4687 1853 4764">
    <p class='ocr_par' dir='ltr' id='par_1_91' title="bbox 275 4687 1853 4764">
     <span class='ocr_line' id='line_1_91' title="bbox 275 4687 1853 4764; baseline -0.004 -18"><span class='ocrx_word' id='word_1_648' title='bbox 275 4693 439 4764; x_wconf 80' lang='grc' dir='ltr'>μένα.</span> <span class='ocrx_word' id='word_1_649' title='bbox 469 4692 596 4755; x_wconf 87' lang='grc' dir='ltr'>Πῶς</span> <span class='ocrx_word' id='word_1_650' title='bbox 631 4691 674 4744; x_wconf 77' lang='grc' dir='ltr'>δ’</span> <span class='ocrx_word' id='word_1_651' title='bbox 707 4692 794 4761; x_wconf 81' lang='grc' dir='ltr'>ὑφ’</span> <span class='ocrx_word' id='word_1_652' title='bbox 827 4692 882 4744; x_wconf 81' lang='grc' dir='ltr'>ἐν</span> <span class='ocrx_word' id='word_1_653' title='bbox 917 4691 1009 4744; x_wconf 76' lang='grc' dir='ltr'>καὶ</span> <span class='ocrx_word' id='word_1_654' title='bbox 1053 4690 1196 4743; x_wconf 85' lang='grc' dir='ltr'><strong>κατά</strong></span> <span class='ocrx_word' id='word_1_655' title='bbox 1225 4689 1286 4742; x_wconf 86' lang='grc' dir='ltr'><strong>τό</strong></span> <span class='ocrx_word' id='word_1_656' title='bbox 1331 4689 1460 4742; x_wconf 78' lang='grc' dir='ltr'>αὐτὸ</span> <span class='ocrx_word' id='word_1_657' title='bbox 1495 4690 1585 4742; x_wconf 81' lang='grc' dir='ltr'>ἐπὶ</span> <span class='ocrx_word' id='word_1_658' title='bbox 1617 4688 1716 4758; x_wconf 83' lang='grc' dir='ltr'>τῆς</span> <span class='ocrx_word' id='word_1_659' title='bbox 1761 4687 1853 4741; x_wconf 88' lang='grc' dir='ltr'><strong>τοῦ</strong></span> 
     </span>
    </p>
   </div>
   <div class='ocr_carea' id='block_1_92' title="bbox 272 4780 1854 4858">
    <p class='ocr_par' dir='ltr' id='par_1_92' title="bbox 272 4780 1854 4858">
     <span class='ocr_line' id='line_1_92' title="bbox 272 4780 1854 4858; baseline -0.005 -18"><span class='ocrx_word' id='word_1_660' title='bbox 272 4784 516 4858; x_wconf 76' lang='grc' dir='ltr'>Χριστοῦ</span> <span class='ocrx_word' id='word_1_661' title='bbox 550 4784 846 4854; x_wconf 88' lang='grc' dir='ltr'>παρουσίας</span> <span class='ocrx_word' id='word_1_662' title='bbox 874 4783 1139 4854; x_wconf 84' lang='grc' dir='ltr'>λύτρωσιν</span> <span class='ocrx_word' id='word_1_663' title='bbox 1175 4780 1358 4835; x_wconf 89' lang='grc' dir='ltr'>κακῶν</span> <span class='ocrx_word' id='word_1_664' title='bbox 1381 4781 1458 4851; x_wconf 85' lang='grc' dir='ltr'>τῷ</span> <span class='ocrx_word' id='word_1_665' title='bbox 1497 4781 1731 4852; x_wconf 72' lang='grc' dir='ltr'>Ἰσραὴλ,</span> <span class='ocrx_word' id='word_1_666' title='bbox 1762 4780 1854 4833; x_wconf 76' lang='grc' dir='ltr'>καὶ</span> 
     </span>
    </p>
   </div>
   <div class='ocr_carea' id='block_1_93' title="bbox 272 4875 1854 4949">
    <p class='ocr_par' dir='ltr' id='par_1_93' title="bbox 272 4875 1854 4949">
     <span class='ocr_line' id='line_1_93' title="bbox 272 4875 1854 4949; baseline -0.004 -15"><span class='ocrx_word' id='word_1_667' title='bbox 272 4879 500 4949; x_wconf 80' lang='grc' dir='ltr'>ἀγαθῶν</span> <span class='ocrx_word' id='word_1_668' title='bbox 531 4878 845 4939; x_wconf 84' lang='grc' dir='ltr'>ἀπόλαυσιν,</span> <span class='ocrx_word' id='word_1_669' title='bbox 875 4877 1107 4948; x_wconf 77' lang='grc' dir='ltr'>ἔμπαλίν</span> <span class='ocrx_word' id='word_1_670' title='bbox 1132 4893 1189 4930; x_wconf 90' lang='grc' dir='ltr'><strong>τε</strong></span> <span class='ocrx_word' id='word_1_671' title='bbox 1218 4876 1469 4947; x_wconf 80' lang='grc' dir='ltr'>στέρησιν</span> <span class='ocrx_word' id='word_1_672' title='bbox 1497 4875 1734 4944; x_wconf 85' lang='grc' dir='ltr'>ἀγαθῶν,</span> <span class='ocrx_word' id='word_1_673' title='bbox 1759 4875 1854 4929; x_wconf 82' lang='grc' dir='ltr'>καὶ</span> 
     </span>
    </p>
   </div>
   <div class='ocr_carea' id='block_1_94' title="bbox 273 4966 1852 5038">
    <p class='ocr_par' dir='ltr' id='par_1_94' title="bbox 273 4966 1852 5038">
     <span class='ocr_line' id='line_1_94' title="bbox 273 4966 1852 5038; baseline -0.002 -15"><span class='ocrx_word' id='word_1_674' title='bbox 273 4972 597 5024; x_wconf 88' lang='grc' dir='ltr'>ἀπόπτωσιν</span> <span class='ocrx_word' id='word_1_675' title='bbox 642 4969 740 5038; x_wconf 79' lang='grc' dir='ltr'>τῆς</span> <span class='ocrx_word' id='word_1_676' title='bbox 789 4969 881 5022; x_wconf 85' lang='grc' dir='ltr'><strong>τοῦ</strong></span> <span class='ocrx_word' id='word_1_677' title='bbox 915 4968 1049 5022; x_wconf 87' lang='grc' dir='ltr'>Θεοῦ</span> <span class='ocrx_word' id='word_1_678' title='bbox 1101 4966 1378 5030; x_wconf 75' lang='grc' dir='ltr'>εὐσεϐείας</span> <span class='ocrx_word' id='word_1_679' title='bbox 1415 4967 1758 5032; x_wconf 76' lang='grc' dir='ltr'>θεσπίζουσιν</span> <span class='ocrx_word' id='word_1_680' title='bbox 1803 4969 1852 5020; x_wconf 82' lang='grc' dir='ltr'>οἱ</span> 
     </span>
    </p>
   </div>
   <div class='ocr_carea' id='block_1_95' title="bbox 275 5060 1853 5136">
    <p class='ocr_par' dir='ltr' id='par_1_95' title="bbox 275 5060 1853 5136">
     <span class='ocr_line' id='line_1_95' title="bbox 275 5060 1853 5136; baseline -0.003 -20"><span class='ocrx_word' id='word_1_681' title='bbox 275 5065 414 5134; x_wconf 64' lang='lat' dir='ltr'><strong>[apol</strong></span> <span class='ocrx_word' id='word_1_682' title='bbox 440 5063 612 5130; x_wconf 82' lang='grc' dir='ltr'>λόγοι,</span> <span class='ocrx_word' id='word_1_683' title='bbox 640 5062 778 5115; x_wconf 84' lang='grc' dir='ltr'><strong>κατά</strong></span> <span class='ocrx_word' id='word_1_684' title='bbox 809 5061 898 5114; x_wconf 74' lang='grc' dir='ltr'><strong>τὸν</strong></span> <span class='ocrx_word' id='word_1_685' title='bbox 945 5063 1284 5136; x_wconf 83' lang='grc' dir='ltr'>προσήκοντα</span> <span class='ocrx_word' id='word_1_686' title='bbox 1319 5060 1508 5132; x_wconf 75' lang='grc' dir='ltr'>καιρὸν</span> <span class='ocrx_word' id='word_1_687' title='bbox 1550 5060 1853 5132; x_wconf 80' lang='grc' dir='ltr'>διευκρινή-</span> 
     </span>
    </p>
   </div>
   <div class='ocr_carea' id='block_1_96' title="bbox 277 5151 1850 5226">
    <p class='ocr_par' dir='ltr' id='par_1_96' title="bbox 277 5151 1850 5226">
     <span class='ocr_line' id='line_1_96' title="bbox 277 5151 1850 5226; baseline -0.002 -19"><span class='ocrx_word' id='word_1_688' title='bbox 277 5171 464 5226; x_wconf 87' lang='grc' dir='ltr'>σομεν.</span> <span class='ocrx_word' id='word_1_689' title='bbox 505 5152 656 5216; x_wconf 83' lang='grc' dir='ltr'>Τέως</span> <span class='ocrx_word' id='word_1_690' title='bbox 693 5151 746 5205; x_wconf 81' lang='grc' dir='ltr'>δὲ</span> <span class='ocrx_word' id='word_1_691' title='bbox 771 5152 1013 5222; x_wconf 80' lang='grc' dir='ltr'>ἐπίωμεν</span> <span class='ocrx_word' id='word_1_692' title='bbox 1059 5153 1152 5204; x_wconf 70' lang='grc' dir='ltr'>ἐπὶ</span> <span class='ocrx_word' id='word_1_693' title='bbox 1177 5152 1238 5204; x_wconf 76' lang='grc' dir='ltr'><strong>τὸ</strong></span> <span class='ocrx_word' id='word_1_694' title='bbox 1285 5151 1518 5224; x_wconf 90' lang='grc' dir='ltr'>πρῶτον,</span> <span class='ocrx_word' id='word_1_695' title='bbox 1544 5152 1695 5219; x_wconf 77' lang='grc' dir='ltr'>ὀλίγα</span> <span class='ocrx_word' id='word_1_696' title='bbox 1729 5152 1850 5205; x_wconf 72' lang='grc' dir='ltr'>τινὰ</span> 
     </span>
    </p>
   </div>
   <div class='ocr_carea' id='block_1_97' title="bbox 276 5243 1852 5315">
    <p class='ocr_par' dir='ltr' id='par_1_97' title="bbox 276 5243 1852 5315">
     <span class='ocr_line' id='line_1_97' title="bbox 276 5243 1852 5315; baseline -0.003 -16"><span class='ocrx_word' id='word_1_697' title='bbox 276 5249 354 5310; x_wconf 84' lang='grc' dir='ltr'><strong>εἰς</strong></span> <span class='ocrx_word' id='word_1_698' title='bbox 390 5244 669 5308; x_wconf 84' lang='grc' dir='ltr'>ἀπόδειξιν</span> <span class='ocrx_word' id='word_1_699' title='bbox 703 5245 809 5297; x_wconf 89' lang='grc' dir='ltr'><strong>τῶν</strong></span> <span class='ocrx_word' id='word_1_700' title='bbox 846 5244 1148 5315; x_wconf 73' lang='grc' dir='ltr'>εἰρημένων</span> <span class='ocrx_word' id='word_1_701' title='bbox 1177 5243 1283 5295; x_wconf 76' lang='grc' dir='ltr'><strong>ἀπὸ</strong></span> <span class='ocrx_word' id='word_1_702' title='bbox 1321 5243 1526 5314; x_wconf 85' lang='grc' dir='ltr'>μυρίων</span> <span class='ocrx_word' id='word_1_703' title='bbox 1550 5243 1688 5295; x_wconf 85' lang='grc' dir='ltr'>ὅσων</span> <span class='ocrx_word' id='word_1_704' title='bbox 1720 5259 1852 5314; x_wconf 85' lang='grc' dir='ltr'>προ-</span> 
     </span>
    </p>
   </div>
   <div class='ocr_carea' id='block_1_98' title="bbox 276 5335 1853 5412">
    <p class='ocr_par' dir='ltr' id='par_1_98' title="bbox 276 5335 1853 5412">
     <span class='ocr_line' id='line_1_98' title="bbox 276 5335 1853 5412; baseline -0.004 -18"><span class='ocrx_word' id='word_1_705' title='bbox 276 5338 516 5412; x_wconf 77' lang='grc' dir='ltr'>φητειῶν</span> <span class='ocrx_word' id='word_1_706' title='bbox 549 5336 956 5407; x_wconf 76' lang='grc' dir='ltr'>ἀναλεξάμενοι.</span> <span class='ocrx_word' id='word_1_707' title='bbox 995 5337 1146 5389; x_wconf 76' lang='grc' dir='ltr'><strong>Ἐπεὶ</strong></span> <span class='ocrx_word' id='word_1_708' title='bbox 1181 5335 1357 5388; x_wconf 91' lang='grc' dir='ltr'>τοίνυν</span> <span class='ocrx_word' id='word_1_709' title='bbox 1387 5335 1535 5388; x_wconf 77' lang='grc' dir='ltr'>αὐτοὶ</span> <span class='ocrx_word' id='word_1_710' title='bbox 1566 5335 1691 5406; x_wconf 70' lang='grc' dir='ltr'>περὶ</span> <span class='ocrx_word' id='word_1_711' title='bbox 1728 5337 1853 5389; x_wconf 83' lang='grc' dir='ltr'>ἐαυ-</span> 
     </span>
    </p>
   </div>
   <div class='ocr_carea' id='block_1_99' title="bbox 275 5427 1850 5503">
    <p class='ocr_par' dir='ltr' id='par_1_99' title="bbox 275 5427 1850 5503">
     <span class='ocr_line' id='line_1_99' title="bbox 275 5427 1850 5503; baseline -0.004 -17"><span class='ocrx_word' id='word_1_712' title='bbox 275 5433 382 5486; x_wconf 88' lang='grc' dir='ltr'><strong>τῶν</strong></span> <span class='ocrx_word' id='word_1_713' title='bbox 444 5430 816 5503; x_wconf 80' lang='grc' dir='ltr'>χρηστοτέρας</span> <span class='ocrx_word' id='word_1_714' title='bbox 880 5429 1214 5500; x_wconf 57' lang='grc' dir='ltr'>προφητείας</span> <span class='ocrx_word' id='word_1_715' title='bbox 1272 5427 1666 5499; x_wconf 76' lang='grc' dir='ltr'>προϐάλλεσθαι</span> <span class='ocrx_word' id='word_1_716' title='bbox 1719 5430 1850 5500; x_wconf 82' lang='grc' dir='ltr'>ἡμῖν</span> 
     </span>
    </p>
   </div>
   <div class='ocr_carea' id='block_1_100' title="bbox 277 5517 1850 5590">
    <p class='ocr_par' dir='ltr' id='par_1_100' title="bbox 277 5517 1850 5590">
     <span class='ocr_line' id='line_1_100' title="bbox 277 5517 1850 5590; baseline -0.003 -15"><span class='ocrx_word' id='word_1_717' title='bbox 277 5521 567 5583; x_wconf 77' lang='grc' dir='ltr'>εἰώθασιν,</span> <span class='ocrx_word' id='word_1_718' title='bbox 617 5519 764 5571; x_wconf 81' lang='grc' dir='ltr'>ὡσάν</span> <span class='ocrx_word' id='word_1_719' title='bbox 818 5519 999 5581; x_wconf 82' lang='grc' dir='ltr'>αὐτοῖς</span> <span class='ocrx_word' id='word_1_720' title='bbox 1065 5517 1244 5587; x_wconf 87' lang='grc' dir='ltr'>μόνοις</span> <span class='ocrx_word' id='word_1_721' title='bbox 1299 5518 1688 5590; x_wconf 79' lang='grc' dir='ltr'>ὑπεσχημένων</span> <span class='ocrx_word' id='word_1_722' title='bbox 1741 5519 1850 5571; x_wconf 89' lang='grc' dir='ltr'><strong>τῶν</strong></span> 
     </span>
    </p>
   </div>
   <div class='ocr_carea' id='block_1_101' title="bbox 278 5609 1850 5686">
    <p class='ocr_par' dir='ltr' id='par_1_101' title="bbox 278 5609 1850 5686">
     <span class='ocr_line' id='line_1_101' title="bbox 278 5609 1850 5686; baseline -0.002 -20"><span class='ocrx_word' id='word_1_723' title='bbox 278 5610 776 5686; x_wconf 82' lang='grc' dir='ltr'>προῦπηργμένων.</span> <span class='ocrx_word' id='word_1_724' title='bbox 804 5609 922 5680; x_wconf 85' lang='grc' dir='ltr'><strong>ῶρα</strong></span> <span class='ocrx_word' id='word_1_725' title='bbox 946 5611 1038 5662; x_wconf 77' lang='grc' dir='ltr'>καὶ</span> <span class='ocrx_word' id='word_1_726' title='bbox 1072 5611 1218 5681; x_wconf 76' lang='grc' dir='ltr'>ἡμᾶς</span> <span class='ocrx_word' id='word_1_727' title='bbox 1249 5611 1730 5681; x_wconf 82' lang='grc' dir='ltr'>ἀντιπαραγαγείν,</span> <span class='ocrx_word' id='word_1_728' title='bbox 1757 5611 1850 5663; x_wconf 80' lang='grc' dir='ltr'><strong>καὶ</strong></span> 
     </span>
    </p>
   </div>
   <div class='ocr_carea' id='block_1_102' title="bbox 279 5702 1846 5775">
    <p class='ocr_par' dir='ltr' id='par_1_102' title="bbox 279 5702 1846 5775">
     <span class='ocr_line' id='line_1_102' title="bbox 279 5702 1846 5775; baseline -0.004 -13"><span class='ocrx_word' id='word_1_729' title='bbox 279 5708 572 5762; x_wconf 81' lang='grc' dir='ltr'>ἀντιθεῖναι</span> <span class='ocrx_word' id='word_1_730' title='bbox 603 5705 785 5766; x_wconf 80' lang='grc' dir='ltr'>αὐτοῖς</span> <span class='ocrx_word' id='word_1_731' title='bbox 824 5703 920 5768; x_wconf 78' lang='grc' dir='ltr'><strong>τὰς</strong></span> <span class='ocrx_word' id='word_1_732' title='bbox 955 5704 1081 5775; x_wconf 73' lang='grc' dir='ltr'>περὶ</span> <span class='ocrx_word' id='word_1_733' title='bbox 1125 5703 1232 5758; x_wconf 88' lang='grc' dir='ltr'><strong>τῶν</strong></span> <span class='ocrx_word' id='word_1_734' title='bbox 1286 5704 1454 5757; x_wconf 90' lang='grc' dir='ltr'>ἐθνῶν</span> <span class='ocrx_word' id='word_1_735' title='bbox 1498 5702 1846 5771; x_wconf 84' lang='grc' dir='ltr'>ἐπαγγελίας,</span> 
     </span>
    </p>
   </div>
   <div class='ocr_carea' id='block_1_103' title="bbox 280 5792 1739 5868">
    <p class='ocr_par' dir='ltr' id='par_1_103' title="bbox 280 5792 1739 5868">
     <span class='ocr_line' id='line_1_103' title="bbox 280 5792 1739 5868; baseline -0.003 -15"><span class='ocrx_word' id='word_1_736' title='bbox 280 5792 379 5854; x_wconf 64' lang='grc' dir='ltr'>ὧδέ</span> <span class='ocrx_word' id='word_1_737' title='bbox 408 5816 525 5861; x_wconf 89' lang='grc' dir='ltr'><strong>πως</strong></span> <span class='ocrx_word' id='word_1_738' title='bbox 556 5797 707 5868; x_wconf 86' lang='grc' dir='ltr'><strong>παρά</strong></span> <span class='ocrx_word' id='word_1_739' title='bbox 742 5797 854 5858; x_wconf 78' lang='grc' dir='ltr'>τοῖς</span> <span class='ocrx_word' id='word_1_740' title='bbox 880 5795 1058 5848; x_wconf 82' lang='grc' dir='ltr'>αὐτῶν</span> <span class='ocrx_word' id='word_1_741' title='bbox 1089 5796 1394 5866; x_wconf 81' lang='grc' dir='ltr'>προφήταις</span> <span class='ocrx_word' id='word_1_742' title='bbox 1418 5794 1739 5866; x_wconf 77' lang='grc' dir='ltr'>φερομένας.</span> 
     </span>
    </p>
   </div>
   <div class='ocr_carea' id='block_1_104' title="bbox 1957 4603 3530 4676">
    <p class='ocr_par' dir='ltr' id='par_1_104' title="bbox 1957 4603 3530 4676">
     <span class='ocr_line' id='line_1_104' title="bbox 1957 4603 3530 4676; baseline 0.001 -19"><span class='ocrx_word' id='word_1_743' title='bbox 1957 4603 2178 4658; x_wconf 90' lang='lat' dir='ltr'><strong>oracula</strong></span> <span class='ocrx_word' id='word_1_744' title='bbox 2211 4623 2224 4658; x_wconf 91' lang='lat'><strong>:</strong></span> <span class='ocrx_word' id='word_1_745' title='bbox 2257 4611 2310 4657; x_wconf 88' lang='lat' dir='ltr'><strong>et</strong></span> <span class='ocrx_word' id='word_1_746' title='bbox 2358 4603 2500 4673; x_wconf 91' lang='lat' dir='ltr'><strong>quod</strong></span> <span class='ocrx_word' id='word_1_747' title='bbox 2535 4604 2724 4675; x_wconf 88' lang='lat' dir='ltr'><strong>paucis</strong></span> <span class='ocrx_word' id='word_1_748' title='bbox 2754 4605 3019 4659; x_wconf 83' lang='lat' dir='ltr'><strong>duntaxat</strong></span> <span class='ocrx_word' id='word_1_749' title='bbox 3055 4607 3320 4676; x_wconf 88' lang='lat' dir='ltr'><strong>ipsorum,</strong></span> <span class='ocrx_word' id='word_1_750' title='bbox 3372 4615 3426 4661; x_wconf 89' lang='lat' dir='ltr'><strong>et</strong></span> <span class='ocrx_word' id='word_1_751' title='bbox 3459 4607 3530 4660; x_wconf 79' lang='lat' dir='ltr'><strong>la-</strong></span> 
     </span>
    </p>
   </div>
   <div class='ocr_carea' id='block_1_105' title="bbox 1957 4695 3531 4766">
    <p class='ocr_par' dir='ltr' id='par_1_105' title="bbox 1957 4695 3531 4766">
     <span class='ocr_line' id='line_1_105' title="bbox 1957 4695 3531 4766; baseline 0.001 -17"><span class='ocrx_word' id='word_1_752' title='bbox 1957 4695 2060 4750; x_wconf 91' lang='lat' dir='ltr'><strong>cile</strong></span> <span class='ocrx_word' id='word_1_753' title='bbox 2111 4695 2565 4757; x_wconf 87' lang='lat' dir='ltr'><strong>numerabilibus,</strong></span> <span class='ocrx_word' id='word_1_754' title='bbox 2627 4697 2852 4752; x_wconf 86' lang='lat' dir='ltr'><strong>meliora</strong></span> <span class='ocrx_word' id='word_1_755' title='bbox 2903 4696 2994 4749; x_wconf 91' lang='lat' dir='ltr'><strong>illa</strong></span> <span class='ocrx_word' id='word_1_756' title='bbox 3029 4699 3380 4766; x_wconf 86' lang='lat' dir='ltr'><strong>promittunt,</strong></span> <span class='ocrx_word' id='word_1_757' title='bbox 3415 4699 3531 4752; x_wconf 87' lang='lat' dir='ltr'><strong>illo-</strong></span> 
     </span>
    </p>
   </div>
   <div class='ocr_carea' id='block_1_106' title="bbox 1956 4787 3528 4859">
    <p class='ocr_par' dir='ltr' id='par_1_106' title="bbox 1956 4787 3528 4859">
     <span class='ocr_line' id='line_1_106' title="bbox 1956 4787 3528 4859; baseline 0.004 -20"><span class='ocrx_word' id='word_1_758' title='bbox 1956 4801 2188 4855; x_wconf 90' lang='lat' dir='ltr'><strong>rumque</strong></span> <span class='ocrx_word' id='word_1_759' title='bbox 2237 4788 2428 4842; x_wconf 91' lang='lat' dir='ltr'><strong>urbem</strong></span> <span class='ocrx_word' id='word_1_760' title='bbox 2486 4787 2821 4858; x_wconf 76' lang='lat' dir='ltr'><strong>significant,</strong></span> <span class='ocrx_word' id='word_1_761' title='bbox 2855 4802 2964 4841; x_wconf 89' lang='lat' dir='ltr'><strong>una</strong></span> <span class='ocrx_word' id='word_1_762' title='bbox 2998 4804 3122 4842; x_wconf 91' lang='lat' dir='ltr'><strong>cum</strong></span> <span class='ocrx_word' id='word_1_763' title='bbox 3169 4791 3373 4859; x_wconf 86' lang='lat' dir='ltr'><strong>templo</strong></span> <span class='ocrx_word' id='word_1_764' title='bbox 3405 4806 3528 4845; x_wconf 87' lang='lat' dir='ltr'><strong>esse</strong></span> 
     </span>
    </p>
   </div>
   <div class='ocr_carea' id='block_1_107' title="bbox 1955 4878 3541 4950">
    <p class='ocr_par' dir='ltr' id='par_1_107' title="bbox 1955 4878 3541 4950">
     <span class='ocr_line' id='line_1_107' title="bbox 1955 4878 3541 4950; baseline 0.002 -19"><span class='ocrx_word' id='word_1_765' title='bbox 1955 4878 2298 4947; x_wconf 87' lang='lat' dir='ltr'><strong>capiendam,</strong></span> <span class='ocrx_word' id='word_1_766' title='bbox 2360 4888 2669 4948; x_wconf 89' lang='lat' dir='ltr'><strong>cunctaque</strong></span> <span class='ocrx_word' id='word_1_767' title='bbox 2716 4878 2806 4933; x_wconf 88' lang='lat' dir='ltr'><strong>illa</strong></span> <span class='ocrx_word' id='word_1_768' title='bbox 2860 4881 3185 4935; x_wconf 84' lang='lat' dir='ltr'><strong>severiorem</strong></span> <span class='ocrx_word' id='word_1_769' title='bbox 3239 4881 3541 4950; x_wconf 42' lang='lat' dir='ltr'><strong>quemdam!</strong></span> 
     </span>
    </p>
   </div>
   <div class='ocr_carea' id='block_1_108' title="bbox 1955 4970 3524 5040">
    <p class='ocr_par' dir='ltr' id='par_1_108' title="bbox 1955 4970 3524 5040">
     <span class='ocr_line' id='line_1_108' title="bbox 1955 4970 3524 5040; baseline 0.003 -18"><span class='ocrx_word' id='word_1_770' title='bbox 1955 4970 2287 5038; x_wconf 89' lang='lat' dir='ltr'><strong>postulantia</strong></span> <span class='ocrx_word' id='word_1_771' title='bbox 2315 4970 2546 5034; x_wconf 89' lang='lat' dir='ltr'><strong>cultum,</strong></span> <span class='ocrx_word' id='word_1_772' title='bbox 2575 4970 2890 5026; x_wconf 84' lang='lat' dir='ltr'><strong>auferenda.</strong></span> <span class='ocrx_word' id='word_1_773' title='bbox 2921 4971 3076 5036; x_wconf 85' lang='lat' dir='ltr'><strong>Quod</strong></span> <span class='ocrx_word' id='word_1_774' title='bbox 3101 4971 3322 5040; x_wconf 90' lang='lat' dir='ltr'><strong>quidem</strong></span> <span class='ocrx_word' id='word_1_775' title='bbox 3349 4972 3524 5040; x_wconf 88' lang='lat' dir='ltr'><strong>ipsum</strong></span> 
     </span>
    </p>
   </div>
   <div class='ocr_carea' id='block_1_109' title="bbox 1949 5058 3527 5131">
    <p class='ocr_par' dir='ltr' id='par_1_109' title="bbox 1949 5058 3527 5131">
     <span class='ocr_line' id='line_1_109' title="bbox 1949 5058 3527 5131; baseline 0.001 -20"><span class='ocrx_word' id='word_1_776' title='bbox 1949 5058 2062 5128; x_wconf 88' lang='lat' dir='ltr'><strong>jam</strong></span> <span class='ocrx_word' id='word_1_777' title='bbox 2099 5061 2278 5129; x_wconf 87' lang='lat' dir='ltr'><strong>reipsa</strong></span> <span class='ocrx_word' id='word_1_778' title='bbox 2305 5077 2430 5116; x_wconf 91' lang='lat' dir='ltr'><strong>vere</strong></span> <span class='ocrx_word' id='word_1_779' title='bbox 2446 5061 2763 5130; x_wconf 67' lang='lat' dir='ltr'><strong>praedictum</strong></span> <span class='ocrx_word' id='word_1_780' title='bbox 2791 5062 2958 5117; x_wconf 83' lang='lat' dir='ltr'><strong>fuisse</strong></span> <span class='ocrx_word' id='word_1_781' title='bbox 2973 5071 3215 5131; x_wconf 89' lang='lat' dir='ltr'><strong>apparet.</strong></span> <span class='ocrx_word' id='word_1_782' title='bbox 3241 5060 3527 5127; x_wconf 84' lang='lat' dir='ltr'><strong>Quomodo</strong></span> 
     </span>
    </p>
   </div>
   <div class='ocr_carea' id='block_1_110' title="bbox 1955 5151 3531 5221">
    <p class='ocr_par' dir='ltr' id='par_1_110' title="bbox 1955 5151 3531 5221">
     <span class='ocr_line' id='line_1_110' title="bbox 1955 5151 3531 5221; baseline 0.001 -18"><span class='ocrx_word' id='word_1_783' title='bbox 1955 5165 2086 5203; x_wconf 82' lang='lat' dir='ltr'><strong>vero</strong></span> <span class='ocrx_word' id='word_1_784' title='bbox 2119 5165 2225 5203; x_wconf 91' lang='lat' dir='ltr'><strong>una</strong></span> <span class='ocrx_word' id='word_1_785' title='bbox 2272 5151 2572 5221; x_wconf 89' lang='lat' dir='ltr'><strong>eademque</strong></span> <span class='ocrx_word' id='word_1_786' title='bbox 2618 5153 2837 5206; x_wconf 88' lang='lat' dir='ltr'><strong>ratione</strong></span> <span class='ocrx_word' id='word_1_787' title='bbox 2888 5153 2940 5205; x_wconf 91' lang='lat' dir='ltr'><strong>in</strong></span> <span class='ocrx_word' id='word_1_788' title='bbox 3001 5153 3119 5220; x_wconf 91' lang='lat' dir='ltr'><strong>ipso</strong></span> <span class='ocrx_word' id='word_1_789' title='bbox 3177 5151 3382 5204; x_wconf 88' lang='lat' dir='ltr'><strong>Christi</strong></span> <span class='ocrx_word' id='word_1_790' title='bbox 3438 5152 3531 5205; x_wconf 82' lang='lat' dir='ltr'><strong>ad-</strong></span> 
     </span>
    </p>
   </div>
   <div class='ocr_carea' id='block_1_111' title="bbox 1952 5241 3524 5312">
    <p class='ocr_par' dir='ltr' id='par_1_111' title="bbox 1952 5241 3524 5312">
     <span class='ocr_line' id='line_1_111' title="bbox 1952 5241 3524 5312; baseline 0.002 -19"><span class='ocrx_word' id='word_1_791' title='bbox 1952 5247 2141 5302; x_wconf 82' lang='lat' dir='ltr'><strong>ventu,</strong></span> <span class='ocrx_word' id='word_1_792' title='bbox 2189 5241 2562 5296; x_wconf 88' lang='lat' dir='ltr'><strong>liberationem</strong></span> <span class='ocrx_word' id='word_1_793' title='bbox 2597 5258 2626 5296; x_wconf 89' lang='lat' dir='ltr'><strong>a</strong></span> <span class='ocrx_word' id='word_1_794' title='bbox 2659 5244 2818 5298; x_wconf 86' lang='lat' dir='ltr'><strong>malis</strong></span> <span class='ocrx_word' id='word_1_795' title='bbox 2864 5242 2968 5312; x_wconf 91' lang='lat' dir='ltr'><strong>ipsi</strong></span> <span class='ocrx_word' id='word_1_796' title='bbox 2999 5241 3187 5305; x_wconf 88' lang='lat' dir='ltr'><strong>Israel,</strong></span> <span class='ocrx_word' id='word_1_797' title='bbox 3221 5241 3524 5296; x_wconf 86' lang='lat' dir='ltr'><strong>bonorum-</strong></span> 
     </span>
    </p>
   </div>
   <div class='ocr_carea' id='block_1_112' title="bbox 1953 5333 3523 5403">
    <p class='ocr_par' dir='ltr' id='par_1_112' title="bbox 1953 5333 3523 5403">
     <span class='ocr_line' id='line_1_112' title="bbox 1953 5333 3523 5403; baseline 0.003 -20"><span class='ocrx_word' id='word_1_798' title='bbox 1953 5346 2060 5400; x_wconf 90' lang='lat' dir='ltr'><strong>que</strong></span> <span class='ocrx_word' id='word_1_799' title='bbox 2114 5334 2541 5402; x_wconf 80' lang='lat' dir='ltr'><strong>pereeptionem,</strong></span> <span class='ocrx_word' id='word_1_800' title='bbox 2573 5342 2627 5389; x_wconf 86' lang='lat' dir='ltr'><strong>et</strong></span> <span class='ocrx_word' id='word_1_801' title='bbox 2673 5350 2866 5389; x_wconf 88' lang='lat' dir='ltr'><strong>rursus</strong></span> <span class='ocrx_word' id='word_1_802' title='bbox 2895 5333 3166 5386; x_wconf 91' lang='lat' dir='ltr'><strong>bonorum</strong></span> <span class='ocrx_word' id='word_1_803' title='bbox 3216 5333 3523 5403; x_wconf 84' lang='lat' dir='ltr'><strong>ademptio-</strong></span> 
     </span>
    </p>
   </div>
   <div class='ocr_carea' id='block_1_113' title="bbox 1951 5423 3522 5495">
    <p class='ocr_par' dir='ltr' id='par_1_113' title="bbox 1951 5423 3522 5495">
     <span class='ocr_line' id='line_1_113' title="bbox 1951 5423 3522 5495; baseline 0.001 -18"><span class='ocrx_word' id='word_1_804' title='bbox 1951 5439 2098 5485; x_wconf 88' lang='lat' dir='ltr'><strong>nem,</strong></span> <span class='ocrx_word' id='word_1_805' title='bbox 2153 5425 2477 5495; x_wconf 90' lang='lat' dir='ltr'><strong>ruinamque</strong></span> <span class='ocrx_word' id='word_1_806' title='bbox 2524 5427 2802 5495; x_wconf 81' lang='lat' dir='ltr'><strong>religionis</strong></span> <span class='ocrx_word' id='word_1_807' title='bbox 2850 5426 3112 5489; x_wconf 81' lang='lat' dir='ltr'><strong>futuram,</strong></span> <span class='ocrx_word' id='word_1_808' title='bbox 3162 5423 3312 5479; x_wconf 86' lang='lat' dir='ltr'><strong>Libri</strong></span> <span class='ocrx_word' id='word_1_809' title='bbox 3349 5424 3522 5479; x_wconf 89' lang='lat' dir='ltr'><strong>sancti</strong></span> 
     </span>
    </p>
   </div>
   <div class='ocr_carea' id='block_1_114' title="bbox 1953 5515 3525 5588">
    <p class='ocr_par' dir='ltr' id='par_1_114' title="bbox 1953 5515 3525 5588">
     <span class='ocr_line' id='line_1_114' title="bbox 1953 5515 3525 5588; baseline -0.001 -17"><span class='ocrx_word' id='word_1_810' title='bbox 1953 5515 2281 5586; x_wconf 82' lang='lat' dir='ltr'><strong>signiﬁcent,</strong></span> <span class='ocrx_word' id='word_1_811' title='bbox 2336 5532 2436 5572; x_wconf 88' lang='lat' dir='ltr'><strong>suo</strong></span> <span class='ocrx_word' id='word_1_812' title='bbox 2480 5526 2722 5588; x_wconf 85' lang='lat' dir='ltr'><strong>tempore</strong></span> <span class='ocrx_word' id='word_1_813' title='bbox 2755 5518 2977 5586; x_wconf 90' lang='lat' dir='ltr'><strong>planum</strong></span> <span class='ocrx_word' id='word_1_814' title='bbox 3032 5516 3314 5572; x_wconf 80' lang='lat' dir='ltr'><strong>faciemus.</strong></span> <span class='ocrx_word' id='word_1_815' title='bbox 3368 5515 3525 5570; x_wconf 84' lang='lat' dir='ltr'><strong>Nune</strong></span> 
     </span>
    </p>
   </div>
   <div class='ocr_carea' id='block_1_115' title="bbox 1953 5610 3523 5680">
    <p class='ocr_par' dir='ltr' id='par_1_115' title="bbox 1953 5610 3523 5680">
     <span class='ocr_line' id='line_1_115' title="bbox 1953 5610 3523 5680; baseline 0 -18"><span class='ocrx_word' id='word_1_816' title='bbox 1953 5615 2132 5663; x_wconf 91' lang='lat' dir='ltr'><strong>autem</strong></span> <span class='ocrx_word' id='word_1_817' title='bbox 2178 5610 2244 5663; x_wconf 91' lang='lat' dir='ltr'><strong>ad</strong></span> <span class='ocrx_word' id='word_1_818' title='bbox 2287 5611 2522 5680; x_wconf 90' lang='lat' dir='ltr'><strong>primum</strong></span> <span class='ocrx_word' id='word_1_819' title='bbox 2561 5620 2920 5676; x_wconf 86' lang='lat' dir='ltr'><strong>revertemur,</strong></span> <span class='ocrx_word' id='word_1_820' title='bbox 2976 5610 3022 5665; x_wconf 88' lang='lat' dir='ltr'><strong>si</strong></span> <span class='ocrx_word' id='word_1_821' title='bbox 3068 5625 3242 5680; x_wconf 83' lang='lat' dir='ltr'><strong>pauca</strong></span> <span class='ocrx_word' id='word_1_822' title='bbox 3273 5610 3523 5680; x_wconf 83' lang='lat' dir='ltr'><strong>quaedam</strong></span> 
     </span>
    </p>
   </div>
   <div class='ocr_carea' id='block_1_116' title="bbox 1952 5698 3522 5772">
    <p class='ocr_par' dir='ltr' id='par_1_116' title="bbox 1952 5698 3522 5772">
     <span class='ocr_line' id='line_1_116' title="bbox 1952 5698 3522 5772; baseline -0.001 -18"><span class='ocrx_word' id='word_1_823' title='bbox 1952 5714 2019 5754; x_wconf 81' lang='lat' dir='ltr'><strong>ex</strong></span> <span class='ocrx_word' id='word_1_824' title='bbox 2071 5701 2560 5757; x_wconf 90' lang='lat' dir='ltr'><strong>innumerabilibus</strong></span> <span class='ocrx_word' id='word_1_825' title='bbox 2605 5702 2930 5772; x_wconf 89' lang='lat' dir='ltr'><strong>prophetiis,</strong></span> <span class='ocrx_word' id='word_1_826' title='bbox 2974 5702 3042 5756; x_wconf 90' lang='lat' dir='ltr'><strong>ad</strong></span> <span class='ocrx_word' id='word_1_827' title='bbox 3095 5698 3522 5757; x_wconf 82' lang='lat' dir='ltr'><strong>demonstranda</strong></span> 
     </span>
    </p>
   </div>
   <div class='ocr_carea' id='block_1_117' title="bbox 1951 5792 3523 5867">
    <p class='ocr_par' dir='ltr' id='par_1_117' title="bbox 1951 5792 3523 5867">
     <span class='ocr_line' id='line_1_117' title="bbox 1951 5792 3523 5867; baseline -0.005 -17"><span class='ocrx_word' id='word_1_828' title='bbox 1951 5810 2035 5858; x_wconf 88' lang='lat' dir='ltr'><strong>ea,</strong></span> <span class='ocrx_word' id='word_1_829' title='bbox 2068 5810 2187 5865; x_wconf 72' lang='lat' dir='ltr'><strong>qua:</strong></span> <span class='ocrx_word' id='word_1_830' title='bbox 2230 5793 2375 5849; x_wconf 86' lang='lat' dir='ltr'><strong>dicta</strong></span> <span class='ocrx_word' id='word_1_831' title='bbox 2426 5805 2572 5860; x_wconf 87' lang='lat' dir='ltr'><strong>sunt,</strong></span> <span class='ocrx_word' id='word_1_832' title='bbox 2623 5796 3022 5867; x_wconf 83' lang='lat' dir='ltr'><strong>collegerimus.</strong></span> <span class='ocrx_word' id='word_1_833' title='bbox 3063 5794 3329 5860; x_wconf 89' lang='lat' dir='ltr'><strong>Quoniam</strong></span> <span class='ocrx_word' id='word_1_834' title='bbox 3360 5792 3523 5862; x_wconf 81' lang='lat' dir='ltr'><strong>igitur</strong></span> 
     </span>
    </p>
   </div>
   <div class='ocr_carea' id='block_1_118' title="bbox 282 5889 3522 5969">
    <p class='ocr_par' dir='ltr' id='par_1_118' title="bbox 282 5889 3522 5969">
     <span class='ocr_line' id='line_1_118' title="bbox 282 5889 3522 5969; baseline -0.004 -18"><span class='ocrx_word' id='word_1_835' title='bbox 282 5911 394 5961; x_wconf 82' lang='lat' dir='ltr'><strong>cas,</strong></span> <span class='ocrx_word' id='word_1_836' title='bbox 429 5909 553 5969; x_wconf 65' lang='lat' dir='ltr'><strong>qua:</strong></span> <span class='ocrx_word' id='word_1_837' title='bbox 587 5893 840 5950; x_wconf 78' lang='lat' dir='ltr'><strong>meliores</strong></span> <span class='ocrx_word' id='word_1_838' title='bbox 872 5890 1140 5948; x_wconf 80' lang='lat' dir='ltr'><strong>habentur</strong></span> <span class='ocrx_word' id='word_1_839' title='bbox 1161 5891 1227 5948; x_wconf 88' lang='lat' dir='ltr'><strong>dc</strong></span> <span class='ocrx_word' id='word_1_840' title='bbox 1268 5891 1462 5963; x_wconf 84' lang='lat' dir='ltr'><strong>seipsis</strong></span> <span class='ocrx_word' id='word_1_841' title='bbox 1491 5890 1828 5962; x_wconf 79' lang='lat' dir='ltr'><strong>prophetias,</strong></span> <span class='ocrx_word' id='word_1_842' title='bbox 1867 5889 2032 5946; x_wconf 82' lang='lat' dir='ltr'><strong>nobis</strong></span> <span class='ocrx_word' id='word_1_843' title='bbox 2084 5891 2260 5947; x_wconf 88' lang='lat' dir='ltr'><strong>solent</strong></span> <span class='ocrx_word' id='word_1_844' title='bbox 2294 5889 2556 5962; x_wconf 84' lang='lat' dir='ltr'><strong>objieere,</strong></span> <span class='ocrx_word' id='word_1_845' title='bbox 2594 5899 2850 5961; x_wconf 86' lang='lat' dir='ltr'><strong>tanquam</strong></span> <span class='ocrx_word' id='word_1_846' title='bbox 2887 5891 2942 5954; x_wconf 91' lang='lat' dir='ltr'><strong>ii,</strong></span> <span class='ocrx_word' id='word_1_847' title='bbox 2973 5889 3062 5960; x_wconf 89' lang='lat' dir='ltr'><strong>qui</strong></span> <span class='ocrx_word' id='word_1_848' title='bbox 3095 5903 3177 5953; x_wconf 86' lang='lat' dir='ltr'><strong>ea,</strong></span> <span class='ocrx_word' id='word_1_849' title='bbox 3220 5903 3340 5958; x_wconf 76' lang='lat' dir='ltr'><strong>qua:</strong></span> <span class='ocrx_word' id='word_1_850' title='bbox 3364 5896 3522 5940; x_wconf 87' lang='lat' dir='ltr'><strong>anto-</strong></span> 
     </span>
    </p>
   </div>
  </div>
