4018 6500
535 703 700 776 451.
738 705 778 758 Α
799 705 1533 786 Genesi‘.—Qt_tei_u_admodum
1553 712 1917 768 benedicentur
1935 729 2109 786 gentes

607 786 784 841 terrea,
801 779 856 830 in
874 779 1083 832 modum
1103 780 1328 833 similem
1351 784 1721 850 appellationis
1745 779 2036 842 Abraluvtm.

607 970 858 1042 Dixitque
890 973 1150 1031 Dominus
1186 994 1204 1032 :
1243 995 1268 1029 ι
1317 976 1438 1033 Non
1473 981 1663 1036 celabo
1699 997 1802 1053 ego
1835 974 2111 1040 Abraham

533 1075 762 1133 puerum
812 1078 988 1120 meum
1013 1104 1029 1128 ,
1055 1081 1182 1135 quae
1215 1066 1444 1126 faciam.
1481 1069 1574 1124 Est
1613 1083 1793 1128 autem
1837 1075 2108 1130 Abraham

535 1147 754 1204 futurus
786 1149 842 1204 in
868 1159 1084 1220 gentem
1117 1170 1366 1225 magnam
1407 1165 1463 1212 et
1509 1161 1756 1218 multam.
1798 1162 1862 1216 Et
1889 1164 2112 1220 benedi-

531 1247 726 1294 centur
756 1241 810 1294 i—n
826 1257 895 1296 eo
913 1257 1100 1298 omnes
1119 1255 1308 1315 gentes
1342 1256 1502 1304 terra:
1519 1251 1582 1305 δι.
1609 1271 1628 1304 i
1651 1251 1936 1310 Occultum
1967 1259 2109 1312 mul-

529 1337 726 1401 tosque
747 1333 922 1389 latens
949 1338 1266 1407 mysterium
1292 1380 1308 1404 ,
1350 1357 1464 1396 non
1510 1357 1569 1398 se
1601 1347 2004 1402 occultaturum
2033 1351 2110 1404 ait

525 1425 845 1490 oraculum,
873 1427 977 1481 sed
1032 1429 1208 1484 amico
1247 1429 1342 1486 Dei
1385 1433 1775 1492 indicaturum.
1819 1439 1876 1493 ld
1922 1449 2103 1496 autem

503 1501 645 1569 erat
673 1515 740 1571 de
777 1515 1156 1574 benedictione
1175 1523 1428 1577 omnium
1459 1527 1698 1595 gentium
1725 1569 1740 1592 ,
1781 1531 1927 1600 quod
1974 1533 2102 1586 olim

501 1605 746 1676 quidem
775 1606 996 1672 latebat,
1019 1623 1085 1664 eo
1101 1611 1246 1680 quod
1275 1612 1506 1670 Abrahae
1527 1620 1863 1688 temporibus
1913 1635 2104 1676 omnes

501 1687 714 1766 :gentes
765 1697 988 1754 infando
1041 1704 1448 1773 superstitionis
1497 1687 1686 1764 errore
1739 1717 2100 1769 tenerentur:

520 1803 671 1843 nunc
701 1797 879 1845 autem
929 1793 984 1848 id
1035 1794 1088 1848 in
1125 1805 1384 1864 apertum
1419 1799 1627 1869 prodiit
1656 1841 1671 1863 ,
1704 1818 1828 1856 cum
1872 1805 1976 1858 illm
2009 1821 2106 1875 per

518 1881 890 1951 evangelicam
924 1882 1225 1944 Salvatoris
1267 1893 1442 1946 nostri
1480 1891 1786 1947 doctrinam
1818 1935 1834 1961 ,
1869 1898 2100 1952 eundem

515 1985 644 2027 cum
675 1973 990 2030 Abrahamo
1013 1977 1184 2034 divini
1213 1982 1399 2037 cultus
1429 1984 1593 2038 ritum
1625 1995 1926 2052 servantes,
1949 1989 2099 2058 ejus-

2142 729 2184 784 A
2213 727 2289 781 A'.
2337 729 2474 810 ςΑίτρ
2501 727 2643 810 τῆς-
2661 731 2985 810 Γειίέσεως.
3032 767 3100 810 :—
3140 737 3234 810 ’.Ως
3268 739 3802 808 εὐλογηθήσονται
3833 731 3840 798 Ῐ

2287 797 2532 878 ζᾲηὲθνη
2571 799 2680 868 τῆς
2715 801 2828 869 γῆς
2856 797 2952 878 ἐπὶ
2985 805 3063 870 τῷ
3097 797 3276 875 ὀμοῖῳ
3301 797 3498 877 τρόεὶῴ
3531 797 3642 878 ’ἑῆς
3680 813 3804 869 τσῦ

2299 867 2544 938 Ἀϐραὰμ
2571 867 3041 940 προσηγορίαςξ
3126 867 3143 875 ⁷
3243 867 3256 874 ’
3328 867 3346 876 ’
3465 867 3476 877 ’
3589 867 3634 878 η

2297 983 2354 1035 Ὀ
2395 982 2464 1036 -δὲ
2515 983 2718 1056 Κύριος
2751 981 2934 1040 εἶπεν·
2973 1006 2992 1038 ι
3033 989 3108 1044 Οὐ
3164 991 3236 1062 μὴ
3269 993 3460 1064 κρύψω
3510 995 3620 1064 ἐγὼ
3680 995 3802 1050 ἀπὸ

2223 1073 2472 1144 Ἀϐραὰμ
2503 1074 2596 1126 τοῦ
2631 1075 2818 1138 παιδός
2852 1094 2974 1146 μου,
3007 1077 3042 1131 ἃ
3069 1079 3179 1148 ἐγὼ
3213 1083 3372 1137 ποιῶ.
3418 1083 3670 1157 Ἀϐραὰμ
3701 1104 3798 1156 γι-

2209 1165 2434 1234 νόμενος
2469 1165 2620 1220 ἔσται
2648 1169 2728 1230 εις
2760 1167 2912 1232 ἔθνος
2948 1169 3092 1238 μέγα
3123 1174 3216 1226 καὶ
3251 1173 3384 1240 πολύ
3403 1192 3417 1205 ·
3453 1179 3546 1230 καὶ
3573 1179 3797 1233 ὲνευλο-
3829 1163 3838 1186 ’

2209 1257 2537 1329 γηθήσονται
2564 1261 2621 1314 ὲν
2655 1259 2803 1330 αὐτῷ
2832 1261 3009 1316 πάντα
3037 1265 3103 1318 τὰ
3137 1265 3263 1337 ἔθνη
3291 1267 3388 1340 τῆς
3415 1267 3538 1338 γῆς.
3580 1289 3598 1321 ι
3633 1269 3794 1342 Κρῠδ

2209 1367 2329 1418 φιον
2355 1351 2450 1404 καὶ
2481 1349 2701 1421 λεληθὸς
2723 1353 2850 1417 τοὺς
2873 1355 3100 1419 πολλοὺς
3123 1359 3420 1430 μυστήριον
3449 1360 3528 1432 μὴ
3557 1361 3796 1432 κρύψειν

2209 1443 2372 1511 φησιν
2402 1443 2712 1514 ὁχρησμὸς,
2743 1445 3110 1516 ἀποκαλύψειν
3137 1449 3192 1502 δὲ
3224 1449 3300 1520 τῷ
3329 1449 3582 1520 θεοφιλεῖ.
3613 1452 3796 1509 Τοῦτο

2207 1529 2265 1585 δὲ
2291 1529 2358 1604 ἦν
2401 1535 2462 1587 τὺ
2510 1538 2637 1606 περὶ
2669 1535 2768 1605 τῆς
2815 1537 2921 1590 τῶν
2967 1540 3136 1594 ἐθνῶν
3165 1543 3424 1598 ἁπάντων
3453 1547 3728 1616 εὐλογίας,
3759 1547 3792 1601 ὃ

2207 1624 2374 1678 πάλαι
2421 1627 2520 1696 μὲν
2568 1628 2866 1701 κέκρυπτο,
2910 1631 2995 1685 διὰ
3043 1631 3102 1685 τὸ
3147 1634 3325 1688 πάντα
3365 1636 3434 1689 τὰ
3473 1637 3598 1710 ἔθνη
3639 1641 3792 1695 κατὰ

2205 1719 2328 1779 τοὺς
2357 1717 2450 1769 τοῦ
2497 1718 2744 1791 Ἀϐραὰμ
2777 1721 2996 1793 χρόνους
3023 1725 3217 1795 ἀφάτῳ
3249 1727 3423 1800 πλάνῃ
3451 1727 3791 1801 δεισιδαιμο-

2204 1807 2322 1870 νίας
2349 1811 2739 1882 κεκρατῆσθαι·
2774 1815 2889 1867 νυνὶ
2931 1815 2990 1867 δὲ
3034 1815 3189 1869 τοῦτο
3237 1819 3356 1872 καθ’
3393 1823 3541 1890 ἡμᾶς
3573 1822 3788 1877 ἀναπέ-

2205 1915 2420 1966 φανται,
2455 1902 2542 1954 ὅτε
2567 1903 2654 1955 διὰ
2686 1905 2785 1974 τῆς
2811 1905 2904 1958 τοῦ
2941 1905 3192 1979 Σωτῆρος
3229 1910 3398 1979 ἡμῶν
3419 1913 3789 1986 εὐαγγελικῆς

2203 1989 2546 2057 διδασκαλίας
2577 1994 2666 2047 τὸν
2701 1996 2862 2048 αὐτὸν
2884 1996 2961 2066 τῷ
2999 1998 3250 2070 Ἄϐραὰμ
3281 1999 3634 2058 θεοσεϐοὖντα
3653 2007 3790 2078 τρό-

515 2062 640 2118 dem
693 2080 819 2120 cum
869 2067 964 2121 illo
1020 2068 1424 2130 benedictionis
1463 2077 1758 2146 participes
1801 2081 2084 2134 exsistunt,

2199 2098 2298 2133 πον
2321 2083 2417 2153 τῆς
2441 2083 2564 2153 ἴσης
2597 2086 2748 2156 αὐτῷ
2776 2088 2992 2158 μετέχει
3019 2090 3286 2158 εὐλογίας.
3318 2093 3438 2146 Ὅτι
3461 2095 3504 2146 δ’
3533 2095 3630 2167 οὐχ
3663 2093 3784 2152 οἷόν

514 2151 984 2220 Quemadmodum
1007 2174 1140 2214 vero
1155 2160 1278 2216 ﬁeri
1309 2165 1460 2218 nullo
1483 2166 1647 2220 modo
1677 2177 1863 2237 posset
1889 2209 1902 2232 ,
1935 2179 2000 2224 ut
2023 2187 2092 2226 ex

512 2243 728 2316 legibus
763 2263 794 2302 a
833 2247 984 2306 Mose
1025 2253 1260 2322 positis,
1312 2263 1504 2324 gentes
1559 2258 1830 2314 universae
1879 2261 2095 2317 vivendi

509 2348 759 2390 normam
788 2339 1120 2410 acciperent,
1153 2343 1472 2414 plenissime
1503 2347 1642 2404 libro
1673 2352 1957 2420 superiore
1979 2353 2096 2410 dis-

510 2425 787 2482 seruimus
815 2467 832 2492 ,
862 2445 930 2484 ne
957 2430 1082 2500 quis
1112 2431 1252 2488 forte
1282 2435 1595 2504 suspicetur
1627 2437 1694 2492 de
1727 2439 1971 2506 advenis,
1998 2444 2092 2514 qui

509 2517 655 2586 apud
691 2515 914 2576 Iudaeos
946 2523 1256 2592 degebant,
1287 2525 1422 2580 illud
1452 2525 1624 2584 fuisse
1659 2531 1932 2600 prolatum
1964 2549 2094 2588 ora-

505 2605 711 2662 culum.
744 2605 932 2678 ltaque
969 2625 1096 2664 cum
1137 2612 1194 2667 in
1241 2615 1434 2670 eodem
1463 2619 1878 2686 probaverimus
1901 2665 1916 2686 ,
1945 2625 2090 2693 quod

504 2697 575 2753 iis
605 2701 738 2755 solis
761 2740 778 2764 ,
799 2706 892 2772 qui
921 2717 1018 2772 per
1042 2703 1320 2759 Christum
1359 2705 1426 2762 de
1458 2711 1672 2764 cunctis
1703 2713 1962 2781 gentibus
1995 2731 2088 2772 as-

507 2799 798 2846 sumantur
822 2831 840 2856 ,
870 2793 1180 2849 benedictio
1202 2797 1447 2852 omnium
1479 2801 1722 2869 gentium
1752 2803 1983 2860 Abrahae
2006 2806 2086 2859 di-

505 2879 716 2937 vinitus
759 2883 970 2938 reddita
1006 2927 1021 2951 ,
1061 2892 1358 2946 convenire
1397 2894 1573 2960 possit
1609 2911 1622 2946 :
1663 2893 1942 2950 studiosos
1995 2897 2082 2952 le-

503 2979 688 3027 ctores
718 2989 783 3028 ex
809 2975 913 3030 hoc
945 2977 1066 3032 loco
1093 3019 1109 3046 ,
1145 2979 1215 3033 ad
1248 2981 1337 3035 illa
1369 2984 1719 3040 remittimus.

503 3081 570 3138 ll.
603 3084 683 3137 Ab
711 3086 942 3142 eadem.-
961 3089 1473 3155 ~Quemadmodum
1507 3095 1873 3154 benedicentur
1905 3117 2083 3156 omnes

569 3167 756 3278 gente;
785 3168 939 3282 ιρι-υἷε
971 3161 1025 3213 in
1053 3179 1112 3216 eo
1145 3165 1338 3218 semine
1369 3205 1386 3233 ,
1419 3167 1556 3235 quod
1585 3183 1984 3239 progressurum
2006 3180 2086 3228 est

608 3243 634 3278 ο
666 3243 723 3279 sa
763 3245 792 3280 ο
817 3245 844 3280 e
913 3247 1058 3282 saac.

608 3243 634 3278 ϐ
666 3243 844 3280 800018
878 3243 1058 3284 ιδααε.

571 3339 835 3396 Dominus
866 3350 1046 3397 autem
1081 3345 1148 3399 ad
1194 3345 1348 3403 Isaac
1395 3352 1736 3422 respondens
1758 3395 1774 3420 ,
1815 3364 1938 3426 post
1971 3359 2076 3413 alia

2197 2190 2256 2226 τε
2301 2170 2367 2244 ἦν
2411 2177 2554 2228 κατὰ
2600 2177 2696 2248 τὴν
2740 2180 2981 2244 Μωσέως
3033 2183 3350 2252 νομοθεσίαν
3399 2187 3782 2244 πολιτεύεσθαι

2197 2265 2373 2318 πάντα
2415 2267 2482 2318 τὰ
2507 2266 2654 2338 ἔθνη,
2698 2269 3048 2341 πληρέστατα
3081 2277 3139 2326 ὲν
3175 2274 3250 2345 τῷ
3279 2277 3386 2344 πρὸ
3421 2278 3610 2332 τούτου
3639 2297 3782 2350 συγι

2195 2357 2480 2428 γράμματι
2509 2358 2883 2431 διειλήφαμεν,
2918 2363 2994 2426 ὡς
3028 2363 3092 2417 ἂν
3128 2366 3200 2436 μή
3245 2383 3326 2429 τις
3355 2367 3610 2422 ὑπολάϐοι
3644 2373 3782 2444 περὶ

2195 2446 2299 2499 τῶν
2327 2449 2476 2518 παρὰ
2515 2449 2786 2514 Ἰοοδαίοις
2816 2453 3172 2524 προσηλύτων
3201 2457 3451 2528 εἰρῆσθαι
3479 2461 3541 2512 τὸ
3569 2460 3776 2530 λόγιον.

2205 2539 2292 2591 Ἐν
2330 2539 2510 2611 ταύτῷ
2539 2541 2594 2594 δὲ
2633 2547 3014 2616 συστήσαντες,
3044 2549 3124 2600 ὅτι
3157 2546 3336 2618 μόνοις
3373 2555 3482 2615 τοῖς
3509 2552 3596 2606 διὰ
3633 2555 3779 2628 Χρι-

2195 2631 2319 2686 στοῦ
2363 2632 2423 2698 ἐξ
2459 2636 2714 2689 ἁπάντων
2759 2638 2868 2692 τῶν
2913 2640 3081 2693 ἐθνῶν
3125 2643 3424 2713 ὲφαρμόζοι
3459 2645 3587 2716 ἃνὴ
3633 2647 3780 2720 πρὸς

2189 2724 2281 2778 τὸν
2321 2726 2565 2798 Ἀϐραὰμ
2610 2730 2960 2785 θεσπισθείσα
3009 2735 3134 2806 περὶ
3181 2735 3397 2790 πάντων
3444 2738 3551 2790 τῶν
3599 2739 3774 2794 ἐθνῶν

2190 2817 2426 2886 εὐλογῖα,
2455 2822 2580 2886 τοὺς
2605 2822 2922 2894 φιλομαθεῖς
2945 2825 3030 2877 ἐπ’
3063 2826 3246 2880 ἐκεῖνα
3272 2823 3364 2879 καὶ
3389 2827 3483 2883 νῦν
3514 2829 3768 2900 ἁναπὲμο

2187 2908 2380 2982 ψομεν.

2185 3116 2260 3170 B'.
2295 3115 2428 3172 Ἀπὸ
2451 3115 2562 3185 τῆς
2582 3116 2791 3184 αὐτῆς.
2812 3147 2884 3159 —-
2907 3117 3004 3184 Ὠς
3023 3116 3539 3186 εὐλογηθήσονται
3562 3118 3762 3174 πάντα

2258 3187 2327 3257 τὰ
2351 3188 2497 3254 ἔθνη
2523 3187 2630 3254 τῆς
2653 3189 2763 3256 γῆς
2789 3189 2886 3242 ἐπὶ
2910 3189 2990 3253 τῷ
3017 3187 3512 3257 προελευσομένῳ
3535 3190 3606 3243 ἐκ
3633 3189 3762 3243 diae

2254 3255 2443 3328 δοχῆς
2470 3258 2577 3312 τοῦ
2628 3255 2824 3313 Ἰσαὰκ
2855 3255 3166 3328 σπέρματι.

2195 3367 2253 3421 '0
2281 3367 2338 3420 δὲ
2365 3367 2568 3440 Κύριος
2595 3368 2672 3438 τῷ
2708 3368 2891 3422 Ἰσαὰκ
2923 3369 3280 3440 χρηματίζων
3310 3371 3425 3442 μεθ’
3451 3369 3633 3438 ἕτερα,
3664 3371 3760 3424 καὶ

497 3431 661 3484 etiam
723 3432 837 3487 hzec
891 3435 1074 3490 dicit:
1116 3455 1136 3488 ι
1196 3441 1262 3494 Et
1311 3442 1649 3500 confirmabo
1690 3447 2077 3518 jusjurandum

2193 3459 2356 3514 ταῦτὰ
2382 3426 2576 3530 φηέινῖ
2619 3426 2656 3510 ι.
2682 3461 2792 3513 Καὶ
2826 3426 3141 3530 angui..st
3175 3426 3336 3536 θρκον
3371 3479 3472 3534 μου
3509 3426 3760 3535 ’Ᾰὸραὰμ

497 3537 676 3576 meum
723 3524 952 3581 Abralue
997 3529 1138 3598 patri
1193 3537 1326 3598 tuo,
1364 3541 1419 3588 et
1471 3537 1842 3608 multiplicabo
1894 3557 2078 3597 semen

499 3618 676 3677 tuum,
701 3613 842 3668 sicut
870 3616 1057 3671 stellas
1085 3619 1231 3682 coeli,
1256 3629 1312 3676 et
1339 3621 1478 3677 dabo
1514 3627 1710 3680 semini
1745 3637 1838 3682 tuo
1860 3645 2078 3686 onmem

495 3708 700 3756 terram
737 3703 878 3758 hanc
903 3746 918 3768 ,
950 3715 1004 3761 et
1033 3707 1428 3766 benedicentur
1452 3714 1506 3767 iri
1533 3717 1740 3771 semine
1768 3725 1862 3774 tuo
1885 3735 2076 3778 omnes

495 3803 684 3864 gentes
717 3803 874 3850 terra:
889 3795 957 3852 ".
985 3817 1002 3848 ι
1025 3795 1289 3856 Dominus
1317 3813 1370 3857 et
1407 3801 1660 3860 Salvator
1685 3821 1871 3864 noster
1886 3810 2072 3878 Iesus,

493 3887 589 3956 qui
612 3885 868 3943 Christus
891 3899 977 3944 est
1003 3889 1099 3947 Dei
1126 3933 1141 3958 ,
1174 3910 1242 3950 ex
1283 3898 1491 3952 semine
1521 3895 1674 3953 Isaac
1707 3909 1873 3956 natus
1899 3910 1952 3956 et
1988 3917 2076 3956 ra-

493 3979 642 4034 tione
687 3980 913 4036 humani
958 3987 1208 4054 corporis
1232 4027 1247 4052 ,
1285 3988 1339 4042 in
1381 4005 1491 4060 quo
1527 3991 1784 4046 omnibus
1814 3995 2072 4063 gentibus

493 4077 656 4126 terra:
688 4071 1030 4129 benedicitur
1050 4115 1066 4140 ,
1094 4093 1216 4148 qua:
1235 4081 1304 4134 ab
1328 4081 1420 4134 illo
1449 4098 1792 4140 communem
1825 4087 2072 4142 universi

493 4160 662 4216 Deum
693 4165 902 4220 edoctze
935 4175 1085 4231 sunt,
1120 4169 1539 4244 didiceruntque
1571 4173 1721 4240 item,
1759 4175 1850 4232 Dei
1880 4179 2070 4232 amicis

490 4258 626 4312 viris
651 4259 992 4318 benedicere.
1025 4265 1102 4320 Ex
1134 4283 1241 4338 quo
1280 4271 1522 4326 vicissim
1555 4273 1690 4344 ipsis
1726 4291 1942 4346 quoque
1976 4277 2070 4332 be-

489 4351 770 4406 nedicitur
799 4395 813 4417 ,
847 4367 966 4425 quae
997 4357 1052 4412 in
1093 4359 1196 4416 hoc
1237 4363 1488 4419 videlicet
1531 4367 1763 4421 eundem
1797 4383 1921 4422 cum
1953 4369 2022 4422 iis
2049 4413 2064 4432 ,

486 4443 688 4514 quibus
736 4447 868 4517 ipsa:
919 4447 1338 4518 bcnedixerint,
1389 4455 1784 4513 benedictionis
1829 4460 2064 4514 fructum

487 4539 832 4608 percipiunt,
869 4543 1326 4612 quemadmodum
1379 4545 1476 4603 Dei
1530 4550 1596 4603 ad
1643 4549 1918 4604 Abraham
1980 4569 2067 4607 re-

485 4643 752 4700 sponsum
811 4634 1004 4692 habet:
1034 4659 1052 4689 ι
1091 4636 1194 4704 Qui
1225 4639 1320 4694 tibi
1345 4639 1698 4706 benedicunt,
1737 4643 1819 4697 eis
1845 4643 2066 4698 benedi-

485 4727 636 4774 ctum
671 4731 775 4778 est.
818 4743 838 4778 ι

635 4873 722 4930 Ill.
759 4877 835 4930 Ab
872 4880 1181 4957 eademne
1221 4883 1296 4938 De
1341 4885 1584 4957 plurimis
1609 4885 1854 4957 gentibus
1881 4926 1896 4950 ,
1927 4905 2056 4957 gen-

555 4947 789 5026 tiumque
806 4950 1221 5026 collectionibus,
1247 4947 1362 5024 quia
1379 4972 1443 5009 ea:
1461 4947 1636 5008 ,Ιαςοῦ
1651 4947 2056 5026 constituentur,

547 5019 788 5086 quamvis
819 5022 935 5076 sola
963 5022 1196 5078 Judaica
1227 5019 1348 5095 gens
1379 5027 1444 5078 ab
1471 5043 1530 5079 ea
1559 5029 1795 5094 profecta
1820 5030 1911 5083 sit.

551 5209 699 5265 Dixit
732 5221 914 5268 autem
971 5214 1048 5268 illi
1097 5215 1288 5272 Deus:
1332 5217 1574 5286 (constat
1627 5224 1808 5270 autem
1851 5217 2054 5272 dixisse

477 5301 667 5375 Iacob)
687 5323 704 5355 ε
743 5305 852 5376 Ego
871 5305 1132 5363 Dominus
1163 5309 1334 5364 Deus:
1357 5325 1544 5364 cresce
1571 5319 1627 5365 et
1653 5310 2012 5379 multiplicare
2037 5329 2050 5364 :

479 5408 667 5466 gentes
692 5407 744 5452 et
773 5403 1223 5472 congregatioues
1243 5403 1482 5473 gentium
1500 5418 1566 5456 ex
1588 5411 1639 5457 te
1660 5411 1821 5458 erunt
1843 5401 1906 5455 “.
1934 5423 1952 5454 ι
1975 5402 2052 5456 Ex

477 5504 546 5545 eo
578 5491 794 5560 quidem
827 5496 976 5563 quod
1007 5503 1230 5564 apparet
1259 5535 1272 5556 ,
1305 5510 1368 5549 ac
1397 5497 1748 5566 perspicuum
1775 5503 1860 5551 est
1892 5536 1907 5559 ,
1945 5509 2052 5548 una

2180 3551 2258 3624 τῷ
2290 3553 2452 3624 πατρί
2484 3569 2598 3612 σου,
2633 3553 2726 3605 καὶ
2755 3551 3008 3624 πληθυνῶ
3036 3553 3095 3606 τὸ
3139 3548 3361 3624 σπέρμα
3391 3571 3506 3616 σου,
3535 3553 3608 3624 ὼς
3631 3557 3760 3619 τοὺς

2178 3643 2412 3713 ἀστέρας
2461 3641 2554 3694 τοῦ
2597 3641 2845 3713 οὐρανοῦ,
2894 3644 2988 3696 καὶ
3024 3642 3179 3696 δώσω
3219 3643 3296 3713 τῷ
3347 3645 3620 3716 σπέρματι
3659 3661 3756 3698 σου

2178 3738 2354 3790 πᾶσαν
2383 3734 2481 3808 τὴν
2511 3737 2614 3807 γῆν
2647 3735 2849 3806 ταύτην
2871 3752 2885 3767 ·
2922 3737 3017 3790 καὶ
3043 3735 3565 3807 ἐνευλογηθήσονται
3595 3737 3654 3790 ἐν
3675 3737 3756 3806 τῷ

2178 3827 2450 3897 σπέρματί
2495 3844 2586 3880 σου
2621 3828 2798 3881 πάντα
2839 3827 2908 3880 τὰ
2956 3827 3081 3898 ἔθνη
3113 3828 3211 3898 τῆς
3251 3827 3372 3898 γῆς.
3407 3847 3426 3879 ι
3476 3829 3530 3882 ’0
3560 3829 3754 3900 Σωτὴρ

2175 3918 2270 3969 καὶ
2319 3917 2522 3988 Κύριος
2577 3917 2732 3988 ἡμῶν
2775 3917 2979 3988 Ἰησοῦς
3025 3919 3053 3972 ὁ
3104 3917 3336 3989 Χριστὸς
3379 3917 3470 3971 τοῦ
3517 3917 3651 3972 Θεοῦ
3685 3921 3753 3972 ἐκ

2175 4009 2484 4080 σπέρματος
2523 4009 2706 4062 Ἰσαὰκ
2727 4009 2916 4077 γέγονε
2941 4009 3000 4061 τὸ
3023 4008 3160 4062 κατὰ
3192 4009 3389 4078 σάρκα,
3422 4012 3479 4062 ὲν
3506 4002 3549 4077 ᾧ
3573 4011 3750 4063 πάντα

2171 4103 2238 4154 τὰ
2272 4101 2396 4171 ἔθνη
2429 4101 2528 4170 τῆς
2555 4099 2658 4169 γῆς
2697 4100 3016 4168 εὐλογεῖται,
3064 4100 3300 4170 μαθόντα
3341 4101 3408 4154 δι’
3448 4101 3610 4155 αὑτοῦ
3656 4103 3749 4156 τὸν

2170 4195 2276 4248 τῶν
2323 4195 2458 4248 ὅλων
2503 4193 2655 4254 Θεὸν,
2699 4191 2793 4246 καὶ
2842 4193 3202 4246 παιδευθέντα
3255 4192 3416 4246 πάλιν
3463 4191 3528 4245 δι’
3580 4188 3744 4247 αὑτοῦ

2167 4287 2293 4350 τοὺς
2326 4286 2589 4355 θεοφιλεῖς
2621 4285 2820 4356 ἄνδρας
2850 4285 3110 4353 εὐλογεῖν.
3155 4284 3245 4338 Διὸ
3276 4285 3371 4338 καὶ
3403 4283 3746 4354 ἀντευλογεῖ-

2167 4395 2254 4432 ται
2307 4379 2406 4448 τῆς
2459 4378 2579 4450 ἴσης
2619 4380 2730 4442 τοῖς
2783 4378 2874 4430 ὑπ’
2927 4374 3103 4430 αὐτῶν
3146 4377 3558 4448 εὐλογουμὲνοις
3605 4379 3742 4430 ἀπο⁴

2166 4470 2397 4524 λαύοντα
2429 4469 2698 4538 εὐλογίας,
2736 4469 2877 4522 κατὰ
2911 4467 3001 4522 τδν
3041 4470 3287 4540 φήσαντα
3317 4467 3409 4521 τοῦ
3442 4467 3576 4522 Θεοῦ
3607 4465 3742 4540 πρὸς

2165 4565 2255 4616 τὸν
2295 4563 2543 4635 Ἀϐραὰμ
2575 4561 2730 4631 λόγον
2751 4581 2764 4593 ·
2805 4580 2824 4613 ε
2878 4563 2942 4614 0i
2983 4559 3330 4630 εὐλογοῦντες
3377 4577 3435 4613 σε
3482 4559 3740 4631 εὐλόγην-

2164 4673 2274 4710 ται.
2315 4675 2333 4706 Ρ

2161 4879 2234 4931 1".
2297 4875 2430 4930 Ἀπὸ
2481 4874 2591 4942 τῆς
2629 4869 2837 4941 αὐτῆς.
2869 4905 2940 4916 -—-
2983 4873 3122 4942 Περὶ
3167 4874 3468 4928 πλείστων
3519 4873 3734 4940 ἐθνῶν,

2229 4947 2328 5000 καὶ
2365 4947 2730 5014 συναγωγῶν
2759 4944 2970 5008 ἐθνῶν,
3017 4943 3137 4999 τῶν
3171 4945 3239 5008 ἐξ
3278 4944 3478 5014 Ἰακὼὸ
3505 4961 3736 5010 συστη-

2229 5013 2543 5086 σομένων,
2567 5013 2758 5069 καίτοι
2789 5017 2982 5084 μόνου
3020 5015 3126 5069 τοῦ
3181 5013 3473 5069 Ἰουδαίων
3517 5015 3734 5082 ἔθνους

2225 5089 2294 5152 ἐξ
2329 5086 2514 5140 αὐτοῦ
2547 5087 3046 5154 προεληλυθότος.

2225 5207 2391 5264 Εἶπεν
2422 5209 2478 5262 δὲ
2511 5209 2658 5278 αὐτῴ
2689 5209 2718 5260 ὁ
2743 5207 2874 5271 Θεὸς
2913 5207 3087 5278 (δῆλον
3125 5207 3199 5268 δὲ,
3235 5207 3314 5258 ὅτι
3361 5204 3438 5276 τῷ
3487 5201 3726 5270 Ἰακώ6)⁶

2157 5325 2176 5356 ‹
2229 5301 2370 5371 Ἐγὼ
2405 5301 2606 5373 Κύριος
2651 5303 2678 5353 ὁ
2721 5300 2886 5362 Θεός·
2939 5299 3165 5364 αὐξάνοι)
3201 5297 3294 5350 καὶ
3338 5295 3606 5366 πληθᾲνου
3646 5295 3730 5356 εἰς

2151 5397 2299 5466 ἔθνη.
2344 5397 2436 5450 καὶ
2470 5394 2781 5462 συναγωγαὶ
2808 5391 2974 5446 ἐθνῶν
3019 5393 3083 5443 ὲκ
3116 5390 3208 5443 σοῦ
3241 5389 3474 5444 ἔσονται.
3515 5407 3532 5437 ι
3569 5385 3727 5440 Κατὰ

2155 5491 2252 5560 μὲν
2281 5489 2340 5542 τὸ
2380 5487 2674 5560 προφανὲς,
2709 5485 2766 5538 ἓν
2799 5485 2947 5548 ἔθνος
2995 5484 3152 5554 μόνον
3195 5481 3256 5536 τὸ
3303 5481 3570 5536 Ἰουδαίων
3616 5477 3726 5533 ἀπὸ

477 5581 743 5638 duntaxat
787 5583 1014 5640 Iudaica
1061 5602 1191 5656 gens
1236 5587 1304 5639 ab
1340 5583 1508 5641 Jacob
1539 5589 1772 5642 exstitit.
1804 5587 2048 5652 Quonam

2193 5581 2240 5636 δῦ
2279 5581 2470 5636 Ἰακὼϐ
2505 5579 2757 5650 συνέστη.
2795 5579 2918 5642 Πῶς
2957 5573 3047 5631 οὖν
3094 5576 3344 5648 ἁληθεύοι
3377 5573 3442 5628 ἂν
3489 5571 3725 5682 πληθυῖ

2245 5669 2270 5681 -
2353 5669 2407 5682 ..
2579 5671 2592 5682 .
2845 5667 2858 5682 .
2968 5667 3021 5682 ..η
3094 5666 3108 5682 ι
3167 5664 3208 5682 ..
3273 5668 3286 5682 .
3343 5663 3572 5682 πίνω-.-
3629 5679 3679 5682 __

477 5673 641 5729 modo
681 5675 843 5746 igitur
881 5693 1068 5732 verum
1111 5677 1184 5734 sit
1233 5679 1554 5744 oraculum,
1617 5680 1765 5750 quod
1823 5691 2050 5734 numero

2193 5669 2310 5734 ,κῶς
2353 5669 2524 5738 λέγων
2571 5671 2600 5722 ὁ
2645 5667 2922 5740 χρησμός;
2968 5666 3118 5720 Ἐπεὶ
3163 5664 3220 5720 δὲ
3263 5668 3291 5719 ὁ
3343 5663 3574 5737 Χριστὸς
3625 5656 3722 5719 τοό

547 5830 593 5864 ⁶¹
627 5829 762 5888 Gen.
805 5847 978 5894 xvm.
1039 5832 1225 5888 17-18.
1308 5833 1347 5865 δ’
1381 5833 1514 5889 Gen.
1585 5850 1748 5899 xxx-1,
1797 5831 1910 5886 5-4.
1989 5828 2084 5883 ⁸³(

2193 5827 2516 5896 .xxxv,ll.
