4018 6526
202 346 299 404 101
1096 354 1753 415 DEMONSTRATIGNIS
1791 360 2249 420 EVANGELICE
2280 364 2410 421 LIB.
2449 364 2514 421 Il.
3369 369 3467 423 109

192 463 357 523 Θεοῦ.
392 464 459 518 ὲκ
500 463 815 537 σπέρματος
849 467 1041 524 Ἰακὼό
1074 473 1385 542 γενόμενος,
1422 473 1621 538 πολλὰς
1669 492 1771 530 συντ

1893 479 2258 535 multitudinis
2292 482 2465 534 utitur
2492 481 2515 534 ?
2549 487 2835 551 postquam
2872 480 3039 552 igitur
3068 480 3322 538 Christus
3350 480 3465 537 Dei.

190 556 431 623 αγωγὰς
464 555 637 609 ἐθνῶν
673 556 762 609 διὰ
789 559 889 629 τῆς
913 562 1292 635 ,εὐαγγελικῆς
1331 568 1495 621 αὐτοῦ
1533 571 1771 642 συνεκρό-

1889 571 1981 639 qui
2034 586 2101 625 ex
2145 572 2353 627 semine
2403 572 2573 626 Jacob
2605 581 2767 628 natus
2801 581 2923 637 est,
2973 574 3173 628 multos
3221 574 3465 643 gentium

188 661 328 714 τησε
364 645 740 712 διδασκαλίας,
774 651 999 715 εἰκότως
1037 656 1116 717 είς
1160 656 1345 718 αὐτὸν,
1383 661 1474 712 καὶ
1515 661 1582 714 δι’
1621 662 1771 715 αὑτοῐ

1889 671 2189 717 conventus
2233 680 2331 734 per
2382 665 2751 735 evangelicam
2802 680 2957 720 suam
3010 666 3298 721 constituit
3336 665 3465 719 doc~

186 734 258 788 τὰ
290 736 402 805 τῆς
424 740 777 809 προφητείας
811 742 997 807 τέλους
1038 745 1332 818 τετύχηκεν
1361 750 1460 822 ἤδη
1503 752 1783 825 πρότερον,

186 826 285 879 καὶ
311 827 568 887 εἰσαῦθις
592 829 670 884 ἔτι
699 832 896 901 μᾶλλον
918 833 1185 899 τεύξεται.

172 1050 260 1102 -Δ⁹.
302 1048 445 1103 Ἀπὸ
475 1050 588 1128 τοῦ
612 1052 1091 1128 ᾼευτερονομίου.
1110 1084 1181 1128 -ις
1201 1056 1469 1128 Δήλωσις
1490 1060 1600 1128 τῆς
1634 1061 1784 1117 κατὰ

524 1122 675 1175 Θεὸν
708 1122 1091 1193 εὐφροσύνης
1112 1126 1230 1179 τῶν
1255 1122 1463 1184 ἐθνῶνξ

259 1253 281 1288 t
305 1236 699 1309 Εὐφράνθητε,
718 1237 956 1311 οὐρανοὶ,
970 1240 1087 1311 ἅμα
1100 1240 1268 1312 αὐτῷ,
1289 1241 1381 1295 καὶ
1407 1246 1783 1316 προσκυνησά-

169 1342 367 1383 τωσαν
418 1331 571 1402 αὑτῷ
621 1332 823 1397 πάντες
869 1333 974 1386 υἱοὶ
1027 1333 1190 1388 Θεοῦ·
1229 1332 1585 1407 εὖφράνθητε,
1630 1338 1779 1409 ἔθνη,

185 1423 324 1493 μετὰ
349 1423 454 1476 τοῦ
484 1424 615 1478 λαοῦ
638 1425 824 1490 αὐτοῦ,
856 1427 951 1481 καὶ
976 1426 1408 1499 ὲνισχυσᾶτωσαν
1429 1430 1625 1494 αὐτοὺς
1654 1430 1783 1485 πᾶν-

178 1530 264 1577 τες
281 1515 518 1584 ἄγγελοι
543 1517 699 1570 Θεοῦ.
716 1537 733 1568 ι
754 1519 896 1572 Ἀντὶ
915 1518 1028 1582 τοῦ,
1055 1538 1073 1570 ι
1105 1518 1781 1592 Εὑφράνθητε,ἕθνη,μετὰ

177 1606 268 1659 τοῦ
286 1606 429 1660 λαοῦ
447 1609 638 1671 αὐτοῦ,
668 1629 685 1661 ι
717 1611 746 1662 ὁ
776 1612 1053 1676 Ἀκύλας-ι
1078 1613 1423 1683 Ἑνοπήσατε,
1447 1613 1627 1684 φησὶν,
1653 1614 1776 1688 ἔθνη

180 1697 317 1765 μετὰ
350 1697 451 1751 τοῦ
484 1696 615 1751 λαοῦ
652 1700 816 1754 αὐτοῦ
837 1717 851 1730 ·
879 1721 896 1754 ι
919 1702 1013 1755 καὶ
1036 1699 1342 1756 Θεοδοτίων⁹
1365 1720 1382 1754 ι
1407 1702 1775 1772 Ἀγαλλιᾶσθε,

178 1786 326 1859 ἔθνη,
374 1786 510 1852 λαὸς
536 1790 723 1843 αὑτοῦ.
764 1809 783 1843 ι

1886 755 2107 813 trinam.
2140 756 2333 809 merito
2364 757 2418 810 in
2442 772 2508 811 eo
2533 797 2547 821 ,
2576 765 2631 812 et
2660 772 2755 825 per
2779 772 2939 823 eum;
2974 773 3095 828 qua;
3126 758 3191 811 ad
3226 758 3465 828 prophe-

1887 845 2016 899 tiam
2049 847 2361 915 pertinent,
2408 848 2520 917 jam
2575 857 2701 903 ante
2744 849 2948 903 exitum
3002 850 3376 914 invenerunt,
3408 857 3464 905 et

1886 937 2115 1005 posthac
2143 937 2270 991 item
2297 938 2472 1007 magis
2497 939 2793 993 invenient.

1883 1044 1974 1103 Ν.
2008 1050 2052 1103 Α
2081 1047 2506 1105 Deuteronomio.
2544 1082 2612 1124 ——_
2659 1051 2959 1124 Decilaratio
2995 1053 3193 1107 la'titiae
3219 1056 3452 1124 gentium

2412 1122 2697 1174 secundum
2738 1123 2923 1177 Deum.

1960 1248 1980 1280 ‹
2025 1226 2344 1297 Lzetamini,
2404 1233 2571 1297 coeli,
2623 1248 2744 1287 cum
2790 1249 2895 1299 eo,
2948 1243 3003 1290 et
3053 1236 3278 1292 adorent
3329 1252 3453 1293 eum

1882 1334 2073 1376 omnes
2095 1323 2185 1377 lilii
2222 1322 2312 1377 Dei
2340 1342 2353 1377 :
2380 1323 2658 1390 lzetamini,
2691 1334 2898 1394 gentes,
2923 1340 3046 1378 eum
3077 1327 3275 1395 populo
3307 1327 3453 1395 ejus.

1882 1418 1935 1465 et
1963 1410 2127 1466 fortes
2156 1411 2391 1467 eﬂiciant
2435 1429 2529 1468 eos
2563 1429 2752 1468 omnes
2785 1413 2961 1483 angeli
2992 1417 3111 1482 ejus
3128 1415 3195 1467 “.
3218 1435 3236 1467 ι
3259 1414 3365 1469 Pro
3386 1430 3454 1472 eo

1882 1512 2059 1558 autem
2093 1504 2237 1573 quod
2260 1515 2342 1560 est
2370 1524 2382 1559 :
2422 1523 2439 1554 ι
2480 1504 2758 1560 Laetamini
2780 1546 2796 1568 ,
2834 1513 3022 1576 gentes
3048 1546 3061 1569 ,
3093 1521 3215 1559 cum
3254 1506 3454 1576 populo

1881 1595 2021 1664 ejus,
2055 1615 2073 1647 ι
2098 1596 2328 1667 Aquila,
2364 1616 2382 1649 ι
2414 1597 2821 1661 Vocileramini,
2856 1597 3053 1667 inquit,
3086 1605 3295 1667 gentes,
3325 1614 3450 1652 eum

1880 1685 2080 1755 populo
2109 1687 2261 1756 ejus;
2288 1708 2307 1740 ι
2341 1696 2393 1742 et
2423 1686 2788 1756 Theodotion,
2853 1687 3183 1753 «Exsultate,
3218 1697 3405 1760 gentes
3432 1728 3449 1755 ,

1880 1778 2114 1848 populus
2135 1777 2275 1847 ejus.
2308 1798 2326 1831 ›

177 1898 251 1951 E'.
294 1899 449 1973 Ἀπὸ
472 1900 605 1973 ᾔτοῦ
654 1901 911 1973 ψαλμοῦ,
950 1908 1061 1973 καῖ’.
1106 1931 1177 1973 έ-
1213 1902 1307 1973 Ὡς
1345 1903 1464 1957 τῶν
1502 1905 1771 1973 περάτων

1874 1887 1938 1943 V.
1995 1891 2037 1944 Α
2089 1893 2293 1960 psalmo
2328 1908 2442 1973 xxi.
2483 1924 2553 1934 —
2592 1892 2745 1959 Quod
2760 1902 3137 1973 extremorum
3176 1900 3362 1955 terrm,
3398 1899 3450 1946 et

246 1968 364 2044 ςῆς
418 1968 696 2044 γῆςηκαὶ
720 1970 857 2044 Δτῶν⁴
891 1972 1083 2044 ἐθνῶν
1118 1968 1397 2044 ἀπάντων
1435 1968 1768 2044 ἐπιστροφὴ

242 2040 425 2092 ἔσται
474 2041 626 2107 πρὸς
670 2041 779 2093 τὸν
830 2042 997 2105 Θεὸν,
1045 2041 1219 2110 γενειὶ
1260 2061 1324 2095 τε
1368 2040 1622 2106 ἥξουσα,
1672 2040 1768 2098 καὶ

241 2110 405 2176 λαὸς
434 2113 958 2184 όμτεχθησόμενος
997 2112 1112 2181 τὴν
1150 2114 1337 2167 αὑτοῦ
1378 2114 1771 2184 δικαιοσύνην

241 2180 703 2249 παραλήψεται.

254 2312 273 2345 ι
321 2295 776 2367 Μνησθήσονται,
793 2294 886 2348 καὶ
904 2296 1544 2369 ὲπιστραφήσονταιπρὸς
1567 2297 1771 2370 Κύριον

177 2386 360 2439 πάντα
392 2386 465 2440 τὰ
501 2387 717 2458 πέρατα
746 2386 846 2455 τῆς
873 2388 996 2457 γῆς,
1030 2387 1123 2440 καὶ
1150 2391 1615 2460 προσκυνήσουσιν
1638 2390 1770 2443 ἐνώ-

175 2493 298 2528 πιον
354 2474 529 2529 αὑτοῦ
580 2478 754 2529 πᾶσαι
797 2477 855 2528 αἱ
902 2477 1126 2545 πατριαὶ
1164 2477 1273 2530 τῶν
1309 2478 1511 2531 ἐθνῶν·
1550 2480 1630 2532 ὅτι
1672 2480 1767 2533 τοῦ

176 2567 385 2635 Κυρίου
411 2569 447 2637 ἡ
485 2566 753 2636 βασιλεία,
794 2568 887 2620 καὶ
925 2570 1086 2632 αὐτὸς
1109 2568 1355 2631 δεσπόζει
1393 2568 1498 2622 τῶν
1528 2570 1714 2623 ἐθνῶν.
1742 2590 1761 2621 ι

176 2657 284 2711 Καὶ
305 2657 443 2727 ἑξῆς
474 2658 716 2726 ἐπιλέγει
740 2675 753 2687 ·
797 2677 813 2707 ι
864 2658 1319 2728 Ἀναγγελὴσεται
1341 2658 1419 2728 τῷ
1449 2659 1636 2730 Κυρίῳ
1686 2677 1769 2728 γε-

176 2749 268 2806 νεὰ
318 2751 354 2819 ἡ
392 2748 694 2821 ἐρχομένη,
736 2751 828 2802 καὶ
875 2749 1231 2818 ἁναγγελοῦσι
1279 2750 1378 2819 τὴν
1425 2751 1768 2823 δικαιοσύνην

175 2842 337 2896 αὑτοῦ
367 2843 490 2912 λαῷ
513 2842 593 2913 τῷ
619 2843 1020 2914 τεχθησομένῳ,
1053 2844 1111 2896 ὃν
1151 2843 1403 2914 εποίησεν
1426 2844 1454 2895 ὁ
1486 2843 1709 2915 Κύριος.
1742 2864 1761 2896 ›

176 2935 325 3007 Σαφῆ
359 2934 564 3000 ταῦτα,
601 2935 708 2987 οὐδ’
743 2935 1038 3007 ἑρμηνείας
1064 2934 1312 3005 δεόμενα.

178 3048 262 3112 ς’.
296 3048 436 3100 Ἀπὸ
465 3047 575 3101 τοῦ
604 3047 851 3116 ψαλμοῦ
886 3053 999 3116 μςπ.
1024 3079 1093 3087 —
1121 3047 1444 3113 Εὑσεὸείας
1470 3048 1619 3116 ὁμοῦ
1664 3049 1763 3102 καὶ

239 3118 655 3185 σωφροσύνης
681 3118 1007 3185 ἐπαγγελία
1049 3117 1166 3180 τοῖς
1207 3117 1430 3183 ἔθνεσι,
1479 3118 1577 3171 καὶ
1617 3120 1765 3173 Θεοῦ

233 3187 536 3251 βασιλεία
565 3188 661 3241 ἐπὶ
692 3188 761 3241 τὰ
792 3188 959 3255 ἔθνη.

237 3303 433 3355 Πάντα
452 3304 521 3355 τὰ
535 3302 683 3372 ἔθνη,
708 3304 873 3373 κροτή
881 3319 1009 3356 σατε
1022 3304 1229 3373 χεῖρας,
1243 3302 1539 3369 ἀλαλάξατε
1556 3303 1633 3374 τῷ
1647 3304 1765 3375 Θεῷ

176 3396 227 3445 ἐν
258 3396 413 3464 φωνῇ
449 3394 822 3462 ἀγαλλιάσεως
845 3412 858 3423 ·
894 3395 974 3447 ὅτι
1008 3393 1212 3464 Κύριος
1242 3393 1481 3463 ὕψιστος,
1511 3396 1764 3467 φοϐερὸς.

176 3486 431 3555 βασιλεὺς
456 3486 632 3555 μέγας
660 3488 754 3539 ἐπὶ
788 3488 969 3539 πᾶσαν
1004 3487 1105 3557 τὴν
1139 3487 1262 3557 γῆν.
1296 3506 1314 3539 ι
1350 3487 1459 3540 Καὶ
1490 3488 1614 3558 ἑξῆς
1646 3490 1765 3541 ὲπι-

172 3574 353 3644 λέγει’
396 3595 419 3628 ‹
458 3578 581 3628 Ὀτι
622 3576 873 3647 βασιλεὺς
910 3578 1089 3648 πάσης
1118 3577 1218 3647 τῆς
1254 3578 1359 3647 γῆς
1404 3579 1432 3629 ὁ
1466 3578 1617 3641 Θεὸς,
1658 3579 1763 3648 ψά-

174 3668 298 3722 λατε
331 3668 599 3733 συνετῶς.
647 3670 1024 3723 Ἐϐασίλευσεν
1050 3672 1078 3723 ὁ
1107 3671 1240 3734 Θεὸς
1273 3671 1366 3724 ἐπὶ
1407 3670 1476 3723 τὰ
1516 3671 1663 3742 ἔθνη.
1706 3672 1764 3724 Ὀ

173 3760 302 3825 Θεὸς
354 3761 592 3833 κάθηται
644 3761 737 3815 ἐπὶ
784 3761 976 3833 θρόνου
1026 3762 1181 3831 ἁγίου
1230 3762 1415 3816 αὐτοῦ.
1473 3763 1765 3835 ’Ἄρχοντες

174 3852 314 3907 λαῶν
363 3854 715 3926 συνήχθησαν
768 3855 907 3925 μετὰ
947 3854 1040 3909 τοῦ
1084 3854 1219 3908 Θεοῦ
1272 3854 1542 3925 Ἀϐραάμ.
1583 3872 1601 3905 ι
1653 3856 1764 3909 Καὶ

175 3947 344 4000 ταῦτα
379 3948 555 4017 σαφῆ,
587 3948 681 4000 καὶ
706 3948 815 4002 οὐδ’
843 3949 1136 4020 ἑρμηνείας
1164 3948 1414 4018 δεόμενα.

173 4061 246 4115 Ζ’.
291 4060 439 4114 Ἀπὸ
470 4060 720 4130 ψαλμοῦ
750 4068 869 4129 πη⁹.
904 4094 973 4103 -
998 4061 1266 4127 Δήλωσις
1302 4060 1611 4125 εὐσεϐείας
1645 4058 1765 4112 τῶν

867 4130 1076 4186 ἐθνῶν.

250 4265 270 4299 ι
309 4247 427 4301 Οὐκ
456 4246 604 4301 ἔστιν
632 4247 815 4319 ὅμοιός
860 4264 942 4301 σοι
982 4247 1040 4301 ἐν
1085 4245 1245 4309 θεοῖς,
1280 4245 1472 4317 Κύριε,
1518 4243 1613 4298 καὶ
1663 4243 1763 4297 οὐκ

177 4338 284 4391 ἔστι
310 4338 460 4393 κατὰ
505 4338 645 4411 ἔργα
677 4356 792 4391 σου.
829 4340 1014 4392 Πάντα
1047 4338 1114 4391 τὰ
1148 4338 1272 4409 ἔθνη
1327 4339 1428 4391 ὅσα
1474 4335 1757 4406 ἐποίησας,

1944 1975 2251 2016 cunctarum
2274 1968 2501 2032 gentium
2536 1965 2805 2017 eunversio
2835 1971 2935 2017 erit
2963 1963 3031 2016 ad
3070 1963 3229 2015 Deum
3254 2004 3269 2026 ,
3298 1979 3451 2031 gene-

1945 2033 2190 2115 ratioque
2201 2045 2439 2115 ventura,
2468 2043 2516 2087 et
2537 2035 2759 2103 populus
2787 2037 2876 2103 qui
2896 2042 3163 2098 nascetur,
3176 2034 3448 2103 justitiam

1942 2112 2057 2172 ejus
2078 2112 2315 2172 accipiet.

1949 2310 1967 2344 ι
2009 2291 2491 2358 Reminiscentur;
2532 2300 2587 2349 et
2617 2302 3005 2350 convertentur
3044 2296 3114 2352 ad
3158 2295 3446 2351 Dominum

1871 2384 2109 2439 universi
2138 2383 2273 2439 lines
2299 2394 2476 2448 terrm,
2501 2394 2555 2440 et
2576 2386 2884 2441 adorabunt
2916 2387 2971 2442 in
2991 2396 3290 2459 conspectu
3323 2389 3444 2455 ejus

1871 2475 2139 2529 universa:
2162 2474 2377 2529 familiae
2405 2476 2643 2542 gentium
2673 2496 2686 2530 :
2719 2474 2987 2542 Quoniam
3020 2476 3230 2531 Domini
3252 2486 3335 2532 est
3357 2495 3444 2532 re-

1871 2581 2034 2635 gnum
2068 2604 2083 2627 ,
2120 2573 2173 2620 et
2215 2565 2332 2635 ipse
2375 2566 2748 2620 dominabitur
2796 2567 2851 2621 in
2896 2567 3148 2636 gentibus
3198 2566 3241 2599 "
3268 2606 3284 2631 ,
3326 2586 3344 2620 ι
3380 2582 3446 2621 ac

1870 2657 2129 2728 deinceps
2153 2658 2397 2729 adjungit
2430 2677 2443 2713 :
2487 2676 2507 2710 ‹
2544 2658 2980 2714 Annuntiabitur
3014 2659 3242 2714 Domino
3274 2675 3445 2732 genev

1870 2751 2010 2802 ratio
2046 2756 2273 2803 ventura
2300 2788 2314 2812 ,
2362 2756 2415 2803 et
2451 2750 2857 2804 annuntiabunt
2884 2749 3153 2818 justitiam
3190 2750 3311 2816 ejus
3347 2764 3445 2818 po-

1868 2840 2018 2909 pulo,
2053 2839 2143 2909 qui
2177 2847 2457 2903 nascetur,
2482 2856 2642 2909 quem
2678 2839 2806 2895 fecit
2836 2839 3096 2895 Dominus
3128 2841 3192 2891 δθ.
3227 2856 3249 2893 ι
3275 2838 3443 2893 Plana

1869 2941 1997 2987 sunt
2028 2933 2141 2987 [nec
2172 2972 2187 2996 ,
2222 2940 2276 2987 et
2303 2934 2508 2988 nullius
2541 2934 3008 3003 interpretationis
3047 2933 3365 3003 indigentia.

1869 3046 1958 3101 Vl.
1996 3046 2038 3100 Α
2089 3048 2294 3116 psalmo
2338 3064 2485 3103 XLVI.
2536 3078 2607 3089 —
2654 3048 2876 3102 Pietatis
2909 3049 3105 3115 pariter
3148 3057 3197 3101 et
3246 3047 3446 3101 lwtitic

1975 3118 2252 3187 promissio
2278 3119 2518 3189 gentibus
2544 3159 2559 3185 ,
2595 3128 2641 3173 et
2686 3118 2784 3172 Dei
2815 3136 3027 3189 regnum
3054 3120 3108 3171 in
3138 3128 3334 3189 gentes.

1945 3313 1964 3347 ι
2002 3294 2203 3351 Omnes
2234 3302 2420 3365 gentes
2464 3294 2706 3364 plaudite
2739 3294 2991 3349 manibus
3014 3334 3030 3359 ,
3059 3294 3289 3362 jubilate
3330 3292 3443 3348 Deo

1865 3388 1919 3443 in
1948 3404 2080 3442 voce
2102 3387 2508 3451 exsultationis,
2543 3388 2800 3456 quoniam
2836 3386 3095 3441 Dominus
3119 3385 3440 3449 altissimus,

1863 3480 2123 3535 terribilis
2148 3520 2162 3541 ,
2200 3496 2296 3533 rex
2326 3492 2556 3547 magnus
2603 3493 2767 3547 super
2798 3492 3014 3531 omnem
3065 3487 3263 3529 terram
3285 3475 3328 3506 ⁸⁷
3358 3514 3372 3536 ,
3415 3491 3438 3527 υ

1864 3586 1927 3624 ac
1950 3572 2205 3640 deinceps
2223 3571 2502 3640 adjungit:
2528 3587 2545 3618 ι
2570 3567 2837 3633 Quoniam
2856 3583 2944 3621 rex
2964 3566 3141 3620 omnis
3157 3565 3264 3637 47
3284 3573 3443 3619 terra:

1866 3662 2029 3726 Deus,
2051 3662 2266 3733 psallite
2289 3662 2584 3730 sapienter.
2603 3658 2869 3729 Regnavit
2888 3657 3026 3712 Deus
3049 3674 3212 3727 super
3226 3668 3437 3727 gentes.

1865 3753 2008 3809 Deus
2064 3752 2218 3809 sedet
2253 3750 2417 3821 super
2451 3752 2580 3807 sede
2623 3758 2809 3806 sancta
2852 3764 2968 3804 sua.
2999 3748 3279 3818 Principes
3344 3764 3442 3817 po-

1864 3848 2113 3916 pulorum
2142 3852 2515 3900 convenerunt
2530 3858 2651 3896 cum
2686 3840 2797 3895 Deo
2813 3841 3084 3894 Abraham
3107 3840 3172 3891 “.
3198 3860 3215 3891 ι
3242 3837 3305 3892 Et
3327 3840 3440 3893 haec

1865 3938 1993 3993 item
2025 3939 2180 4008 plana
2210 3978 2225 4002 ,
2258 3953 2359 3992 nec
2392 3934 2860 4005 interpretationis
2886 3932 3201 4003 indigentia.

1862 4047 1975 4103 VII.
2032 4049 2073 4102 Α
2104 4047 2308 4117 psalmo
2340 4062 2537 4101 Lxxxv.
2575 4074 2645 4126 -ς-
2696 4043 2999 4097 Declaratio
3050 4040 3264 4111 pietatis
3311 4054 3437 4111 gen-

2575 4125 2728 4169 tium.

1939 4251 1959 4286 ι
1996 4233 2111 4290 Νοη
2143 4241 2227 4288 est
2258 4232 2457 4288 similis
2493 4232 2591 4286 tibi
2619 4231 2675 4285 in
2706 4229 2831 4293 diis,
2860 4227 3108 4289 Domine,
3131 4231 3184 4280 et
3217 4240 3325 4279 non
3348 4230 3434 4279 est

1865 4325 2167 4379 secundum
2193 4339 2358 4393 opera
2388 4332 2501 4377 tua.
2534 4322 2737 4378 Omnes
2767 4326 2954 4390 gentes
2970 4329 3327 4388 quascunque
3352 4313 3432 4368 le-

178 4431 380 4503 ἦξουσι,
414 4432 511 4484 καὶ
541 4432 1009 4503 προσκυνήσουσιν
1040 4429 1272 4483 ἐνώπιόν
1301 4446 1415 4493 σου,
1446 4426 1639 4498 Κύριε,
1665 4426 1760 4479 καὶ

1874 4419 2010 4481 cisti,
2045 4419 2287 4479 venient,
2332 4428 2386 4472 et
2427 4418 2735 4471 adorabunt
2773 4429 2957 4470 coram
2998 4422 3071 4474 te,
3106 4410 3352 4471 Domine,
3383 4416 3437 4463 et

178 4521 457 4587 δοξάσουσι
492 4521 554 4575 τὸ
581 4521 751 4593 ὄνομά
792 4539 884 4574 σου
910 4540 923 4552 ·
952 4523 1034 4575 ὅτι
1066 4521 1234 4592 μέγας
1262 4517 1313 4574 εἴ
1344 4521 1427 4584 σὺ,
1462 4520 1557 4572 καὶ
1588 4517 1756 4571 ποιῶν

1874 4509 2241 4582 gloriﬁcabunt
2263 4525 2463 4564 nomen
2496 4516 2650 4562 tuum
2685 4526 2698 4562 :
2724 4505 2982 4575 quoniam
3006 4517 3235 4572 magnus
3268 4515 3329 4555 es
3349 4505 3431 4560 tu.

179 4612 487 4683 θαυμάσια·
524 4613 588 4665 σὺ
620 4590 880 4675 εἶτοΘεὸς
915 4590 1093 4682 μόνος.
1139 4630 1157 4662 ι
1202 4609 1429 4674 Ὁμοίως
1463 4607 1757 4662 καὶταῦτα

1874 4612 1913 4659 ξι
1932 4603 2137 4659 faciens
2164 4602 2433 4656 mirabilia
2463 4621 2476 4657 :
2509 4609 2566 4655 tu
2593 4615 2654 4655 es
2680 4599 2821 4654 Deus
2846 4597 3000 4653 solus
3021 4595 3085 4651 δ’.
3110 4613 3128 4646 δ
3163 4590 3287 4647 Haec
3305 4590 3437 4647 item

178 4706 339 4774 σαφῆ.
1857 4714 1967 4753 non
2000 4697 2182 4752 minus
2213 4695 2499 4766 perspicua
2528 4699 2676 4749 sunt.

176 4821 251 4872 li’.
298 4819 450 4875 Ἀπὸ
485 4818 594 4871 τοῦ
640 4816 910 4886 ψαλμοῦ.
944 4821 1053 4887 ιβ’,
1082 4846 1154 4887 -τ-
1197 4812 1465 4880 Δήλωσις
1514 4811 1758 4887 italu-twi-

1874 4809 1993 4887 Vill.
2021 4808 2065 4861 Α
2096 4808 2300 4887 psalmo
2332 4823 2468 4887 xcv._
2488 4836 2558 4846 —
2590 4800 3163 4887 Declaratio‘omnium

962 4870 1061 4939 καὶ
1103 4867 1368 4954 ᾄσμαιτος
1396 4867 1627 4946 uatum"),
1659 4881 1757 4935 καὶ

1932 4867 2165 4954 pietatis,
2199 4889 2247 4933 et
2276 4879 2489 4937 cantici.
2529 4888 2579 4954 et
2626 4874 3003 4944 intelligentiw,
3050 4880 3098 4925 et
3140 4870 3283 4938 regni
3317 4867 3432 4929 Dei,

232 4959 568 5025 ,ϐασιλείας
599 4959 765 5019 Θεοῦ,
794 4947 1272 5025 καὶόἰκουιὶέτῖης
1299 4947 1682 5021 κὰτόρθωσις.

1933 4947 1981 5004 et
2007 4949 2147 5003 orbis
2175 4959 2329 5002 terra:
2357 4947 2633 5002 correctio.

245 5072 263 5103 ι
306 5053 517 5124 ’ᾼσατε
533 5049 612 5121 τῷ
645 5051 833 5121 Κυρίῳ
858 5045 1008 5120 ᾆσμα
1032 5047 1238 5108 καινὸν,
1269 5047 1439 5118 ᾄσατε
1462 5044 1538 5115 τῷ
1568 5041 1758 5114 Κυρίῳ

1937 5060 1955 5090 ι
1993 5041 2224 5096 Cantate
2255 5040 2487 5096 Domino
2512 5040 2785 5095 canticum
2818 5051 3040 5099 novum,
3082 5039 3297 5087 cantate
3329 5028 3434 5081 Do-

176 5147 320 5197 πᾶσα
423 5144 519 5214 γῆ.
558 5120 760 5213 ’ᾼσατε
779 5141 856 5212 τῷ
884 5142 1096 5213 Κυρίῳ,
1126 5140 1454 5210 εὐλογήσατε
1486 5136 1546 5189 τὸ
1590 5135 1761 5206 ὄνομα

1874 5135 2012 5189 mino
2043 5134 2223 5188 omnis
2248 5142 2417 5189 terra.
2451 5132 2682 5188 Cantate
2744 5130 2994 5191 Domino,
3029 5135 3084 5181 et
3131 5120 3431 5178 benedicite

99 5240 105 5245 “
179 5236 361 5299 αὐτοῦ,
381 5233 811 5303 εὐαγγελίσασθε
841 5233 1056 5304 ἡμέραν
1091 5231 1148 5297 ἐξ
1180 5230 1392 5303 ἡμέρας
1413 5229 1472 5281 τὸ
1496 5229 1759 5299 σωτήριον

1874 5225 2070 5280 nomini
2119 5226 2260 5294 ejus,
2309 5224 2631 5279 annuntiate
2690 5223 2756 5277 de
2791 5221 2878 5276 die
2932 5220 2986 5273 in
3020 5216 3160 5270 diem
3194 5215 3433 5267 salutare

1864 5317 2005 5386 ejus,
2043 5318 2365 5372 annuntiate
2393 5318 2447 5371 in
2486 5316 2741 5387 gentibus
2779 5313 3005 5384 gloriam
3040 5308 3182 5379 ejus,
3231 5306 3285 5359 in
3318 5320 3435 5358 om.

1865 5409 2027 5464 nibus
2059 5409 2273 5479 populis
2299 5408 2572 5461 mirabilia
2602 5406 2721 5477 ejus
2749 5421 2759 5456 :
2784 5403 3041 5473 quoniam
3075 5412 3305 5469 magnus
3328 5393 3435 5447 Do-

1867 5501 2090 5564 minus,
2131 5509 2184 5556 et
2238 5500 2527 5555 laudabilis
2585 5497 2780 5551 valde:
2815 5492 3078 5548 terribilis
3135 5498 3219 5545 est
3269 5499 3434 5555 super

1866 5610 2058 5649 omnes
2083 5592 2215 5648 deos
2244 5594 2289 5636 I°
2315 5611 2329 5653 ;
2370 5611 2388 5642 ι
2417 5599 2470 5646 et
2497 5576 2741 5653 adiungit
2772 5604 2784 5639 :
2824 5606 2841 5638 ι
2873 5585 3073 5639 All‘erte
3107 5581 3335 5637 Domino
3356 5576 3435 5633 la-

1998 5716 2039 5748 ⁸⁷
2074 5712 2223 5769 Psal.
2282 5728 2427 5773 sui,
2490 5709 2611 5763 2-3.
2717 5705 2981 5761 “ibid.8
3020 5704 3103 5756 ll).
3214 5694 3426 5750 "l‘sal.

179 5327 335 5380 αὑτοῦ
356 5345 371 5357 °
401 5326 761 5395 ἁναγγεελατε
795 5328 853 5377 ὲν
895 5327 1005 5389 τοῖς
1045 5324 1222 5376 ἔθνεσι
1247 5323 1345 5391 τὴν
1385 5321 1539 5386 δόξαν
1571 5317 1756 5382 αὑτοῦ,

182 5418 236 5471 ἐν
264 5422 401 5473 πᾶσι
440 5422 555 5483 τοῖς
603 5418 750 5482 λαοῖς
791 5417 862 5471 τὰ
903 5417 1183 5489 θαυμάσια
1225 5413 1423 5468 αὐτοῦ’
1462 5414 1544 5465 ὅτι
1587 5412 1759 5482 μέγας

186 5509 381 5581 Κύριος
407 5510 505 5563 καὶ
532 5509 741 5573 αίνετδς
782 5508 988 5580 σφόδρα
1006 5524 1019 5537 ·
1068 5504 1298 5577 φοϐερός
1328 5506 1473 5557 ἐστιν
1501 5502 1593 5554 ἐπὶ
1624 5500 1757 5554 πάν·

185 5612 275 5663 τας
321 5600 449 5663 τοὺς
500 5598 675 5663 θεούς.
729 5618 747 5651 ι
784 5600 892 5652 Καὶ
940 5598 1218 5665 ἐπιλέγει·
1272 5614 1291 5648 ‹
1353 5594 1645 5655 Ἐνέγκατε
1682 5599 1761 5667 τῷ

254 5714 299 5742 ⁸⁸
320 5717 484 5771 Deut.
516 5732 693 5772 xxx".
718 5717 809 5773 45.
885 5717 929 5747 ⁸⁸
960 5715 1110 5771 Psal.
1137 5730 1250 5779 XXI,
1286 5713 1476 5769 28-99.
1556 5712 1601 5744 “
1636 5709 1770 5770 Ibid.
1800 5715 1887 5769 32.

206 5796 399 5852 unv,
431 5785 585 5840 8-l0.
660 5787 705 5819 '°
734 5783 878 5841 Psal.
904 5799 1024 5851 xcv,
1056 5784 1108 5841 5.
