4018 6516
1170 391 1822 449 DEMONSTRATIONIS
1859 391 2320 451 EVANGELICE
2359 393 2486 449 LIB.
2523 395 2590 451 ll.
3405 397 3504 453 HO

243 388 361 448 £09

237 509 382 573 κτός
415 526 538 581 μου,
579 508 940 581 προσεδέξατο
971 510 1132 564 αὐτὸν
1177 514 1210 583 ή
1261 512 1405 584 ψυχή
1448 522 1570 582 μου.
1625 510 1813 564 Ἔδωκε

1944 511 2163 568 admisit
2213 527 2338 568 eum
2375 512 2519 584 apud
2561 528 2621 568 se
2669 513 2849 568 anima
2888 511 3200 568 meazdedi
3252 514 3503 584 spiritum

234 601 304 656 τὸ
336 600 556 672 πνεῦμά
603 619 704 671 μου
751 602 838 654 ἐπ’
884 603 1068 667 αὑτὸν,
1119 605 1213 657 καὶ
1259 604 1442 675 κρίσιν
1486 607 1599 666 τοῖς
1630 603 1813 656 ἔθνεσιε

1937 620 2117 660 meum
2158 621 2324 677 super
2370 621 2518 671 eum,
2553 605 2888 675 ctjudicium
2931 605 3186 677 gentibus
3217 605 3501 678 proferet:

234 693 470 759 ἐξοίσει.
503 695 579 748 Οὒ
604 694 884 765 κεκράξει,
916 694 1035 747 οὐδὲ
1057 696 1266 766 ἀνήσει,
1299 695 1420 748 οὐδὲ
1438 694 1811 767 ἀκουσθήσεται

1936 711 2046 750 non
2083 696 2363 760 clamabit,
2391 712 2568 767 neque
2586 698 2842 762 remittet,
2867 713 3043 768 neque
3077 698 3332 754 audietur
3366 698 3505 754 foris

232 787 349 852 ἐξω
372 790 403 858 ή
427 788 580 856 φωνὴ
611 786 797 840 αὐτοῦ·
841 786 1082 857 κάλαμον
1115 786 1570 857 συντεθλασμένον
1616 787 1676 839 οὐ
1699 804 1832 840 κατ-

227 879 411 942 εάξει,
475 881 569 932 καὶ
598 878 743 932 λίνον
780 879 1078 948 τυφόμενον
1108 879 1170 931 οὐ
1204 879 1406 943 σϐέσει,
1448 877 1560 931 ἀλλ’
1591 879 1668 941 είς
1699 877 1832 950 ἀλή-

227 971 390 1024 θειαν
419 971 621 1036 ἐξοίσει
676 971 878 1042 κρίσιν’
905 970 1232 1041 ἀναλάμψει,
1263 971 1356 1024 καὶ
1403 971 1464 1024 οὐ
1494 969 1830 1042 θραυσθήσε-

225 1081 346 1126 ται,
378 1064 490 1127 ἕως
522 1064 590 1134 θῇ
621 1064 714 1116 ἐπί
743 1063 846 1132 τῆς
873 1063 977 1133 γῆς
1008 1064 1209 1134 κρίσιν’
1246 1063 1340 1116 καὶ
1372 1063 1465 1115 ἐπὶ
1491 1061 1570 1133 τῷ
1606 1063 1832 1133 ὀνόματι

223 1155 403 1208 αὐτοῦ
446 1156 576 1226 ἔθνη
618 1155 912 1208 ἐλπιοῦσιν.
957 1174 974 1206 ι
1005 1155 1115 1208 Καὶ
1147 1155 1273 1226 ἐξῆς
1299 1154 1540 1222 ἐπιλέγει
1570 1168 1582 1180 ⁸
1620 1172 1639 1205 ι
1690 1153 1830 1222 Ἐγὼ

222 1247 444 1318 Κύριος
476 1251 505 1301 ὁ
533 1247 665 1310 Θεὸς
699 1247 937 1301 ἐκάλεσά
970 1265 1028 1300 σε
1073 1248 1129 1299 ἐν
1181 1246 1516 1316 δικαιοσύνῃ,
1559 1246 1654 1299 καὶ
1694 1262 1828 1316 κρα-

218 1342 382 1410 τήσω
413 1341 518 1410 τῆς
546 1340 731 1410 χειρός
767 1357 882 1406 σου,
913 1341 1006 1393 καὶ
1035 1339 1302 1410 ἐνισχύσω
1340 1355 1418 1392 σε’
1444 1338 1537 1391 καὶ
1564 1333 1742 1390 ἔδωκά
1768 1354 1826 1390 σε

216 1435 303 1494 είς
331 1432 614 1503 διαθήκην
640 1433 851 1502 γένους,
883 1435 961 1495 εἰς
991 1432 1105 1502 φῶς
1150 1432 1338 1494 ἐθνῶν,
1379 1429 1584 1494 ἀνοῖξαι
1630 1427 1828 1498 ὀφθαλ-

220 1524 361 1592 μοὺς
391 1523 642 1592 τυφλῶν,
689 1523 977 1592 ἐξαγαγεῖν
1023 1525 1087 1576 ἐκ
1126 1523 1339 1594 δεσμῶν
1386 1523 1699 1594 δεδεμένους
1730 1524 1825 1575 καὶ

211 1613 277 1680 ἐξ
300 1612 471 1666 οἴκου
509 1614 759 1685 φυλακῆς
793 1614 1134 1685 καθημένους
1179 1616 1234 1667 ἐν
1283 1614 1480 1676 σκότει,
1533 1612 1672 1682 Ἐγὼ
1710 1613 1824 1666 Κύ-

214 1721 338 1776 ριος
367 1708 399 1758 ὁ
432 1705 590 1770 Θεὸς,
619 1705 778 1759 τοῦτό
816 1724 916 1777 μου
955 1708 1102 1760 ἐστὶν
1149 1706 1340 1778 ὄνομα,
1372 1706 1469 1779 τὴν
1512 1705 1668 1771 δόξαν
1721 1724 1821 1778 μου

211 1795 399 1868 ἑτέρῳ
431 1798 496 1850 οὐ
521 1797 697 1860 δώσω,
724 1798 846 1852 οὐδὲ
875 1798 974 1861 τὰς
1003 1799 1203 1870 ἀρετάς
1241 1815 1340 1870 μου
1385 1801 1499 1861 τοῖς
1545 1797 1819 1867 γλυπτοῖς·

1935 802 2039 842 vox
2065 788 2186 857 ejus
2219 805 2232 842 :
2284 789 2553 843 calamum
2601 789 3077 845 collabefactatum
3117 807 3228 846 non
3263 791 3501 862 franget,

1934 886 1987 934 et
2015 879 2219 949 lignum
2248 878 2520 948 fumigans
2553 895 2663 935 non
2689 882 3020 951 exstinguet,
3054 884 3149 938 sed
3186 885 3240 938 in
3269 885 3504 940 veritate

1932 970 2175 1040 proferet
2203 970 2469 1040 judicium
2506 989 2520 1025 :
2552 973 2942 1041 resplendebit,
2970 981 3023 1027 et
3053 989 3160 1028 non
3195 973 3497 1046 frangetur,

1933 1060 2106 1115 donec
2132 1067 2299 1132 ponat
2332 1061 2388 1115 in
2431 1069 2576 1116 terra
2609 1061 2876 1132 judicium
2905 1083 2917 1118 :
2948 1074 3002 1118 et
3037 1067 3090 1120 in
3134 1067 3358 1121 nomine
3380 1070 3502 1138 ejus

1930 1162 2121 1224 gentes
2162 1155 2460 1223 sperabunt
2477 1155 2520 1184 ’⁷³
2544 1171 2558 1220 ;
2585 1172 2604 1204 ›
2640 1169 2703 1208 ac
2732 1154 2984 1225 deinceps
3016 1155 3260 1228 adjungit
3289 1177 3303 1212 :
3337 1177 3355 1210 ι
3384 1158 3499 1229 Ego

1930 1244 2195 1300 Dominus
2228 1246 2372 1300 Deus
2418 1245 2608 1299 vocavi
2648 1253 2701 1298 te
2731 1245 2785 1299 in
2825 1247 3060 1316 justitia,
3095 1255 3150 1303 et
3184 1250 3497 1320 apprehen-

1930 1333 2054 1387 dam
2090 1347 2311 1386 manum
2352 1343 2520 1396 tuam,
2553 1339 2607 1386 et
2638 1333 2973 1387 conﬁrmabo
3004 1342 3082 1404 te,
3105 1343 3159 1389 et
3181 1336 3304 1390 dedi
3353 1345 3406 1392 te
3439 1339 3495 1392 in

1929 1433 2318 1481 testamentum
2351 1425 2455 1495 52
2487 1425 2734 1496 generis,
2782 1425 2838 1478 in
2881 1425 3058 1480 lucem
3104 1429 3383 1493 gentium.
3436 1438 3499 1485 ut

1929 1517 2172 1586 aperires
2205 1517 2396 1572 oculos
2442 1532 2731 1580 caecorum,
2770 1525 2824 1571 et
2861 1516 2929 1572 de
2968 1518 3202 1573 vinculis
3231 1518 3497 1577 educeres

1926 1609 2157 1673 vinctos,
2189 1618 2244 1663 et
2271 1609 2336 1663 de
2359 1608 2521 1663 domo
2548 1607 2806 1672 carceris,
2844 1610 3095 1666 sedentes
3129 1611 3183 1666 in
3217 1613 3492 1674 tenebris.

1926 1699 2038 1772 Ego
2072 1700 2333 1755 Dominus
2356 1699 2521 1764 Deus,
2550 1703 2652 1756 hoc
2681 1717 2863 1757 meum
2894 1713 2979 1758 est
3003 1719 3219 1771 nomen,
3260 1705 3491 1778 gloriam

1925 1807 2100 1846 meam
2126 1791 2281 1846 alteri
2314 1807 2422 1846 non
2449 1791 2610 1856 dabo,
2630 1808 2806 1864 neque
2825 1795 3056 1850 virtutes
3083 1811 3234 1852 meas
3263 1797 3492 1867 sculpti-

213 1886 284 1939 τὰ
330 1888 438 1940 ἀπ’
483 1889 682 1959 ἀρχῆς,
725 1888 834 1941 ἰδοὺ
875 1888 1062 1958 ἦκασιο
1107 1888 1269 1942 καινὰ
1311 1889 1347 1943 δι
1390 1888 1485 1944 νῦν
1514 1888 1813 1956 ἀναγγελῶ,

1922 1886 2087 1952 libus,
2112 1902 2232 1956 qua:
2257 1887 2326 1941 ab
2355 1887 2509 1942 initio
2531 1899 2705 1956 erant,
2739 1904 2868 1946 ecce
2889 1900 3188 1946 venerunt:
3212 1905 3351 1945 nova
3374 1906 3496 1962 qum

212 1978 310 2033 καὶ
351 1980 473 2052 πρὸ
497 1980 593 2034 τοῦ
624 1981 940 2050 ἀναγγεῖλαι
968 1981 1205 2054 ἐδηλώθη
1234 1983 1379 2052 ὑμῖν.
1427 2001 1447 2034 ι

211 2174 348 2226 KA'.
405 2175 558 2229 Ἀπὸ
587 2177 693 2230 τοῦ
738 2176 944 2231 αὐτοῦ.
984 2210 1055 2218 —-
1099 2177 1366 2244 Δήλωσις
1409 2179 1667 2246 Χριστοῦ
1710 2181 1809 2234 καί

543 2246 832 2316 γενέσεως
858 2248 956 2300 καὶ
985 2248 1258 2314 κλήσεως
1289 2247 1498 2304 ἐθνῶν.

286 2380 306 2411 ‹
343 2360 658 2414 Ἀκούσατέ
683 2379 806 2432 μου,
839 2363 1012 2432 νῆσοι,
1065 2366 1156 2417 καὶ
1192 2363 1507 2435 προσέχετε,
1534 2365 1682 2436 ἔθνη·
1713 2367 1812 2420 Διά

208 2453 412 2524 χρόνου
462 2453 663 2506 πολλοῦ
712 2457 989 2527 στήσεται,
1035 2457 1182 2526 λέγει
1223 2457 1444 2529 Κύριοςο
1496 2460 1560 2512 ἐκ
1606 2460 1814 2524 κοιλίας

211 2545 434 2616 μητρός
489 2563 592 2616 μου
639 2548 864 2601 ἐκάλεσε
924 2550 983 2602 τὸ
1031 2549 1202 2621 ὄνομά
1254 2568 1354 2621 μου
1404 2550 1479 2614 ὡς
1538 2553 1812 2625 μάχαιραν

209 2637 418 2703 ὀξεῖαν,
459 2640 555 2692 καὶ
587 2640 692 2692 ὑπὸ
722 2640 820 2711 τὴν
851 2642 1056 2713 σκέπην
1078 2642 1180 2712 τῆς
1207 2642 1388 2714 χειρὸς
1413 2643 1578 2696 αὑτοῦ
1609 2645 1811 2717 ἔκρυψέ

213 2748 303 2802 με·
337 2733 522 2803 ἔθηκέ
556 2750 623 2802 με
654 2733 730 2795 ὡς
758 2733 908 2803 βέλος
943 2733 1214 2797 ἐκλεκτὸν,
1247 2736 1338 2786 καὶ
1371 2735 1428 2787 ἐν
1465 2737 1531 2806 τῇ
1566 2737 1812 2808 φαρέτρα

216 2825 391 2880 αὐτοῦ
426 2825 707 2878 ἐσκέπασέ
728 2843 815 2897 με.
847 2826 955 2878 Καὶ
971 2826 1208 2894 ἐπιλέγει
1235 2826 1380 2895 ἑξῆς·
1409 2847 1426 2877 ι
1449 2827 1575 2881 Ἰδοὺ
1606 2828 1813 2884 δέδωκά

211 2935 269 2971 σε
303 2919 391 2982 είς
423 2918 695 2988 διαθήκην
725 2918 932 2985 γένους,
967 2921 1047 2982 είς
1081 2919 1195 2986 φῶς
1232 2918 1402 2974 ἐθνῶν
1441 2915 1579 2973 εἷναί
1628 2938 1686 2974 σε
1730 2924 1810 2986 είς

210 3010 501 3081 σωτηρίαν
531 3009 640 3072 ἕως
661 3009 889 3079 ἐσχάτου
919 3010 1018 3078 τῆς
1046 3010 1169 3080 γῆς.
1210 3030 1229 3062 ι

210 3211 336 3265 KB'.
399 3207 558 3266 Ἀπὸ
576 3209 682 3264 τοῦ
709 3207 914 3262 αὐτοῦ.
945 3241 1014 3249 -
1050 3209 1305 3276 Χριστοῦ
1337 3209 1672 3276 παρουσίας
1703 3209 1809 3280 δή·
1837 3245 1878 3302 C

579 3305 790 3367 λωσις,
820 3301 918 3354 καὶ
945 3300 1217 3368 κλήσεως
1241 3299 1450 3354 ἐθνῶν.

283 3435 303 3466 ι
338 3415 511 3469 Οὕτω
541 3413 692 3482 λέγει
721 3414 945 3484 Κύριος,
971 3414 998 3465 ὁ
1032 3412 1335 3484 ρυσάμενός
1361 3431 1419 3466 σε
1461 3413 1488 3465 ὁ
1531 3413 1662 3477 Θεὸς
1707 3414 1808 3467 Ἰσ-

214 3508 371 3578 ραήλ·
433 3506 728 3575 ’Δγιάσατε
775 3505 866 3558 τὸν
917 3505 1240 3574 φαυλίςοντα
1269 3505 1369 3576 τὴν
1399 3504 1576 3577 ψυχὴν
1618 3504 1806 3568 αὐτοῦ,

210 3599 298 3652 τὸν
335 3598 772 3670 βδ-ελυσσόμενον
809 3597 912 3650 ὑπὸ
955 3597 1062 3649 τῶν
1107 3595 1304 3649 δούλων
1356 3597 1463 3649 τῶν
1507 3596 1802 3667 ἀρχόντων·

212 3691 459 3761 βασιλεῖς
504 3691 728 3759 ὄψονται
758 3689 940 3753 αὐτὸν,
972 3690 1064 3741 καὶ
1094 3689 1486 3759 ἀναστήσονται
1518 3689 1802 3759 ἄρχοντες,

209 3787 302 3839 καὶ
323 3784 806 3855 προσκυνήσουσιν
834 3779 1000 3850 αὐτῷ,
1031 3801 1046 3830 ι
1071 3781 1163 3832 καὶ
1185 3781 1254 3833 τὰ
1268 3779 1413 3850 ἑξῆς·
1435 3773 1516 3843 οἷς
1539 3779 1800 3849 ἐπιλέγειο

216 3893 235 3926 ι
271 3873 476 3944 Καιρῷ
492 3872 670 3942 δεκτῷ
691 3871 970 3941 ἐπήκουσά
999 3887 1112 3932 σου,
1133 3872 1226 3924 καὶ
1242 3872 1298 3922 ἐν
1322 3871 1503 3942 ἡμέρᾳ
1535 3871 1808 3942 σωτηρίας

211 3965 498 4037 ἐϐοήθησά
524 3980 626 4016 σοι·
657 3965 750 4016 καὶ
784 3962 959 4015 ἔδωκά
989 3979 1046 4015 σε
1092 3963 1170 4025 εἰς
1201 3960 1465 4034 διαθήκην
1493 3960 1682 4025 ἐθνῶν,
1711 3960 1805 4015 τοῦ

212 4057 564 4126 καταστῆσαι
596 4057 694 4126 τὴν
721 4056 846 4126 γῆν,
877 4056 972 4108 καὶ
1000 4054 1402 4126 κληρονομῆσαι
1446 4054 1807 4125 κληρονομίας

215 4151 489 4221 ἐρήμους,
545 4148 773 4216 λέγοντα
808 4149 922 4210 τοῖς
967 4149 1024 4200 ἐν
1080 4146 1314 4218 δεσμοῖς,
1375 4145 1669 4212 Ἐξέλθετε·
1712 4145 1806 4198 καὶ

213 4244 323 4303 τοῖς
341 4243 405 4294 ἐν
435 4239 517 4310 τῷ
552 4239 730 4292 σκότει
763 4235 1225 4308 ἁνακαλυφθῆναι·
1251 4235 1342 4289 καὶ
1372 4236 1428 4287 ἐν
1458 4237 1660 4298 πάσαις
1688 4237 1808 4299 ταῖς

212 4335 350 4399 ὁδοῖς
389 4331 846 4404 βοσκηθήσονται,
899 4334 996 4384 καὶ
1040 4333 1096 4383 ἐν
1146 4330 1348 4393 πάσαις
1395 4331 1512 4392 ταῖς
1539 4327 1804 4400 τρίϐοιςή

213 4427 353 4498 νομὴ
398 4424 604 4480 αὗτῶν.
640 4425 713 4478 Οὐ
759 4423 1136 4485 πεινάσουσιν,
1173 4421 1291 4474 οὐδὲ
1317 4421 1654 4490 διψήσουσιν,
1684 4420 1806 4472 οὐδὲ

215 4518 450 4582 πατάξει
480 4517 679 4579 αὐτοὺς
705 4515 942 4578 καύσων,
967 4515 1087 4567 οὑδέ
1108 4513 1277 4584 ἥλιος,
1302 4513 1415 4566 ἀλλ’
1445 4513 1473 4564 ὁ
1503 4511 1667 4565 ἐλεῶν
1700 4529 1807 4564 πα-

1916 1995 2063 2034 nunc
2083 1981 2368 2045 annuntio,
2391 1989 2677 2051 antequam
2702 1982 3086 2048 nuntiaverim,
3111 1982 3349 2038 indicma
3365 1990 3495 2039 sunt

1915 2071 2070 2127 vobis
2089 2072 2153 2126 ⁷³.
2190 2091 2209 2124 ι
2409 2085 2413 2090 '

1916 2186 2058 2242 XXI.
2104 2189 2182 2243 Ab
2231 2187 2542 2242 eodem.—-
2579 2186 2887 2240 Declaratio
2935 2187 3134 2242 Christi
3177 2198 3289 2240 tum
3340 2193 3491 2241 ortus

2340 2269 2451 2311 tum
2486 2259 2772 2312 vocationis
2811 2258 3064 2328 gentium.

1993 2391 2011 2424 ‹
2042 2371 2241 2427 Audite
2288 2386 2396 2434 me,
2439 2371 2656 2432 insulae.
2706 2378 2761 2424 et
2799 2370 3081 2432 attendite,
3129 2379 3360 2441 gentes:
3393 2384 3494 2441 per

1917 2473 2129 2534 tempus
2158 2463 2385 2524 multum
2415 2463 2701 2526 consistet,
2733 2461 2865 2516 dicit
2897 2461 3161 2516 Dominus
3189 2481 3202 2516 :
3233 2463 3300 2517 ab
3331 2472 3492 2517 utero

1915 2559 2111 2612 matris
2157 2571 2293 2610 meae
2340 2555 2554 2610 vocavit
2596 2569 2796 2608 nomen
2849 2568 3050 2616 meum,
3093 2563 3149 2608 et
3191 2554 3373 2624 posuit
3424 2566 3492 2608 os

1917 2665 2096 2706 meum
2143 2649 2301 2720 quasi
2339 2647 2578 2718 gladium
2630 2652 2876 2708 acutum,
2921 2653 2975 2700 et
3022 2646 3126 2700 sub
3175 2653 3490 2716 tegumento

1916 2755 2113 2796 manus
2136 2756 2250 2795 sua:
2283 2737 2578 2794 occultavit
2619 2752 2706 2790 me
2737 2755 2749 2790 :
2779 2731 2963 2805 posuit
3006 2753 3092 2791 me
3133 2737 3289 2806 quasi
3319 2737 3492 2807 sagit-

1913 2840 2023 2886 tam
2065 2833 2317 2894 electam,
2366 2838 2420 2885 et
2455 2829 2512 2883 in
2545 2829 2802 2898 pharetra
2851 2843 2949 2882 sua
2980 2827 3219 2897 protexit
3253 2841 3341 2881 me
3360 2825 3428 2880 ⁷⁵.
3461 2843 3484 2879 ι

1914 2921 1982 2976 Et
2013 2921 2257 2992 adjungit
2292 2919 2585 2989 deinceps:
2614 2937 2632 2969 ι
2666 2916 2805 2971 Ecce
2847 2914 2968 2969 dedi
3003 2923 3056 2968 te
3095 2913 3150 2967 in
3191 2920 3488 2969 testamen-

1913 3024 2025 3069 tum
2060 3012 2296 3084 generis,
2341 3011 2397 3065 in
2429 3011 2602 3065 lucem
2631 3009 2895 3079 gentium,
2923 3013 2983 3059 ut
3030 3005 3108 3060 sis
3139 3005 3194 3059 in
3230 3004 3481 3069 salutem,

1915 3121 2087 3175 usque
2115 3104 2182 3158 ad
2211 3113 2511 3158 extremum
2537 3101 2778 3155 terrae".
2815 3118 2834 3151 ι

1912 3219 2078 3276 XXII.
2135 3218 2212 3272 Ab
2264 3216 2460 3271 eodem.
2499 3243 2572 3255 —
2607 3212 2804 3267 Christi
2862 3211 3112 3266 adventus
3154 3195 3486 3281 “signiﬁcatio

2275 3298 2325 3342 et
2348 3286 2634 3342 vocationis
2657 3286 2911 3353 gentium.

1988 3423 2006 3456 ι
2041 3401 2132 3457 Sic
2163 3401 2290 3456 dicit
2313 3399 2598 3464 Dominus,
2627 3398 2720 3468 qui
2747 3396 2997 3451 liberavit
3031 3403 3082 3449 te
3108 3393 3254 3448 Deus
3278 3392 3481 3449 Israel;

1911 3495 2249 3553 sanctilicate
2285 3507 2410 3548 eum
2456 3491 2548 3561 qui
2604 3489 2827 3560 negligit
2870 3487 3106 3541 animam
3152 3501 3331 3550 suam,
3387 3483 3481 3554 qui

1911 3586 2294 3645 abominabilis
2323 3595 2406 3640 est
2431 3583 2708 3655 gentibus,
2741 3582 2918 3636 servis
2945 3580 3256 3651 principum
3283 3597 3298 3632 :
3325 3591 3488 3647 reges

1911 3681 2173 3735 videbunt
2199 3693 2349 3741 eum,
2400 3683 2454 3731 et
2489 3681 2718 3746 surgent
2756 3673 3056 3744 principes,
3089 3678 3143 3725 et
3173 3667 3485 3724 adorabunt

1909 3785 2032 3826 eum
2056 3768 2103 3800 ⁷⁸
2147 3788 2166 3822 ι
2233 3776 2287 3823 et
2343 3780 2465 3836 qua:
2515 3773 2855 3834 sequuntur;
2925 3761 3126 3832 quibus
3189 3759 3478 3830 adjungit:

1915 3880 1934 3913 ι
1965 3859 2233 3932 Tempore
2269 3866 2498 3930 accepto
2545 3855 2728 3911 audivi
2763 3863 2834 3920 te,
2866 3861 2920 3909 et
2957 3854 3014 3908 in
3036 3853 3122 3908 die
3160 3852 3354 3908 salutis
3379 3851 3480 3904 ad-

1905 3956 2022 4024 juvi
2054 3962 2151 4009 te:
2184 3961 2238 4008 et
2285 3953 2411 4006 dedi
2457 3958 2510 4005 te
2563 3950 2619 4004 in
2665 3953 3049 4003 testamentum
3105 3944 3371 4015 gentium,
3421 3948 3483 3995 ut

1909 4049 2272 4104 constitueres
2290 4054 2515 4108 terram,
2535 4053 2586 4099 et
2599 4040 3018 4111 consequereris
3033 4035 3379 4092 haereditates
3395 4033 3484 4090 de-

1911 4151 2108 4203 sertas,
2152 4147 2206 4194 et
2248 4138 2462 4193 diceres
2489 4137 2557 4192 iis
2594 4135 2688 4206 qui
2739 4135 2795 4188 in
2828 4130 3065 4186 vinculis
3096 4135 3247 4192 sunt,
3287 4129 3472 4182 exite:

1909 4243 1962 4287 et
1991 4233 2057 4288 iis
2088 4232 2180 4302 qui
2212 4231 2270 4285 in
2301 4229 2564 4291 tenebris,
2598 4235 2657 4280 ut
2691 4225 2747 4279 in
2786 4225 2962 4278 lucem
3005 4219 3270 4290 prodeant
3298 4235 3314 4270 :
3340 4229 3395 4271 et
3423 4217 3480 4270 in

1909 4322 2164 4377 omnibus
2188 4321 2292 4375 viis
2322 4326 2639 4391 pascentur,
2679 4323 2733 4371 et
2765 4316 2820 4368 in
2854 4312 3111 4367 omnibus
3136 4307 3345 4364 semitis
3378 4320 3476 4376 pa-

1909 4417 2015 4472 stio
2066 4430 2287 4482 eorum;
2346 4430 2456 4468 non
2509 4412 2750 4468 esurient
2806 4423 2984 4478 neque
3043 4407 3252 4467 sitient,
3302 4416 3482 4472 neque

1906 4506 2175 4577 percutiet
2204 4520 2299 4560 eos
2327 4512 2514 4565 astus,
2558 4516 2734 4571 neque
2766 4500 2869 4562 sol,
2911 4495 3006 4554 sed
3037 4497 3130 4566 qui
3163 4493 3478 4556 miseretur,

219 4609 538 4682 ρακαλέσει,
569 4609 662 4662 καὶ
691 4606 782 4661 διὰ
824 4607 1016 4678 πηγῶν
1063 4605 1268 4658 ὑδάτων
1307 4604 1423 4669 ἄξει
1460 4603 1672 4667 αὐτούς·
1709 4605 1803 4656 καὶ

1916 4598 2284 4655 consolabitur
2310 4615 2323 4650 :
2353 4605 2406 4650 et
2427 4610 2524 4666 per
2555 4592 2733 4647 fontes
2770 4603 3038 4660 aquarum
3073 4586 3236 4643 ducet
3276 4599 3394 4648 eos,
3424 4591 3478 4638 et

219 4700 371 4774 θήσω
416 4703 529 4755 πᾶν
574 4700 698 4772 ὅρος
745 4701 824 4763 είς
881 4698 996 4752 ὁδὸν
1043 4700 1138 4751 καὶ
1168 4700 1348 4751 πᾶσαν
1377 4697 1566 4768 τρίϐον
1603 4699 1683 4759 εἰς
1715 4694 1804 4766 βό-

221 4813 413 4869 σκημα
453 4795 653 4857 αὐτοῖς.
716 4793 845 4846 Ἰδοὺ
882 4786 1026 4846 οὗτοι
1071 4791 1350 4863 πόρρωθεν
1394 4791 1635 4861 ἥξουσιν,
1663 4783 1806 4844 οὗτοι

125 4949 130 4953 _
222 4887 328 4940 ἀπὸ
375 4886 555 4959 βορῤἄ
592 4885 686 4938 καὶ
728 4883 1020 4954 θαλάσσης,
1060 4883 1208 4936 ἄλλοι
1251 4882 1308 4935 δέ
1341 4882 1405 4935 ἐκ
1429 4881 1534 4951 γῆς
1556 4879 1802 4952 Περσῶν.

220 4979 602 5053 Εὐφράνθητε,
641 4979 878 5049 οὐρανοὶ,
905 4977 998 5030 καὶ
1029 4974 1372 5045 ἀγαλλιάσθω
1399 4975 1434 5045 ή
1471 4973 1563 5043 γῆ.
1613 4973 1806 5044 Ῥηξὰ-

220 5089 402 5127 τωσαν
435 5070 507 5124 τὰ
535 5071 637 5142 ὅρη
668 5067 1026 5140 εὐφροσύνην,
1058 5068 1140 5120 ὅτι
1173 5066 1404 5137 ἠλέησεν
1452 5064 1654 5136 Κύριος
1713 5064 1805 5116 τὸν

223 5163 348 5218 λαὸν
374 5161 568 5226 αὑτοῦ,
598 5162 693 5214 καὶ
737 5160 862 5222 τοὺς
887 5159 1177 5222 ταπεινοὺς
1197 5157 1291 5210 τοῦ
1315 5154 1445 5209 λαοῦ
1477 5155 1639 5208 αὐτοῦ
1667 5173 1807 5227 παρ-

225 5255 508 5309 εκάλεσεν.
548 5271 568 5303 ι

224 5367 352 5422 ΚΡ.
394 5367 509 5424 Τοῦ
541 5366 748 5420 αὑτοῦ.
782 5396 850 5407 -
876 5365 1150 5489 Δᾶλαέσις
1170 5363 1427 5432 Χριστοῦ
1453 5362 1550 5414 καί
1579 5359 1803 5428 κλῆσις

929 5455 938 5466 ε
978 5452 1118 5488 νων.

929 5452 974 5488 ἴσ
978 5452 1098 5488 νων
1103 5473 1118 5488 ι

302 5574 322 5605 ι
361 5554 666 5627 Προσέχετε
696 5554 805 5616 τοῖς
832 5552 964 5605 ὠσὶν
994 5551 1168 5621 ὑμῶν,
1202 5551 1296 5604 καὶ
1329 5545 1801 5617 ἐπακολουθήσατε

226 5648 347 5712 ταῖς
391 5647 532 5708 ὁδοῖς
592 5660 712 5714 μουο
773 5641 1112 5696 ἐπακούσατέ
1163 5657 1286 5711 μου,
1337 5639 1431 5692 καὶ
1477 5637 1700 5708 ζήσεται
1745 5637 1803 5689 ἐν

1909 4706 2106 4763 ponam
2149 4703 2364 4744 omnem
2411 4695 2648 4740 montem
2677 4684 2731 4736 in
2763 4682 2927 4747 viam,
2959 4686 3013 4734 et
3040 4689 3254 4733 omnem
3307 4674 3477 4731 semi-

1908 4793 2016 4837 tam
2048 4783 2103 4836 in
2139 4781 2398 4852 pabulum
2425 4778 2505 4833 eis
2533 4797 2544 4831 :
2570 4775 2712 4830 Ecce
2745 4775 2799 4828 hi
2826 4773 2896 4828 de
2916 4769 3230 4842 longinquis
3260 4766 3479 4822 venient

1910 4875 1987 4929 illi
2015 4875 2084 4929 ab
2124 4873 2379 4944 aquilone
2409 4876 2464 4926 et
2508 4869 2668 4930 mari,
2698 4866 2788 4920 alii
2827 4879 2956 4921 vero
2999 4878 3067 4918 ex
3107 4868 3256 4916 terra
3282 4859 3481 4912 Persa-

1909 4979 2054 5019 rum.
2113 4961 2423 5022 Lzetamini,
2467 4958 2615 5021 coeli,
2663 4964 2718 5012 et
2761 4954 2998 5010 exsultet
3061 4957 3230 5005 terra.
3282 4947 3482 5002 Erum-

1907 5063 2038 5128 pant
2097 5062 2311 5110 montes
2358 5053 2415 5107 in
2464 5051 2730 5109 laetitiam,
2776 5045 3036 5117 quoniam
3083 5042 3345 5097 misertus
3396 5048 3480 5092 est

1906 5148 2172 5204 Dominus
2197 5145 2383 5217 populi
2412 5144 2520 5208 sui,
2561 5149 2616 5198 et
2646 5140 2880 5195 humiles
2925 5135 3111 5208 populi
3150 5134 3236 5188 sui
3276 5146 3480 5185 conso-

1907 5243 2054 5297 latus
2083 5247 2168 5296 εει
2188 5241 2255 5294 ⁷⁷.
2287 5258 2308 5292 ι

1909 5355 2014 5426 53
2040 5350 2226 5408 XXIII.
2260 5351 2338 5405 Ab
2362 5351 2560 5426 eodem:
2579 5344 2968 5426 —Declaratio
2999 5341 3222 5404 Christi,
3251 5347 3302 5395 et
3333 5355 3483 5394 voca.

2518 5421 2588 5472 tio
2618 5417 2867 5489 gentium.

1986 5559 2003 5592 ε
2041 5537 2315 5594 Attendite
2368 5534 2590 5589 auribus
2641 5530 2862 5590 vestris,
2925 5537 2979 5582 et
3032 5527 3311 5583 sectamini
3364 5525 3484 5578 vias

1911 5649 2082 5699 meas,
2113 5639 2166 5686 et
2200 5628 2382 5684 audiet
2407 5642 2511 5692 me,
2537 5634 2590 5680 et
2624 5626 2768 5679 vivet
2794 5623 2848 5676 in
2872 5621 3035 5678 bonis
3062 5621 3244 5676 anima
3275 5623 3481 5681 vestra,

297 5825 346 5857 "
383 5823 486 5878 lsa.
523 5837 660 5889 xui,
691 5821 805 5878 Μ.
886 5820 932 5852 ⁷³
956 5818 1092 5876 ibid.
1123 5818 1241 5874 6'9.
1282 5818 1328 5849 "
1351 5814 1458 5872 lsa.
1487 5830 1634 5881 χιιι,
1672 5813 1791 5868 1-2.

1949 5811 2079 5871 ibid.
2111 5810 2166 5866 6.
2243 5811 2288 5843 ⁷⁹
2323 5808 2454 5871 ibid,
2490 5808 2561 5881 7.7
2629 5808 2672 5841 "
2701 5804 2833 5862 ibid.
2864 5803 3014 5860 8-13.
