4018 6520
569 399 666 458 ιιι

1235 397 1504 459 EUSEBH
1541 399 2018 456 ολεειῐιιεθιδιε
2053 401 2128 457 OF

2245 399 2426 454 PARS
2461 397 2526 456 Π.
2560 429 2626 440 -
2667 397 3164 456 APOLOGETICA.

3717 403 3834 458 ΗΞ

567 532 620 576 et
652 523 880 576 condam
927 521 1080 576 vobis
1112 517 1517 577 Testamentum
1555 523 1969 592 sempiternum,
2009 537 2128 577 san-

2238 522 2458 590 ἀγαθοῖς
2491 523 2524 592 ή
2557 521 2702 592 ψυχὴ
2723 520 2899 592 ὑμῶν,
2931 523 3024 577 καὶ
3046 522 3370 594 διαθήσομαι
3393 522 3520 594 ὑμῖν
3539 523 3832 596 διαθήκην

567 624 654 670 cta
681 614 850 671 David
883 617 1078 672 lidelia.
1120 617 1256 672 Ecce
1286 617 1654 672 testimonium
1713 615 1967 688 gentibus
2011 616 2134 671 dedi

567 723 712 774 eum,
755 709 1055 778 principem
1105 716 1158 762 et
1207 710 1560 778 imperantem
1620 707 1887 778 gentibus.
1936 705 2136 763 Gentes

567 813 690 868 qm.
722 815 828 854 non
861 807 1127 854 noverunt
1157 807 1229 862 te,
1265 799 1596 853 invocabant
1621 807 1674 853 te
1706 818 1718 852 :
1753 806 1806 854 et
1837 800 2019 868 p0puli
2043 801 2134 868 qui

565 891 820 946 nesciunt
871 899 942 954 te,
991 892 1056 944 ad
1113 900 1164 946 te
1213 891 1527 961 confugient
1571 901 1790 962 propter
1847 891 2135 946 Do::.inum

569 979 733 1036 Deum
771 989 945 1044 tuum,
973 993 1222 1036 sanctum
1261 993 1414 1037 tuum
1452 981 1638 1048 Israel,
1669 985 1924 1054 quoniam
1971 969 2136 1052 glori-

567 1071 746 1125 ﬁcavit
771 1071 894 1126 te."
919 1071 1184 1136 iQuando
1213 1089 1343 1144 ergo
1373 1075 1442 1128 ab
1475 1075 1561 1128 his
1593 1089 1808 1145 quoque
1841 1073 2135 1129 didicimus

565 1161 766 1218 Christi
817 1165 1107 1218 adventum
1151 1166 1466 1235 praaparari,
1503 1175 1560 1219 ut
1595 1183 1702 1220 non
1745 1167 1876 1223 solis
1909 1165 2133 1230 Judzeis,

567 1255 660 1310 sed
698 1257 955 1310 omnibus
993 1257 1246 1326 gentibus
1277 1259 1534 1314 salutaris
1569 1259 1706 1313 l'oret
1739 1279 1750 1314 :
1785 1275 1880 1330 age
1913 1261 2135 1316 tertium

565 1362 781 1418 quoque
809 1349 940 1402 illud
961 1347 1334 1412 ostendamus,
1350 1351 1804 1420 quemadmodum
1826 1353 1877 1405 in
1900 1353 2132 1406 adventu

563 1439 706 1509 ejus.
740 1455 844 1493 non
897 1440 1072 1492 solum
1123 1439 1346 1493 meliora
1385 1441 1636 1511 gentibus
1693 1458 1788 1512 per
1834 1443 2134 1514 Prophetas

563 1533 980 1595 nuntiabantur,
1030 1531 1124 1586 sed
1166 1533 1326 1586 etiam
1371 1535 1436 1588 iis
1466 1535 1558 1604 qui
1608 1551 1673 1589 ex
1718 1539 2135 1592 circumcisione

565 1631 694 1680 sunt
741 1623 1033 1677 contraria.
1093 1621 1372 1694 Siquidem
1428 1625 1586 1694 plane
1642 1629 1879 1690 ruinam,
1909 1635 1963 1682 et
1997 1628 2136 1698 reje-

563 1717 796 1770 ctionem
851 1713 1090 1769 Judaicaa
1140 1716 1314 1784 gentis
1375 1715 1642 1782 futuram,
1673 1727 1892 1789 prepter
1945 1733 2134 1774 eorum

563 1817 690 1875 erga
717 1803 998 1858 Christum
1057 1803 1520 1872 incredulitatem,
1553 1809 1775 1862 oracula
1825 1823 1946 1879 quae
1989 1809 2132 1879 apud

563 1895 714 1966 ipsos
747 1895 1033 1962 habentur,
1065 1897 1420 1964 pronuntiant
1455 1919 1468 1952 :
1503 1907 1562 1952 ut
1587 1901 1698 1969 jam
1743 1915 1854 1954 non
1893 1901 2130 1971 aequales
2166 1879 2204 1934 Β

563 2001 664 2042 nos
697 1989 797 2048 eis.
830 1989 926 2044 sed
954 1990 1114 2042 etiam
1147 1989 1304 2060 longe
1345 1991 1656 2060 superiores
1693 1989 1993 2046 videamur.
2016 1991 2131 2047 Cae-

563 2087 739 2136 terum
777 2095 923 2134 nunc
963 2095 1180 2152 quoque
1207 2088 1328 2134 utar
1360 2081 1523 2136 nudis
1551 2079 1942 2152 Prophetarum
1973 2083 2129 2150 locis,

563 2189 664 2228 nec
691 2189 756 2228 ea
789 2175 898 2227 ullo
944 2172 1109 2228 modo
1139 2173 1564 2242 contemplabor,
1601 2188 1726 2228 cum
1781 2185 2002 2244 propter
2039 2191 2133 2232 eo-

559 2265 808 2320 rumdem
853 2265 1319 2334 perspicuitatem,
1359 2271 1474 2316 tum
1524 2263 1668 2333 quod
1707 2265 1962 2320 liberiore
1999 2269 2130 2332 otio,

561 2359 930 2429 plenissimam
982 2371 1170 2411 eorum
1216 2357 1614 2425 expositionem
1671 2356 1872 2412 edituri
1919 2373 2128 2414 sumus.

1165 2465 1394 2521 C.\PUT
1441 2467 1527 2521 lii.

563 2577 1012 2646 Quemadmodum
1046 2581 1096 2632 in
1131 2581 1396 2633 vocatione
1425 2581 1677 2650 gentium,
1713 2597 1828 2650 quae
1856 2596 1947 2648 per
1977 2579 2132 2636 Chri-

629 2687 768 2730 stum
797 2674 1038 2744 facienda
1067 2687 1202 2734 erat.
1233 2675 1546 2730 Iudaeorum
1587 2687 1788 2746 gentem
1818 2693 1850 2728 a
1881 2679 1987 2728 ritu
2019 2693 2132 2744 pro-

627 2765 764 2830 prio,
801 2763 1041 2832 cultuque
1077 2763 1172 2816 Dei
1196 2763 1381 2818 cadere
1411 2765 1702 2832 oportebat.

561 2871 746 2948 χιςιγ,
783 2874 861 2926 Ab
885 2874 1135 2930 Ieremia.
1167 2908 1234 2917 --
1263 2875 1564 2930 Declaratio
1619 2878 1915 2945 refectioni:
1963 2879 2130 2948 gentis

629 2943 961 3008 Judtcui'um,
987 2957 1034 2999 et
1057 2948 1354 3014 adoptionis
1387 2949 1616 3018 gentium
1647 2943 1758 3002 loco
1785 2943 1986 3002 eorum:

636 3115 656 3148 ι
699 3097 823 3152 llaec
867 3099 998 3153 dicit
1035 3097 1297 3155 Dominus
1331 3119 1344 3154 :
1383 3099 1536 3156 State
1582 3103 1638 3156 in
1679 3103 1802 3164 viis,
1840 3111 1894 3156 et
1929 3102 2125 3164 videte,

2239 613 2474 674 αἰώνιον,
2521 613 2588 667 τὰ
2631 614 2753 666 ὅσια
2785 613 2944 666 Δαεὶδ
2969 615 3038 666 τὰ
3087 613 3271 668 πιστά.
3323 613 3451 666 Ἰδοὺ
3505 615 3834 686 μαρτύριον

2238 704 2412 758 ἔθνεσι
2433 704 2640 756 δέδωκα
2665 703 2846 764 αὐτὸν,
2871 703 3104 775 ἄρχοντα
3127 705 3218 758 καὶ
3237 707 3641 777 προστάσσοντα
3669 705 3833 760 ἔθνε-

2240 815 2339 850 σιν.
2367 796 2534 866 Ἐθνη
2573 795 2606 850 ἃ
2633 797 2732 848 οὐκ
2775 796 2974 849 οἵδασίν
3015 813 3095 861 σε,
3143 795 3555 850 ὲπικαλέσονταί
3593 813 3680 860 σε,
3725 797 3831 850 καὶ

2237 887 2354 942 λαοὶ
2406 889 2455 941 οἳ
2501 889 2600 942 οὐκ
2641 888 2958 942 ἐπίστανταί
3005 905 3084 952 σε,
3119 890 3210 941 επὶ
3249 889 3308 940 σὲ
3353 888 3824 958 καταφεύξονται,

2236 979 2399 1051 ἕνεκα
2443 979 2646 1050 Κυρίου
2676 978 2768 1032 τοῦ
2800 979 2933 1032 Θεοῦ
2975 979 3065 1032 τοῦ
3099 979 3256 1046 ἁγίου
3291 995 3386 1032 σου
3431 979 3676 1051 Ἰσραὴλ,
3737 981 3826 1033 ὃτι

2237 1049 2486 1135 εδδξασέν
2519 1049 2600 1124 σε.
2641 1091 2658 1121 ι
2697 1072 2805 1124 Καὶ
2835 1069 2922 1124 διά
2943 1071 3153 1124 τούτων
3179 1065 3272 1124 οὖν
3303 1049 3712 1142 μεμαθήκότες,
3745 1071 3828 1136 ὡς

2237 1165 2270 1233 ἡ
2297 1163 2390 1216 τοῦ
2425 1162 2658 1234 Χριστοῦ
2693 1163 2964 1232 παρουσία
3014 1164 3074 1216 οὐ
3113 1163 3290 1234 μόνοις
3339 1163 3632 1226 Ἰουδαίοις,
3673 1162 3828 1216 ἀλλὰ

2237 1253 2330 1305 καὶ
2361 1255 2494 1305 πᾶσι
2523 1255 2636 1316 τοῖς
2663 1253 2836 1306 ἔθνεσι
2871 1255 3137 1325 σωτήριος
3177 1253 3392 1308 ἔσεσθαι
3436 1253 3824 1326 προηυτρεπί-

2237 1343 2378 1407 ζετο,
2421 1343 2552 1414 φέρε
2598 1343 2784 1397 καὶτὸ
2827 1347 3008 1416 τρίτον
3041 1345 3429 1416 ἀποδείξωμεν,
3471 1346 3621 1408 ὃπως
3667 1347 3828 1400 κατὰ

2235 1437 2358 1498 τοὺς
2390 1435 2488 1504 τῆς
2511 1435 2824 1502 ἐπιφανείας
2853 1436 3015 1490 αὐτοῦ
3048 1437 3268 1506 χρόνους
3291 1437 3350 1488 οὐ
3380 1437 3540 1506 μόνον
3569 1437 3640 1490 τὰ
3675 1455 3826 1509 χρη-

2237 1527 2462 1598 στότερα
2493 1530 2606 1589 τοῖς
2651 1525 2826 1580 ἔθνεσι
2862 1527 3284 1598 προεφήτεύετο,
3313 1527 3448 1580 ἀλλά
3475 1528 3568 1582 καὶ
3601 1533 3724 1591 τοῖς
3753 1529 3824 1584 ὲκ

2238 1622 2534 1693 περιτομῆς
2565 1620 2634 1674 τὰ
2673 1621 2910 1675 ἐναντία.
2963 1621 3264 1693 Διαρρήδην
3309 1621 3440 1690 γοῦν
3485 1621 3824 1676 ἀπόπτωσιν

2235 1714 2328 1766 καὶ
2349 1713 2616 1784 ἀποϐολὴν
2646 1711 2738 1766 τοῦ
2777 1713 3040 1766 Ἰουδαίων
3071 1713 3273 1775 ἔθνους,
3299 1713 3384 1766 διὰ
3425 1713 3524 1784 τὴν
3557 1716 3642 1777 εἰς
3677 1715 3822 1786 Χρι-

2239 1804 2360 1858 στὸν
2387 1805 2644 1858 ἀπιστίαν
2685 1803 2882 1866 αὐτῶν,
2915 1802 3149 1868 ἔσεσθαι,
3169 1804 3238 1857 τὰ
3269 1804 3398 1874 παρ’
3437 1805 3622 1868 αὐτοῖς
3650 1804 3824 1873 λόγια

2234 1895 2614 1968 προαγορεύει,
2644 1895 2719 1959 ὡς
2747 1895 2940 1966 μηκέτι
2971 1895 3116 1959 ἴσους
3141 1897 3290 1966 ἡμᾶς
3317 1897 3520 1959 αὐτοῖς.
3546 1895 3688 1950 ἀλλά
3719 1896 3820 1950 καὶ

2234 1986 2511 2058 κρείττους
2555 1987 2734 2039 αὐτῶν
2775 1987 2838 2040 ὲκ
2887 1987 3199 2057 περιουσίας
3245 1987 3655 2056 ἀναφαίνεσθαι.
3701 1988 3821 2042 Καὶ.

2233 2077 2324 2132 νῦν
2345 2077 2404 2132 δὲ
2434 2078 2706 2149 χρήσομαι
2735 2077 2916 2146 ψιλαῖς
2947 2081 3067 2140 ταῖς
3096 2076 3204 2130 τῶν
3231 2077 3522 2150 προφητῶν
3561 2079 3818 2150 παραθέ-

2233 2187 2372 2234 σεσι,
2413 2170 2532 2242 δίχα
2561 2172 2740 2241 πάσης
2779 2171 2878 2238 τῆς
2909 2171 2987 2234 εἰς
3029 2169 3200 2233 αὑτὰς
3243 2169 3493 2241 θεωρίας,
3533 2169 3624 2224 διά
3649 2187 3716 2224 τε
3754 2170 3820 2225 τδ

2235 2261 2399 2330 σαφὲς
2429 2260 2627 2324 αὐτῶν,
2669 2261 2763 2315 καὶ
2791 2261 2878 2313 διὰ
2923 2261 2984 2313 τὸ
3031 2260 3246 2331 μέλλειν
3291 2261 3384 2314 ἐπὶ
3425 2260 3626 2331 σχολῆς
3671 2260 3816 2332 πλη.

2237 2353 2498 2425 ρεστάτην
2531 2352 2708 2406 αὐτῶν
2743 2351 3070 2424 ποιήσασθαι
3099 2353 3196 2424 τὴν
3227 2351 3491 2417 ἐξέτασιν.

2761 2465 3156 2518 ΚΕΦΛΛΑΙΟΝ
3203 2465 3276 2518 Γ.

2237 2579 2425 2646 Ὅπως
2455 2579 2550 2632 ἐπὶ
2582 2579 2655 2648 τῇ
2681 2579 2796 2632 τῶν
2827 2577 3017 2632 ἐθνῶν
3044 2579 3282 2646 κλήσει,
3309 2579 3384 2648 τῇ
3406 2579 3500 2634 διὰ
3533 2579 3642 2633 τοῦ
3677 2583 3816 2649 Χρι-

2301 2672 2451 2727 στοῦ
2504 2673 2813 2744 γενομένῃ,
2854 2673 3201 2739 ἁπόπτωσις
3243 2673 3499 2742 ἔμελλεν
3528 2673 3810 2738 ἔσεσθαι,

2302 2764 2411 2835 τῆς
2441 2766 2588 2820 κατὰ
2613 2765 2760 2820 Θεὸν
2792 2766 3097 2832 εὐσεϐείας
3129 2763 3208 2830 τῷ
3243 2765 3534 2820 Ἰουδαίων
3559 2765 3749 2820 ἔθνει.

2231 2873 2362 2954 Κιγζ
2391 2874 2966 2954 Ἇςιὸιτοῦξζερεμίου.
2986 2907 3060 2954 _—-—
3074 2872 3345 2954 έήιίωοςις
3361 2873 3674 2954 ᾀρνήσεως
3701 2873 3810 2954 τοῖν

2315 2943 2616 2998 Ἰουδαίων
2644 2941 2874 3010 ἔθνους,
2905 2945 3000 2998 καί
3027 2943 3138 3012 τῆς
3168 2943 3292 2996 ἀντ’
3316 2941 3512 2998 αὐτῶν
3533 2941 3811 3009 εἰσποιή-

2303 3031 2456 3080 σεως
2493 3015 2612 3066 τῶν
2641 3014 2850 3067 ἐθνῶν.

2307 3126 2324 3158 ι
2355 3105 2490 3158 Τάδε
2519 3105 2663 3173 λέγει
2689 3104 2908 3174 Κύριος·
2941 3105 3108 3175 Στῆτε
3141 3107 3198 3158 ὲν
3218 3107 3336 3168 ταῖς
3358 3103 3610 3169 ὁδοῖς.κα“ι
3639 3104 3806 3168 ἴδετε,

557 3199 612 3244 et
663 3197 850 3261 regate
896 3191 1119 3247 semitas
1155 3189 1368 3246 Domini
1423 3194 1818 3262 sempiternas,
1869 3201 1920 3248 et
1953 3192 2128 3248 videte

2233 3199 2324 3253 καὶ
2365 3198 2676 3268 ἐρωτήσατε
2719 3195 2936 3268 τρίϐους
2979 3197 3182 3268 Κυρίου
3223 3195 3492 3259 αἰωνίους·
3531 3195 3624 3250 καὶ
3664 3197 3808 3250 ἱδετι

557 3297 806 3352 quaenam
857 3285 927 3338 sit
965 3286 1052 3339 via
1100 3287 1263 3350 bona,
1299 3293 1354 3341 et
1392 3285 1668 3340 ambulate
1699 3286 1752 3339 in
1781 3301 1864 3350 ea,
1897 3295 1950 3340 et
1978 3286 2129 3338 invc-

559 3371 722 3428 nietis
778 3374 1152 3444 purgationem
1207 3375 1404 3432 animis
1451 3374 1668 3429 vestris.
1713 3372 1778 3426 Et
1832 3373 2126 3426 dixerunt:

559 3477 666 3518 non
725 3465 1146 3522 ambiri-abimus.
1193 3465 1462 3522 Constitui
1515 3481 1680 3536 super
1733 3481 1830 3520 vos
1885 3464 2132 3534 specula-

557 3563 728 3618 tores.
761 3557 944 3614 audite
977 3575 1164 3616 vocem
1189 3561 1358 3626 tubm;
1391 3570 1444 3616 et
1473 3561 1730 3616 dixerunt
1760 3577 1772 3612 :
1807 3573 1916 3612 non
1941 3557 2128 3612 audie~

559 3661 702 3704 mus.
739 3649 847 3720 54
885 3649 1094 3706 Idcirco
1131 3651 1424 3708 audierunt
1451 3659 1661 3721 gentes,
1688 3657 1742 3702 et
1771 3651 1863 3721 qui
1897 3655 2128 3720 pascunt

555 3753 750 3808 greges
780 3741 834 3794 in
859 3741 959 3796 eis.
989 3741 1090 3796 ".i

557 3849 722 3906 XXV.
765 3852 1160 3925 Ab_eoa‘em.—
1188 3853 1410 3908 Pietatis
1451 3857 1680 3925 gentium
1729 3856 2042 3917 declaratio,
2076 3864 2125 3907 et

626 3925 796 3996 gentis
827 3921 1074 3978 Iudaica:
1109 3925 1403 3996 impietatis
1441 3921 1730 3996 accusatio,
1762 3936 1810 3980 et
1852 3925 2126 3996 prwdictio

630 3995 912 4057 malorum,
955 4011 1071 4064 qua:
1117 4003 1232 4062 post
1279 3995 1478 4050 Christi
1540 3995 1818 4050 adventum
1853 3995 2124 4049 ’invasura

611 4073 775 4116 erant
803 4081 910 4117 eos.

629 4196 648 4228 ι
683 4176 930 4242 Domine,
965 4177 1224 4232 fortitudo
1257 4193 1397 4240 mea,
1431 4185 1484 4233 et
1525 4179 1794 4234 auxilium
1837 4194 2038 4243 meum,
2069 4186 2124 4233 et

541 4269 828 4341 refugium
867 4287 1044 4326 meum
1075 4273 1130 4326 in
1163 4271 1252 4326 die
1284 4272 1572 4325 malorum.
1601 4269 1679 4326 Ad
1723 4279 1774 4326 te
1815 4279 2006 4342 gentes
2031 4287 2124 4326 ve-

555 4361 726 4422 nient,
754 4361 820 4414 ab
847 4371 1090 4416 extremo
1126 4370 1303 4424 terrae,
1331 4371 1382 4414 et
1413 4361 1594 4414 dicent
1623 4377 1635 4412 :
1675 4359 1808 4416 Vere
1839 4361 1972 4416 falsa
1995 4377 2124 4433 pos-

555 4455 814 4510 sederunt
845 4463 1028 4524 patres
1061 4457 1234 4510 nostri
1266 4455 1578 4520 simulacra,
1611 4465 1665 4510 et
1702 4471 1809 4510 non
1841 4465 1923 4512 est
1949 4457 2002 4510 in
2041 4459 2120 4514 eis

2233 3291 2360 3344 ποία
2393 3290 2539 3342 ἐστὶν
2583 3290 2616 3360 ή
2657 3288 2772 3351 ὁδὸς
2805 3291 2837 3360 ή
2885 3287 3084 3359 ἀγαθὴ,
3113 3287 3207 3342 καὶ
3251 3287 3492 3359 βαδίζετε
3536 3290 3596 3341 ὲν
3635 3290 3804 3362 αὐτῇ,

2231 3382 2326 3436 καὶ
2355 3383 2616 3453 εὑρήσετε
2644 3381 2904 3451 ἁγνισμὸν
2925 3383 3044 3443 ταῖς
3065 3380 3262 3450 ψυχαῖς
3285 3380 3456 3452 ὑμῶν.
3485 3383 3596 3434 Καὶ
3613 3377 3803 3434 εἶπαν·

2229 3474 2304 3528 Οὐ
2367 3471 2761 3544 πορευσόμεθα.
2819 3470 3146 3526 Καθὲστακα
3199 3473 3283 3540 ἐφ’
3337 3473 3482 3542 ὑμᾶς
3537 3473 3800 3534 σκοποὺς,

2228 3566 2498 3622 ἀκούσατε
2525 3566 2622 3636 τῆς
2647 3564 2826 3633 φωνῆς
2855 3565 2956 3634 τῆς
2983 3564 3302 3633 σάλπιγγος,
3335 3565 3428 3618 καὶ
3457 3561 3614 3618 εἶπαν
3635 3582 3651 3594 ·
3689 3566 3804 3617 Οὐκ

2227 3655 2588 3727 ἀκουσόμεθα.
2619 3653 2717 3706 Διά
2751 3655 2908 3707 τοῦτο
2930 3655 3164 3724 ἥκουσαν
3192 3656 3261 3710 τὰ
3291 3656 3440 3728 ἔθνη,
3473 3656 3566 3708 καὶ
3595 3657 3646 3706 οἱ
3681 3672 3801 3708 ποι-

2231 3749 2510 3820 μαίνοντες
2533 3748 2600 3802 τὰ
2627 3749 2852 3820 ποίμνια
2877 3749 2934 3800 ἐν
2962 3748 3163 3810 αὐτοῖς.
3199 3767 3214 3798 ι

2227 3863 2355 3914 KE'.
2395 3859 2525 3913 Ἀπὸ
2549 3860 2655 3914 τοῦ
2679 3861 2968 3914 αὑτοῦ.-
2985 3861 3100 3928 Τῆς
3133 3859 3250 3913 τῶν
3271 3861 3458 3912 ἐθνῶν
3485 3861 3798 3928 εὐσεϐείας

2294 3931 2580 3998 δήλωσις,
2609 3931 2706 3984 καὶ
2735 3931 2845 3998 τῆς
2869 3931 2971 3984 τοῦ
3008 3929 3298 3984 Ἰουδαίων
3319 3934 3531 3996 ἔθνους
3567 3931 3800 3986 619008-

2295 4003 2454 4065 ϐείιις
2469 4002 2806 4069 κατηγορία.
2831 4003 3161 4069 Πρόρῤησις
3183 3999 3248 4052 δὲ
3265 3999 3379 4053 τῶν
3394 4001 3542 4070 μετὰ
3555 4001 3674 4067 τὴν
3695 4001 3800 4056 τοῦ

2293 4071 2548 4139 Χριστοῦ
2564 4071 2902 4138 παρουσίαν
2909 4073 3318 4140 μετελθόντων
3335 4073 3554 4136 αὐτοὺς
3569 4071 3796 4126 κακῶν.

2299 4205 2317 4236 ι
2352 4184 2545 4256 Κύριε,
2592 4185 2744 4254 ἰσχύς
2788 4201 2890 4255 μου
2933 4183 3028 4236 καὶ
3072 4183 3288 4254 βοήθειά
3332 4201 3452 4254 μου,
3497 4185 3591 4238 καὶ
3623 4202 3798 4239 κατα·-

2223 4277 2367 4348 φυγή
2403 4293 2501 4348 μου
2534 4277 2590 4329 ἐν
2611 4276 2792 4348 ἡμέρᾳ
2823 4275 3029 4338 κακῶν,
3057 4275 3191 4346 πρὸς
3227 4277 3284 4328 σὲ
3307 4275 3432 4346 ἔθνη
3458 4277 3680 4346 ἥξουσιν
3702 4277 3795 4330 ἀπ’

2223 4370 2447 4440 ἐσχάτου
2488 4370 2586 4438 τῆς
2616 4369 2742 4438 γῆς,
2770 4369 2862 4422 καὶ
2886 4369 3120 4440 ἐροῦσιν·
3171 4370 3258 4433 Ὠς
3290 4367 3455 4439 ψευδῆ
3497 4371 3798 4440 ἐκτήσαντο

2222 4463 2269 4513 οἱ
2311 4461 2546 4532 πατέρες
2596 4458 2751 4530 ἡμῶν
2789 4459 3004 4524 εἴδωλα,
3043 4461 3137 4513 καὶ
3181 4461 3280 4513 οὑκ
3323 4459 3468 4513 ἔστιν
3517 4461 3574 4512 ὲν
3613 4459 3796 4522 αὐτοῖς

555 4545 762 4598 utilitas
795 4563 808 4598 :
847 4545 894 4600 si
937 4543 1099 4600 faciet
1129 4547 1232 4602 sibi
1263 4545 1424 4600 homo
1457 4547 1608 4606 deos.
1646 4555 1700 4601 et
1742 4547 1794 4600 hi
1843 4563 1951 4602 non
1992 4557 2120 4632 sunt

2232 4551 2476 4622 ὠφέλεια·
2513 4554 2562 4605 εί
2597 4553 2810 4623 ποιήσει
2836 4551 3010 4622 ἑαυτῷ
3032 4551 3314 4624 ἄνθρωπος
3335 4551 3509 4616 θεοὺς,
3533 4552 3628 4604 καὶ
3651 4547 3796 4606 οὗτοι

554 4635 650 4690 dii.
678 4633 883 4692 Idcirco
925 4651 1026 4707 ego
1051 4639 1332 4692 ostendam
1362 4640 1442 4694 eis
1479 4639 1532 4692 in
1566 4645 1808 4708 tempore
1842 4639 1944 4693 hoc
1977 4660 1988 4694 :
2018 4623 2118 4694 ιιὸ-

553 4739 664 4782 tam
711 4728 904 4784 iaciam
947 4730 1026 4786 eis
1073 4747 1292 4786 manum
1323 4748 1520 4794 meam,
1552 4741 1606 4786 et
1639 4731 1889 4786 virtutem
1921 4747 2118 4798 meam,

551 4831 608 4876 et
631 4830 980 4892 cognoscent,
1009 4821 1152 4892 quod
1197 4837 1396 4877 nomen
1437 4821 1572 4876 mihi
1605 4819 1885 4876 Dominus.
1918 4820 2120 4878 Pecca-

542 4921 668 4968 tum
707 4911 846 4968 Jnda
879 4914 1144 4986 scriptum
1177 4923 1261 4972 est
1297 4918 1436 4986 ston
1474 4915 1650 4971 ferreo
1681 4917 1732 4970 in
1768 4931 1944 4986 ungue
1985 4917 2118 4970 ada-

549 5005 818 5066 mantino,
853 5013 1132 5058 exaratum
1172 5022 1335 5076 super
1371 5007 1656 5062 latitudine
1690 5007 1871 5061 cordis
1901 5021 2112 5062 eorum.

547 5093 686 5150 Cum
703 5097 998 5152 recordata
1029 5099 1228 5152 iuerint
1255 5114 1476 5152 nemora
1510 5113 1696 5152 eorum
1733 5099 1786 5152 in
1819 5099 1964 5170 ligno
1985 5115 2118 5154 con-

549 5189 740 5253 denso,
771 5197 824 5244 et
857 5189 912 5243 in
948 5191 1179 5244 collibus
1200 5191 1449 5250 excelsis,
1471 5201 1524 5244 et
1553 5191 1850 5257 montibus,
1877 5193 1929 5245 in
1964 5209 2114 5263 agro.

549 5277 942 5338 Fortitudinem
985 5293 1152 5343 tuam.
1183 5291 1233 5336 et
1267 5283 1554 5337 thesauros
1595 5291 1721 5339 tuos
1759 5285 1812 5338 in
1857 5285 2116 5354 direptio-

551 5389 671 5427 nem
719 5375 881 5440 dabo,
915 5385 966 5430 et
997 5377 1208 5430 excelsa
1258 5383 1372 5438 tua,
1405 5385 1625 5445 propter
1655 5385 1875 5447 peccata
1909 5387 2022 5440 tua,
2057 5376 2112 5431 in

472 5483 482 5530 ·,
548 5469 802 5522 omnibus
859 5469 1058 5523 ﬁnibus
1109 5469 1216 5522 tuis
1247 5487 1258 5522 :
1291 5478 1344 5522 et
1381 5470 1708 5539 relinqueris
1759 5471 1894 5534 sola,
1921 5477 1974 5524 et
2008 5469 2115 5524 hu-

549 5558 844 5614 miliaberis
897 5559 964 5612 ab
1017 5561 1326 5614 lzrereditate
1379 5569 1492 5622 tua,
1535 5577 1699 5630 quam
1735 5562 1860 5617 dedi
1893 5561 2011 5624 tibi,
2065 5572 2116 5618 et

548 5648 752 5702 servire
785 5657 836 5702 te
869 5649 1061 5702 faciam
1097 5647 1330 5702 inimicis
1364 5651 1470 5703 tuis
1511 5651 1562 5703 in
1605 5659 1768 5718 terra,
1804 5667 1966 5722 quam
2007 5667 2112 5706 non

616 5824 661 5856 ’³
685 5821 795 5880 lsa.
821 5839 908 5889 tv,
943 5823 1057 5878 5-5.
1135 5825 1182 5854 τ’
1199 5821 1310 5880 Jer.
1335 5841 1408 5890 vi,
1439 5825 1622 5880 16-18.

2227 4645 2326 4698 οὐκ
2355 4647 2460 4698 είσὶ
2489 4644 2618 4700 θεοί.
2657 4647 2752 4697 Διὰ
2779 4645 2938 4698 τοῦτο
2967 4645 3073 4698 ίδοὺ
3107 4644 3218 4713 ἐγὼ
3243 4645 3399 4711 δείξω
3421 4646 3602 4709 αὐτοῖς
3637 4647 3698 4699 ἐν
3719 4643 3795 4716 τῷ

2228 4733 2403 4806 καιρῷ
2430 4733 2622 4804 τούτῳ,
2664 4734 2880 4805 γνωριῶ
2914 4735 3094 4798 αὐτοῖς
3119 4733 3216 4806 τὴν
3245 4735 3402 4805 χεῖρά
3441 4751 3540 4804 μου
3577 4735 3672 4788 καὶ
3698 4731 3796 4804 τὴν

2225 4823 2450 4894 δύναμίν
2477 4839 2608 4895 μου·
2640 4826 2732 4878 καὶ
2765 4824 3084 4894 γνώσονται,
3123 4826 3206 4878 ὅτι
3235 4825 3402 4895 ὄνομά
3433 4843 3523 4895 μοι
3567 4825 3788 4896 Κύριος.

2237 4917 2506 4988 Ἀμαρτία
2571 4917 2739 4972 Ἰούδα
2795 4918 3164 4990 ἐγγέγραπται
3209 4922 3267 4972 ὲν
3311 4921 3494 4989 γραφῇ
3539 4919 3596 4969 ἐν
3642 4918 3789 4988 ὄνυχι

2222 5007 2587 5078 ἀδαμαντίνιρ,
2639 5009 3087 5080 ὲγκεκολαμμένη
3143 5010 3236 5062 ἐπὶ
3281 5007 3375 5062 τοῦ
3423 5007 3653 5080 στήθους
3695 5009 3789 5079 τῆς

2228 5097 2451 5170 καρδίας
2481 5099 2678 5164 αὐτῶν,
2703 5101 2866 5171 ⁴ἡνίκα
2902 5099 2967 5154 ἂν
3005 5101 3312 5172 μντισθῶσιν
3342 5101 3409 5154 τὰ
3437 5101 3574 5171 ἄλση
3611 5097 3790 5153 αὐτῶν

2225 5190 2316 5242 ἐπὶ
2360 5189 2514 5254 ξύλου
2565 5191 2768 5255 δασέως
2819 5193 2912 5245 καὶ
2961 5193 3050 5244 ἐπὶ
3095 5193 3295 5261 βουνῶν
3344 5191 3652 5263 μετεώρων,
3699 5189 3789 5243 καὶ

2221 5287 2390 5356 ὀρέων
2435 5289 2492 5338 ἐν
2529 5285 2702 5356 ἀγρῷ.
2763 5287 2935 5355 Ἰσχύν
2975 5302 3064 5337 σου
3107 5287 3200 5338 καὶ
3239 5285 3546 5356 θησαυρούς
3581 5299 3672 5338 σου
3712 5283 3788 5344 είς

2221 5379 2499 5450 προνομὴν
2520 5379 2694 5438 δώσω,
2719 5381 2811 5430 καὶ
2835 5377 2902 5430 τά
2943 5377 3122 5447 ὑψηλά
3161 5393 3255 5430 σου
3279 5377 3366 5430 διά
3393 5377 3490 5441 τὰς
3521 5376 3788 5449 ἁμαρτίας

2224 5487 2316 5522 σου
2351 5471 2446 5534 τὰς
2473 5472 2529 5524 ἐν
2565 5473 2695 5523 πᾶσι
2725 5473 2836 5533 τοῖς
2863 5469 3027 5540 ὁρίοις
3058 5486 3150 5522 σου
3171 5487 3183 5498 ·
3215 5472 3308 5524 καὶ
3347 5469 3597 5543 ἀφεθήσῃ
3631 5469 3786 5540 μόνη,

2223 5563 2314 5614 καὶ
2339 5561 2716 5632 ταπεινωθήσῃ
2737 5560 2844 5614 ἀπὸ
2864 5560 2963 5630 τῆς
2991 5559 3350 5631 κληρονομίας
3371 5577 3486 5624 σου,
3519 5555 3586 5632 ἦς
3615 5559 3786 5612 ἔδωκα

2223 5671 2334 5707 σοι’
2373 5655 2466 5708 καί
2501 5651 2890 5707 καταδουλώσει)
2927 5671 2982 5706 σε
3021 5657 3134 5717 τοῖς
3159 5655 3370 5726 ἐχθροῖς
3401 5671 3496 5708 σου
3535 5657 3594 5708 ὲν
3619 5657 3684 5725 τῇ
3717 5651 3782 5722 γῇ
