4018 6508
1209 425 1478 482 EUSEBII
1514 426 1992 483 CESARIENSIS
2028 425 2104 482 ΟΡ

2219 423 2401 480 pass
2437 423 2502 478 ιι.
2541 451 2611 466 -ρ
2647 400 3179 479 ΑΡοιοίιΕτιοΑῗ

3683 419 3780 476 “6

541 535 729 595 XXIX.
770 539 810 593 Α
845 537 1212 595 Malachia.—
1238 539 1516 595 Recusatio
1544 543 1710 610 gentis
1736 541 2010 604 Iudaica.
2058 553 2104 596 et

2207 539 2335 594 KG’.
2370 537 2518 610 Ἀπρ
2549 537 2656 591 τοῦ
2687 531 3476 610 Μαλαχέουρ-ῌαραίτῃσις
3503 529 3613 584 τοῦ
3655 533 3776 610 Ἰου-

609 612 899 678 corporalis
944 613 1172 679 ipsorum
1208 627 1270 664 ea:
1316 611 1422 678 lege
1462 613 1626 666 Mosis
1669 614 1996 667 adorationis
2025 630 2108 666 re-

607 679 784 748 iectio,
813 682 1086 753 spirituali
1128 681 1426 735 introducta
1471 683 1524 736 in
1556 699 1731 736 omnes
1761 693 1934 753 gentes
1975 683 2106 737 ado-

609 753 812 805 ratione
845 767 936 819 per
959 750 1248 808 Christum.

611 904 720 977 56
745 925 765 957 ‹
791 904 908 960 Non
934 911 1018 961 est
1032 919 1150 960 mea
1177 905 1492 960 voluntasin
1511 905 1683 972 vobis,
1698 906 1828 962 dicit
1845 907 2106 964 Dominus

541 999 907 1068 omnipotens,
931 1005 986 1051 et
1013 995 1342 1051 sacrilicium
1373 1013 1478 1050 non
1511 999 1804 1068 suscipiam
1831 999 1898 1054 de
1928 1000 2106 1054 mani-

539 1091 643 1146 bus
666 1089 860 1144 vestris
887 1107 900 1156 ;
937 1091 1193 1158 quoniam
1222 1088 1291 1142 ab
1315 1094 1436 1141 ortu
1463 1090 1614 1154 solis,
1639 1099 1692 1145 et
1724 1105 1896 1161 usque
1919 1091 1985 1146 ad
2015 1105 2107 1146 oc-

539 1197 748 1245 casum,
778 1199 978 1237 nomen
1013 1197 1190 1236 meum
1227 1181 1584 1252 gloriﬁcatum
1617 1192 1701 1239 est
1727 1185 1778 1238 in
1807 1185 2058 1256 gentibus
2087 1204 2104 1238 :

539 1283 592 1329 et
615 1275 667 1328 in
700 1274 849 1328 omni
871 1275 991 1328 loco
1031 1273 1314 1328 incensum
1345 1273 1568 1328 oti'ertur
1601 1275 1808 1330 nomini
1858 1293 2010 1339 meo,
2051 1285 2106 1331 et

542 1367 718 1420 hostia
755 1366 955 1420 munda
987 1385 1001 1418 :
1032 1367 1286 1435 quoniam
1316 1382 1568 1435 magnum
1601 1383 1796 1422 nomen
1841 1384 2016 1422 meum
2047 1369 2103 1422 in

539 1458 811 1528 gentibus,
831 1457 962 1511 dicit
995 1455 1256 1512 Dominus
1279 1458 1642 1529 omnipotens,
1667 1473 1764 1514 vos
1779 1467 1957 1514 autem
1981 1474 2106 1528 pro-

539 1549 734 1603 fanatis
764 1549 894 1602 illud
921 1549 988 1602 ⁸⁸.
1031 1568 1050 1600 ι

539 1649 702 1733 XXX.
746 1660 824 1714 Ab
859 1659 1032 1716 Isaia.
1071 1693 1138 1701 —-
1167 1661 1408 1717 Iudaica:
1437 1664 1602 1733 gentis
1633 1665 1789 1718 ruina
1814 1703 1828 1725 ,
1867 1663 2104 1733 verbique

609 1731 724 1804 Dei,
745 1741 792 1804 et
827 1733 952 1802 legis
983 1749 1141 1804 nova:
1186 1733 1403 1804 ejusque
1439 1731 1632 1787 'domus
1679 1737 1964 1804 divulgatio
1986 1731 2027 1794 ,“
2053 1744 2102 1786 et

607 1803 818 1870 pietatis
851 1803 1080 1855 omnium
1112 1804 1342 1872 gentium
1371 1803 1680 1858 declaratio.

612 1996 630 2027 ι
673 1975 1030 2048 Relinquetur
1057 1980 1165 2034 ﬁlia
1199 1979 1328 2036 Sion
1355 1982 1804 2036 utumbraculum
1839 1983 1888 2036 in
1921 1982 2098 2044 vinea,

537 2077 592 2122 et
617 2069 760 2124 sicut
789 2071 1064 2126 fructuum
1095 2073 1344 2127 custodia
1391 2073 1446 2127 in
1492 2074 1870 2128 cucumerario
1895 2113 1910 2134 ,
1959 2073 2102 2128 sicut

538 2162 732 2218 civitas
793 2164 846 2217 in
895 2163 1178 2220 obsidione
1223 2166 1308 2232 ‘5;
1352 2185 1370 2218 ι
1411 2181 1474 2220 ac
1505 2165 1762 2236 deinceps
1815 2165 2096 2236 adjungit:

536 2253 820 2320 Quomodo
851 2258 990 2311 facta
1023 2265 1109 2312 est
1142 2259 1400 2313 meretrix
1429 2258 1621 2312 civitas
1645 2259 1815 2312 ﬁdelis
1845 2256 2011 2312 Sion?
2045 2258 2098 2310 in

535 2361 643 2416 qua
668 2347 881 2416 justitia
931 2363 1182 2403 somnum
1225 2349 1368 2418 cepit
1412 2351 1466 2404 in
1491 2365 1578 2416 ea,
1614 2365 1758 2405 nunc
1807 2357 1986 2404 autem
2017 2349 2100 2401 in-

537 2437 854 2494 terfectores
885 2441 950 2493 ".
999 2459 1018 2492 ι
1076 2440 1142 2494 Et
1193 2441 1259 2495 ad
1310 2442 1470 2498 haec:
1511 2461 1530 2494 ι
1577 2441 1748 2496 Erunt
1779 2441 1922 2496 enim
1959 2440 2100 2495 sicut

535 2527 876 2584 terebinthus
906 2530 1134 2598 ahjectis
1181 2529 1347 2596 foliis,
1380 2539 1434 2586 et
1473 2533 1616 2587 sicut
1669 2531 1859 2586 hortus
1903 2545 2098 2600 aquam

537 2631 644 2672 non
687 2617 913 2673 habens.
947 2617 1013 2672 Et
1050 2621 1154 2674 erit
1200 2619 1468 2674 fortitudo
1502 2635 1690 2676 eorum
1714 2661 1730 2686 ,
1787 2629 1846 2673 ut
1902 2619 2100 2689 stipula

535 2716 762 2778 stuppae,
807 2719 860 2762 et
890 2719 1132 2778 quaestus
1175 2725 1363 2764 eorum
1387 2750 1402 2774 ,
1447 2718 1507 2764 ut
1549 2711 1797 2766 scintilla:
1835 2710 2016 2782 ignis;
2048 2717 2102 2765 et

536 2800 922 2856 oomburentur
951 2800 1159 2868 iniqui,
1208 2809 1262 2855 et
1315 2809 1626 2869 peccatores
1657 2802 1854 2864 simul,
1903 2809 1958 2856 et
1989 2817 2100 2855 non

537 2889 638 2944 erit
665 2891 758 2961 qui
779 2889 1089 2960 exstinguat
1117 2891 1183 2944 ⁸⁷.
1225 2911 1242 2942 ι
1271 2889 1366 2946 His
1383 2893 1635 2948 omnibus
1665 2893 1943 2963 adjungit:
1983 2913 1999 2946 ι
2036 2893 2100 2947 Et

536 2982 638 3037 erit
663 2983 718 3035 in
751 2981 1064 3037 novissimis
1092 2982 1285 3038 diebus
1315 2983 1638 3038 manifestus
1661 2999 1817 3039 mons
1847 2983 2060 3039 Domini
2081 3025 2097 3048 ,

535 3081 590 3126 et
617 3073 814 3128 domus
845 3072 936 3127 Dei
971 3074 1026 3126 in
1055 3074 1282 3128 summis
1305 3075 1590 3139 montium,
1615 3083 1668 3130 et
1692 3075 1982 3130 extolletur
2008 3092 2101 3131 su-

535 3177 630 3230 per
668 3162 854 3215 colles.
907 3159 974 3212 Et
1019 3162 1236 3216 venient
1287 3161 1352 3216 ad
1383 3179 1504 3218 eum
1547 3179 1737 3220 omnes
1782 3173 2004 3234 gentes:
2045 3173 2099 3220 et

535 3254 694 3308 ibunt
719 3261 905 3321 gentes
937 3253 1118 3306 multm
1145 3261 1198 3306 et
1222 3253 1406 3308 dicent
1432 3274 1444 3308 :
1477 3253 1696 3320 Venite,
1742 3258 2104 3314 aseendamus

535 3345 590 3397 in
635 3352 876 3397 montem
935 3341 1148 3398 Domini
1199 3355 1254 3400 et
1295 3345 1350 3400 in
1392 3347 1612 3400 domum
1647 3347 1744 3403 Dei
1791 3347 1998 3404 Jacob:
2051 3359 2106 3404 et

534 3435 879 3491 annuntiabit
907 3436 1068 3492 nobis
1101 3441 1244 3491 viam
1291 3455 1478 3514 suam,
1522 3451 1577 3496 et
1625 3441 2020 3498 ambulabimus
2049 3444 2106 3498 in

534 3543 616 3583 ea.
649 3527 784 3584 Nam
835 3531 901 3584 de
936 3530 1066 3586 Sion
1099 3533 1267 3588 exibit
1295 3535 1402 3598 lex,
1433 3541 1486 3587 et
1521 3533 1744 3588 verbum
1798 3533 2010 3589 Domini
2037 3537 2104 3590 de

533 3619 831 3677 Jerusalem
861 3641 874 3676 :
907 3630 958 3678 et
985 3623 1256 3692 judicabit
1285 3626 1426 3678 inter
1455 3633 1643 3694 gentes
1670 3625 1734 3678 ⁸⁸.
1779 3645 1798 3676 ›

535 3817 723 3874 XXXI.
767 3821 844 3874 Ab
880 3822 1078 3878 eodem.
1107 3853 1177 3862 ——
1207 3821 1446 3876 Sublatio
1475 3823 1656 3890 gloriae
1677 3823 1856 3890 populi
1885 3823 2103 3876 Judazo-

605 3907 744 3952 rum,
777 3903 826 3944 et
861 3895 1090 3961 gentium
1144 3893 1408 3946 conversio
1461 3909 1492 3944 a
1522 3893 1926 3946 simulacrorum
1959 3895 2102 3946 cultu

607 3962 658 4012 in
679 3961 842 4014 Deum
875 3964 1124 4022 universi.
1145 3973 1190 4015 et
1222 3961 1285 4016 de
1302 3963 1621 4017 desolatione
1639 3961 1987 4016 Iudaicarum
2011 3980 2093 4015 ur-

605 4029 770 4091 bium,
795 4043 845 4086 et
875 4031 938 4086 de
968 4033 1334 4086 incredulitate
1360 4033 1537 4086 eoru'm
1563 4049 1688 4104 erga
1723 4033 1908 4087 Deum.

611 4246 630 4278 σ
667 4225 792 4283 Haec
845 4227 978 4284 dicit
1007 4227 1266 4284 Dominus
1299 4229 1534 4284 Sabaoth
1565 4250 1578 4284 :
1617 4230 1682 4283 Et
1705 4229 1810 4285 erit
1834 4230 2102 4301 quemad-

537 4317 756 4372 modum
788 4320 834 4374 si
863 4319 987 4392 quis
1013 4321 1234 4391 colligat
1263 4323 1464 4392 spicam
1491 4324 1542 4377 in
1561 4323 1806 4377 convalle
1832 4321 2025 4386 solida,
2049 4331 2104 4376 et

531 4409 720 4464 relicta
747 4409 802 4463 in
825 4425 888 4464 ea
921 4411 992 4464 sit
1019 4411 1242 4486 stipula,
1271 4420 1366 4472 aut
1391 4420 1646 4484 tanquam
1677 4414 1724 4468 si
1753 4413 1933 4468 baccae
1953 4413 2106 4467 olivae

531 4498 654 4554 dua:
678 4501 762 4554 vel
799 4507 912 4558 tres
941 4503 996 4556 in
1031 4485 1247 4558 summo
1276 4503 1611 4570 sublimium,
1643 4507 1730 4560 vel
1761 4516 1997 4577 quatuor
2018 4507 2102 4560 vel

533 4591 775 4661 quinque
810 4593 864 4646 in
899 4593 1066 4649 ramis
1105 4610 1294 4650 eorum
1324 4599 1526 4654 relictae
1555 4597 1776 4654 fuerint.
1812 4598 1936 4653 Haec
1969 4599 2102 4653 dicit
2133 4579 2176 4630 θ

535 4687 800 4743 Dominus
837 4689 978 4745 Deus
1008 4689 1174 4746 Israel
1203 4711 1216 4744 :
1249 4689 1343 4746 Die
1383 4693 1474 4746 illa
1503 4693 1785 4752 conﬁdens
1814 4695 1919 4748 erit
1941 4695 2101 4749 homo

535 4783 591 4835 in
619 4795 706 4844 eo,
731 4781 822 4848 qui
854 4779 958 4850 57
983 4779 1109 4835 fecit
1140 4782 1348 4852 ipsum;
1379 4784 1521 4837 oculi
1543 4793 1720 4838 autem
1743 4785 1862 4852 ejus
1889 4784 1954 4838 ad
1977 4801 2104 4840 san-

533 4877 683 4922 ctum
707 4867 870 4922 Israel
895 4871 1204 4940 respicient,
1235 4881 1286 4924 et
1311 4887 1418 4925 non
1442 4871 1716 4927 conﬁdent
1738 4874 1792 4926 in
1818 4873 2102 4936 altaribus,

533 4975 714 5032 neque
761 4963 818 5016 in
843 4963 1098 5031 operibus
1127 4979 1383 5017 manuum
1423 4980 1666 5028 suarum,
1687 4981 1808 5034 qua:
1861 4965 2106 5022 fecerunt

534 5055 685 5126 digiti
711 5057 954 5128 ipsorum
986 5077 998 5112 :
1031 5073 1207 5128 neque
1239 5059 1506 5127 aspicient
1541 5059 1710 5130 ligna,
1744 5071 1796 5114 et
1825 5061 2096 5122 abomina-

537 5147 714 5202 tiones
735 5163 866 5202 suas
913 5149 1001 5204 die
1047 5151 1156 5204 illa.
1222 5148 1395 5204 Erunt
1445 5149 1694 5205 civitates
1725 5161 1830 5206 tuna
1859 5153 2100 5215 relictae.

533 5238 991 5306 quemadmodum
1039 5239 1356 5295 deiecerunt
1384 5241 1686 5295 Amorrhzei
1713 5251 1766 5296 et
1797 5241 1936 5298 Evasi
1967 5259 1996 5296 a
2025 5243 2105 5297 fa-

535 5327 617 5381 cie
647 5327 878 5382 ﬁliorum
912 5331 1096 5394 Israel,
1129 5343 1182 5388 et
1230 5342 1392 5388 erunt
1421 5333 1634 5388 deserta
1667 5354 1679 5388 :
1723 5336 1980 5404 quoniam
2011 5336 2107 5390 de-

536 5421 756 5474 seruisti
789 5419 958 5477 Deum
989 5424 1322 5482 Salvatorem
1355 5436 1530 5492 tuum,
1556 5435 1608 5482 et
1655 5427 1868 5482 Domini
1901 5427 1994 5484 Dei
2025 5429 2104 5482 tui

535 5524 641 5564 non
673 5514 990 5570 recordatus
1021 5531 1101 5570 es.
1147 5517 1438 5588 Propterea
1492 5520 1765 5589 plantabis
1815 5520 2106 5590 plantatio-

535 5617 657 5656 nem
699 5603 968 5660 inﬁdelem
997 5627 1010 5661 :
1047 5623 1370 5680 quacunque
1403 5619 1583 5668 autem
1618 5614 1706 5668 die
1733 5613 2062 5682 plantaveris
2085 5650 2101 5674 ,

531 5694 822 5764 decipieris
857 5699 922 5750 ⁸⁸.
965 5717 984 5750 ι

532 5803 706 5858 “ulla
737 5791 962 5844 ἄπιστον
1009 5809 1022 5820 ·

607 5905 656 5940 ⁸⁵
687 5907 914 5966 Malaeh.
945 5935 982 5974 ι,
1023 5911 1208 5976 ίιῌι.
1286 5913 1331 5946 ’³
1361 5913 1460 5968 lsa.
1492 5931 1526 5978 ι,
1563 5917 1594 5966 8
1693 5913 1896 5970 “ibid.
1937 5916 2024 5972 ‘21.

2277 609 2460 663 δαίων
2480 608 2712 680 ἐθτςους,
2745 609 2840 680 καὶ
2861 598 2970 672 ἶῆς
2993 605 3138 680 κατᾴ
3161 598 3270 680 τῦτς
3305 598 3564 666 Μωσέως
3593 603 3768 680 ῖόιεοξ

2277 671 2844 748 σωματικῆςλαὺτῶγ
2877 671 3197 748 θρησκείας
3234 671 3509 748 ἄρνησις,
3545 671 3656 738 τῆς
3687 671 3773 726 διὸ

2273 741 2530 817 Χρὶστοῦ
2559 741 2706 800 πᾶσι
2735 745 2858 812 τοῖς
2899 741 3098 800 ἔθνεσι
3130 741 3569 810 παραδοθείσης
3601 757 3764 796 πνευ-

2275 817 2534 888 ματικῆς
2564 818 2862 884 λατρείας.

2282 931 2300 962 ε
2347 911 2460 964 Οὐκ
2513 909 2626 962 ἑστι
2677 925 2776 978 μου
2826 907 3038 977 θέλημα
3095 907 3152 957 ὲν
3201 907 3346 974 ἡμῖν,
3395 901 3546 970 λέγει
3579 901 3774 972 Κύριος

2207 1001 2626 1072 παντοκράτωρ,
2679 1001 2771 1052 καὶ
2815 998 3004 1051 θυσίαν
3053 997 3112 1049 οὐ
3159 991 3525 1067 προσδέξομαι
3573 995 3638 1045 ὲκ
3675 993 3774 1046 τῶν

2205 1093 2400 1163 χειρῶν
2432 1090 2620 1162 ὑμῶν’
2659 1089 2792 1142 διότι
2838 1090 2932 1142 ἀπ’
2968 1085 3235 1140 ἀνατολῶν
3279 1084 3431 1154 ἡλίου
3473 1083 3571 1137 καὶ
3619 1083 3773 1156 μέχρι

2203 1183 2422 1254 δυσμῶν
2459 1183 2519 1234 τὸ
2551 1181 2720 1252 δνομά
2753 1197 2850 1251 μου
2879 1179 3184 1244 δεδόξασται
3223 1179 3280 1229 ὲν
3310 1177 3420 1238 τοῖς
3457 1173 3658 1236 ἔθνεσι,
3687 1177 3774 1229 καὶ

2205 1277 2262 1329 ὲν
2315 1276 2478 1329 παντὶ
2525 1275 2676 1342 τόπῳ
2732 1271 2982 1342 θυμίαμα
3039 1270 3370 1342 προσάγεται
3428 1267 3508 1338 τῷ
3558 1267 3772 1338 ὀνόματί

2209 1385 2330 1438 μου,
2359 1367 2452 1419 καὶ
2485 1365 2644 1418 θυσία
2679 1363 2894 1436 καθαρά
2916 1379 2929 1392 ·
2967 1361 3099 1414 διότι
3131 1359 3270 1432 μέγα
3301 1359 3361 1414 τὸ
3387 1358 3564 1432 δνσμά
3593 1377 3692 1430 μου
3720 1362 3772 1413 ὲν

2203 1461 2312 1518 τοῖς
2355 1456 2550 1518 ἔθνεσι,
2597 1455 2748 1523 λέγει
2787 1451 2983 1524 Κύριος
3029 1451 3468 1524 παντοκράτωρο
3521 1452 3682 1523 ὑμεῖς
3721 1453 3772 1508 ἃ

2205 1545 2496 1617 βεϐηλοῦτε
2534 1546 2680 1600 αὑτό.
2727 1566 2745 1597 ι

2201 1661 2281 1715 A'.
2337 1659 2466 1714 Ἀπὸ
2517 1661 2620 1713 τοῦ
2663 1661 2920 1713 Ἡσαΐου.
2950 1689 3015 1698 --
3053 1657 3163 1712 Τοῦ
3223 1658 3518 1712 Ἰουδαίων
3567 1657 3772 1724 ἔθνους

2271 1731 2606 1795 ἀπόπτωσις
2639 1730 2822 1798 λόγου
2865 1746 2928 1782 τε
2970 1728 3137 1792 Θεοῦ,
3185 1729 3282 1780 καὶ
3313 1729 3502 1798 νόμον
3547 1726 3768 1798 atate-03'},

2271 1801 2440 1852 οἴκου
2495 1817 2558 1852 τε
2601 1795 2786 1852 αὑτοῦ
2833 1799 3196 1868 φανέρωσις,
3255 1797 3356 1851 καὶ
3384 1795 3540 1850 ’τῶν
3591 1796 3774 1852 ἐθνῶν

2135 1892 2176 1945 Β
2273 1869 2552 1924 ἁπάντων
2579 1869 2886 1935 εὐσεϐείας
2915 1869 3197 1934 δήλωσις.

2277 1979 2296 2012 ι
2333 1959 2916 2032 Ἐγκαταλειφθήσεται
2961 1962 2994 2030 ἡ
3025 1958 3277 2030 θυγάτηρ
3302 1957 3442 2012 Σιὼν
3481 1957 3560 2022 ὡς
3607 1959 3771 2029 σκηνὴ

2200 2053 2257 2105 ἐν
2289 2049 2588 2121 ἀμπελῶνι,
2635 2049 2730 2102 καὶ
2769 2049 2844 2112 ὠς
2873 2049 3313 2121 ὀπωροφυλάκιον
3345 2051 3404 2101 ὲν
3439 2049 3768 2119 σιχυηράτῳ,

2197 2144 2274 2206 ὡς
2305 2142 2456 2204 πόλις
2485 2140 2934 2213 πολιορκουμένη.
2973 2161 2992 2192 ι
3021 2141 3132 2193 Καὶ
3173 2139 3301 2210 ἑξῆς
3333 2140 3610 2209 ἐπιλέγει·
3657 2139 3776 2204 Πῶς

2201 2233 2414 2302 ἐγένετο
2453 2233 2624 2303 πόρνη
2667 2231 2816 2294 πόλις
2865 2229 3028 2302 πιστὴ
3073 2229 3246 2295 Σιὼν;
3287 2233 3344 2283 ὲν
3465 2229 3770 2301 δικαιοσύνη

2200 2325 2462 2396 ἐκοιμήθη
2495 2327 2550 2376 ἐν
2577 2325 2736 2394 αὐτῇ,
2769 2322 2860 2376 νῦν
2878 2323 2932 2376 δὲ
2949 2320 3214 2392 φονευταί.
3248 2342 3266 2374 ι
3287 2323 3398 2376 Καὶ
3427 2324 3524 2376 ἐπὶ
3551 2323 3770 2387 τούτοιςο

2206 2431 2224 2464 ‹
2251 2415 2500 2466 Ἔσονται
2523 2413 2631 2483 γὰρ
2653 2413 2728 2475 ὡς
2751 2412 3056 2484 τερέϐινθος
3079 2411 3482 2482 ἀποϐεϐληκυῖα
3496 2413 3564 2466 τὰ
3587 2413 3768 2482 φύλλα,

2201 2505 2293 2556 καὶ
2323 2503 2398 2566 ὡς
2429 2503 2752 2573 παράδεισος
2776 2503 2918 2574 ὕδωρ
2945 2503 3018 2574 μὴ
3045 2502 3202 2572 ἔχων.
3239 2503 3347 2556 Ka‘.
3375 2501 3533 2555 ἔσται
3568 2505 3600 2574 ἡ
3631 2505 3772 2574 ἰσχὺς

2201 2594 2378 2646 αὐτῶν
2416 2593 2490 2656 ὡς
2525 2593 2746 2664 καλάμη
2780 2595 3066 2656 στυππίου,
3109 2595 3200 2648 καὶ
3237 2595 3291 2646 αἱ
3321 2594 3578 2665 ἐργασίαι
3605 2595 3774 2648 αὐτῶν

2201 2684 2276 2748 ὼς
2314 2685 2606 2756 σπινθῆρες
2653 2686 2844 2757 πυρὸς,
2877 2686 2970 2739 καὶ
3021 2686 3530 2758 κατακαυθήσονται
3573 2689 3622 2740 οἱ
3659 2689 3774 2742 ἄνο-

2205 2794 2313 2846 μοι,
2341 2777 2434 2829 καὶ
2463 2778 2510 2828 οἱ
2546 2777 2851 2848 ἁμαρτωλοὶ
2885 2777 3015 2847 ἅμα,
3037 2779 3128 2830 καὶ
3144 2778 3242 2830 οὐκ
3269 2777 3418 2831 ἔσται
3443 2780 3474 2831 ὁ
3505 2777 3726 2832 σϐἑσων.
3745 2795 3764 2828 ι

2203 2869 2420 2932 Τούτοις
2459 2868 2657 2922 ἅπασιν
2704 2869 2970 2936 ἐπιλέγει·
2997 2887 3014 2918 ι
3043 2869 3151 2921 Καὶ
3183 2869 3333 2922 ἔσται
3363 2871 3419 2920 ὲν
3449 2873 3574 2933 ταῖς
3613 2868 3764 2938 ὲσχᾶ-

2203 2977 2322 3022 ταις
2361 2958 2597 3030 ἡμέραις
2637 2957 2876 3028 ἐμφανὲς
2921 2957 2981 3009 τὸ
3028 2957 3151 3028 ὅρος
3181 2957 3408 3028 Κυρίου,
3438 2959 3537 3012 καὶ
3577 2961 3606 3011 ό
3633 2953 3770 3020 οἶκος

2201 3049 2294 3104 τοῦ
2345 3049 2478 3102 Θεοῦ
2522 3050 2608 3102 ἐπ’
2657 3050 2840 3120 ἄκρων
2891 3047 2996 3101 τῶν
3043 3049 3232 3119 όρέων,
3289 3050 3382 3102 καὶ
3430 3049 3768 3120 ὑψωθήσεται

2207 3143 2460 3214 ὑπεράνω
2503 3143 2610 3194 τῶν
2654 3141 2876 3212 βουνῶν.
2921 3143 3031 3194 Καὶ
3058 3141 3275 3212 ἥξουσιν
3312 3143 3396 3196 ἐπ’
3435 3143 3571 3196 αὐτὸ
3604 3142 3770 3196 πάντα

2129 3242 2170 3298 c
2203 3233 2273 3286 τὰ
2301 3233 2424 3304 ἔθνη
2445 3250 2458 3263 ·
2505 3234 2599 3286 καὶ
2629 3232 2984 3304 πορεύσονται
3027 3233 3152 3304 ἔθνη
3187 3233 3375 3296 πολλὰ,
3408 3235 3507 3288 xal.
3527 3235 3764 3306 ἐροῦσιν⁸

2206 3325 2390 3390 Δεῦτε,
2421 3327 2514 3379 καὶ
2539 3326 2831 3396 ἅναϐῶμεν
2861 3327 2939 3388 είς
2961 3325 3019 3378 τὸ
3045 3325 3167 3398 ὅρος
3193 3325 3283 3380 τοῦ
3315 3328 3546 3399 Κυρίου,
3583 3328 3672 3380 καὶ
3697 3329 3769 3390 είς

2205 3419 2295 3472 τὸν
2331 3416 2474 3474 οἶκον
2502 3419 2595 3471 τοῦ
2616 3419 2750 3472 Θεοῦ
2786 3417 2978 3472 Ἰακώϐ
3002 3437 3014 3448 ·
3057 3421 3150 3472 καὶ
3191 3421 3482 3490 ἀναγγελεῖ
3521 3423 3648 3492 ἡμῖν
3677 3421 3768 3490 τὴν

2205 3511 2320 3562 ὁδὸν
2372 3509 2570 3574 αὐτοῦ,
2626 3511 2720 3562 καὶ
2779 3510 3154 3580 πορευσόμεθα
3203 3513 3260 3564 ἐν
3303 3512 3460 3583 αὐτῇ.
3522 3513 3616 3566 Ἐκ
3669 3511 3770 3582 γὰρ

2206 3601 2341 3654 Σιὼν
2364 3601 2700 3664 ἐξελεύσεται
2735 3601 2917 3671 νόμος,
2951 3601 3044 3653 καὶ
3071 3601 3226 3670 λόγος
3247 3603 3449 3673 Κυρίου
3480 3603 3540 3670 ἐξ
3581 3605 3766 3674 Ἰερου-

2207 3692 2406 3763 σαλὴμ,
2437 3695 2528 3746 καὶ
2557 3696 2732 3765 κρινεῖ
2757 3692 2859 3746 ἀνὰ
2893 3695 3057 3763 μέσον
3079 3693 3185 3747 τῶν
3207 3695 3397 3748 ἐθνῶν.
3425 3714 3443 3746 ι

2205 3803 2326 3856 AA'.
2383 3806 2510 3856 Ἀπὸ
2556 3805 2668 3874 τοῦ
2709 3805 2914 3858 αὐτοῦ.
2946 3837 3014 3846 -——
3039 3807 3389 3874 Καθαίρεσις
3425 3805 3553 3874 ,τῆς
3593 3803 3767 3874 δόξης

2275 3875 2379 3927 τοῦ
2423 3873 2725 3928 Ἰουδαίων
2750 3874 2924 3936 λαοῦ,
2961 3875 3056 3927 καὶ
3090 3877 3126 3942 ἠ
3156 3873 3274 3926 τῶν
3299 3871 3633 3930 ἐθνῶπάπό
3665 3871 3768 3940 τῆς

2273 3943 2758 4009 εἰδωλολατρείας
2789 3946 3076 4012 ἐπιστρορ
3089 3943 3120 4010 ἡ
3154 3944 3297 4011 πρὸς
3333 3944 3440 3997 τὸν
3466 3945 3586 3998 τῶν
3620 3943 3770 4012 ὅλῳν

2277 4013 2444 4072 Θεὸν,
2488 4012 2558 4065 τά
2589 4029 2650 4065 τε
2683 4015 2812 4080 περὶ
2855 4010 2970 4079 τῆς
3001 4010 3244 4082 ἐρημίας
3279 4013 3395 4066 τῶν
3432 4010 3768 4068 Ἰουδαϊκῶν

2275 4083 2525 4168 πόλεων,
2572 4082 2668 4136 καὶ
2713 4085 2840 4151 περὶ
2875 4082 2986 4150 τῆς
3023 4087 3109 4150 εις
3153 4084 3258 4136 τὸν
3301 4083 3450 4138 Θεὸν
3493 4083 3769 4146 ἀπιστίας

2279 4169 2315 4204 a
2323 4169 2494 4204 υεων.

2281 4261 2300 4293 ι
2329 4241 2463 4295 Τάδε
2510 4243 2654 4311 λέγει
2701 4243 2901 4313 Κύριος
2927 4243 3185 4296 Σαὸαώθθ
3234 4244 3328 4296 καὶ
3366 4241 3520 4296 ἔσται
3561 4243 3619 4295 ὃν
3653 4238 3770 4310 τρό-

2206 4349 2304 4386 πον
2347 4335 2438 4387 ὲάν
2481 4352 2562 4398 τις
2605 4333 2881 4404 συναγάγῃ
2927 4335 3126 4404 στάχυν
3167 4335 3224 4386 ἐν
3267 4335 3514 4406 φάραγγι
3560 4329 3764 4403 στερεᾷ.

2206 4427 2299 4481 καὶ
2328 4425 2656 4497 καταλειφθῇ
2695 4428 2750 4478 ἐν
2781 4427 2915 4497 αὐτῇ
2944 4427 3188 4496 καλάμη,
3220 4426 3253 4497 ἢ
3285 4425 3360 4489 ὡς
3388 4425 3564 4498 ρὦες
3593 4421 3768 4482 ἐλαίας

2204 4518 2298 4572 δύο
2345 4518 2376 4587 ἢ
2421 4521 2567 4588 τρεῖς
2619 4519 2704 4569 ἐπ’
2751 4519 2922 4590 ἄκρου
2983 4517 3310 4589 μετεώρων,
3360 4517 3392 4584 ἦ
3439 4511 3764 4586 τέσσαρεςῆ

2205 4609 2366 4662 πέντε
2405 4608 2636 4660 ἐπὶτῶν
2673 4609 2880 4663 κλάδων
2931 4609 3109 4662 αὐτῶν
3165 4608 3589 4677 καταλειφθῶσι.
3636 4602 3763 4657 Τάδε

2204 4699 2350 4769 λέγει
2395 4700 2598 4771 Κύριος
2644 4701 2822 4765 όΘεδς
2849 4699 2942 4754 τοῦ
2988 4701 3220 4771 Ἰσραήλο
3253 4701 3329 4770 Τῇ
3367 4701 3551 4772 ἡμέρᾳ
3591 4695 3765 4765 ἐκείνῃ

2207 4790 2480 4855 πεποιθὼς
2506 4791 2654 4844 ἔσται
2682 4792 2710 4844 ὁ
2741 4791 3023 4864 ἄνθρωπος
3049 4793 3140 4845 ἐπὶ
3167 4792 3244 4863 τῷ
3277 4794 3557 4864 ποιήσαντι
3591 4785 3761 4842 αὐτόν·

2207 4887 2256 4938 οἱ
2295 4885 2352 4937 δὲ
2387 4883 2652 4954 ὀφθαλμοὶ
2683 4885 2848 4938 αὐτοῦ
2889 4887 2968 4950 είς
3009 4887 3098 4940 τὸν
3139 4886 3291 4954 ἅγιον
3327 4883 3541 4956 Ἰσραὴλ
3575 4877 3760 4952 ἐμϐλέο

2205 4977 2395 5046 ψονται
2414 4994 2427 5006 ’
2461 4977 2555 5030 καὶ
2587 4977 2646 5030 οὐ
2668 4977 2741 5047 μὴ
2773 4977 3089 5042 πεποιθότες
3121 4973 3254 5032 ὦσιν
3285 4977 3377 5030 ἐπὶ
3405 4979 3518 5040 τοῖς
3550 4971 3761 5046 βωμοῖς.

2209 5067 2328 5121 οὕτε
2364 5068 2454 5120 ἐπὶ
2481 5071 2594 5130 τοῖς
2631 5067 2812 5139 ἔργοις
2845 5069 2952 5122 τῶν
2984 5069 3181 5140 χειρῶν
3215 5067 3414 5134 αὐτῶν,
3449 5067 3486 5122 ἃ
3515 5063 3764 5134 ἐποίησαν

2207 5161 2255 5210 οἱ
2275 5157 2522 5212 δάκτυλοι
2551 5159 2730 5210 αὐτῶν
2749 5175 2762 5188 ·
2795 5161 2890 5212 καὶ
2931 5161 3030 5214 οὐκ
3061 5161 3279 5229 ὄψονται
3308 5161 3376 5214 τὰ
3399 5161 3614 5229 δένδρα,
3645 5154 3761 5209 οὔτε

2207 5249 2274 5302 τὰ
2317 5249 2660 5321 βδελύγματα
2703 5250 2881 5305 αὐτῶν
2929 5254 2993 5323 τῇ
3043 5253 3226 5324 ἡμέρᾳ
3273 5253 3475 5324 ἐκείνῃ.
3523 5254 3762 5305 Ἔσονται

2208 5343 2264 5394 αἱ
2287 5341 2470 5406 πόλεις
2505 5359 2598 5395 σου
2627 5341 3202 5412 ἐγκαταλελειμμέναι,
3231 5343 3289 5396 ὃν
3317 5345 3512 5416 τρόπον
3545 5337 3760 5411 ἐγκατέ-

2209 5433 2362 5486 λιπον
2405 5435 2454 5486 οἱ
2504 5435 2816 5506 ’Λμορραῖοι
2873 5434 2968 5486 καὶ
3007 5435 3055 5486 οἱ
3106 5435 3282 5488 Εὺαῖοι
3327 5435 3435 5488 ἀπὸ
3482 5429 3760 5506 προσώπου

2209 5523 2316 5578 τῶν
2351 5525 2480 5576 υἱῶν
2516 5524 2763 5595 Ἰσραήλ·
2799 5525 2891 5578 καὶ
2946 5525 3153 5580 ἔσονται
3182 5525 3374 5597 ἔρημοι
3405 5525 3534 5579 διότι
3579 5524 3764 5590 ἐγκατ-

2211 5613 2394 5679 έλιπες
2425 5616 2516 5668 τὸν
2549 5615 2678 5668 Θεὸν
2731 5615 2822 5670 τὸν
2861 5617 3082 5688 σωτῆρά
3123 5633 3244 5672 σου.
3299 5618 3394 5670 καὶ
3431 5613 3631 5686 Κυρίου
3673 5605 3760 5660 τοῦ

2211 5705 2344 5759 Θεοῦ
2397 5723 2490 5760 σου
2531 5705 2632 5758 οὐκ
2669 5706 2968 5778 ἐμνήσθηςι
3015 5705 3112 5760 Διὰ
3150 5705 3305 5760 τοῦτο
3345 5707 3623 5776 φυτεύσεις
3665 5693 3758 5766 φύ-

1083 5796 1145 5863 7?,
1173 5793 1230 5848 δὲ
1263 5795 1442 5866 ἡμέρᾳ
1563 5795 1628 5850 ἂν
1661 5797 1930 5880 φυτεύσῃς
1983 5797 2320 5880 πλανηθήσῃ,
2357 5817 2376 5850 ι

2101 5918 2144 5948 ’⁸⁷
2171 5919 2302 5975 ἱυίοι.
2337 5920 2426 5976 51.
2503 5919 2546 5950 ³⁸
2569 5919 2674 5974 isa.
2705 5933 2767 5986 ιι,
2795 5917 2912 5974 2-1.

3009 5919 3054 5951 ⁸ο
3089 5917 3188 5976 lsa.
3219 5933 3350 5980 ἕνη,
3387 5913 3533 5972 5-10.
